  <div class='ocr_page' id='page_1' title='image "/cluster/home/n/w/nwhite01/storage/ocr_20150623/145/njp.32101077773149/607.png"; bbox 0 0 1885 3059; ppageno 0'>
   <div class='ocr_carea' id='block_1_1' title="bbox 221 125 273 157">
    <p class='ocr_par' dir='ltr' id='par_1_1' title="bbox 221 125 273 157">
     <span class='ocr_line' id='line_1_1' title="bbox 221 125 273 157; baseline -0.038 0"><span class='ocrx_word' id='word_1_1' title='bbox 221 125 273 157; x_wconf 73' lang='grc'><strong>947</strong></span> 
     </span>
    </p>
   </div>
   <div class='ocr_carea' id='block_1_2' title="bbox 827 123 1233 155">
    <p class='ocr_par' dir='ltr' id='par_1_2' title="bbox 827 123 1233 155">
     <span class='ocr_line' id='line_1_2' title="bbox 827 123 1233 155; baseline 0.002 -1"><span class='ocrx_word' id='word_1_2' title='bbox 827 124 849 154; x_wconf 71' lang='grc' dir='ltr'>Ν</span> <span class='ocrx_word' id='word_1_3' title='bbox 859 123 1043 154; x_wconf 75' lang='lat' dir='ltr'><strong>lCEPlIORl</strong></span> <span class='ocrx_word' id='word_1_4' title='bbox 1062 125 1233 155; x_wconf 78' lang='lat' dir='ltr'><strong>CALLISTI</strong></span> 
     </span>
    </p>
   </div>
   <div class='ocr_carea' id='block_1_3' title="bbox 1790 129 1839 161">
    <p class='ocr_par' dir='ltr' id='par_1_3' title="bbox 1790 129 1839 161">
     <span class='ocr_line' id='line_1_3' title="bbox 1790 129 1839 161; baseline 0.02 -2"><span class='ocrx_word' id='word_1_5' title='bbox 1790 129 1839 161; x_wconf 67' lang='lat'><strong>918</strong></span> 
     </span>
    </p>
   </div>
   <div class='ocr_carea' id='block_1_4' title="bbox 222 178 966 219">
    <p class='ocr_par' dir='ltr' id='par_1_4' title="bbox 222 178 966 213">
     <span class='ocr_line' id='line_1_4' title="bbox 222 178 966 213; baseline -0.005 -4"><span class='ocrx_word' id='word_1_6' title='bbox 222 181 304 210; x_wconf 87' lang='lat' dir='ltr'><strong>annis</strong></span> <span class='ocrx_word' id='word_1_7' title='bbox 316 179 440 208; x_wconf 83' lang='lat' dir='ltr'><strong>Ecclesia</strong></span> <span class='ocrx_word' id='word_1_8' title='bbox 454 179 576 206; x_wconf 81' lang='lat' dir='ltr'><strong>Romana</strong></span> <span class='ocrx_word' id='word_1_9' title='bbox 593 178 796 210; x_wconf 78' lang='lat' dir='ltr'><strong>administrata,</strong></span> <span class='ocrx_word' id='word_1_10' title='bbox 813 184 911 206; x_wconf 76' lang='lat' dir='ltr'><strong>octavo</strong></span> <span class='ocrx_word' id='word_1_11' title='bbox 924 179 966 213; x_wconf 83' lang='lat' dir='ltr'><strong>im|</strong></span> 
     </span>
    </p>
   </div>
   <div class='ocr_carea' id='block_1_5' title="bbox 1093 178 1837 219">
    <p class='ocr_par' dir='ltr' id='par_1_5' title="bbox 1093 179 1837 219">
     <span class='ocr_line' id='line_1_5' title="bbox 1093 179 1837 219; baseline 0.005 -13"><span class='ocrx_word' id='word_1_12' title='bbox 1093 179 1178 214; x_wconf 87' lang='grc' dir='ltr'><strong>’γίνου</strong></span> <span class='ocrx_word' id='word_1_13' title='bbox 1200 180 1230 206; x_wconf 79' lang='grc' dir='ltr'><strong>τὸ</strong></span> <span class='ocrx_word' id='word_1_14' title='bbox 1245 180 1306 216; x_wconf 79' lang='grc' dir='ltr'><strong>ζῇν,</strong></span> <span class='ocrx_word' id='word_1_15' title='bbox 1319 180 1384 212; x_wconf 82' lang='grc' dir='ltr'><strong>Πῖος</strong></span> <span class='ocrx_word' id='word_1_16' title='bbox 1399 180 1450 215; x_wconf 85' lang='grc' dir='ltr'><strong>τὴν</strong></span> <span class='ocrx_word' id='word_1_17' title='bbox 1470 180 1519 216; x_wconf 88' lang='grc' dir='ltr'><strong>τῆς</strong></span> <span class='ocrx_word' id='word_1_18' title='bbox 1547 179 1656 216; x_wconf 83' lang='grc' dir='ltr'><strong>Ῥώμης</strong></span> <span class='ocrx_word' id='word_1_19' title='bbox 1686 182 1837 219; x_wconf 72' lang='grc' dir='ltr'><strong>ἐπισκοπὴν</strong></span> 
     </span>
    </p>
   </div>
   <div class='ocr_carea' id='block_1_6' title="bbox 223 224 1009 260">
    <p class='ocr_par' dir='ltr' id='par_1_6' title="bbox 223 224 1009 260">
     <span class='ocr_line' id='line_1_6' title="bbox 223 224 1009 260; baseline -0.003 -5"><span class='ocrx_word' id='word_1_20' title='bbox 223 227 324 256; x_wconf 80' lang='lat' dir='ltr'><strong>ratoris</strong></span> <span class='ocrx_word' id='word_1_21' title='bbox 340 226 405 254; x_wconf 84' lang='lat' dir='ltr'><strong>Veri</strong></span> <span class='ocrx_word' id='word_1_22' title='bbox 429 233 519 258; x_wconf 84' lang='lat' dir='ltr'><strong>anno,</strong></span> <span class='ocrx_word' id='word_1_23' title='bbox 539 224 629 252; x_wconf 90' lang='lat' dir='ltr'><strong>Soteri</strong></span> <span class='ocrx_word' id='word_1_24' title='bbox 650 233 710 251; x_wconf 80' lang='lat' dir='ltr'><strong>eam</strong></span> <span class='ocrx_word' id='word_1_25' title='bbox 729 225 854 260; x_wconf 80' lang='lat' dir='ltr'><strong>reliquit.</strong></span> <span class='ocrx_word' id='word_1_26' title='bbox 878 225 928 253; x_wconf 88' lang='lat' dir='ltr'><strong>Cui</strong></span> <span class='ocrx_word' id='word_1_27' title='bbox 948 230 1009 260; x_wconf 88' lang='lat' dir='ltr'><strong>post</strong></span> 
     </span>
    </p>
   </div>
   <div class='ocr_carea' id='block_1_7' title="bbox 222 270 1009 304">
    <p class='ocr_par' dir='ltr' id='par_1_7' title="bbox 222 270 1009 304">
     <span class='ocr_line' id='line_1_7' title="bbox 222 270 1009 304; baseline -0.003 -3"><span class='ocrx_word' id='word_1_28' title='bbox 222 280 311 301; x_wconf 86' lang='lat' dir='ltr'><strong>annos</strong></span> <span class='ocrx_word' id='word_1_29' title='bbox 328 276 394 299; x_wconf 87' lang='lat' dir='ltr'><strong>Octo</strong></span> <span class='ocrx_word' id='word_1_30' title='bbox 413 270 580 302; x_wconf 82' lang='lat' dir='ltr'><strong>Eleutherus</strong></span> <span class='ocrx_word' id='word_1_31' title='bbox 597 275 638 297; x_wconf 83' lang='lat' dir='ltr'><strong>est</strong></span> <span class='ocrx_word' id='word_1_32' title='bbox 656 271 788 298; x_wconf 85' lang='lat' dir='ltr'><strong>sull‘ectus</strong></span> <span class='ocrx_word' id='word_1_33' title='bbox 800 291 807 304; x_wconf 85' lang='lat'><strong>,</strong></span> <span class='ocrx_word' id='word_1_34' title='bbox 827 272 1009 299; x_wconf 87' lang='lat' dir='ltr'><strong>duodecimus</strong></span> 
     </span>
    </p>
   </div>
   <div class='ocr_carea' id='block_1_8' title="bbox 221 316 1011 352">
    <p class='ocr_par' dir='ltr' id='par_1_8' title="bbox 221 316 1011 352">
     <span class='ocr_line' id='line_1_8' title="bbox 221 316 1011 352; baseline -0.001 -6"><span class='ocrx_word' id='word_1_35' title='bbox 221 327 236 346; x_wconf 88' lang='lat' dir='ltr'><strong>a</strong></span> <span class='ocrx_word' id='word_1_36' title='bbox 253 320 332 346; x_wconf 84' lang='lat' dir='ltr'><strong>Petro</strong></span> <span class='ocrx_word' id='word_1_37' title='bbox 352 323 509 348; x_wconf 84' lang='lat' dir='ltr'><strong>successor,</strong></span> <span class='ocrx_word' id='word_1_38' title='bbox 535 324 598 343; x_wconf 90' lang='lat' dir='ltr'><strong>cum</strong></span> <span class='ocrx_word' id='word_1_39' title='bbox 625 316 765 344; x_wconf 83' lang='lat' dir='ltr'><strong>decimum</strong></span> <span class='ocrx_word' id='word_1_40' title='bbox 785 318 936 352; x_wconf 88' lang='lat' dir='ltr'><strong>septimum</strong></span> <span class='ocrx_word' id='word_1_41' title='bbox 962 326 1011 345; x_wconf 87' lang='lat' dir='ltr'><strong>an-</strong></span> 
     </span>
    </p>
   </div>
   <div class='ocr_carea' id='block_1_9' title="bbox 221 363 1010 400">
    <p class='ocr_par' dir='ltr' id='par_1_9' title="bbox 221 363 1010 400">
     <span class='ocr_line' id='line_1_9' title="bbox 221 363 1010 400; baseline -0.001 -7"><span class='ocrx_word' id='word_1_42' title='bbox 221 373 288 393; x_wconf 90' lang='lat' dir='ltr'><strong>num</strong></span> <span class='ocrx_word' id='word_1_43' title='bbox 304 364 339 392; x_wconf 84' lang='lat' dir='ltr'><strong>M.</strong></span> <span class='ocrx_word' id='word_1_44' title='bbox 354 364 510 392; x_wconf 72' lang='lat' dir='ltr'><strong>Antoninus</strong></span> <span class='ocrx_word' id='word_1_45' title='bbox 525 363 565 398; x_wconf 80' lang='lat' dir='ltr'><strong>(l)</strong></span> <span class='ocrx_word' id='word_1_46' title='bbox 583 371 645 391; x_wconf 93' lang='lat' dir='ltr'><strong>cum</strong></span> <span class='ocrx_word' id='word_1_47' title='bbox 660 364 716 391; x_wconf 83' lang='lat' dir='ltr'><strong>tilio</strong></span> <span class='ocrx_word' id='word_1_48' title='bbox 730 365 884 392; x_wconf 82' lang='lat' dir='ltr'><strong>Romanum</strong></span> <span class='ocrx_word' id='word_1_49' title='bbox 902 370 1010 400; x_wconf 77' lang='lat' dir='ltr'><strong>regeret</strong></span> 
     </span>
    </p>
   </div>
   <div class='ocr_carea' id='block_1_10' title="bbox 222 409 1010 446">
    <p class='ocr_par' dir='ltr' id='par_1_10' title="bbox 222 409 1010 446">
     <span class='ocr_line' id='line_1_10' title="bbox 222 409 1010 446; baseline 0 -8"><span class='ocrx_word' id='word_1_50' title='bbox 222 411 380 446; x_wconf 88' lang='lat' dir='ltr'><strong>imperium.</strong></span> <span class='ocrx_word' id='word_1_51' title='bbox 393 410 423 437; x_wconf 87' lang='lat' dir='ltr'><strong>ln</strong></span> <span class='ocrx_word' id='word_1_52' title='bbox 435 409 621 437; x_wconf 81' lang='lat' dir='ltr'><strong>Alexandrina</strong></span> <span class='ocrx_word' id='word_1_53' title='bbox 633 411 748 437; x_wconf 78' lang='lat' dir='ltr'><strong>ecclesia</strong></span> <span class='ocrx_word' id='word_1_54' title='bbox 762 411 870 438; x_wconf 85' lang='lat' dir='ltr'><strong>Primus</strong></span> <span class='ocrx_word' id='word_1_55' title='bbox 895 416 1010 445; x_wconf 87' lang='lat' dir='ltr'><strong>qttartus</strong></span> 
     </span>
    </p>
   </div>
   <div class='ocr_carea' id='block_1_11' title="bbox 221 455 1009 490">
    <p class='ocr_par' dir='ltr' id='par_1_11' title="bbox 221 455 1009 490">
     <span class='ocr_line' id='line_1_11' title="bbox 221 455 1009 490; baseline 0 -6"><span class='ocrx_word' id='word_1_56' title='bbox 221 456 256 484; x_wconf 89' lang='lat' dir='ltr'><strong>ab</strong></span> <span class='ocrx_word' id='word_1_57' title='bbox 276 455 410 490; x_wconf 85' lang='lat' dir='ltr'><strong>apostolis</strong></span> <span class='ocrx_word' id='word_1_58' title='bbox 432 455 579 490; x_wconf 88' lang='lat' dir='ltr'><strong>episcopus</strong></span> <span class='ocrx_word' id='word_1_59' title='bbox 613 455 675 483; x_wconf 87' lang='lat' dir='ltr'><strong>fuit.</strong></span> <span class='ocrx_word' id='word_1_60' title='bbox 700 456 749 489; x_wconf 87' lang='lat' dir='ltr'><strong>Ei,</strong></span> <span class='ocrx_word' id='word_1_61' title='bbox 774 463 837 484; x_wconf 90' lang='lat' dir='ltr'><strong>cum</strong></span> <span class='ocrx_word' id='word_1_62' title='bbox 863 456 1009 484; x_wconf 85' lang='lat' dir='ltr'><strong>duodecim</strong></span> 
     </span>
    </p>
   </div>
   <div class='ocr_carea' id='block_1_12' title="bbox 219 502 1009 537">
    <p class='ocr_par' dir='ltr' id='par_1_12' title="bbox 219 502 1009 537">
     <span class='ocr_line' id='line_1_12' title="bbox 219 502 1009 537; baseline 0 -7"><span class='ocrx_word' id='word_1_63' title='bbox 219 510 308 530; x_wconf 83' lang='lat' dir='ltr'><strong>annos</strong></span> <span class='ocrx_word' id='word_1_64' title='bbox 322 502 480 537; x_wconf 80' lang='lat' dir='ltr'><strong>pontificale</strong></span> <span class='ocrx_word' id='word_1_65' title='bbox 495 502 611 530; x_wconf 85' lang='lat' dir='ltr'><strong>obiisset</strong></span> <span class='ocrx_word' id='word_1_66' title='bbox 624 510 735 535; x_wconf 83' lang='lat' dir='ltr'><strong>munus,</strong></span> <span class='ocrx_word' id='word_1_67' title='bbox 755 503 877 530; x_wconf 73' lang='lat' dir='ltr'><strong>Adriano</strong></span> <span class='ocrx_word' id='word_1_68' title='bbox 896 504 1009 531; x_wconf 88' lang='lat' dir='ltr'><strong>tertium</strong></span> 
     </span>
    </p>
   </div>
   <div class='ocr_carea' id='block_1_13' title="bbox 220 548 1010 584">
    <p class='ocr_par' dir='ltr' id='par_1_13' title="bbox 220 548 1010 584">
     <span class='ocr_line' id='line_1_13' title="bbox 220 548 1010 584; baseline 0.001 -8"><span class='ocrx_word' id='word_1_69' title='bbox 220 550 377 584; x_wconf 87' lang='lat' dir='ltr'><strong>imperante</strong></span> <span class='ocrx_word' id='word_1_70' title='bbox 394 555 510 580; x_wconf 80' lang='lat' dir='ltr'><strong>annum,</strong></span> <span class='ocrx_word' id='word_1_71' title='bbox 528 548 624 576; x_wconf 90' lang='lat' dir='ltr'><strong>Justus</strong></span> <span class='ocrx_word' id='word_1_72' title='bbox 639 552 682 576; x_wconf 89' lang='lat' dir='ltr'><strong>est</strong></span> <span class='ocrx_word' id='word_1_73' title='bbox 699 554 871 584; x_wconf 70' lang='lat' dir='ltr'><strong>surrogatus.</strong></span> <span class='ocrx_word' id='word_1_74' title='bbox 889 549 1010 577; x_wconf 87' lang='lat' dir='ltr'><strong>Circiter</strong></span> 
     </span>
    </p>
   </div>
   <div class='ocr_carea' id='block_1_14' title="bbox 220 594 1009 630">
    <p class='ocr_par' dir='ltr' id='par_1_14' title="bbox 220 594 1009 630">
     <span class='ocr_line' id='line_1_14' title="bbox 220 594 1009 630; baseline 0.003 -7"><span class='ocrx_word' id='word_1_75' title='bbox 220 596 416 624; x_wconf 86' lang='lat' dir='ltr'><strong>duodecimum</strong></span> <span class='ocrx_word' id='word_1_76' title='bbox 430 600 521 623; x_wconf 88' lang='lat' dir='ltr'><strong>autem</strong></span> <span class='ocrx_word' id='word_1_77' title='bbox 538 594 662 629; x_wconf 79' lang='lat' dir='ltr'><strong>ejusdem</strong></span> <span class='ocrx_word' id='word_1_78' title='bbox 680 595 787 630; x_wconf 89' lang='lat' dir='ltr'><strong>imperii</strong></span> <span class='ocrx_word' id='word_1_79' title='bbox 804 604 920 630; x_wconf 88' lang='lat' dir='ltr'><strong>annum,</strong></span> <span class='ocrx_word' id='word_1_80' title='bbox 935 605 1009 625; x_wconf 88' lang='lat' dir='ltr'><strong>anno</strong></span> 
     </span>
    </p>
   </div>
   <div class='ocr_carea' id='block_1_15' title="bbox 222 642 1006 678">
    <p class='ocr_par' dir='ltr' id='par_1_15' title="bbox 222 642 1006 678">
     <span class='ocr_line' id='line_1_15' title="bbox 222 642 1006 678; baseline 0 -8"><span class='ocrx_word' id='word_1_81' title='bbox 222 648 352 678; x_wconf 72' lang='lat' dir='ltr'><strong>pmterea</strong></span> <span class='ocrx_word' id='word_1_82' title='bbox 370 650 425 670; x_wconf 91' lang='lat' dir='ltr'><strong>uno</strong></span> <span class='ocrx_word' id='word_1_83' title='bbox 438 646 467 671; x_wconf 87' lang='lat' dir='ltr'><strong>et</strong></span> <span class='ocrx_word' id='word_1_84' title='bbox 480 642 624 670; x_wconf 80' lang='lat' dir='ltr'><strong>mensibus</strong></span> <span class='ocrx_word' id='word_1_85' title='bbox 637 642 743 678; x_wconf 89' lang='lat' dir='ltr'><strong>aliquot</strong></span> <span class='ocrx_word' id='word_1_86' title='bbox 759 642 1006 676; x_wconf 73' lang='lat' dir='ltr'><strong>intercedentibus,</strong></span> 
     </span>
    </p>
   </div>
   <div class='ocr_carea' id='block_1_16' title="bbox 221 688 1009 723">
    <p class='ocr_par' dir='ltr' id='par_1_16' title="bbox 221 688 1009 723">
     <span class='ocr_line' id='line_1_16' title="bbox 221 688 1009 723; baseline 0.001 -7"><span class='ocrx_word' id='word_1_87' title='bbox 221 689 346 717; x_wconf 76' lang='lat' dir='ltr'><strong>ecclesia:</strong></span> <span class='ocrx_word' id='word_1_88' title='bbox 362 688 423 723; x_wconf 83' lang='lat' dir='ltr'><strong>ejus</strong></span> <span class='ocrx_word' id='word_1_89' title='bbox 440 688 711 716; x_wconf 75' lang='lat' dir='ltr'><strong>administrationem</strong></span> <span class='ocrx_word' id='word_1_90' title='bbox 727 689 866 716; x_wconf 84' lang='lat' dir='ltr'><strong>Eumenes</strong></span> <span class='ocrx_word' id='word_1_91' title='bbox 887 695 931 717; x_wconf 83' lang='lat' dir='ltr'><strong>est</strong></span> <span class='ocrx_word' id='word_1_92' title='bbox 949 697 1009 717; x_wconf 83' lang='lat' dir='ltr'><strong>sor-</strong></span> 
     </span>
    </p>
   </div>
   <div class='ocr_carea' id='block_1_17' title="bbox 224 734 1010 770">
    <p class='ocr_par' dir='ltr' id='par_1_17' title="bbox 224 734 1010 770">
     <span class='ocr_line' id='line_1_17' title="bbox 224 734 1010 770; baseline 0.003 -9"><span class='ocrx_word' id='word_1_93' title='bbox 224 734 293 761; x_wconf 85' lang='lat' dir='ltr'><strong>titus</strong></span> <span class='ocrx_word' id='word_1_94' title='bbox 308 754 315 766; x_wconf 90' lang='lat'><strong>,</strong></span> <span class='ocrx_word' id='word_1_95' title='bbox 346 741 409 762; x_wconf 91' lang='lat' dir='ltr'><strong>cum</strong></span> <span class='ocrx_word' id='word_1_96' title='bbox 425 734 538 770; x_wconf 83' lang='lat' dir='ltr'><strong>quidem</strong></span> <span class='ocrx_word' id='word_1_97' title='bbox 553 734 649 763; x_wconf 84' lang='lat' dir='ltr'><strong>Justus</strong></span> <span class='ocrx_word' id='word_1_98' title='bbox 667 734 794 762; x_wconf 85' lang='lat' dir='ltr'><strong>undecim</strong></span> <span class='ocrx_word' id='word_1_99' title='bbox 810 735 835 762; x_wconf 91' lang='lat' dir='ltr'><strong>ei</strong></span> <span class='ocrx_word' id='word_1_100' title='bbox 854 735 1010 770; x_wconf 72' lang='lat' dir='ltr'><strong>pnefuisset</strong></span> 
     </span>
    </p>
   </div>
   <div class='ocr_carea' id='block_1_18' title="bbox 223 779 1009 816">
    <p class='ocr_par' dir='ltr' id='par_1_18' title="bbox 223 779 1009 816">
     <span class='ocr_line' id='line_1_18' title="bbox 223 779 1009 816; baseline 0.003 -10"><span class='ocrx_word' id='word_1_101' title='bbox 223 779 315 807; x_wconf 79' lang='lat' dir='ltr'><strong>annis.</strong></span> <span class='ocrx_word' id='word_1_102' title='bbox 330 779 470 807; x_wconf 86' lang='lat' dir='ltr'><strong>Eumenes</strong></span> <span class='ocrx_word' id='word_1_103' title='bbox 483 787 550 807; x_wconf 86' lang='lat' dir='ltr'><strong>vero</strong></span> <span class='ocrx_word' id='word_1_104' title='bbox 571 779 705 807; x_wconf 86' lang='lat' dir='ltr'><strong>tredecim</strong></span> <span class='ocrx_word' id='word_1_105' title='bbox 724 780 804 807; x_wconf 89' lang='lat' dir='ltr'><strong>annis</strong></span> <span class='ocrx_word' id='word_1_106' title='bbox 818 780 1009 816; x_wconf 81' lang='lat' dir='ltr'><strong>episcopatum</strong></span> 
     </span>
    </p>
   </div>
   <div class='ocr_carea' id='block_1_19' title="bbox 225 825 1009 859">
    <p class='ocr_par' dir='ltr' id='par_1_19' title="bbox 225 825 1009 859">
     <span class='ocr_line' id='line_1_19' title="bbox 225 825 1009 859; baseline 0.001 -7"><span class='ocrx_word' id='word_1_107' title='bbox 225 825 325 853; x_wconf 84' lang='lat' dir='ltr'><strong>tenuit.</strong></span> <span class='ocrx_word' id='word_1_108' title='bbox 339 825 389 853; x_wconf 91' lang='lat' dir='ltr'><strong>Cui</strong></span> <span class='ocrx_word' id='word_1_109' title='bbox 407 825 515 854; x_wconf 88' lang='lat' dir='ltr'><strong>Marcus</strong></span> <span class='ocrx_word' id='word_1_110' title='bbox 527 825 690 859; x_wconf 81' lang='lat' dir='ltr'><strong>succedens,</strong></span> <span class='ocrx_word' id='word_1_111' title='bbox 706 826 803 854; x_wconf 87' lang='lat' dir='ltr'><strong>decem</strong></span> <span class='ocrx_word' id='word_1_112' title='bbox 819 827 901 854; x_wconf 91' lang='lat' dir='ltr'><strong>annis</strong></span> <span class='ocrx_word' id='word_1_113' title='bbox 916 834 1009 854; x_wconf 86' lang='lat' dir='ltr'><strong>curam</strong></span> 
     </span>
    </p>
   </div>
   <div class='ocr_carea' id='block_1_20' title="bbox 223 871 1006 908">
    <p class='ocr_par' dir='ltr' id='par_1_20' title="bbox 223 871 1006 908">
     <span class='ocr_line' id='line_1_20' title="bbox 223 871 1006 908; baseline 0.003 -10"><span class='ocrx_word' id='word_1_114' title='bbox 223 871 388 905; x_wconf 79' lang='lat' dir='ltr'><strong>pastoralem</strong></span> <span class='ocrx_word' id='word_1_115' title='bbox 406 872 510 907; x_wconf 72' lang='lat' dir='ltr'><strong>lgessit.</strong></span> <span class='ocrx_word' id='word_1_116' title='bbox 530 871 621 900; x_wconf 78' lang='lat' dir='ltr'><strong>Marco</strong></span> <span class='ocrx_word' id='word_1_117' title='bbox 645 872 775 900; x_wconf 85' lang='lat' dir='ltr'><strong>Celadion</strong></span> <span class='ocrx_word' id='word_1_118' title='bbox 800 872 942 904; x_wconf 76' lang='lat' dir='ltr'><strong>suﬁ‘ectus.</strong></span> <span class='ocrx_word' id='word_1_119' title='bbox 959 873 1006 908; x_wconf 86' lang='lat' dir='ltr'><strong>qui</strong></span> 
     </span>
    </p>
   </div>
   <div class='ocr_carea' id='block_1_21' title="bbox 223 917 1007 953">
    <p class='ocr_par' dir='ltr' id='par_1_21' title="bbox 223 917 1007 953">
     <span class='ocr_line' id='line_1_21' title="bbox 223 917 1007 953; baseline 0.003 -9"><span class='ocrx_word' id='word_1_120' title='bbox 223 917 432 952; x_wconf 86' lang='lat' dir='ltr'><strong>quatuordecim</strong></span> <span class='ocrx_word' id='word_1_121' title='bbox 456 917 536 945; x_wconf 90' lang='lat' dir='ltr'><strong>annis</strong></span> <span class='ocrx_word' id='word_1_122' title='bbox 559 918 722 953; x_wconf 84' lang='lat' dir='ltr'><strong>episcopatu</strong></span> <span class='ocrx_word' id='word_1_123' title='bbox 745 919 872 949; x_wconf 82' lang='lat' dir='ltr'><strong>functus,</strong></span> <span class='ocrx_word' id='word_1_124' title='bbox 897 925 1007 946; x_wconf 88' lang='lat' dir='ltr'><strong>succes-</strong></span> 
     </span>
    </p>
   </div>
   <div class='ocr_carea' id='block_1_22' title="bbox 223 963 1007 998">
    <p class='ocr_par' dir='ltr' id='par_1_22' title="bbox 223 963 1007 998">
     <span class='ocr_line' id='line_1_22' title="bbox 223 963 1007 998; baseline 0.001 -8"><span class='ocrx_word' id='word_1_125' title='bbox 223 970 313 990; x_wconf 82' lang='lat' dir='ltr'><strong>sorem</strong></span> <span class='ocrx_word' id='word_1_126' title='bbox 330 963 427 990; x_wconf 86' lang='lat' dir='ltr'><strong>habuit</strong></span> <span class='ocrx_word' id='word_1_127' title='bbox 439 963 629 998; x_wconf 78' lang='lat' dir='ltr'><strong>Agrippinum,</strong></span> <span class='ocrx_word' id='word_1_128' title='bbox 642 971 748 990; x_wconf 89' lang='lat' dir='ltr'><strong>nonum</strong></span> <span class='ocrx_word' id='word_1_129' title='bbox 762 964 884 991; x_wconf 64' lang='lat' dir='ltr'><strong>ecclesia;</strong></span> <span class='ocrx_word' id='word_1_130' title='bbox 898 964 958 998; x_wconf 83' lang='lat' dir='ltr'><strong>ejus</strong></span> <span class='ocrx_word' id='word_1_131' title='bbox 972 965 1007 991; x_wconf 89' lang='lat' dir='ltr'><strong>ab</strong></span> 
     </span>
    </p>
   </div>
   <div class='ocr_carea' id='block_1_23' title="bbox 223 1008 1009 1044">
    <p class='ocr_par' dir='ltr' id='par_1_23' title="bbox 223 1008 1009 1044">
     <span class='ocr_line' id='line_1_23' title="bbox 223 1008 1009 1044; baseline 0.001 -9"><span class='ocrx_word' id='word_1_132' title='bbox 223 1009 353 1044; x_wconf 84' lang='lat' dir='ltr'><strong>apostolis</strong></span> <span class='ocrx_word' id='word_1_133' title='bbox 369 1009 542 1044; x_wconf 81' lang='lat' dir='ltr'><strong>episcopum.</strong></span> <span class='ocrx_word' id='word_1_134' title='bbox 563 1009 642 1044; x_wconf 84' lang='lat' dir='ltr'><strong>Apud</strong></span> <span class='ocrx_word' id='word_1_135' title='bbox 663 1009 852 1037; x_wconf 78' lang='lat' dir='ltr'><strong>Antiochenns</strong></span> <span class='ocrx_word' id='word_1_136' title='bbox 878 1013 939 1043; x_wconf 89' lang='lat' dir='ltr'><strong>post</strong></span> <span class='ocrx_word' id='word_1_137' title='bbox 954 1008 1009 1036; x_wconf 85' lang='lat' dir='ltr'><strong>lle-</strong></span> 
     </span>
    </p>
   </div>
   <div class='ocr_carea' id='block_1_24' title="bbox 224 1055 1008 1091">
    <p class='ocr_par' dir='ltr' id='par_1_24' title="bbox 224 1055 1008 1091">
     <span class='ocr_line' id='line_1_24' title="bbox 224 1055 1008 1091; baseline 0 -9"><span class='ocrx_word' id='word_1_138' title='bbox 224 1062 319 1083; x_wconf 88' lang='lat' dir='ltr'><strong>ronem</strong></span> <span class='ocrx_word' id='word_1_139' title='bbox 351 1056 496 1084; x_wconf 83' lang='lat' dir='ltr'><strong>ecclesiam</strong></span> <span class='ocrx_word' id='word_1_140' title='bbox 525 1056 598 1084; x_wconf 86' lang='lat' dir='ltr'><strong>rexit</strong></span> <span class='ocrx_word' id='word_1_141' title='bbox 631 1056 787 1084; x_wconf 82' lang='lat' dir='ltr'><strong>Cornelius.</strong></span> <span class='ocrx_word' id='word_1_142' title='bbox 814 1055 883 1084; x_wconf 84' lang='lat' dir='ltr'><strong>lluic</strong></span> <span class='ocrx_word' id='word_1_143' title='bbox 909 1056 1008 1091; x_wconf 89' lang='lat' dir='ltr'><strong>quinto</strong></span> 
     </span>
    </p>
   </div>
   <div class='ocr_carea' id='block_1_25' title="bbox 224 1100 1007 1136">
    <p class='ocr_par' dir='ltr' id='par_1_25' title="bbox 224 1100 1007 1136">
     <span class='ocr_line' id='line_1_25' title="bbox 224 1100 1007 1136; baseline 0 -10"><span class='ocrx_word' id='word_1_144' title='bbox 224 1100 383 1135; x_wconf 66' lang='lat' dir='ltr'><strong>apostolicae</strong></span> <span class='ocrx_word' id='word_1_145' title='bbox 408 1101 591 1129; x_wconf 83' lang='lat' dir='ltr'><strong>successionis</strong></span> <span class='ocrx_word' id='word_1_146' title='bbox 611 1101 697 1136; x_wconf 79' lang='lat' dir='ltr'><strong>gradu</strong></span> <span class='ocrx_word' id='word_1_147' title='bbox 716 1101 783 1129; x_wconf 73' lang='lat' dir='ltr'><strong>liros</strong></span> <span class='ocrx_word' id='word_1_148' title='bbox 799 1101 827 1128; x_wconf 93' lang='lat' dir='ltr'><strong>in</strong></span> <span class='ocrx_word' id='word_1_149' title='bbox 845 1101 1007 1136; x_wconf 77' lang='lat' dir='ltr'><strong>episcopatu</strong></span> 
     </span>
    </p>
   </div>
   <div class='ocr_carea' id='block_1_26' title="bbox 224 1147 1009 1182">
    <p class='ocr_par' dir='ltr' id='par_1_26' title="bbox 224 1147 1009 1182">
     <span class='ocr_line' id='line_1_26' title="bbox 224 1147 1009 1182; baseline 0.001 -9"><span class='ocrx_word' id='word_1_150' title='bbox 224 1147 359 1175; x_wconf 87' lang='lat' dir='ltr'><strong>successit</strong></span> <span class='ocrx_word' id='word_1_151' title='bbox 372 1156 379 1174; x_wconf 91' lang='lat'><strong>:</strong></span> <span class='ocrx_word' id='word_1_152' title='bbox 394 1147 496 1175; x_wconf 89' lang='lat' dir='ltr'><strong>deinde</strong></span> <span class='ocrx_word' id='word_1_153' title='bbox 510 1152 605 1175; x_wconf 73' lang='lat' dir='ltr'><strong>sextus</strong></span> <span class='ocrx_word' id='word_1_154' title='bbox 620 1147 804 1182; x_wconf 83' lang='lat' dir='ltr'><strong>Theophilus,</strong></span> <span class='ocrx_word' id='word_1_155' title='bbox 818 1152 845 1175; x_wconf 91' lang='lat' dir='ltr'><strong>et</strong></span> <span class='ocrx_word' id='word_1_156' title='bbox 858 1151 920 1182; x_wconf 85' lang='lat' dir='ltr'><strong>post</strong></span> <span class='ocrx_word' id='word_1_157' title='bbox 934 1149 1009 1174; x_wconf 92' lang='lat' dir='ltr'><strong>hunc</strong></span> 
     </span>
    </p>
   </div>
   <div class='ocr_carea' id='block_1_27' title="bbox 225 1193 1008 1228">
    <p class='ocr_par' dir='ltr' id='par_1_27' title="bbox 225 1193 1008 1228">
     <span class='ocr_line' id='line_1_27' title="bbox 225 1193 1008 1228; baseline 0.001 -9"><span class='ocrx_word' id='word_1_158' title='bbox 225 1193 359 1228; x_wconf 89' lang='lat' dir='ltr'><strong>septimus</strong></span> <span class='ocrx_word' id='word_1_159' title='bbox 379 1194 413 1221; x_wconf 84' lang='lat' dir='ltr'><strong>ab</strong></span> <span class='ocrx_word' id='word_1_160' title='bbox 428 1193 567 1228; x_wconf 83' lang='lat' dir='ltr'><strong>Apostolis</strong></span> <span class='ocrx_word' id='word_1_161' title='bbox 588 1193 763 1221; x_wconf 79' lang='lat' dir='ltr'><strong>Maximinus.</strong></span> <span class='ocrx_word' id='word_1_162' title='bbox 782 1193 1008 1228; x_wconf 80' lang='lat' dir='ltr'><strong>Hierosolymita-</strong></span> 
     </span>
    </p>
   </div>
   <div class='ocr_carea' id='block_1_28' title="bbox 224 1240 1010 1275">
    <p class='ocr_par' dir='ltr' id='par_1_28' title="bbox 224 1240 1010 1275">
     <span class='ocr_line' id='line_1_28' title="bbox 224 1240 1010 1275; baseline 0 -9"><span class='ocrx_word' id='word_1_163' title='bbox 224 1246 322 1266; x_wconf 88' lang='lat' dir='ltr'><strong>norum</strong></span> <span class='ocrx_word' id='word_1_164' title='bbox 343 1244 436 1267; x_wconf 91' lang='lat' dir='ltr'><strong>autem</strong></span> <span class='ocrx_word' id='word_1_165' title='bbox 458 1240 654 1275; x_wconf 85' lang='lat' dir='ltr'><strong>episcoporum</strong></span> <span class='ocrx_word' id='word_1_166' title='bbox 678 1244 799 1275; x_wconf 86' lang='lat' dir='ltr'><strong>tempora</strong></span> <span class='ocrx_word' id='word_1_167' title='bbox 815 1240 917 1267; x_wconf 84' lang='lat' dir='ltr'><strong>litteris</strong></span> <span class='ocrx_word' id='word_1_168' title='bbox 933 1247 1010 1266; x_wconf 88' lang='lat' dir='ltr'><strong>man-</strong></span> 
     </span>
    </p>
   </div>
   <div class='ocr_carea' id='block_1_29' title="bbox 223 1284 1009 1320">
    <p class='ocr_par' dir='ltr' id='par_1_29' title="bbox 223 1284 1009 1320">
     <span class='ocr_line' id='line_1_29' title="bbox 223 1284 1009 1320; baseline 0.001 -9"><span class='ocrx_word' id='word_1_169' title='bbox 223 1284 286 1312; x_wconf 83' lang='lat' dir='ltr'><strong>data</strong></span> <span class='ocrx_word' id='word_1_170' title='bbox 305 1293 359 1312; x_wconf 91' lang='lat' dir='ltr'><strong>non</strong></span> <span class='ocrx_word' id='word_1_171' title='bbox 382 1290 457 1319; x_wconf 90' lang='lat' dir='ltr'><strong>sunt,</strong></span> <span class='ocrx_word' id='word_1_172' title='bbox 473 1293 545 1320; x_wconf 86' lang='lat' dir='ltr'><strong>quos</strong></span> <span class='ocrx_word' id='word_1_173' title='bbox 567 1286 661 1313; x_wconf 86' lang='lat' dir='ltr'><strong>brevis</strong></span> <span class='ocrx_word' id='word_1_174' title='bbox 681 1285 830 1313; x_wconf 87' lang='lat' dir='ltr'><strong>admodum</strong></span> <span class='ocrx_word' id='word_1_175' title='bbox 852 1285 902 1313; x_wconf 72' lang='grc' dir='ltr'><strong>ιενί</strong></span> <span class='ocrx_word' id='word_1_176' title='bbox 924 1285 1009 1313; x_wconf 84' lang='lat' dir='ltr'><strong>luisse</strong></span> 
     </span>
    </p>
   </div>
   <div class='ocr_carea' id='block_1_30' title="bbox 223 1330 1009 1366">
    <p class='ocr_par' dir='ltr' id='par_1_30' title="bbox 223 1330 1009 1366">
     <span class='ocr_line' id='line_1_30' title="bbox 223 1330 1009 1366; baseline 0 -8"><span class='ocrx_word' id='word_1_177' title='bbox 223 1335 343 1365; x_wconf 80' lang='lat' dir='ltr'><strong>constat,</strong></span> <span class='ocrx_word' id='word_1_178' title='bbox 356 1331 516 1366; x_wconf 88' lang='lat' dir='ltr'><strong>quindecim</strong></span> <span class='ocrx_word' id='word_1_179' title='bbox 533 1339 565 1359; x_wconf 86' lang='lat' dir='ltr'><strong>ex</strong></span> <span class='ocrx_word' id='word_1_180' title='bbox 584 1331 692 1364; x_wconf 86' lang='lat' dir='ltr'><strong>ordine,</strong></span> <span class='ocrx_word' id='word_1_181' title='bbox 708 1336 737 1358; x_wconf 89' lang='lat' dir='ltr'><strong>ut</strong></span> <span class='ocrx_word' id='word_1_182' title='bbox 749 1330 859 1365; x_wconf 90' lang='lat' dir='ltr'><strong>quidem</strong></span> <span class='ocrx_word' id='word_1_183' title='bbox 878 1330 1009 1358; x_wconf 87' lang='lat' dir='ltr'><strong>memoria</strong></span> 
     </span>
    </p>
   </div>
   <div class='ocr_carea' id='block_1_31' title="bbox 223 1376 1008 1412">
    <p class='ocr_par' dir='ltr' id='par_1_31' title="bbox 223 1376 1008 1412">
     <span class='ocr_line' id='line_1_31' title="bbox 223 1376 1008 1412; baseline -0.001 -8"><span class='ocrx_word' id='word_1_184' title='bbox 223 1378 284 1405; x_wconf 84' lang='lat' dir='ltr'><strong>sine</strong></span> <span class='ocrx_word' id='word_1_185' title='bbox 299 1377 404 1412; x_wconf 87' lang='lat' dir='ltr'><strong>scripto</strong></span> <span class='ocrx_word' id='word_1_186' title='bbox 416 1383 458 1405; x_wconf 88' lang='lat' dir='ltr'><strong>est</strong></span> <span class='ocrx_word' id='word_1_187' title='bbox 473 1377 623 1412; x_wconf 84' lang='lat' dir='ltr'><strong>proditum.</strong></span> <span class='ocrx_word' id='word_1_188' title='bbox 639 1377 766 1404; x_wconf 84' lang='lat' dir='ltr'><strong>Hebraici</strong></span> <span class='ocrx_word' id='word_1_189' title='bbox 779 1376 888 1412; x_wconf 75' lang='lat' dir='ltr'><strong>generis</strong></span> <span class='ocrx_word' id='word_1_190' title='bbox 901 1384 1008 1409; x_wconf 87' lang='lat' dir='ltr'><strong>omnes,</strong></span> 
     </span>
    </p>
   </div>
   <div class='ocr_carea' id='block_1_32' title="bbox 223 1423 1010 1459">
    <p class='ocr_par' dir='ltr' id='par_1_32' title="bbox 223 1423 1010 1459">
     <span class='ocr_line' id='line_1_32' title="bbox 223 1423 1010 1459; baseline -0.001 -9"><span class='ocrx_word' id='word_1_191' title='bbox 223 1428 355 1459; x_wconf 86' lang='lat' dir='ltr'><strong>recteque</strong></span> <span class='ocrx_word' id='word_1_192' title='bbox 369 1423 459 1451; x_wconf 85' lang='lat' dir='ltr'><strong>cilicio</strong></span> <span class='ocrx_word' id='word_1_193' title='bbox 482 1430 532 1450; x_wconf 91' lang='lat' dir='ltr'><strong>suo</strong></span> <span class='ocrx_word' id='word_1_194' title='bbox 544 1423 670 1455; x_wconf 86' lang='lat' dir='ltr'><strong>functos,</strong></span> <span class='ocrx_word' id='word_1_195' title='bbox 692 1423 765 1458; x_wconf 88' lang='lat' dir='ltr'><strong>quod</strong></span> <span class='ocrx_word' id='word_1_196' title='bbox 780 1423 882 1450; x_wconf 84' lang='lat' dir='ltr'><strong>Christi</strong></span> <span class='ocrx_word' id='word_1_197' title='bbox 905 1423 1010 1450; x_wconf 92' lang='lat' dir='ltr'><strong>doctri-</strong></span> 
     </span>
    </p>
   </div>
   <div class='ocr_carea' id='block_1_33' title="bbox 224 1469 1010 1504">
    <p class='ocr_par' dir='ltr' id='par_1_33' title="bbox 224 1469 1010 1504">
     <span class='ocr_line' id='line_1_33' title="bbox 224 1469 1010 1504; baseline 0 -8"><span class='ocrx_word' id='word_1_198' title='bbox 224 1477 286 1497; x_wconf 89' lang='lat' dir='ltr'><strong>nam</strong></span> <span class='ocrx_word' id='word_1_199' title='bbox 309 1475 337 1497; x_wconf 87' lang='lat' dir='ltr'><strong>et</strong></span> <span class='ocrx_word' id='word_1_200' title='bbox 361 1469 562 1504; x_wconf 80' lang='lat' dir='ltr'><strong>professionem</strong></span> <span class='ocrx_word' id='word_1_201' title='bbox 592 1469 678 1504; x_wconf 88' lang='lat' dir='ltr'><strong>probe</strong></span> <span class='ocrx_word' id='word_1_202' title='bbox 705 1469 857 1501; x_wconf 85' lang='lat' dir='ltr'><strong>tenuerint;</strong></span> <span class='ocrx_word' id='word_1_203' title='bbox 882 1476 943 1503; x_wconf 65' lang='lat' dir='ltr'><strong>quae</strong></span> <span class='ocrx_word' id='word_1_204' title='bbox 967 1475 1010 1496; x_wconf 87' lang='lat' dir='ltr'><strong>res</strong></span> 
     </span>
    </p>
   </div>
   <div class='ocr_carea' id='block_1_34' title="bbox 224 1515 1010 1550">
    <p class='ocr_par' dir='ltr' id='par_1_34' title="bbox 224 1515 1010 1550">
     <span class='ocr_line' id='line_1_34' title="bbox 224 1515 1010 1550; baseline -0.003 -7"><span class='ocrx_word' id='word_1_205' title='bbox 224 1515 327 1548; x_wconf 77' lang='lat' dir='ltr'><strong>effecit.</strong></span> <span class='ocrx_word' id='word_1_206' title='bbox 346 1519 376 1542; x_wconf 91' lang='lat' dir='ltr'><strong>ut</strong></span> <span class='ocrx_word' id='word_1_207' title='bbox 391 1516 424 1543; x_wconf 88' lang='lat' dir='ltr'><strong>ad</strong></span> <span class='ocrx_word' id='word_1_208' title='bbox 440 1515 630 1550; x_wconf 83' lang='lat' dir='ltr'><strong>episcopatum</strong></span> <span class='ocrx_word' id='word_1_209' title='bbox 646 1523 709 1542; x_wconf 91' lang='lat' dir='ltr'><strong>eum</strong></span> <span class='ocrx_word' id='word_1_210' title='bbox 726 1515 760 1541; x_wconf 87' lang='lat' dir='ltr'><strong>ab</strong></span> <span class='ocrx_word' id='word_1_211' title='bbox 778 1515 893 1542; x_wconf 83' lang='lat' dir='ltr'><strong>ecclesia</strong></span> <span class='ocrx_word' id='word_1_212' title='bbox 914 1515 1010 1542; x_wconf 86' lang='lat' dir='ltr'><strong>Hiero-</strong></span> 
     </span>
    </p>
   </div>
   <div class='ocr_carea' id='block_1_35' title="bbox 224 1561 1009 1597">
    <p class='ocr_par' dir='ltr' id='par_1_35' title="bbox 224 1561 1009 1597">
     <span class='ocr_line' id='line_1_35' title="bbox 224 1561 1009 1597; baseline -0.001 -9"><span class='ocrx_word' id='word_1_213' title='bbox 224 1562 400 1597; x_wconf 84' lang='lat' dir='ltr'><strong>solymitana,</strong></span> <span class='ocrx_word' id='word_1_214' title='bbox 418 1570 479 1597; x_wconf 65' lang='lat' dir='ltr'><strong>qua:</strong></span> <span class='ocrx_word' id='word_1_215' title='bbox 496 1563 530 1590; x_wconf 84' lang='lat' dir='ltr'><strong>ab</strong></span> <span class='ocrx_word' id='word_1_216' title='bbox 547 1562 737 1596; x_wconf 82' lang='lat' dir='ltr'><strong>apostolorum</strong></span> <span class='ocrx_word' id='word_1_217' title='bbox 755 1567 878 1596; x_wconf 88' lang='lat' dir='ltr'><strong>tempore</strong></span> <span class='ocrx_word' id='word_1_218' title='bbox 893 1569 927 1588; x_wconf 87' lang='lat' dir='ltr'><strong>ex</strong></span> <span class='ocrx_word' id='word_1_219' title='bbox 941 1561 1009 1588; x_wconf 87' lang='lat' dir='ltr'><strong>lide-</strong></span> 
     </span>
    </p>
   </div>
   <div class='ocr_carea' id='block_1_36' title="bbox 225 1607 1010 1640">
    <p class='ocr_par' dir='ltr' id='par_1_36' title="bbox 225 1607 1010 1640">
     <span class='ocr_line' id='line_1_36' title="bbox 225 1607 1010 1640; baseline -0.003 -6"><span class='ocrx_word' id='word_1_220' title='bbox 225 1607 299 1634; x_wconf 89' lang='lat' dir='ltr'><strong>libus</strong></span> <span class='ocrx_word' id='word_1_221' title='bbox 311 1607 414 1635; x_wconf 71' lang='lat' dir='ltr'><strong>Judazis</strong></span> <span class='ocrx_word' id='word_1_222' title='bbox 428 1607 484 1635; x_wconf 85' lang='lat' dir='ltr'><strong>fere</strong></span> <span class='ocrx_word' id='word_1_223' title='bbox 499 1612 554 1635; x_wconf 86' lang='lat' dir='ltr'><strong>tota</strong></span> <span class='ocrx_word' id='word_1_224' title='bbox 567 1607 723 1640; x_wconf 88' lang='lat' dir='ltr'><strong>constabat,</strong></span> <span class='ocrx_word' id='word_1_225' title='bbox 735 1612 762 1633; x_wconf 88' lang='lat' dir='ltr'><strong>et</strong></span> <span class='ocrx_word' id='word_1_226' title='bbox 776 1614 862 1640; x_wconf 89' lang='lat' dir='ltr'><strong>usque</strong></span> <span class='ocrx_word' id='word_1_227' title='bbox 873 1607 906 1633; x_wconf 87' lang='lat' dir='ltr'><strong>ad</strong></span> <span class='ocrx_word' id='word_1_228' title='bbox 918 1610 1010 1633; x_wconf 84' lang='lat' dir='ltr'><strong>extre-</strong></span> 
     </span>
    </p>
   </div>
   <div class='ocr_carea' id='block_1_37' title="bbox 227 1653 1010 1688">
    <p class='ocr_par' dir='ltr' id='par_1_37' title="bbox 227 1653 1010 1688">
     <span class='ocr_line' id='line_1_37' title="bbox 227 1653 1010 1688; baseline -0.001 -8"><span class='ocrx_word' id='word_1_229' title='bbox 227 1661 298 1680; x_wconf 89' lang='lat' dir='ltr'><strong>mam</strong></span> <span class='ocrx_word' id='word_1_230' title='bbox 313 1653 486 1681; x_wconf 89' lang='lat' dir='ltr'><strong>obsidionem</strong></span> <span class='ocrx_word' id='word_1_231' title='bbox 503 1653 689 1688; x_wconf 86' lang='lat' dir='ltr'><strong>perdurabat.</strong></span> <span class='ocrx_word' id='word_1_232' title='bbox 705 1653 759 1680; x_wconf 89' lang='lat' dir='ltr'><strong>sint</strong></span> <span class='ocrx_word' id='word_1_233' title='bbox 777 1653 889 1680; x_wconf 85' lang='lat' dir='ltr'><strong>delecti.</strong></span> <span class='ocrx_word' id='word_1_234' title='bbox 907 1653 1010 1680; x_wconf 89' lang='lat' dir='ltr'><strong>Eorum</strong></span> 
     </span>
    </p>
   </div>
   <div class='ocr_carea' id='block_1_38' title="bbox 225 1698 1012 1735">
    <p class='ocr_par' dir='ltr' id='par_1_38' title="bbox 225 1698 1012 1735">
     <span class='ocr_line' id='line_1_38' title="bbox 225 1698 1012 1735; baseline -0.001 -9"><span class='ocrx_word' id='word_1_235' title='bbox 225 1701 319 1734; x_wconf 79' lang='lat' dir='ltr'><strong>itaque</strong></span> <span class='ocrx_word' id='word_1_236' title='bbox 331 1699 527 1735; x_wconf 89' lang='lat' dir='ltr'><strong>episcoporum</strong></span> <span class='ocrx_word' id='word_1_237' title='bbox 541 1700 587 1734; x_wconf 91' lang='lat' dir='ltr'><strong>qui</strong></span> <span class='ocrx_word' id='word_1_238' title='bbox 602 1707 634 1726; x_wconf 86' lang='lat' dir='ltr'><strong>ex</strong></span> <span class='ocrx_word' id='word_1_239' title='bbox 649 1699 863 1727; x_wconf 78' lang='lat' dir='ltr'><strong>circumcisione</strong></span> <span class='ocrx_word' id='word_1_240' title='bbox 876 1698 1012 1726; x_wconf 83' lang='lat' dir='ltr'><strong>Christia-</strong></span> 
     </span>
    </p>
   </div>
   <div class='ocr_carea' id='block_1_39' title="bbox 228 1744 1013 1782">
    <p class='ocr_par' dir='ltr' id='par_1_39' title="bbox 228 1744 1013 1782">
     <span class='ocr_line' id='line_1_39' title="bbox 228 1744 1013 1782; baseline -0.003 -9"><span class='ocrx_word' id='word_1_241' title='bbox 228 1754 292 1774; x_wconf 89' lang='lat' dir='ltr'><strong>nam</strong></span> <span class='ocrx_word' id='word_1_242' title='bbox 315 1746 515 1782; x_wconf 82' lang='lat' dir='ltr'><strong>professionem</strong></span> <span class='ocrx_word' id='word_1_243' title='bbox 539 1746 591 1772; x_wconf 90' lang='lat' dir='ltr'><strong>rite</strong></span> <span class='ocrx_word' id='word_1_244' title='bbox 606 1749 670 1773; x_wconf 89' lang='lat' dir='ltr'><strong>sunt</strong></span> <span class='ocrx_word' id='word_1_245' title='bbox 691 1745 844 1780; x_wconf 78' lang='lat' dir='ltr'><strong>complexi,</strong></span> <span class='ocrx_word' id='word_1_246' title='bbox 867 1749 894 1772; x_wconf 88' lang='lat' dir='ltr'><strong>et</strong></span> <span class='ocrx_word' id='word_1_247' title='bbox 909 1744 1013 1771; x_wconf 87' lang='lat' dir='ltr'><strong>mutuis</strong></span> 
     </span>
    </p>
   </div>
   <div class='ocr_carea' id='block_1_40' title="bbox 226 1790 1014 1827">
    <p class='ocr_par' dir='ltr' id='par_1_40' title="bbox 226 1790 1014 1827">
     <span class='ocr_line' id='line_1_40' title="bbox 226 1790 1014 1827; baseline -0.005 -7"><span class='ocrx_word' id='word_1_248' title='bbox 226 1793 384 1821; x_wconf 69' lang='lat' dir='ltr'><strong>Judaeorum</strong></span> <span class='ocrx_word' id='word_1_249' title='bbox 401 1792 584 1819; x_wconf 88' lang='lat' dir='ltr'><strong>seditionibus</strong></span> <span class='ocrx_word' id='word_1_250' title='bbox 599 1797 682 1827; x_wconf 86' lang='lat' dir='ltr'><strong>atque</strong></span> <span class='ocrx_word' id='word_1_251' title='bbox 706 1791 822 1818; x_wconf 75' lang='lat' dir='ltr'><strong>vesaniae</strong></span> <span class='ocrx_word' id='word_1_252' title='bbox 841 1790 955 1817; x_wconf 87' lang='lat' dir='ltr'><strong>fuerunt</strong></span> <span class='ocrx_word' id='word_1_253' title='bbox 969 1797 1014 1817; x_wconf 88' lang='lat' dir='ltr'><strong>rc-</strong></span> 
     </span>
    </p>
   </div>
   <div class='ocr_carea' id='block_1_41' title="bbox 227 1838 1012 1877">
    <p class='ocr_par' dir='ltr' id='par_1_41' title="bbox 227 1838 1012 1877">
     <span class='ocr_line' id='line_1_41' title="bbox 227 1838 1012 1877; baseline -0.006 -8"><span class='ocrx_word' id='word_1_254' title='bbox 227 1842 316 1877; x_wconf 87' lang='lat' dir='ltr'><strong>liqui,</strong></span> <span class='ocrx_word' id='word_1_255' title='bbox 333 1841 488 1877; x_wconf 75' lang='lat' dir='ltr'><strong>catalogum</strong></span> <span class='ocrx_word' id='word_1_256' title='bbox 503 1849 518 1868; x_wconf 76' lang='grc' dir='ltr'><strong>ιι</strong></span> <span class='ocrx_word' id='word_1_257' title='bbox 534 1840 687 1876; x_wconf 84' lang='lat' dir='ltr'><strong>primordio</strong></span> <span class='ocrx_word' id='word_1_258' title='bbox 709 1847 850 1874; x_wconf 79' lang='lat' dir='ltr'><strong>exponere</strong></span> <span class='ocrx_word' id='word_1_259' title='bbox 872 1838 1012 1865; x_wconf 87' lang='lat' dir='ltr'><strong>convenit.</strong></span> 
     </span>
    </p>
   </div>
   <div class='ocr_carea' id='block_1_42' title="bbox 227 1883 1014 1924">
    <p class='ocr_par' dir='ltr' id='par_1_42' title="bbox 227 1883 1014 1924">
     <span class='ocr_line' id='line_1_42' title="bbox 227 1883 1014 1924; baseline -0.006 -9"><span class='ocrx_word' id='word_1_260' title='bbox 227 1888 310 1924; x_wconf 75' lang='lat'><strong>259</strong></span> <span class='ocrx_word' id='word_1_261' title='bbox 333 1888 444 1915; x_wconf 85' lang='lat' dir='ltr'><strong>Primus</strong></span> <span class='ocrx_word' id='word_1_262' title='bbox 465 1887 557 1922; x_wconf 85' lang='lat' dir='ltr'><strong>itaque</strong></span> <span class='ocrx_word' id='word_1_263' title='bbox 580 1887 632 1914; x_wconf 89' lang='lat' dir='ltr'><strong>fuit</strong></span> <span class='ocrx_word' id='word_1_264' title='bbox 646 1887 778 1918; x_wconf 75' lang='lat' dir='ltr'><strong>Iacobus,</strong></span> <span class='ocrx_word' id='word_1_265' title='bbox 802 1885 887 1912; x_wconf 82' lang='lat' dir='ltr'><strong>frater</strong></span> <span class='ocrx_word' id='word_1_266' title='bbox 904 1883 1014 1911; x_wconf 89' lang='lat' dir='ltr'><strong>Domini</strong></span> 
     </span>
    </p>
   </div>
   <div class='ocr_carea' id='block_1_43' title="bbox 227 1930 1015 1968">
    <p class='ocr_par' dir='ltr' id='par_1_43' title="bbox 227 1930 1015 1968">
     <span class='ocr_line' id='line_1_43' title="bbox 227 1930 1015 1968; baseline -0.008 -6"><span class='ocrx_word' id='word_1_267' title='bbox 227 1935 338 1967; x_wconf 85' lang='lat' dir='ltr'><strong>dictus;</strong></span> <span class='ocrx_word' id='word_1_268' title='bbox 355 1933 504 1966; x_wconf 87' lang='lat' dir='ltr'><strong>secundus,</strong></span> <span class='ocrx_word' id='word_1_269' title='bbox 520 1933 637 1968; x_wconf 82' lang='lat' dir='ltr'><strong>Symeon</strong></span> <span class='ocrx_word' id='word_1_270' title='bbox 651 1941 658 1966; x_wconf 90' lang='lat'><strong>;</strong></span> <span class='ocrx_word' id='word_1_271' title='bbox 675 1932 784 1964; x_wconf 88' lang='lat' dir='ltr'><strong>tertius,</strong></span> <span class='ocrx_word' id='word_1_272' title='bbox 808 1930 917 1962; x_wconf 82' lang='lat' dir='ltr'><strong>Justus;</strong></span> <span class='ocrx_word' id='word_1_273' title='bbox 932 1937 1015 1964; x_wconf 88' lang='lat' dir='ltr'><strong>quar-</strong></span> 
     </span>
    </p>
   </div>
   <div class='ocr_carea' id='block_1_44' title="bbox 227 1975 1015 2013">
    <p class='ocr_par' dir='ltr' id='par_1_44' title="bbox 227 1975 1015 2013">
     <span class='ocr_line' id='line_1_44' title="bbox 227 1975 1015 2013; baseline -0.01 -5"><span class='ocrx_word' id='word_1_274' title='bbox 227 1986 282 2011; x_wconf 86' lang='lat' dir='ltr'><strong>tus,</strong></span> <span class='ocrx_word' id='word_1_275' title='bbox 295 1979 427 2006; x_wconf 61' lang='lat' dir='ltr'><strong>Zachaeus</strong></span> <span class='ocrx_word' id='word_1_276' title='bbox 442 1978 480 2013; x_wconf 73' lang='lat'><strong>(2)</strong></span> <span class='ocrx_word' id='word_1_277' title='bbox 495 1986 502 2011; x_wconf 91' lang='lat'><strong>;</strong></span> <span class='ocrx_word' id='word_1_278' title='bbox 529 1978 654 2012; x_wconf 77' lang='lat' dir='ltr'><strong>quintus,</strong></span> <span class='ocrx_word' id='word_1_279' title='bbox 669 1976 770 2003; x_wconf 82' lang='lat' dir='ltr'><strong>Tobias</strong></span> <span class='ocrx_word' id='word_1_280' title='bbox 785 1984 792 2008; x_wconf 83' lang='lat'><strong>;</strong></span> <span class='ocrx_word' id='word_1_281' title='bbox 813 1980 924 2006; x_wconf 78' lang='lat' dir='ltr'><strong>Sextus,</strong></span> <span class='ocrx_word' id='word_1_282' title='bbox 943 1975 1015 2001; x_wconf 81' lang='lat' dir='ltr'><strong>Ben-</strong></span> 
     </span>
    </p>
   </div>
   <div class='ocr_carea' id='block_1_45' title="bbox 228 2020 1014 2060">
    <p class='ocr_par' dir='ltr' id='par_1_45' title="bbox 228 2020 1014 2060">
     <span class='ocr_line' id='line_1_45' title="bbox 228 2020 1014 2060; baseline -0.008 -8"><span class='ocrx_word' id='word_1_283' title='bbox 228 2025 333 2060; x_wconf 80' lang='lat' dir='ltr'><strong>iamin;</strong></span> <span class='ocrx_word' id='word_1_284' title='bbox 360 2023 509 2058; x_wconf 89' lang='lat' dir='ltr'><strong>septimus,</strong></span> <span class='ocrx_word' id='word_1_285' title='bbox 534 2022 673 2055; x_wconf 79' lang='lat' dir='ltr'><strong>Joannes;</strong></span> <span class='ocrx_word' id='word_1_286' title='bbox 702 2027 836 2054; x_wconf 86' lang='lat' dir='ltr'><strong>octavus,</strong></span> <span class='ocrx_word' id='word_1_287' title='bbox 863 2020 1014 2054; x_wconf 83' lang='lat' dir='ltr'><strong>Matthias;</strong></span> 
     </span>
    </p>
   </div>
   <div class='ocr_carea' id='block_1_46' title="bbox 1062 226 1838 263">
    <p class='ocr_par' dir='ltr' id='par_1_46' title="bbox 1062 226 1838 263">
     <span class='ocr_line' id='line_1_46' title="bbox 1062 226 1838 263; baseline 0.006 -11"><span class='ocrx_word' id='word_1_288' title='bbox 1062 226 1262 260; x_wconf 75' lang='grc' dir='ltr'><strong>ἐγχειρίζεται·</strong></span> <span class='ocrx_word' id='word_1_289' title='bbox 1293 227 1324 253; x_wconf 84' lang='grc' dir='ltr'><strong>δν</strong></span> <span class='ocrx_word' id='word_1_290' title='bbox 1344 227 1487 262; x_wconf 77' lang='grc' dir='ltr'><strong>Ἀνίκητος</strong></span> <span class='ocrx_word' id='word_1_291' title='bbox 1503 227 1666 262; x_wconf 83' lang='grc' dir='ltr'><strong>διαδέχεται.</strong></span> <span class='ocrx_word' id='word_1_292' title='bbox 1685 229 1798 263; x_wconf 79' lang='grc' dir='ltr'><strong>Ὄγδοον</strong></span> <span class='ocrx_word' id='word_1_293' title='bbox 1817 231 1838 256; x_wconf 86' lang='grc' dir='ltr'><strong>δ’</strong></span> 
     </span>
    </p>
   </div>
   <div class='ocr_carea' id='block_1_47' title="bbox 1059 272 1840 309">
    <p class='ocr_par' dir='ltr' id='par_1_47' title="bbox 1059 272 1840 309">
     <span class='ocr_line' id='line_1_47' title="bbox 1059 272 1840 309; baseline 0.006 -11"><span class='ocrx_word' id='word_1_294' title='bbox 1059 272 1119 303; x_wconf 81' lang='grc' dir='ltr'><strong>ἔτος</strong></span> <span class='ocrx_word' id='word_1_295' title='bbox 1148 272 1256 308; x_wconf 84' lang='grc' dir='ltr'><strong>Οὐήρου</strong></span> <span class='ocrx_word' id='word_1_296' title='bbox 1287 273 1455 306; x_wconf 79' lang='grc' dir='ltr'><strong>ἐλαύνοντος,</strong></span> <span class='ocrx_word' id='word_1_297' title='bbox 1488 273 1629 309; x_wconf 77' lang='grc' dir='ltr'><strong>’Λνίκητον</strong></span> <span class='ocrx_word' id='word_1_298' title='bbox 1662 274 1760 302; x_wconf 70' lang='grc' dir='ltr'><strong>ἕνδεκα</strong></span> <span class='ocrx_word' id='word_1_299' title='bbox 1785 279 1840 308; x_wconf 84' lang='grc' dir='ltr'><strong>τοῖς</strong></span> 
     </span>
    </p>
   </div>
   <div class='ocr_carea' id='block_1_48' title="bbox 1060 318 1842 356">
    <p class='ocr_par' dir='ltr' id='par_1_48' title="bbox 1060 318 1842 356">
     <span class='ocr_line' id='line_1_48' title="bbox 1060 318 1842 356; baseline 0.008 -12"><span class='ocrx_word' id='word_1_300' title='bbox 1060 319 1144 345; x_wconf 80' lang='grc' dir='ltr'><strong>πᾶσιν</strong></span> <span class='ocrx_word' id='word_1_301' title='bbox 1162 318 1235 345; x_wconf 76' lang='grc' dir='ltr'><strong>ἔτεσι</strong></span> <span class='ocrx_word' id='word_1_302' title='bbox 1248 318 1387 346; x_wconf 80' lang='grc' dir='ltr'><strong>διελθόντα</strong></span> <span class='ocrx_word' id='word_1_303' title='bbox 1414 320 1569 355; x_wconf 73' lang='grc' dir='ltr'><strong>διαδέχεται</strong></span> <span class='ocrx_word' id='word_1_304' title='bbox 1595 321 1709 356; x_wconf 83' lang='grc' dir='ltr'><strong>Σωτήρ·</strong></span> <span class='ocrx_word' id='word_1_305' title='bbox 1737 322 1769 349; x_wconf 88' lang='grc' dir='ltr'><strong>ὃν</strong></span> <span class='ocrx_word' id='word_1_306' title='bbox 1796 324 1842 350; x_wconf 63' lang='lat' dir='ltr'><strong>in!</strong></span> 
     </span>
    </p>
   </div>
   <div class='ocr_carea' id='block_1_49' title="bbox 1059 364 1845 403">
    <p class='ocr_par' dir='ltr' id='par_1_49' title="bbox 1059 364 1845 403">
     <span class='ocr_line' id='line_1_49' title="bbox 1059 364 1845 403; baseline 0.008 -13"><span class='ocrx_word' id='word_1_307' title='bbox 1059 364 1152 398; x_wconf 75' lang='grc' dir='ltr'><strong>ὃγδοον</strong></span> <span class='ocrx_word' id='word_1_308' title='bbox 1166 365 1343 400; x_wconf 80' lang='grc' dir='ltr'><strong>ἡγησάμενον</strong></span> <span class='ocrx_word' id='word_1_309' title='bbox 1357 365 1418 398; x_wconf 71' lang='grc' dir='ltr'><strong>ἔτος</strong></span> <span class='ocrx_word' id='word_1_310' title='bbox 1439 366 1600 402; x_wconf 82' lang='grc' dir='ltr'><strong>Ἐλεύθερος</strong></span> <span class='ocrx_word' id='word_1_311' title='bbox 1620 367 1784 403; x_wconf 73' lang='grc' dir='ltr'><strong>διαδέχεται,</strong></span> <span class='ocrx_word' id='word_1_312' title='bbox 1795 369 1845 396; x_wconf 75' lang='grc' dir='ltr'><strong>δωο</strong></span> 
     </span>
    </p>
   </div>
   <div class='ocr_carea' id='block_1_50' title="bbox 1059 410 1843 448">
    <p class='ocr_par' dir='ltr' id='par_1_50' title="bbox 1059 410 1843 448">
     <span class='ocr_line' id='line_1_50' title="bbox 1059 410 1843 448; baseline 0.008 -12"><span class='ocrx_word' id='word_1_313' title='bbox 1059 410 1173 442; x_wconf 78' lang='grc' dir='ltr'><strong>δέκατος</strong></span> <span class='ocrx_word' id='word_1_314' title='bbox 1202 411 1256 437; x_wconf 80' lang='grc' dir='ltr'><strong>ἀπὸ</strong></span> <span class='ocrx_word' id='word_1_315' title='bbox 1270 411 1321 446; x_wconf 84' lang='grc' dir='ltr'><strong>τῆς</strong></span> <span class='ocrx_word' id='word_1_316' title='bbox 1338 411 1444 446; x_wconf 79' lang='grc' dir='ltr'><strong>Πέτρου</strong></span> <span class='ocrx_word' id='word_1_317' title='bbox 1474 412 1602 447; x_wconf 84' lang='grc' dir='ltr'><strong>διαδοχῆς</strong></span> <span class='ocrx_word' id='word_1_318' title='bbox 1627 414 1843 448; x_wconf 78' lang='grc' dir='ltr'><strong>γνωριζόμενος.</strong></span> 
     </span>
    </p>
   </div>
   <div class='ocr_carea' id='block_1_51' title="bbox 1058 453 1844 493">
    <p class='ocr_par' dir='ltr' id='par_1_51' title="bbox 1058 453 1844 493">
     <span class='ocr_line' id='line_1_51' title="bbox 1058 453 1844 493; baseline 0.006 -12"><span class='ocrx_word' id='word_1_319' title='bbox 1058 453 1149 490; x_wconf 82' lang='grc' dir='ltr'><strong>Ἧρχε</strong></span> <span class='ocrx_word' id='word_1_320' title='bbox 1163 455 1187 482; x_wconf 81' lang='grc' dir='ltr'><strong>δ’</strong></span> <span class='ocrx_word' id='word_1_321' title='bbox 1213 455 1298 482; x_wconf 77' lang='grc' dir='ltr'><strong>εἰσέτι</strong></span> <span class='ocrx_word' id='word_1_322' title='bbox 1330 455 1489 488; x_wconf 72' lang='grc' dir='ltr'><strong>Ἀντωνῖνος</strong></span> <span class='ocrx_word' id='word_1_323' title='bbox 1511 457 1619 492; x_wconf 87' lang='grc' dir='ltr'><strong>Οὐῆρος</strong></span> <span class='ocrx_word' id='word_1_324' title='bbox 1650 459 1701 485; x_wconf 76' lang='grc' dir='ltr'><strong>σὺν</strong></span> <span class='ocrx_word' id='word_1_325' title='bbox 1715 459 1768 493; x_wconf 86' lang='grc' dir='ltr'><strong>υίῷ</strong></span> <span class='ocrx_word' id='word_1_326' title='bbox 1786 460 1844 491; x_wconf 74' lang='grc' dir='ltr'><strong>ἔτος</strong></span> 
     </span>
    </p>
   </div>
   <div class='ocr_carea' id='block_1_52' title="bbox 1062 501 1845 540">
    <p class='ocr_par' dir='ltr' id='par_1_52' title="bbox 1062 501 1845 540">
     <span class='ocr_line' id='line_1_52' title="bbox 1062 501 1845 540; baseline 0.006 -13"><span class='ocrx_word' id='word_1_327' title='bbox 1062 501 1131 536; x_wconf 79' lang='grc' dir='ltr'><strong>πρὸς</strong></span> <span class='ocrx_word' id='word_1_328' title='bbox 1144 501 1252 536; x_wconf 69' lang='grc' dir='ltr'><strong>ἑϐδόμῳ</strong></span> <span class='ocrx_word' id='word_1_329' title='bbox 1268 501 1392 530; x_wconf 77' lang='grc' dir='ltr'><strong>δέκατον,</strong></span> <span class='ocrx_word' id='word_1_330' title='bbox 1405 502 1460 529; x_wconf 80' lang='grc' dir='ltr'><strong>Καὶ</strong></span> <span class='ocrx_word' id='word_1_331' title='bbox 1473 503 1580 538; x_wconf 86' lang='grc' dir='ltr'><strong>Πρίμον</strong></span> <span class='ocrx_word' id='word_1_332' title='bbox 1592 503 1621 530; x_wconf 74' lang='grc' dir='ltr'><strong>δὲ</strong></span> <span class='ocrx_word' id='word_1_333' title='bbox 1636 503 1771 540; x_wconf 77' lang='grc' dir='ltr'><strong>τέταρτον</strong></span> <span class='ocrx_word' id='word_1_334' title='bbox 1792 506 1845 532; x_wconf 71' lang='grc' dir='ltr'><strong>ἀπὸ</strong></span> 
     </span>
    </p>
   </div>
   <div class='ocr_carea' id='block_1_53' title="bbox 1059 546 1845 585">
    <p class='ocr_par' dir='ltr' id='par_1_53' title="bbox 1059 546 1845 585">
     <span class='ocr_line' id='line_1_53' title="bbox 1059 546 1845 585; baseline 0.006 -12"><span class='ocrx_word' id='word_1_335' title='bbox 1059 546 1115 573; x_wconf 85' lang='grc' dir='ltr'><strong>τῶν</strong></span> <span class='ocrx_word' id='word_1_336' title='bbox 1129 547 1287 574; x_wconf 76' lang='grc' dir='ltr'><strong>ἀποστόλων</strong></span> <span class='ocrx_word' id='word_1_337' title='bbox 1301 547 1351 582; x_wconf 85' lang='grc' dir='ltr'><strong>τῆς</strong></span> <span class='ocrx_word' id='word_1_338' title='bbox 1363 548 1392 574; x_wconf 76' lang='grc' dir='ltr'><strong>ιν</strong></span> <span class='ocrx_word' id='word_1_339' title='bbox 1409 547 1599 585; x_wconf 68' lang='grc' dir='ltr'><strong>Ἀλεξανδρείᾳ</strong></span> <span class='ocrx_word' id='word_1_340' title='bbox 1624 551 1775 585; x_wconf 74' lang='grc' dir='ltr'><strong>παροικίας</strong></span> <span class='ocrx_word' id='word_1_341' title='bbox 1801 553 1845 578; x_wconf 64' lang='grc' dir='ltr'><strong>τὴν</strong></span> 
     </span>
    </p>
   </div>
   <div class='ocr_carea' id='block_1_54' title="bbox 1061 592 1846 630">
    <p class='ocr_par' dir='ltr' id='par_1_54' title="bbox 1061 592 1846 630">
     <span class='ocr_line' id='line_1_54' title="bbox 1061 592 1846 630; baseline 0.006 -12"><span class='ocrx_word' id='word_1_342' title='bbox 1061 592 1156 628; x_wconf 80' lang='grc' dir='ltr'>θρόνον</span> <span class='ocrx_word' id='word_1_343' title='bbox 1172 593 1396 628; x_wconf 80' lang='grc' dir='ltr'><strong>κεκληρωμένον,</strong></span> <span class='ocrx_word' id='word_1_344' title='bbox 1421 593 1508 628; x_wconf 88' lang='grc' dir='ltr'><strong>τρίτῳ</strong></span> <span class='ocrx_word' id='word_1_345' title='bbox 1543 594 1593 629; x_wconf 88' lang='grc' dir='ltr'><strong>τῆς</strong></span> <span class='ocrx_word' id='word_1_346' title='bbox 1621 595 1773 630; x_wconf 81' lang='grc' dir='ltr'><strong>ἡγεμονίας</strong></span> <span class='ocrx_word' id='word_1_347' title='bbox 1793 597 1846 623; x_wconf 73' lang='grc' dir='ltr'><strong>ἔτει</strong></span> 
     </span>
    </p>
   </div>
   <div class='ocr_carea' id='block_1_55' title="bbox 1066 636 1845 674">
    <p class='ocr_par' dir='ltr' id='par_1_55' title="bbox 1066 636 1845 674">
     <span class='ocr_line' id='line_1_55' title="bbox 1066 636 1845 674; baseline 0.004 -10"><span class='ocrx_word' id='word_1_348' title='bbox 1066 636 1218 672; x_wconf 75' lang='grc' dir='ltr'><strong>Ἀδριανοῦ,</strong></span> <span class='ocrx_word' id='word_1_349' title='bbox 1249 637 1394 672; x_wconf 76' lang='grc' dir='ltr'><strong>δωδεκάτῳ</strong></span> <span class='ocrx_word' id='word_1_350' title='bbox 1417 638 1530 672; x_wconf 73' lang='grc' dir='ltr'><strong>καὶτῆς</strong></span> <span class='ocrx_word' id='word_1_351' title='bbox 1556 638 1733 674; x_wconf 75' lang='grc' dir='ltr'><strong>λειτουργίας</strong></span> <span class='ocrx_word' id='word_1_352' title='bbox 1763 640 1845 667; x_wconf 83' lang='grc' dir='ltr'><strong>αὗτοῦ</strong></span> 
     </span>
    </p>
   </div>
   <div class='ocr_carea' id='block_1_56' title="bbox 1060 683 1847 720">
    <p class='ocr_par' dir='ltr' id='par_1_56' title="bbox 1060 683 1847 720">
     <span class='ocr_line' id='line_1_56' title="bbox 1060 683 1847 720; baseline 0.003 -10"><span class='ocrx_word' id='word_1_353' title='bbox 1060 683 1291 718; x_wconf 65' lang='grc' dir='ltr'><strong>ἐκπληρώσαντα,</strong></span> <span class='ocrx_word' id='word_1_354' title='bbox 1316 683 1470 719; x_wconf 75' lang='grc' dir='ltr'><strong>διαδέχεται</strong></span> <span class='ocrx_word' id='word_1_355' title='bbox 1491 684 1620 716; x_wconf 82' lang='grc' dir='ltr'><strong>Ἰοῦστος.</strong></span> <span class='ocrx_word' id='word_1_356' title='bbox 1655 685 1741 720; x_wconf 70' lang='grc' dir='ltr'><strong>’Δμφὶ</strong></span> <span class='ocrx_word' id='word_1_357' title='bbox 1761 686 1790 712; x_wconf 71' lang='grc' dir='ltr'><strong>δὲ</strong></span> <span class='ocrx_word' id='word_1_358' title='bbox 1819 686 1847 712; x_wconf 62' lang='grc' dir='ltr'><strong>τὸ</strong></span> 
     </span>
    </p>
   </div>
   <div class='ocr_carea' id='block_1_57' title="bbox 1059 728 1847 766">
    <p class='ocr_par' dir='ltr' id='par_1_57' title="bbox 1059 728 1847 766">
     <span class='ocr_line' id='line_1_57' title="bbox 1059 728 1847 766; baseline 0.003 -11"><span class='ocrx_word' id='word_1_359' title='bbox 1059 729 1213 756; x_wconf 75' lang='grc' dir='ltr'><strong>δωδέκατον</strong></span> <span class='ocrx_word' id='word_1_360' title='bbox 1227 729 1277 764; x_wconf 81' lang='grc' dir='ltr'><strong>τῆς</strong></span> <span class='ocrx_word' id='word_1_361' title='bbox 1292 728 1376 755; x_wconf 88' lang='grc' dir='ltr'><strong>αὑτοῦ</strong></span> <span class='ocrx_word' id='word_1_362' title='bbox 1391 729 1479 764; x_wconf 85' lang='grc' dir='ltr'><strong>ἀρχῆς</strong></span> <span class='ocrx_word' id='word_1_363' title='bbox 1505 729 1565 762; x_wconf 70' lang='lat' dir='ltr'><strong>lto;</strong></span> <span class='ocrx_word' id='word_1_364' title='bbox 1589 730 1714 757; x_wconf 69' lang='grc' dir='ltr'><strong>ὲνιαυτοῦ</strong></span> <span class='ocrx_word' id='word_1_365' title='bbox 1742 731 1847 766; x_wconf 72' lang='grc' dir='ltr'><strong>μεταξὺ</strong></span> 
     </span>
    </p>
   </div>
   <div class='ocr_carea' id='block_1_58' title="bbox 1060 775 1848 814">
    <p class='ocr_par' dir='ltr' id='par_1_58' title="bbox 1060 775 1848 814">
     <span class='ocr_line' id='line_1_58' title="bbox 1060 775 1848 814; baseline 0.003 -12"><span class='ocrx_word' id='word_1_366' title='bbox 1060 776 1108 803; x_wconf 75' lang='grc' dir='ltr'><strong>καὶ</strong></span> <span class='ocrx_word' id='word_1_367' title='bbox 1119 775 1214 811; x_wconf 85' lang='grc' dir='ltr'>μηνῶν</span> <span class='ocrx_word' id='word_1_368' title='bbox 1227 784 1310 802; x_wconf 88' lang='grc' dir='ltr'><strong>τινων</strong></span> <span class='ocrx_word' id='word_1_369' title='bbox 1333 775 1536 810; x_wconf 75' lang='grc' dir='ltr'><strong>διαγενομένων</strong></span> <span class='ocrx_word' id='word_1_370' title='bbox 1560 777 1610 812; x_wconf 84' lang='grc' dir='ltr'><strong>τῆς</strong></span> <span class='ocrx_word' id='word_1_371' title='bbox 1643 777 1848 814; x_wconf 77' lang='grc' dir='ltr'><strong>Ἀλεξανδρέων</strong></span> 
     </span>
    </p>
   </div>
   <div class='ocr_carea' id='block_1_59' title="bbox 1067 822 1848 860">
    <p class='ocr_par' dir='ltr' id='par_1_59' title="bbox 1067 822 1848 860">
     <span class='ocr_line' id='line_1_59' title="bbox 1067 822 1848 860; baseline 0.003 -12"><span class='ocrx_word' id='word_1_372' title='bbox 1067 822 1234 858; x_wconf 84' lang='grc' dir='ltr'><strong>Ἐκκλησίας</strong></span> <span class='ocrx_word' id='word_1_373' title='bbox 1256 822 1307 857; x_wconf 85' lang='grc' dir='ltr'><strong>τὴν</strong></span> <span class='ocrx_word' id='word_1_374' title='bbox 1337 823 1507 856; x_wconf 81' lang='grc' dir='ltr'><strong>προστασίαν</strong></span> <span class='ocrx_word' id='word_1_375' title='bbox 1527 823 1652 860; x_wconf 80' lang='grc' dir='ltr'><strong>Εὐμενὴς</strong></span> <span class='ocrx_word' id='word_1_376' title='bbox 1670 824 1767 859; x_wconf 81' lang='grc' dir='ltr'><strong>κλήρῳ</strong></span> <span class='ocrx_word' id='word_1_377' title='bbox 1790 824 1848 852; x_wconf 83' lang='grc' dir='ltr'><strong>δια-</strong></span> 
     </span>
    </p>
   </div>
   <div class='ocr_carea' id='block_1_60' title="bbox 1027 859 1849 906">
    <p class='ocr_par' dir='ltr' id='par_1_60' title="bbox 1027 859 1849 906">
     <span class='ocr_line' id='line_1_60' title="bbox 1027 859 1849 906; baseline 0.002 -11"><span class='ocrx_word' id='word_1_378' title='bbox 1027 859 1047 886; x_wconf 77' lang='grc' dir='ltr'><strong><em>Β</em></strong></span> <span class='ocrx_word' id='word_1_379' title='bbox 1061 868 1182 904; x_wconf 78' lang='grc' dir='ltr'><strong>δέχεται,</strong></span> <span class='ocrx_word' id='word_1_380' title='bbox 1213 868 1332 896; x_wconf 84' lang='grc' dir='ltr'><strong>Ἰούστου</strong></span> <span class='ocrx_word' id='word_1_381' title='bbox 1344 869 1392 896; x_wconf 75' lang='grc' dir='ltr'><strong>ἐπὶ</strong></span> <span class='ocrx_word' id='word_1_382' title='bbox 1402 869 1475 896; x_wconf 72' lang='grc' dir='ltr'><strong>ἔτεσι</strong></span> <span class='ocrx_word' id='word_1_383' title='bbox 1487 868 1552 896; x_wconf 83' lang='grc' dir='ltr'>δέκα</span> <span class='ocrx_word' id='word_1_384' title='bbox 1570 870 1640 904; x_wconf 74' lang='grc' dir='ltr'><strong>πρὸς</strong></span> <span class='ocrx_word' id='word_1_385' title='bbox 1655 870 1696 906; x_wconf 83' lang='grc' dir='ltr'><strong>τῷ</strong></span> <span class='ocrx_word' id='word_1_386' title='bbox 1715 871 1759 897; x_wconf 77' lang='grc' dir='ltr'><strong>ἑνὶ</strong></span> <span class='ocrx_word' id='word_1_387' title='bbox 1771 871 1849 906; x_wconf 87' lang='grc' dir='ltr'><strong>διαρ-</strong></span> 
     </span>
    </p>
   </div>
   <div class='ocr_carea' id='block_1_61' title="bbox 1061 915 1849 954">
    <p class='ocr_par' dir='ltr' id='par_1_61' title="bbox 1061 915 1849 954">
     <span class='ocr_line' id='line_1_61' title="bbox 1061 915 1849 954; baseline 0.004 -11"><span class='ocrx_word' id='word_1_388' title='bbox 1061 917 1203 949; x_wconf 81' lang='grc' dir='ltr'><strong>κέσαντος.</strong></span> <span class='ocrx_word' id='word_1_389' title='bbox 1219 917 1274 944; x_wconf 75' lang='grc' dir='ltr'><strong>Καὶ</strong></span> <span class='ocrx_word' id='word_1_390' title='bbox 1304 917 1402 943; x_wconf 89' lang='grc' dir='ltr'><strong>τούτου</strong></span> <span class='ocrx_word' id='word_1_391' title='bbox 1426 917 1450 943; x_wconf 69' lang='grc' dir='ltr'><strong>δ’</strong></span> <span class='ocrx_word' id='word_1_392' title='bbox 1468 918 1517 953; x_wconf 82' lang='grc' dir='ltr'><strong>οὐχ</strong></span> <span class='ocrx_word' id='word_1_393' title='bbox 1540 915 1654 954; x_wconf 83' lang='grc' dir='ltr'><strong>ἦττονῆ</strong></span> <span class='ocrx_word' id='word_1_394' title='bbox 1685 918 1753 946; x_wconf 84' lang='grc' dir='ltr'><strong>δέκα</strong></span> <span class='ocrx_word' id='word_1_395' title='bbox 1781 919 1849 954; x_wconf 51' lang='lat'><strong>7:96;</strong></span> 
     </span>
    </p>
   </div>
   <div class='ocr_carea' id='block_1_62' title="bbox 1060 963 1849 1000">
    <p class='ocr_par' dir='ltr' id='par_1_62' title="bbox 1060 963 1849 1000">
     <span class='ocr_line' id='line_1_62' title="bbox 1060 963 1849 1000; baseline 0.004 -11"><span class='ocrx_word' id='word_1_396' title='bbox 1060 963 1135 998; x_wconf 79' lang='grc' dir='ltr'><strong>τρισὶ</strong></span> <span class='ocrx_word' id='word_1_397' title='bbox 1148 964 1197 998; x_wconf 77' lang='grc' dir='ltr'><strong>τὴν</strong></span> <span class='ocrx_word' id='word_1_398' title='bbox 1211 963 1386 999; x_wconf 84' lang='grc' dir='ltr'><strong>λειτουργίαν</strong></span> <span class='ocrx_word' id='word_1_399' title='bbox 1411 964 1573 999; x_wconf 77' lang='grc' dir='ltr'><strong>ἀνύσαντος,</strong></span> <span class='ocrx_word' id='word_1_400' title='bbox 1602 964 1714 999; x_wconf 80' lang='grc' dir='ltr'><strong>Μάρκος</strong></span> <span class='ocrx_word' id='word_1_401' title='bbox 1744 966 1849 1000; x_wconf 64' lang='grc' dir='ltr'><strong>ποιμὴν</strong></span> 
     </span>
    </p>
   </div>
   <div class='ocr_carea' id='block_1_63' title="bbox 1061 1009 1849 1047">
    <p class='ocr_par' dir='ltr' id='par_1_63' title="bbox 1061 1009 1849 1047">
     <span class='ocr_line' id='line_1_63' title="bbox 1061 1009 1849 1047; baseline 0.004 -12"><span class='ocrx_word' id='word_1_402' title='bbox 1061 1011 1112 1044; x_wconf 85' lang='grc' dir='ltr'><strong>τῆς</strong></span> <span class='ocrx_word' id='word_1_403' title='bbox 1144 1009 1322 1044; x_wconf 80' lang='grc' dir='ltr'><strong>Ἀλεξάνδρου</strong></span> <span class='ocrx_word' id='word_1_404' title='bbox 1342 1010 1573 1045; x_wconf 82' lang='grc' dir='ltr'><strong>ἀνακηρύττεται.</strong></span> <span class='ocrx_word' id='word_1_405' title='bbox 1608 1012 1722 1047; x_wconf 82' lang='grc' dir='ltr'><strong>Δεκάτῳ</strong></span> <span class='ocrx_word' id='word_1_406' title='bbox 1745 1011 1769 1038; x_wconf 83' lang='grc' dir='ltr'><strong>δ’</strong></span> <span class='ocrx_word' id='word_1_407' title='bbox 1795 1012 1849 1038; x_wconf 76' lang='grc' dir='ltr'><strong>ἔτει</strong></span> 
     </span>
    </p>
   </div>
   <div class='ocr_carea' id='block_1_64' title="bbox 1061 1056 1849 1094">
    <p class='ocr_par' dir='ltr' id='par_1_64' title="bbox 1061 1056 1849 1094">
     <span class='ocr_line' id='line_1_64' title="bbox 1061 1056 1849 1094; baseline 0.003 -12"><span class='ocrx_word' id='word_1_408' title='bbox 1061 1056 1204 1090; x_wconf 85' lang='grc' dir='ltr'><strong>παραδοὺς</strong></span> <span class='ocrx_word' id='word_1_409' title='bbox 1218 1056 1270 1091; x_wconf 83' lang='grc' dir='ltr'><strong>τὴν</strong></span> <span class='ocrx_word' id='word_1_410' title='bbox 1285 1056 1459 1091; x_wconf 77' lang='grc' dir='ltr'><strong>λειτουργίαν</strong></span> <span class='ocrx_word' id='word_1_411' title='bbox 1473 1057 1637 1090; x_wconf 79' lang='grc' dir='ltr'><strong>Κελαδίωνι,</strong></span> <span class='ocrx_word' id='word_1_412' title='bbox 1660 1058 1798 1094; x_wconf 80' lang='grc' dir='ltr'><strong>ὲκμετρεῖ</strong></span> <span class='ocrx_word' id='word_1_413' title='bbox 1822 1058 1849 1084; x_wconf 86' lang='grc' dir='ltr'><strong>τδ</strong></span> 
     </span>
    </p>
   </div>
   <div class='ocr_carea' id='block_1_65' title="bbox 1063 1101 1849 1139">
    <p class='ocr_par' dir='ltr' id='par_1_65' title="bbox 1063 1101 1849 1139">
     <span class='ocr_line' id='line_1_65' title="bbox 1063 1101 1849 1139; baseline 0.004 -11"><span class='ocrx_word' id='word_1_414' title='bbox 1063 1101 1206 1137; x_wconf 80' lang='grc' dir='ltr'><strong>βιώσιμον.</strong></span> <span class='ocrx_word' id='word_1_415' title='bbox 1228 1102 1311 1129; x_wconf 77' lang='grc' dir='ltr'><strong>Ἀλλά</strong></span> <span class='ocrx_word' id='word_1_416' title='bbox 1337 1103 1384 1130; x_wconf 77' lang='grc' dir='ltr'><strong>καὶ</strong></span> <span class='ocrx_word' id='word_1_417' title='bbox 1402 1103 1498 1130; x_wconf 86' lang='grc' dir='ltr'><strong>τούτου</strong></span> <span class='ocrx_word' id='word_1_418' title='bbox 1522 1104 1646 1139; x_wconf 82' lang='grc' dir='ltr'><strong>τετάρτῳ</strong></span> <span class='ocrx_word' id='word_1_419' title='bbox 1669 1104 1718 1130; x_wconf 77' lang='grc' dir='ltr'><strong>καὶ</strong></span> <span class='ocrx_word' id='word_1_420' title='bbox 1740 1105 1849 1139; x_wconf 76' lang='grc' dir='ltr'><strong>δεκάτῳ</strong></span> 
     </span>
    </p>
   </div>
   <div class='ocr_carea' id='block_1_66' title="bbox 1063 1149 1849 1186">
    <p class='ocr_par' dir='ltr' id='par_1_66' title="bbox 1063 1149 1849 1186">
     <span class='ocr_line' id='line_1_66' title="bbox 1063 1149 1849 1186; baseline 0.003 -11"><span class='ocrx_word' id='word_1_421' title='bbox 1063 1149 1118 1176; x_wconf 74' lang='grc' dir='ltr'><strong>ἔτει</strong></span> <span class='ocrx_word' id='word_1_422' title='bbox 1133 1149 1182 1183; x_wconf 83' lang='grc' dir='ltr'><strong>τὴν</strong></span> <span class='ocrx_word' id='word_1_423' title='bbox 1197 1149 1270 1182; x_wconf 81' lang='grc' dir='ltr'><strong>ζωὴν</strong></span> <span class='ocrx_word' id='word_1_424' title='bbox 1285 1149 1516 1184; x_wconf 80' lang='grc' dir='ltr'><strong>μεταλλάξαντος,</strong></span> <span class='ocrx_word' id='word_1_425' title='bbox 1529 1149 1580 1185; x_wconf 84' lang='grc' dir='ltr'><strong>τὴν</strong></span> <span class='ocrx_word' id='word_1_426' title='bbox 1595 1150 1725 1186; x_wconf 83' lang='grc' dir='ltr'><strong>διαδοχὴν</strong></span> <span class='ocrx_word' id='word_1_427' title='bbox 1733 1151 1849 1185; x_wconf 78' lang='grc' dir='ltr'><strong>Ἀγριπ-</strong></span> 
     </span>
    </p>
   </div>
   <div class='ocr_carea' id='block_1_67' title="bbox 1063 1187 1850 1230">
    <p class='ocr_par' dir='ltr' id='par_1_67' title="bbox 1063 1187 1850 1230">
     <span class='ocr_line' id='line_1_67' title="bbox 1063 1187 1850 1230; baseline 0.001 -8"><span class='ocrx_word' id='word_1_428' title='bbox 1063 1196 1139 1227; x_wconf 83' lang='grc' dir='ltr'><strong>πῖνος</strong></span> <span class='ocrx_word' id='word_1_429' title='bbox 1151 1187 1315 1229; x_wconf 75' lang='grc' dir='ltr'><strong>ἐλάμϐανεν,</strong></span> <span class='ocrx_word' id='word_1_430' title='bbox 1329 1195 1444 1230; x_wconf 83' lang='grc' dir='ltr'><strong>ὲννάτην</strong></span> <span class='ocrx_word' id='word_1_431' title='bbox 1459 1195 1535 1230; x_wconf 73' lang='grc' dir='ltr'><strong>ἄγων</strong></span> <span class='ocrx_word' id='word_1_432' title='bbox 1550 1195 1604 1222; x_wconf 86' lang='grc' dir='ltr'><strong>ἀπὸ</strong></span> <span class='ocrx_word' id='word_1_433' title='bbox 1617 1196 1672 1223; x_wconf 85' lang='grc' dir='ltr'><strong>τῶν</strong></span> <span class='ocrx_word' id='word_1_434' title='bbox 1689 1197 1850 1224; x_wconf 81' lang='grc' dir='ltr'><strong>ἀποστόλων</strong></span> 
     </span>
    </p>
   </div>
   <div class='ocr_carea' id='block_1_68' title="bbox 1063 1241 1851 1279">
    <p class='ocr_par' dir='ltr' id='par_1_68' title="bbox 1063 1241 1851 1279">
     <span class='ocr_line' id='line_1_68' title="bbox 1063 1241 1851 1279; baseline 0.003 -11"><span class='ocrx_word' id='word_1_435' title='bbox 1063 1241 1199 1277; x_wconf 84' lang='grc' dir='ltr'><strong>διαδοχήν.</strong></span> <span class='ocrx_word' id='word_1_436' title='bbox 1223 1242 1266 1268; x_wconf 88' lang='grc' dir='ltr'><strong>Ἐν</strong></span> <span class='ocrx_word' id='word_1_437' title='bbox 1285 1242 1307 1268; x_wconf 86' lang='grc' dir='ltr'><strong>δ’</strong></span> <span class='ocrx_word' id='word_1_438' title='bbox 1329 1241 1483 1278; x_wconf 80' lang='grc' dir='ltr'><strong>Ἀντιοχείᾳ</strong></span> <span class='ocrx_word' id='word_1_439' title='bbox 1514 1243 1584 1277; x_wconf 88' lang='grc' dir='ltr'><strong>μετὰ</strong></span> <span class='ocrx_word' id='word_1_440' title='bbox 1600 1243 1715 1278; x_wconf 84' lang='grc' dir='ltr'><strong>’Ἥρωνα</strong></span> <span class='ocrx_word' id='word_1_441' title='bbox 1743 1244 1851 1279; x_wconf 78' lang='grc' dir='ltr'><strong>Κορνή-</strong></span> 
     </span>
    </p>
   </div>
   <div class='ocr_carea' id='block_1_69' title="bbox 1062 1287 1851 1323">
    <p class='ocr_par' dir='ltr' id='par_1_69' title="bbox 1062 1287 1851 1323">
     <span class='ocr_line' id='line_1_69' title="bbox 1062 1287 1851 1323; baseline 0.001 -9"><span class='ocrx_word' id='word_1_442' title='bbox 1062 1287 1119 1319; x_wconf 81' lang='grc' dir='ltr'><strong>λιος</strong></span> <span class='ocrx_word' id='word_1_443' title='bbox 1130 1288 1177 1319; x_wconf 78' lang='grc' dir='ltr'><strong>τὰς</strong></span> <span class='ocrx_word' id='word_1_444' title='bbox 1192 1288 1268 1323; x_wconf 79' lang='grc' dir='ltr'><strong>ἱερὰς</strong></span> <span class='ocrx_word' id='word_1_445' title='bbox 1278 1288 1356 1323; x_wconf 85' lang='grc' dir='ltr'><strong>ἡνίας</strong></span> <span class='ocrx_word' id='word_1_446' title='bbox 1374 1287 1553 1323; x_wconf 79' lang='grc' dir='ltr'><strong>διεχειρίζετο</strong></span> <span class='ocrx_word' id='word_1_447' title='bbox 1565 1297 1572 1304; x_wconf 90' lang='grc'>·</span> <span class='ocrx_word' id='word_1_448' title='bbox 1594 1289 1714 1323; x_wconf 79' lang='grc' dir='ltr'><strong>πέμπτῳ</strong></span> <span class='ocrx_word' id='word_1_449' title='bbox 1725 1288 1754 1315; x_wconf 83' lang='grc' dir='ltr'><strong>δὲ</strong></span> <span class='ocrx_word' id='word_1_450' title='bbox 1783 1289 1851 1322; x_wconf 72' lang='grc' dir='ltr'><strong>μετὰ</strong></span> 
     </span>
    </p>
   </div>
   <div class='ocr_carea' id='block_1_70' title="bbox 1063 1333 1852 1369">
    <p class='ocr_par' dir='ltr' id='par_1_70' title="bbox 1063 1333 1852 1369">
     <span class='ocr_line' id='line_1_70' title="bbox 1063 1333 1852 1369; baseline 0 -9"><span class='ocrx_word' id='word_1_451' title='bbox 1063 1334 1158 1361; x_wconf 86' lang='grc' dir='ltr'><strong>τοῦτον</strong></span> <span class='ocrx_word' id='word_1_452' title='bbox 1178 1334 1275 1369; x_wconf 82' lang='grc' dir='ltr'>βαθμῷ</span> <span class='ocrx_word' id='word_1_453' title='bbox 1290 1333 1342 1368; x_wconf 81' lang='grc' dir='ltr'><strong>τῆς</strong></span> <span class='ocrx_word' id='word_1_454' title='bbox 1368 1334 1555 1369; x_wconf 86' lang='grc' dir='ltr'><strong>ἀποστολικῆς</strong></span> <span class='ocrx_word' id='word_1_455' title='bbox 1584 1334 1731 1365; x_wconf 81' lang='grc' dir='ltr'><strong>διαδόσεως</strong></span> <span class='ocrx_word' id='word_1_456' title='bbox 1756 1335 1852 1368; x_wconf 82' lang='grc' dir='ltr'><strong>Ἔρως</strong></span> 
     </span>
    </p>
   </div>
   <div class='ocr_carea' id='block_1_71' title="bbox 1063 1377 1851 1413">
    <p class='ocr_par' dir='ltr' id='par_1_71' title="bbox 1063 1377 1851 1413">
     <span class='ocr_line' id='line_1_71' title="bbox 1063 1377 1851 1413; baseline 0 -8"><span class='ocrx_word' id='word_1_457' title='bbox 1063 1379 1215 1410; x_wconf 73' lang='grc' dir='ltr'><strong>ἐπίσκοπος</strong></span> <span class='ocrx_word' id='word_1_458' title='bbox 1236 1377 1411 1413; x_wconf 76' lang='grc' dir='ltr'><strong>ὲγνωρίζετο.</strong></span> <span class='ocrx_word' id='word_1_459' title='bbox 1431 1378 1533 1410; x_wconf 84' lang='grc' dir='ltr'><strong>Ἕκτος</strong></span> <span class='ocrx_word' id='word_1_460' title='bbox 1557 1379 1580 1404; x_wconf 87' lang='grc' dir='ltr'><strong>δ’</strong></span> <span class='ocrx_word' id='word_1_461' title='bbox 1603 1379 1647 1404; x_wconf 75' lang='grc' dir='ltr'><strong>ἐπ’</strong></span> <span class='ocrx_word' id='word_1_462' title='bbox 1666 1379 1768 1413; x_wconf 76' lang='grc' dir='ltr'><strong>ἐκείνῳ</strong></span> <span class='ocrx_word' id='word_1_463' title='bbox 1785 1379 1851 1405; x_wconf 74' lang='lat'><strong>856-</strong></span> 
     </span>
    </p>
   </div>
   <div class='ocr_carea' id='block_1_72' title="bbox 1064 1423 1852 1460">
    <p class='ocr_par' dir='ltr' id='par_1_72' title="bbox 1064 1423 1852 1460">
     <span class='ocr_line' id='line_1_72' title="bbox 1064 1423 1852 1460; baseline -0.001 -8"><span class='ocrx_word' id='word_1_464' title='bbox 1064 1426 1141 1460; x_wconf 78' lang='grc' dir='ltr'><strong>φιλος</strong></span> <span class='ocrx_word' id='word_1_465' title='bbox 1154 1425 1274 1460; x_wconf 75' lang='grc' dir='ltr'><strong>διάδοχος</strong></span> <span class='ocrx_word' id='word_1_466' title='bbox 1290 1423 1334 1460; x_wconf 78' lang='grc' dir='ltr'><strong>ἦν.</strong></span> <span class='ocrx_word' id='word_1_467' title='bbox 1351 1424 1454 1451; x_wconf 81' lang='grc' dir='ltr'><strong>Τοῦτον</strong></span> <span class='ocrx_word' id='word_1_468' title='bbox 1466 1425 1488 1451; x_wconf 80' lang='grc' dir='ltr'><strong>δ’</strong></span> <span class='ocrx_word' id='word_1_469' title='bbox 1505 1424 1620 1459; x_wconf 77' lang='grc' dir='ltr'><strong>ἕϐδομος</strong></span> <span class='ocrx_word' id='word_1_470' title='bbox 1633 1426 1688 1451; x_wconf 79' lang='grc' dir='ltr'><strong>ἀπὸ</strong></span> <span class='ocrx_word' id='word_1_471' title='bbox 1709 1425 1765 1452; x_wconf 76' lang='grc' dir='ltr'><strong>τῶν</strong></span> <span class='ocrx_word' id='word_1_472' title='bbox 1783 1426 1852 1452; x_wconf 77' lang='grc' dir='ltr'><strong>ἀπο-</strong></span> 
     </span>
    </p>
   </div>
   <div class='ocr_carea' id='block_1_73' title="bbox 1065 1470 1853 1506">
    <p class='ocr_par' dir='ltr' id='par_1_73' title="bbox 1065 1470 1853 1506">
     <span class='ocr_line' id='line_1_73' title="bbox 1065 1470 1853 1506; baseline 0 -9"><span class='ocrx_word' id='word_1_473' title='bbox 1065 1471 1167 1498; x_wconf 84' lang='grc' dir='ltr'><strong>στόλων</strong></span> <span class='ocrx_word' id='word_1_474' title='bbox 1186 1471 1341 1505; x_wconf 83' lang='grc' dir='ltr'><strong>διαδέχεται</strong></span> <span class='ocrx_word' id='word_1_475' title='bbox 1363 1470 1529 1505; x_wconf 78' lang='grc' dir='ltr'><strong>Μαξιμϊνος.</strong></span> <span class='ocrx_word' id='word_1_476' title='bbox 1547 1470 1607 1497; x_wconf 87' lang='grc' dir='ltr'><strong>Τῶν</strong></span> <span class='ocrx_word' id='word_1_477' title='bbox 1632 1470 1655 1496; x_wconf 85' lang='grc' dir='ltr'><strong>δ’</strong></span> <span class='ocrx_word' id='word_1_478' title='bbox 1684 1471 1713 1497; x_wconf 82' lang='grc' dir='ltr'><strong>ἑν</strong></span> <span class='ocrx_word' id='word_1_479' title='bbox 1732 1471 1853 1506; x_wconf 72' lang='grc' dir='ltr'><strong>Ἱερων-</strong></span> 
     </span>
    </p>
   </div>
   <div class='ocr_carea' id='block_1_74' title="bbox 1064 1516 1852 1552">
    <p class='ocr_par' dir='ltr' id='par_1_74' title="bbox 1064 1516 1852 1552">
     <span class='ocr_line' id='line_1_74' title="bbox 1064 1516 1852 1552; baseline -0.003 -8"><span class='ocrx_word' id='word_1_480' title='bbox 1064 1517 1163 1552; x_wconf 87' lang='grc' dir='ltr'><strong>λύμοις</strong></span> <span class='ocrx_word' id='word_1_481' title='bbox 1193 1516 1350 1543; x_wconf 79' lang='grc' dir='ltr'><strong>ἐπισκόπων</strong></span> <span class='ocrx_word' id='word_1_482' title='bbox 1381 1517 1447 1547; x_wconf 85' lang='grc' dir='ltr'><strong>τοὺς</strong></span> <span class='ocrx_word' id='word_1_483' title='bbox 1483 1516 1597 1550; x_wconf 85' lang='grc' dir='ltr'><strong>χρόνους</strong></span> <span class='ocrx_word' id='word_1_484' title='bbox 1622 1516 1724 1551; x_wconf 78' lang='grc' dir='ltr'><strong>ἥκιστα</strong></span> <span class='ocrx_word' id='word_1_485' title='bbox 1754 1517 1852 1552; x_wconf 77' lang='grc' dir='ltr'><strong>γραφῇ</strong></span> 
     </span>
    </p>
   </div>
   <div class='ocr_carea' id='block_1_75' title="bbox 1061 1562 1854 1597">
    <p class='ocr_par' dir='ltr' id='par_1_75' title="bbox 1061 1562 1854 1597">
     <span class='ocr_line' id='line_1_75' title="bbox 1061 1562 1854 1597; baseline -0.003 -7"><span class='ocrx_word' id='word_1_486' title='bbox 1061 1563 1244 1595; x_wconf 78' lang='grc' dir='ltr'><strong>διασώζεσθαι</strong></span> <span class='ocrx_word' id='word_1_487' title='bbox 1257 1562 1381 1597; x_wconf 74' lang='grc' dir='ltr'><strong>ἔγνωμεν</strong></span> <span class='ocrx_word' id='word_1_488' title='bbox 1393 1569 1400 1577; x_wconf 79' lang='grc'><strong>’</strong></span> <span class='ocrx_word' id='word_1_489' title='bbox 1421 1562 1585 1597; x_wconf 82' lang='grc' dir='ltr'><strong>βραχυϐίους</strong></span> <span class='ocrx_word' id='word_1_490' title='bbox 1611 1563 1666 1597; x_wconf 83' lang='grc' dir='ltr'><strong>γὰρ</strong></span> <span class='ocrx_word' id='word_1_491' title='bbox 1680 1562 1785 1594; x_wconf 74' lang='grc' dir='ltr'><strong>αὐτοὺς</strong></span> <span class='ocrx_word' id='word_1_492' title='bbox 1810 1571 1854 1596; x_wconf 85' lang='grc' dir='ltr'><strong>γε-</strong></span> 
     </span>
    </p>
   </div>
   <div class='ocr_carea' id='block_1_76' title="bbox 1061 1607 1854 1643">
    <p class='ocr_par' dir='ltr' id='par_1_76' title="bbox 1061 1607 1854 1643">
     <span class='ocr_line' id='line_1_76' title="bbox 1061 1607 1854 1643; baseline -0.003 -7"><span class='ocrx_word' id='word_1_493' title='bbox 1061 1609 1156 1636; x_wconf 82' lang='grc' dir='ltr'><strong>νέσθαι</strong></span> <span class='ocrx_word' id='word_1_494' title='bbox 1184 1608 1262 1643; x_wconf 77' lang='grc' dir='ltr'><strong>λόγος</strong></span> <span class='ocrx_word' id='word_1_495' title='bbox 1277 1608 1346 1643; x_wconf 77' lang='grc' dir='ltr'><strong>ἔχει.</strong></span> <span class='ocrx_word' id='word_1_496' title='bbox 1379 1608 1580 1635; x_wconf 85' lang='grc' dir='ltr'><strong>Πεντεκαίδεκα</strong></span> <span class='ocrx_word' id='word_1_497' title='bbox 1605 1608 1656 1643; x_wconf 76' lang='grc' dir='ltr'><strong>μὲν</strong></span> <span class='ocrx_word' id='word_1_498' title='bbox 1678 1607 1726 1634; x_wconf 85' lang='grc' dir='ltr'><strong>οὖν</strong></span> <span class='ocrx_word' id='word_1_499' title='bbox 1752 1609 1854 1639; x_wconf 70' lang='grc' dir='ltr'><strong>αὐτοὺς</strong></span> 
     </span>
    </p>
   </div>
   <div class='ocr_carea' id='block_1_77' title="bbox 1061 1653 1854 1690">
    <p class='ocr_par' dir='ltr' id='par_1_77' title="bbox 1061 1653 1854 1690">
     <span class='ocr_line' id='line_1_77' title="bbox 1061 1653 1854 1690; baseline -0.001 -9"><span class='ocrx_word' id='word_1_500' title='bbox 1061 1655 1080 1690; x_wconf 85' lang='grc' dir='ltr'><strong>ἡ</strong></span> <span class='ocrx_word' id='word_1_501' title='bbox 1097 1655 1206 1689; x_wconf 75' lang='grc' dir='ltr'><strong>ἱστορία</strong></span> <span class='ocrx_word' id='word_1_502' title='bbox 1235 1654 1263 1688; x_wconf 78' lang='grc' dir='ltr'><strong>ἐξ</strong></span> <span class='ocrx_word' id='word_1_503' title='bbox 1279 1654 1406 1690; x_wconf 81' lang='grc' dir='ltr'><strong>ἀγράφου</strong></span> <span class='ocrx_word' id='word_1_504' title='bbox 1426 1654 1598 1689; x_wconf 83' lang='grc' dir='ltr'><strong>παρέδωκεν,</strong></span> <span class='ocrx_word' id='word_1_505' title='bbox 1631 1653 1681 1685; x_wconf 80' lang='grc' dir='ltr'><strong>οὓς</strong></span> <span class='ocrx_word' id='word_1_506' title='bbox 1703 1653 1854 1690; x_wconf 74' lang='grc' dir='ltr'><strong>Ἐῦραίους</strong></span> 
     </span>
    </p>
   </div>
   <div class='ocr_carea' id='block_1_78' title="bbox 1062 1700 1854 1736">
    <p class='ocr_par' dir='ltr' id='par_1_78' title="bbox 1062 1700 1854 1736">
     <span class='ocr_line' id='line_1_78' title="bbox 1062 1700 1854 1736; baseline -0.001 -9"><span class='ocrx_word' id='word_1_507' title='bbox 1062 1701 1154 1733; x_wconf 72' lang='grc' dir='ltr'><strong>ὄντας,</strong></span> <span class='ocrx_word' id='word_1_508' title='bbox 1168 1701 1292 1732; x_wconf 67' lang='grc' dir='ltr'><strong>ἅπαντας</strong></span> <span class='ocrx_word' id='word_1_509' title='bbox 1300 1701 1331 1727; x_wconf 77' lang='grc' dir='ltr'><strong>τὸ</strong></span> <span class='ocrx_word' id='word_1_510' title='bbox 1349 1700 1438 1736; x_wconf 85' lang='grc' dir='ltr'><strong>χρεὼν</strong></span> <span class='ocrx_word' id='word_1_511' title='bbox 1451 1700 1662 1736; x_wconf 76' lang='grc' dir='ltr'><strong>λειτουργῆσαι,</strong></span> <span class='ocrx_word' id='word_1_512' title='bbox 1679 1701 1714 1728; x_wconf 84' lang='grc' dir='ltr'><strong>τὰ</strong></span> <span class='ocrx_word' id='word_1_513' title='bbox 1729 1700 1854 1736; x_wconf 81' lang='grc' dir='ltr'><strong>Χριστοῦ</strong></span> 
     </span>
    </p>
   </div>
   <div class='ocr_carea' id='block_1_79' title="bbox 1063 1745 1855 1782">
    <p class='ocr_par' dir='ltr' id='par_1_79' title="bbox 1063 1745 1855 1782">
     <span class='ocr_line' id='line_1_79' title="bbox 1063 1745 1855 1782; baseline 0.001 -10"><span class='ocrx_word' id='word_1_514' title='bbox 1063 1746 1184 1781; x_wconf 84' lang='grc' dir='ltr'><strong>γνησίως</strong></span> <span class='ocrx_word' id='word_1_515' title='bbox 1198 1746 1411 1781; x_wconf 81' lang='grc' dir='ltr'><strong>ἀσπασαμένους</strong></span> <span class='ocrx_word' id='word_1_516' title='bbox 1421 1754 1429 1763; x_wconf 75' lang='lat'>&#39;</span> <span class='ocrx_word' id='word_1_517' title='bbox 1446 1745 1494 1773; x_wconf 73' lang='grc' dir='ltr'><strong>καὶ</strong></span> <span class='ocrx_word' id='word_1_518' title='bbox 1510 1746 1650 1779; x_wconf 78' lang='grc' dir='ltr'><strong>τοσοῦτον,</strong></span> <span class='ocrx_word' id='word_1_519' title='bbox 1664 1746 1702 1778; x_wconf 87' lang='grc' dir='ltr'><strong>ὡς</strong></span> <span class='ocrx_word' id='word_1_520' title='bbox 1714 1747 1764 1773; x_wconf 69' lang='grc' dir='ltr'><strong>καὶ</strong></span> <span class='ocrx_word' id='word_1_521' title='bbox 1778 1747 1855 1782; x_wconf 66' lang='grc' dir='ltr'><strong>παρὰ</strong></span> 
     </span>
    </p>
   </div>
   <div class='ocr_carea' id='block_1_80' title="bbox 1064 1792 1856 1828">
    <p class='ocr_par' dir='ltr' id='par_1_80' title="bbox 1064 1792 1856 1828">
     <span class='ocr_line' id='line_1_80' title="bbox 1064 1792 1856 1828; baseline 0.001 -10"><span class='ocrx_word' id='word_1_522' title='bbox 1064 1792 1118 1819; x_wconf 88' lang='grc' dir='ltr'><strong>τῶν</strong></span> <span class='ocrx_word' id='word_1_523' title='bbox 1135 1792 1262 1827; x_wconf 81' lang='grc' dir='ltr'><strong>τηνικάδε</strong></span> <span class='ocrx_word' id='word_1_524' title='bbox 1281 1793 1327 1819; x_wconf 59' lang='grc' dir='ltr'><strong>καὶ¹</strong></span> <span class='ocrx_word' id='word_1_525' title='bbox 1340 1793 1379 1823; x_wconf 83' lang='grc' dir='ltr'><strong>εις</strong></span> <span class='ocrx_word' id='word_1_526' title='bbox 1395 1792 1445 1828; x_wconf 81' lang='grc' dir='ltr'><strong>τὴν</strong></span> <span class='ocrx_word' id='word_1_527' title='bbox 1460 1792 1594 1827; x_wconf 85' lang='grc' dir='ltr'><strong>τοσαύτην</strong></span> <span class='ocrx_word' id='word_1_528' title='bbox 1621 1793 1791 1828; x_wconf 76' lang='grc' dir='ltr'><strong>ὲγκριθῆναι</strong></span> <span class='ocrx_word' id='word_1_529' title='bbox 1810 1801 1856 1819; x_wconf 78' lang='grc' dir='ltr'><strong>πε·</strong></span> 
     </span>
    </p>
   </div>
   <div class='ocr_carea' id='block_1_81' title="bbox 1065 1837 1855 1874">
    <p class='ocr_par' dir='ltr' id='par_1_81' title="bbox 1065 1837 1855 1874">
     <span class='ocr_line' id='line_1_81' title="bbox 1065 1837 1855 1874; baseline 0.003 -10"><span class='ocrx_word' id='word_1_530' title='bbox 1065 1839 1184 1874; x_wconf 83' lang='grc' dir='ltr'><strong>ριωπήν.</strong></span> <span class='ocrx_word' id='word_1_531' title='bbox 1206 1837 1262 1873; x_wconf 81' lang='grc' dir='ltr'><strong>Τὴν</strong></span> <span class='ocrx_word' id='word_1_532' title='bbox 1299 1838 1354 1873; x_wconf 81' lang='grc' dir='ltr'><strong>γὰρ</strong></span> <span class='ocrx_word' id='word_1_533' title='bbox 1378 1839 1471 1865; x_wconf 81' lang='grc' dir='ltr'><strong>πᾶσαν</strong></span> <span class='ocrx_word' id='word_1_534' title='bbox 1506 1838 1676 1874; x_wconf 78' lang='grc' dir='ltr'><strong>Ἐκκλησίαν</strong></span> <span class='ocrx_word' id='word_1_535' title='bbox 1699 1840 1801 1874; x_wconf 72' lang='grc' dir='ltr'><strong>σχεδὸν</strong></span> <span class='ocrx_word' id='word_1_536' title='bbox 1826 1842 1855 1866; x_wconf 74' lang='grc' dir='ltr'>ἐι</span> 
     </span>
    </p>
   </div>
   <div class='ocr_carea' id='block_1_82' title="bbox 1065 1883 1856 1919">
    <p class='ocr_par' dir='ltr' id='par_1_82' title="bbox 1065 1883 1856 1919">
     <span class='ocr_line' id='line_1_82' title="bbox 1065 1883 1856 1919; baseline -0.001 -8"><span class='ocrx_word' id='word_1_537' title='bbox 1065 1885 1168 1911; x_wconf 78' lang='grc' dir='ltr'><strong>πιστῶν</strong></span> <span class='ocrx_word' id='word_1_538' title='bbox 1190 1883 1325 1919; x_wconf 78' lang='grc' dir='ltr'><strong>Ἐϐραίων</strong></span> <span class='ocrx_word' id='word_1_539' title='bbox 1345 1884 1400 1911; x_wconf 81' lang='grc' dir='ltr'><strong>ἀπὸ</strong></span> <span class='ocrx_word' id='word_1_540' title='bbox 1422 1885 1477 1911; x_wconf 86' lang='grc' dir='ltr'><strong>τῶν</strong></span> <span class='ocrx_word' id='word_1_541' title='bbox 1502 1885 1661 1912; x_wconf 80' lang='grc' dir='ltr'><strong>ἀποστόλων</strong></span> <span class='ocrx_word' id='word_1_542' title='bbox 1681 1886 1856 1912; x_wconf 79' lang='grc' dir='ltr'><strong>καθεστάναι</strong></span> 
     </span>
    </p>
   </div>
   <div class='ocr_carea' id='block_1_83' title="bbox 1066 1929 1857 1966">
    <p class='ocr_par' dir='ltr' id='par_1_83' title="bbox 1066 1929 1857 1966">
     <span class='ocr_line' id='line_1_83' title="bbox 1066 1929 1857 1966; baseline 0.003 -11"><span class='ocrx_word' id='word_1_543' title='bbox 1066 1929 1220 1964; x_wconf 83' lang='grc' dir='ltr'><strong>ἱστόρηται,</strong></span> <span class='ocrx_word' id='word_1_544' title='bbox 1253 1930 1301 1956; x_wconf 76' lang='grc' dir='ltr'><strong>καὶ</strong></span> <span class='ocrx_word' id='word_1_545' title='bbox 1331 1930 1414 1964; x_wconf 79' lang='grc' dir='ltr'><strong>μέχρι</strong></span> <span class='ocrx_word' id='word_1_546' title='bbox 1440 1930 1468 1956; x_wconf 82' lang='grc' dir='ltr'><strong>δὲ</strong></span> <span class='ocrx_word' id='word_1_547' title='bbox 1488 1930 1538 1964; x_wconf 90' lang='grc' dir='ltr'><strong>τῆς</strong></span> <span class='ocrx_word' id='word_1_548' title='bbox 1565 1930 1687 1965; x_wconf 80' lang='grc' dir='ltr'><strong>ὑστάτης</strong></span> <span class='ocrx_word' id='word_1_549' title='bbox 1709 1932 1857 1966; x_wconf 79' lang='grc' dir='ltr'><strong>διαρκέσαι</strong></span> 
     </span>
    </p>
   </div>
   <div class='ocr_carea' id='block_1_84' title="bbox 1066 1975 1859 2012">
    <p class='ocr_par' dir='ltr' id='par_1_84' title="bbox 1066 1975 1859 2012">
     <span class='ocr_line' id='line_1_84' title="bbox 1066 1975 1859 2012; baseline 0.001 -11"><span class='ocrx_word' id='word_1_550' title='bbox 1066 1976 1239 2012; x_wconf 86' lang='grc' dir='ltr'><strong>πολιορκίας.</strong></span> <span class='ocrx_word' id='word_1_551' title='bbox 1250 1975 1306 2002; x_wconf 77' lang='grc' dir='ltr'><strong>Καὶ</strong></span> <span class='ocrx_word' id='word_1_552' title='bbox 1319 1975 1409 2002; x_wconf 89' lang='grc' dir='ltr'><strong>τοίνυν</strong></span> <span class='ocrx_word' id='word_1_553' title='bbox 1423 1975 1480 2002; x_wconf 84' lang='grc' dir='ltr'><strong>τῶν</strong></span> <span class='ocrx_word' id='word_1_554' title='bbox 1495 1977 1528 2003; x_wconf 78' lang='grc' dir='ltr'><strong>ἐκ</strong></span> <span class='ocrx_word' id='word_1_555' title='bbox 1544 1976 1702 2011; x_wconf 81' lang='grc' dir='ltr'><strong>περιτομῆς</strong></span> <span class='ocrx_word' id='word_1_556' title='bbox 1717 1977 1859 2004; x_wconf 75' lang='grc' dir='ltr'><strong>ἐπιλελοι-</strong></span> 
     </span>
    </p>
   </div>
   <div class='ocr_carea' id='block_1_85' title="bbox 1067 2022 1859 2058">
    <p class='ocr_par' dir='ltr' id='par_1_85' title="bbox 1067 2022 1859 2058">
     <span class='ocr_line' id='line_1_85' title="bbox 1067 2022 1859 2058; baseline 0.001 -9"><span class='ocrx_word' id='word_1_557' title='bbox 1067 2023 1158 2049; x_wconf 86' lang='grc' dir='ltr'><strong>πότων</strong></span> <span class='ocrx_word' id='word_1_558' title='bbox 1183 2023 1337 2057; x_wconf 88' lang='grc' dir='ltr'><strong>ἀρχιερέων</strong></span> <span class='ocrx_word' id='word_1_559' title='bbox 1361 2023 1422 2054; x_wconf 81' lang='grc' dir='ltr'><strong>ταῖς</strong></span> <span class='ocrx_word' id='word_1_560' title='bbox 1453 2022 1522 2058; x_wconf 81' lang='grc' dir='ltr'><strong>πρὸς</strong></span> <span class='ocrx_word' id='word_1_561' title='bbox 1548 2022 1682 2058; x_wconf 81' lang='grc' dir='ltr'><strong>ἀλλήλους</strong></span> <span class='ocrx_word' id='word_1_562' title='bbox 1717 2024 1859 2050; x_wconf 81' lang='grc' dir='ltr'><strong>Ἰουδαίων</strong></span> 
     </span>
    </p>
   </div>
   <div class='ocr_carea' id='block_1_86' title="bbox 229 2067 1015 2104">
    <p class='ocr_par' dir='ltr' id='par_1_86' title="bbox 229 2067 1015 2104">
     <span class='ocr_line' id='line_1_86' title="bbox 229 2067 1015 2104; baseline -0.008 -5"><span class='ocrx_word' id='word_1_563' title='bbox 229 2078 331 2102; x_wconf 85' lang='lat' dir='ltr'><strong>nonus,</strong></span> <span class='ocrx_word' id='word_1_564' title='bbox 348 2069 512 2104; x_wconf 82' lang='lat' dir='ltr'><strong>Philippus;</strong></span> <span class='ocrx_word' id='word_1_565' title='bbox 538 2069 678 2100; x_wconf 86' lang='lat' dir='ltr'><strong>decimus,</strong></span> <span class='ocrx_word' id='word_1_566' title='bbox 696 2067 820 2100; x_wconf 82' lang='lat' dir='ltr'><strong>Seneca;</strong></span> <span class='ocrx_word' id='word_1_567' title='bbox 839 2067 1015 2100; x_wconf 79' lang='lat' dir='ltr'><strong>undecimus,</strong></span> 
     </span>
    </p>
   </div>
   <div class='ocr_carea' id='block_1_87' title="bbox 229 2112 1017 2150">
    <p class='ocr_par' dir='ltr' id='par_1_87' title="bbox 229 2112 1017 2150">
     <span class='ocr_line' id='line_1_87' title="bbox 229 2112 1017 2150; baseline -0.009 -5"><span class='ocrx_word' id='word_1_568' title='bbox 229 2118 344 2149; x_wconf 83' lang='lat' dir='ltr'><strong>Justus;</strong></span> <span class='ocrx_word' id='word_1_569' title='bbox 360 2116 448 2143; x_wconf 69' lang='lat' dir='ltr'><strong>hebes</strong></span> <span class='ocrx_word' id='word_1_570' title='bbox 460 2116 510 2150; x_wconf 79' lang='lat'><strong>(5).</strong></span> <span class='ocrx_word' id='word_1_571' title='bbox 528 2115 728 2146; x_wconf 86' lang='lat' dir='ltr'><strong>duodecimus;</strong></span> <span class='ocrx_word' id='word_1_572' title='bbox 748 2113 882 2147; x_wconf 84' lang='lat' dir='ltr'><strong>Ephrem,</strong></span> <span class='ocrx_word' id='word_1_573' title='bbox 898 2112 1017 2140; x_wconf 86' lang='lat' dir='ltr'><strong>tredeci-</strong></span> 
     </span>
    </p>
   </div>
   <div class='ocr_carea' id='block_1_88' title="bbox 1069 2068 1859 2106">
    <p class='ocr_par' dir='ltr' id='par_1_88' title="bbox 1069 2068 1859 2106">
     <span class='ocr_line' id='line_1_88' title="bbox 1069 2068 1859 2106; baseline 0.001 -12"><span class='ocrx_word' id='word_1_574' title='bbox 1069 2069 1181 2095; x_wconf 85' lang='grc' dir='ltr'><strong>στάσεσι</strong></span> <span class='ocrx_word' id='word_1_575' title='bbox 1206 2068 1254 2094; x_wconf 74' lang='grc' dir='ltr'><strong>καὶ</strong></span> <span class='ocrx_word' id='word_1_576' title='bbox 1280 2068 1517 2102; x_wconf 77' lang='grc' dir='ltr'><strong>φρενοϐλαϐείαις,</strong></span> <span class='ocrx_word' id='word_1_577' title='bbox 1541 2069 1636 2096; x_wconf 78' lang='grc' dir='ltr'><strong>λοιπὸν</strong></span> <span class='ocrx_word' id='word_1_578' title='bbox 1656 2069 1691 2095; x_wconf 87' lang='grc' dir='ltr'><strong>ἂν</strong></span> <span class='ocrx_word' id='word_1_579' title='bbox 1719 2071 1777 2106; x_wconf 73' lang='grc' dir='ltr'><strong>εἴη.</strong></span> <span class='ocrx_word' id='word_1_580' title='bbox 1811 2072 1859 2104; x_wconf 74' lang='grc' dir='ltr'><strong>τὴν</strong></span> 
     </span>
    </p>
   </div>
   <div class='ocr_carea' id='block_1_89' title="bbox 1068 2113 1860 2149">
    <p class='ocr_par' dir='ltr' id='par_1_89' title="bbox 1068 2113 1860 2149">
     <span class='ocr_line' id='line_1_89' title="bbox 1068 2113 1860 2149; baseline 0.004 -9"><span class='ocrx_word' id='word_1_581' title='bbox 1068 2114 1139 2141; x_wconf 83' lang='grc' dir='ltr'><strong>κατὰ</strong></span> <span class='ocrx_word' id='word_1_582' title='bbox 1156 2114 1274 2149; x_wconf 78' lang='grc' dir='ltr'><strong>Χριστὸν</strong></span> <span class='ocrx_word' id='word_1_583' title='bbox 1288 2113 1453 2148; x_wconf 81' lang='grc' dir='ltr'><strong>δεξαμένους</strong></span> <span class='ocrx_word' id='word_1_584' title='bbox 1468 2114 1581 2147; x_wconf 84' lang='grc' dir='ltr'><strong>γνῶσιν,</strong></span> <span class='ocrx_word' id='word_1_585' title='bbox 1615 2115 1721 2142; x_wconf 74' lang='grc' dir='ltr'><strong>ἀνωθεν</strong></span> <span class='ocrx_word' id='word_1_586' title='bbox 1734 2117 1860 2143; x_wconf 82' lang='grc' dir='ltr'><strong>καταλέ-</strong></span> 
     </span>
    </p>
   </div>
   <div class='ocr_carea' id='block_1_90' title="bbox 231 2158 975 2198">
    <p class='ocr_par' dir='ltr' id='par_1_90' title="bbox 231 2159 975 2198">
     <span class='ocr_line' id='line_1_90' title="bbox 231 2159 975 2198; baseline -0.008 -7"><span class='ocrx_word' id='word_1_587' title='bbox 231 2172 311 2198; x_wconf 86' lang='lat' dir='ltr'><strong>mns;</strong></span> <span class='ocrx_word' id='word_1_588' title='bbox 327 2167 442 2198; x_wconf 87' lang='lat' dir='ltr'><strong>quartus</strong></span> <span class='ocrx_word' id='word_1_589' title='bbox 467 2162 602 2194; x_wconf 87' lang='lat' dir='ltr'><strong>decimus,</strong></span> <span class='ocrx_word' id='word_1_590' title='bbox 625 2159 743 2194; x_wconf 85' lang='lat' dir='ltr'><strong>Joseph;</strong></span> <span class='ocrx_word' id='word_1_591' title='bbox 762 2164 789 2186; x_wconf 88' lang='lat' dir='ltr'><strong>et</strong></span> <span class='ocrx_word' id='word_1_592' title='bbox 812 2159 975 2194; x_wconf 67' lang='lat' dir='ltr'><strong>quindecimt</strong></span> 
     </span>
    </p>
   </div>
   <div class='ocr_carea' id='block_1_91' title="bbox 1117 2158 1861 2198">
    <p class='ocr_par' dir='ltr' id='par_1_91' title="bbox 1117 2158 1861 2197">
     <span class='ocr_line' id='line_1_91' title="bbox 1117 2158 1861 2197; baseline 0.001 -10"><span class='ocrx_word' id='word_1_593' title='bbox 1117 2161 1240 2197; x_wconf 84' lang='grc' dir='ltr'><strong>,Πρῶτος</strong></span> <span class='ocrx_word' id='word_1_594' title='bbox 1253 2161 1345 2187; x_wconf 86' lang='grc' dir='ltr'><strong>τοίνυν</strong></span> <span class='ocrx_word' id='word_1_595' title='bbox 1366 2160 1494 2192; x_wconf 74' lang='grc' dir='ltr'><strong>Ἰάκωϐος</strong></span> <span class='ocrx_word' id='word_1_596' title='bbox 1507 2158 1542 2196; x_wconf 88' lang='grc' dir='ltr'><strong>ἦν</strong></span> <span class='ocrx_word' id='word_1_597' title='bbox 1556 2162 1571 2186; x_wconf 82' lang='grc' dir='ltr'>ὀ</span> <span class='ocrx_word' id='word_1_598' title='bbox 1585 2161 1634 2187; x_wconf 80' lang='grc' dir='ltr'><strong>τοῦ</strong></span> <span class='ocrx_word' id='word_1_599' title='bbox 1655 2162 1763 2196; x_wconf 86' lang='grc' dir='ltr'><strong>Κυρίου</strong></span> <span class='ocrx_word' id='word_1_600' title='bbox 1777 2163 1861 2196; x_wconf 75' lang='grc' dir='ltr'><strong>λεγό-</strong></span> 
     </span>
    </p>
   </div>
   <div class='ocr_carea' id='block_1_92' title="bbox 230 2204 974 2243">
    <p class='ocr_par' dir='ltr' id='par_1_92' title="bbox 230 2205 974 2243">
     <span class='ocr_line' id='line_1_92' title="bbox 230 2205 974 2243; baseline -0.008 -5"><span class='ocrx_word' id='word_1_601' title='bbox 230 2210 326 2239; x_wconf 89' lang='lat' dir='ltr'><strong>Judas.</strong></span> <span class='ocrx_word' id='word_1_602' title='bbox 342 2209 458 2242; x_wconf 86' lang='lat' dir='ltr'><strong>Quibus,</strong></span> <span class='ocrx_word' id='word_1_603' title='bbox 468 2212 530 2243; x_wconf 83' lang='lat' dir='ltr'><strong>post</strong></span> <span class='ocrx_word' id='word_1_604' title='bbox 546 2207 718 2234; x_wconf 83' lang='lat' dir='ltr'><strong>eversionem</strong></span> <span class='ocrx_word' id='word_1_605' title='bbox 735 2205 822 2237; x_wconf 87' lang='lat' dir='ltr'><strong>urbis,</strong></span> <span class='ocrx_word' id='word_1_606' title='bbox 838 2213 871 2232; x_wconf 84' lang='lat' dir='ltr'><strong>ex</strong></span> <span class='ocrx_word' id='word_1_607' title='bbox 886 2205 974 2239; x_wconf 76' lang='lat' dir='ltr'><strong>gentili</strong></span> 
     </span>
    </p>
   </div>
   <div class='ocr_carea' id='block_1_93' title="bbox 1115 2204 1859 2243">
    <p class='ocr_par' dir='ltr' id='par_1_93' title="bbox 1117 2204 1859 2243">
     <span class='ocr_line' id='line_1_93' title="bbox 1117 2204 1859 2243; baseline 0.003 -10"><span class='ocrx_word' id='word_1_608' title='bbox 1117 2215 1145 2238; x_wconf 88' lang='grc' dir='ltr'><strong>ος</strong></span> <span class='ocrx_word' id='word_1_609' title='bbox 1174 2207 1307 2240; x_wconf 74' lang='grc' dir='ltr'><strong>ἀδελφός·</strong></span> <span class='ocrx_word' id='word_1_610' title='bbox 1338 2206 1398 2239; x_wconf 85' lang='grc' dir='ltr'><strong>μεθ’</strong></span> <span class='ocrx_word' id='word_1_611' title='bbox 1421 2206 1454 2233; x_wconf 82' lang='grc' dir='ltr'><strong>ὃν</strong></span> <span class='ocrx_word' id='word_1_612' title='bbox 1495 2204 1529 2242; x_wconf 84' lang='grc' dir='ltr'><strong>ἦν</strong></span> <span class='ocrx_word' id='word_1_613' title='bbox 1553 2206 1683 2243; x_wconf 85' lang='grc' dir='ltr'><strong>δεύτερος</strong></span> <span class='ocrx_word' id='word_1_614' title='bbox 1714 2209 1859 2243; x_wconf 74' lang='grc' dir='ltr'><strong>Συμεὼν⁸</strong></span> 
     </span>
    </p>
   </div>
   <div class='ocr_carea' id='block_1_94' title="bbox 230 2252 974 2288">
    <p class='ocr_par' dir='ltr' id='par_1_94' title="bbox 230 2252 974 2288">
     <span class='ocr_line' id='line_1_94' title="bbox 230 2252 974 2288; baseline -0.012 -2"><span class='ocrx_word' id='word_1_615' title='bbox 230 2258 364 2287; x_wconf 86' lang='lat' dir='ltr'><strong>successit</strong></span> <span class='ocrx_word' id='word_1_616' title='bbox 377 2256 496 2288; x_wconf 70' lang='lat' dir='ltr'><strong>Marcus,</strong></span> <span class='ocrx_word' id='word_1_617' title='bbox 514 2255 566 2281; x_wconf 86' lang='lat' dir='ltr'><strong>Tot</strong></span> <span class='ocrx_word' id='word_1_618' title='bbox 580 2253 780 2288; x_wconf 86' lang='lat' dir='ltr'><strong>Hierosolymis</strong></span> <span class='ocrx_word' id='word_1_619' title='bbox 794 2252 830 2279; x_wconf 90' lang='lat' dir='ltr'><strong>ab</strong></span> <span class='ocrx_word' id='word_1_620' title='bbox 844 2252 911 2287; x_wconf 85' lang='lat' dir='ltr'><strong>ipsis</strong></span> <span class='ocrx_word' id='word_1_621' title='bbox 926 2259 942 2278; x_wconf 85' lang='grc' dir='ltr'><strong>ιι</strong></span> <span class='ocrx_word' id='word_1_622' title='bbox 960 2259 974 2286; x_wconf 91' lang='lat' dir='ltr'><strong>q</strong></span> 
     </span>
    </p>
   </div>
   <div class='ocr_carea' id='block_1_95' title="bbox 1119 2252 1863 2288">
    <p class='ocr_par' dir='ltr' id='par_1_95' title="bbox 1119 2252 1863 2288">
     <span class='ocr_line' id='line_1_95' title="bbox 1119 2252 1863 2288; baseline 0 -9"><span class='ocrx_word' id='word_1_623' title='bbox 1119 2261 1159 2284; x_wconf 80' lang='grc' dir='ltr'><strong>τος</strong></span> <span class='ocrx_word' id='word_1_624' title='bbox 1180 2252 1308 2284; x_wconf 81' lang='grc' dir='ltr'><strong>Ἰοῦστος·</strong></span> <span class='ocrx_word' id='word_1_625' title='bbox 1324 2254 1458 2288; x_wconf 88' lang='grc' dir='ltr'><strong>Ζακχαῖος</strong></span> <span class='ocrx_word' id='word_1_626' title='bbox 1471 2252 1504 2279; x_wconf 76' lang='grc' dir='ltr'><strong>δ’·</strong></span> <span class='ocrx_word' id='word_1_627' title='bbox 1519 2252 1646 2287; x_wconf 81' lang='grc' dir='ltr'><strong>πέμπτος</strong></span> <span class='ocrx_word' id='word_1_628' title='bbox 1658 2253 1773 2285; x_wconf 74' lang='grc' dir='ltr'><strong>Τωϐίας</strong></span> <span class='ocrx_word' id='word_1_629' title='bbox 1787 2262 1795 2266; x_wconf 92' lang='grc'><strong>·</strong></span> <span class='ocrx_word' id='word_1_630' title='bbox 1817 2255 1863 2280; x_wconf 76' lang='grc' dir='ltr'><strong>ει-</strong></span> 
     </span>
    </p>
   </div>
   <div class='ocr_carea' id='block_1_96' title="bbox 229 2297 973 2340">
    <p class='ocr_par' dir='ltr' id='par_1_96' title="bbox 229 2297 973 2340">
     <span class='ocr_line' id='line_1_96' title="bbox 229 2297 973 2340; baseline -0.011 -8"><span class='ocrx_word' id='word_1_631' title='bbox 229 2303 363 2340; x_wconf 86' lang='lat' dir='ltr'><strong>apostolis</strong></span> <span class='ocrx_word' id='word_1_632' title='bbox 394 2301 428 2328; x_wconf 85' lang='lat' dir='ltr'><strong>ad</strong></span> <span class='ocrx_word' id='word_1_633' title='bbox 456 2308 519 2328; x_wconf 90' lang='lat' dir='ltr'><strong>eum</strong></span> <span class='ocrx_word' id='word_1_634' title='bbox 543 2307 625 2334; x_wconf 89' lang='lat' dir='ltr'><strong>quem</strong></span> <span class='ocrx_word' id='word_1_635' title='bbox 646 2298 767 2325; x_wconf 79' lang='lat' dir='ltr'><strong>diximus</strong></span> <span class='ocrx_word' id='word_1_636' title='bbox 788 2297 888 2325; x_wconf 88' lang='lat' dir='ltr'><strong>Judam</strong></span> <span class='ocrx_word' id='word_1_637' title='bbox 915 2305 973 2325; x_wconf 73' lang='lat' dir='ltr'><strong>ext</strong></span> 
     </span>
    </p>
   </div>
   <div class='ocr_carea' id='block_1_97' title="bbox 1119 2297 1863 2340">
    <p class='ocr_par' dir='ltr' id='par_1_97' title="bbox 1134 2299 1863 2336">
     <span class='ocr_line' id='line_1_97' title="bbox 1134 2299 1863 2336; baseline -0.001 -9"><span class='ocrx_word' id='word_1_638' title='bbox 1134 2301 1265 2336; x_wconf 86' lang='grc' dir='ltr'><strong>Βενιαμίν</strong></span> <span class='ocrx_word' id='word_1_639' title='bbox 1278 2309 1286 2317; x_wconf 92' lang='grc'><strong>·</strong></span> <span class='ocrx_word' id='word_1_640' title='bbox 1307 2301 1434 2335; x_wconf 79' lang='grc' dir='ltr'><strong>Ἰωάννης</strong></span> <span class='ocrx_word' id='word_1_641' title='bbox 1455 2300 1488 2332; x_wconf 80' lang='grc' dir='ltr'><strong>ζ’.</strong></span> <span class='ocrx_word' id='word_1_642' title='bbox 1503 2301 1598 2334; x_wconf 70' lang='grc' dir='ltr'><strong>ὄγδοος</strong></span> <span class='ocrx_word' id='word_1_643' title='bbox 1610 2299 1737 2332; x_wconf 81' lang='grc' dir='ltr'><strong>Ματθίας</strong></span> <span class='ocrx_word' id='word_1_644' title='bbox 1747 2308 1755 2316; x_wconf 93' lang='grc'><strong>·</strong></span> <span class='ocrx_word' id='word_1_645' title='bbox 1768 2301 1796 2328; x_wconf 78' lang='lat'><strong>0&#39;</strong></span> <span class='ocrx_word' id='word_1_646' title='bbox 1819 2302 1863 2327; x_wconf 68' lang='grc' dir='ltr'><strong>Φῖ-</strong></span> 
     </span>
    </p>
   </div>
   <div class='ocr_carea' id='block_1_98' title="bbox 230 2344 974 2380">
    <p class='ocr_par' dir='ltr' id='par_1_98' title="bbox 230 2344 974 2380">
     <span class='ocr_line' id='line_1_98' title="bbox 230 2344 974 2380; baseline -0.012 -1"><span class='ocrx_word' id='word_1_647' title='bbox 230 2350 402 2380; x_wconf 88' lang='lat' dir='ltr'><strong>cumcisione</strong></span> <span class='ocrx_word' id='word_1_648' title='bbox 423 2346 537 2374; x_wconf 83' lang='lat' dir='ltr'><strong>fuerunt</strong></span> <span class='ocrx_word' id='word_1_649' title='bbox 559 2344 692 2380; x_wconf 88' lang='lat' dir='ltr'><strong>episcopi.</strong></span> <span class='ocrx_word' id='word_1_650' title='bbox 719 2344 862 2376; x_wconf 87' lang='lat' dir='ltr'><strong>Totidem,</strong></span> <span class='ocrx_word' id='word_1_651' title='bbox 887 2348 917 2371; x_wconf 92' lang='lat' dir='ltr'><strong>ut</strong></span> <span class='ocrx_word' id='word_1_652' title='bbox 934 2351 974 2378; x_wconf 75' lang='lat' dir='ltr'><strong>ex]</strong></span> 
     </span>
    </p>
   </div>
   <div class='ocr_carea' id='block_1_99' title="bbox 1119 2344 1863 2380">
    <p class='ocr_par' dir='ltr' id='par_1_99' title="bbox 1119 2346 1863 2379">
     <span class='ocr_line' id='line_1_99' title="bbox 1119 2346 1863 2379; baseline 0.003 -7"><span class='ocrx_word' id='word_1_653' title='bbox 1119 2352 1184 2378; x_wconf 84' lang='grc' dir='ltr'><strong>πος·</strong></span> <span class='ocrx_word' id='word_1_654' title='bbox 1211 2346 1326 2378; x_wconf 79' lang='grc' dir='ltr'><strong>δέκατος</strong></span> <span class='ocrx_word' id='word_1_655' title='bbox 1352 2346 1505 2379; x_wconf 79' lang='grc' dir='ltr'><strong>Σεννέκας·</strong></span> <span class='ocrx_word' id='word_1_656' title='bbox 1541 2346 1689 2378; x_wconf 73' lang='grc' dir='ltr'><strong>ἑνδέκατος</strong></span> <span class='ocrx_word' id='word_1_657' title='bbox 1718 2347 1863 2379; x_wconf 80' lang='grc' dir='ltr'><strong>Ἰοῦστος·</strong></span> 
     </span>
    </p>
   </div>
   <div class='ocr_carea' id='block_1_100' title="bbox 229 2389 973 2427">
    <p class='ocr_par' dir='ltr' id='par_1_100' title="bbox 229 2389 973 2427">
     <span class='ocr_line' id='line_1_100' title="bbox 229 2389 973 2427; baseline -0.012 -3"><span class='ocrx_word' id='word_1_658' title='bbox 229 2396 348 2427; x_wconf 83' lang='lat' dir='ltr'><strong>suimus,</strong></span> <span class='ocrx_word' id='word_1_659' title='bbox 363 2393 481 2421; x_wconf 86' lang='lat' dir='ltr'><strong>aliarum</strong></span> <span class='ocrx_word' id='word_1_660' title='bbox 503 2391 682 2418; x_wconf 77' lang='lat' dir='ltr'><strong>maximarum</strong></span> <span class='ocrx_word' id='word_1_661' title='bbox 707 2389 888 2417; x_wconf 86' lang='lat' dir='ltr'><strong>ecclesiarum</strong></span> <span class='ocrx_word' id='word_1_662' title='bbox 909 2389 973 2424; x_wconf 61' lang='lat' dir='ltr'><strong>gub:</strong></span> 
     </span>
    </p>
   </div>
   <div class='ocr_carea' id='block_1_101' title="bbox 1122 2389 1866 2427">
    <p class='ocr_par' dir='ltr' id='par_1_101' title="bbox 1125 2391 1866 2427">
     <span class='ocr_line' id='line_1_101' title="bbox 1125 2391 1866 2427; baseline 0.001 -9"><span class='ocrx_word' id='word_1_663' title='bbox 1125 2392 1157 2426; x_wconf 81' lang='grc' dir='ltr'><strong>ὴς</strong></span> <span class='ocrx_word' id='word_1_664' title='bbox 1168 2391 1320 2422; x_wconf 81' lang='grc' dir='ltr'><strong>δωδέκατος</strong></span> <span class='ocrx_word' id='word_1_665' title='bbox 1333 2400 1341 2408; x_wconf 92' lang='grc'><strong>·</strong></span> <span class='ocrx_word' id='word_1_666' title='bbox 1363 2391 1467 2427; x_wconf 81' lang='grc' dir='ltr'><strong>Ἐφρὴς</strong></span> <span class='ocrx_word' id='word_1_667' title='bbox 1493 2392 1723 2427; x_wconf 76' lang='grc' dir='ltr'><strong>τρισκαιδέκατος</strong></span> <span class='ocrx_word' id='word_1_668' title='bbox 1736 2400 1745 2408; x_wconf 86' lang='grc'><strong>·</strong></span> <span class='ocrx_word' id='word_1_669' title='bbox 1759 2401 1866 2419; x_wconf 71' lang='grc' dir='ltr'><strong>τεσσα-</strong></span> 
     </span>
    </p>
   </div>
   <div class='ocr_carea' id='block_1_102' title="bbox 230 2436 1866 2472">
    <p class='ocr_par' dir='ltr' id='par_1_102' title="bbox 230 2436 1866 2472">
     <span class='ocr_line' id='line_1_102' title="bbox 230 2436 1866 2472; baseline -0.004 -2"><span class='ocrx_word' id='word_1_670' title='bbox 230 2447 354 2471; x_wconf 82' lang='lat' dir='ltr'><strong>natores.</strong></span> <span class='ocrx_word' id='word_1_671' title='bbox 1068 2436 1282 2472; x_wconf 73' lang='grc' dir='ltr'><strong>ρεσκαιδέκατος</strong></span> <span class='ocrx_word' id='word_1_672' title='bbox 1302 2437 1405 2472; x_wconf 86' lang='grc' dir='ltr'><strong>Ἰωσήφ</strong></span> <span class='ocrx_word' id='word_1_673' title='bbox 1418 2445 1426 2453; x_wconf 86' lang='grc'>·</span> <span class='ocrx_word' id='word_1_674' title='bbox 1441 2437 1488 2464; x_wconf 62' lang='grc' dir='ltr'><strong>ἐπὶ</strong></span> <span class='ocrx_word' id='word_1_675' title='bbox 1500 2437 1529 2464; x_wconf 81' lang='grc' dir='ltr'><strong>δὲ</strong></span> <span class='ocrx_word' id='word_1_676' title='bbox 1546 2437 1656 2468; x_wconf 82' lang='grc' dir='ltr'><strong>τούτοις</strong></span> <span class='ocrx_word' id='word_1_677' title='bbox 1671 2436 1781 2469; x_wconf 86' lang='grc' dir='ltr'><strong>Ἰούδας</strong></span> <span class='ocrx_word' id='word_1_678' title='bbox 1797 2447 1866 2464; x_wconf 75' lang='grc' dir='ltr'><strong>πεν-</strong></span> 
     </span>
    </p>
   </div>
   <div class='ocr_carea' id='block_1_103' title="bbox 229 2483 1867 2519">
    <p class='ocr_par' dir='ltr' id='par_1_103' title="bbox 229 2483 1867 2519">
     <span class='ocr_line' id='line_1_103' title="bbox 229 2483 1867 2519; baseline -0.003 -3"><span class='ocrx_word' id='word_1_679' title='bbox 229 2487 443 2518; x_wconf 79' lang='grc' dir='ltr'><strong>τεκαιδέκατοςο</strong></span> <span class='ocrx_word' id='word_1_680' title='bbox 458 2485 506 2518; x_wconf 88' lang='grc' dir='ltr'><strong>οὒς</strong></span> <span class='ocrx_word' id='word_1_681' title='bbox 518 2485 548 2518; x_wconf 74' lang='grc' dir='ltr'><strong>ἐξ</strong></span> <span class='ocrx_word' id='word_1_682' title='bbox 571 2484 657 2512; x_wconf 74' lang='grc' dir='ltr'><strong>ἐθνῶν</strong></span> <span class='ocrx_word' id='word_1_683' title='bbox 685 2483 756 2518; x_wconf 86' lang='grc' dir='ltr'><strong>μετά</strong></span> <span class='ocrx_word' id='word_1_684' title='bbox 769 2484 819 2519; x_wconf 83' lang='grc' dir='ltr'><strong>τὴν</strong></span> <span class='ocrx_word' id='word_1_685' title='bbox 850 2483 953 2510; x_wconf 69' lang='grc' dir='ltr'><strong>ἅλωσιν</strong></span> <span class='ocrx_word' id='word_1_686' title='bbox 979 2483 1132 2518; x_wconf 86' lang='grc' dir='ltr'><strong>διαδέχεται</strong></span> <span class='ocrx_word' id='word_1_687' title='bbox 1163 2484 1288 2519; x_wconf 83' lang='grc' dir='ltr'><strong>Μάρκος.</strong></span> <span class='ocrx_word' id='word_1_688' title='bbox 1321 2484 1450 2511; x_wconf 82' lang='grc' dir='ltr'><strong>Τοσοῦτοι</strong></span> <span class='ocrx_word' id='word_1_689' title='bbox 1467 2483 1518 2518; x_wconf 78' lang='grc' dir='ltr'><strong>μὲν</strong></span> <span class='ocrx_word' id='word_1_690' title='bbox 1548 2483 1604 2510; x_wconf 78' lang='grc' dir='ltr'><strong>ἀπὸ</strong></span> <span class='ocrx_word' id='word_1_691' title='bbox 1622 2483 1677 2510; x_wconf 79' lang='grc' dir='ltr'><strong>τῶν</strong></span> <span class='ocrx_word' id='word_1_692' title='bbox 1696 2484 1867 2511; x_wconf 72' lang='grc' dir='ltr'><strong>ἀποστόλων</strong></span> 
     </span>
    </p>
   </div>
   <div class='ocr_carea' id='block_1_104' title="bbox 230 2529 1867 2569">
    <p class='ocr_par' dir='ltr' id='par_1_104' title="bbox 230 2529 1867 2569">
     <span class='ocr_line' id='line_1_104' title="bbox 230 2529 1867 2569; baseline -0.004 -6"><span class='ocrx_word' id='word_1_693' title='bbox 230 2538 260 2567; x_wconf 72' lang='grc' dir='ltr'><strong>ες</strong></span> <span class='ocrx_word' id='word_1_694' title='bbox 278 2534 325 2562; x_wconf 84' lang='grc' dir='ltr'><strong>τδν</strong></span> <span class='ocrx_word' id='word_1_695' title='bbox 338 2533 487 2569; x_wconf 72' lang='grc' dir='ltr'><strong>εἰρημένον</strong></span> <span class='ocrx_word' id='word_1_696' title='bbox 505 2532 607 2559; x_wconf 86' lang='grc' dir='ltr'><strong>Ἰούδαν</strong></span> <span class='ocrx_word' id='word_1_697' title='bbox 623 2530 767 2557; x_wconf 74' lang='grc' dir='ltr'><strong>ἐπίσκοποι</strong></span> <span class='ocrx_word' id='word_1_698' title='bbox 780 2531 812 2556; x_wconf 75' lang='grc' dir='ltr'><strong>ὲκ</strong></span> <span class='ocrx_word' id='word_1_699' title='bbox 838 2529 993 2565; x_wconf 80' lang='grc' dir='ltr'><strong>περιτομῆς</strong></span> <span class='ocrx_word' id='word_1_700' title='bbox 1021 2530 1051 2556; x_wconf 81' lang='grc' dir='ltr'><strong>ὲν</strong></span> <span class='ocrx_word' id='word_1_701' title='bbox 1077 2530 1278 2566; x_wconf 84' lang='grc' dir='ltr'><strong>Ἰεροσολύμοις</strong></span> <span class='ocrx_word' id='word_1_702' title='bbox 1293 2531 1449 2566; x_wconf 81' lang='grc' dir='ltr'><strong>γεγόνασιν.</strong></span> <span class='ocrx_word' id='word_1_703' title='bbox 1473 2529 1615 2562; x_wconf 78' lang='grc' dir='ltr'><strong>Ὡσαύτως</strong></span> <span class='ocrx_word' id='word_1_704' title='bbox 1640 2529 1669 2556; x_wconf 64' lang='grc' dir='ltr'><strong>δὲ</strong></span> <span class='ocrx_word' id='word_1_705' title='bbox 1683 2531 1730 2556; x_wconf 86' lang='grc' dir='ltr'><strong>καὶ</strong></span> <span class='ocrx_word' id='word_1_706' title='bbox 1746 2531 1778 2557; x_wconf 78' lang='grc' dir='ltr'><strong>οι</strong></span> <span class='ocrx_word' id='word_1_707' title='bbox 1810 2531 1867 2557; x_wconf 77' lang='grc' dir='ltr'><strong>τῶν</strong></span> 
     </span>
    </p>
   </div>
   <div class='ocr_carea' id='block_1_105' title="bbox 230 2578 653 2617">
    <p class='ocr_par' dir='ltr' id='par_1_105' title="bbox 230 2578 653 2617">
     <span class='ocr_line' id='line_1_105' title="bbox 230 2578 653 2617; baseline -0.012 -7"><span class='ocrx_word' id='word_1_708' title='bbox 230 2582 320 2611; x_wconf 81' lang='grc' dir='ltr'><strong>ἀλλων</strong></span> <span class='ocrx_word' id='word_1_709' title='bbox 336 2581 474 2617; x_wconf 81' lang='grc' dir='ltr'><strong>μεγίστων</strong></span> <span class='ocrx_word' id='word_1_710' title='bbox 488 2578 653 2616; x_wconf 80' lang='grc' dir='ltr'><strong>παροικιῶν.</strong></span> 
     </span>
    </p>
   </div>
   <div class='ocr_carea' id='block_1_106' title="bbox 262 2654 1774 2698">
    <p class='ocr_par' dir='ltr' id='par_1_106' title="bbox 262 2654 1774 2698">
     <span class='ocr_line' id='line_1_106' title="bbox 262 2654 1774 2698; baseline -0.004 -8"><span class='ocrx_word' id='word_1_711' title='bbox 262 2661 302 2698; x_wconf 87' lang='grc' dir='ltr'><strong>(ι)</strong></span> <span class='ocrx_word' id='word_1_712' title='bbox 315 2659 455 2698; x_wconf 28' lang='lat' dir='ltr'><strong>“(Elius</strong></span> <span class='ocrx_word' id='word_1_713' title='bbox 466 2658 828 2698; x_wconf 76' lang='lat' dir='ltr'><strong>Antonin_us_Pltilosopltus,</strong></span> <span class='ocrx_word' id='word_1_714' title='bbox 843 2661 873 2698; x_wconf 80' lang='lat' dir='ltr'><strong>et</strong></span> <span class='ocrx_word' id='word_1_715' title='bbox 887 2657 917 2684; x_wconf 84' lang='grc'><strong>1,.</strong></span> <span class='ocrx_word' id='word_1_716' title='bbox 926 2656 1016 2698; x_wconf 54' lang='lat' dir='ltr'><strong>gElius</strong></span> <span class='ocrx_word' id='word_1_717' title='bbox 1063 2655 1145 2698; x_wconf 53' lang='lat' dir='ltr'><strong>annis</strong></span> <span class='ocrx_word' id='word_1_718' title='bbox 1159 2657 1264 2698; x_wconf 42' lang='lat' dir='ltr'><strong>gnem-rt</strong></span> <span class='ocrx_word' id='word_1_719' title='bbox 1279 2654 1432 2698; x_wconf 63' lang='lat' dir='ltr'><strong>C:om_modo</strong></span> <span class='ocrx_word' id='word_1_720' title='bbox 1453 2654 1511 2696; x_wconf 71' lang='lat' dir='ltr'><strong>filio</strong></span> <span class='ocrx_word' id='word_1_721' title='bbox 1530 2654 1627 2698; x_wconf 75' lang='lat' dir='ltr'><strong>itidem</strong></span> <span class='ocrx_word' id='word_1_722' title='bbox 1640 2655 1721 2684; x_wconf 80' lang='lat' dir='ltr'><strong>anuis</strong></span> <span class='ocrx_word' id='word_1_723' title='bbox 1739 2655 1774 2684; x_wconf 71' lang='grc' dir='ltr'><strong>ι.</strong></span> 
     </span>
    </p>
   </div>
   <div class='ocr_carea' id='block_1_107' title="bbox 228 2690 1569 2727">
    <p class='ocr_par' dir='ltr' id='par_1_107' title="bbox 228 2690 1569 2727">
     <span class='ocr_line' id='line_1_107' title="bbox 228 2690 1569 2727; baseline -0.006 -1"><span class='ocrx_word' id='word_1_724' title='bbox 228 2690 398 2726; x_wconf 64' lang='grc' dir='ltr'><strong>ϐδηίωοὰυδ</strong></span> <span class='ocrx_word' id='word_1_725' title='bbox 417 2696 514 2726; x_wconf 83' lang='lat' dir='ltr'><strong>Verus.</strong></span> <span class='ocrx_word' id='word_1_726' title='bbox 534 2695 592 2722; x_wconf 84' lang='lat' dir='ltr'><strong>Divi</strong></span> <span class='ocrx_word' id='word_1_727' title='bbox 618 2694 728 2725; x_wconf 80' lang='lat' dir='ltr'><strong>fratres,</strong></span> <span class='ocrx_word' id='word_1_728' title='bbox 746 2690 830 2727; x_wconf 64' lang='lat' dir='ltr'><strong>&quot;aequo</strong></span> <span class='ocrx_word' id='word_1_729' title='bbox 844 2693 906 2727; x_wconf 87' lang='lat' dir='ltr'><strong>jure</strong></span> <span class='ocrx_word' id='word_1_730' title='bbox 926 2693 1015 2726; x_wconf 86' lang='lat' dir='ltr'><strong>impe-</strong></span> <span class='ocrx_word' id='word_1_731' title='bbox 1101 2691 1140 2724; x_wconf 66' lang='grc' dir='ltr'><strong>(τὶ)</strong></span> <span class='ocrx_word' id='word_1_732' title='bbox 1161 2690 1394 2727; x_wconf 32' lang='grc' dir='ltr'><strong>ΑΙὶῑᾉΖαεΙιαγίαηι</strong></span> <span class='ocrx_word' id='word_1_733' title='bbox 1411 2691 1569 2718; x_wconf 88' lang='lat' dir='ltr'><strong>nominant.</strong></span> 
     </span>
    </p>
   </div>
   <div class='ocr_carea' id='block_1_108' title="bbox 229 2725 1409 2762">
    <p class='ocr_par' dir='ltr' id='par_1_108' title="bbox 229 2725 1409 2762">
     <span class='ocr_line' id='line_1_108' title="bbox 229 2725 1409 2762; baseline -0.008 0"><span class='ocrx_word' id='word_1_734' title='bbox 229 2725 301 2762; x_wconf 74' lang='lat' dir='ltr'><strong>rium</strong></span> <span class='ocrx_word' id='word_1_735' title='bbox 317 2725 547 2762; x_wconf 72' lang='lat' dir='ltr'><strong>administrarent</strong></span> <span class='ocrx_word' id='word_1_736' title='bbox 565 2729 646 2758; x_wconf 88' lang='lat' dir='ltr'><strong>annis</strong></span> <span class='ocrx_word' id='word_1_737' title='bbox 658 2729 701 2758; x_wconf 83' lang='lat' dir='ltr'><strong>ll.</strong></span> <span class='ocrx_word' id='word_1_738' title='bbox 717 2729 753 2757; x_wconf 79' lang='grc' dir='ltr'><strong>Μ.</strong></span> <span class='ocrx_word' id='word_1_739' title='bbox 767 2725 924 2757; x_wconf 65' lang='grc' dir='ltr'><strong>Κοιοὺὶιιυε</strong></span> <span class='ocrx_word' id='word_1_740' title='bbox 939 2725 1016 2756; x_wconf 82' lang='lat' dir='ltr'><strong>solus</strong></span> <span class='ocrx_word' id='word_1_741' title='bbox 1099 2726 1139 2762; x_wconf 78' lang='lat'><strong>(5)</strong></span> <span class='ocrx_word' id='word_1_742' title='bbox 1151 2727 1203 2755; x_wconf 79' lang='lat' dir='ltr'><strong>Alii</strong></span> <span class='ocrx_word' id='word_1_743' title='bbox 1219 2725 1282 2754; x_wconf 79' lang='lat' dir='ltr'><strong>Levi</strong></span> <span class='ocrx_word' id='word_1_744' title='bbox 1299 2730 1409 2753; x_wconf 78' lang='lat' dir='ltr'><strong>vocant.</strong></span> 
     </span>
    </p>
   </div>
   <div class='ocr_carea' id='block_1_109' title="bbox 1036 2820 1070 2829">
    <p class='ocr_par' dir='ltr' id='par_1_109' title="bbox 1036 2820 1070 2829">
     <span class='ocr_line' id='line_1_109' title="bbox 1036 2820 1070 2829; baseline -0.059 0"><span class='ocrx_word' id='word_1_745' title='bbox 1036 2820 1070 2829; x_wconf 72' lang='grc' dir='ltr'><strong>σ-</strong></span> 
     </span>
    </p>
   </div>
  </div>
