1885 3059
183 149 241 181 '939

801 137 1018 170 NICEPHORI
1033 134 1208 167 CALLlSTl

1767 127 1824 160 940

189 205 333 241 presbyter
342 203 422 233 dixit.
436 201 553 233 Marcus,
568 198 642 234 quod
654 196 726 226 Petri
737 200 810 224 eSSet
824 196 974 230 interpres,
989 196 1001 226 Α

1090 191 1169 226 τάξει
1192 190 1228 218 τὰ
1256 189 1308 217 ὑπὸ
1328 187 1375 216 τοῦ
1389 186 1510 223 Χριστοῦ
1527 187 1544 223 ἢ
1562 186 1696 222 λεχθέντα
1711 186 1729 222 ἦ
1748 195 1823 221 πρα-

190 259 251 286 quae
265 249 405 278 memoriae
423 245 673 276 commendaverat,
695 247 771 271 certo
787 246 815 269 et
831 241 980 276 diligenter

191 296 366 332 conscripsit,
376 303 432 323 non
446 299 535 321 tamen
552 296 663 319 servato
676 289 814 316 dictorum
832 287 982 315 factorum-

192 354 247 382 que
261 343 364 372 Christi
381 340 490 369 ordine.
509 339 567 366 Non
582 337 657 365 enim
679 335 797 366 audivit,
812 341 901 369 neque
915 340 982 359 con-

193 379 315 420 sectatus
327 395 370 418 est
380 387 540 418 Dominum,
556 385 604 413 sed
620 383 768 419 posterius.
784 385 814 409 ut
829 381 896 413 dixiI
907 379 982 408 Petri

194 437 347 472 discipulus
363 434 416 462 fuit
436 442 443 461 :
458 433 505 468 qui
518 431 630 466 quidem
645 437 679 457 ex
695 437 746 456 usu
763 427 919 455 auditorum
935 426 984 454 do-

193 486 310 512 ctrinam
332 489 410 510 suam
435 478 629 514 promulgavit,
647 484 703 504 non
721 475 818 504 ordine
839 481 984 502 sermones

193 537 222 559 et
235 529 347 558 oracula
363 526 473 556 Domini
485 524 726 553 commemoravit.
742 523 918 556 Quapropter
935 520 985 548 mi-

195 577 269 604 nime
279 573 465 602 hallucinatus
473 576 516 599 est
529 570 645 602 Marcus,
658 568 697 596 sic
711 568 840 603 pleraque
849 566 984 597 scribens,

195 627 226 650 ut
238 629 270 649 ea
286 619 416 648 memoria
439 619 531 645 fuerat
545 619 723 643 consecutus.
736 613 827 641 Unum
843 613 915 640 enim
933 612 986 639 hoc

195 667 247 695 sibi
264 667 291 694 in
302 664 450 694 scribendo
464 665 660 698 proposuerat,
674 667 709 687 ne
727 659 792 694 quid
807 665 904 686 eorum
923 664 986 692 quae

195 714 329 744 audisset,
345 711 498 741 omitteret,
511 715 581 736 neve
595 715 611 735 a
625 708 741 735 veritate
755 706 905 733 aberraret.
919 703 987 730 Mat-

196 760 285 787 tlnnus
303 766 368 785 vero
386 763 514 784 sermone
533 753 667 781 llebraico
684 752 782 780 librum
804 758 886 779 suum
913 757 988 778 com-

198 805 301 841 posuit,
317 811 400 839 quem
415 801 524 834 deinde,
545 804 574 828 ut
587 800 705 835 quisque
723 797 822 833 potuit,
839 801 883 825 est
901 796 988 824 inter-

198 857 333 887 pretatus.
367 860 377 877 ι
406 850 498 878 Utitur
528 848 600 876 idem
628 846 726 881 Papias
767 843 939 876 testimoniis,
959 845 987 870 et

1031 239 1140 275 χθέντα·
1158 237 1221 264 οὔτε
1235 236 1289 271 γὰρ
1303 235 1404 271 ἢκουσε
1419 234 1465 261 τοῦ
1478 234 1594 269 Κυρίου,
1606 233 1668 260 οὕτε
1691 241 1823 268 παρηκο-

1031 285 1164 321 λούθησεν
1179 282 1254 318 αὐτῷ
1267 289 1276 297 ·
1303 281 1420 316 ὕστερον
1442 281 1481 314 δὲ,
1504 280 1542 312 ὼς
1563 281 1644 316 ἔφην,
1667 279 1776 314 Πέτρῳ,
1791 278 1824 310 ὃς

1032 332 1102 367 πρὸς
1127 333 1177 363 τὰς
1202 330 1298 365 χρείας
1326 328 1447 354 ἐποιεῖτο
1469 326 1667 357 διδασκαλίας·
1694 324 1754 353 ἀλλ’
1771 325 1826 359 οὐχ

1032 377 1127 412 ὥσπερ
1145 376 1274 409 σύνταξιν
1291 374 1344 402 τῶν
1361 372 1512 409 Κυριακιῖω
1534 371 1697 407 ποιούμενος
1710 370 1825 404 λογίωνε

1033 425 1104 452 ὥστε
1121 423 1198 450 οὖδὶν
1211 423 1322 458 ἥμαρτε
1338 421 1454 456 Μάρκος
1467 419 1556 451 οὕτως
1577 418 1638 446 ἔνια
1657 417 1770 452 γράψας
1786 417 1828 448 ὡς

1034 470 1280 507 ἀπεμνημόνευσεν
1295 477 1302 484 ·
1334 467 1396 499 ἐνὸς
1421 467 1477 502 γὰρ
1505 466 1654 501 ὶποιήςατο
1680 464 1830 499 πρόνοιαν,

1035 518 1083 545 τοῦ
1110 517 1193 552 μηδὲν
1218 515 1385 550 παραλιπεῖν
1401 510 1438 541 ὧν
1452 513 1581 548 ῆκουσεν,
1597 512 1614 546 ἢ
1629 510 1788 546 ψεύσασθαί
1801 518 1831 535 τι

1036 566 1064 592 ὲν
1081 565 1184 595 αὐτοῖς,
1201 561 1343 593 Ματθαῖος
1359 560 1383 587 δ’
1405 559 1527 595 Ἐϐραΐδι
1549 557 1684 592 διαλέκτῳ
1698 556 1734 583 τὰ
1747 555 1832 589 λόγια

1037 609 1212 642 συνετάξατο·
1226 607 1384 643 ἡρμήνευσε
1400 606 1429 632 δὲ
1444 605 1516 632 αὐτὰ
1531 604 1568 636 ὼς
1584 601 1620 639 ἦν
1633 602 1750 633 δυνατὸς
1763 601 1832 628 ἑκα-

1038 663 1112 686 στος.
1132 663 1141 680 ι
1175 652 1319 687 Κέχρηται
1345 650 1373 677 δὶ
1399 649 1482 681 αὐτὸς
1504 647 1670 683 μαρτυρίαις
1701 646 1757 673 ἀπὸ
1780 645 1834 680 τῆς

1043 700 1168 727 Ἰωάννου
1183 697 1319 733 προτέρας
1334 695 1497 730 Ἐπιστολῆς
1520 695 1566 722 καὶ
1578 694 1633 720 ἀπὸ
1650 693 1702 728 τῆς
1720 692 1834 728 Πέτρου

1037 746 1151 782 ὁμοίως.
1168 745 1223 772 Καὶ
1243 743 1328 779 ἄλλην
1344 743 1371 769 δὲ
1389 741 1511 776 ἱστορίαν
1533 740 1680 775 προτίθησι
1695 739 1762 774 περὶ
1779 747 1833 772 γυ-

1039 793 1133 823 ναικὸς
1148 791 1193 818 ἐπὶ
1210 789 1321 820 πολλαῖς
1335 787 1485 823 ἁμαρτίαις
1498 785 1694 821 διαὸληθείσης
1716 784 1766 811 ἐπὶ
1781 782 1832 810 τοῦ

1041 839 1155 874 Κυρίου.
1179 836 1261 863 Ἀλλὰ
1274 836 1322 863 καὶ
1334 835 1369 862 τὰ.
1384 833 1423 870 τῷ
1438 833 1533 868 Παπίᾳ.
1552 830 1751 867 συγγραφέντα
1765 829 1834 857 τοῦ-

200 873 333 887 ,..-.-.--.
367 873 374 877 .
410 873 494 878 --.γη
667 873 675 881 ,
936 874 939 876 ,

200 897 410 926 auctoritatibus
437 903 471 923 ex
497 895 590 930 priore
619 891 746 923 Joannis,
772 895 800 918 et
826 889 921 917 itidem
954 895 986 915 ex

1073 896 1086 914 ν
1102 886 1197 921 ἔχουσι
1213 885 1258 911 τὸν
1275 884 1387 919 τρόπον.

200 946 293 980 priore
312 945 386 972 Petri
410 927 551 978 Epistolis.
583 940 666 968 Addit
691 943 823 974 praeterea
848 935 990 965 historiam
1010 935 1102 968 aliam,
1125 934 1159 962 de
1181 933 1318 964 muliere,
1343 938 1404 967 qua
1427 931 1523 959 multis
1553 930 1723 959 criminibus
1761 927 1837 963 apud

201 978 346 1019 hominum
361 991 400 1018 sit
417 990 506 1019 delata
524 987 574 1023 (ί).
599 987 633 1015 Ει
655 985 746 1021 Papia:
763 984 874 1020 quidem
889 983 990 1019 scripta
1010 981 1045 1010 ad
1065 982 1139 1009 hunc
1153 988 1183 1009 se
1199 979 1303 1007 habent
1318 978 1441 1006 modum.

493 1058 607 1088 CAPUT
624 1057 698 1085 XXI.

206 1121 242 1148 De
273 1120 411 1154 Quadrato
437 1116 618 1154 “Aristide,
643 1113 793 1154 apostolici:
821 1111 900 1154 plane
918 1111 994 1151 viris.

241 1147 293 1192 qui
311 1164 358 1190 pro
380 1153 530 1189 defensione
556 1151 618 1186 ﬁdei
646 1147 743 1176 nostra
760 1147 903 1184 Apologia;
927 1147 995 1174 scri-

241 1195 362 1228 pserunt.

241 1249 347 1278 Floruit
366 1251 458 1274 autem
470 1253 504 1273 eo
518 1249 643 1279 tempore
656 1242 768 1270 divinus
790 1247 901 1276 quoque
925 1239 996 1272 Qua-

207 1298 302 1325 dratus
320 1304 326 1321 :
341 1294 385 1321 cui
402 1292 471 1319 nihil
482 1297 578 1318 eorum
594 1289 740 1319 donorum,
755 1295 815 1322 qua:
831 1285 998 1321 apostolicos

208 1344 307 1370 decent
324 1344 511 1369 successores,
535 1335 635 1363 defuit.
657 1334 754 1361 itidem
767 1340 831 1360 vero
847 1336 874 1359 et
899 1330 999 1357 Aristi-

208 1389 267 1419 des,
282 1386 323 1420 vir
335 1389 414 1412 attate
429 1391 461 1410 ea
476 1381 580 1417 ingenti
596 1379 659 1407 ﬁdei
672 1383 773 1406 nostra:
785 1377 959 1405 mmulalioue
972 1378 1000 1403 et

208 1433 307 1461 ardore
330 1431 454 1465 ﬂagrans.
471 1427 559 1455 Ambo
573 1425 711 1458 doctrina,
736 1423 856 1455 fervore,
882 1426 910 1449 et
935 1420 999 1448 vitae

208 1479 371 1508 Christiana:
388 1475 512 1503 moribus
529 1479 628 1508 pares;
653 1471 734 1498 ambo
753 1469 835 1497 etiam
860 1467 1001 1495 orationes

209 1528 242 1553 ad
257 1525 359 1553 Allium
374 1522 539 1552 Adrianum,
554 1518 601 1554 qui
628 1517 747 1552 Trajano
763 1515 790 1542 in
805 1513 923 1550 imperio
939 1520 1002 1540 suc-

211 1572 302 1600 cessit.
315 1569 416 1605 quibus
427 1566 616 1595 Christianum
633 1563 731 1598 dogma
746 1561 908 1593 defendunt,
925 1567 1004 1587 com-

213 1620 376 1653 posuerunt,
390 1622 452 1642 cum
469 1611 588 1647 improbi
601 1610 711 1644 quidam
727 1607 853 1635 homines
868 1605 1004 1633 Ecclesiae

215 1651 311 1698 urgere
329 1666 410 1696 atque
434 1657 561 1694 persequi
587 1655 816 1691 aggrederentur.
845 1652 876 1680 ln
905 1651 1005 1686 quibus

1328 1049 1456 1078 ΚΕΦΛΛ.
1474 1049 1541 1077 KA'.

1046 1107 1117 1142 Περὶ
1143 1106 1298 1142 Κοδρᾶτον
1323 1105 1374 1133 καί
1403 1105 1597 1142 Ἀριστείδου,
1621 1104 1840 1142 ἀποστολικῶγ

1083 1140 1214 1177 ἂνόρῶν,
1227 1142 1304 1174 ὑπὲρ
1318 1141 1373 1175 τῆς
1390 1143 1455 1168 καθ’
1480 1141 1559 1177 ᾐμᾶς
1582 1142 1716 1173 πίστεως
1733 1140 1839 1176 ἐγγτά-

1083 1175 1146 1213 φωςῖ
1156 1177 1321 1212 ἀπολογίας
1335 1175 1559 1211 ποιησαμένων.

1085 1239 1141 1266 Καὶ
1166 1238 1303 1273 Κοδρᾶτος
1327 1237 1356 1264 δὲ
1385 1238 1399 1264 ὁ
1421 1237 1494 1269 θεῖος
1508 1235 1663 1272 τηνικαῦτα
1693 1236 1840 1272 διέπρεπε,

1048 1284 1121 1311 κατὰ
1137 1283 1221 1319 μηδὲν
1235 1283 1333 1310 ἑνδέων
1355 1281 1411 1308 τῶν
1436 1281 1487 1316 τῆς
1505 1281 1692 1317 ἀποστολικῆς
1707 1281 1842 1317 διαδοχῆς

1049 1331 1242 1366 χαρισμάτων.
1266 1328 1406 1360 Ὡσαύτως
1426 1327 1455 1355 δὲ
1483 1327 1531 1354 καὶ
1562 1327 1750 1363 ’Δριστείδης,
1769 1327 1843 1363 ἀνὴρ

1050 1376 1179 1412 τηνικάδε
1204 1375 1243 1411 τῷ
1268 1375 1338 1409 ὑπὲρ
1367 1374 1419 1410 τῆς
1438 1373 1502 1401 καθ’
1529 1374 1605 1409 ἡμᾶς
1625 1374 1748 1406 πίστεως
1765 1373 1843 1409 ζήλῳ

1053 1424 1228 1461 πυρούμενος
1240 1432 1247 1439 ·
1264 1423 1454 1459 παραπλήσιοι
1472 1422 1500 1448 δὲ
1521 1422 1569 1449 καὶ
1586 1421 1672 1457 ἄμφω
1687 1422 1734 1448 τόν
1750 1430 1781 1449 τε
1803 1422 1844 1448 λό-

1051 1478 1100 1504 γον
1125 1470 1173 1496 καὶ
1200 1469 1291 1504 ζῆλον,
1312 1469 1361 1496 καὶ
1375 1469 1407 1504 τῇ
1426 1468 1541 1504 ἀσκήσει
1558 1467 1609 1503 τῆς
1635 1468 1707 1495 κατὰ
1724 1469 1844 1504 Χριστὲν

1053 1516 1205 1548 πολιτείας.
1231 1516 1394 1551 Ἀμφότεροι
1412 1515 1440 1541 δὲ
1464 1515 1562 1549 λόγους
1577 1514 1615 1550 τῷ
1648 1515 1721 1550 μετὰ
1741 1515 1844 1551 Τραϊα-

1054 1561 1099 1589 νδν
1116 1561 1202 1598 Αἰλίῳ
1224 1561 1360 1597 ’Δδριανῷ
1374 1561 1584 1597 προσφωνοῦσιν
1613 1561 1685 1597 ὑπὲρ
1708 1562 1757 1589 τοῦ
1784 1562 1845 1589 καθ’

1055 1609 1128 1644 ἡμᾶς
1146 1608 1293 1644 δόγματος,
1309 1608 1391 1635 τινῶν
1405 1616 1439 1643 γε
1461 1608 1590 1644 πονηρῶν
1613 1609 1672 1640 τοῖς
1694 1608 1846 1644 ἡμετέροις

1056 1654 1228 1682 ἐπιτίθεσθαι
1258 1655 1458 1691 πειρωμένων·
1476 1655 1506 1682 ὲν
1530 1652 1572 1686 οἷς
1597 1654 1657 1682 ἐστι
1673 1657 1846 1691 κατανοῆσαι

215 1697 386 1735 orationibus
403 1705 496 1731 videre
511 1708 554 1730 est
576 1708 631 1728 non
655 1700 751 1734 exigua
772 1705 868 1725 eorum
882 1697 1001 1724 virorum

1072 1701 1086 1727 ὑ
1101 1701 1190 1736 μικρά
1202 1709 1264 1728 τινα
1277 1701 1417 1736 τεκμήρια
1438 1700 1489 1735 τῆς
1504 1700 1559 1727 τῶν
1584 1699 1692 1736 ἀνδρῶν
1711 1701 1845 1737 λαμπρᾶς

215 1751 366 1790 splendida:
381 1749 480 1778 mentis
496 1748 705 1781 apostoliczeqne
721 1751 749 1772 et
765 1749 846 1772 recta:
869 1743 1004 1771 doctrina:

217 1799 328 1827 indicia.
346 1797 500 1831 Quadratus
516 1795 627 1830 quidem
643 1796 718 1819 certe
730 1791 848 1826 priscam
863 1789 1008 1817 sincerita-

217 1849 272 1872 tem
286 1848 315 1870 et
338 1842 419 1870 [idem
434 1848 511 1868 suam
534 1839 601 1866 satis
617 1837 738 1864 declarat
753 1836 787 1863 iis
808 1834 874 1870 ipsis
889 1842 949 1869 quae
962 1840 1006 1860 se«

217 1893 339 1926 quuntur
356 1886 468 1914 verbis:
487 1894 497 1911 ι
517 1883 672 1912 Servatoris
697 1886 788 1908 autem
814 1878 901 1906 nostri
923 1885 1006 1913 opera

217 1942 328 1970 semper
344 1936 443 1969 praesto
467 1931 555 1962 fuere,
576 1928 658 1964 255.
681 1927 783 1962 quippe
799 1933 858 1960 quae
877 1932 941 1952 vera
965 1931 1008 1951 cs-

218 1987 280 2010 scnt
296 1990 302 2008 :
318 1981 364 2016 qui
380 1979 468 2007 sanati
491 1977 613 2009 fuerant,
632 1975 709 2010 quia
731 1972 848 2000 mortuis
870 1970 1008 2003 suscitali,

219 2036 274 2056 non
288 2027 374 2055 solum
388 2033 450 2053 cum
465 2027 630 2051 curarentur
645 2026 673 2050 et
687 2021 926 2049 exsuscitarentur
936 2038 944 2051 ,
960 2017 1009 2046 sed

219 2080 314 2111 postea
339 2073 422 2101 etiam
438 2072 560 2098 viventes
587 2069 718 2097 continue
747 2070 960 2104 apparuerunt:
982 2070 1010 2092 et

221 2129 276 2147 non
296 2124 402 2147 tantum
417 2125 479 2144 cum
495 2117 624 2144 Salvator
637 2115 665 2142 in
681 2114 762 2141 terris
778 2117 949 2144 versaretur,
964 2117 1011 2137 ve-

221 2174 283 2193 rum
311 2170 373 2200 post
395 2163 547 2190 discessum
565 2167 676 2196 quoque
689 2160 750 2195 ejus
781 2159 862 2193 longo
880 2157 1010 2184 vixerunt

223 2218 357 2247 tempere,
375 2210 445 2238 adeo
464 2214 494 2237 ut
505 2207 631 2237 nonnulli
647 2206 730 2234 etiam
743 2205 777 2233 ad
791 2209 914 2232 nostram
929 2202 1012 2230 dura-

223 2266 267 2287 vei
275 2259 314 2285 int
331 2262 451 2285 aetatem.
468 2264 478 2281 ι
706 2252 709 2256 “

515 2309 628 2339 CAPUT
645 2307 731 2336 ΧΧΠ.

243 2369 308 2404 Quae
325 2369 406 2397 etiam
424 2369 471 2396 sub
486 2368 604 2404 Trojano
617 2366 718 2395 Judaei:
737 2363 879 2393 acciderint
894 2362 994 2391 clades.
1029 2380 1051 2408 ο

263 2462 301 2489 Ac
327 2469 372 2489 res
392 2460 504 2496 quidem
530 2462 630 2487 nostrae
645 2457 683 2484 ita
699 2455 846 2488 florebant,
871 2453 1012 2490 quotidia-

227 2515 348 2542 numque
362 2508 560 2535 incrementum
573 2505 728 2540 capiebant,
747 2501 889 2530 radicibus
900 2505 1012 2535 aposto-

228 2555 344 2582 licoruln
368 2552 490 2580 virorum
505 2571 513 2584 ,
542 2550 589 2586 qui
607 2554 663 2577 tum
688 2548 768 2576 multi
790 2547 819 2574 in
838 2547 893 2573 vita
922 2547 1012 2576 erant,

229 2598 362 2628 doctrina:
376 2598 431 2625 alte
445 2598 523 2630 actis,
538 2601 567 2624 et
591 2600 749 2624 sanctorum
772 2597 924 2627 martyrum
950 2597 1014 2618 san-

229 2646 313 2683 guine
338 2643 456 2672 ubertim
483 2643 588 2679 rigatis.
616 2641 776 2670 Judaaorum
812 2643 905 2665 autem
939 2637 1014 2664 natio

229 2681 421 2727 frequentibus
437 2691 553 2726 aliisque
567 2696 651 2724 super
666 2688 735 2714 alias
760 2683 942 2712 accumulatis
960 2681 1015 2710 cla-

231 2738 314 2766 dibus
324 2736 470 2765 admodum
485 2736 671 2764 accidebatur.
690 2732 818 2760 Decimus
835 2733 949 2758 octavus
963 2728 1016 2755 im-

232 2784 301 2821 perii
315 2783 424 2821 Trajani
433 2783 563 2820 agebatur
573 2789 675 2814 annus,
683 2786 745 2807 cum
754 2777 912 2805 Judaaorum
923 2781 1018 2802 rursus

1057 1746 1177 1779 διανοίας
1194 1747 1243 1774 καὶ
1262 1746 1313 1782 τῆς
1338 1745 1522 1781 ἀποστολικῆς
1545 1746 1721 1782 ὀρθοτομίας.
1738 1748 1845 1784 Κοδρᾶ-

1056 1801 1104 1824 τος
1124 1793 1217 1828 μέντοι
1238 1793 1286 1819 καὶ
1302 1791 1334 1819 τὸ
1361 1793 1476 1828 ἀρχαῖον
1500 1792 1583 1820 αὐτοῦ
1607 1793 1698 1828 σοφῶς
1714 1794 1845 1828 παραδείο

1057 1848 1163 1872 κνυσιν,
1180 1839 1210 1873 EE
1225 1836 1263 1867 ὧν
1280 1848 1362 1875 φησιν
1377 1839 1472 1871 αὑταῖς
1493 1839 1582 1871 λέξεσι
1605 1840 1721 1875 γράλοων
1738 1847 1745 1855 ⁸
1765 1850 1776 1867 ι
1793 1840 1843 1868 Τοῦ

1057 1886 1084 1913 δὲ
1101 1886 1230 1922 Σωτῆρος
1244 1886 1323 1921 ἡμῶν
1334 1885 1370 1912 τὰ
1390 1886 1459 1921 ἔργα
1475 1886 1519 1912 ἀεὶ
1542 1886 1634 1922 παρῆν
1647 1894 1654 1902 ·
1677 1886 1769 1922 ἀληθῆ
1793 1888 1844 1922 γάρ

1057 1930 1108 1968 ἦν·
1128 1934 1153 1959 οἱ
1171 1932 1398 1968 θεραπευθέντες,
1416 1933 1441 1958 οί
1457 1932 1624 1965 ἀναστάντες
1637 1933 1669 1959 ὲκ
1685 1934 1808 1969 νεκρῶν,
1823 1935 1844 1961 el

1058 1978 1108 2004 οὐκ
1126 1976 1260 2012 ὤφθησαν
1277 1977 1359 2013 μόνον
1384 1978 1601 2013 θεραπευόμενοι
1626 1979 1674 2005 καὶ
1697 1979 1845 2016 ἀνιστάμε-

1059 2031 1112 2055 νοι,
1137 2023 1206 2050 ἀλλὰ
1234 2023 1282 2050 καὶ
1311 2023 1356 2050 ἀεὶ
1384 2025 1542 2059 παρόντεν
1563 2024 1625 2051 οὑδι
1644 2025 1845 2061 ἐπιδημοῦντος

1061 2069 1143 2105 μόνον
1151 2069 1198 2096 τοῦ
1216 2069 1356 2105 Σωτῆρος,
1373 2069 1442 2097 ἀλλὰ
1462 2071 1510 2097 καὶ
1539 2070 1763 2106 ἀπαλλαγέντος,
1777 2071 1845 2108 ἦσαν

1060 2117 1107 2144 ἐπὶ
1126 2117 1225 2153 χρόνον
1242 2117 1352 2144 ἱκανόνο
1369 2115 1407 2148 ὦς
1424 2125 1454 2143 τε
1471 2117 1520 2144 καί
1535 2117 1575 2150 είς
1597 2118 1661 2150 τοὺς
1691 2119 1844 2156 ἡμετέρους

1060 2163 1173 2199 χρόνους
1188 2163 1260 2196 τινὲς
1271 2162 1414 2198 ἀφίκοντο.
1429 2171 1439 2189 ι

1359 2297 1482 2326 ΧΕΦΑΛ.
1499 2298 1564 2326 ΚΒ’.

1064 2355 1140 2383 Ὅσα
1166 2353 1217 2382 καί
1239 2354 1290 2382 ἐπὶ
1319 2353 1494 2417 Τραῑαιςιοιῆιά
1507 2354 1660 2390 Ἰουδαίοις
1682 2357 1845 2392 ἐπισυνέϐη

1416 2398 1505 2419 κακα.

1100 2448 1142 2476 Τὰ
1157 2448 1207 2484 μὲν
1223 2447 1269 2475 οὗν
1282 2447 1404 2484 ἡμέτερα
1416 2447 1503 2480 οὕτως
1516 2448 1606 2484 ῆνθει,
1628 2449 1678 2476 καὶ
1702 2450 1766 2477 καθ’
1781 2450 1843 2486 ἠμί-

1065 2504 1116 2531 ραν
1144 2496 1186 2527 είς
1208 2496 1329 2522 ἐπίδοσιν
1344 2495 1453 2531 ἤγοντο,
1475 2495 1554 2530 ῥίζας
1569 2495 1684 2530 βαθείας
1713 2498 1844 2525 καταϐαλ-

1065 2542 1166 2578 λόμενα
1180 2543 1241 2574 ταῖς
1253 2550 1283 2568 τε
1297 2541 1353 2569 τῶν
1370 2542 1559 2569 ἁποστολικῶν
1583 2543 1692 2578 ἀνδρῶν
1726 2544 1845 2571 διδασκο-

1066 2588 1137 2621 λίαις
1155 2590 1163 2624 (
1175 2588 1270 2615 πολλοὶ
1283 2588 1312 2614 δὲ
1325 2586 1396 2623 ἦσαν
1407 2588 1446 2624 τῷ
1460 2588 1527 2624 βίῳ)
1545 2589 1592 2616 καὶ
1603 2591 1660 2621 τοῖς
1672 2591 1729 2618 τῶν
1745 2591 1844 2626 μαρτύ-

1064 2643 1118 2670 ρων
1134 2635 1231 2670 αίμασι
1249 2634 1430 2670 πιαινόμενα’
1451 2635 1485 2662 τὰ
1508 2635 1536 2662 δὲ
1553 2635 1608 2663 τῶν
1630 2636 1768 2664 Ἰουδαίων
1787 2646 1844 2672 συχ-

1063 2682 1118 2712 νοῖς
1135 2682 1182 2707 καὶ
1196 2681 1410 2717 ἁλλεπαλλήλοις
1423 2681 1532 2717 ῆκμαζε
1544 2686 1601 2714 τοις
1612 2685 1722 2716 gnate.
1741 2684 1843 2719 Ὄγδοον

1065 2728 1115 2762 μὲν
1130 2725 1176 2754 οὖν
1200 2728 1248 2754 καὶ
1260 2728 1375 2755 δέκατον
1388 2727 1447 2760 ἔτος
1458 2728 1497 2764 τῷ
1515 2729 1699 2766 αὐτοκράτορι
1717 2731 1803 2766 τούτῳ
1816 2731 1842 2763 τῇ

1065 2776 1138 2810 ἀρχῇ
1155 2774 1281 2810 διηνύετο
1292 2794 1300 2808 ,
1319 2775 1367 2801 καὶ
1385 2774 1523 2804 Ἰουδαίων
1551 2777 1658 2812 κίνησις
1685 2778 1764 2812 αὖθις
1776 2779 1841 2814 ῆγείυ

269 2871 307 2907 (ι)
324 2870 388 2898 Eam
404 2866 582 2904 Evangelium
600 2864 767 2903 secundum
782 2865 912 2894 [lebratos
926 2861 1059 2890 continet.
1080 2861 1194 2896 (Euseb.
1212 2863 1259 2892 lib.
1275 2871 1314 2897 nr,
1334 2872 1394 2900 cap.
1411 2864 1476 2901 ult.)

1769 2910 1785 2918 ο
