1885 3059
222 114 279 146 9νὶ3

830 113 852 144 Ν
861 113 1042 144 lCEPHORl
1065 113 1239 144 CALLISTI

1800 111 1852 144 οξι

225 173 300 209 quod
316 173 354 200 ibi
380 173 526 200 Persarum
549 179 595 199 rex
619 171 792 207 reliquisset,
814 176 967 199 necarent:
984 179 1013 199 se

1104 173 1172 204 λεως
1186 171 1314 203 κτείνειν,
1332 171 1377 202 οὓς
1392 171 1406 197 ὁ
1421 169 1534 204 Περσῶν
1550 169 1680 196 κατέλιπε
1699 168 1827 204 βασιλείς
1844 178 1849 183 ·

225 220 259 246 ad
283 218 415 246 auxilium
437 219 477 246 eis
500 218 660 251 l'ercmlum,
685 219 882 252 Persicumqu‘e
908 222 1010 245 metutn

226 265 389 296 tollendum,
413 269 511 299 praesto
536 263 641 291 adesse.
658 264 709 296 Illi,
721 264 793 298 quod
807 265 877 299 jussi
893 264 1012 295 fuerant,

223 312 338 339 faciunt.
366 312 399 339 Et
424 312 482 346 ipse
506 320 568 339 cum
593 312 687 339 Persis
714 311 809 346 praelio
834 318 1012 345 congressus,

229 366 291 393 rege
301 365 398 385 eorum
412 365 493 391 caeso,
505 357 717 392 clarissimeque
730 362 868 391 reportata
885 357 1012 389 victoria,

220 411 308 438 -quem
324 404 410 431 voluit
427 404 469 431 eis
484 412 577 438 regem
590 404 646 431 dat.
666 404 698 431 Et
716 403 780 430 inde
797 403 824 429 in
841 410 901 430 eam
916 402 1012 429 urbem

227 448 313 475 victor
337 448 498 482 ingressus,
527 449 624 476 multis
647 456 707 476 eam
736 447 862 475 aediliciis
885 451 1011 478 exornat,

224 495 327 522 mullos
343 495 426 522 etiam
444 495 618 522 Christianos
635 494 781 522 interimit.
803 494 830 521 In
855 493 957 528 quibus
985 497 1014 520 et

222 541 347 575 quinque
375 541 498 577 virgines
522 541 604 570 [idem
629 541 719 576 palam
749 540 911 575 proﬁtentes
937 547 1013 567 com-

223 587 315 620 burit,
337 592 365 615 et
387 588 498 615 ossibus
518 595 613 615 carum
637 587 671 614 ad
693 595 832 614 summum
849 586 1012 618 combustis.

223 634 422 669 cineribusque
446 633 495 661 aeri
524 633 695 664 commistis.
720 633 808 660 ahena
834 633 959 668 quaedam
986 636 1014 660 et

224 680 276 706 alia
293 687 357 707 vasa
376 680 434 707 lieri
453 684 542 710 curat,
558 687 646 714 eaque
667 679 776 715 publico
796 679 919 711 lavacro,
939 678 1013 714 quod

226 727 286 760 ipse
297 726 571 761 magniﬁcentissime
590 730 794 758 construxerat,
815 726 898 753 dicat.
912 725 1013 752 Verum

225 773 367 800 enimvero
389 774 548 808 quicunque
573 781 606 800 co
632 773 751 800 lavatum
777 773 1012 807 ingrediebantur,

227 818 432 852 quamprimum
462 819 563 846 calidas
590 818 745 853 attigissent
770 825 871 852 aquas,
897 817 1013 852 caligine

1065 218 1176 252 ἕτοιμον
1192 219 1214 245 δ’
1231 217 1313 244 αὐτὸν
1333 217 1495 252 ἐπικουρεῖν
1515 214 1599 248 εἶναι,
1617 215 1664 242 καὶ
1682 215 1728 241 τὸν
1756 215 1852 248 Περσε-

1065 265 1111 292 κδν
1139 264 1223 298 φόϐον
1248 264 1419 298 περιαιρεῖν.
1460 262 1581 297 Νύκτωρ
1607 262 1630 288 δ’
1660 263 1852 291 ἐπιπεσέντες,

1070 311 1218 346 Ἀντιοχεῖς
1254 310 1384 345 ἀνῄρουν.
1422 310 1452 336 '0
1484 309 1511 335 δέ
1538 308 1648 343 κρατῶν
1686 307 1769 338 εὐθὺς
1799 309 1855 338 τοῖς

1064 357 1187 391 Πέρσαις
1203 355 1327 387 ἐπέθετο.
1351 356 1399 382 καὶ
1428 355 1538 390 ἀναιρεῖ
1554 354 1599 381 τὸν
1620 354 1734 380 ἐκείνων
1752 355 1856 387 κατάρ-

1065 411 1157 437 χοντα.
1183 402 1308 436 Ἐμφανῆ
1325 401 1353 428 δὲ
1368 401 1428 429 κατ’
1440 401 1555 428 ἐκείνων
1571 401 1622 437 τὴν
1645 401 1727 436 νίκην
1751 400 1856 435 ἀράμε-

1066 457 1157 483 μενος,
1174 448 1203 474 ὃν
1221 448 1302 480 αὐτὸς
1320 448 1450 474 ἐϐούλετο
1460 449 1516 480 τοῖς
1534 448 1654 482 Πέρσαις
1676 447 1791 482 βασιλέα
1806 456 1856 473 κα-

1065 495 1156 529 θίστη.
1172 495 1362 530 Τροπαιοῦχος
1376 494 1399 520 δ’
1414 493 1560 524 εἰσελάσας
1570 493 1621 529 τὴν
1637 493 1727 525 πόλιν,
1746 493 1856 524 aranei;

1065 541 1458 576 οἰκοδομήμασικατεκόσμει.
1476 540 1594 571 Πολλοὺς
1608 540 1637 567 δὲ
1649 540 1706 567 τῶν
1721 541 1856 574 Χριττισ-

1065 587 1119 613 νῶν
1134 587 1240 622 ἀνῄρει·
1257 587 1286 613 ἐν
1301 584 1343 618 οἷς
1357 587 1405 613 καὶ
1422 588 1504 614 πέντε
1518 586 1674 622 παρθένους
1700 586 1751 621 τὴν
1766 587 1857 612 πίστι-ι

1065 633 1171 668 τρανῶς
1177 633 1415 668 διακηρυττούσας
1426 634 1493 668 πυρὶ
1505 632 1695 668 παραδέδωκε.
1708 633 1750 658 Τὰ
1759 632 1781 658 δ’
1793 632 1858 657 doti

1066 679 1173 705 τούτων
1191 679 1315 714 σφοδρῶς
1340 678 1531 710 κατακαύσας,
1546 678 1594 705 καὶ
1611 678 1661 712 τὴν
1697 679 1730 705 ἐκ
1753 677 1859 704 τούτων

1066 723 1180 750 σποδιὰν
1197 724 1237 758 τῷ
1252 724 1348 759 χαλκῷ
1362 723 1514 758 συμμίξας,
1539 723 1645 758 τήγανά
1662 731 1693 749 τε
1717 724 1765 750 καὶ
1792 723 1859 750 ἄλλα

1067 767 1153 802 σκεύη
1176 767 1215 802 τῷ
1244 767 1395 802 συμμίκτῳ
1414 767 1514 802 ἐκείνῳ
1543 767 1638 803 χαλκῷ
1664 767 1705 802 τῷ
1734 767 1861 802 δημοσίῳ

1067 813 1186 840 ἀνετίθει
1200 813 1316 847 λουτρῷ,
1331 813 1346 839 δ
1364 814 1445 845 αὐτὸς
1468 813 1692 848 μεγαλοπρεπῶς
1710 813 1860 848 ᾠκοδόμει.

227 863 309 890 simul
326 869 352 890 et
367 864 503 899 vertigine
520 864 651 898 correpti.
668 871 729 891 cum
748 864 852 898 impetu
870 863 933 890 inde
949 869 1014 897 pro-

1104 860 1122 886 tl
1136 859 1227 886 τοίνυν
1254 860 1369 894 ὅσοιπερ
1396 860 1525 896 εἰσῄεσαν
1540 859 1706 893 λούσασθαι,
1739 861 1801 894 ειμα
1821 860 1858 894 τῷ

227 910 377 937 currebant
399 915 427 938 et
446 911 639 938 concidi-bad.
665 911 753 937 Causa
778 917 845 937 vero
868 911 928 944 ejus
950 908 1014 935 mali

228 954 348 989 cognita,
369 954 504 989 Traianus
521 960 549 982 ut
565 956 616 982 alia
632 963 664 982 ex
680 963 735 982 aere
753 962 821 989 puro
837 962 901 981 vasa
916 954 1014 980 balneo

228 1005 362 1035 parentur
380 1002 492 1029 mandat
507 1010 513 1028 :
530 1001 612 1036 256
631 1001 723 1035 priora
741 1005 833 1028 autem
850 1001 895 1028 illa
915 1000 942 1027 in
958 1000 1016 1026 lor-

225 1047 345 1075 nacibus
365 1047 496 1081 conﬂata,
515 1048 542 1074 in
559 1048 682 1082 quinque
699 1047 878 1074 transformat
895 1050 1014 1077 statuas,

228 1100 330 1128 easque
353 1093 492 1128 virginum
519 1093 725 1120 contbnstarum
752 1094 838 1120 forma
865 1095 890 1120 et
919 1092 1014 1118 habitu

225 1147 282 1175 pro
296 1140 396 1167 balneo
411 1139 539 1167 collocat.

502 1242 620 1271 'CAPUT
642 1241 737 1270 XXIV.

231 1287 267 1314 De
284 1288 393 1323 imperio
408 1287 476 1315 {Elii
493 1287 616 1318 Adriani.
640 1292 664 1314 et
680 1289 712 1314 de
727 1295 849 1322 suprema
862 1287 909 1314 sub
923 1294 952 1313 eo
966 1286 1015 1313 Ju-

458 1323 576 1350 da’orum
600 1324 787 1350 internecione.

265 1414 442 1450 Undeviginti
464 1415 545 1443 annis
575 1420 603 1443 et
635 1415 778 1443 mensibus
808 1422 855 1442 sex
883 1413 1017 1449 Traianus

229 1460 376 1495 imperium
400 1461 614 1494 administravit,
647 1466 675 1489 et
704 1461 825 1488 moriens
847 1460 873 1487 id
896 1460 1017 1487 Adriano

229 1508 333 1535 sororis
349 1515 405 1535 suae
418 1507 456 1542 (l)
469 1508 528 1534 viro
542 1506 664 1542 reliquit.
679 1507 791 1534 Publica
805 1507 828 1533 is
841 1506 933 1533 statim
949 1505 1016 1533 civi-

231 1554 335 1581 tatibus
346 1553 464 1580 remittit
476 1553 579 1585 debila.
591 1557 620 1580 et
634 1552 776 1587 vectigalia
789 1552 872 1578 multa
885 1551 1016 1579 Romanis

229 1599 324 1631 donat,
342 1600 413 1627 unde
426 1600 450 1627 ei
466 1600 492 1626 in
504 1599 573 1627 urbe
587 1599 673 1626 divini
688 1598 793 1626 decreti
809 1602 875 1626 sunt
886 1598 1016 1625 honores.

230 1643 349 1671 Netum
365 1649 394 1671 et
411 1643 610 1677 Nicomediam,
627 1651 688 1678 quae
705 1647 781 1670 motu
802 1648 881 1670 terrae
899 1642 1017 1669 multum

230 1690 389 1717 detrimenti
403 1694 544 1724 ceperant,
562 1690 640 1716 lirtno
655 1689 811 1716 circumdat
824 1696 914 1716 muro.
931 1688 1018 1723 Leges

229 1743 342 1771 quoque
360 1736 392 1762 ad
408 1736 536 1763 Draconis
547 1740 575 1763 et
590 1735 698 1763 Solonis
709 1735 920 1763 Atheniensium
934 1736 1017 1770 legis-

230 1781 350 1808 latorum
376 1782 559 1809 imitationem
575 1784 740 1817 promulgat.
760 1782 918 1809 Rebellasse
934 1782 1018 1808 etiam

231 1827 284 1854 sub
302 1829 362 1862 ipso
381 1827 492 1855 Iudaeos
513 1832 540 1855 et
569 1828 700 1863 templum
722 1827 921 1862 Hierosolymis
936 1829 1019 1854 resti-

217 1873 310 1900 'tnere
336 1873 455 1900 voluisse
486 1873 592 1900 dicunt.
623 1873 683 1906 Qua
717 1873 752 1900 de
776 1880 857 1900 causa
880 1872 1018 1900 Adrianus

229 1921 427 1956 quinquaginta
444 1924 472 1947 et
489 1925 552 1948 octo
567 1919 705 1955 ntyrialas
720 1927 817 1947 eorum
837 1927 892 1946 uno
909 1919 954 1946 die
973 1919 1017 1946 in-

222 1969 339 1996 .trrl'ccit
352 1969 403 2003 ἃ),
426 1974 453 1996 et
467 1976 639 2004 quaecunque
654 1976 686 1996 ex
704 1969 820 1995 vetustis
833 1967 959 1995 aediliciis
973 1975 1018 1994 re-

228 2018 302 2051 liqua
327 2016 420 2043 adhuc
442 2016 568 2048 fuerant,
594 2016 680 2043 diruit
705 2015 838 2050 prorsus,
859 2019 888 2042 et
906 2015 964 2042 solo
981 2015 1017 2042 ita

230 2063 352 2097 a-quavit
368 2063 418 2097 (5),
434 2067 462 2089 ut
479 2070 512 2089 ne
533 2062 602 2098 lapis
616 2063 728 2097 quidem
747 2070 831 2097 super
845 2062 936 2096 lapide
955 2069 1017 2098 per.

231 2114 369 2140 maneret,
384 2116 412 2136 ct
428 2109 569 2136 oraculum
586 2110 750 2142 Servatoris,
765 2109 799 2136 ad
816 2110 919 2135 exitum
936 2116 1016 2135 suum

223 2155 406 2190 ,perductum.
426 2155 571 2183 verborum
590 2157 651 2191 ejus
670 2156 867 2183 certitudiuem
883 2156 1018 2183 corrobo-

1065 906 1120 932 τῶν
1136 905 1247 942 οερμῶν
1279 906 1385 933 ὕδατων
1407 906 1547 941 ἅψασθαι,
1583 907 1681 933 σκότου
1712 907 1761 933 καὶ
1783 907 1860 941 δίνης

1069 953 1183 988 πλήρεις
1195 953 1348 987 γινόμενοι,
1366 953 1488 988 φοράδην
1510 953 1641 987 ἐξῆγοντο
1667 954 1860 980 καταπίπτον-

1066 1007 1123 1030 τες.
1139 999 1223 1030 Γνοὺς
1240 999 1268 1026 δέ
1285 999 1314 1025 τὸ
1339 1000 1426 1026 αἴτιον
1441 1000 1455 1025 ὁ
1470 998 1615 1034 Τραϊανὸς,
1643 999 1729 1033 ἔτερα
1745 1000 1785 1034 τῷ
1801 1000 1860 1026 intr

1066 1045 1123 1081 τρῴ
1138 1045 1223 1080 σκεύη
1239 1045 1341 1080 χαλκοῦ
1368 1046 1485 1081 ἀμιγοῦς
1514 1046 1670 1081 ηὑτρέπιζε
1685 1053 1693 1061 ο
1726 1046 1763 1072 τὰ
1779 1046 1804 1074 δ’
1829 1047 1859 1074 αὖ

1068 1094 1193 1128 πρότερα
1209 1092 1310 1128 χωνείᾳ
1324 1093 1491 1128 παραδιδοὺς
1505 1094 1546 1125 εἰς
1565 1093 1668 1128 στήλας
1682 1093 1858 1129 διεμὸρφίιισε

1067 1140 1161 1172 πέντε,
1187 1141 1234 1166 καὶ
1249 1140 1304 1174 πρὸ
1318 1140 1364 1166 τοῦ
1378 1140 1520 1175 βαλανείου
1536 1140 1633 1167 ἀνίστα
1646 1141 1686 1172 εἰς
1701 1140 1732 1167 τδ
1746 1141 1805 1167 “In
1818 1142 1859 1168 ὑπ’

1068 1185 1150 1212 αὐτοῦ
1164 1186 1346 1220 κεκαυμένων
1363 1186 1457 1221 σχῆμα
1466 1187 1573 1214 τύπων.

1356 1243 1482 1271 ΚΕΦΔΛ.
1499 1244 1562 1271 KA'.

1068 1289 1138 1323 Περὶ
1151 1289 1206 1322 τῆς
1220 1288 1385 1322 βασιλείας
1398 1291 1506 1317 Αἰλίου
1528 1289 1685 1323 Ἀδριανοῦ
1697 1299 1703 1306 ·
1729 1292 1780 1318 ναι
1797 1291 1861 1324 πεί)

1103 1324 1158 1358 τῆς
1177 1326 1239 1352 κατ’
1257 1326 1351 1351 αὑτὸν
1368 1325 1503 1359 ὑστάτης
1516 1324 1576 1353 τῶν
1597 1326 1750 1353 Ἰουδαίων
1764 1335 1863 1353 πίω-ω-

1102 1361 1220 1394 λεωρίας
1227 1379 1234 1387 .

1103 1416 1197 1444 Εἴκοσι
1226 1417 1308 1444 δ’ἐπ’
1333 1418 1468 1449 ἐνιαυτοῖς
1487 1418 1583 1453 μηνῶν
1612 1417 1722 1446 δέουσιν
1751 1418 1784 1452 ἐξ
1816 1420 1860 1454 τὴν

1068 1465 1155 1499 ἀρχὴν
1187 1464 1368 1499 κατεσχηκὼς
1384 1465 1398 1491 ό
1415 1465 1562 1498 Τραϊανὸς,
1587 1465 1720 1500 Ἀδριανῴ
1747 1467 1790 1502 τῷ
1821 1466 1862 1492 ἐπ’

1070 1511 1172 1545 ἀδελφῇ
1189 1511 1308 1546 γαμϐρῷ
1325 1512 1374 1544 τὴν
1396 1510 1483 1546 ἀρχὴν
1509 1511 1684 1538 καταλείπει.
1710 1512 1818 1546 ’Δνίησι
1842 1514 1860 1539 δ’

1072 1558 1153 1589 addi);
1170 1557 1217 1589 τὰς
1234 1557 1369 1592 δημοσίας
1383 1557 1438 1584 τῶν
1454 1557 1558 1584 πόλεων
1573 1558 1708 1593 ὀφειλέις,
1728 1561 1778 1586 καὶ
1801 1560 1863 1586 πολ-

1072 1603 1134 1634 λοὺς
1145 1603 1173 1629 δὲ
1189 1604 1291 1638 φόρους
1309 1605 1368 1634 τοῖς
1389 1603 1541 1638 Ῥωμαίοις
1570 1605 1739 1640 χαρίζεται·
1770 1606 1832 1632 ὅθεν
1848 1607 1862 1640 ἡ

1073 1650 1114 1676 πόῖ
1127 1659 1150 1682 ις
1179 1649 1275 1680 οεῖκὰς
1300 1650 1424 1685 ἁφωσίου
1448 1649 1537 1685 τούτῳ
1561 1652 1656 1685 τιμάς.
1688 1652 1813 1679 Νίκαιαν
1838 1653 1862 1678 δὲ

1072 1697 1119 1722 καὶ
1144 1696 1331 1732 Νικομηδείαν
1360 1697 1467 1731 σεισμῷ
1491 1697 1645 1731 παθούσας,
1672 1698 1788 1733 ὀχυροῖς
1811 1700 1863 1725 τεῖ-

1071 1752 1149 1779 χεσιν
1167 1743 1254 1775 αὐτὰς
1280 1743 1450 1778 περιὸάλλει.
1477 1745 1534 1771 Καὶ
1559 1745 1659 1780 νόμους
1677 1745 1706 1771 δὲ
1736 1747 1861 1781 συντίθη-

1073 1798 1126 1821 σιν,
1139 1790 1170 1816 ἐκ
1187 1790 1240 1816 τῶν
1257 1790 1322 1825 παρ’
1341 1790 1470 1825 Ἀθήνῃσι
1488 1790 1643 1825 νομοθετῶν
1657 1791 1815 1825 Δράκοντός
1835 1801 1861 1818 τε

1072 1836 1119 1863 καὶ
1136 1836 1255 1867 Σόλωνος
1277 1836 1327 1868 τὰς
1352 1835 1480 1872 ἀφορμὰς
1507 1837 1644 1872 ἐσχηκώς.
1663 1837 1819 1866 Στασιάσαι
1841 1839 1860 1864 δ’

1071 1883 1117 1909 ἐπὶ
1132 1882 1229 1909 τούτου
1245 1881 1333 1909 καὶτὸ
1356 1883 1493 1910 Ἰουδαίων
1512 1883 1591 1915 αὖθίς
1608 1892 1687 1917 φασι.
1712 1885 1788 1920 Πρὸς
1803 1885 1862 1920 βιο-

1072 1929 1122 1965 λῆς
1136 1929 1159 1956 δ’
1175 1927 1210 1965 ἦν
1227 1929 1343 1961 ἐκείνοις
1361 1929 1408 1956 καὶ
1437 1930 1484 1956 τὸν
1508 1931 1537 1957 ὲν
1567 1931 1771 1967 Ἰεροσολύμοις
1797 1934 1862 1959 νεὼν

1073 1977 1198 2012 ἁνιστᾷν.
1212 1977 1358 2011 Μυριάδας
1379 1977 1408 2003 δέ
1425 1977 1523 2004 τοῦτον
1538 1977 1612 2004 ὀκτὼ
1624 1979 1671 2005 καὶ
1689 1980 1862 2015 πεντήκοηά

1072 2030 1156 2056 φασιν
1176 2022 1223 2048 ἐπὶ
1239 2023 1304 2056 μιᾶς
1322 2023 1428 2058 ἡμέρας
1440 2022 1532 2050 αὐτῶν
1547 2023 1654 2050 ἀνελεῖν
1672 2024 1724 2058 τῆς
1735 2025 1862 2059 τοιαύτης

1073 2070 1154 2104 χάριν
1175 2069 1388 2104 ἐπιχειρήσεως·
1404 2069 1456 2096 ὅσα
1471 2078 1504 2104 γε
1525 2070 1580 2105 μὴν
1603 2072 1636 2105 τῇ
1664 2071 1744 2098 πόλει
1774 2081 1863 2107 περιε-

1072 2116 1170 2152 λείφθη
1200 2117 1252 2152 τῆς
1281 2117 1314 2143 ἐκ
1338 2116 1423 2144 πάλαι
1438 2117 1586 2153 οἰκοδομῆς
1611 2117 1730 2152 λείψανα
1747 2119 1862 2154 ἐρειπιί-

1074 2171 1130 2194 σαι,
1145 2164 1192 2190 καὶ
1208 2163 1522 2197 παντάπασινὰφανίσαι
1539 2172 1546 2179 ι
1564 2164 1607 2190 ἵνα
1621 2165 1691 2199 μηδέ
1714 2165 1746 2191 τὸ
1776 2168 1862 2200 μεῖναι

230 2207 307 2228 rarct
322 2211 329 2229 ι
342 2202 517 2237 civitatisque
532 2204 616 2230 totius
630 2202 771 2237 pomariis
787 2202 935 2236 plurimum
952 2210 1017 2229 cou-

1104 2210 1146 2236 Βον
1161 2210 1209 2236 ἐπὶ
1224 2210 1302 2245 λίθῳ,
1326 2209 1417 2243 λόγιον
1433 2209 1480 2236 τοῦ
1497 2210 1626 2246 Σωτῆρος
1643 2211 1683 2243 είς
1703 2213 1795 2245 πέρας
1824 2214 1861 2239 ἑλ-

231 2249 328 2275 tractis
339 2268 346 2280 ,
363 2248 454 2276 denuo
469 2257 528 2276 eam
545 2256 597 2276 suo
618 2249 670 2276 sub
685 2247 800 2274 nomine
822 2247 965 2280 excitavit,
992 2252 1020 2275 et

231 2294 417 2330 appellatione
429 2302 480 2322 sua
495 2294 519 2321 ei
535 2293 672 2329 imposita,
689 2293 788 2320 Elian]
804 2292 922 2324 vocavit,
937 2298 1019 2328 atque

231 2341 258 2368 in
277 2340 336 2375 ipso
351 2340 446 2375 tctnpli
462 2339 544 2375 adyto
558 2343 677 2366 statuam
693 2338 752 2372 ipse
767 2346 845 2366 suam
862 2338 1018 2366 collocavit.

231 2388 317 2420 Quam
341 2387 363 2413 si
383 2387 446 2421 quis
467 2393 524 2412 non
546 2386 638 2419 inepte
658 2384 892 2412 abominationem
914 2385 1020 2412 desola-

232 2433 316 2460 tiunis
341 2433 477 2462 nominet.
503 2431 530 2458 in
553 2431 615 2458 loco
637 2435 743 2464 saneto,
764 2431 842 2467 juxta
865 2431 1020 2459 Servatoris

230 2479 353 2511 dictum,
371 2483 488 2505 stantem
500 2499 507 2510 ,
524 2477 638 2505 minime
657 2477 680 2505 is
699 2478 806 2513 judicio
828 2486 890 2506 tneo
905 2478 1018 2506 crrarit.

232 2526 306 2552 Solis
321 2529 413 2552 autent
437 2523 540 2551 Graecis
565 2524 736 2551 incolendam
755 2532 816 2552 eam
839 2524 926 2552 dedit.
945 2524 1018 2551 Idem

231 2573 371 2600 Adrianus
389 2569 521 2604 templum
544 2570 626 2598 etiam
649 2570 739 2607 Cyzici
758 2571 910 2603 exstruxit,
933 2571 1020 2598 maxi—

232 2624 308 2644 mum
324 2621 353 2643 et
368 2615 590 2648 celeberrimum.
616 2622 643 2644 et
663 2618 728 2644 item
746 2618 843 2645 urbem
866 2624 938 2648 eam,
958 2624 1019 2651 qua:

231 2663 315 2692 hodie
333 2669 444 2697 quoque
464 2670 562 2691 nomen
583 2665 642 2700 ejus
661 2664 779 2697 obtinet,
798 2663 1017 2698 Adrianopolim.

231 2711 297 2743 Quae
310 2715 375 2735 vero
386 2713 413 2736 et
424 2710 532 2737 Ariston
545 2711 659 2738 Peliacus
670 2710 703 2738 de
713 2715 851 2745 postrema
862 2709 1018 2737 Judaeorutn

266 2778 304 2813 (l)
322 2777 416 2813 Ncptis
431 2787 463 2806 ex
482 2788 577 2807 sorore
593 2787 653 2807 Sua.
674 2779 779 2814 (Dion.)

323 2814 379 2842 lluc
397 2821 457 2847 est.
484 2816 633 2850 quinquies
663 2812 780 2842 centena
807 2818 835 2842 ct
860 2812 1019 2847 octuaginta

230 2856 266 2877 un
291 2859 325 2878 ta.

1072 2256 1128 2288 Θὸν,
1143 2256 1284 2290 τάσφαλὲς
1300 2255 1354 2282 τῶν
1369 2255 1457 2290 λόγων
1473 2257 1706 2292 ὲξακριὸὡσαιτο.
1724 2259 1773 2291 Εἰς
1792 2259 1862 2286 am.

1071 2300 1100 2327 δέ
1115 2300 1164 2336 τὴν
1180 2300 1258 2328 πόλιν
1272 2300 1449 2335 ἁπομειώσας
1468 2301 1516 2327 ἐπὶ
1541 2301 1580 2336 τῷ
1597 2303 1724 2337 σφετέρῳ
1750 2303 1861 2338 ὀνόματι

1075 2346 1180 2381 ταύτην
1208 2346 1324 2382 ἐγείρει,
1350 2347 1399 2373 καὶ
1425 2347 1475 2380 τὴν
1491 2347 1680 2383 προσηγορίαν
1704 2349 1775 2384 αὐτῇ
1791 2350 1860 2379 δοὺς.

1073 2392 1169 2419 Αἰλίαν
1185 2392 1340 2427 ὠνόμασεν.
1361 2393 1406 2420 Ἐν
1418 2393 1493 2428 αὐτῷ
1506 2393 1535 2420 δέ
1550 2393 1589 2429 τῷ
1618 2394 1711 2430 ἀδύτῳ
1725 2395 1774 2423 τοῦ
1790 2395 1859 2430 ἱερεῦ

1071 2438 1120 2464 καὶ
1135 2439 1165 2465 τὸ
1177 2438 1278 2465 ἑαυτοῦ
1298 2438 1443 2472 ἁνίδρυσεν
1460 2439 1573 2466 εἴδωλον
1584 2446 1592 2454 ’
1607 2439 1621 2466 ὃ
1653 2439 1688 2466 ἂν
1703 2449 1747 2472 τις
1777 2449 1857 2476 προσ-

1071 2485 1162 2518 φόρως
1190 2484 1331 2520 βδέλυγμα
1352 2484 1523 2520 ἐρημώσεως
1547 2486 1706 2521 προσειπὼν
1734 2488 1765 2514 ἐν
1787 2487 1858 2522 τόπῳ

1071 2529 1142 2564 ἁγίῳ
1159 2528 1258 2561 ἐστὼς,
1276 2529 1349 2556 κατὰ
1366 2529 1416 2565 τὴν
1429 2530 1476 2557 τοῦ
1489 2530 1616 2566 Σωτῆρος
1629 2533 1736 2567 φωνὴν,
1763 2533 1812 2559 οὐκ
1828 2533 1858 2559 ἂν

1070 2572 1149 2609 οἶμαι
1170 2575 1301 2611 ἁμάρτοι.
1317 2576 1433 2611 Ἕλλησι
1444 2576 1472 2603 δέ
1490 2577 1582 2611 μόνοις
1597 2577 1648 2613 τὴν
1664 2579 1745 2605 πόλιν
1762 2580 1855 2610 ἐδίδου,

1072 2622 1117 2646 καὶ
1130 2623 1269 2648 κατοικεῖν
1283 2623 1447 2657 ἐπέτρεπεν.
1465 2621 1551 2655 οὗτος
1566 2623 1595 2650 δὲ
1612 2625 1626 2650 ὁ
1644 2624 1789 2660 ’Δδριανὺς
1814 2626 1857 2651 καὶ

1071 2667 1116 2693 τὸν
1135 2667 1163 2693 ἐν
1177 2666 1290 2702 Κυζίκῳ
1303 2667 1372 2694 νεὼν
1393 2669 1503 2704 ἀνιστᾷ,
1521 2669 1650 2704 μέγιστόν
1667 2678 1731 2697 τινα
1746 2673 1792 2698 καὶ
1803 2679 1857 2699 ,πε-

1071 2714 1273 2748 ριφανέστατον
1283 2722 1291 2731 ν
1312 2716 1359 2741 καὶ
1373 2715 1422 2750 τὴν
1442 2715 1469 2747 ἐς
1481 2715 1562 2751 δεῦρο
1577 2715 1609 2742 τὸ
1619 2715 1704 2743 αὑτοῦ
1720 2717 1855 2754 κτησαμέ-

1107 2780 1145 2815 (5)
1166 2780 1220 2808 Jul.
1244 2781 1366 2809 Severus
1381 2782 1408 2809 in
1423 2782 1544 2810 Judaeum
1561 2783 1663 2811 missus
1677 2784 1713 2812 ab
1730 2784 1854 2814 Adriano.

1071 2822 1149 2856 arces
1165 2816 1352 2856 50ﬂdiruit,_et
1375 2818 1452 2845 vicos
1465 2817 1607 2856 98_O_[erro
1618 2824 1646 2847 et
1663 2821 1721 2856 igni
1737 2822 1854 2849 vastant.

1073 2851 1175 2886 (Diom,
1194 2851 1273 2880 Oros.
1291 2853 1339 2880 lib.
1354 2860 1400 2887 vn,
1417 2861 1477 2889 cap.
1498 2853 1553 2888 l3.)
