  <div class='ocr_page' id='page_1' title='image "/cluster/home/n/w/nwhite01/storage/ocr_20150623/145/njp.32101077773149/615.png"; bbox 0 0 1885 3059; ppageno 0'>
   <div class='ocr_carea' id='block_1_1' title="bbox 218 126 270 158">
    <p class='ocr_par' dir='ltr' id='par_1_1' title="bbox 218 126 270 158">
     <span class='ocr_line' id='line_1_1' title="bbox 218 126 270 158; baseline -0.038 0"><span class='ocrx_word' id='word_1_1' title='bbox 218 126 270 158; x_wconf 72' lang='grc'><strong>947</strong></span> 
     </span>
    </p>
   </div>
   <div class='ocr_carea' id='block_1_2' title="bbox 823 123 1229 155">
    <p class='ocr_par' dir='ltr' id='par_1_2' title="bbox 823 123 1229 155">
     <span class='ocr_line' id='line_1_2' title="bbox 823 123 1229 155; baseline 0.005 -2"><span class='ocrx_word' id='word_1_2' title='bbox 823 125 845 154; x_wconf 76' lang='grc' dir='ltr'>Ν</span> <span class='ocrx_word' id='word_1_3' title='bbox 855 125 861 153; x_wconf 84' lang='grc'><strong>1</strong></span> <span class='ocrx_word' id='word_1_4' title='bbox 870 123 1039 154; x_wconf 75' lang='lat' dir='ltr'><strong>CEPIIORI</strong></span> <span class='ocrx_word' id='word_1_5' title='bbox 1058 125 1229 155; x_wconf 76' lang='lat' dir='ltr'><strong>CALLISTI</strong></span> 
     </span>
    </p>
   </div>
   <div class='ocr_carea' id='block_1_3' title="bbox 1788 128 1836 160">
    <p class='ocr_par' dir='ltr' id='par_1_3' title="bbox 1788 128 1836 160">
     <span class='ocr_line' id='line_1_3' title="bbox 1788 128 1836 160; baseline 0 -1"><span class='ocrx_word' id='word_1_6' title='bbox 1788 128 1836 160; x_wconf 65' lang='lat'><strong>918</strong></span> 
     </span>
    </p>
   </div>
   <div class='ocr_carea' id='block_1_4' title="bbox 219 178 963 218">
    <p class='ocr_par' dir='ltr' id='par_1_4' title="bbox 219 178 963 213">
     <span class='ocr_line' id='line_1_4' title="bbox 219 178 963 213; baseline -0.007 -3"><span class='ocrx_word' id='word_1_7' title='bbox 219 182 301 210; x_wconf 85' lang='lat' dir='ltr'><strong>anuis</strong></span> <span class='ocrx_word' id='word_1_8' title='bbox 312 179 437 209; x_wconf 83' lang='lat' dir='ltr'><strong>Ecclesia</strong></span> <span class='ocrx_word' id='word_1_9' title='bbox 451 179 573 207; x_wconf 77' lang='lat' dir='ltr'><strong>Romana</strong></span> <span class='ocrx_word' id='word_1_10' title='bbox 589 178 793 210; x_wconf 86' lang='lat' dir='ltr'><strong>administrata,</strong></span> <span class='ocrx_word' id='word_1_11' title='bbox 809 184 907 207; x_wconf 78' lang='lat' dir='ltr'><strong>octavo</strong></span> <span class='ocrx_word' id='word_1_12' title='bbox 920 179 963 213; x_wconf 74' lang='lat' dir='ltr'><strong>im]</strong></span> 
     </span>
    </p>
   </div>
   <div class='ocr_carea' id='block_1_5' title="bbox 1090 178 1834 218">
    <p class='ocr_par' dir='ltr' id='par_1_5' title="bbox 1090 179 1834 218">
     <span class='ocr_line' id='line_1_5' title="bbox 1090 179 1834 218; baseline 0.007 -13"><span class='ocrx_word' id='word_1_13' title='bbox 1090 179 1174 214; x_wconf 85' lang='grc' dir='ltr'>’γίνου</span> <span class='ocrx_word' id='word_1_14' title='bbox 1196 180 1227 206; x_wconf 76' lang='grc' dir='ltr'>τὸ</span> <span class='ocrx_word' id='word_1_15' title='bbox 1241 180 1301 215; x_wconf 74' lang='grc' dir='ltr'><strong>ζῇν,</strong></span> <span class='ocrx_word' id='word_1_16' title='bbox 1315 180 1380 212; x_wconf 85' lang='grc' dir='ltr'>Πῖος</span> <span class='ocrx_word' id='word_1_17' title='bbox 1395 180 1445 214; x_wconf 84' lang='grc' dir='ltr'>τὴν</span> <span class='ocrx_word' id='word_1_18' title='bbox 1466 180 1515 215; x_wconf 83' lang='grc' dir='ltr'><strong>τῆς</strong></span> <span class='ocrx_word' id='word_1_19' title='bbox 1543 179 1652 215; x_wconf 82' lang='grc' dir='ltr'><strong>Ῥώμης</strong></span> <span class='ocrx_word' id='word_1_20' title='bbox 1683 181 1834 218; x_wconf 71' lang='grc' dir='ltr'><strong>ἐπισκοπὴν</strong></span> 
     </span>
    </p>
   </div>
   <div class='ocr_carea' id='block_1_6' title="bbox 220 225 1006 260">
    <p class='ocr_par' dir='ltr' id='par_1_6' title="bbox 220 225 1006 260">
     <span class='ocr_line' id='line_1_6' title="bbox 220 225 1006 260; baseline -0.004 -4"><span class='ocrx_word' id='word_1_21' title='bbox 220 228 321 256; x_wconf 81' lang='lat' dir='ltr'><strong>ratoris</strong></span> <span class='ocrx_word' id='word_1_22' title='bbox 337 227 402 255; x_wconf 77' lang='lat' dir='ltr'><strong>Veri</strong></span> <span class='ocrx_word' id='word_1_23' title='bbox 425 234 515 259; x_wconf 85' lang='lat' dir='ltr'><strong>anno,</strong></span> <span class='ocrx_word' id='word_1_24' title='bbox 536 225 626 252; x_wconf 89' lang='lat' dir='ltr'><strong>Soteri</strong></span> <span class='ocrx_word' id='word_1_25' title='bbox 647 233 707 252; x_wconf 80' lang='lat' dir='ltr'><strong>eam</strong></span> <span class='ocrx_word' id='word_1_26' title='bbox 726 225 850 260; x_wconf 85' lang='lat' dir='ltr'><strong>reliquit.</strong></span> <span class='ocrx_word' id='word_1_27' title='bbox 874 225 925 253; x_wconf 88' lang='lat' dir='ltr'><strong>Cui</strong></span> <span class='ocrx_word' id='word_1_28' title='bbox 944 230 1006 260; x_wconf 89' lang='lat' dir='ltr'><strong>post</strong></span> 
     </span>
    </p>
   </div>
   <div class='ocr_carea' id='block_1_7' title="bbox 219 271 1006 304">
    <p class='ocr_par' dir='ltr' id='par_1_7' title="bbox 219 271 1006 304">
     <span class='ocr_line' id='line_1_7' title="bbox 219 271 1006 304; baseline -0.004 -2"><span class='ocrx_word' id='word_1_29' title='bbox 219 281 308 302; x_wconf 84' lang='lat' dir='ltr'><strong>annos</strong></span> <span class='ocrx_word' id='word_1_30' title='bbox 325 277 390 300; x_wconf 90' lang='lat' dir='ltr'><strong>octo</strong></span> <span class='ocrx_word' id='word_1_31' title='bbox 410 271 577 302; x_wconf 83' lang='lat' dir='ltr'><strong>Eleutherus</strong></span> <span class='ocrx_word' id='word_1_32' title='bbox 594 276 635 298; x_wconf 85' lang='lat' dir='ltr'><strong>est</strong></span> <span class='ocrx_word' id='word_1_33' title='bbox 652 271 785 298; x_wconf 85' lang='lat' dir='ltr'><strong>suffectus</strong></span> <span class='ocrx_word' id='word_1_34' title='bbox 797 292 804 304; x_wconf 95' lang='lat'><strong>,</strong></span> <span class='ocrx_word' id='word_1_35' title='bbox 823 272 1006 299; x_wconf 87' lang='lat' dir='ltr'><strong>duodecimus</strong></span> 
     </span>
    </p>
   </div>
   <div class='ocr_carea' id='block_1_8' title="bbox 219 317 1007 352">
    <p class='ocr_par' dir='ltr' id='par_1_8' title="bbox 219 317 1007 352">
     <span class='ocr_line' id='line_1_8' title="bbox 219 317 1007 352; baseline -0.004 -4"><span class='ocrx_word' id='word_1_36' title='bbox 219 328 234 347; x_wconf 86' lang='lat' dir='ltr'><strong>a</strong></span> <span class='ocrx_word' id='word_1_37' title='bbox 250 321 329 347; x_wconf 79' lang='lat' dir='ltr'><strong>Petro</strong></span> <span class='ocrx_word' id='word_1_38' title='bbox 348 324 505 348; x_wconf 84' lang='lat' dir='ltr'><strong>successor,</strong></span> <span class='ocrx_word' id='word_1_39' title='bbox 532 325 594 344; x_wconf 89' lang='lat' dir='ltr'><strong>cum</strong></span> <span class='ocrx_word' id='word_1_40' title='bbox 622 317 762 344; x_wconf 88' lang='lat' dir='ltr'><strong>decimum</strong></span> <span class='ocrx_word' id='word_1_41' title='bbox 782 318 932 352; x_wconf 89' lang='lat' dir='ltr'><strong>septimum</strong></span> <span class='ocrx_word' id='word_1_42' title='bbox 959 326 1007 345; x_wconf 85' lang='lat' dir='ltr'><strong>an-</strong></span> 
     </span>
    </p>
   </div>
   <div class='ocr_carea' id='block_1_9' title="bbox 219 363 1007 400">
    <p class='ocr_par' dir='ltr' id='par_1_9' title="bbox 219 363 1007 400">
     <span class='ocr_line' id='line_1_9' title="bbox 219 363 1007 400; baseline -0.003 -6"><span class='ocrx_word' id='word_1_43' title='bbox 219 373 285 394; x_wconf 87' lang='lat' dir='ltr'><strong>num</strong></span> <span class='ocrx_word' id='word_1_44' title='bbox 301 365 336 393; x_wconf 83' lang='lat' dir='ltr'><strong>M.</strong></span> <span class='ocrx_word' id='word_1_45' title='bbox 351 364 506 392; x_wconf 76' lang='lat' dir='ltr'><strong>Antoninus</strong></span> <span class='ocrx_word' id='word_1_46' title='bbox 522 363 562 399; x_wconf 83' lang='lat' dir='ltr'><strong>(l)</strong></span> <span class='ocrx_word' id='word_1_47' title='bbox 579 371 642 392; x_wconf 88' lang='lat' dir='ltr'><strong>cum</strong></span> <span class='ocrx_word' id='word_1_48' title='bbox 657 364 713 392; x_wconf 88' lang='lat' dir='ltr'><strong>filio</strong></span> <span class='ocrx_word' id='word_1_49' title='bbox 727 365 880 392; x_wconf 79' lang='lat' dir='ltr'><strong>Romanum</strong></span> <span class='ocrx_word' id='word_1_50' title='bbox 899 369 1007 400; x_wconf 82' lang='lat' dir='ltr'><strong>regeret</strong></span> 
     </span>
    </p>
   </div>
   <div class='ocr_carea' id='block_1_10' title="bbox 219 410 1007 446">
    <p class='ocr_par' dir='ltr' id='par_1_10' title="bbox 219 410 1007 446">
     <span class='ocr_line' id='line_1_10' title="bbox 219 410 1007 446; baseline -0.001 -7"><span class='ocrx_word' id='word_1_51' title='bbox 219 412 376 446; x_wconf 89' lang='lat' dir='ltr'><strong>imperium.</strong></span> <span class='ocrx_word' id='word_1_52' title='bbox 390 410 419 438; x_wconf 89' lang='lat' dir='ltr'><strong>ln</strong></span> <span class='ocrx_word' id='word_1_53' title='bbox 432 410 618 438; x_wconf 76' lang='lat' dir='ltr'><strong>Alexandrina</strong></span> <span class='ocrx_word' id='word_1_54' title='bbox 630 411 746 438; x_wconf 77' lang='lat' dir='ltr'><strong>ecclesia</strong></span> <span class='ocrx_word' id='word_1_55' title='bbox 759 411 867 438; x_wconf 82' lang='lat' dir='ltr'><strong>Primus</strong></span> <span class='ocrx_word' id='word_1_56' title='bbox 892 416 1007 445; x_wconf 85' lang='lat' dir='ltr'><strong>quartus</strong></span> 
     </span>
    </p>
   </div>
   <div class='ocr_carea' id='block_1_11' title="bbox 217 455 1006 491">
    <p class='ocr_par' dir='ltr' id='par_1_11' title="bbox 217 455 1006 491">
     <span class='ocr_line' id='line_1_11' title="bbox 217 455 1006 491; baseline 0 -7"><span class='ocrx_word' id='word_1_57' title='bbox 217 457 252 484; x_wconf 84' lang='lat' dir='ltr'><strong>ab</strong></span> <span class='ocrx_word' id='word_1_58' title='bbox 273 456 407 491; x_wconf 73' lang='lat' dir='ltr'><strong>apostolis</strong></span> <span class='ocrx_word' id='word_1_59' title='bbox 429 456 576 491; x_wconf 89' lang='lat' dir='ltr'><strong>episcopus</strong></span> <span class='ocrx_word' id='word_1_60' title='bbox 609 455 672 484; x_wconf 87' lang='lat' dir='ltr'><strong>fuit.</strong></span> <span class='ocrx_word' id='word_1_61' title='bbox 696 456 746 489; x_wconf 89' lang='lat' dir='ltr'><strong>Ei,</strong></span> <span class='ocrx_word' id='word_1_62' title='bbox 771 464 834 484; x_wconf 90' lang='lat' dir='ltr'><strong>cum</strong></span> <span class='ocrx_word' id='word_1_63' title='bbox 860 457 1006 485; x_wconf 84' lang='lat' dir='ltr'><strong>duodecim</strong></span> 
     </span>
    </p>
   </div>
   <div class='ocr_carea' id='block_1_12' title="bbox 217 502 1006 538">
    <p class='ocr_par' dir='ltr' id='par_1_12' title="bbox 217 502 1006 538">
     <span class='ocr_line' id='line_1_12' title="bbox 217 502 1006 538; baseline 0.001 -8"><span class='ocrx_word' id='word_1_64' title='bbox 217 511 305 530; x_wconf 83' lang='lat' dir='ltr'><strong>annos</strong></span> <span class='ocrx_word' id='word_1_65' title='bbox 319 502 477 538; x_wconf 86' lang='lat' dir='ltr'><strong>pontificale</strong></span> <span class='ocrx_word' id='word_1_66' title='bbox 492 502 608 530; x_wconf 83' lang='lat' dir='ltr'><strong>obiisset</strong></span> <span class='ocrx_word' id='word_1_67' title='bbox 620 510 732 535; x_wconf 87' lang='lat' dir='ltr'><strong>munus,</strong></span> <span class='ocrx_word' id='word_1_68' title='bbox 751 503 874 530; x_wconf 68' lang='lat' dir='ltr'><strong>Adriano</strong></span> <span class='ocrx_word' id='word_1_69' title='bbox 893 505 1006 532; x_wconf 89' lang='lat' dir='ltr'><strong>tertium</strong></span> 
     </span>
    </p>
   </div>
   <div class='ocr_carea' id='block_1_13' title="bbox 218 548 1007 585">
    <p class='ocr_par' dir='ltr' id='par_1_13' title="bbox 218 548 1007 585">
     <span class='ocr_line' id='line_1_13' title="bbox 218 548 1007 585; baseline 0.001 -9"><span class='ocrx_word' id='word_1_70' title='bbox 218 550 374 585; x_wconf 87' lang='lat' dir='ltr'><strong>imperante</strong></span> <span class='ocrx_word' id='word_1_71' title='bbox 391 556 507 581; x_wconf 82' lang='lat' dir='ltr'><strong>annum,</strong></span> <span class='ocrx_word' id='word_1_72' title='bbox 525 548 621 576; x_wconf 86' lang='lat' dir='ltr'><strong>Justus</strong></span> <span class='ocrx_word' id='word_1_73' title='bbox 636 553 679 576; x_wconf 86' lang='lat' dir='ltr'><strong>est</strong></span> <span class='ocrx_word' id='word_1_74' title='bbox 695 554 869 584; x_wconf 78' lang='lat' dir='ltr'><strong>sul-rogatus.</strong></span> <span class='ocrx_word' id='word_1_75' title='bbox 886 549 1007 578; x_wconf 89' lang='lat' dir='ltr'><strong>Circiter</strong></span> 
     </span>
    </p>
   </div>
   <div class='ocr_carea' id='block_1_14' title="bbox 218 595 1006 631">
    <p class='ocr_par' dir='ltr' id='par_1_14' title="bbox 218 595 1006 631">
     <span class='ocr_line' id='line_1_14' title="bbox 218 595 1006 631; baseline 0.003 -7"><span class='ocrx_word' id='word_1_76' title='bbox 218 597 413 625; x_wconf 85' lang='lat' dir='ltr'><strong>duodecimum</strong></span> <span class='ocrx_word' id='word_1_77' title='bbox 427 601 519 624; x_wconf 87' lang='lat' dir='ltr'><strong>autem</strong></span> <span class='ocrx_word' id='word_1_78' title='bbox 535 595 659 630; x_wconf 82' lang='lat' dir='ltr'><strong>ejusdem</strong></span> <span class='ocrx_word' id='word_1_79' title='bbox 677 596 784 631; x_wconf 87' lang='lat' dir='ltr'><strong>imperii</strong></span> <span class='ocrx_word' id='word_1_80' title='bbox 800 605 917 630; x_wconf 87' lang='lat' dir='ltr'><strong>annum,</strong></span> <span class='ocrx_word' id='word_1_81' title='bbox 932 605 1006 626; x_wconf 89' lang='lat' dir='ltr'><strong>anno</strong></span> 
     </span>
    </p>
   </div>
   <div class='ocr_carea' id='block_1_15' title="bbox 219 642 1004 679">
    <p class='ocr_par' dir='ltr' id='par_1_15' title="bbox 219 642 1004 679">
     <span class='ocr_line' id='line_1_15' title="bbox 219 642 1004 679; baseline 0 -9"><span class='ocrx_word' id='word_1_82' title='bbox 219 648 350 679; x_wconf 76' lang='lat' dir='ltr'><strong>praeterea</strong></span> <span class='ocrx_word' id='word_1_83' title='bbox 367 650 422 671; x_wconf 92' lang='lat' dir='ltr'><strong>uno</strong></span> <span class='ocrx_word' id='word_1_84' title='bbox 435 647 464 671; x_wconf 87' lang='lat' dir='ltr'><strong>et</strong></span> <span class='ocrx_word' id='word_1_85' title='bbox 477 642 621 671; x_wconf 81' lang='lat' dir='ltr'><strong>mensibus</strong></span> <span class='ocrx_word' id='word_1_86' title='bbox 634 643 740 678; x_wconf 75' lang='lat' dir='ltr'><strong>aliquot</strong></span> <span class='ocrx_word' id='word_1_87' title='bbox 756 643 1004 676; x_wconf 67' lang='lat' dir='ltr'><strong>intercedentibus,</strong></span> 
     </span>
    </p>
   </div>
   <div class='ocr_carea' id='block_1_16' title="bbox 218 688 1007 724">
    <p class='ocr_par' dir='ltr' id='par_1_16' title="bbox 218 688 1007 724">
     <span class='ocr_line' id='line_1_16' title="bbox 218 688 1007 724; baseline -0.001 -7"><span class='ocrx_word' id='word_1_88' title='bbox 218 690 343 717; x_wconf 66' lang='lat' dir='ltr'><strong>ecclesiae</strong></span> <span class='ocrx_word' id='word_1_89' title='bbox 359 688 420 724; x_wconf 77' lang='lat' dir='ltr'><strong>eius</strong></span> <span class='ocrx_word' id='word_1_90' title='bbox 437 689 708 716; x_wconf 78' lang='lat' dir='ltr'><strong>administrationem</strong></span> <span class='ocrx_word' id='word_1_91' title='bbox 725 689 863 717; x_wconf 82' lang='lat' dir='ltr'><strong>Eumenes</strong></span> <span class='ocrx_word' id='word_1_92' title='bbox 884 695 928 718; x_wconf 88' lang='lat' dir='ltr'><strong>est</strong></span> <span class='ocrx_word' id='word_1_93' title='bbox 946 697 1007 717; x_wconf 82' lang='lat' dir='ltr'><strong>sor-</strong></span> 
     </span>
    </p>
   </div>
   <div class='ocr_carea' id='block_1_17' title="bbox 221 734 1007 770">
    <p class='ocr_par' dir='ltr' id='par_1_17' title="bbox 221 734 1007 770">
     <span class='ocr_line' id='line_1_17' title="bbox 221 734 1007 770; baseline 0.001 -8"><span class='ocrx_word' id='word_1_94' title='bbox 221 735 290 762; x_wconf 85' lang='lat' dir='ltr'><strong>titus</strong></span> <span class='ocrx_word' id='word_1_95' title='bbox 305 755 313 767; x_wconf 94' lang='lat'><strong>,</strong></span> <span class='ocrx_word' id='word_1_96' title='bbox 343 742 406 762; x_wconf 90' lang='lat' dir='ltr'><strong>cum</strong></span> <span class='ocrx_word' id='word_1_97' title='bbox 423 735 535 770; x_wconf 88' lang='lat' dir='ltr'><strong>quidem</strong></span> <span class='ocrx_word' id='word_1_98' title='bbox 551 734 646 763; x_wconf 80' lang='lat' dir='ltr'><strong>Justus</strong></span> <span class='ocrx_word' id='word_1_99' title='bbox 664 735 791 763; x_wconf 86' lang='lat' dir='ltr'><strong>undecim</strong></span> <span class='ocrx_word' id='word_1_100' title='bbox 807 735 832 763; x_wconf 91' lang='lat' dir='ltr'><strong>ei</strong></span> <span class='ocrx_word' id='word_1_101' title='bbox 851 735 1007 770; x_wconf 77' lang='lat' dir='ltr'><strong>prchuisset</strong></span> 
     </span>
    </p>
   </div>
   <div class='ocr_carea' id='block_1_18' title="bbox 220 779 1006 816">
    <p class='ocr_par' dir='ltr' id='par_1_18' title="bbox 220 779 1006 816">
     <span class='ocr_line' id='line_1_18' title="bbox 220 779 1006 816; baseline 0.003 -10"><span class='ocrx_word' id='word_1_102' title='bbox 220 780 313 807; x_wconf 86' lang='lat' dir='ltr'><strong>annis.</strong></span> <span class='ocrx_word' id='word_1_103' title='bbox 327 779 468 808; x_wconf 82' lang='lat' dir='ltr'><strong>Eumenes</strong></span> <span class='ocrx_word' id='word_1_104' title='bbox 481 787 548 808; x_wconf 77' lang='lat' dir='ltr'><strong>vero</strong></span> <span class='ocrx_word' id='word_1_105' title='bbox 569 780 702 808; x_wconf 85' lang='lat' dir='ltr'><strong>tredecim</strong></span> <span class='ocrx_word' id='word_1_106' title='bbox 721 781 801 808; x_wconf 86' lang='lat' dir='ltr'><strong>annis</strong></span> <span class='ocrx_word' id='word_1_107' title='bbox 815 781 1006 816; x_wconf 84' lang='lat' dir='ltr'><strong>episcopatum</strong></span> 
     </span>
    </p>
   </div>
   <div class='ocr_carea' id='block_1_19' title="bbox 222 826 1006 860">
    <p class='ocr_par' dir='ltr' id='par_1_19' title="bbox 222 826 1006 860">
     <span class='ocr_line' id='line_1_19' title="bbox 222 826 1006 860; baseline 0.001 -7"><span class='ocrx_word' id='word_1_108' title='bbox 222 826 322 853; x_wconf 86' lang='lat' dir='ltr'><strong>tenuit.</strong></span> <span class='ocrx_word' id='word_1_109' title='bbox 337 826 386 854; x_wconf 88' lang='lat' dir='ltr'><strong>Cui</strong></span> <span class='ocrx_word' id='word_1_110' title='bbox 405 826 512 854; x_wconf 81' lang='lat' dir='ltr'><strong>Marcus</strong></span> <span class='ocrx_word' id='word_1_111' title='bbox 525 826 688 860; x_wconf 85' lang='lat' dir='ltr'><strong>succedens.</strong></span> <span class='ocrx_word' id='word_1_112' title='bbox 703 827 801 854; x_wconf 86' lang='lat' dir='ltr'><strong>decem</strong></span> <span class='ocrx_word' id='word_1_113' title='bbox 817 827 898 854; x_wconf 87' lang='lat' dir='ltr'><strong>anuis</strong></span> <span class='ocrx_word' id='word_1_114' title='bbox 913 834 1006 854; x_wconf 87' lang='lat' dir='ltr'><strong>curam</strong></span> 
     </span>
    </p>
   </div>
   <div class='ocr_carea' id='block_1_20' title="bbox 221 872 1003 907">
    <p class='ocr_par' dir='ltr' id='par_1_20' title="bbox 221 872 1003 907">
     <span class='ocr_line' id='line_1_20' title="bbox 221 872 1003 907; baseline 0.004 -9"><span class='ocrx_word' id='word_1_115' title='bbox 221 872 385 906; x_wconf 78' lang='lat' dir='ltr'><strong>pastoralem</strong></span> <span class='ocrx_word' id='word_1_116' title='bbox 403 873 508 907; x_wconf 71' lang='lat' dir='ltr'><strong>[gessiL</strong></span> <span class='ocrx_word' id='word_1_117' title='bbox 528 872 619 900; x_wconf 80' lang='lat' dir='ltr'><strong>Marco</strong></span> <span class='ocrx_word' id='word_1_118' title='bbox 642 872 773 900; x_wconf 84' lang='lat' dir='ltr'><strong>Celadion</strong></span> <span class='ocrx_word' id='word_1_119' title='bbox 798 872 940 903; x_wconf 71' lang='lat' dir='ltr'><strong>suffectus.</strong></span> <span class='ocrx_word' id='word_1_120' title='bbox 957 873 1003 907; x_wconf 91' lang='lat' dir='ltr'><strong>qui</strong></span> 
     </span>
    </p>
   </div>
   <div class='ocr_carea' id='block_1_21' title="bbox 221 917 1005 953">
    <p class='ocr_par' dir='ltr' id='par_1_21' title="bbox 221 917 1005 953">
     <span class='ocr_line' id='line_1_21' title="bbox 221 917 1005 953; baseline 0.001 -8"><span class='ocrx_word' id='word_1_121' title='bbox 221 917 430 952; x_wconf 79' lang='lat' dir='ltr'><strong>qualum-decim</strong></span> <span class='ocrx_word' id='word_1_122' title='bbox 453 918 534 946; x_wconf 87' lang='lat' dir='ltr'><strong>annis</strong></span> <span class='ocrx_word' id='word_1_123' title='bbox 557 919 719 953; x_wconf 85' lang='lat' dir='ltr'><strong>episcopatu</strong></span> <span class='ocrx_word' id='word_1_124' title='bbox 742 919 870 949; x_wconf 87' lang='lat' dir='ltr'><strong>functus,</strong></span> <span class='ocrx_word' id='word_1_125' title='bbox 895 926 1005 946; x_wconf 85' lang='lat' dir='ltr'><strong>succes-</strong></span> 
     </span>
    </p>
   </div>
   <div class='ocr_carea' id='block_1_22' title="bbox 221 963 1004 999">
    <p class='ocr_par' dir='ltr' id='par_1_22' title="bbox 221 963 1004 999">
     <span class='ocr_line' id='line_1_22' title="bbox 221 963 1004 999; baseline -0.001 -8"><span class='ocrx_word' id='word_1_126' title='bbox 221 971 311 991; x_wconf 90' lang='lat' dir='ltr'><strong>sorem</strong></span> <span class='ocrx_word' id='word_1_127' title='bbox 328 963 425 991; x_wconf 88' lang='lat' dir='ltr'><strong>habuit</strong></span> <span class='ocrx_word' id='word_1_128' title='bbox 437 963 627 999; x_wconf 78' lang='lat' dir='ltr'><strong>Agrippinum,</strong></span> <span class='ocrx_word' id='word_1_129' title='bbox 640 972 745 990; x_wconf 90' lang='lat' dir='ltr'><strong>nonum</strong></span> <span class='ocrx_word' id='word_1_130' title='bbox 759 963 881 991; x_wconf 66' lang='lat' dir='ltr'><strong>ecclesia:</strong></span> <span class='ocrx_word' id='word_1_131' title='bbox 896 964 956 998; x_wconf 82' lang='lat' dir='ltr'><strong>ejus</strong></span> <span class='ocrx_word' id='word_1_132' title='bbox 970 965 1004 991; x_wconf 88' lang='lat' dir='ltr'><strong>ab</strong></span> 
     </span>
    </p>
   </div>
   <div class='ocr_carea' id='block_1_23' title="bbox 221 1008 1006 1045">
    <p class='ocr_par' dir='ltr' id='par_1_23' title="bbox 221 1008 1006 1045">
     <span class='ocr_line' id='line_1_23' title="bbox 221 1008 1006 1045; baseline -0.001 -9"><span class='ocrx_word' id='word_1_133' title='bbox 221 1009 351 1044; x_wconf 79' lang='lat' dir='ltr'><strong>apostolis</strong></span> <span class='ocrx_word' id='word_1_134' title='bbox 367 1009 540 1045; x_wconf 87' lang='lat' dir='ltr'><strong>episcopum.</strong></span> <span class='ocrx_word' id='word_1_135' title='bbox 561 1009 640 1044; x_wconf 89' lang='lat' dir='ltr'><strong>Apud</strong></span> <span class='ocrx_word' id='word_1_136' title='bbox 661 1009 850 1037; x_wconf 84' lang='lat' dir='ltr'><strong>Antiochenns</strong></span> <span class='ocrx_word' id='word_1_137' title='bbox 875 1013 937 1044; x_wconf 86' lang='lat' dir='ltr'><strong>post</strong></span> <span class='ocrx_word' id='word_1_138' title='bbox 952 1008 1006 1036; x_wconf 82' lang='lat' dir='ltr'><strong>lle-</strong></span> 
     </span>
    </p>
   </div>
   <div class='ocr_carea' id='block_1_24' title="bbox 222 1055 1006 1091">
    <p class='ocr_par' dir='ltr' id='par_1_24' title="bbox 222 1055 1006 1091">
     <span class='ocr_line' id='line_1_24' title="bbox 222 1055 1006 1091; baseline 0 -9"><span class='ocrx_word' id='word_1_139' title='bbox 222 1063 317 1083; x_wconf 89' lang='lat' dir='ltr'><strong>ronem</strong></span> <span class='ocrx_word' id='word_1_140' title='bbox 349 1056 494 1084; x_wconf 83' lang='lat' dir='ltr'><strong>ecclesiam</strong></span> <span class='ocrx_word' id='word_1_141' title='bbox 523 1056 596 1084; x_wconf 75' lang='lat' dir='ltr'><strong>rexit</strong></span> <span class='ocrx_word' id='word_1_142' title='bbox 629 1056 784 1084; x_wconf 79' lang='lat' dir='ltr'><strong>Cornelius.</strong></span> <span class='ocrx_word' id='word_1_143' title='bbox 811 1055 881 1084; x_wconf 83' lang='lat' dir='ltr'><strong>Huic</strong></span> <span class='ocrx_word' id='word_1_144' title='bbox 907 1056 1006 1091; x_wconf 89' lang='lat' dir='ltr'><strong>quinto</strong></span> 
     </span>
    </p>
   </div>
   <div class='ocr_carea' id='block_1_25' title="bbox 222 1101 1005 1136">
    <p class='ocr_par' dir='ltr' id='par_1_25' title="bbox 222 1101 1005 1136">
     <span class='ocr_line' id='line_1_25' title="bbox 222 1101 1005 1136; baseline 0 -10"><span class='ocrx_word' id='word_1_145' title='bbox 222 1101 381 1136; x_wconf 72' lang='lat' dir='ltr'><strong>apostolicae</strong></span> <span class='ocrx_word' id='word_1_146' title='bbox 406 1101 589 1129; x_wconf 77' lang='lat' dir='ltr'><strong>sucCessionis</strong></span> <span class='ocrx_word' id='word_1_147' title='bbox 609 1101 695 1136; x_wconf 77' lang='lat' dir='ltr'><strong>gradu</strong></span> <span class='ocrx_word' id='word_1_148' title='bbox 714 1101 781 1129; x_wconf 80' lang='lat' dir='ltr'><strong>Eros</strong></span> <span class='ocrx_word' id='word_1_149' title='bbox 796 1101 824 1128; x_wconf 93' lang='lat' dir='ltr'><strong>in</strong></span> <span class='ocrx_word' id='word_1_150' title='bbox 843 1101 1005 1136; x_wconf 76' lang='lat' dir='ltr'><strong>episcopatu</strong></span> 
     </span>
    </p>
   </div>
   <div class='ocr_carea' id='block_1_26' title="bbox 222 1147 1006 1182">
    <p class='ocr_par' dir='ltr' id='par_1_26' title="bbox 222 1147 1006 1182">
     <span class='ocr_line' id='line_1_26' title="bbox 222 1147 1006 1182; baseline -0.003 -7"><span class='ocrx_word' id='word_1_151' title='bbox 222 1148 357 1175; x_wconf 77' lang='lat' dir='ltr'><strong>successit</strong></span> <span class='ocrx_word' id='word_1_152' title='bbox 370 1156 377 1174; x_wconf 94' lang='lat'>:</span> <span class='ocrx_word' id='word_1_153' title='bbox 392 1147 494 1175; x_wconf 90' lang='lat' dir='ltr'><strong>deinde</strong></span> <span class='ocrx_word' id='word_1_154' title='bbox 508 1152 603 1175; x_wconf 65' lang='lat' dir='ltr'><strong>sextus</strong></span> <span class='ocrx_word' id='word_1_155' title='bbox 619 1147 802 1182; x_wconf 82' lang='lat' dir='ltr'><strong>Theophilus,</strong></span> <span class='ocrx_word' id='word_1_156' title='bbox 816 1152 844 1175; x_wconf 91' lang='lat' dir='ltr'><strong>et</strong></span> <span class='ocrx_word' id='word_1_157' title='bbox 856 1152 917 1182; x_wconf 89' lang='lat' dir='ltr'><strong>post</strong></span> <span class='ocrx_word' id='word_1_158' title='bbox 932 1149 1006 1174; x_wconf 93' lang='lat' dir='ltr'><strong>hunc</strong></span> 
     </span>
    </p>
   </div>
   <div class='ocr_carea' id='block_1_27' title="bbox 223 1193 1006 1229">
    <p class='ocr_par' dir='ltr' id='par_1_27' title="bbox 223 1193 1006 1229">
     <span class='ocr_line' id='line_1_27' title="bbox 223 1193 1006 1229; baseline -0.001 -9"><span class='ocrx_word' id='word_1_159' title='bbox 223 1194 356 1228; x_wconf 86' lang='lat' dir='ltr'><strong>septimus</strong></span> <span class='ocrx_word' id='word_1_160' title='bbox 377 1195 411 1222; x_wconf 90' lang='lat' dir='ltr'><strong>ab</strong></span> <span class='ocrx_word' id='word_1_161' title='bbox 426 1194 565 1229; x_wconf 84' lang='lat' dir='ltr'><strong>Apostolis</strong></span> <span class='ocrx_word' id='word_1_162' title='bbox 586 1193 761 1222; x_wconf 77' lang='lat' dir='ltr'><strong>Maximinus.</strong></span> <span class='ocrx_word' id='word_1_163' title='bbox 780 1193 1006 1228; x_wconf 60' lang='lat' dir='ltr'><strong>l‘lierosolymita-</strong></span> 
     </span>
    </p>
   </div>
   <div class='ocr_carea' id='block_1_28' title="bbox 222 1240 1008 1275">
    <p class='ocr_par' dir='ltr' id='par_1_28' title="bbox 222 1240 1008 1275">
     <span class='ocr_line' id='line_1_28' title="bbox 222 1240 1008 1275; baseline 0 -9"><span class='ocrx_word' id='word_1_164' title='bbox 222 1247 320 1267; x_wconf 89' lang='lat' dir='ltr'><strong>norum</strong></span> <span class='ocrx_word' id='word_1_165' title='bbox 341 1244 434 1267; x_wconf 88' lang='lat' dir='ltr'><strong>autem</strong></span> <span class='ocrx_word' id='word_1_166' title='bbox 456 1240 651 1275; x_wconf 85' lang='lat' dir='ltr'><strong>episcoporum</strong></span> <span class='ocrx_word' id='word_1_167' title='bbox 675 1243 797 1275; x_wconf 87' lang='lat' dir='ltr'><strong>tempora</strong></span> <span class='ocrx_word' id='word_1_168' title='bbox 813 1240 914 1267; x_wconf 88' lang='lat' dir='ltr'><strong>litteris</strong></span> <span class='ocrx_word' id='word_1_169' title='bbox 931 1246 1008 1266; x_wconf 86' lang='lat' dir='ltr'><strong>man-</strong></span> 
     </span>
    </p>
   </div>
   <div class='ocr_carea' id='block_1_29' title="bbox 222 1285 1006 1321">
    <p class='ocr_par' dir='ltr' id='par_1_29' title="bbox 222 1285 1006 1321">
     <span class='ocr_line' id='line_1_29' title="bbox 222 1285 1006 1321; baseline -0.001 -8"><span class='ocrx_word' id='word_1_170' title='bbox 222 1285 285 1313; x_wconf 81' lang='lat' dir='ltr'><strong>data</strong></span> <span class='ocrx_word' id='word_1_171' title='bbox 304 1293 357 1313; x_wconf 86' lang='lat' dir='ltr'><strong>nou</strong></span> <span class='ocrx_word' id='word_1_172' title='bbox 379 1291 455 1319; x_wconf 88' lang='lat' dir='ltr'><strong>sunt,</strong></span> <span class='ocrx_word' id='word_1_173' title='bbox 471 1293 543 1321; x_wconf 85' lang='lat' dir='ltr'><strong>quos</strong></span> <span class='ocrx_word' id='word_1_174' title='bbox 566 1286 659 1313; x_wconf 85' lang='lat' dir='ltr'><strong>brevis</strong></span> <span class='ocrx_word' id='word_1_175' title='bbox 679 1285 828 1313; x_wconf 87' lang='lat' dir='ltr'><strong>admodum</strong></span> <span class='ocrx_word' id='word_1_176' title='bbox 850 1285 900 1313; x_wconf 70' lang='lat' dir='ltr'><strong>aevi</strong></span> <span class='ocrx_word' id='word_1_177' title='bbox 921 1285 1006 1312; x_wconf 85' lang='lat' dir='ltr'><strong>fuisse</strong></span> 
     </span>
    </p>
   </div>
   <div class='ocr_carea' id='block_1_30' title="bbox 222 1330 1007 1367">
    <p class='ocr_par' dir='ltr' id='par_1_30' title="bbox 222 1330 1007 1367">
     <span class='ocr_line' id='line_1_30' title="bbox 222 1330 1007 1367; baseline 0 -9"><span class='ocrx_word' id='word_1_178' title='bbox 222 1336 341 1365; x_wconf 80' lang='lat' dir='ltr'><strong>constat,</strong></span> <span class='ocrx_word' id='word_1_179' title='bbox 354 1331 514 1367; x_wconf 87' lang='lat' dir='ltr'><strong>quindecim</strong></span> <span class='ocrx_word' id='word_1_180' title='bbox 531 1339 563 1359; x_wconf 84' lang='lat' dir='ltr'><strong>ex</strong></span> <span class='ocrx_word' id='word_1_181' title='bbox 582 1331 690 1365; x_wconf 85' lang='lat' dir='ltr'><strong>ordine,</strong></span> <span class='ocrx_word' id='word_1_182' title='bbox 705 1336 735 1358; x_wconf 92' lang='lat' dir='ltr'><strong>ut</strong></span> <span class='ocrx_word' id='word_1_183' title='bbox 747 1330 857 1366; x_wconf 85' lang='lat' dir='ltr'><strong>quidem</strong></span> <span class='ocrx_word' id='word_1_184' title='bbox 876 1330 1007 1358; x_wconf 86' lang='lat' dir='ltr'><strong>memoria</strong></span> 
     </span>
    </p>
   </div>
   <div class='ocr_carea' id='block_1_31' title="bbox 221 1376 1005 1413">
    <p class='ocr_par' dir='ltr' id='par_1_31' title="bbox 221 1376 1005 1413">
     <span class='ocr_line' id='line_1_31' title="bbox 221 1376 1005 1413; baseline -0.003 -8"><span class='ocrx_word' id='word_1_185' title='bbox 221 1378 283 1405; x_wconf 81' lang='lat' dir='ltr'><strong>siue</strong></span> <span class='ocrx_word' id='word_1_186' title='bbox 297 1378 402 1413; x_wconf 86' lang='lat' dir='ltr'><strong>scripto</strong></span> <span class='ocrx_word' id='word_1_187' title='bbox 414 1383 456 1405; x_wconf 86' lang='lat' dir='ltr'><strong>est</strong></span> <span class='ocrx_word' id='word_1_188' title='bbox 471 1377 621 1413; x_wconf 82' lang='lat' dir='ltr'><strong>proditum.</strong></span> <span class='ocrx_word' id='word_1_189' title='bbox 637 1377 763 1405; x_wconf 82' lang='lat' dir='ltr'><strong>Hebraici</strong></span> <span class='ocrx_word' id='word_1_190' title='bbox 777 1376 886 1412; x_wconf 70' lang='lat' dir='ltr'><strong>generis</strong></span> <span class='ocrx_word' id='word_1_191' title='bbox 899 1384 1005 1408; x_wconf 90' lang='lat' dir='ltr'><strong>omnes,</strong></span> 
     </span>
    </p>
   </div>
   <div class='ocr_carea' id='block_1_32' title="bbox 222 1422 1007 1459">
    <p class='ocr_par' dir='ltr' id='par_1_32' title="bbox 222 1422 1007 1459">
     <span class='ocr_line' id='line_1_32' title="bbox 222 1422 1007 1459; baseline -0.004 -7"><span class='ocrx_word' id='word_1_192' title='bbox 222 1429 353 1459; x_wconf 86' lang='lat' dir='ltr'><strong>recteque</strong></span> <span class='ocrx_word' id='word_1_193' title='bbox 367 1424 457 1451; x_wconf 84' lang='lat' dir='ltr'><strong>cilicio</strong></span> <span class='ocrx_word' id='word_1_194' title='bbox 480 1431 530 1451; x_wconf 90' lang='lat' dir='ltr'><strong>suo</strong></span> <span class='ocrx_word' id='word_1_195' title='bbox 543 1424 668 1456; x_wconf 87' lang='lat' dir='ltr'><strong>functos,</strong></span> <span class='ocrx_word' id='word_1_196' title='bbox 690 1423 763 1458; x_wconf 90' lang='lat' dir='ltr'><strong>quod</strong></span> <span class='ocrx_word' id='word_1_197' title='bbox 778 1423 880 1450; x_wconf 85' lang='lat' dir='ltr'><strong>Christi</strong></span> <span class='ocrx_word' id='word_1_198' title='bbox 903 1422 1007 1450; x_wconf 87' lang='lat' dir='ltr'><strong>doctri-</strong></span> 
     </span>
    </p>
   </div>
   <div class='ocr_carea' id='block_1_33' title="bbox 223 1469 1008 1505">
    <p class='ocr_par' dir='ltr' id='par_1_33' title="bbox 223 1469 1008 1505">
     <span class='ocr_line' id='line_1_33' title="bbox 223 1469 1008 1505; baseline -0.003 -8"><span class='ocrx_word' id='word_1_199' title='bbox 223 1478 285 1497; x_wconf 90' lang='lat' dir='ltr'><strong>nam</strong></span> <span class='ocrx_word' id='word_1_200' title='bbox 307 1475 335 1498; x_wconf 89' lang='lat' dir='ltr'><strong>et</strong></span> <span class='ocrx_word' id='word_1_201' title='bbox 359 1470 561 1505; x_wconf 79' lang='lat' dir='ltr'><strong>professionem</strong></span> <span class='ocrx_word' id='word_1_202' title='bbox 590 1470 676 1504; x_wconf 89' lang='lat' dir='ltr'><strong>probe</strong></span> <span class='ocrx_word' id='word_1_203' title='bbox 702 1469 854 1502; x_wconf 87' lang='lat' dir='ltr'><strong>tenuerint;</strong></span> <span class='ocrx_word' id='word_1_204' title='bbox 880 1476 940 1503; x_wconf 69' lang='lat' dir='ltr'><strong>quae</strong></span> <span class='ocrx_word' id='word_1_205' title='bbox 964 1475 1008 1495; x_wconf 81' lang='lat' dir='ltr'><strong>res</strong></span> 
     </span>
    </p>
   </div>
   <div class='ocr_carea' id='block_1_34' title="bbox 222 1515 1008 1551">
    <p class='ocr_par' dir='ltr' id='par_1_34' title="bbox 222 1515 1008 1551">
     <span class='ocr_line' id='line_1_34' title="bbox 222 1515 1008 1551; baseline -0.004 -7"><span class='ocrx_word' id='word_1_206' title='bbox 222 1516 325 1548; x_wconf 80' lang='lat' dir='ltr'><strong>effecit,</strong></span> <span class='ocrx_word' id='word_1_207' title='bbox 345 1520 374 1543; x_wconf 90' lang='lat' dir='ltr'><strong>ut</strong></span> <span class='ocrx_word' id='word_1_208' title='bbox 389 1516 422 1543; x_wconf 91' lang='lat' dir='ltr'><strong>ad</strong></span> <span class='ocrx_word' id='word_1_209' title='bbox 438 1516 628 1551; x_wconf 88' lang='lat' dir='ltr'><strong>episcopatum</strong></span> <span class='ocrx_word' id='word_1_210' title='bbox 644 1523 707 1542; x_wconf 90' lang='lat' dir='ltr'><strong>eum</strong></span> <span class='ocrx_word' id='word_1_211' title='bbox 724 1515 758 1541; x_wconf 86' lang='lat' dir='ltr'><strong>ab</strong></span> <span class='ocrx_word' id='word_1_212' title='bbox 776 1515 891 1542; x_wconf 86' lang='lat' dir='ltr'><strong>ecclesia</strong></span> <span class='ocrx_word' id='word_1_213' title='bbox 912 1515 1008 1542; x_wconf 87' lang='lat' dir='ltr'><strong>Hiero-</strong></span> 
     </span>
    </p>
   </div>
   <div class='ocr_carea' id='block_1_35' title="bbox 222 1561 1007 1598">
    <p class='ocr_par' dir='ltr' id='par_1_35' title="bbox 222 1561 1007 1598">
     <span class='ocr_line' id='line_1_35' title="bbox 222 1561 1007 1598; baseline -0.003 -8"><span class='ocrx_word' id='word_1_214' title='bbox 222 1562 399 1598; x_wconf 82' lang='lat' dir='ltr'><strong>solymitana,</strong></span> <span class='ocrx_word' id='word_1_215' title='bbox 416 1570 478 1598; x_wconf 66' lang='lat' dir='ltr'><strong>qua:</strong></span> <span class='ocrx_word' id='word_1_216' title='bbox 494 1563 528 1590; x_wconf 88' lang='lat' dir='ltr'><strong>ab</strong></span> <span class='ocrx_word' id='word_1_217' title='bbox 545 1562 735 1596; x_wconf 84' lang='lat' dir='ltr'><strong>apostolorum</strong></span> <span class='ocrx_word' id='word_1_218' title='bbox 753 1567 876 1596; x_wconf 85' lang='lat' dir='ltr'><strong>tempore</strong></span> <span class='ocrx_word' id='word_1_219' title='bbox 891 1569 924 1588; x_wconf 85' lang='lat' dir='ltr'><strong>ex</strong></span> <span class='ocrx_word' id='word_1_220' title='bbox 940 1561 1007 1588; x_wconf 87' lang='lat' dir='ltr'><strong>lide-</strong></span> 
     </span>
    </p>
   </div>
   <div class='ocr_carea' id='block_1_36' title="bbox 223 1607 1009 1640">
    <p class='ocr_par' dir='ltr' id='par_1_36' title="bbox 223 1607 1009 1640">
     <span class='ocr_line' id='line_1_36' title="bbox 223 1607 1009 1640; baseline -0.005 -4"><span class='ocrx_word' id='word_1_221' title='bbox 223 1609 297 1636; x_wconf 87' lang='lat' dir='ltr'><strong>libus</strong></span> <span class='ocrx_word' id='word_1_222' title='bbox 309 1608 413 1636; x_wconf 66' lang='lat' dir='ltr'><strong>Judmis</strong></span> <span class='ocrx_word' id='word_1_223' title='bbox 426 1608 483 1635; x_wconf 88' lang='lat' dir='ltr'><strong>fere</strong></span> <span class='ocrx_word' id='word_1_224' title='bbox 497 1612 553 1635; x_wconf 84' lang='lat' dir='ltr'><strong>tota</strong></span> <span class='ocrx_word' id='word_1_225' title='bbox 566 1607 721 1640; x_wconf 85' lang='lat' dir='ltr'><strong>constabat,</strong></span> <span class='ocrx_word' id='word_1_226' title='bbox 733 1612 761 1633; x_wconf 92' lang='lat' dir='ltr'><strong>et</strong></span> <span class='ocrx_word' id='word_1_227' title='bbox 774 1614 860 1640; x_wconf 86' lang='lat' dir='ltr'><strong>usque</strong></span> <span class='ocrx_word' id='word_1_228' title='bbox 871 1607 904 1633; x_wconf 84' lang='lat' dir='ltr'><strong>ad</strong></span> <span class='ocrx_word' id='word_1_229' title='bbox 916 1610 1009 1633; x_wconf 82' lang='lat' dir='ltr'><strong>extre-</strong></span> 
     </span>
    </p>
   </div>
   <div class='ocr_carea' id='block_1_37' title="bbox 225 1653 1007 1688">
    <p class='ocr_par' dir='ltr' id='par_1_37' title="bbox 225 1653 1007 1688">
     <span class='ocr_line' id='line_1_37' title="bbox 225 1653 1007 1688; baseline -0.003 -7"><span class='ocrx_word' id='word_1_230' title='bbox 225 1663 296 1681; x_wconf 87' lang='lat' dir='ltr'><strong>mam</strong></span> <span class='ocrx_word' id='word_1_231' title='bbox 312 1654 484 1682; x_wconf 88' lang='lat' dir='ltr'><strong>obsidionem</strong></span> <span class='ocrx_word' id='word_1_232' title='bbox 502 1653 687 1688; x_wconf 86' lang='lat' dir='ltr'><strong>perdurabat,</strong></span> <span class='ocrx_word' id='word_1_233' title='bbox 703 1653 757 1680; x_wconf 87' lang='lat' dir='ltr'><strong>sint</strong></span> <span class='ocrx_word' id='word_1_234' title='bbox 775 1653 887 1680; x_wconf 88' lang='lat' dir='ltr'><strong>delecti.</strong></span> <span class='ocrx_word' id='word_1_235' title='bbox 905 1653 1007 1680; x_wconf 86' lang='lat' dir='ltr'><strong>Eorum</strong></span> 
     </span>
    </p>
   </div>
   <div class='ocr_carea' id='block_1_38' title="bbox 223 1698 1010 1736">
    <p class='ocr_par' dir='ltr' id='par_1_38' title="bbox 223 1698 1010 1736">
     <span class='ocr_line' id='line_1_38' title="bbox 223 1698 1010 1736; baseline -0.004 -8"><span class='ocrx_word' id='word_1_236' title='bbox 223 1702 318 1736; x_wconf 82' lang='lat' dir='ltr'><strong>itaque</strong></span> <span class='ocrx_word' id='word_1_237' title='bbox 329 1700 525 1736; x_wconf 85' lang='lat' dir='ltr'><strong>episcoporum</strong></span> <span class='ocrx_word' id='word_1_238' title='bbox 539 1700 585 1734; x_wconf 92' lang='lat' dir='ltr'><strong>qui</strong></span> <span class='ocrx_word' id='word_1_239' title='bbox 600 1707 632 1726; x_wconf 84' lang='lat' dir='ltr'><strong>ex</strong></span> <span class='ocrx_word' id='word_1_240' title='bbox 648 1699 861 1727; x_wconf 80' lang='lat' dir='ltr'><strong>circumcisione</strong></span> <span class='ocrx_word' id='word_1_241' title='bbox 874 1698 1010 1726; x_wconf 77' lang='lat' dir='ltr'><strong>Christia-</strong></span> 
     </span>
    </p>
   </div>
   <div class='ocr_carea' id='block_1_39' title="bbox 227 1744 1011 1783">
    <p class='ocr_par' dir='ltr' id='par_1_39' title="bbox 227 1744 1011 1783">
     <span class='ocr_line' id='line_1_39' title="bbox 227 1744 1011 1783; baseline -0.004 -9"><span class='ocrx_word' id='word_1_242' title='bbox 227 1755 290 1774; x_wconf 87' lang='lat' dir='ltr'><strong>nam</strong></span> <span class='ocrx_word' id='word_1_243' title='bbox 313 1747 514 1783; x_wconf 82' lang='lat' dir='ltr'><strong>professionem</strong></span> <span class='ocrx_word' id='word_1_244' title='bbox 538 1746 589 1773; x_wconf 89' lang='lat' dir='ltr'><strong>rite</strong></span> <span class='ocrx_word' id='word_1_245' title='bbox 605 1750 668 1773; x_wconf 89' lang='lat' dir='ltr'><strong>sunt</strong></span> <span class='ocrx_word' id='word_1_246' title='bbox 689 1745 842 1780; x_wconf 82' lang='lat' dir='ltr'><strong>complexi,</strong></span> <span class='ocrx_word' id='word_1_247' title='bbox 865 1749 892 1772; x_wconf 89' lang='lat' dir='ltr'><strong>et</strong></span> <span class='ocrx_word' id='word_1_248' title='bbox 907 1744 1011 1771; x_wconf 85' lang='lat' dir='ltr'><strong>mutuis</strong></span> 
     </span>
    </p>
   </div>
   <div class='ocr_carea' id='block_1_40' title="bbox 225 1790 1012 1827">
    <p class='ocr_par' dir='ltr' id='par_1_40' title="bbox 225 1790 1012 1827">
     <span class='ocr_line' id='line_1_40' title="bbox 225 1790 1012 1827; baseline -0.006 -6"><span class='ocrx_word' id='word_1_249' title='bbox 225 1794 382 1822; x_wconf 76' lang='lat' dir='ltr'><strong>Judaeorum</strong></span> <span class='ocrx_word' id='word_1_250' title='bbox 399 1792 583 1820; x_wconf 87' lang='lat' dir='ltr'><strong>seditionibus</strong></span> <span class='ocrx_word' id='word_1_251' title='bbox 597 1797 680 1827; x_wconf 89' lang='lat' dir='ltr'><strong>atque</strong></span> <span class='ocrx_word' id='word_1_252' title='bbox 704 1791 820 1818; x_wconf 73' lang='lat' dir='ltr'><strong>vesaniae</strong></span> <span class='ocrx_word' id='word_1_253' title='bbox 839 1790 953 1817; x_wconf 90' lang='lat' dir='ltr'><strong>fuerunt</strong></span> <span class='ocrx_word' id='word_1_254' title='bbox 968 1797 1012 1817; x_wconf 89' lang='lat' dir='ltr'><strong>re-</strong></span> 
     </span>
    </p>
   </div>
   <div class='ocr_carea' id='block_1_41' title="bbox 225 1838 1010 1878">
    <p class='ocr_par' dir='ltr' id='par_1_41' title="bbox 225 1838 1010 1878">
     <span class='ocr_line' id='line_1_41' title="bbox 225 1838 1010 1878; baseline -0.008 -8"><span class='ocrx_word' id='word_1_255' title='bbox 225 1842 315 1878; x_wconf 91' lang='lat' dir='ltr'><strong>liqui,</strong></span> <span class='ocrx_word' id='word_1_256' title='bbox 332 1842 486 1877; x_wconf 79' lang='lat' dir='ltr'><strong>catalogum</strong></span> <span class='ocrx_word' id='word_1_257' title='bbox 502 1849 516 1869; x_wconf 89' lang='lat' dir='ltr'><strong>a</strong></span> <span class='ocrx_word' id='word_1_258' title='bbox 532 1841 685 1876; x_wconf 84' lang='lat' dir='ltr'><strong>primordio</strong></span> <span class='ocrx_word' id='word_1_259' title='bbox 707 1847 848 1874; x_wconf 84' lang='lat' dir='ltr'><strong>exponere</strong></span> <span class='ocrx_word' id='word_1_260' title='bbox 870 1838 1010 1865; x_wconf 74' lang='lat' dir='ltr'><strong>convertit.</strong></span> 
     </span>
    </p>
   </div>
   <div class='ocr_carea' id='block_1_42' title="bbox 226 1883 1012 1924">
    <p class='ocr_par' dir='ltr' id='par_1_42' title="bbox 226 1883 1012 1924">
     <span class='ocr_line' id='line_1_42' title="bbox 226 1883 1012 1924; baseline -0.008 -8"><span class='ocrx_word' id='word_1_261' title='bbox 226 1888 309 1924; x_wconf 73' lang='lat'><strong>259</strong></span> <span class='ocrx_word' id='word_1_262' title='bbox 332 1889 442 1916; x_wconf 82' lang='lat' dir='ltr'><strong>Primus</strong></span> <span class='ocrx_word' id='word_1_263' title='bbox 463 1888 556 1923; x_wconf 85' lang='lat' dir='ltr'><strong>itaque</strong></span> <span class='ocrx_word' id='word_1_264' title='bbox 578 1887 630 1914; x_wconf 87' lang='lat' dir='ltr'><strong>fuit</strong></span> <span class='ocrx_word' id='word_1_265' title='bbox 644 1887 777 1918; x_wconf 81' lang='lat' dir='ltr'><strong>Jacobus,</strong></span> <span class='ocrx_word' id='word_1_266' title='bbox 800 1885 886 1912; x_wconf 84' lang='lat' dir='ltr'><strong>frater</strong></span> <span class='ocrx_word' id='word_1_267' title='bbox 902 1883 1012 1911; x_wconf 90' lang='lat' dir='ltr'><strong>Domini</strong></span> 
     </span>
    </p>
   </div>
   <div class='ocr_carea' id='block_1_43' title="bbox 226 1931 1014 1968">
    <p class='ocr_par' dir='ltr' id='par_1_43' title="bbox 226 1931 1014 1968">
     <span class='ocr_line' id='line_1_43' title="bbox 226 1931 1014 1968; baseline -0.009 -6"><span class='ocrx_word' id='word_1_268' title='bbox 226 1935 337 1968; x_wconf 85' lang='lat' dir='ltr'><strong>dictus;</strong></span> <span class='ocrx_word' id='word_1_269' title='bbox 353 1933 503 1967; x_wconf 88' lang='lat' dir='ltr'><strong>secundus,</strong></span> <span class='ocrx_word' id='word_1_270' title='bbox 518 1933 635 1968; x_wconf 87' lang='lat' dir='ltr'><strong>Symeon</strong></span> <span class='ocrx_word' id='word_1_271' title='bbox 650 1941 656 1967; x_wconf 92' lang='lat'>;</span> <span class='ocrx_word' id='word_1_272' title='bbox 673 1932 782 1964; x_wconf 88' lang='lat' dir='ltr'><strong>tertius,</strong></span> <span class='ocrx_word' id='word_1_273' title='bbox 806 1931 915 1962; x_wconf 85' lang='lat' dir='ltr'><strong>Justus;</strong></span> <span class='ocrx_word' id='word_1_274' title='bbox 930 1937 1014 1964; x_wconf 87' lang='lat' dir='ltr'><strong>quar-</strong></span> 
     </span>
    </p>
   </div>
   <div class='ocr_carea' id='block_1_44' title="bbox 226 1974 1013 2013">
    <p class='ocr_par' dir='ltr' id='par_1_44' title="bbox 226 1974 1013 2013">
     <span class='ocr_line' id='line_1_44' title="bbox 226 1974 1013 2013; baseline -0.01 -5"><span class='ocrx_word' id='word_1_275' title='bbox 226 1987 281 2012; x_wconf 87' lang='lat' dir='ltr'><strong>tus,</strong></span> <span class='ocrx_word' id='word_1_276' title='bbox 293 1979 425 2007; x_wconf 64' lang='lat' dir='ltr'><strong>Zachaaus</strong></span> <span class='ocrx_word' id='word_1_277' title='bbox 440 1978 478 2013; x_wconf 69' lang='lat'><strong>(2)</strong></span> <span class='ocrx_word' id='word_1_278' title='bbox 493 1986 501 2011; x_wconf 87' lang='lat'><strong>;</strong></span> <span class='ocrx_word' id='word_1_279' title='bbox 527 1978 652 2012; x_wconf 81' lang='lat' dir='ltr'><strong>quintus,</strong></span> <span class='ocrx_word' id='word_1_280' title='bbox 667 1976 769 2003; x_wconf 79' lang='lat' dir='ltr'><strong>Tobias</strong></span> <span class='ocrx_word' id='word_1_281' title='bbox 783 1984 791 2008; x_wconf 84' lang='lat'><strong>;</strong></span> <span class='ocrx_word' id='word_1_282' title='bbox 811 1980 905 2002; x_wconf 80' lang='lat' dir='ltr'><strong>sextus</strong></span> <span class='ocrx_word' id='word_1_283' title='bbox 915 1995 922 2006; x_wconf 95' lang='lat'><strong>,</strong></span> <span class='ocrx_word' id='word_1_284' title='bbox 941 1974 1013 2001; x_wconf 80' lang='lat' dir='ltr'><strong>Ben-</strong></span> 
     </span>
    </p>
   </div>
   <div class='ocr_carea' id='block_1_45' title="bbox 226 2019 1012 2061">
    <p class='ocr_par' dir='ltr' id='par_1_45' title="bbox 226 2019 1012 2061">
     <span class='ocr_line' id='line_1_45' title="bbox 226 2019 1012 2061; baseline -0.009 -9"><span class='ocrx_word' id='word_1_285' title='bbox 226 2025 331 2061; x_wconf 72' lang='lat' dir='ltr'><strong>iamin;</strong></span> <span class='ocrx_word' id='word_1_286' title='bbox 359 2023 507 2058; x_wconf 86' lang='lat' dir='ltr'><strong>septimus,</strong></span> <span class='ocrx_word' id='word_1_287' title='bbox 532 2022 672 2054; x_wconf 77' lang='lat' dir='ltr'><strong>Joannes;</strong></span> <span class='ocrx_word' id='word_1_288' title='bbox 701 2026 834 2054; x_wconf 90' lang='lat' dir='ltr'><strong>octavus,</strong></span> <span class='ocrx_word' id='word_1_289' title='bbox 861 2019 1012 2054; x_wconf 80' lang='lat' dir='ltr'><strong>Mattliias;</strong></span> 
     </span>
    </p>
   </div>
   <div class='ocr_carea' id='block_1_46' title="bbox 228 2067 1013 2104">
    <p class='ocr_par' dir='ltr' id='par_1_46' title="bbox 228 2067 1013 2104">
     <span class='ocr_line' id='line_1_46' title="bbox 228 2067 1013 2104; baseline -0.008 -6"><span class='ocrx_word' id='word_1_290' title='bbox 228 2078 329 2103; x_wconf 88' lang='lat' dir='ltr'><strong>nonus,</strong></span> <span class='ocrx_word' id='word_1_291' title='bbox 347 2069 510 2104; x_wconf 84' lang='lat' dir='ltr'><strong>Philippus;</strong></span> <span class='ocrx_word' id='word_1_292' title='bbox 537 2069 676 2100; x_wconf 88' lang='lat' dir='ltr'><strong>decimus,</strong></span> <span class='ocrx_word' id='word_1_293' title='bbox 694 2067 819 2099; x_wconf 83' lang='lat' dir='ltr'><strong>Seneca;</strong></span> <span class='ocrx_word' id='word_1_294' title='bbox 838 2067 1013 2100; x_wconf 76' lang='lat' dir='ltr'><strong>undecimus,</strong></span> 
     </span>
    </p>
   </div>
   <div class='ocr_carea' id='block_1_47' title="bbox 227 2111 1015 2150">
    <p class='ocr_par' dir='ltr' id='par_1_47' title="bbox 227 2111 1015 2150">
     <span class='ocr_line' id='line_1_47' title="bbox 227 2111 1015 2150; baseline -0.009 -5"><span class='ocrx_word' id='word_1_295' title='bbox 227 2118 343 2149; x_wconf 85' lang='lat' dir='ltr'><strong>Justus;</strong></span> <span class='ocrx_word' id='word_1_296' title='bbox 359 2115 447 2143; x_wconf 81' lang='lat' dir='ltr'><strong>Lebes</strong></span> <span class='ocrx_word' id='word_1_297' title='bbox 459 2116 509 2150; x_wconf 77' lang='lat'><strong>(3).</strong></span> <span class='ocrx_word' id='word_1_298' title='bbox 526 2115 726 2146; x_wconf 84' lang='lat' dir='ltr'><strong>duodecimus;</strong></span> <span class='ocrx_word' id='word_1_299' title='bbox 747 2113 880 2147; x_wconf 85' lang='lat' dir='ltr'><strong>Ephrem,</strong></span> <span class='ocrx_word' id='word_1_300' title='bbox 897 2111 1015 2139; x_wconf 82' lang='lat' dir='ltr'><strong>tredeci-</strong></span> 
     </span>
    </p>
   </div>
   <div class='ocr_carea' id='block_1_48' title="bbox 230 2159 1014 2198">
    <p class='ocr_par' dir='ltr' id='par_1_48' title="bbox 230 2159 1014 2198">
     <span class='ocr_line' id='line_1_48' title="bbox 230 2159 1014 2198; baseline -0.009 -7"><span class='ocrx_word' id='word_1_301' title='bbox 230 2171 310 2197; x_wconf 85' lang='lat' dir='ltr'><strong>mns;</strong></span> <span class='ocrx_word' id='word_1_302' title='bbox 325 2167 441 2198; x_wconf 89' lang='lat' dir='ltr'><strong>quartus</strong></span> <span class='ocrx_word' id='word_1_303' title='bbox 466 2161 601 2194; x_wconf 83' lang='lat' dir='ltr'><strong>decimus,</strong></span> <span class='ocrx_word' id='word_1_304' title='bbox 624 2160 742 2193; x_wconf 83' lang='lat' dir='ltr'><strong>Joseph;</strong></span> <span class='ocrx_word' id='word_1_305' title='bbox 760 2164 788 2186; x_wconf 91' lang='lat' dir='ltr'><strong>et</strong></span> <span class='ocrx_word' id='word_1_306' title='bbox 811 2159 1014 2194; x_wconf 84' lang='lat' dir='ltr'><strong>quindecimus,</strong></span> 
     </span>
    </p>
   </div>
   <div class='ocr_carea' id='block_1_49' title="bbox 229 2204 973 2243">
    <p class='ocr_par' dir='ltr' id='par_1_49' title="bbox 229 2204 973 2243">
     <span class='ocr_line' id='line_1_49' title="bbox 229 2204 973 2243; baseline -0.011 -5"><span class='ocrx_word' id='word_1_307' title='bbox 229 2210 325 2239; x_wconf 88' lang='lat' dir='ltr'><strong>Judas.</strong></span> <span class='ocrx_word' id='word_1_308' title='bbox 341 2209 456 2242; x_wconf 87' lang='lat' dir='ltr'><strong>Quibus,</strong></span> <span class='ocrx_word' id='word_1_309' title='bbox 467 2212 528 2243; x_wconf 82' lang='lat' dir='ltr'><strong>post</strong></span> <span class='ocrx_word' id='word_1_310' title='bbox 545 2206 716 2234; x_wconf 85' lang='lat' dir='ltr'><strong>eversionem</strong></span> <span class='ocrx_word' id='word_1_311' title='bbox 733 2205 820 2237; x_wconf 87' lang='lat' dir='ltr'><strong>urbis,</strong></span> <span class='ocrx_word' id='word_1_312' title='bbox 837 2212 869 2231; x_wconf 84' lang='lat' dir='ltr'><strong>ex</strong></span> <span class='ocrx_word' id='word_1_313' title='bbox 885 2204 973 2239; x_wconf 78' lang='lat' dir='ltr'><strong>gentili</strong></span> 
     </span>
    </p>
   </div>
   <div class='ocr_carea' id='block_1_50' title="bbox 707 2204 1451 2243">
    <p class='ocr_par' dir='ltr' id='par_1_50' title="bbox 707 2204 1451 2241">
     <span class='ocr_line' id='line_1_50' title="bbox 707 2204 1451 2241; baseline 0 -10"><span class='ocrx_word' id='word_1_314' title='bbox 707 2214 716 2231; x_wconf 80' lang='grc' dir='ltr'><strong>ι</strong></span> <span class='ocrx_word' id='word_1_315' title='bbox 733 2205 820 2237; x_wconf 84' lang='lat' dir='ltr'><strong>urbis,</strong></span> <span class='ocrx_word' id='word_1_316' title='bbox 837 2212 869 2231; x_wconf 85' lang='lat' dir='ltr'><strong>ex</strong></span> <span class='ocrx_word' id='word_1_317' title='bbox 885 2204 1012 2239; x_wconf 78' lang='lat' dir='ltr'><strong>gentibus</strong></span> <span class='ocrx_word' id='word_1_318' title='bbox 1028 2207 1051 2236; x_wconf 81' lang='grc' dir='ltr'>ο</span> <span class='ocrx_word' id='word_1_319' title='bbox 1065 2215 1144 2241; x_wconf 90' lang='grc' dir='ltr'>μενος</span> <span class='ocrx_word' id='word_1_320' title='bbox 1173 2207 1287 2240; x_wconf 80' lang='grc' dir='ltr'>ἀδελφός</span> <span class='ocrx_word' id='word_1_321' title='bbox 1298 2214 1306 2222; x_wconf 87' lang='grc'><strong>·</strong></span> <span class='ocrx_word' id='word_1_322' title='bbox 1337 2206 1397 2239; x_wconf 80' lang='grc' dir='ltr'>μεθ’</span> <span class='ocrx_word' id='word_1_323' title='bbox 1420 2205 1451 2232; x_wconf 80' lang='grc' dir='ltr'>ὃν</span> 
     </span>
    </p>
   </div>
   <div class='ocr_carea' id='block_1_51' title="bbox 230 2251 1013 2288">
    <p class='ocr_par' dir='ltr' id='par_1_51' title="bbox 230 2251 1013 2288">
     <span class='ocr_line' id='line_1_51' title="bbox 230 2251 1013 2288; baseline -0.011 -2"><span class='ocrx_word' id='word_1_324' title='bbox 230 2257 364 2286; x_wconf 84' lang='lat' dir='ltr'><strong>successit</strong></span> <span class='ocrx_word' id='word_1_325' title='bbox 376 2256 495 2288; x_wconf 73' lang='lat' dir='ltr'><strong>Marcus,</strong></span> <span class='ocrx_word' id='word_1_326' title='bbox 513 2254 564 2282; x_wconf 88' lang='lat' dir='ltr'><strong>Tot</strong></span> <span class='ocrx_word' id='word_1_327' title='bbox 579 2252 778 2288; x_wconf 83' lang='lat' dir='ltr'><strong>Hierosolymis</strong></span> <span class='ocrx_word' id='word_1_328' title='bbox 793 2251 828 2278; x_wconf 90' lang='lat' dir='ltr'><strong>ab</strong></span> <span class='ocrx_word' id='word_1_329' title='bbox 843 2251 910 2286; x_wconf 88' lang='lat' dir='ltr'><strong>ipsis</strong></span> <span class='ocrx_word' id='word_1_330' title='bbox 925 2259 941 2278; x_wconf 94' lang='lat' dir='ltr'><strong>u</strong></span> <span class='ocrx_word' id='word_1_331' title='bbox 958 2258 1013 2286; x_wconf 92' lang='lat' dir='ltr'><strong>que</strong></span> 
     </span>
    </p>
   </div>
   <div class='ocr_carea' id='block_1_52' title="bbox 229 2297 1017 2339">
    <p class='ocr_par' dir='ltr' id='par_1_52' title="bbox 229 2297 1017 2339">
     <span class='ocr_line' id='line_1_52' title="bbox 229 2297 1017 2339; baseline -0.011 -7"><span class='ocrx_word' id='word_1_332' title='bbox 229 2303 362 2339; x_wconf 86' lang='lat' dir='ltr'><strong>apostolis</strong></span> <span class='ocrx_word' id='word_1_333' title='bbox 392 2302 426 2329; x_wconf 90' lang='lat' dir='ltr'><strong>ad</strong></span> <span class='ocrx_word' id='word_1_334' title='bbox 455 2308 519 2328; x_wconf 88' lang='lat' dir='ltr'><strong>eum</strong></span> <span class='ocrx_word' id='word_1_335' title='bbox 541 2298 765 2334; x_wconf 84' lang='lat' dir='ltr'><strong>quem-diximus</strong></span> <span class='ocrx_word' id='word_1_336' title='bbox 787 2297 886 2325; x_wconf 90' lang='lat' dir='ltr'><strong>Judam</strong></span> <span class='ocrx_word' id='word_1_337' title='bbox 914 2305 948 2324; x_wconf 75' lang='lat' dir='ltr'><strong>ex</strong></span> <span class='ocrx_word' id='word_1_338' title='bbox 963 2297 1017 2324; x_wconf 84' lang='lat' dir='ltr'><strong>cir-</strong></span> 
     </span>
    </p>
   </div>
   <div class='ocr_carea' id='block_1_53' title="bbox 229 2343 1017 2380">
    <p class='ocr_par' dir='ltr' id='par_1_53' title="bbox 229 2343 1017 2380">
     <span class='ocr_line' id='line_1_53' title="bbox 229 2343 1017 2380; baseline -0.013 -1"><span class='ocrx_word' id='word_1_339' title='bbox 229 2350 401 2380; x_wconf 88' lang='lat' dir='ltr'><strong>cumcisione</strong></span> <span class='ocrx_word' id='word_1_340' title='bbox 423 2347 536 2374; x_wconf 85' lang='lat' dir='ltr'><strong>fuerunt</strong></span> <span class='ocrx_word' id='word_1_341' title='bbox 558 2344 691 2380; x_wconf 85' lang='lat' dir='ltr'><strong>episcopi.</strong></span> <span class='ocrx_word' id='word_1_342' title='bbox 717 2343 861 2376; x_wconf 86' lang='lat' dir='ltr'><strong>Totidem,</strong></span> <span class='ocrx_word' id='word_1_343' title='bbox 886 2348 916 2370; x_wconf 95' lang='lat' dir='ltr'><strong>ut</strong></span> <span class='ocrx_word' id='word_1_344' title='bbox 933 2350 1017 2377; x_wconf 82' lang='lat' dir='ltr'><strong>expo-</strong></span> 
     </span>
    </p>
   </div>
   <div class='ocr_carea' id='block_1_54' title="bbox 228 2389 1015 2428">
    <p class='ocr_par' dir='ltr' id='par_1_54' title="bbox 228 2389 1015 2428">
     <span class='ocr_line' id='line_1_54' title="bbox 228 2389 1015 2428; baseline -0.011 -4"><span class='ocrx_word' id='word_1_345' title='bbox 228 2396 346 2428; x_wconf 87' lang='lat' dir='ltr'><strong>suimus,</strong></span> <span class='ocrx_word' id='word_1_346' title='bbox 362 2394 480 2422; x_wconf 86' lang='lat' dir='ltr'><strong>aliarum</strong></span> <span class='ocrx_word' id='word_1_347' title='bbox 502 2391 682 2418; x_wconf 82' lang='lat' dir='ltr'><strong>maximarum</strong></span> <span class='ocrx_word' id='word_1_348' title='bbox 706 2389 886 2418; x_wconf 86' lang='lat' dir='ltr'><strong>ecclesiarum</strong></span> <span class='ocrx_word' id='word_1_349' title='bbox 908 2389 1015 2424; x_wconf 76' lang='lat' dir='ltr'><strong>guber-</strong></span> 
     </span>
    </p>
   </div>
   <div class='ocr_carea' id='block_1_55' title="bbox 229 2447 353 2471">
    <p class='ocr_par' dir='ltr' id='par_1_55' title="bbox 229 2447 353 2471">
     <span class='ocr_line' id='line_1_55' title="bbox 229 2447 353 2471; baseline -0.024 0"><span class='ocrx_word' id='word_1_350' title='bbox 229 2447 353 2471; x_wconf 84' lang='lat' dir='ltr'><strong>natores.</strong></span> 
     </span>
    </p>
   </div>
   <div class='ocr_carea' id='block_1_56' title="bbox 1058 226 1835 263">
    <p class='ocr_par' dir='ltr' id='par_1_56' title="bbox 1058 226 1835 263">
     <span class='ocr_line' id='line_1_56' title="bbox 1058 226 1835 263; baseline 0.005 -11"><span class='ocrx_word' id='word_1_351' title='bbox 1058 226 1258 260; x_wconf 76' lang='grc' dir='ltr'>ἐγχειρίζεται·</span> <span class='ocrx_word' id='word_1_352' title='bbox 1289 226 1319 253; x_wconf 79' lang='grc' dir='ltr'><strong>δν</strong></span> <span class='ocrx_word' id='word_1_353' title='bbox 1340 226 1482 261; x_wconf 77' lang='grc' dir='ltr'><strong>Ἀνίκητος</strong></span> <span class='ocrx_word' id='word_1_354' title='bbox 1499 227 1663 262; x_wconf 79' lang='grc' dir='ltr'>διαδέχεται.</span> <span class='ocrx_word' id='word_1_355' title='bbox 1682 229 1797 263; x_wconf 82' lang='grc' dir='ltr'><strong>Ὄγδοον</strong></span> <span class='ocrx_word' id='word_1_356' title='bbox 1815 230 1835 256; x_wconf 83' lang='grc' dir='ltr'>δ’</span> 
     </span>
    </p>
   </div>
   <div class='ocr_carea' id='block_1_57' title="bbox 1056 272 1836 310">
    <p class='ocr_par' dir='ltr' id='par_1_57' title="bbox 1056 272 1836 310">
     <span class='ocr_line' id='line_1_57' title="bbox 1056 272 1836 310; baseline 0.005 -12"><span class='ocrx_word' id='word_1_357' title='bbox 1056 272 1115 303; x_wconf 77' lang='grc' dir='ltr'>ἔτος</span> <span class='ocrx_word' id='word_1_358' title='bbox 1145 272 1252 307; x_wconf 78' lang='grc' dir='ltr'>Οὐήρου</span> <span class='ocrx_word' id='word_1_359' title='bbox 1283 273 1451 306; x_wconf 80' lang='grc' dir='ltr'>ἐλαύνοντος,</span> <span class='ocrx_word' id='word_1_360' title='bbox 1483 273 1625 310; x_wconf 78' lang='grc' dir='ltr'>Ἀνίκητον</span> <span class='ocrx_word' id='word_1_361' title='bbox 1658 274 1758 302; x_wconf 75' lang='grc' dir='ltr'>ἕνδεκα</span> <span class='ocrx_word' id='word_1_362' title='bbox 1783 278 1836 308; x_wconf 80' lang='grc' dir='ltr'>τοῖς</span> 
     </span>
    </p>
   </div>
   <div class='ocr_carea' id='block_1_58' title="bbox 1056 317 1838 356">
    <p class='ocr_par' dir='ltr' id='par_1_58' title="bbox 1056 317 1838 356">
     <span class='ocr_line' id='line_1_58' title="bbox 1056 317 1838 356; baseline 0.006 -12"><span class='ocrx_word' id='word_1_363' title='bbox 1056 319 1140 345; x_wconf 83' lang='grc' dir='ltr'>πᾶσιν</span> <span class='ocrx_word' id='word_1_364' title='bbox 1159 317 1231 345; x_wconf 72' lang='grc' dir='ltr'>ἔτεσι</span> <span class='ocrx_word' id='word_1_365' title='bbox 1244 318 1383 345; x_wconf 84' lang='grc' dir='ltr'>διελθόντα</span> <span class='ocrx_word' id='word_1_366' title='bbox 1410 319 1565 354; x_wconf 76' lang='grc' dir='ltr'><strong>διαδέχεται</strong></span> <span class='ocrx_word' id='word_1_367' title='bbox 1591 321 1706 356; x_wconf 78' lang='grc' dir='ltr'>Σωτήρ·</span> <span class='ocrx_word' id='word_1_368' title='bbox 1736 321 1767 349; x_wconf 86' lang='grc' dir='ltr'>ὃν</span> <span class='ocrx_word' id='word_1_369' title='bbox 1795 323 1838 349; x_wconf 70' lang='grc' dir='ltr'><strong>ἰπὶ</strong></span> 
     </span>
    </p>
   </div>
   <div class='ocr_carea' id='block_1_59' title="bbox 1056 364 1840 403">
    <p class='ocr_par' dir='ltr' id='par_1_59' title="bbox 1056 364 1840 403">
     <span class='ocr_line' id='line_1_59' title="bbox 1056 364 1840 403; baseline 0.006 -13"><span class='ocrx_word' id='word_1_370' title='bbox 1056 364 1148 398; x_wconf 75' lang='grc' dir='ltr'>ὃγδοον</span> <span class='ocrx_word' id='word_1_371' title='bbox 1163 365 1339 400; x_wconf 78' lang='grc' dir='ltr'><strong>ἡγησάμενον</strong></span> <span class='ocrx_word' id='word_1_372' title='bbox 1353 365 1414 397; x_wconf 74' lang='grc' dir='ltr'>ἔτος</span> <span class='ocrx_word' id='word_1_373' title='bbox 1435 366 1597 402; x_wconf 81' lang='grc' dir='ltr'><strong>Ἐλεύθερος</strong></span> <span class='ocrx_word' id='word_1_374' title='bbox 1617 367 1782 403; x_wconf 71' lang='grc' dir='ltr'><strong>διαδέχεται,</strong></span> <span class='ocrx_word' id='word_1_375' title='bbox 1792 369 1840 395; x_wconf 65' lang='grc' dir='ltr'>δωη</span> 
     </span>
    </p>
   </div>
   <div class='ocr_carea' id='block_1_60' title="bbox 1056 410 1838 448">
    <p class='ocr_par' dir='ltr' id='par_1_60' title="bbox 1056 410 1838 448">
     <span class='ocr_line' id='line_1_60' title="bbox 1056 410 1838 448; baseline 0.006 -12"><span class='ocrx_word' id='word_1_376' title='bbox 1056 410 1170 442; x_wconf 77' lang='grc' dir='ltr'><strong>δέκατος</strong></span> <span class='ocrx_word' id='word_1_377' title='bbox 1199 411 1252 437; x_wconf 76' lang='grc' dir='ltr'>ἀπὺ</span> <span class='ocrx_word' id='word_1_378' title='bbox 1267 411 1318 445; x_wconf 81' lang='grc' dir='ltr'><strong>τῆς</strong></span> <span class='ocrx_word' id='word_1_379' title='bbox 1334 411 1440 446; x_wconf 76' lang='grc' dir='ltr'>Πέτρου</span> <span class='ocrx_word' id='word_1_380' title='bbox 1471 411 1599 447; x_wconf 84' lang='grc' dir='ltr'><strong>διαδοχῆς</strong></span> <span class='ocrx_word' id='word_1_381' title='bbox 1624 413 1838 448; x_wconf 79' lang='grc' dir='ltr'>γνωριζόμενος.</span> 
     </span>
    </p>
   </div>
   <div class='ocr_carea' id='block_1_61' title="bbox 1055 453 1839 493">
    <p class='ocr_par' dir='ltr' id='par_1_61' title="bbox 1055 453 1839 493">
     <span class='ocr_line' id='line_1_61' title="bbox 1055 453 1839 493; baseline 0.005 -12"><span class='ocrx_word' id='word_1_382' title='bbox 1055 453 1146 490; x_wconf 83' lang='grc' dir='ltr'>Ἠρχε</span> <span class='ocrx_word' id='word_1_383' title='bbox 1159 455 1184 482; x_wconf 78' lang='grc' dir='ltr'>δ’</span> <span class='ocrx_word' id='word_1_384' title='bbox 1209 455 1295 482; x_wconf 74' lang='grc' dir='ltr'>εἰσέτι</span> <span class='ocrx_word' id='word_1_385' title='bbox 1326 455 1485 488; x_wconf 77' lang='grc' dir='ltr'><strong>Ἀντωνῖνος</strong></span> <span class='ocrx_word' id='word_1_386' title='bbox 1508 457 1616 492; x_wconf 79' lang='grc' dir='ltr'>οὖῆρος</span> <span class='ocrx_word' id='word_1_387' title='bbox 1647 459 1698 485; x_wconf 80' lang='grc' dir='ltr'><strong>σὺν</strong></span> <span class='ocrx_word' id='word_1_388' title='bbox 1713 458 1765 493; x_wconf 80' lang='grc' dir='ltr'><strong>υἱῷ</strong></span> <span class='ocrx_word' id='word_1_389' title='bbox 1783 459 1839 490; x_wconf 75' lang='grc' dir='ltr'>ἔτος</span> 
     </span>
    </p>
   </div>
   <div class='ocr_carea' id='block_1_62' title="bbox 1059 500 1840 539">
    <p class='ocr_par' dir='ltr' id='par_1_62' title="bbox 1059 500 1840 539">
     <span class='ocr_line' id='line_1_62' title="bbox 1059 500 1840 539; baseline 0.005 -12"><span class='ocrx_word' id='word_1_390' title='bbox 1059 501 1128 536; x_wconf 87' lang='grc' dir='ltr'>πρδς</span> <span class='ocrx_word' id='word_1_391' title='bbox 1140 500 1248 536; x_wconf 71' lang='grc' dir='ltr'>ἑϐδόμῳ</span> <span class='ocrx_word' id='word_1_392' title='bbox 1264 501 1389 529; x_wconf 75' lang='grc' dir='ltr'>δέκατον.</span> <span class='ocrx_word' id='word_1_393' title='bbox 1401 502 1456 528; x_wconf 80' lang='grc' dir='ltr'><strong>Καὶ</strong></span> <span class='ocrx_word' id='word_1_394' title='bbox 1469 502 1576 537; x_wconf 82' lang='grc' dir='ltr'>Πρίμον</span> <span class='ocrx_word' id='word_1_395' title='bbox 1589 503 1618 530; x_wconf 73' lang='grc' dir='ltr'>δὲ</span> <span class='ocrx_word' id='word_1_396' title='bbox 1633 503 1768 539; x_wconf 73' lang='grc' dir='ltr'>τέταρτον</span> <span class='ocrx_word' id='word_1_397' title='bbox 1789 505 1840 531; x_wconf 71' lang='grc' dir='ltr'><strong>ἀπὸ</strong></span> 
     </span>
    </p>
   </div>
   <div class='ocr_carea' id='block_1_63' title="bbox 1056 547 1839 585">
    <p class='ocr_par' dir='ltr' id='par_1_63' title="bbox 1056 547 1839 585">
     <span class='ocr_line' id='line_1_63' title="bbox 1056 547 1839 585; baseline 0.006 -13"><span class='ocrx_word' id='word_1_398' title='bbox 1056 547 1112 573; x_wconf 77' lang='grc' dir='ltr'><strong>τῶν</strong></span> <span class='ocrx_word' id='word_1_399' title='bbox 1126 547 1284 573; x_wconf 69' lang='grc' dir='ltr'>ἀποστόλων</span> <span class='ocrx_word' id='word_1_400' title='bbox 1298 547 1348 582; x_wconf 85' lang='grc' dir='ltr'><strong>τῆς</strong></span> <span class='ocrx_word' id='word_1_401' title='bbox 1360 548 1388 574; x_wconf 79' lang='grc' dir='ltr'>ὲν</span> <span class='ocrx_word' id='word_1_402' title='bbox 1406 547 1596 585; x_wconf 76' lang='grc' dir='ltr'>Ἀλεξανδρείᾳ</span> <span class='ocrx_word' id='word_1_403' title='bbox 1621 551 1772 585; x_wconf 70' lang='grc' dir='ltr'><strong>παροικίας</strong></span> <span class='ocrx_word' id='word_1_404' title='bbox 1797 551 1839 577; x_wconf 80' lang='grc' dir='ltr'><strong>τδν</strong></span> 
     </span>
    </p>
   </div>
   <div class='ocr_carea' id='block_1_64' title="bbox 1058 592 1840 629">
    <p class='ocr_par' dir='ltr' id='par_1_64' title="bbox 1058 592 1840 629">
     <span class='ocr_line' id='line_1_64' title="bbox 1058 592 1840 629; baseline 0.005 -11"><span class='ocrx_word' id='word_1_405' title='bbox 1058 592 1153 627; x_wconf 84' lang='grc' dir='ltr'>θρόνον</span> <span class='ocrx_word' id='word_1_406' title='bbox 1168 592 1392 628; x_wconf 84' lang='grc' dir='ltr'>κεκληρωμένον,</span> <span class='ocrx_word' id='word_1_407' title='bbox 1418 593 1504 628; x_wconf 84' lang='grc' dir='ltr'>τρίτῳ</span> <span class='ocrx_word' id='word_1_408' title='bbox 1539 594 1590 629; x_wconf 82' lang='grc' dir='ltr'><strong>τῆς</strong></span> <span class='ocrx_word' id='word_1_409' title='bbox 1617 595 1769 629; x_wconf 74' lang='grc' dir='ltr'><strong>ἡγεμονίας</strong></span> <span class='ocrx_word' id='word_1_410' title='bbox 1788 595 1840 622; x_wconf 74' lang='grc' dir='ltr'>ἔτει</span> 
     </span>
    </p>
   </div>
   <div class='ocr_carea' id='block_1_65' title="bbox 1063 636 1840 673">
    <p class='ocr_par' dir='ltr' id='par_1_65' title="bbox 1063 636 1840 673">
     <span class='ocr_line' id='line_1_65' title="bbox 1063 636 1840 673; baseline 0.004 -10"><span class='ocrx_word' id='word_1_411' title='bbox 1063 636 1215 672; x_wconf 80' lang='grc' dir='ltr'>’Δδριανοῦ,</span> <span class='ocrx_word' id='word_1_412' title='bbox 1245 637 1391 672; x_wconf 74' lang='grc' dir='ltr'><strong>δωδεκάτῳ</strong></span> <span class='ocrx_word' id='word_1_413' title='bbox 1414 637 1461 663; x_wconf 84' lang='grc' dir='ltr'>καὶ</span> <span class='ocrx_word' id='word_1_414' title='bbox 1477 638 1526 672; x_wconf 83' lang='grc' dir='ltr'><strong>τῆς</strong></span> <span class='ocrx_word' id='word_1_415' title='bbox 1553 638 1730 673; x_wconf 71' lang='grc' dir='ltr'>λειτουργίας</span> <span class='ocrx_word' id='word_1_416' title='bbox 1758 639 1840 666; x_wconf 83' lang='grc' dir='ltr'><strong>αὖτοῦ</strong></span> 
     </span>
    </p>
   </div>
   <div class='ocr_carea' id='block_1_66' title="bbox 1057 683 1842 719">
    <p class='ocr_par' dir='ltr' id='par_1_66' title="bbox 1057 683 1842 719">
     <span class='ocr_line' id='line_1_66' title="bbox 1057 683 1842 719; baseline 0.001 -9"><span class='ocrx_word' id='word_1_417' title='bbox 1057 683 1288 718; x_wconf 73' lang='grc' dir='ltr'>ἐκπληρώσαντα,</span> <span class='ocrx_word' id='word_1_418' title='bbox 1313 683 1467 719; x_wconf 73' lang='grc' dir='ltr'>διαδέχεται</span> <span class='ocrx_word' id='word_1_419' title='bbox 1488 684 1617 716; x_wconf 84' lang='grc' dir='ltr'>Ἰοῦστος.</span> <span class='ocrx_word' id='word_1_420' title='bbox 1652 684 1737 719; x_wconf 76' lang='grc' dir='ltr'>’Δμφὶ</span> <span class='ocrx_word' id='word_1_421' title='bbox 1756 685 1786 712; x_wconf 72' lang='grc' dir='ltr'>δὲ</span> <span class='ocrx_word' id='word_1_422' title='bbox 1814 685 1842 712; x_wconf 73' lang='grc' dir='ltr'>τὸ</span> 
     </span>
    </p>
   </div>
   <div class='ocr_carea' id='block_1_67' title="bbox 1056 728 1842 764">
    <p class='ocr_par' dir='ltr' id='par_1_67' title="bbox 1056 728 1842 764">
     <span class='ocr_line' id='line_1_67' title="bbox 1056 728 1842 764; baseline 0.001 -8"><span class='ocrx_word' id='word_1_423' title='bbox 1056 729 1210 756; x_wconf 73' lang='grc' dir='ltr'>δωδέκατον</span> <span class='ocrx_word' id='word_1_424' title='bbox 1224 729 1274 764; x_wconf 81' lang='grc' dir='ltr'><strong>τῆς</strong></span> <span class='ocrx_word' id='word_1_425' title='bbox 1289 728 1373 755; x_wconf 82' lang='grc' dir='ltr'>αὐτοῦ</span> <span class='ocrx_word' id='word_1_426' title='bbox 1388 728 1476 764; x_wconf 77' lang='grc' dir='ltr'>ἀρχῆς</span> <span class='ocrx_word' id='word_1_427' title='bbox 1502 729 1562 761; x_wconf 78' lang='lat' dir='ltr'><strong>lto;</strong></span> <span class='ocrx_word' id='word_1_428' title='bbox 1586 729 1711 756; x_wconf 68' lang='grc' dir='ltr'>ἐνιαυτοῦ</span> <span class='ocrx_word' id='word_1_429' title='bbox 1738 730 1842 764; x_wconf 68' lang='grc' dir='ltr'>μεταξὺ</span> 
     </span>
    </p>
   </div>
   <div class='ocr_carea' id='block_1_68' title="bbox 1057 775 1843 813">
    <p class='ocr_par' dir='ltr' id='par_1_68' title="bbox 1057 775 1843 813">
     <span class='ocr_line' id='line_1_68' title="bbox 1057 775 1843 813; baseline 0.003 -11"><span class='ocrx_word' id='word_1_430' title='bbox 1057 776 1105 802; x_wconf 76' lang='grc' dir='ltr'>καὶ</span> <span class='ocrx_word' id='word_1_431' title='bbox 1116 775 1211 811; x_wconf 85' lang='grc' dir='ltr'>μηνῶν</span> <span class='ocrx_word' id='word_1_432' title='bbox 1224 783 1307 802; x_wconf 89' lang='grc' dir='ltr'>τινων</span> <span class='ocrx_word' id='word_1_433' title='bbox 1330 775 1533 810; x_wconf 83' lang='grc' dir='ltr'>διαγενομένων</span> <span class='ocrx_word' id='word_1_434' title='bbox 1557 776 1607 811; x_wconf 85' lang='grc' dir='ltr'><strong>τῆς</strong></span> <span class='ocrx_word' id='word_1_435' title='bbox 1640 777 1843 813; x_wconf 77' lang='grc' dir='ltr'>’Δλεξανδρέων</span> 
     </span>
    </p>
   </div>
   <div class='ocr_carea' id='block_1_69' title="bbox 1064 822 1843 859">
    <p class='ocr_par' dir='ltr' id='par_1_69' title="bbox 1064 822 1843 859">
     <span class='ocr_line' id='line_1_69' title="bbox 1064 822 1843 859; baseline 0.004 -11"><span class='ocrx_word' id='word_1_436' title='bbox 1064 822 1230 857; x_wconf 84' lang='grc' dir='ltr'>Ἐκκλησίας</span> <span class='ocrx_word' id='word_1_437' title='bbox 1253 822 1304 856; x_wconf 81' lang='grc' dir='ltr'>τὴν</span> <span class='ocrx_word' id='word_1_438' title='bbox 1334 823 1504 856; x_wconf 83' lang='grc' dir='ltr'>προστασίαν</span> <span class='ocrx_word' id='word_1_439' title='bbox 1524 823 1649 859; x_wconf 76' lang='grc' dir='ltr'>Εὐμενὴς</span> <span class='ocrx_word' id='word_1_440' title='bbox 1667 823 1763 858; x_wconf 85' lang='grc' dir='ltr'>κλήρῳ</span> <span class='ocrx_word' id='word_1_441' title='bbox 1786 824 1843 851; x_wconf 83' lang='grc' dir='ltr'>δια-</span> 
     </span>
    </p>
   </div>
   <div class='ocr_carea' id='block_1_70' title="bbox 1024 859 1843 905">
    <p class='ocr_par' dir='ltr' id='par_1_70' title="bbox 1024 859 1843 905">
     <span class='ocr_line' id='line_1_70' title="bbox 1024 859 1843 905; baseline 0.002 -10"><span class='ocrx_word' id='word_1_442' title='bbox 1024 859 1044 886; x_wconf 73' lang='grc' dir='ltr'><strong>Β</strong></span> <span class='ocrx_word' id='word_1_443' title='bbox 1058 868 1179 904; x_wconf 74' lang='grc' dir='ltr'>δέχεται,</span> <span class='ocrx_word' id='word_1_444' title='bbox 1210 868 1329 896; x_wconf 83' lang='grc' dir='ltr'>Ἰούστου</span> <span class='ocrx_word' id='word_1_445' title='bbox 1341 868 1389 895; x_wconf 74' lang='grc' dir='ltr'><strong>ἐπὶ</strong></span> <span class='ocrx_word' id='word_1_446' title='bbox 1399 869 1472 895; x_wconf 74' lang='grc' dir='ltr'>ἔτεσι</span> <span class='ocrx_word' id='word_1_447' title='bbox 1484 868 1549 896; x_wconf 83' lang='grc' dir='ltr'>δέκα</span> <span class='ocrx_word' id='word_1_448' title='bbox 1567 869 1637 904; x_wconf 61' lang='grc' dir='ltr'>πρὸς</span> <span class='ocrx_word' id='word_1_449' title='bbox 1652 869 1692 905; x_wconf 87' lang='grc' dir='ltr'>τῷ</span> <span class='ocrx_word' id='word_1_450' title='bbox 1712 870 1754 896; x_wconf 82' lang='grc' dir='ltr'><strong>ἐνὶ</strong></span> <span class='ocrx_word' id='word_1_451' title='bbox 1767 870 1843 905; x_wconf 87' lang='grc' dir='ltr'>διαρ-</span> 
     </span>
    </p>
   </div>
   <div class='ocr_carea' id='block_1_71' title="bbox 1058 915 1844 954">
    <p class='ocr_par' dir='ltr' id='par_1_71' title="bbox 1058 915 1844 954">
     <span class='ocr_line' id='line_1_71' title="bbox 1058 915 1844 954; baseline 0.003 -11"><span class='ocrx_word' id='word_1_452' title='bbox 1058 917 1201 949; x_wconf 85' lang='grc' dir='ltr'>κέσαντος.</span> <span class='ocrx_word' id='word_1_453' title='bbox 1216 917 1272 943; x_wconf 81' lang='grc' dir='ltr'><strong>Καὶ</strong></span> <span class='ocrx_word' id='word_1_454' title='bbox 1301 917 1399 943; x_wconf 87' lang='grc' dir='ltr'>τούτου</span> <span class='ocrx_word' id='word_1_455' title='bbox 1423 917 1447 943; x_wconf 83' lang='grc' dir='ltr'>δ’</span> <span class='ocrx_word' id='word_1_456' title='bbox 1466 917 1515 952; x_wconf 87' lang='grc' dir='ltr'>οὐχ</span> <span class='ocrx_word' id='word_1_457' title='bbox 1537 915 1652 953; x_wconf 77' lang='grc' dir='ltr'>ἧττονῆ</span> <span class='ocrx_word' id='word_1_458' title='bbox 1681 917 1748 944; x_wconf 85' lang='grc' dir='ltr'>δέκα</span> <span class='ocrx_word' id='word_1_459' title='bbox 1777 919 1844 954; x_wconf 69' lang='grc' dir='ltr'>πρὸς</span> 
     </span>
    </p>
   </div>
   <div class='ocr_carea' id='block_1_72' title="bbox 1058 963 1844 1000">
    <p class='ocr_par' dir='ltr' id='par_1_72' title="bbox 1058 963 1844 1000">
     <span class='ocr_line' id='line_1_72' title="bbox 1058 963 1844 1000; baseline 0.003 -11"><span class='ocrx_word' id='word_1_460' title='bbox 1058 963 1133 998; x_wconf 80' lang='grc' dir='ltr'>τρισὶ</span> <span class='ocrx_word' id='word_1_461' title='bbox 1145 963 1195 998; x_wconf 79' lang='grc' dir='ltr'>τὴν</span> <span class='ocrx_word' id='word_1_462' title='bbox 1209 963 1384 998; x_wconf 85' lang='grc' dir='ltr'>λειτουργίαν</span> <span class='ocrx_word' id='word_1_463' title='bbox 1408 963 1570 998; x_wconf 79' lang='grc' dir='ltr'>ἀνύσαντος,</span> <span class='ocrx_word' id='word_1_464' title='bbox 1600 964 1710 998; x_wconf 80' lang='grc' dir='ltr'>Μάρκος</span> <span class='ocrx_word' id='word_1_465' title='bbox 1739 966 1844 1000; x_wconf 84' lang='grc' dir='ltr'>ποιμὴν</span> 
     </span>
    </p>
   </div>
   <div class='ocr_carea' id='block_1_73' title="bbox 1058 1008 1843 1046">
    <p class='ocr_par' dir='ltr' id='par_1_73' title="bbox 1058 1008 1843 1046">
     <span class='ocr_line' id='line_1_73' title="bbox 1058 1008 1843 1046; baseline 0.003 -11"><span class='ocrx_word' id='word_1_466' title='bbox 1058 1010 1109 1043; x_wconf 82' lang='grc' dir='ltr'><strong>τῆς</strong></span> <span class='ocrx_word' id='word_1_467' title='bbox 1141 1008 1319 1044; x_wconf 77' lang='grc' dir='ltr'>Ἀλεξάνδρου</span> <span class='ocrx_word' id='word_1_468' title='bbox 1339 1009 1571 1045; x_wconf 80' lang='grc' dir='ltr'>ἀνακηρύττεται.</span> <span class='ocrx_word' id='word_1_469' title='bbox 1605 1011 1718 1046; x_wconf 83' lang='grc' dir='ltr'>Δεκάτῳ</span> <span class='ocrx_word' id='word_1_470' title='bbox 1740 1010 1765 1037; x_wconf 76' lang='grc' dir='ltr'>δ’</span> <span class='ocrx_word' id='word_1_471' title='bbox 1790 1011 1843 1037; x_wconf 76' lang='grc' dir='ltr'>ἔτει</span> 
     </span>
    </p>
   </div>
   <div class='ocr_carea' id='block_1_74' title="bbox 1059 1055 1844 1092">
    <p class='ocr_par' dir='ltr' id='par_1_74' title="bbox 1059 1055 1844 1092">
     <span class='ocr_line' id='line_1_74' title="bbox 1059 1055 1844 1092; baseline 0.003 -10"><span class='ocrx_word' id='word_1_472' title='bbox 1059 1056 1202 1090; x_wconf 83' lang='grc' dir='ltr'>παραδοὺς</span> <span class='ocrx_word' id='word_1_473' title='bbox 1216 1055 1268 1090; x_wconf 84' lang='grc' dir='ltr'>τὴν</span> <span class='ocrx_word' id='word_1_474' title='bbox 1283 1056 1456 1090; x_wconf 78' lang='grc' dir='ltr'>λειτουργίαν</span> <span class='ocrx_word' id='word_1_475' title='bbox 1471 1056 1634 1089; x_wconf 83' lang='grc' dir='ltr'>Κελαδίωνι,</span> <span class='ocrx_word' id='word_1_476' title='bbox 1658 1058 1793 1092; x_wconf 78' lang='grc' dir='ltr'>ὲκμετρεῖ</span> <span class='ocrx_word' id='word_1_477' title='bbox 1816 1057 1844 1084; x_wconf 77' lang='grc' dir='ltr'><strong>τὸ</strong></span> 
     </span>
    </p>
   </div>
   <div class='ocr_carea' id='block_1_75' title="bbox 1060 1101 1843 1139">
    <p class='ocr_par' dir='ltr' id='par_1_75' title="bbox 1060 1101 1843 1139">
     <span class='ocr_line' id='line_1_75' title="bbox 1060 1101 1843 1139; baseline 0.003 -11"><span class='ocrx_word' id='word_1_478' title='bbox 1060 1101 1203 1137; x_wconf 82' lang='grc' dir='ltr'>βιώσιμον.</span> <span class='ocrx_word' id='word_1_479' title='bbox 1225 1102 1308 1129; x_wconf 78' lang='grc' dir='ltr'>Ἀλλὰ</span> <span class='ocrx_word' id='word_1_480' title='bbox 1334 1103 1382 1129; x_wconf 73' lang='grc' dir='ltr'>καὶ</span> <span class='ocrx_word' id='word_1_481' title='bbox 1399 1102 1495 1129; x_wconf 88' lang='grc' dir='ltr'>τούτου</span> <span class='ocrx_word' id='word_1_482' title='bbox 1519 1104 1644 1138; x_wconf 79' lang='grc' dir='ltr'>τετάρτῳ</span> <span class='ocrx_word' id='word_1_483' title='bbox 1667 1103 1715 1130; x_wconf 76' lang='grc' dir='ltr'>καὶ</span> <span class='ocrx_word' id='word_1_484' title='bbox 1736 1103 1843 1139; x_wconf 78' lang='grc' dir='ltr'>δεκάτῳ</span> 
     </span>
    </p>
   </div>
   <div class='ocr_carea' id='block_1_76' title="bbox 1060 1148 1844 1185">
    <p class='ocr_par' dir='ltr' id='par_1_76' title="bbox 1060 1148 1844 1185">
     <span class='ocr_line' id='line_1_76' title="bbox 1060 1148 1844 1185; baseline 0.003 -11"><span class='ocrx_word' id='word_1_485' title='bbox 1060 1148 1115 1175; x_wconf 74' lang='grc' dir='ltr'>ἔτει</span> <span class='ocrx_word' id='word_1_486' title='bbox 1130 1149 1180 1183; x_wconf 82' lang='grc' dir='ltr'>τὴν</span> <span class='ocrx_word' id='word_1_487' title='bbox 1194 1149 1268 1181; x_wconf 80' lang='grc' dir='ltr'>ζωὴν</span> <span class='ocrx_word' id='word_1_488' title='bbox 1283 1148 1513 1183; x_wconf 78' lang='grc' dir='ltr'>μεταλλάξαντος,</span> <span class='ocrx_word' id='word_1_489' title='bbox 1526 1148 1577 1185; x_wconf 79' lang='grc' dir='ltr'>τὴν</span> <span class='ocrx_word' id='word_1_490' title='bbox 1593 1149 1722 1184; x_wconf 83' lang='grc' dir='ltr'>διαδοχὴν</span> <span class='ocrx_word' id='word_1_491' title='bbox 1729 1150 1844 1184; x_wconf 80' lang='grc' dir='ltr'>Ἀγριπ-</span> 
     </span>
    </p>
   </div>
   <div class='ocr_carea' id='block_1_77' title="bbox 1060 1186 1845 1230">
    <p class='ocr_par' dir='ltr' id='par_1_77' title="bbox 1060 1186 1845 1230">
     <span class='ocr_line' id='line_1_77' title="bbox 1060 1186 1845 1230; baseline 0.003 -9"><span class='ocrx_word' id='word_1_492' title='bbox 1060 1196 1136 1227; x_wconf 83' lang='grc' dir='ltr'>πῖνος</span> <span class='ocrx_word' id='word_1_493' title='bbox 1149 1186 1313 1229; x_wconf 73' lang='grc' dir='ltr'>ἐλάμϐανεν,</span> <span class='ocrx_word' id='word_1_494' title='bbox 1327 1195 1442 1230; x_wconf 85' lang='grc' dir='ltr'>ὲννάτην</span> <span class='ocrx_word' id='word_1_495' title='bbox 1457 1195 1533 1230; x_wconf 82' lang='grc' dir='ltr'>ἄγων</span> <span class='ocrx_word' id='word_1_496' title='bbox 1548 1195 1602 1222; x_wconf 82' lang='grc' dir='ltr'>ἀπὸ</span> <span class='ocrx_word' id='word_1_497' title='bbox 1614 1195 1670 1222; x_wconf 90' lang='grc' dir='ltr'><strong>τῶν</strong></span> <span class='ocrx_word' id='word_1_498' title='bbox 1686 1196 1845 1223; x_wconf 73' lang='grc' dir='ltr'>ἀποστόλων</span> 
     </span>
    </p>
   </div>
   <div class='ocr_carea' id='block_1_78' title="bbox 1060 1241 1847 1278">
    <p class='ocr_par' dir='ltr' id='par_1_78' title="bbox 1060 1241 1847 1278">
     <span class='ocr_line' id='line_1_78' title="bbox 1060 1241 1847 1278; baseline 0.001 -10"><span class='ocrx_word' id='word_1_499' title='bbox 1060 1241 1197 1276; x_wconf 83' lang='grc' dir='ltr'>διαδοχήν.</span> <span class='ocrx_word' id='word_1_500' title='bbox 1220 1241 1264 1267; x_wconf 80' lang='grc' dir='ltr'>Ἐν</span> <span class='ocrx_word' id='word_1_501' title='bbox 1283 1241 1305 1268; x_wconf 83' lang='grc' dir='ltr'>δ’</span> <span class='ocrx_word' id='word_1_502' title='bbox 1326 1241 1481 1277; x_wconf 80' lang='grc' dir='ltr'>Ἀντιοχείᾳ</span> <span class='ocrx_word' id='word_1_503' title='bbox 1512 1242 1581 1277; x_wconf 83' lang='grc' dir='ltr'>μετὰ</span> <span class='ocrx_word' id='word_1_504' title='bbox 1598 1242 1713 1277; x_wconf 84' lang='grc' dir='ltr'>’Πρωνα</span> <span class='ocrx_word' id='word_1_505' title='bbox 1740 1243 1847 1278; x_wconf 79' lang='grc' dir='ltr'>Κορνή-</span> 
     </span>
    </p>
   </div>
   <div class='ocr_carea' id='block_1_79' title="bbox 1059 1287 1846 1322">
    <p class='ocr_par' dir='ltr' id='par_1_79' title="bbox 1059 1287 1846 1322">
     <span class='ocr_line' id='line_1_79' title="bbox 1059 1287 1846 1322; baseline 0.001 -9"><span class='ocrx_word' id='word_1_506' title='bbox 1059 1287 1117 1318; x_wconf 81' lang='grc' dir='ltr'>λιος</span> <span class='ocrx_word' id='word_1_507' title='bbox 1127 1288 1174 1318; x_wconf 84' lang='grc' dir='ltr'><strong>τὰς</strong></span> <span class='ocrx_word' id='word_1_508' title='bbox 1189 1287 1266 1322; x_wconf 84' lang='grc' dir='ltr'>ἱερὰς</span> <span class='ocrx_word' id='word_1_509' title='bbox 1276 1287 1354 1322; x_wconf 81' lang='grc' dir='ltr'>ἡνίας</span> <span class='ocrx_word' id='word_1_510' title='bbox 1372 1287 1551 1322; x_wconf 80' lang='grc' dir='ltr'>διεχειρίζετο</span> <span class='ocrx_word' id='word_1_511' title='bbox 1563 1296 1570 1304; x_wconf 86' lang='grc'>·</span> <span class='ocrx_word' id='word_1_512' title='bbox 1591 1288 1712 1322; x_wconf 79' lang='grc' dir='ltr'><strong>πέμπτῳ</strong></span> <span class='ocrx_word' id='word_1_513' title='bbox 1723 1287 1753 1314; x_wconf 75' lang='grc' dir='ltr'>δὲ</span> <span class='ocrx_word' id='word_1_514' title='bbox 1778 1288 1846 1322; x_wconf 72' lang='grc' dir='ltr'>μετὰ</span> 
     </span>
    </p>
   </div>
   <div class='ocr_carea' id='block_1_80' title="bbox 1061 1333 1846 1369">
    <p class='ocr_par' dir='ltr' id='par_1_80' title="bbox 1061 1333 1846 1369">
     <span class='ocr_line' id='line_1_80' title="bbox 1061 1333 1846 1369; baseline 0 -9"><span class='ocrx_word' id='word_1_515' title='bbox 1061 1334 1156 1361; x_wconf 85' lang='grc' dir='ltr'>τοῦτον</span> <span class='ocrx_word' id='word_1_516' title='bbox 1175 1334 1273 1369; x_wconf 83' lang='grc' dir='ltr'><strong>βαθμῷ</strong></span> <span class='ocrx_word' id='word_1_517' title='bbox 1288 1333 1340 1368; x_wconf 85' lang='grc' dir='ltr'><strong>τῆς</strong></span> <span class='ocrx_word' id='word_1_518' title='bbox 1366 1333 1552 1368; x_wconf 81' lang='grc' dir='ltr'>ἁποστολικῆς</span> <span class='ocrx_word' id='word_1_519' title='bbox 1582 1334 1729 1365; x_wconf 83' lang='grc' dir='ltr'>διαδόσεως</span> <span class='ocrx_word' id='word_1_520' title='bbox 1755 1334 1846 1367; x_wconf 78' lang='grc' dir='ltr'>Ἔρως</span> 
     </span>
    </p>
   </div>
   <div class='ocr_carea' id='block_1_81' title="bbox 1061 1377 1846 1413">
    <p class='ocr_par' dir='ltr' id='par_1_81' title="bbox 1061 1377 1846 1413">
     <span class='ocr_line' id='line_1_81' title="bbox 1061 1377 1846 1413; baseline 0 -8"><span class='ocrx_word' id='word_1_521' title='bbox 1061 1379 1212 1409; x_wconf 72' lang='grc' dir='ltr'>ἐπίσκοπος</span> <span class='ocrx_word' id='word_1_522' title='bbox 1234 1377 1409 1413; x_wconf 77' lang='grc' dir='ltr'>ὲγνωρίζετο.</span> <span class='ocrx_word' id='word_1_523' title='bbox 1429 1378 1530 1409; x_wconf 83' lang='grc' dir='ltr'>Ἕκτος</span> <span class='ocrx_word' id='word_1_524' title='bbox 1555 1378 1578 1404; x_wconf 85' lang='grc' dir='ltr'>δ’</span> <span class='ocrx_word' id='word_1_525' title='bbox 1601 1378 1644 1404; x_wconf 76' lang='grc' dir='ltr'><strong>ἐπ’</strong></span> <span class='ocrx_word' id='word_1_526' title='bbox 1664 1378 1765 1413; x_wconf 71' lang='grc' dir='ltr'>ἐκείνῳ</span> <span class='ocrx_word' id='word_1_527' title='bbox 1780 1378 1846 1405; x_wconf 79' lang='grc' dir='ltr'>Θεό-</span> 
     </span>
    </p>
   </div>
   <div class='ocr_carea' id='block_1_82' title="bbox 1062 1423 1847 1460">
    <p class='ocr_par' dir='ltr' id='par_1_82' title="bbox 1062 1423 1847 1460">
     <span class='ocr_line' id='line_1_82' title="bbox 1062 1423 1847 1460; baseline 0 -9"><span class='ocrx_word' id='word_1_528' title='bbox 1062 1426 1139 1460; x_wconf 79' lang='grc' dir='ltr'>φιλος</span> <span class='ocrx_word' id='word_1_529' title='bbox 1152 1425 1272 1459; x_wconf 80' lang='grc' dir='ltr'>διάδοχος</span> <span class='ocrx_word' id='word_1_530' title='bbox 1288 1423 1333 1460; x_wconf 82' lang='grc' dir='ltr'><strong>ἧν.</strong></span> <span class='ocrx_word' id='word_1_531' title='bbox 1349 1424 1452 1451; x_wconf 84' lang='grc' dir='ltr'>Τοῦτον</span> <span class='ocrx_word' id='word_1_532' title='bbox 1463 1425 1486 1451; x_wconf 88' lang='grc' dir='ltr'>δ’</span> <span class='ocrx_word' id='word_1_533' title='bbox 1503 1424 1617 1458; x_wconf 74' lang='grc' dir='ltr'>ἕϐδομος</span> <span class='ocrx_word' id='word_1_534' title='bbox 1631 1425 1686 1451; x_wconf 79' lang='grc' dir='ltr'><strong>ἀπὸ</strong></span> <span class='ocrx_word' id='word_1_535' title='bbox 1708 1425 1762 1452; x_wconf 80' lang='grc' dir='ltr'><strong>τῶν</strong></span> <span class='ocrx_word' id='word_1_536' title='bbox 1777 1425 1847 1451; x_wconf 76' lang='grc' dir='ltr'>ἁπο-</span> 
     </span>
    </p>
   </div>
   <div class='ocr_carea' id='block_1_83' title="bbox 1063 1469 1847 1506">
    <p class='ocr_par' dir='ltr' id='par_1_83' title="bbox 1063 1469 1847 1506">
     <span class='ocr_line' id='line_1_83' title="bbox 1063 1469 1847 1506; baseline 0 -9"><span class='ocrx_word' id='word_1_537' title='bbox 1063 1471 1165 1498; x_wconf 81' lang='grc' dir='ltr'>στόλων</span> <span class='ocrx_word' id='word_1_538' title='bbox 1184 1471 1339 1506; x_wconf 81' lang='grc' dir='ltr'>διαδέχεται</span> <span class='ocrx_word' id='word_1_539' title='bbox 1362 1470 1527 1505; x_wconf 81' lang='grc' dir='ltr'>Μαξιμῐνος.</span> <span class='ocrx_word' id='word_1_540' title='bbox 1544 1469 1605 1496; x_wconf 92' lang='grc' dir='ltr'>Τῶν</span> <span class='ocrx_word' id='word_1_541' title='bbox 1630 1470 1653 1496; x_wconf 86' lang='grc' dir='ltr'>δ’</span> <span class='ocrx_word' id='word_1_542' title='bbox 1681 1471 1712 1497; x_wconf 85' lang='grc' dir='ltr'>ἐν</span> <span class='ocrx_word' id='word_1_543' title='bbox 1731 1470 1847 1505; x_wconf 62' lang='grc' dir='ltr'>Ἱεροσο-</span> 
     </span>
    </p>
   </div>
   <div class='ocr_carea' id='block_1_84' title="bbox 1062 1515 1846 1552">
    <p class='ocr_par' dir='ltr' id='par_1_84' title="bbox 1062 1515 1846 1552">
     <span class='ocr_line' id='line_1_84' title="bbox 1062 1515 1846 1552; baseline -0.003 -9"><span class='ocrx_word' id='word_1_544' title='bbox 1062 1517 1160 1552; x_wconf 86' lang='grc' dir='ltr'>λύμοις</span> <span class='ocrx_word' id='word_1_545' title='bbox 1191 1516 1349 1543; x_wconf 77' lang='grc' dir='ltr'>ἐπισκόπων</span> <span class='ocrx_word' id='word_1_546' title='bbox 1379 1517 1444 1547; x_wconf 82' lang='grc' dir='ltr'>τοὺς</span> <span class='ocrx_word' id='word_1_547' title='bbox 1481 1515 1595 1550; x_wconf 89' lang='grc' dir='ltr'>χρόνους</span> <span class='ocrx_word' id='word_1_548' title='bbox 1620 1515 1724 1551; x_wconf 79' lang='grc' dir='ltr'>ἥκιστα</span> <span class='ocrx_word' id='word_1_549' title='bbox 1753 1517 1846 1550; x_wconf 75' lang='grc' dir='ltr'>γραφῇ</span> 
     </span>
    </p>
   </div>
   <div class='ocr_carea' id='block_1_85' title="bbox 1059 1561 1848 1597">
    <p class='ocr_par' dir='ltr' id='par_1_85' title="bbox 1059 1561 1848 1597">
     <span class='ocr_line' id='line_1_85' title="bbox 1059 1561 1848 1597; baseline -0.004 -7"><span class='ocrx_word' id='word_1_550' title='bbox 1059 1562 1243 1595; x_wconf 75' lang='grc' dir='ltr'>διασώζεσθαι</span> <span class='ocrx_word' id='word_1_551' title='bbox 1255 1562 1399 1597; x_wconf 78' lang='grc' dir='ltr'>ἔγνωμεν·</span> <span class='ocrx_word' id='word_1_552' title='bbox 1419 1561 1583 1597; x_wconf 78' lang='grc' dir='ltr'>βραχυϐίους</span> <span class='ocrx_word' id='word_1_553' title='bbox 1609 1562 1664 1597; x_wconf 81' lang='grc' dir='ltr'>γὰρ</span> <span class='ocrx_word' id='word_1_554' title='bbox 1678 1562 1778 1593; x_wconf 79' lang='grc' dir='ltr'>αὐτοὺς</span> <span class='ocrx_word' id='word_1_555' title='bbox 1804 1571 1848 1595; x_wconf 82' lang='grc' dir='ltr'>γε-</span> 
     </span>
    </p>
   </div>
   <div class='ocr_carea' id='block_1_86' title="bbox 1059 1607 1848 1643">
    <p class='ocr_par' dir='ltr' id='par_1_86' title="bbox 1059 1607 1848 1643">
     <span class='ocr_line' id='line_1_86' title="bbox 1059 1607 1848 1643; baseline -0.003 -7"><span class='ocrx_word' id='word_1_556' title='bbox 1059 1609 1154 1636; x_wconf 78' lang='grc' dir='ltr'>νέσθαι</span> <span class='ocrx_word' id='word_1_557' title='bbox 1181 1608 1261 1643; x_wconf 79' lang='grc' dir='ltr'>λόγος</span> <span class='ocrx_word' id='word_1_558' title='bbox 1275 1608 1345 1643; x_wconf 74' lang='grc' dir='ltr'>ἔχει.</span> <span class='ocrx_word' id='word_1_559' title='bbox 1377 1608 1578 1634; x_wconf 85' lang='grc' dir='ltr'>Πεντεκαίδεκα</span> <span class='ocrx_word' id='word_1_560' title='bbox 1603 1607 1655 1642; x_wconf 76' lang='grc' dir='ltr'>μὲν</span> <span class='ocrx_word' id='word_1_561' title='bbox 1676 1607 1724 1634; x_wconf 82' lang='grc' dir='ltr'>οὖν</span> <span class='ocrx_word' id='word_1_562' title='bbox 1750 1608 1848 1638; x_wconf 73' lang='grc' dir='ltr'>αὐτοὺς</span> 
     </span>
    </p>
   </div>
   <div class='ocr_carea' id='block_1_87' title="bbox 1059 1653 1848 1690">
    <p class='ocr_par' dir='ltr' id='par_1_87' title="bbox 1059 1653 1848 1690">
     <span class='ocr_line' id='line_1_87' title="bbox 1059 1653 1848 1690; baseline -0.001 -9"><span class='ocrx_word' id='word_1_563' title='bbox 1059 1655 1078 1690; x_wconf 87' lang='grc' dir='ltr'><strong>ἡ</strong></span> <span class='ocrx_word' id='word_1_564' title='bbox 1095 1655 1204 1689; x_wconf 78' lang='grc' dir='ltr'>ἱστορία</span> <span class='ocrx_word' id='word_1_565' title='bbox 1233 1653 1261 1688; x_wconf 79' lang='grc' dir='ltr'><strong>ἐξ</strong></span> <span class='ocrx_word' id='word_1_566' title='bbox 1278 1653 1405 1689; x_wconf 84' lang='grc' dir='ltr'>ἀγράφου</span> <span class='ocrx_word' id='word_1_567' title='bbox 1425 1653 1596 1688; x_wconf 80' lang='grc' dir='ltr'>παρέδωκεν,</span> <span class='ocrx_word' id='word_1_568' title='bbox 1630 1653 1679 1685; x_wconf 79' lang='grc' dir='ltr'>οὓς</span> <span class='ocrx_word' id='word_1_569' title='bbox 1702 1653 1848 1688; x_wconf 75' lang='grc' dir='ltr'>Ἐϐραίους</span> 
     </span>
    </p>
   </div>
   <div class='ocr_carea' id='block_1_88' title="bbox 1060 1699 1848 1736">
    <p class='ocr_par' dir='ltr' id='par_1_88' title="bbox 1060 1699 1848 1736">
     <span class='ocr_line' id='line_1_88' title="bbox 1060 1699 1848 1736; baseline -0.001 -9"><span class='ocrx_word' id='word_1_570' title='bbox 1060 1701 1152 1732; x_wconf 79' lang='grc' dir='ltr'>δντας,</span> <span class='ocrx_word' id='word_1_571' title='bbox 1166 1701 1290 1732; x_wconf 79' lang='grc' dir='ltr'>ἅπαντας</span> <span class='ocrx_word' id='word_1_572' title='bbox 1298 1701 1329 1727; x_wconf 85' lang='grc' dir='ltr'>τὸ</span> <span class='ocrx_word' id='word_1_573' title='bbox 1347 1700 1436 1735; x_wconf 85' lang='grc' dir='ltr'>χρεὼν</span> <span class='ocrx_word' id='word_1_574' title='bbox 1450 1700 1660 1735; x_wconf 83' lang='grc' dir='ltr'>λειτουργῆσαι,</span> <span class='ocrx_word' id='word_1_575' title='bbox 1676 1700 1713 1727; x_wconf 80' lang='grc' dir='ltr'>τὰ</span> <span class='ocrx_word' id='word_1_576' title='bbox 1728 1699 1848 1736; x_wconf 80' lang='grc' dir='ltr'>Χριστοῦ</span> 
     </span>
    </p>
   </div>
   <div class='ocr_carea' id='block_1_89' title="bbox 1061 1745 1848 1781">
    <p class='ocr_par' dir='ltr' id='par_1_89' title="bbox 1061 1745 1848 1781">
     <span class='ocr_line' id='line_1_89' title="bbox 1061 1745 1848 1781; baseline 0 -10"><span class='ocrx_word' id='word_1_577' title='bbox 1061 1745 1182 1781; x_wconf 83' lang='grc' dir='ltr'>γνησίως</span> <span class='ocrx_word' id='word_1_578' title='bbox 1196 1746 1409 1780; x_wconf 81' lang='grc' dir='ltr'>ἀσπασαμένους</span> <span class='ocrx_word' id='word_1_579' title='bbox 1419 1753 1428 1762; x_wconf 72' lang='grc' dir='ltr'><strong>ο</strong></span> <span class='ocrx_word' id='word_1_580' title='bbox 1444 1745 1492 1772; x_wconf 81' lang='grc' dir='ltr'>καὶ</span> <span class='ocrx_word' id='word_1_581' title='bbox 1509 1746 1649 1778; x_wconf 82' lang='grc' dir='ltr'>τοσοῦτον,</span> <span class='ocrx_word' id='word_1_582' title='bbox 1662 1745 1701 1777; x_wconf 83' lang='grc' dir='ltr'><strong>ὡς</strong></span> <span class='ocrx_word' id='word_1_583' title='bbox 1713 1747 1760 1773; x_wconf 66' lang='grc' dir='ltr'>καὶ</span> <span class='ocrx_word' id='word_1_584' title='bbox 1772 1746 1848 1781; x_wconf 72' lang='grc' dir='ltr'>παρὰ</span> 
     </span>
    </p>
   </div>
   <div class='ocr_carea' id='block_1_90' title="bbox 1061 1791 1850 1828">
    <p class='ocr_par' dir='ltr' id='par_1_90' title="bbox 1061 1791 1850 1828">
     <span class='ocr_line' id='line_1_90' title="bbox 1061 1791 1850 1828; baseline 0 -10"><span class='ocrx_word' id='word_1_585' title='bbox 1061 1792 1116 1819; x_wconf 88' lang='grc' dir='ltr'><strong>τῶν</strong></span> <span class='ocrx_word' id='word_1_586' title='bbox 1133 1791 1260 1827; x_wconf 84' lang='grc' dir='ltr'>τηνικάδε</span> <span class='ocrx_word' id='word_1_587' title='bbox 1279 1792 1326 1819; x_wconf 70' lang='grc' dir='ltr'><strong>καλ⁸</strong></span> <span class='ocrx_word' id='word_1_588' title='bbox 1338 1793 1378 1823; x_wconf 81' lang='grc' dir='ltr'>εἰς</span> <span class='ocrx_word' id='word_1_589' title='bbox 1393 1792 1443 1826; x_wconf 87' lang='grc' dir='ltr'>τὴν</span> <span class='ocrx_word' id='word_1_590' title='bbox 1458 1791 1593 1826; x_wconf 90' lang='grc' dir='ltr'>τοσαύτην</span> <span class='ocrx_word' id='word_1_591' title='bbox 1619 1792 1783 1828; x_wconf 77' lang='grc' dir='ltr'>ὲγκριῦἦναι</span> <span class='ocrx_word' id='word_1_592' title='bbox 1804 1801 1850 1819; x_wconf 77' lang='grc' dir='ltr'>πε·</span> 
     </span>
    </p>
   </div>
   <div class='ocr_carea' id='block_1_91' title="bbox 1064 1837 1849 1873">
    <p class='ocr_par' dir='ltr' id='par_1_91' title="bbox 1064 1837 1849 1873">
     <span class='ocr_line' id='line_1_91' title="bbox 1064 1837 1849 1873; baseline 0.001 -9"><span class='ocrx_word' id='word_1_593' title='bbox 1064 1839 1182 1873; x_wconf 81' lang='grc' dir='ltr'>ριωπήν.</span> <span class='ocrx_word' id='word_1_594' title='bbox 1204 1837 1260 1872; x_wconf 84' lang='grc' dir='ltr'><strong>Τὴν</strong></span> <span class='ocrx_word' id='word_1_595' title='bbox 1297 1838 1353 1873; x_wconf 85' lang='grc' dir='ltr'>γὰρ</span> <span class='ocrx_word' id='word_1_596' title='bbox 1377 1839 1469 1864; x_wconf 80' lang='grc' dir='ltr'>πᾶσαν</span> <span class='ocrx_word' id='word_1_597' title='bbox 1504 1838 1674 1873; x_wconf 79' lang='grc' dir='ltr'>Ἐκκλησίαν</span> <span class='ocrx_word' id='word_1_598' title='bbox 1698 1839 1794 1873; x_wconf 73' lang='grc' dir='ltr'>σχεδὸν</span> <span class='ocrx_word' id='word_1_599' title='bbox 1819 1841 1849 1865; x_wconf 77' lang='grc' dir='ltr'>ἑκ</span> 
     </span>
    </p>
   </div>
   <div class='ocr_carea' id='block_1_92' title="bbox 1063 1883 1850 1918">
    <p class='ocr_par' dir='ltr' id='par_1_92' title="bbox 1063 1883 1850 1918">
     <span class='ocr_line' id='line_1_92' title="bbox 1063 1883 1850 1918; baseline -0.001 -7"><span class='ocrx_word' id='word_1_600' title='bbox 1063 1885 1166 1911; x_wconf 79' lang='grc' dir='ltr'>πιστῶν</span> <span class='ocrx_word' id='word_1_601' title='bbox 1188 1883 1323 1918; x_wconf 76' lang='grc' dir='ltr'>Ἑϐραίων</span> <span class='ocrx_word' id='word_1_602' title='bbox 1343 1883 1399 1910; x_wconf 82' lang='grc' dir='ltr'>ἀπὺ</span> <span class='ocrx_word' id='word_1_603' title='bbox 1420 1884 1476 1910; x_wconf 89' lang='grc' dir='ltr'><strong>τῶν</strong></span> <span class='ocrx_word' id='word_1_604' title='bbox 1501 1884 1660 1911; x_wconf 80' lang='grc' dir='ltr'>ἀποστόλων</span> <span class='ocrx_word' id='word_1_605' title='bbox 1679 1885 1850 1912; x_wconf 75' lang='grc' dir='ltr'>καθεστάναι</span> 
     </span>
    </p>
   </div>
   <div class='ocr_carea' id='block_1_93' title="bbox 1064 1929 1850 1965">
    <p class='ocr_par' dir='ltr' id='par_1_93' title="bbox 1064 1929 1850 1965">
     <span class='ocr_line' id='line_1_93' title="bbox 1064 1929 1850 1965; baseline 0.001 -10"><span class='ocrx_word' id='word_1_606' title='bbox 1064 1929 1218 1964; x_wconf 78' lang='grc' dir='ltr'>ἱστόρηται,</span> <span class='ocrx_word' id='word_1_607' title='bbox 1252 1929 1300 1956; x_wconf 83' lang='grc' dir='ltr'>καὶ</span> <span class='ocrx_word' id='word_1_608' title='bbox 1330 1929 1412 1964; x_wconf 77' lang='grc' dir='ltr'>μέχρι</span> <span class='ocrx_word' id='word_1_609' title='bbox 1439 1929 1467 1955; x_wconf 82' lang='grc' dir='ltr'>δὲ</span> <span class='ocrx_word' id='word_1_610' title='bbox 1487 1929 1537 1964; x_wconf 86' lang='grc' dir='ltr'><strong>τῆς</strong></span> <span class='ocrx_word' id='word_1_611' title='bbox 1565 1930 1686 1964; x_wconf 82' lang='grc' dir='ltr'>ὑστάτης</span> <span class='ocrx_word' id='word_1_612' title='bbox 1708 1931 1850 1965; x_wconf 74' lang='grc' dir='ltr'>διαρκέσαι</span> 
     </span>
    </p>
   </div>
   <div class='ocr_carea' id='block_1_94' title="bbox 1064 1975 1852 2011">
    <p class='ocr_par' dir='ltr' id='par_1_94' title="bbox 1064 1975 1852 2011">
     <span class='ocr_line' id='line_1_94' title="bbox 1064 1975 1852 2011; baseline -0.001 -9"><span class='ocrx_word' id='word_1_613' title='bbox 1064 1976 1237 2011; x_wconf 84' lang='grc' dir='ltr'>πολιορκίας.</span> <span class='ocrx_word' id='word_1_614' title='bbox 1249 1975 1305 2002; x_wconf 77' lang='grc' dir='ltr'><strong>Καὶ</strong></span> <span class='ocrx_word' id='word_1_615' title='bbox 1317 1975 1408 2002; x_wconf 88' lang='grc' dir='ltr'>τοίνυν</span> <span class='ocrx_word' id='word_1_616' title='bbox 1422 1975 1478 2002; x_wconf 86' lang='grc' dir='ltr'><strong>τῶν</strong></span> <span class='ocrx_word' id='word_1_617' title='bbox 1493 1977 1526 2002; x_wconf 81' lang='grc' dir='ltr'>ὲκ</span> <span class='ocrx_word' id='word_1_618' title='bbox 1543 1975 1701 2010; x_wconf 83' lang='grc' dir='ltr'>περιτομῆς</span> <span class='ocrx_word' id='word_1_619' title='bbox 1716 1976 1852 2003; x_wconf 68' lang='grc' dir='ltr'>ἐπιλελοιο</span> 
     </span>
    </p>
   </div>
   <div class='ocr_carea' id='block_1_95' title="bbox 1065 2021 1852 2057">
    <p class='ocr_par' dir='ltr' id='par_1_95' title="bbox 1065 2021 1852 2057">
     <span class='ocr_line' id='line_1_95' title="bbox 1065 2021 1852 2057; baseline 0 -9"><span class='ocrx_word' id='word_1_620' title='bbox 1065 2023 1156 2049; x_wconf 79' lang='grc' dir='ltr'>πότων</span> <span class='ocrx_word' id='word_1_621' title='bbox 1181 2022 1335 2057; x_wconf 80' lang='grc' dir='ltr'>ἀρχιερέων</span> <span class='ocrx_word' id='word_1_622' title='bbox 1360 2022 1420 2053; x_wconf 81' lang='grc' dir='ltr'>ταῖς</span> <span class='ocrx_word' id='word_1_623' title='bbox 1451 2022 1521 2057; x_wconf 82' lang='grc' dir='ltr'>πρὸς</span> <span class='ocrx_word' id='word_1_624' title='bbox 1547 2021 1682 2057; x_wconf 79' lang='grc' dir='ltr'>ἀλλήλους</span> <span class='ocrx_word' id='word_1_625' title='bbox 1716 2023 1852 2049; x_wconf 85' lang='grc' dir='ltr'>Ἰουδαίων</span> 
     </span>
    </p>
   </div>
   <div class='ocr_carea' id='block_1_96' title="bbox 1067 2067 1852 2105">
    <p class='ocr_par' dir='ltr' id='par_1_96' title="bbox 1067 2067 1852 2105">
     <span class='ocr_line' id='line_1_96' title="bbox 1067 2067 1852 2105; baseline 0 -11"><span class='ocrx_word' id='word_1_626' title='bbox 1067 2068 1180 2094; x_wconf 84' lang='grc' dir='ltr'>στάσεσι</span> <span class='ocrx_word' id='word_1_627' title='bbox 1205 2068 1253 2094; x_wconf 82' lang='grc' dir='ltr'><strong>καὶ</strong></span> <span class='ocrx_word' id='word_1_628' title='bbox 1278 2067 1516 2102; x_wconf 76' lang='grc' dir='ltr'>φρενοῦλασείαις,</span> <span class='ocrx_word' id='word_1_629' title='bbox 1540 2068 1635 2095; x_wconf 78' lang='grc' dir='ltr'>λοιπὸν</span> <span class='ocrx_word' id='word_1_630' title='bbox 1655 2069 1690 2095; x_wconf 85' lang='grc' dir='ltr'>ἂν</span> <span class='ocrx_word' id='word_1_631' title='bbox 1718 2070 1773 2105; x_wconf 69' lang='grc' dir='ltr'>εἴη,</span> <span class='ocrx_word' id='word_1_632' title='bbox 1804 2071 1852 2103; x_wconf 79' lang='grc' dir='ltr'>τὴν</span> 
     </span>
    </p>
   </div>
   <div class='ocr_carea' id='block_1_97' title="bbox 1067 2113 1852 2149">
    <p class='ocr_par' dir='ltr' id='par_1_97' title="bbox 1067 2113 1852 2149">
     <span class='ocr_line' id='line_1_97' title="bbox 1067 2113 1852 2149; baseline 0 -9"><span class='ocrx_word' id='word_1_633' title='bbox 1067 2113 1137 2140; x_wconf 87' lang='grc' dir='ltr'>κατὰ</span> <span class='ocrx_word' id='word_1_634' title='bbox 1155 2113 1272 2149; x_wconf 77' lang='grc' dir='ltr'>Χριστὸν</span> <span class='ocrx_word' id='word_1_635' title='bbox 1287 2113 1452 2148; x_wconf 78' lang='grc' dir='ltr'>δεξαμένους</span> <span class='ocrx_word' id='word_1_636' title='bbox 1466 2113 1580 2146; x_wconf 83' lang='grc' dir='ltr'>γνῶσιν,</span> <span class='ocrx_word' id='word_1_637' title='bbox 1613 2114 1719 2142; x_wconf 78' lang='grc' dir='ltr'>ἄνωθεν</span> <span class='ocrx_word' id='word_1_638' title='bbox 1733 2116 1852 2142; x_wconf 83' lang='grc' dir='ltr'>καταλὲ-</span> 
     </span>
    </p>
   </div>
   <div class='ocr_carea' id='block_1_98' title="bbox 1067 2158 1854 2196">
    <p class='ocr_par' dir='ltr' id='par_1_98' title="bbox 1067 2158 1854 2196">
     <span class='ocr_line' id='line_1_98' title="bbox 1067 2158 1854 2196; baseline 0.001 -10"><span class='ocrx_word' id='word_1_639' title='bbox 1067 2161 1238 2196; x_wconf 82' lang='grc' dir='ltr'>ξαι.ῐῐρῶτος</span> <span class='ocrx_word' id='word_1_640' title='bbox 1252 2160 1344 2187; x_wconf 89' lang='grc' dir='ltr'>τοίνυν</span> <span class='ocrx_word' id='word_1_641' title='bbox 1364 2159 1493 2191; x_wconf 75' lang='grc' dir='ltr'>Ἰάκωϐος</span> <span class='ocrx_word' id='word_1_642' title='bbox 1506 2158 1541 2195; x_wconf 86' lang='grc' dir='ltr'>ἦν</span> <span class='ocrx_word' id='word_1_643' title='bbox 1555 2161 1570 2186; x_wconf 84' lang='grc' dir='ltr'><strong>ό</strong></span> <span class='ocrx_word' id='word_1_644' title='bbox 1584 2160 1633 2186; x_wconf 88' lang='grc' dir='ltr'><strong>τοῦ</strong></span> <span class='ocrx_word' id='word_1_645' title='bbox 1653 2161 1762 2196; x_wconf 84' lang='grc' dir='ltr'>Κυρίου</span> <span class='ocrx_word' id='word_1_646' title='bbox 1774 2161 1854 2195; x_wconf 75' lang='grc' dir='ltr'>λεγό-</span> 
     </span>
    </p>
   </div>
   <div class='ocr_carea' id='block_1_99' title="bbox 1494 2204 1852 2242">
    <p class='ocr_par' dir='ltr' id='par_1_99' title="bbox 1494 2204 1852 2242">
     <span class='ocr_line' id='line_1_99' title="bbox 1494 2204 1852 2242; baseline 0.003 -10"><span class='ocrx_word' id='word_1_647' title='bbox 1494 2204 1529 2241; x_wconf 86' lang='grc' dir='ltr'>ἦν</span> <span class='ocrx_word' id='word_1_648' title='bbox 1552 2206 1682 2242; x_wconf 84' lang='grc' dir='ltr'>δεύτερος</span> <span class='ocrx_word' id='word_1_649' title='bbox 1713 2207 1831 2242; x_wconf 79' lang='grc' dir='ltr'>Συμεών</span> <span class='ocrx_word' id='word_1_650' title='bbox 1845 2215 1852 2222; x_wconf 91' lang='grc'><strong>·</strong></span> 
     </span>
    </p>
   </div>
   <div class='ocr_carea' id='block_1_100' title="bbox 1065 2252 1855 2288">
    <p class='ocr_par' dir='ltr' id='par_1_100' title="bbox 1065 2252 1855 2288">
     <span class='ocr_line' id='line_1_100' title="bbox 1065 2252 1855 2288; baseline 0 -9"><span class='ocrx_word' id='word_1_651' title='bbox 1065 2253 1157 2288; x_wconf 77' lang='grc' dir='ltr'>τρίτος</span> <span class='ocrx_word' id='word_1_652' title='bbox 1179 2252 1306 2284; x_wconf 81' lang='grc' dir='ltr'>Ἰοῦστος·</span> <span class='ocrx_word' id='word_1_653' title='bbox 1323 2253 1457 2288; x_wconf 81' lang='grc' dir='ltr'>Ζακχαῖος</span> <span class='ocrx_word' id='word_1_654' title='bbox 1470 2252 1504 2278; x_wconf 72' lang='grc' dir='ltr'>δ”</span> <span class='ocrx_word' id='word_1_655' title='bbox 1518 2252 1645 2287; x_wconf 76' lang='grc' dir='ltr'>πέμπτος</span> <span class='ocrx_word' id='word_1_656' title='bbox 1657 2252 1771 2284; x_wconf 81' lang='grc' dir='ltr'>Τωὸίας</span> <span class='ocrx_word' id='word_1_657' title='bbox 1781 2260 1787 2265; x_wconf 92' lang='grc'><strong>·</strong></span> <span class='ocrx_word' id='word_1_658' title='bbox 1809 2253 1855 2279; x_wconf 79' lang='grc' dir='ltr'><strong>εκ-</strong></span> 
     </span>
    </p>
   </div>
   <div class='ocr_carea' id='block_1_101' title="bbox 1065 2299 1856 2335">
    <p class='ocr_par' dir='ltr' id='par_1_101' title="bbox 1065 2299 1856 2335">
     <span class='ocr_line' id='line_1_101' title="bbox 1065 2299 1856 2335; baseline -0.004 -8"><span class='ocrx_word' id='word_1_659' title='bbox 1065 2309 1111 2332; x_wconf 83' lang='grc' dir='ltr'><strong>τος</strong></span> <span class='ocrx_word' id='word_1_660' title='bbox 1133 2300 1264 2335; x_wconf 84' lang='grc' dir='ltr'>Βενιαμίν</span> <span class='ocrx_word' id='word_1_661' title='bbox 1276 2309 1284 2317; x_wconf 93' lang='grc'><strong>·</strong></span> <span class='ocrx_word' id='word_1_662' title='bbox 1305 2300 1433 2335; x_wconf 83' lang='grc' dir='ltr'>Ἰωάννης</span> <span class='ocrx_word' id='word_1_663' title='bbox 1454 2299 1488 2332; x_wconf 82' lang='grc' dir='ltr'><strong>ζ’.</strong></span> <span class='ocrx_word' id='word_1_664' title='bbox 1502 2300 1597 2334; x_wconf 77' lang='grc' dir='ltr'>ὃγδοος</span> <span class='ocrx_word' id='word_1_665' title='bbox 1610 2299 1737 2331; x_wconf 77' lang='grc' dir='ltr'>Ματθίας</span> <span class='ocrx_word' id='word_1_666' title='bbox 1747 2308 1755 2315; x_wconf 81' lang='lat'>&#39;</span> <span class='ocrx_word' id='word_1_667' title='bbox 1767 2299 1788 2327; x_wconf 76' lang='grc' dir='ltr'><strong>θ’</strong></span> <span class='ocrx_word' id='word_1_668' title='bbox 1810 2300 1856 2325; x_wconf 67' lang='lat' dir='ltr'><strong>1-f-</strong></span> 
     </span>
    </p>
   </div>
   <div class='ocr_carea' id='block_1_102' title="bbox 1064 2345 1856 2378">
    <p class='ocr_par' dir='ltr' id='par_1_102' title="bbox 1064 2345 1856 2378">
     <span class='ocr_line' id='line_1_102' title="bbox 1064 2345 1856 2378; baseline -0.001 -6"><span class='ocrx_word' id='word_1_669' title='bbox 1064 2345 1183 2377; x_wconf 87' lang='grc' dir='ltr'>λιππος·</span> <span class='ocrx_word' id='word_1_670' title='bbox 1210 2346 1325 2378; x_wconf 70' lang='grc' dir='ltr'>δέκατος</span> <span class='ocrx_word' id='word_1_671' title='bbox 1351 2345 1504 2378; x_wconf 76' lang='grc' dir='ltr'>Σεννίκαςο</span> <span class='ocrx_word' id='word_1_672' title='bbox 1541 2345 1688 2377; x_wconf 77' lang='grc' dir='ltr'>ἑνδέκατος</span> <span class='ocrx_word' id='word_1_673' title='bbox 1717 2347 1856 2377; x_wconf 81' lang='grc' dir='ltr'>Ἰοῦστος·</span> 
     </span>
    </p>
   </div>
   <div class='ocr_carea' id='block_1_103' title="bbox 1065 2391 1857 2426">
    <p class='ocr_par' dir='ltr' id='par_1_103' title="bbox 1065 2391 1857 2426">
     <span class='ocr_line' id='line_1_103' title="bbox 1065 2391 1857 2426; baseline 0 -9"><span class='ocrx_word' id='word_1_674' title='bbox 1065 2391 1156 2426; x_wconf 80' lang='grc' dir='ltr'>Λεσὴς</span> <span class='ocrx_word' id='word_1_675' title='bbox 1167 2391 1318 2422; x_wconf 84' lang='grc' dir='ltr'>δωδέκατος</span> <span class='ocrx_word' id='word_1_676' title='bbox 1332 2399 1340 2408; x_wconf 71' lang='grc' dir='ltr'><em>υ</em></span> <span class='ocrx_word' id='word_1_677' title='bbox 1362 2391 1467 2426; x_wconf 85' lang='grc' dir='ltr'>Ἐφρὴς</span> <span class='ocrx_word' id='word_1_678' title='bbox 1493 2391 1723 2426; x_wconf 66' lang='grc' dir='ltr'>τρισκαιδέκατος</span> <span class='ocrx_word' id='word_1_679' title='bbox 1737 2400 1745 2408; x_wconf 83' lang='grc'><strong>-</strong></span> <span class='ocrx_word' id='word_1_680' title='bbox 1760 2400 1857 2417; x_wconf 77' lang='grc' dir='ltr'>τεσσα-</span> 
     </span>
    </p>
   </div>
   <div class='ocr_carea' id='block_1_104' title="bbox 1066 2436 1856 2472">
    <p class='ocr_par' dir='ltr' id='par_1_104' title="bbox 1066 2436 1856 2472">
     <span class='ocr_line' id='line_1_104' title="bbox 1066 2436 1856 2472; baseline -0.001 -9"><span class='ocrx_word' id='word_1_681' title='bbox 1066 2436 1281 2472; x_wconf 73' lang='grc' dir='ltr'>ρεσκαιδέκατος</span> <span class='ocrx_word' id='word_1_682' title='bbox 1301 2437 1404 2472; x_wconf 82' lang='grc' dir='ltr'>Ἰωσήφ</span> <span class='ocrx_word' id='word_1_683' title='bbox 1417 2445 1425 2452; x_wconf 88' lang='grc'>·</span> <span class='ocrx_word' id='word_1_684' title='bbox 1440 2437 1487 2463; x_wconf 80' lang='grc' dir='ltr'><strong>ὲπὶ</strong></span> <span class='ocrx_word' id='word_1_685' title='bbox 1499 2437 1529 2463; x_wconf 76' lang='grc' dir='ltr'>δὲ</span> <span class='ocrx_word' id='word_1_686' title='bbox 1545 2436 1655 2467; x_wconf 81' lang='grc' dir='ltr'>τούτοις</span> <span class='ocrx_word' id='word_1_687' title='bbox 1670 2436 1776 2468; x_wconf 84' lang='grc' dir='ltr'>Ἰούδας</span> <span class='ocrx_word' id='word_1_688' title='bbox 1787 2445 1856 2462; x_wconf 82' lang='grc' dir='ltr'>πεν-</span> 
     </span>
    </p>
   </div>
   <div class='ocr_carea' id='block_1_105' title="bbox 229 2482 1858 2519">
    <p class='ocr_par' dir='ltr' id='par_1_105' title="bbox 229 2482 1858 2519">
     <span class='ocr_line' id='line_1_105' title="bbox 229 2482 1858 2519; baseline -0.005 -3"><span class='ocrx_word' id='word_1_689' title='bbox 229 2489 442 2519; x_wconf 75' lang='grc' dir='ltr'>τεκαιδὲκατος·</span> <span class='ocrx_word' id='word_1_690' title='bbox 458 2486 505 2518; x_wconf 79' lang='grc' dir='ltr'>οὓς</span> <span class='ocrx_word' id='word_1_691' title='bbox 517 2486 547 2518; x_wconf 78' lang='grc' dir='ltr'><strong>ἐξ</strong></span> <span class='ocrx_word' id='word_1_692' title='bbox 570 2484 655 2512; x_wconf 75' lang='grc' dir='ltr'>ἐθνῶν</span> <span class='ocrx_word' id='word_1_693' title='bbox 684 2483 755 2518; x_wconf 86' lang='grc' dir='ltr'>μετὰ</span> <span class='ocrx_word' id='word_1_694' title='bbox 768 2484 818 2518; x_wconf 81' lang='grc' dir='ltr'>τὴν</span> <span class='ocrx_word' id='word_1_695' title='bbox 848 2482 952 2510; x_wconf 72' lang='grc' dir='ltr'>ἅλωσιν</span> <span class='ocrx_word' id='word_1_696' title='bbox 977 2482 1130 2518; x_wconf 80' lang='grc' dir='ltr'>διαδέχεται</span> <span class='ocrx_word' id='word_1_697' title='bbox 1161 2484 1286 2519; x_wconf 78' lang='grc' dir='ltr'>Μάρκος.</span> <span class='ocrx_word' id='word_1_698' title='bbox 1320 2483 1449 2510; x_wconf 86' lang='grc' dir='ltr'>Τοσοῦτοι</span> <span class='ocrx_word' id='word_1_699' title='bbox 1467 2483 1518 2518; x_wconf 85' lang='grc' dir='ltr'>μὲν</span> <span class='ocrx_word' id='word_1_700' title='bbox 1548 2482 1603 2510; x_wconf 74' lang='grc' dir='ltr'>άπὸ</span> <span class='ocrx_word' id='word_1_701' title='bbox 1621 2483 1677 2510; x_wconf 83' lang='grc' dir='ltr'><strong>τῶν</strong></span> <span class='ocrx_word' id='word_1_702' title='bbox 1696 2482 1858 2509; x_wconf 78' lang='grc' dir='ltr'>ἀποστόλων</span> 
     </span>
    </p>
   </div>
   <div class='ocr_carea' id='block_1_106' title="bbox 229 2528 1857 2570">
    <p class='ocr_par' dir='ltr' id='par_1_106' title="bbox 229 2528 1857 2570">
     <span class='ocr_line' id='line_1_106' title="bbox 229 2528 1857 2570; baseline -0.004 -8"><span class='ocrx_word' id='word_1_703' title='bbox 229 2537 259 2568; x_wconf 73' lang='grc' dir='ltr'>ἐς</span> <span class='ocrx_word' id='word_1_704' title='bbox 278 2535 324 2562; x_wconf 88' lang='grc' dir='ltr'><strong>τδν</strong></span> <span class='ocrx_word' id='word_1_705' title='bbox 337 2533 486 2570; x_wconf 86' lang='grc' dir='ltr'>είρημένον</span> <span class='ocrx_word' id='word_1_706' title='bbox 504 2532 606 2560; x_wconf 85' lang='grc' dir='ltr'>Ἰούδαν</span> <span class='ocrx_word' id='word_1_707' title='bbox 621 2530 766 2557; x_wconf 71' lang='grc' dir='ltr'>ἐπίσκοποι</span> <span class='ocrx_word' id='word_1_708' title='bbox 779 2531 811 2556; x_wconf 83' lang='grc' dir='ltr'>ὲκ</span> <span class='ocrx_word' id='word_1_709' title='bbox 836 2529 991 2565; x_wconf 84' lang='grc' dir='ltr'>περιτομῆς</span> <span class='ocrx_word' id='word_1_710' title='bbox 1020 2530 1050 2556; x_wconf 75' lang='grc' dir='ltr'>ἐν</span> <span class='ocrx_word' id='word_1_711' title='bbox 1076 2530 1277 2566; x_wconf 85' lang='grc' dir='ltr'>Ἰεροσολύμοις</span> <span class='ocrx_word' id='word_1_712' title='bbox 1292 2530 1448 2565; x_wconf 82' lang='grc' dir='ltr'>γεγόνασιν.</span> <span class='ocrx_word' id='word_1_713' title='bbox 1472 2529 1615 2562; x_wconf 77' lang='grc' dir='ltr'>Ὡσαύτως</span> <span class='ocrx_word' id='word_1_714' title='bbox 1639 2529 1669 2556; x_wconf 65' lang='grc' dir='ltr'>δὲ</span> <span class='ocrx_word' id='word_1_715' title='bbox 1683 2530 1731 2556; x_wconf 79' lang='grc' dir='ltr'>καὶ</span> <span class='ocrx_word' id='word_1_716' title='bbox 1748 2529 1771 2555; x_wconf 88' lang='grc' dir='ltr'><strong>οί</strong></span> <span class='ocrx_word' id='word_1_717' title='bbox 1799 2528 1857 2555; x_wconf 81' lang='grc' dir='ltr'><strong>τῶν</strong></span> 
     </span>
    </p>
   </div>
   <div class='ocr_carea' id='block_1_107' title="bbox 230 2579 652 2617">
    <p class='ocr_par' dir='ltr' id='par_1_107' title="bbox 230 2579 652 2617">
     <span class='ocr_line' id='line_1_107' title="bbox 230 2579 652 2617; baseline -0.009 -8"><span class='ocrx_word' id='word_1_718' title='bbox 230 2582 320 2610; x_wconf 75' lang='grc' dir='ltr'>ἄλλων</span> <span class='ocrx_word' id='word_1_719' title='bbox 336 2581 473 2617; x_wconf 81' lang='grc' dir='ltr'>μεγίστων</span> <span class='ocrx_word' id='word_1_720' title='bbox 487 2579 652 2617; x_wconf 82' lang='grc' dir='ltr'>παροικιῶν.</span> 
     </span>
    </p>
   </div>
   <div class='ocr_carea' id='block_1_108' title="bbox 263 2634 1766 2696">
    <p class='ocr_par' dir='ltr' id='par_1_108' title="bbox 263 2634 1766 2696">
     <span class='ocr_line' id='line_1_108' title="bbox 263 2634 1766 2696; baseline -0.004 -8"><span class='ocrx_word' id='word_1_721' title='bbox 263 2660 302 2696; x_wconf 84' lang='grc'><strong>(1)</strong></span> <span class='ocrx_word' id='word_1_722' title='bbox 315 2660 351 2688; x_wconf 78' lang='grc' dir='ltr'><em>Μ.</em></span> <span class='ocrx_word' id='word_1_723' title='bbox 363 2634 454 2689; x_wconf 65' lang='lat' dir='ltr'><strong>Elius</strong></span> <span class='ocrx_word' id='word_1_724' title='bbox 465 2658 826 2696; x_wconf 69' lang='lat' dir='ltr'><strong>Antoninusl‘hilosoplms,</strong></span> <span class='ocrx_word' id='word_1_725' title='bbox 841 2661 872 2696; x_wconf 80' lang='lat' dir='ltr'><strong>et</strong></span> <span class='ocrx_word' id='word_1_726' title='bbox 886 2656 1015 2696; x_wconf 65' lang='lat' dir='ltr'><strong>l.._:£lius</strong></span> <span class='ocrx_word' id='word_1_727' title='bbox 1062 2655 1144 2696; x_wconf 65' lang='lat' dir='ltr'><strong>annis</strong></span> <span class='ocrx_word' id='word_1_728' title='bbox 1158 2657 1263 2696; x_wconf 39' lang='lat' dir='ltr'><strong>lyncum</strong></span> <span class='ocrx_word' id='word_1_729' title='bbox 1278 2654 1432 2696; x_wconf 69' lang='lat' dir='ltr'><strong>Qom_modo</strong></span> <span class='ocrx_word' id='word_1_730' title='bbox 1453 2653 1511 2695; x_wconf 72' lang='lat' dir='ltr'><strong>lilio</strong></span> <span class='ocrx_word' id='word_1_731' title='bbox 1529 2653 1626 2696; x_wconf 80' lang='lat' dir='ltr'><strong>itidem</strong></span> <span class='ocrx_word' id='word_1_732' title='bbox 1640 2655 1723 2683; x_wconf 84' lang='lat' dir='ltr'><strong>annis</strong></span> <span class='ocrx_word' id='word_1_733' title='bbox 1740 2654 1766 2682; x_wconf 70' lang='grc' dir='ltr'>δ.</span> 
     </span>
    </p>
   </div>
   <div class='ocr_carea' id='block_1_109' title="bbox 229 2693 1014 2728">
    <p class='ocr_par' dir='ltr' id='par_1_109' title="bbox 229 2693 1014 2728">
     <span class='ocr_line' id='line_1_109' title="bbox 229 2693 1014 2728; baseline -0.008 -3"><span class='ocrx_word' id='word_1_734' title='bbox 229 2693 397 2725; x_wconf 74' lang='lat' dir='ltr'><strong>Commodus</strong></span> <span class='ocrx_word' id='word_1_735' title='bbox 417 2697 513 2726; x_wconf 85' lang='lat' dir='ltr'><strong>Verus.</strong></span> <span class='ocrx_word' id='word_1_736' title='bbox 532 2695 591 2722; x_wconf 90' lang='lat' dir='ltr'><strong>Divi</strong></span> <span class='ocrx_word' id='word_1_737' title='bbox 617 2694 727 2725; x_wconf 81' lang='lat' dir='ltr'><strong>fratres,</strong></span> <span class='ocrx_word' id='word_1_738' title='bbox 749 2701 829 2727; x_wconf 70' lang='lat' dir='ltr'><strong>aequo</strong></span> <span class='ocrx_word' id='word_1_739' title='bbox 843 2693 904 2728; x_wconf 86' lang='lat' dir='ltr'><strong>jure</strong></span> <span class='ocrx_word' id='word_1_740' title='bbox 925 2693 1014 2728; x_wconf 69' lang='lat' dir='ltr'><strong>impeo</strong></span> 
     </span>
    </p>
   </div>
   <div class='ocr_carea' id='block_1_110' title="bbox 231 2727 1015 2761">
    <p class='ocr_par' dir='ltr' id='par_1_110' title="bbox 231 2727 1015 2761">
     <span class='ocr_line' id='line_1_110' title="bbox 231 2727 1015 2761; baseline -0.006 -1"><span class='ocrx_word' id='word_1_741' title='bbox 231 2731 301 2760; x_wconf 89' lang='lat' dir='ltr'><strong>rium</strong></span> <span class='ocrx_word' id='word_1_742' title='bbox 318 2732 546 2761; x_wconf 84' lang='lat' dir='ltr'><strong>administrarunt</strong></span> <span class='ocrx_word' id='word_1_743' title='bbox 564 2729 645 2758; x_wconf 84' lang='lat' dir='ltr'><strong>annis</strong></span> <span class='ocrx_word' id='word_1_744' title='bbox 657 2728 700 2758; x_wconf 81' lang='grc' dir='ltr'><strong>Η.</strong></span> <span class='ocrx_word' id='word_1_745' title='bbox 717 2729 753 2757; x_wconf 79' lang='grc' dir='ltr'><strong>Μ,</strong></span> <span class='ocrx_word' id='word_1_746' title='bbox 766 2727 923 2757; x_wconf 78' lang='lat' dir='ltr'><strong>Antoninus</strong></span> <span class='ocrx_word' id='word_1_747' title='bbox 938 2727 1015 2756; x_wconf 85' lang='lat' dir='ltr'><strong>solus</strong></span> 
     </span>
    </p>
   </div>
   <div class='ocr_carea' id='block_1_111' title="bbox 1100 2690 1569 2724">
    <p class='ocr_par' dir='ltr' id='par_1_111' title="bbox 1100 2690 1569 2724">
     <span class='ocr_line' id='line_1_111' title="bbox 1100 2690 1569 2724; baseline -0.002 -6"><span class='ocrx_word' id='word_1_748' title='bbox 1100 2691 1139 2724; x_wconf 77' lang='lat'><strong>(‘2)</strong></span> <span class='ocrx_word' id='word_1_749' title='bbox 1159 2691 1213 2718; x_wconf 87' lang='lat' dir='ltr'><strong>Alii</strong></span> <span class='ocrx_word' id='word_1_750' title='bbox 1231 2690 1394 2718; x_wconf 82' lang='lat' dir='ltr'><strong>Zachariam</strong></span> <span class='ocrx_word' id='word_1_751' title='bbox 1411 2690 1569 2718; x_wconf 87' lang='lat' dir='ltr'><strong>nominant.</strong></span> 
     </span>
    </p>
   </div>
   <div class='ocr_carea' id='block_1_112' title="bbox 1099 2725 1409 2763">
    <p class='ocr_par' dir='ltr' id='par_1_112' title="bbox 1099 2725 1409 2763">
     <span class='ocr_line' id='line_1_112' title="bbox 1099 2725 1409 2763; baseline -0.006 -9"><span class='ocrx_word' id='word_1_752' title='bbox 1099 2726 1138 2763; x_wconf 79' lang='grc'><strong>(5)</strong></span> <span class='ocrx_word' id='word_1_753' title='bbox 1150 2727 1202 2755; x_wconf 83' lang='lat' dir='ltr'><strong>Alii</strong></span> <span class='ocrx_word' id='word_1_754' title='bbox 1218 2725 1281 2753; x_wconf 79' lang='lat' dir='ltr'><strong>Levi</strong></span> <span class='ocrx_word' id='word_1_755' title='bbox 1297 2729 1409 2753; x_wconf 85' lang='lat' dir='ltr'><strong>vocant.</strong></span> 
     </span>
    </p>
   </div>
  </div>
