1885 3059
152 109 205 139 955

758 111 972 143 NlCEPHORl
994 113 1172 144 CALLISTI

1728 111 1782 144 956

150 164 292 191 enimvero
319 164 427 192 occulta
453 170 482 193 et
509 173 609 194 arcana
633 166 826 201 exploratione
855 172 958 203 atque,

1021 169 1164 206 ιπορῤήτῳ
1179 169 1209 196 δὲ
1235 176 1267 205 τῃ
1282 168 1430 204 δοκιμασίᾳ
1448 169 1553 204 γυμνὸς
1569 169 1650 201 εὐθὺς
1666 171 1782 205 γενόμε-

152 207 316 236 excussione
330 209 413 237 rebus
433 209 562 238 omnibus
575 211 666 238 statim
680 215 721 239 est
733 212 862 241 nudatus.
872 213 939 241 Nam

152 254 254 289 opibus
280 254 490 291 honoribusque
516 257 646 285 omnibus
673 259 823 293 projectis,
854 267 941 288 uxore

151 300 237 327 etiam
259 305 286 328 et
308 301 404 329 liberis
427 302 510 337 longo
524 307 650 338 tempore
669 305 771 333 caruit.
791 307 883 340 Atque
903 307 942 335 ita

152 347 285 375 aarumnis
300 347 433 381 ferendis,
450 349 535 376 veluti
554 349 624 378 alter
649 351 762 385 quidam
773 351 825 380 Job
841 354 941 386 factus,

153 397 259 427 postea,
275 393 506 427 quemadmodum
521 399 550 422 et
571 395 628 428 ille,
650 397 806 427 Servatoris
823 398 943 433 disposi-

154 440 241 473 tione,
254 447 308 468 una
323 448 385 469 cum
400 449 487 469 uxore
499 446 527 470 et
544 443 607 470 ﬁliis
617 443 722 479 Agapio
737 449 766 472 et
777 444 943 481 Theopisto,

153 486 188 513 ad
205 486 349 521 pristinam
367 488 512 516 restitutus
527 493 570 517 est
584 489 746 518 felicitatem
770 495 799 519 et
814 491 942 527 gloriam.

154 531 247 560 Ilultis
260 532 360 561 deinde
373 533 497 562 victoriis
508 535 542 563 ab
559 535 687 564 hostibus
706 537 865 572 reportatis,
882 538 945 573 qui-

154 576 207 604 bus
232 584 330 613 magno
354 579 454 607 terrori
479 583 558 612 erat,
582 588 644 608 cum
663 581 757 610 Roma
780 588 854 611 esset
872 583 945 619 apud

153 622 320 657 Adrianum,
336 624 383 659 qui
406 624 442 652 de
465 625 548 654 rebus
572 627 667 654 multis
680 635 744 655 eum
769 633 812 656 est
828 636 946 664 percun-

154 672 259 702 ctatus,
281 669 357 704 quod
381 669 554 700 damonibus
574 674 730 701 sacrificare
748 680 900 707 recusaret,
917 676 946 703 in

156 720 259 741 aereum
276 719 386 742 taurum
413 716 475 750 igne
490 718 654 746 candentem
679 727 732 747 una
752 728 815 748 cum
830 722 947 758 conjuge

156 762 185 785 et
205 758 302 787 liberis
320 761 474 796 conjectus,
491 762 575 790 vitam
590 763 627 790 ibi
643 769 732 792 morte
752 767 944 802 commutavit,

157 811 221 831 cum
236 805 348 840 quidem
365 807 419 834 illis
434 808 475 835 sic
494 810 626 845 martyrio
645 810 795 846 defunctis,
811 821 846 841 ne
860 814 945 849 pilum

157 849 272 884 quidem
284 850 356 886 ignis
369 854 584 888 consumpserit,
599 862 651 883 nec
662 856 861 885 detrimentum
874 859 948 887 aliud

157 896 296 924 attulerit.
315 897 352 925 Ea
368 898 428 933 ipsa
451 904 534 928 aetate
555 903 695 936 praestanti
718 904 820 932 virtute
840 905 949 940 juvenis

161 941 341 971 Eleutherius
357 944 384 972 in
402 945 510 982 Illyrico
527 953 598 976 erat.
618 948 711 977 Romae
728 950 752 978 is
774 958 886 986 quoque
901 959 949 979 or-

159 993 215 1023 tus,
240 994 328 1019 matre
343 992 457 1026 Anthia,
482 1001 564 1028 quam
591 1003 705 1031 magnus
726 997 771 1024 ille
793 998 894 1026 Paulus
915 999 949 1026 ad

159 1035 360 1070 professionem
379 1038 564 1068 Christianam
590 1042 752 1076 perduxisse
779 1043 877 1071 fertur.
903 1044 949 1072 llla

159 1089 227 1110 vero
241 1083 328 1111 lilium
346 1092 459 1120 quoque
475 1086 620 1121 religionis
635 1089 694 1124 ejus
713 1089 851 1118 haeredem
873 1090 949 1126 fecit,

159 1133 189 1156 et
201 1128 318 1157 Aniceto
333 1130 458 1158 Romano
471 1132 603 1168 episcopo
616 1135 728 1162 tradidit
744 1144 752 1163 :
767 1136 849 1173 264
863 1145 879 1164 a
893 1145 950 1173 quo

160 1183 255 1204 sacras
265 1176 385 1206 Litteras
400 1178 527 1213 edoctus,
543 1187 622 1208 sacro
637 1181 702 1209 cleri
718 1190 834 1210 numero
849 1183 950 1212 inseri-

161 1227 218 1255 tur,
235 1227 265 1250 et
278 1223 377 1258 quinto
393 1225 500 1253 decimo
517 1227 607 1254 aetatis
622 1235 695 1256 anno
712 1229 819 1257 diaconi
834 1231 949 1266 gradum

160 1270 345 1304 consequitur
362 1279 370 1298 :
389 1279 453 1298 mox
476 1273 597 1301 triennio
620 1278 682 1308 post
716 1270 860 1311 presbyter
875 1284 952 1304 crea-

162 1319 207 1342 tur
221 1324 228 1343 :
247 1319 276 1343 et
289 1316 389 1345 deinde
404 1317 500 1353 viginti
521 1323 602 1347 natus
615 1327 703 1347 annos
721 1321 820 1356 Illyrici
845 1323 953 1357 episco-

163 1369 215 1396 pus
245 1362 396 1398 deligitur,
430 1364 486 1391 vita
516 1365 608 1400 priore
639 1367 725 1402 signis
753 1367 952 1403 miraculisque

165 1408 326 1445 ingentibus
345 1410 462 1439 edendis
483 1415 631 1440 transacta.
648 1413 700 1441 Ubi
723 1422 790 1442 vero
806 1416 952 1451 quamplu-

164 1455 242 1484 rimis
255 1457 287 1484 ad
305 1458 448 1485 Christum
466 1460 617 1494 perductis,
634 1460 669 1488 ab
692 1460 815 1489 Adriano
836 1463 953 1490 accersi-

991 223 1048 248 νος,
1063 216 1112 241 καὶ
1136 215 1172 242 τὰ
1196 215 1316 251 περιττὰ
1341 215 1390 242 τοῦ
1419 215 1535 242 πλούτου
1559 216 1608 242 καὶ
1632 215 1683 250 τῆς
1701 215 1782 251 δόξης

992 261 1158 294 ἀποϐαλὼν,
1176 261 1224 288 καὶ
1243 260 1376 295 γυναικὸς
1391 261 1439 288 καὶ
1453 261 1559 288 ¹ιιαίδιίιν
1577 260 1721 296 ἀλλότριος
1734 269 1783 295 γε-

992 306 1081 340 γονὼς
1108 307 1198 343 χρόνῳ
1225 306 1334 342 συχνῷ,
1353 306 1503 333 κάντεῦθεν
1526 307 1575 333 καὶ
1596 306 1725 342 δεύτιρός
1740 315 1783 337 τις

999 351 1059 378 Ἰὼϐ
1087 353 1144 384 τοῖς
1170 352 1278 379 ἐκεῖθεν
1305 351 1424 379 πάθεσιν
1448 352 1589 386 ἐκφανεὶς,
1621 352 1650 383 ἐς
1668 352 1785 387 ὓστερον

993 397 1055 424 κατ’
1075 398 1178 425 ἐκεῖνον
1199 398 1249 425 καὶ
1268 397 1347 430 οὗτος
1373 399 1435 430 ταῖς
1461 397 1509 425 τοῦ
1530 398 1658 434 Σωτῆρος
1673 407 1787 434 προμη-

994 443 1093 477 θείαις,
1110 443 1220 480 σύναμα
1235 445 1349 478 γυναικὶ
1376 445 1426 471 καὶ
1443 443 1569 480 τεκνοις,
1590 445 1716 480 ’Δγαπίῳ
1738 445 1787 472 καὶ

993 489 1145 525 Θεοπίστῳ,
1162 490 1202 522 είς
1225 490 1279 525 τὴν
1302 489 1443 526 προτέραν
1473 490 1654 523 εὺδαιμονίαν
1672 490 1721 517 καὶ
1740 489 1789 517 εὖ·

994 536 1091 563 κλειαν
1106 536 1272 571 ἐπανῆλθεν.
1288 536 1416 571 Τρόπαια
1446 535 1474 562 δὲ
1500 536 1588 563 πολλὰ
1608 535 1789 570 συστησάμε-

995 589 1052 614 νος,
1067 581 1114 608 καὶ
1130 581 1247 617 φοϐερός
1260 590 1302 614 τις
1314 582 1385 616 ἄγαν
1395 582 1556 617 ἀναφανεὶς,
1568 582 1631 609 επεὶ
1644 583 1675 609 ἐν
1691 581 1790 618 Ῥώμῃ

995 628 1146 662 γενόμενος
1164 627 1299 663 Ἁδριανῷ
1313 629 1475 663 συγγίνεται
1489 629 1605 655 πλεῖστα
1620 628 1653 663 δὴ
1669 628 1792 664 ἐκζητή-

997 684 1090 707 σαντι,
1109 676 1157 702 καὶ
1185 675 1283 708 θυσίας
1309 678 1368 708 τοῖς
1383 676 1520 710 ,δαίμοσιν
1535 676 1698 710 ἀνενεγκεῖν
1713 676 1790 711 ἁπη-

997 719 1076 753 ξίου,
1104 719 1200 754 ταύρῳ
1222 719 1317 755 χαλκῷ
1343 720 1593 755 πεπυρακτωμένῳ
1621 719 1791 754 ἐμϐάλλεται

998 767 1108 801 σύναμα
1121 768 1235 801 γυναικὶ
1251 767 1300 794 καὶ
1314 766 1433 799 τέκνοις·
1452 767 1501 794 καὶ
1525 769 1555 794 ὲν
1569 766 1645 802 αὑτῷ
1664 766 1695 793 τὸ
1710 766 1791 798 τέλος

998 813 1137 848 ἠνέγκατο
1149 813 1181 839 οὐ
1205 812 1299 848 μέντοι
1314 812 1380 847 ἄχρι
1403 813 1436 847 δὴ
1461 813 1511 840 καὶ
1528 813 1620 848 τριχὸς
1635 812 1682 840 τοῦ
1701 812 1793 848 πυρὸς

998 857 1193 893 λυμηναμένου
1216 857 1321 888 αὐτοῖς.
1339 856 1386 892 Τῷ
1403 856 1425 883 δ’
1441 857 1516 891 αὐτῷ
1532 857 1623 892 χρόνῳ
1645 857 1693 883 καὶ
1708 858 1722 883 ὁ
1739 864 1794 882 πο-

998 903 1048 935 λὺς
1058 903 1109 939 τὴν
1123 903 1226 938 ἀρετὴν
1243 903 1315 930 κατὰ
1329 903 1360 929 τὸ
1377 903 1526 938 Ἰλλυρικδν
1537 903 1673 939 διέτριϐεν
1694 903 1793 929 Ἔλευ-

1000 947 1102 982 θέριος,
1117 949 1149 974 ἐκ
1168 947 1280 983 Ῥώμης
1306 948 1357 983 μὲν
1373 948 1423 975 καὶ
1439 948 1518 979 οὗτος
1541 948 1717 984 ὁρμώμενος,
1736 956 1794 984 μη-

999 993 1046 1028 τρὶ
1061 994 1091 1020 δὲ
1113 994 1208 1030 ’Δνθίᾳ
1227 995 1414 1030 χρησάμενος·
1430 992 1447 1031 ᾖ
1461 994 1566 1026 Παῦλος
1579 996 1592 1021 ὁ
1613 995 1703 1029 μέγας
1717 994 1793 1029 ὡμι-

999 1040 1103 1076 ληκὼς.
1121 1041 1171 1076 τῆς
1192 1041 1233 1072 τίς
1253 1041 1373 1076 Χριστὸν
1393 1041 1512 1072 πίστεως
1534 1040 1629 1075 tame;
1654 1040 1795 1076 χρηματί-

1001 1087 1055 1120 ζει.
1076 1087 1109 1113 Ἦ
1130 1087 1159 1113 δὲ
1183 1087 1229 1113 τὸν
1254 1087 1336 1114 παῖδα
1355 1087 1466 1122 καὶτῆς
1481 1087 1600 1119 πίστεως
1621 1087 1795 1122 κληρονόμον

1001 1132 1098 1165 ὲτίθει,
1126 1133 1174 1159 καὶ
1202 1132 1338 1168 Ἀνικήτῳ
1367 1132 1406 1167 τῷ
1431 1132 1542 1167 Ῥώμης
1566 1132 1712 1167 ὲπισκὸπῳ
1727 1132 1795 1159 αὐτὸ

1003 1179 1159 1214 ἀνατίθησι·
1171 1180 1239 1214 παρ’
1255 1179 1286 1206 οὗ
1306 1181 1341 1206 τὰ
1366 1179 1428 1215 ἱερὰ
1444 1180 1599 1214 γράμματα.
1619 1179 1793 1211 παιδευθεὶς,

1001 1225 1042 1260 τῷ
1055 1226 1202 1261 καταλόγῳ
1215 1225 1263 1252 τοῦ
1281 1226 1383 1261 κλήρου
1405 1225 1565 1261 ἐναρίθμιος
1582 1225 1701 1260 γίνεται.
1722 1226 1796 1261 Πέμ-

1004 1281 1064 1308 πτῳ
1077 1272 1105 1299 δὲ
1121 1272 1169 1299 καὶ
1187 1272 1295 1307 δεκάτῳ
1315 1275 1367 1308 τῆς
1384 1272 1468 1299 αὑτοῦ
1483 1272 1593 1306 ἡλικίας
1609 1271 1666 1298 ἔτει
1681 1271 1729 1299 τὸν
1747 1273 1794 1298 τοῦ

1002 1318 1128 1346 διακόνου
1146 1319 1253 1354 βαθμὸν
1270 1320 1403 1345 εἴσεισιν·
1419 1319 1493 1346 ὀκτὼ
1512 1319 1541 1346 δὲ
1563 1320 1634 1355 πρὸς
1652 1321 1710 1351 τοῖ;
1728 1320 1794 1346 δέκα

1003 1366 1161 1401 γινόμενος,
1180 1366 1218 1401 τῷ
1241 1366 1452 1402 πρεσϐυτερείῳ
1481 1367 1722 1401 ὲγκαταλέγεται·
1748 1367 1796 1393 καὶ

1003 1411 1043 1446 τῷ
1060 1411 1178 1447 εἰκοστῷ
1199 1411 1255 1437 ἔτει
1272 1411 1321 1437 τοῦ
1346 1412 1498 1447 Ἰλλυρικοῦ
1515 1412 1668 1444 ἐπίσκοπος
1682 1420 1795 1447 προχει-

1005 1457 1123 1493 ρίζεται,
1142 1459 1269 1493 σημείοις
1285 1458 1396 1489 πολλοῖς
1411 1458 1459 1484 καὶ
1477 1458 1572 1493 τέρασι
1593 1458 1640 1484 τὸν
1658 1457 1719 1493 βίον
1731 1458 1797 1494 πρό·

163 1508 217 1537 tus,
233 1503 314 1531 [idem
326 1504 430 1532 Christi
444 1507 669 1534 constantissime
682 1507 817 1540 defendit,
832 1509 952 1543 primum

1021 1512 1090 1540 τερον
1106 1505 1336 1540 κατακοσμήσας.
1364 1505 1443 1532 Ἐπεὶ
1456 1505 1483 1531 δὲ
1500 1505 1617 1536 πολλοὺς
1635 1505 1795 1540 ἐπισπώμε-

163 1547 309 1575 inlectum
332 1549 454 1577 ferreum
474 1550 590 1586 ignitum
617 1552 774 1586 reponitur,
800 1553 901 1581 deinde
924 1554 950 1581 in

163 1594 285 1621 ahenum
301 1595 363 1623 oleo
377 1600 406 1623 et
419 1597 515 1624 arvina
532 1597 650 1625 ferventi
668 1599 779 1633 plenum
794 1600 952 1634 conjicitur.

165 1646 248 1676 atque
270 1649 333 1668 mox
356 1642 383 1669 in
402 1642 463 1670 foco
487 1643 549 1678 igne
562 1644 689 1672 conferto
704 1645 866 1674 collocatur.
884 1646 953 1674 Cum

166 1692 260 1716 autem
286 1688 330 1716 his
355 1690 499 1717 tormentis
516 1691 648 1719 omnibus
672 1692 801 1726 superior
819 1697 903 1726 esset,
926 1693 954 1721 in

164 1734 308 1762 fornacem
328 1735 390 1769 igne
414 1735 447 1762 ad
471 1743 609 1764 summum
632 1737 802 1771 calcfactam,
827 1740 874 1774 qui
899 1740 955 1774 pri<

167 1788 244 1808 mum
261 1781 428 1809 Ceraborem
443 1782 571 1817 Opiﬁcem
590 1784 662 1818 ejus,
677 1784 751 1819 quod
764 1783 866 1814 Christi
882 1793 957 1813 com-

165 1827 265 1862 plexus
284 1832 359 1856 esset
377 1828 471 1862 fidem,
490 1835 650 1864 exceperat,
670 1832 852 1866 protruditur.
870 1833 956 1860 Porro

166 1874 346 1903 Eleutherius
362 1883 395 1903 ex
410 1877 537 1904 custodia
561 1877 693 1914 deinceps
708 1883 859 1912 extractus,
877 1880 957 1908 indo-

166 1921 298 1957 mitisque
314 1922 394 1958 equis
408 1923 544 1958 alligatus,
562 1924 616 1952 huc
630 1930 713 1960 atque
732 1925 797 1953 illuc
814 1926 955 1954 trahitur:

164 1975 196 1996 et
208 1969 235 1996 vi
250 1969 344 1998 divina
364 1971 483 1998 vinculis
503 1971 564 2007 ejus
586 1972 694 2006 solutis,
717 1978 840 2000 montem
860 1981 958 2008 quem-

165 2017 231 2044 dam
262 2017 435 2050 conscendit,
465 2023 547 2054 atque
568 2019 606 2046 ibi
629 2019 790 2054 aliquandiu
817 2024 956 2054 versatur,

166 2071 231 2091 cum
255 2063 322 2091 feris
337 2071 406 2098 quas
429 2064 539 2092 cicures
559 2065 693 2092 reddebat
711 2065 850 2093 habitans.
867 2066 957 2100 Atque

167 2118 232 2138 cum
248 2111 296 2137 Dei
312 2115 449 2145 praecepta
468 2111 679 2146 promulgasset,
697 2116 725 2139 et
741 2112 908 2147 quingentos
922 2111 956 2139 ad

169 2156 294 2183 divinum
312 2156 488 2190 perduxisset
505 2157 655 2190 lavacrum,
670 2165 781 2185 rursum
799 2158 824 2185 in
841 2166 957 2193 conspe-

169 2208 246 2230 ctum
263 2202 441 2237 imperatoris
459 2208 622 2237 pertractus.
641 2204 739 2231 bestiis
755 2205 887 2237 obiicitur
904 2213 912 2231 :
930 2210 958 2232 ct
975 2197 996 2225 ι)

169 2257 232 2277 cum
248 2249 283 2277 ab
298 2249 333 2276 iis
348 2257 459 2283 quoque
475 2249 568 2277 salvus
588 2255 814 2280 conservaretur.
832 2257 864 2277 ex
883 2250 958 2277 mili-

172 2296 247 2323 tibus
260 2295 316 2322 duo
329 2295 461 2330 impetutn
475 2295 503 2322 in
515 2303 578 2323 eum
594 2295 710 2327 faciunt,
725 2300 806 2330 atque
820 2295 958 2324 occidunt.

172 2342 260 2370 Mater
275 2341 359 2369 etiam
373 2341 429 2369 ﬁlio
444 2342 529 2369 vitam
547 2341 652 2368 finienti
670 2341 848 2374 circumfusa,
863 2342 958 2370 itidem

171 2393 202 2416 ut
214 2388 270 2422 ille,
289 2387 414 2424 martyrii
430 2395 560 2416 coronam
574 2388 694 2423 excepit.

457 2500 570 2529 CAPUT
592 2500 676 2528 XXX.

172 2558 302 2592 Quadam
310 2558 342 2586 de
350 2557 500 2594 Polycarpo
513 2559 655 2620 apostzlico
667 2567 816 2587 successore
826 2560 960 2588 memoriae

471 2603 586 2620 commen
608 2600 664 2620 σία.

471 2600 664 2623 commendata.

208 2662 309 2692 Adhuc
336 2661 470 2690 Anicetus
493 2662 586 2690 Romae
607 2662 751 2691 ecclesiam
776 2662 958 2701 gubernabat,

172 2717 237 2738 eum
252 2708 431 2745 Polycarpus,
453 2708 556 2737 Irenteo
578 2709 726 2740 referente,
740 2714 853 2744 propter
863 2717 960 2744 quam-

174 2756 237 2785 dam
252 2763 313 2792 qua:
336 2755 371 2784 de
388 2755 518 2784 Paschate
544 2755 680 2784 inciderat
699 2756 891 2791 quaestionem,
907 2755 960 2783 Bo-

175 2812 247 2831 nnam
264 2802 348 2837 venit,
365 2807 447 2838 atque
469 2803 504 2830 ibi
520 2810 583 2830 cum
601 2803 718 2831 Aniccto
735 2802 906 2830 familiariter
919 2806 961 2830 est

176 2851 340 2879 collocutus.
357 2849 410 2879 Sed
425 2856 453 2880 ct
467 2851 519 2879 alia
535 2850 654 2878 [renatus
670 2850 702 2878 de
721 2850 870 2886 Polycurpo
885 2857 959 2877 com-

1006 1559 1051 1583 νος
1072 1552 1112 1583 είς
1140 1552 1270 1586 Χριστὸν,
1299 1551 1369 1586 πρὸς
1391 1551 1532 1587 ’Δδριανοῦ
1555 1551 1728 1586 μετὰκλητος
1752 1560 1797 1585 γε-

1006 1596 1104 1631 γονὼς,
1120 1597 1169 1633 τὴν
1188 1598 1261 1624 κατὰ
1284 1598 1404 1633 Χριστὸν
1425 1600 1518 1625 πίστιν
1541 1599 1662 1633 μάλιστα
1677 1598 1796 1634 βεϐαιῶν

1006 1640 1052 1678 ἦν,
1071 1643 1169 1678 πρῶτα
1189 1643 1241 1677 μὲν
1268 1642 1350 1678 κλίνῃ
1380 1643 1493 1678 σιδήρου
1522 1643 1592 1678 πυρὶ
1615 1642 1665 1677 τὴν
1689 1642 1797 1678 μορφὴν

1006 1689 1088 1724 ὁμοίᾳ
1108 1689 1333 1716 ἑπανακλίνεται·
1353 1689 1422 1724 μετὰ
1439 1690 1467 1715 δὲ
1480 1689 1561 1716 τοῦτο
1582 1690 1697 1724 τηγάνῳ
1707 1689 1797 1715 ἐλαίου

1008 1736 1110 1771 πλήρει
1136 1736 1185 1763 καὶ
1219 1736 1331 1767 στέατος
1359 1736 1576 1771 ὲκπυρωϐἐντων
1608 1735 1797 1770 ὲμϐἀλλεται²

1007 1783 1112 1818 ἐσχάρᾳ
1132 1791 1162 1809 τε
1186 1783 1273 1818 πυρὸς
1295 1782 1395 1818 ἐπίσης
1422 1782 1524 1818 ἐχούσῃ
1542 1782 1688 1816 dulei-tat.
1713 1782 1757 1814 Ὠς
1770 1782 1798 1808 δὲ

1008 1830 1056 1855 καὶ
1081 1828 1185 1855 τούτων
1215 1829 1367 1864 ὑπέρτερος
1393 1827 1439 1864 ἦν,
1464 1829 1585 1863 κλιϐάνῳ
1611 1829 1718 1863 σφόδρα
1742 1829 1800 1855 δια-

1009 1876 1106 1903 χαέντι
1119 1875 1267 1907 ἐκδίδοται,
1283 1876 1392 1910 πρῶτον
1407 1876 1555 1910 Κεράϐορσ.
1567 1876 1612 1901 τὸν
1627 1875 1800 1902 κατασκευά-

1010 1932 1095 1950 σαντα
1125 1923 1338 1958 ὑποδεξαμένῳ,
1365 1923 1413 1958 τὴν
1441 1923 1481 1954 εἰς
1507 1923 1626 1959 Χριστὸν
1652 1930 1799 1949 κατασπα-

1009 1970 1126 2004 σάμενον
1155 1970 1259 1996 πίστιν.
1291 1969 1464 2004 Ἐλευθέριος
1495 1969 1542 2000 δὲ,
1574 1968 1646 2003 μετὰ
1674 1969 1798 2004 φρουρὰν

1009 2016 1109 2047 πώλοις
1137 2016 1244 2051 ἀγρίοις
1271 2015 1359 2047 δεθεὶς
1374 2035 1381 2046 ,
1410 2016 1521 2042 ἕλκεται
1540 2023 1547 2029 ·
1572 2015 1634 2049 θείᾳ
1658 2015 1687 2040 δὲ
1718 2013 1798 2049 ῥώμῃ

1008 2063 1099 2094 λυθεὶς
1117 2063 1171 2089 τῶν
1207 2063 1329 2098 δεσμῶν,
1361 2063 1420 2098 ὄρει
1452 2061 1686 2097 προσεπιϐαίνειο
1718 2060 1800 2094 θηρσὶ

1009 2110 1155 2142 διαιτᾶται,
1172 2110 1189 2137 ἃ
1209 2110 1256 2136 καὶ
1271 2110 1365 2144 ἣμερα
1388 2108 1506 2135 ἐδείκνυ.
1534 2108 1574 2134 Tit
1602 2107 1630 2134 δὲ
1664 2106 1712 2133 τιιῦ
1730 2106 1799 2133 Θεοῦ

1009 2157 1115 2189 διεξιὼν
1141 2156 1238 2190 λόγια,
1268 2155 1334 2181 ὡσεὶ
1356 2154 1557 2185 πεντακοσίους
1586 2153 1625 2188 τῷ
1652 2153 1720 2188 θείῳ
1748 2153 1797 2178 ὑπ-

1012 2205 1074 2237 άγει
1101 2202 1220 2238 λουτρῷ.
1248 2202 1293 2236 Τῷ
1309 2201 1416 2236 βασιλεῖ
1442 2200 1471 2227 δὲ
1495 2201 1544 2227 καὶ
1566 2199 1652 2230 αὖθις
1672 2201 1712 2231 εἰς
1738 2199 1799 2233 δῴιν

1011 2248 1107 2281 ἐλθὼν,
1140 2247 1246 2282 Θηρίοις
1272 2247 1341 2282 βορὰ
1364 2246 1560 2281 παρατίθεται.
1597 2245 1644 2275 Ὦς
1669 2245 1698 2270 δὲ
1729 2246 1797 2275 σῶος

1010 2295 1172 2328 διετηρεῖτο,
1189 2293 1236 2319 δύο
1255 2292 1477 2319 ἐπεισπεσόντων
1506 2291 1687 2326 στρατιωτῶν
1722 2291 1797 2317 ἀναι-

1011 2343 1112 2376 ρεῖται.
1128 2340 1178 2367 Καὶ
1191 2341 1208 2375 ἠ
1228 2341 1320 2375 μήτηρ
1335 2339 1373 2374 τῷ
1389 2339 1465 2365 παιδὶ
1482 2339 1668 2373 τελειουμένῳ
1687 2347 1799 2373 περιχυ-

1011 2387 1100 2417 θεῖσα,
1125 2386 1224 2421 ἐπίσης
1243 2386 1341 2421 δοιείνῳ
1354 2384 1400 2411 τὸν
1413 2383 1461 2410 τοῦ
1478 2384 1632 2419 μαρτυρίου
1651 2384 1798 2419 ἀνεδήςατο

1012 2432 1158 2466 στέφανον.

1309 2500 1438 2528 ΚΕΦΑΔ.
1458 2501 1498 2528 A’.

1015 2560 1053 2588 Τὰ
1070 2559 1137 2594 περὶ
1151 2558 1352 2593 Πολυκάρπου
1366 2558 1419 2585 τοῦ
1437 2557 1644 2585 ἀποστολικοῦ
1658 2539 1796 2591 διαδόχου

1269 2594 1534 2629 μνημονευόμενα.

1053 2662 1116 2689 Ἐπὶ
1133 2661 1157 2688 δ’
1177 2660 1322 2695 ’Δνιχήτου
1348 2659 1384 2685 τὰ
1408 2658 1458 2694 τῆς
1487 2658 1599 2693 Ῥώμης
1625 2657 1796 2694 ἡνιοχοῦντος

1012 2709 1134 2745 πηδάλια
1151 2707 1332 2741 Πολύκαρπον
1357 2706 1505 2741 Εἰρηναῖος
1526 2706 1676 2740 ἱστόρησεν
1692 2705 1757 2732 περί
1771 2712 1793 2729 τι

1013 2755 1122 2790 συμϐὰν
1149 2754 1197 2781 τοῦ
1216 2754 1312 2789 Πάσχα
1329 2752 1461 2788 τηνικάδε
1483 2753 1597 2787 ζήτημα
1623 2751 1664 2783 εις
1689 2749 1795 2784 Ῥώμην

1012 2812 1043 2829 τε
1061 2802 1224 2837 ἀφικέσθαι,
1239 2802 1287 2828 καὶ
1303 2800 1343 2836 τῷ
1364 2801 1500 2835 Ἀνικήτνρ
1515 2801 1554 2831 είς
1570 2798 1682 2834 ὁμιλίαν
1699 2797 1785 2824 ἐλθεῖν

1015 2850 1069 2877 Καὶ
1083 2847 1152 2876 ἄλλα
1175 2847 1203 2874 δὲ
1222 2849 1236 2874 ό
1252 2847 1398 2882 Είρηναίος
1415 2846 1480 2881 περὶ
1507 2845 1689 2879 Ιιολυκὰρπου
1704 2842 1796 2876 διέξει-
