1885 3059
119 119 168 150 957

580 121 883 152 ECCLESIASTICA!
906 121 1102 153 HISTORIA!
1122 123 1194 154 LIB.
1217 124 1272 154 I'i'l.

1695 125 1749 155 958

119 184 171 202 σιν·
198 176 217 202 δ.
241 175 425 210 καταλέγειν,
449 177 498 204 καὶ
519 178 552 212 τῇ
573 179 699 214 παρούσῃ
727 178 906 214 πραγματείᾳ.

983 185 1112 212 ιοιηοι-ιιι,
1132 188 1194 215 qua:
1220 181 1327 208 referre
1351 185 1379 208 et
1400 181 1532 216 presenti
1557 182 1635 216 operi
1651 182 1749 218 adjun-

117 222 285 254 συνάπτειν,
312 222 388 249 ὅσιον
410 223 529 258 ἥγημαι.
553 223 662 257 ’Δμέλει
691 226 721 251 ὲν
745 224 784 260 τῷ
822 225 907 260 τρίτῳ

115 269 169 295 τῶν
185 269 266 302 Πρὸς
279 269 335 302 τὰς
356 269 498 303 αΙρέσεις,
516 270 580 297 τάδε
595 271 667 298 κατά
684 272 761 306 ῥῆμα
777 272 842 306 περὶ
858 271 907 297 αὺ-

115 315 161 341 τοῦ
184 315 301 348 διέξεισι
312 324 319 331 ·
336 325 345 342 ι
362 316 419 342 Καὶ
448 316 630 352 Πολύκαρπος
653 317 683 344 δὲ
708 317 739 344 οὐ
757 317 838 353 μόνον
855 317 908 344 ὑπὸ

115 360 168 387 τῶν
188 360 350 388 ἀποστόλων
379 361 583 397 μαθητευθεὶς,
602 363 649 389 καὶ
667 363 907 398 συναναστραφεὶς

115 407 228 439 πολλοῖς
244 407 291 434 τὸν
311 407 417 442 Κύριον
436 408 604 443 ἑωρακόσιν,
618 410 688 436 ἀλλά
704 410 750 436 καὶ
773 410 825 436 ὑπὸ
838 410 906 436 ἀπο-

116 453 220 480 στόλων
235 455 277 486 είς
287 454 339 490 τὴν
356 454 449 482 Ἀσίαν
465 456 649 489 κατασταθεὶς
663 457 692 484 ιν
708 458 741 492 τῇ
758 456 806 492 τῆς
817 456 908 491 Σμύρ-

115 509 163 535 νης
179 499 317 536 ἐκκλησία
342 501 504 535 ἐπίσκοπος,
521 502 552 530 ὃν
575 503 623 530 καὶ
641 504 722 539 ἡμεῖς
743 503 908 539 ἑωράκαμεν

115 545 144 571 ιν
154 545 189 580 τῇ
204 544 305 582 πρώτῃ
318 545 398 580 ἡμῶν
414 547 520 583 ἡλικίᾳ,
536 548 584 575 ἐπὶ
601 548 667 575 πολὺ
681 548 736 583 γὰρ
753 549 906 584 παρέμεινε

115 592 164 618 καὶ
181 590 256 618 πάνυ
277 592 414 627 γηραλέος
436 590 480 629 ἦν,
503 594 619 628 ἐνδόξως
634 594 683 622 καὶ
698 595 908 630 ἐπιφανέστατα.

116 637 301 673 μαρτυρήσας
326 638 424 673 ἐξῆλθε
449 639 498 666 τοῦ
524 640 595 675 βίου,
617 641 706 668 ταῦτα
721 641 832 674 διδάξας
849 642 907 674 ἀεὶ,

113 682 132 710 ἃ
144 683 195 709 καὶ
211 683 288 719 παρά
312 684 367 711 τῶν
384 685 543 721 ἀποστόλων
567 686 679 722 ἔμαθεν·
706 687 725 715 ἃ,
745 688 821 723 καὶὴ
847 686 909 714 Ἐκ·

117 729 218 764 κλησία
234 730 431 765 παραδίδωσιν⁸
445 731 463 758 ἃ
475 733 523 759 καὶ
538 733 607 767 μόνα
625 734 698 760 ἐστὶν
713 733 812 769 ἀληθῆ.
830 734 908 769 Μαρ-

115 776 233 812 τυροῦσι
248 777 357 809 τούτοις
373 778 402 804 αῑ
418 778 490 805 κατά
503 778 553 813 τὴν
576 779 670 807 Ἀσίαν
690 779 837 815 ἐκκλησίαι
853 781 908 808 πᾶ-

116 831 173 855 σαι,
184 823 242 877 ’.καὶ
257 824 282 850 oi
299 823 453 877 μὲξρι-νῐιν
469 825 673 860 διαδεδεγμένοι
695 827 741 853 τδν
763 827 906 863 Πολυκάρ-
924 850 945 877 Β

116 876 169 894 που
184 867 292 903 θρόνον,
309 868 402 904 πολλῷ
421 869 645 906 ἀξιοπιστότερον
660 872 709 897 καὶ
729 870 907 906 βεϐαιότερον

116 913 249 948 ἀληθείας
264 914 396 951 μάρτυρα
421 916 488 943 ὅντα
508 917 688 945 Οὐαλεντίνου
705 920 755 946 καὶ
769 919 906 954 Μαρκίω-

115 967 161 991 νος
186 959 236 986 καὶ
261 960 316 987 τῶν
332 960 436 988 λοιπῶν
453 962 646 998 κακοφρόνων
663 964 712 990 καὶ
727 965 773 990 ἐπὶ
795 965 907 1000 Ἀνική-

115 1013 163 1031 του
179 1006 354 1042 ἐπιδημήσας
375 1008 409 1042 τῇ
425 1007 532 1044 Ῥώμῃ,
545 1009 661 1042 πολλοὺς
675 1010 730 1037 ἀπὸ
743 1011 798 1038 τῶν
813 1019 907 1044 προει-

117 1052 246 1087 ρημένων
272 1053 422 1087 αἱρετικῶν
449 1054 623 1090 ἐπέστρεψεν
650 1057 696 1083 ἐπὶ
720 1057 769 1092 τὴν
792 1057 906 1092 Ἐκκλη-

117 1099 180 1125 σίαν
207 1098 256 1125 τοῦ
280 1099 360 1131 Θεοῦ,
379 1099 444 1135 μίαν
472 1102 522 1128 καὶ
543 1102 631 1138 μόνην
648 1103 753 1139 ταύτην
769 1103 904 1138 ἀλήθειαν

117 1145 244 1181 κηρὺεας
276 1147 329 1173 ὑπὸ
350 1148 406 1174 τῶν
435 1149 594 1176 ἀποστόλων
624 1151 826 1186 παρειληφέναι
856 1152 906 1186 τὴν

119 1192 173 1219 ὑπὸ
198 1193 251 1228 τῆς
272 1193 441 1228 Ἐκκλησίας
462 1195 700 1231 παραδεδομένην.
723 1197 778 1223 Καὶ
798 1196 868 1223 είσὶν
879 1198 906 1224 οἱ

116 1238 288 1270 ἀκούσαντες
312 1239 409 1270 αὐτοῦ.
429 1239 472 1266 ὅτι
492 1240 621 1275 Ἰωάννης
640 1242 655 1268 ὁ
667 1241 715 1268 τοῦ
733 1242 837 1276 Κυρίου
854 1250 907 1277 μαι

118 1283 226 1319 θητὴς,
254 1284 284 1310 ἔν
310 1285 343 1319 τῇ
365 1284 474 1319 Ἐφέσῳ
500 1282 646 1321 πορευθεὶς
674 1285 839 1319 λούσασθαι,
858 1288 906 1314 καὶ

119 1330 183 1356 ίδὼν
199 1330 254 1356 ἔσω
272 1331 420 1365 Κήρινθον,
432 1330 547 1365 ἐξήλατο
565 1331 612 1358 τοῦ
627 1331 771 1367 βαλανείου
792 1333 829 1367 μὴ
845 1332 907 1359 λου-

119 1377 250 1410 σάμενος,
269 1375 328 1401 ἀλλ’
344 1375 442 1408 ειπὼν,
459 1375 596 1410 Φύγωμεν
614 1395 622 1409 ,
651 1375 691 1411 μὴ
720 1375 768 1402 καὶ
799 1376 829 1402 τδ
859 1376 908 1411 βα-

117 1421 224 1450 λανεῖον
251 1423 391 1458 συμπέσῃ,
418 1422 496 1449 ἔνδον
522 1423 600 1454 δντος
634 1422 773 1458 Κηρίνθου
791 1422 839 1449 τοῦ
855 1423 906 1458 τῆς

118 1469 250 1504 ἀληθείας
280 1468 391 1503 ἐχθροῦ.
427 1468 482 1495 Καὶ
517 1468 599 1500 αὐτὸς
627 1468 655 1496 δὲ
681 1470 696 1496 δ
722 1469 904 1504 Πολὺκαρπος

117 1514 263 1550 Μαρκίωνί
276 1523 340 1542 ποτε
353 1515 393 1546 είς
409 1514 472 1550 ὄψιν
488 1515 564 1550 αὐτῷ
579 1515 696 1548 ἐλθόντι,
712 1516 760 1542 καὶ
774 1517 907 1550 φήσαντι,
923 1528 945 1557 C

123 1558 309 1593 Ἑπιγίνωσκε
335 1559 422 1594 ἡμᾶς,
452 1559 615 1594 ἀπεκρίθη·
647 1559 841 1594 Ἐπιγινώσκω
865 1560 911 1587 τὸν

119 1605 295 1640 πρωτότοκον
321 1604 368 1631 τοῦ
397 1605 521 1632 Σατανᾶ.
544 1605 688 1640 Τοσαύτην
714 1606 739 1632 ei
763 1606 909 1633 ἀπόστολοι

118 1652 167 1678 καὶ
182 1652 208 1678 οἱ
237 1651 358 1687 μαθηταὶ
385 1652 476 1678 αὐτῶν
503 1649 577 1687 εἶχον
594 1651 759 1684 εὐλάϐειαν,
786 1651 824 1683 ὡς
843 1652 911 1687 μηδὲ

119 1698 204 1733 μέχρι
220 1697 307 1731 λόγων
328 1698 470 1724 κοινωνεῖν
490 1706 545 1724 τινι
560 1697 615 1724 τῶν
637 1696 910 1733 παραχαρασσόντων

118 1744 322 1780 τὴνάλήθειαν,
352 1743 391 1776 ὡς
419 1743 468 1770 καὶ
489 1743 596 1776 Παῦλος
617 1743 737 1778 ἔφησεν·
758 1743 911 1778 Αὶρετιιιὸν

119 1792 281 1826 ἄνθρωπον
294 1790 371 1826 μετὰ
393 1791 470 1826 μίαν
497 1789 547 1816 καὶ
572 1789 719 1824 δευτέραν
747 1789 911 1817 νουθεσίαν

119 1825 280 1873 παραιτοῦ,
298 1825 386 1870 εὶέὼς
413 1837 457 1864 ὅτι
486 1836 687 1871 ἐξέστραπται
712 1836 729 1864 ὁ
755 1836 911 1869 τοιοῦτος,

120 1887 171 1914 καὶ
196 1885 360 1921 ἁμαρτάνει
376 1883 420 1911 ὢν
432 1883 699 1916 αὐτοκατάκριτος.
719 1882 799 1909 Ἐστι
819 1882 848 1909 δὲ
864 1883 913 1909 καὶ

119 1932 254 1965 ἐπιστολὴ
277 1930 460 1966 Πολυκάρπου
482 1928 550 1965 πρὸς
573 1928 775 1963 Φιλιππησίους
788 1935 915 1962 γεγραμσ-

121 1980 192 2014 μέν-η
208 1978 388 2012 ἱκανωτάτηο
415 1977 445 2010 ἐξ
475 1974 508 2014 ἧς
531 1976 580 2003 καὶ
604 1976 651 2002 τὸν
678 1975 845 2010 χαρακτῆρα
863 1975 914 2009 τῆς

121 2027 245 2057 πίστεως
273 2024 358 2052 αὐτοῦ
388 2023 438 2051 καὶ
467 2024 500 2050 τὸ
524 2024 657 2059 κήρυγμα
674 2023 725 2058 τῆς
745 2021 876 2055 ἀληθείας
889 2020 915 2047 οι

122 2072 282 2107 βουλόμενοι
298 2072 346 2098 καὶ
362 2070 556 2105 φροντίζοντες
574 2070 623 2103 τῆς
651 2069 759 2095 ἑαυτῶν
775 2067 915 2102 σωτηρίας

120 2119 250 2145 δύνανται
264 2117 373 2153 μαθεῖν.
394 2126 403 2142 t
420 2116 514 2143 Ταῦτα
528 2116 596 2151 περὶ
611 2115 710 2142 τούτου
727 2115 741 2141 ὁ
758 2115 914 2150 Εἰρηναῖος.

960 233 1023 260 gere
1040 227 1114 260 pium
1127 234 1189 254 esse
1201 226 1305 261 judico.
1323 227 1351 254 In
1366 227 1450 255 tertio
1463 228 1538 255 enim
1552 227 1653 255 Contra
1665 228 1736 255 hmre

958 280 1000 299 ses
1020 271 1103 304 libro,
1120 272 1178 300 haec
1192 273 1228 300 ita
1244 272 1279 300 de
1294 280 1327 300 eo
1343 273 1428 300 rel'ert
1445 282 1451 300 :
1472 283 1482 299 ι
1500 274 1668 310 Polycarpus
1681 281 1748 302 vero

959 325 1014 346 non
1041 318 1123 346 modo
1151 318 1185 347 ab
1208 319 1341 353 apostolis
1371 319 1535 352 institutus,
1562 328 1624 348 eum
1653 321 1749 347 multis

957 373 1056 394 eorum
1084 365 1165 399 vixit,
1187 365 1234 400 qui
1261 365 1408 393 Dominum
1435 366 1486 401 ipsi
1519 367 1663 400 viderunt,
1699 368 1748 395 sed

948 412 1042 443 ,etism
1065 420 1114 448 per
1135 413 1285 447 apostolos.
1305 412 1466 448 Smyrnensi
1489 413 1617 441 Ecclesia!
1633 414 1660 441 in
1683 414 1749 442 Asia

958 459 1107 493 episcopus
1129 459 1274 487 ordinatus
1296 464 1350 486 est.
1377 460 1464 492 Quem
1493 460 1574 495 265
1597 464 1624 487 et
1644 469 1695 488 nos
1719 461 1747 488 in

960 505 1046 539 prima
1063 509 1157 532 nostra
1168 509 1251 532 atate
1264 504 1385 532 vidimus
1400 514 1408 533 :
1421 505 1528 533 diutius
1539 505 1613 533 enim
1626 506 1706 539 vixit,
1719 511 1749 533 et

960 550 987 577 in
1004 550 1089 577 multa
1107 553 1253 577 senectute
1268 557 1332 577 cum
1348 557 1446 584 magna
1463 549 1550 585 gloria
1568 550 1749 586 magniﬁcen-

960 595 1066 623 tissime
1079 595 1210 631 martyrio
1221 595 1310 627 obito,
1324 603 1340 622 e
1355 595 1411 623 vita
1435 596 1568 629 excessit,
1587 603 1619 624 ea
1636 603 1749 631 semper

958 641 1061 669 docens
1072 649 1133 677 quae
1145 641 1180 669 ab
1193 641 1325 676 apostolis
1343 641 1490 675 didicerat,
1504 645 1533 669 et
1545 649 1607 677 quae
1623 641 1748 670 Ecclesia

959 689 1054 720 tradit,
1071 696 1133 723 qua
1146 689 1277 716 videlicet
1291 688 1348 716 sola
1362 692 1427 716 sunt
1438 696 1515 716 vera.
1530 688 1681 716 Testantur
1696 689 1748 716 hoc

958 734 1084 762 ecclesias
1106 734 1215 762 Asiana:
1239 742 1347 766 omnes.
1374 739 1402 762 et
1425 735 1473 770 qui
1503 735 1536 762 ad
1559 734 1633 762 hunc
1659 742 1748 769 usque

959 779 1032 807 diem
1058 780 1087 807 in
1112 780 1256 815 Polycarpi
1282 788 1440 808 successere
1465 780 1570 812 locum,
1591 780 1665 815 quod
1684 780 1749 808 ﬁdei

960 825 1072 861 majoris
1097 826 1253 861 certiorque
1275 827 1403 854 veritatis
1430 827 1507 854 testis
1535 826 1639 859 fuerit.
1665 834 1749 862 quam

961 871 1124 900 Valentinus
1139 876 1166 899 et
1180 871 1313 904 Marcion,
1327 877 1355 900 ct
1377 873 1441 900 item
1457 873 1501 900 alii
1517 873 1674 900 insanarum
1691 872 1751 907 opi-

959 918 1074 946 nionum
1100 920 1245 952 auctores;
1263 920 1309 954 qui
1335 927 1398 946 cum
1426 919 1539 946 Romam
1559 918 1612 946 sub
1631 919 1750 946 Aniceto

960 965 1142 999 pervenisset,
1157 965 1254 992 multis
1268 973 1300 992 ex
1321 965 1363 992 eis
1379 966 1426 1000 qui
1442 965 1510 993 dicti
1529 970 1594 993 sunt
1609 965 1749 992 haereticis

960 1011 1112 1046 persuasit,
1132 1015 1162 1038 ut
1174 1011 1208 1038 ad
1234 1011 1385 1039 Ecclesiam
1405 1011 1452 1038 Dei
1474 1011 1608 1042 redirent,
1624 1018 1706 1038 unam
1721 1014 1751 1038 et

961 1056 1046 1083 solam
1068 1056 1141 1084 hanc
1158 1056 1314 1088 veritatem,
1338 1064 1420 1090 quam
1442 1056 1564 1084 Ecclesia
1590 1055 1749 1087 tradiderit,

960 1109 989 1128 se
1004 1101 1039 1130 ab
1052 1101 1184 1136 apostolis
1196 1102 1337 1136 accepisse
1350 1101 1513 1136 prredicans.
1529 1101 1643 1130 Exstant
1657 1102 1750 1130 adhuc

960 1147 1008 1181 qui
1024 1155 1056 1175 ex
1073 1155 1107 1175 eo
1123 1147 1292 1179 audiverint,
1308 1146 1441 1175 Joannem
1461 1148 1567 1175 Domini
1583 1147 1750 1182 discipulum

961 1193 1060 1228 Ephesi
1083 1194 1203 1221 lavatum
1234 1194 1383 1229 aliquando
1413 1194 1513 1227 ivisse;
1534 1199 1663 1222 caeterum
1687 1201 1750 1222 cum

961 1238 988 1266 in
1007 1239 1113 1266 balneis
1131 1238 1293 1266 Cerinthum
1312 1239 1438 1272 vidisset.
1464 1239 1571 1266 illotum
1594 1239 1658 1266 inde
1681 1247 1748 1274 pro-

962 1285 1080 1320 fugisse,
1098 1290 1179 1320 atque
1207 1285 1310 1313 dixisse
1337 1293 1345 1312 :
1375 1286 1535 1320 Fugiamus,
1560 1285 1689 1319 obsecro,
1716 1292 1752 1313 ne

961 1331 1101 1362 balneum,
1114 1331 1142 1359 in
1159 1339 1214 1367 quo
1224 1331 1383 1363 Cerinthus,
1395 1331 1522 1358 veritatis
1539 1331 1679 1364 inimicus,
1697 1335 1750 1364 est,

961 1378 1099 1406 concidat.
1118 1378 1180 1412 Ipse
1201 1385 1312 1412 quoque
1339 1376 1517 1412 Polycarpus,
1542 1384 1604 1404 cum
1626 1377 1651 1404 ei
1679 1376 1752 1404 Mar-

961 1424 1023 1451 cion
1036 1423 1063 1450 iu
1079 1427 1258 1457 conspectum
1274 1423 1392 1455 veniret,
1409 1427 1437 1450 ct
1447 1422 1563 1454 diceret,
1575 1421 1663 1449 Nosce
1677 1429 1728 1449 nos
1742 1430 1750 1449 :

962 1469 1115 1504 respondit.
1135 1469 1236 1502 Nosco,
1256 1464 1397 1503 inquiens,
1422 1477 1508 1497 nosco
1533 1469 1750 1504 primogenitum

963 1513 1082 1541 Satanae.
1108 1513 1195 1541 Tanta
1219 1513 1337 1549 apostoli
1361 1519 1388 1541 et
1413 1513 1542 1548 discipuli
1566 1521 1662 1540 eorum
1688 1513 1752 1540 reli-

964 1559 1046 1594 gione
1071 1558 1196 1592 fuerunt,
1220 1565 1251 1587 ut
1271 1569 1306 1588 ne
1324 1560 1408 1588 verba
1432 1559 1545 1595 quidem
1562 1559 1753 1587 communica-

961 1609 1024 1633 rent
1037 1612 1099 1633 cum
1112 1605 1241 1641 quopiam
1255 1614 1365 1640 eorum,
1377 1607 1426 1642 qui
1439 1607 1581 1633 veritatem
1595 1605 1754 1632 adulteram

961 1657 1045 1687 atque
1062 1652 1216 1688 depravant
1232 1661 1239 1681 :
1258 1658 1288 1681 ut
1303 1654 1408 1681 Paulus
1424 1652 1508 1680 etiam
1527 1651 1597 1679 dixit
1608 1659 1622 1678 -:
1639 1650 1754 1678 Hareti-

961 1707 1019 1726 cum
1037 1700 1169 1727 hominem
1189 1705 1248 1735 post
1269 1709 1351 1728 unum
1368 1704 1447 1735 atque
1463 1700 1577 1726 alteram
1593 1697 1754 1725 admonitio-

962 1753 1022 1772 nem
1036 1746 1135 1780 devita,
1155 1747 1241 1774 sciens
1260 1748 1327 1782 quod
1341 1747 1481 1773 subversus
1500 1749 1539 1772 est
1559 1745 1602 1780 qui
1621 1743 1753 1778 ejusmodi

962 1797 1011 1825 est,
1026 1797 1051 1820 et
1064 1792 1203 1827 delinquit,
1219 1793 1326 1828 proprio
1337 1792 1439 1827 judicio
1450 1799 1498 1818 suo
1514 1792 1704 1817 condemnatus
1717 1790 1753 1817 '°.

959 1837 1011 1865 Est
1021 1842 1113 1864 autem
1130 1842 1158 1865 et
1170 1837 1285 1872 epistola
1299 1837 1445 1872 Polycarpi
1460 1837 1621 1871 longissima
1634 1835 1668 1863 ad
1686 1835 1755 1863 Phi-

963 1884 1102 1919 lippenses
1125 1876 1241 1918 scripta,
1263 1891 1296 1910 ex
1318 1890 1384 1917 qua,
1410 1883 1457 1917 qui
1483 1883 1631 1915 voluerint,
1650 1882 1754 1917 quique

964 1929 1062 1956 salutis
1082 1937 1139 1956 suae
1156 1936 1251 1956 curam
1276 1929 1431 1963 gesserint,
1452 1928 1534 1956 simul
1551 1931 1584 1955 et
1611 1928 1754 1962 specimen

967 1976 1029 2003 lidei
1041 1976 1115 2003 illius
1136 1979 1164 2003 et
1173 1974 1326 2002 doctrinam
1338 1975 1463 2002 veritatis
1474 1974 1583 2001 discere
1595 1977 1752 2008 poterunt.»

966 2021 1031 2049 ilaac
1058 2021 1093 2048 de
1121 2029 1156 2049 eo
1185 2020 1315 2048 lrenmus.
1343 2020 1436 2048 Multis
1462 2024 1555 2047 autem
1584 2019 1755 2047 testimoniis

967 2067 1068 2103 prioris
1080 2067 1205 2103 epistolae
1220 2067 1296 2095 Petri
1316 2067 1495 2103 Polycarpus,
1511 2066 1538 2093 in
1553 2073 1583 2093 ea
1598 2066 1657 2102 ipsa
1672 2073 1756 2101 quam

968 2113 1050 2141 modo
1069 2114 1201 2146 diximus,
1216 2114 1334 2149 epistola
1354 2121 1405 2141 sua
1423 2113 1524 2140 utitur.

122 2165 238 2197 Πολλαϊς
257 2164 286 2191 δὲ
302 2164 468 2200 μαρτυρίαις
494 2163 549 2190 ἀπὸ
573 2163 623 2198 τῆς
648 2161 785 2198 προτέρας
818 2161 925 2196 Πέτρου
950 2161 1114 2197 Ἐπιστολῆς
1140 2162 1154 2188 ὁ
1183 2161 1366 2197 Πολύκαρπος
1389 2161 1418 2188 ὲν
1443 2161 1478 2195 τῇ
1505 2159 1641 2196 εἰρημένῃ
1674 2157 1757 2186 αὐτοῦ

121 2213 223 2250 χρῆται
244 2212 388 2247 ἐπιστολῇ.

412 2274 540 2302 ΚΕΦᾹΛ.
560 2274 625 2302 AA'.

123 2323 193 2359 Περὶ
213 2322 271 2357 τῆς
293 2321 440 2360 διαδοχῆς
456 2320 516 2360 τῷν
527 2320 671 2360 τηνικᾴδξ
682 2319 913 2354 αὐτοκρατόρων

336 2358 386 2384 καὶ
399 2356 458 2384 τῶν
471 2357 567 2391 ἔργων
587 2356 698 2383 αὐτῶν.

163 2417 195 2444 '0
222 2416 288 2448 Πίος
303 2415 332 2442 δὲ
353 2414 533 2446 Ἀντωνῖνος,
563 2414 577 2440 ό
601 2412 650 2439 καὶ
677 2411 801 2447 Εὐσεϐὴς
826 2411 914 2446 δνομα

123 2463 218 2499 σχὼν,
239 2462 287 2489 hri.
307 2461 371 2497 τρία
406 2461 454 2487 καὶ
479 2460 566 2487 εἴκοσι
590 2459 640 2494 τὴν
665 2458 754 2494 ἀρχὴν
783 2458 914 2491 διιθύνας,

123 2510 233 2544 Μάρκῳ
247 2508 350 2543 Οὐήρῳ
369 2506 421 2542 υἱῷ
445 2505 486 2541 τῷ
509 2506 556 2532 καὶ
577 2504 653 2540 αὐτῷ
673 2505 828 2539 Ἀντωνίνῳ
851 2504 917 2530 ἐπι-

123 2555 266 2592 κληθέντι,
282 2554 332 2581 σϋν
353 2552 465 2588 Λουκίῳ
492 2551 532 2587 τῷ
552 2551 660 2586 ἀδελφῷ
676 2551 726 2587 τὴν
748 2550 919 2585 αὐτοκρατο-

178 2636 204 2653 ¹⁹
225 2635 283 2664 Tit.
302 2642 345 2669 ιιι,
363 2634 409 2663 l0.

161 2708 201 2744 (Ι)
215 2708 250 2744 τ,
262 2706 357 2744 Aurel.
376 2705 533 2744 Antoninus
549 2705 625 2744 Pius,
641 2703 755 2744 Adriani
769 2709 870 2744 gener,
879 2701 915 2729 ab

125 2737 223 2772 eodem
245 2743 276 2779 in,
291 2742 377 2770 lilium
402 2742 548 2779 adoptatus
565 2739 615 2768 fuit
627 2760 639 2779 ,_
662 2739 743 2779 sicuti
762 2737 792 2779 et
805 2737 841 2779 ab
853 2738 916 2779 .hoc

125 2779 160 2807 Μ.
176 2778 332 2807 Antoninus
349 2784 444 2811 gener.
458 2774 494 2802 'L.
515 2780 606 2803 autem
627 2774 731 2811 Annius
759 2774 918 2811 Antoninus

124 2821 211 2848 nepos
234 2809 366 2849 Antonini
392 2810 520 2849 Pii_l'uit.
553 2811 590 2849 ιι.
614 2809 788 2849 Antoninus,
815 2809 862 2849 q‘ui
891 2812 920 2835 et

127 2843 313 2884 Philosophus
327 2847 425 2878 dictus.
441 2846 472 2874 L.
496 2846 614 2874 Annium
633 2844 802 2874 Antoninum
817 2843 920 2872 Verum

1199 2269 1281 2305 263
1296 2268 1410 2296 CAPUT
1430 2267 1526 2296 xxxu.

968 2317 1005 2345 De
1015 2316 1177 2344 successione
1190 2316 1248 2351 ejus
1268 2315 1394 2350 temporis
1410 2315 1613 2355 imperatorum,
1633 2311 1760 2348 rebusque

1260 2359 1352 2377 eorum
1368 2353 1459 2385 gestis.

1006 2408 1173 2439 Antoninus,
1189 2408 1236 2436 cui
1252 2407 1336 2435 etiam
1348 2407 1389 2435 Pii
1408 2413 1509 2434 nomen
1526 2405 1579 2432 fuit
1595 2405 1648 2440 (Ι),
1659 2403 1761 2439 viginti

969 2459 1026 2483 tres
1040 2455 1187 2490 imperavit
1204 2461 1301 2486 annos,
1320 2457 1348 2480 et
1364 2453 1513 2488 imperium
1530 2451 1685 2479 Romanum
1712 2451 1762 2476 de-

971 2503 1075 2530 cedens
1096 2502 1188 2529 Marco
1208 2501 1281 2529 A’Slio
1299 2501 1366 2534 ﬁlio,
1393 2506 1420 2528 et
1442 2500 1496 2536 ipsi
1516 2499 1657 2526 Antonino
1673 2498 1760 2531 dicto,

971 2554 1000 2579 et
1028 2549 1116 2578 Lucio
1145 2549 1226 2576 fratri
1257 2549 1318 2585 ejus
1342 2548 1468 2584 reliquit.
1500 2547 1567 2576 Pius
1596 2553 1679 2582 porro
1708 2545 1761 2573 iste

970 2700 1077 2737 imperii
1097 2700 1204 2737 socium
1218 2699 1270 2726 sibi
1285 2698 1411 2737 adscivit.
1425 2699 1458 2737 Et
1474 2703 1530 2727 tum
1545 2698 1665 2737 primum
1677 2698 1761 2737 Rom.

971 2734 1083 2771 respuit.
1105 2735 1215 2762 duobus
1243 2742 1322 2771 aequo
1344 2734 1407 2769 jure
1433 2735 1634 2771 imperantibus
1659 2734 1761 2768 paruit.

971 2768 1034 2799 cum
1064 2775 1142 2798 antea
1170 2768 1292 2805 singulos
1313 2776 1428 2805 semper
1447 2769 1589 2805 habuisset
1601 2768 1763 2805 iAugustos.

974 2808 1127 2841 Utrumque
1153 2802 1283 2834 lladfiani
1309 2802 1389 2840 jussu
1416 2803 1575 2832 Antoninus
1601 2804 1665 2831 Pius
1697 2802 1766 2830 ado-

976 2843 1073 2879 plavit.
