1885 3059
177 147 230 179 963

785 131 998 177 NICEPHORI
1015 144 1193 176 CALLISTI

1753 147 1805 180 96L

177 205 247 232 sisse
262 212 271 233 :
287 209 434 240 propterea
458 206 532 241 quod
549 206 589 234 illi
610 209 743 233 aeternum
763 203 842 232 illum
860 202 921 239 igne

1062 203 1090 230 ὲν
1103 202 1282 237 ἐπαγγελίαις
1297 203 1465 239 ἑπιφέρουσα
1477 203 1579 238 ἀγαθά.
1594 203 1640 236 Ὦς
1649 203 1678 231 δὶ
1691 204 1806 232 πλεῖστα

178 251 228 285 qui
248 250 398 286 impudicis
413 256 442 279 et
461 251 646 287 voluptuariis
666 253 778 285 paratus
794 249 841 281 sit.
858 249 965 277 indica-

179 301 234 329 ret,
247 302 278 324 et
297 297 414 325 subinde
439 298 639 332 promissiones
661 304 773 331 quoque
795 301 964 323 memorum

180 342 316 370 b0uorum
341 348 515 378 proponeret.
547 342 676 371 Sedenim
702 350 764 370 cum
787 342 872 369 multa
892 349 965 376 saepe

179 389 308 421 dicendo,
325 389 393 416 nihil
407 389 479 424 apud
491 396 554 416 eum
567 389 700 423 eiliceret,
716 393 743 416 et
756 389 802 416 ille
817 389 843 415 in
855 388 964 423 procaci

180 434 331 469 petulantia
344 441 393 462 sua
410 439 595 470 permaneret.
609 435 754 462 mulierem
766 435 898 469 improbis
911 441 967 461 mo-

180 480 259 507 ribus
281 480 338 508 suis
360 487 375 506 a
398 487 428 507 se
447 481 589 508 alienavit.
605 481 652 508 illa
673 482 747 507 enim
767 480 881 515 impium
904 487 965 507 esse

176 525 314 560 judicans,
326 533 390 553 cum
404 526 450 553 tali
467 526 599 561 deinceps
611 527 669 554 viro
683 527 871 557 consuevisse.
884 526 966 562 269

178 572 226 607 qui
249 576 348 606 pra-ter
366 577 472 600 natura:
490 574 564 608 leges
585 574 674 601 modis
695 573 824 600 omnibus
838 581 886 607 per
904 573 967 600 libi-

178 616 259 644 dines
284 616 376 644 varias
400 617 568 652 voluptatem
591 621 813 648 consectaretur.
836 617 966 644 secedere

178 664 212 689 ab
222 670 256 689 eo
268 663 425 690 constituit.
438 662 474 690 Ut
487 671 554 690 vero
566 671 625 690 eam
639 662 798 697 propinqui,
808 670 858 698 pro
872 667 968 690 aucto-

178 709 260 736 ritate
280 716 341 742 sua,
354 710 389 736 ab
408 717 442 736 eo
457 709 575 737 consilio
589 714 654 737 sunt
668 709 819 742 dehortati,
834 717 968 745 spemque

178 755 203 782 ei
217 754 353 788 fecerunt,
364 757 454 782 virum
467 756 495 783 in
508 757 606 783 melius
616 761 751 784 mutatum
763 756 911 791 aliquando
921 757 966 788 iri,

181 809 295 828 manere
308 809 370 829 cum
384 809 419 829 eo
430 806 475 829 est
487 807 592 829 coacta.
609 802 757 837 Postquam
770 810 837 830 vero
850 802 968 829 maritus

179 846 375 874 Alexandriam
390 847 541 882 profectus,
552 848 632 882 longe
647 848 730 875 etiam
742 848 863 875 deterior
878 847 969 874 tactus

1019 249 1137 282 λέγουσα
1153 249 1255 284 ἥκιστα
1279 249 1421 284 πειθήνιον
1444 248 1528 285 εἶχεν,
1547 251 1651 282 ἐκεῖνος
1667 251 1808 284 ἐπιμένων

1019 294 1058 330 τῷ
1071 295 1253 329 ἀσελγαίνειν,
1267 295 1414 331 ἀλλοτρίαν
1425 296 1469 323 διὰ
1481 297 1537 322 τῶν
1551 296 1678 332 πράξεων
1690 298 1809 323 ἐποιεῖτο

1019 340 1070 376 τὴν
1082 341 1217 375 γαμετήν.
1237 341 1270 367 'H
1285 342 1354 377 γυνὴ
1370 341 1399 368 δὲ
1418 342 1466 368 τοῦ
1490 342 1585 369 λοιποῦ
1606 342 1706 374 ἀσεὸλς
1724 344 1807 378 ἡγου-

1021 388 1090 423 μένη
1105 387 1182 422 ἀνδρὶ
1197 388 1314 423 τοιούτῳ
1330 389 1609 423 συγκατακλίνεσθαι,
1625 389 1679 422 ἔξω
1697 390 1808 424 φύσεως

1019 433 1104 468 νόμου
1120 434 1203 460 παντί
1223 442 1255 467 γε
1281 435 1376 470 τρόπῳ
1395 435 1497 469 πόρους
1513 435 1617 471 ἡδονῶν
1641 437 1808 472 πειρωμένῳ

1021 478 1168 511 ποιεῖσθαι,
1194 479 1411 514 δεαρῤήγνυσοαι
1435 481 1531 507 τούτου
1556 481 1694 510 ἐϐούλετο.
1717 481 1761 514 Ὠς
1782 482 1809 509 δὲ

1019 525 1074 552 τῶν
1093 525 1232 559 σφετέρων
1252 525 1449 552 δυσωπούντων
1465 527 1513 552 καὶ
1536 526 1631 553 ἐλπίδα
1649 527 1808 561 προτεινόν-

1019 578 1085 601 των,
1101 571 1140 601 είς
1154 570 1249 597 ἐλπίδα
1265 571 1419 606 μεταὸολῆς
1432 572 1544 607 ἧξοντός
1560 581 1625 598 ποτε
1639 572 1685 599 τοῦ
1699 573 1808 608 ἀνδρὸς,

1022 615 1113 649 μένειν
1128 615 1295 649 ἡνάγκαστο.
1317 617 1394 643 Ἐπεὶ
1414 617 1436 643 δ’
1453 617 1466 644 ό
1480 618 1550 652 ἀνὴρ
1573 618 1644 644 κατὰ
1660 619 1709 653 τὴν
1732 619 1808 646 Ἀλε-

1020 660 1163 696 ξάνδρειαν
1185 661 1232 688 ίὼν
1243 663 1346 697 ’πολλῷ
1362 663 1540 698 χαλεπώτερα
1560 665 1693 699 πράττειν
1705 666 1806 700 ἠγγέλ-

1020 707 1091 740 λετο,
1110 708 1127 743 ὴ
1141 708 1210 743 γυνὴ
1226 709 1361 736 δεδοικυῖα
1378 710 1416 745 μὴ
1432 711 1561 742 κοινωνὸς
1577 712 1619 746 εἴη
1635 711 1691 737 τῶν
1706 711 1810 746 ἀσεϐη-

1022 751 1116 785 μάτων
1132 752 1237 787 τὰνδρὶ,
1253 754 1396 786 όμόκοιτος
1409 755 1456 781 καὶ
1470 755 1625 789 ὁμοδίαιτος
1639 755 1715 790 σὺτῷ
1728 756 1808 788 οὖσα,

1022 796 1125 831 βιῦλίον
1139 798 1308 825 ἀποστασίου
1325 800 1484 834 πέμπουσα,
1497 802 1511 827 ὃ
1525 802 1669 835 ρεπούδιον
1683 802 1809 836 λέγεται,

1018 841 1203 876 διεζεύγνυτιλ
1223 843 1253 871 'U
1279 844 1320 876 δὲ,
1345 844 1405 871 δέον
1432 846 1534 880 μᾶλλον
1561 846 1670 881 χαίρειν
1699 847 1746 873 ἐπὶ
1775 848 1810 882 τῇ

179 899 242 919 esse
256 892 347 920 dictus
361 897 413 925 est,
428 893 527 920 mulier
552 894 650 927 verita,
668 894 691 921 si
711 893 744 921 de
757 898 854 921 caetero
869 895 919 933 eo_d

1067 891 1142 922 ιαικὶ,
1161 890 1258 925 ὅτιπερ
1278 891 1325 918 τὸν
1350 892 1485 928 πρότερον
1503 892 1561 927 βίον
1581 894 1729 926 ἀπείπατο,
1748 894 1811 929 χαί-

179 945 242 966 cum
260 939 307 966 illo
324 939 396 966 lecto
419 941 572 975 eademque
593 948 687 968 mensa
710 945 847 972 uteretur,
863 947 897 967 ne
917 940 967 967 im-

179 985 291 1020 pietatis
306 992 419 1020 quoque
437 986 497 1021 ejus
514 985 592 1013 ﬁeret
605 987 754 1022 particeps,
768 986 852 1014 misso
869 986 907 1012 illi
926 993 968 1014 re-

179 1030 255 1065 pudii
277 1030 381 1064 libello,
400 1030 434 1058 ab
460 1037 493 1059 eo
520 1031 645 1066 seiuncta
661 1036 714 1060 est.
735 1032 782 1059 ille
803 1039 888 1067 porro
905 1039 967 1059 cum

178 1077 305 1112 conjugis
325 1084 382 1104 suae
399 1085 482 1105 causa
502 1078 588 1106 laetari
612 1078 765 1112 debuisset,
782 1086 843 1113 qua:
861 1078 968 1105 scilicet

178 1122 265 1156 priori
295 1130 352 1150 sua:
379 1123 442 1150 vita:
472 1124 601 1152 nuntium
632 1125 802 1156 remisisset,
829 1123 967 1158 simulque

177 1167 357 1200 ebrietatem,
386 1168 547 1202 lasciviam,
571 1174 599 1196 et
619 1171 661 1204 (ut
673 1176 729 1196 uno
755 1169 840 1196 verbo
865 1168 965 1202 dicant)

178 1213 384 1247 improbitatem
400 1221 523 1246 omnem,
537 1218 568 1241 ut
581 1214 699 1249 amplius
712 1221 774 1241 cum
790 1215 877 1241 servis
891 1214 967 1241 aliis-

177 1266 232 1294 que
249 1259 338 1294 turpis
354 1265 476 1295 quaastus
498 1261 586 1295 gratia
612 1260 760 1295 impudicis
780 1268 834 1287 non
852 1268 966 1295 congre-

176 1305 300 1338 deretur,
315 1314 366 1333 nec
381 1306 408 1333 in
423 1306 572 1333 libidinutn
584 1314 664 1333 emno
676 1307 859 1338 volutaretur,
874 1307 965 1334 valere

176 1351 315 1385 iussisset,
335 1352 388 1386 ipsi
405 1359 514 1387 quoque
532 1355 562 1379 ut
584 1351 699 1379 meliora
718 1357 882 1387 sequeretur
903 1359 966 1379 sua-

175 1397 257 1424 sisset
272 1404 279 1423 :
297 1401 404 1424 tantum
418 1397 497 1425 abest
512 1402 542 1424 ut
557 1397 583 1424 id
603 1397 712 1429 iecerit,
727 1402 758 1425 ut
776 1397 810 1424 ab
829 1397 887 1432 ipsa
907 1403 964 1425 sta-

177 1443 224 1470 tim
252 1443 434 1476 disccssione,
458 1444 646 1472 accusationis
672 1443 806 1477 libellum,
830 1444 965 1472 Christia-

174 1496 238 1515 nam
254 1497 313 1516 eam
329 1497 401 1522 esse,
417 1489 578 1524 imperatori
599 1490 742 1517 obtulerit.
761 1490 860 1517 Mulier
880 1497 963 1525 porro

173 1534 269 1568 citata,
286 1535 404 1570 supplici
422 1543 533 1571 quoque
548 1536 642 1563 libello
658 1536 778 1571 principi
795 1536 869 1567 dato,
883 1536 963 1571 petiit

173 1581 228 1608 sibi
254 1582 393 1616 permitti,
416 1586 446 1609 ut
470 1590 528 1609 rem
554 1582 717 1609 familiarem
742 1590 820 1610 suam
841 1583 961 1617 primum

172 1628 355 1662 constituere,
379 1635 412 1656 ac
436 1628 536 1656 deinde
557 1628 726 1656 accusationi
746 1629 771 1656 ei
794 1629 962 1663 respondere

173 1678 278 1707 posset.
294 1673 372 1706 Quod
389 1681 452 1701 cum
477 1674 523 1701 illa
545 1674 730 1708 impetrasset,
749 1675 865 1702 maritus
884 1682 963 1702 accu-

173 1720 282 1746 satione
304 1719 418 1751 abolita,
439 1719 513 1746 illam
537 1719 649 1754 quidem
673 1719 788 1752 dimisit,
806 1719 839 1746 ad
872 1719 962 1747 Ptole-

174 1773 272 1792 maeum
286 1770 378 1792 autem
392 1765 552 1800 quemdam,
562 1765 609 1800 qui
623 1765 695 1792 illam
709 1765 821 1800 pietatis
833 1765 960 1801 dogmata

173 1810 326 1842 docuisset,
341 1814 384 1838 est
400 1817 563 1838 conversus.
583 1810 651 1837 Eum
675 1811 739 1838 dolo
762 1819 917 1846 aggressus,
932 1817 963 1838 ut

173 1856 202 1883 in
226 1856 337 1884 vincula
361 1856 548 1892 conjiceretur
574 1857 676 1885 eiTecit.
702 1857 862 1885 Ceuturioni
886 1858 961 1886 enim

173 1902 284 1929 cuidam
312 1902 366 1930 sibi
390 1903 480 1929 amico
502 1903 651 1937 persuasit,
673 1908 703 1930 ut
725 1904 902 1931 Ptolemaeum
919 1912 962 1931 ar-

171 1953 283 1983 reptum
314 1949 367 1976 hoc
391 1953 496 1976 tantum
519 1949 714 1985 interrogaret,
735 1957 770 1976 an
787 1948 962 1978 Christianus

171 2000 255 2022 esset.
272 1995 351 2022 illum
367 1996 469 2030 quippe
487 1995 613 2023 veritatis
628 2001 777 2028 amantem,
791 1996 961 2032 minimeque

171 2040 376 2068 fraudulentum
394 2046 441 2068 aut
466 2041 637 2075 mendacem,
659 2042 750 2069 statim
771 2049 802 2070 se
825 2042 961 2070 Christia-

170 2094 236 2114 num
252 2094 314 2114 esse
330 2087 533 2122 professurum.
548 2088 642 2123 itaque
656 2088 683 2115 in
700 2088 810 2116 vincula
832 2089 877 2116 ille
891 2096 960 2116 eon-

167 2132 276 2167 jectus.
301 2133 383 2168 longo
408 2137 533 2168 tempore
559 2141 574 2161 a
598 2135 761 2162 centurione
788 2139 832 2163 est
859 2139 959 2163 tortus.

169 2180 314 2209 Postremo
330 2201 337 2213 ,
355 2180 401 2208 ubi
417 2181 451 2208 ad
475 2181 615 2210 Urbicium
630 2182 753 2217 iudicem
769 2182 917 2217 adductus,
931 2188 960 2212 et

1020 942 1080 970 ρειν
1099 933 1215 961 είποῦσα
1232 935 1330 969 μέθαις
1345 938 1393 962 καὶ¹
1406 937 1565 970 ἀσελγείαις
1578 937 1625 963 καὶ
1638 938 1713 973 πάσῃ
1730 946 1811 964 συνε-

1018 979 1098 1006 λόντα
1118 980 1201 1014 φάναι
1215 982 1311 1016 κακίᾳ,
1327 983 1374 1008 καὶ
1389 982 1428 1017 τῷ
1447 982 1518 1016 μετὰ
1531 983 1586 1009 τῶν
1598 983 1745 1018 ὑπηρετῶν
1760 985 1812 1010 καὶ

1019 1026 1195 1060 μισθοφόρων
1205 1026 1359 1060 κυλίεσθαι,
1376 1028 1424 1054 καὶ
1439 1028 1514 1063 αὐτῷ
1530 1036 1562 1062 γε
1584 1029 1738 1064 σύμῦουλος
1752 1029 1812 1055 τῶν

1018 1073 1184 1106 κρειττόνων
1211 1073 1380 1099 καθίστατο·
1398 1075 1415 1100 ό
1443 1073 1471 1100 δὲ
1497 1074 1596 1101 αὐτίκα
1621 1075 1671 1110 τῆς
1698 1077 1811 1109 ἐκείνης

1019 1118 1167 1153 συναφείας
1182 1118 1363 1153 ἀπαλλαγεὶς,
1376 1120 1414 1154 τῷ
1424 1120 1608 1156 αὐτοκράτορι
1620 1120 1726 1156 βιϐλίον
1741 1129 1811 1148 κστ-

1018 1164 1133 1199 ηγορίας
1158 1164 1256 1197 ἐδίδου,
1269 1164 1305 1196 ὡς
1318 1165 1362 1200 εἴη
1381 1166 1544 1201 Χριστιανή.
1561 1166 1670 1202 Ἐκείνη
1682 1166 1711 1193 δὲ
1724 1175 1812 1202 προσ-

1017 1209 1160 1245 κληθεῖσα,
1179 1209 1284 1244 βιϐλίον
1298 1211 1446 1243 ἀναδοῦσα,
1463 1211 1524 1246 ᾔτει
1543 1213 1677 1247 πρότερον
1697 1222 1809 1248 συγχω-

1019 1256 1135 1291 ρηθῆναι
1151 1256 1185 1282 τὰ
1210 1257 1271 1282 κατ’
1290 1257 1377 1292 αὐτὴν
1401 1257 1602 1293 διοικήσασθαι·
1618 1258 1717 1285 ἔπειτα
1743 1261 1810 1294 περὶ

1015 1298 1053 1327 ὧν
1083 1304 1277 1336 κατηγόρητο,
1306 1302 1458 1336 ἀπολογίαν
1483 1304 1634 1331 ποιεῖσθαι.
1669 1305 1748 1332 Ἐπεὶ
1781 1306 1809 1332 δὶ

1017 1346 1107 1372 ἀνεῖτο
1131 1347 1223 1382 ἐκείνη
1240 1348 1256 1381 ή
1282 1348 1403 1383 αἴτησις,
1425 1350 1438 1374 ό
1455 1350 1527 1385 ἀνὴρ
1550 1350 1679 1377 ἀπειπὼν
1696 1352 1809 1387 ἐκείνην

1018 1393 1067 1427 μὲν
1093 1387 1182 1425 εἴασε,
1208 1393 1276 1429 πρός
1303 1403 1365 1420 τινα
1392 1395 1421 1422 δὲ
1447 1395 1618 1431 Πτολεμαῖον
1644 1397 1809 1425 διδάσκαλον

1015 1438 1108 1474 ἐκείνῃ
1135 1439 1189 1466 τῶν
1211 1440 1272 1466 κατ’
1287 1439 1432 1467 εύσέὸειαν
1457 1441 1603 1477 δογμάτων
1619 1444 1809 1478 γεγενημένον

1015 1486 1163 1521 ἐτράπετο.
1180 1486 1236 1512 Καὶ
1256 1486 1288 1521 δὴ
1301 1487 1384 1523 τέχνῃ
1402 1488 1551 1522 μετελθὼν,
1569 1489 1657 1524 δεσμὰ
1673 1490 1809 1526 περιϐάλ-

1015 1531 1056 1558 λει
1071 1532 1177 1571 τάνδρί·
1198 1532 1287 1558 πείθει
1305 1533 1352 1558 καὶ
1367 1533 1422 1567 γάρ
1435 1542 1495 1561 τινα
1511 1534 1714 1570 ἑκατόνταρχον
1729 1536 1808 1570 φίλον

1015 1578 1089 1613 αύτῷ
1114 1578 1190 1609 ὖντα.
1217 1578 1350 1605 λαϋέσθαι
1368 1579 1416 1605 τοῦ
1444 1580 1627 1615 Πτολεμαίου,
1654 1582 1704 1607 καὶ
1727 1583 1808 1609 τοῦτο

1015 1623 1098 1658 μόνον
1116 1623 1259 1658 ἀνερωτᾷν
1274 1625 1298 1649 εἰ
1311 1623 1476 1657 Χριστιανός
1491 1625 1561 1651 ἐστι·
1579 1625 1626 1651 καὶ
1642 1626 1689 1652 τὸν
1704 1626 1807 1653 Πτολε‹

1014 1670 1105 1703 μαῖον,
1119 1669 1256 1705 φιλαλήθη
1275 1678 1307 1704 γε
1328 1670 1427 1704 ᾶλλως,
1444 1671 1492 1697 καὶ
1511 1671 1571 1706 μηδ’
1585 1672 1730 1708 ἀπατηλόν
1744 1682 1807 1701 τινα

1013 1715 1029 1750 ἢ
1045 1715 1209 1750 ψευδολόγον
1223 1716 1300 1749 ὄντα,
1317 1718 1406 1752 ῥᾷστα
1421 1717 1592 1753 ὁμολογῆσαι
1608 1720 1656 1746 καὶ
1671 1720 1806 1755 Χριστιαο

1013 1760 1058 1787 νὸν
1072 1761 1170 1788 ἑαυτὸν
1188 1762 1324 1789 ἀνειπεῖν.
1345 1763 1392 1789 Ἐν
1412 1763 1523 1798 δεσμοῖς
1546 1764 1639 1791 τοίνυν
1661 1767 1804 1802 γενομένῳ

1012 1807 1059 1834 ἐπὶ
1078 1808 1146 1834 πολὺ
1162 1809 1273 1843 χρόνον,
1290 1809 1305 1835 ό
1320 1809 1520 1845 ἑκατόνταρχος
1532 1811 1697 1838 ὲκολάσατο.
1716 1812 1762 1844 Ὠς
1776 1812 1806 1839 δὲ

1012 1854 1042 1880 τὺ
1069 1854 1226 1881 τελευταῖον
1256 1856 1397 1892 Ούρόικίῳ
1430 1858 1575 1892 προσήχθη
1603 1858 1644 1893 τῷ
1679 1860 1803 1894 ἄρχοντι.

1012 1898 1091 1931 αὖθις
1113 1901 1250 1935 ἡρωτᾶτο·
1277 1902 1324 1928 καὶ
1348 1902 1385 1933 ὼς
1409 1902 1445 1929 τὰ
1468 1903 1540 1930 καλὰ
1567 1906 1804 1941 συνεπιστάμενος

1012 1945 1111 1980 ἑαυτῷ,
1139 1947 1199 1978 ταῖς
1228 1947 1348 1983 Χριστοῦ
1373 1949 1583 1976 κατακολουθῶν
1609 1950 1747 1986 διδαχατς,
1774 1954 1804 1978 τὸ

1011 1992 1187 2020 διδασκάλων
1203 1993 1253 2027 τῆς
1274 1993 1348 2025 θείας
1368 1995 1471 2030 ἀρετῆς
1490 1996 1680 2031 ὡμολόγησεν.
1698 1998 1728 2025 '0
1750 2000 1804 2035 γὰρ

1011 2037 1180 2073 ἀρνούμενος
1202 2038 1330 2075 ότιοῦν,ῆ
1347 2041 1539 2074 κατεγνωκὼς,
1554 2041 1667 2077 ἔξαρνος
1683 2043 1803 2077 γίνεται,

1011 2082 1028 2117 ἦ
1053 2082 1152 2110 ἑαυτὸν
1176 2083 1288 2116 ἀνάξιον
1313 2085 1499 2120 ἐπιστάμενος
1517 2086 1565 2113 καὶ
1591 2087 1738 2123 ἀλλότριον
1754 2089 1802 2116 τοῦ

1012 2128 1187 2163 πράγματος,
1203 2129 1254 2164 τὴν
1268 2129 1418 2164 ὁμολογίαν
1433 2131 1542 2166 φεύγει.
1555 2128 1605 2159 Ὧν
1627 2133 1707 2161 ούδλν
1721 2135 1804 2170 τάλη-

1012 2174 1054 2201 θεῖ
1081 2175 1238 2211 Χριστιανῷ
1267 2175 1427 2211 πρόσεστιν.
1443 2177 1474 2204 ⁸0
1500 2177 1550 2213 μὲν
1575 2176 1625 2206 οὖν
1654 2180 1802 2216 οῡρδίκιος

168 2225 204 2253 ab
217 2235 250 2253 eo
266 2225 454 2262 interrogatus
469 2232 522 2259 est,
540 2233 685 2263 propterea
703 2228 778 2263 quod
793 2228 896 2256 Christi
910 2242 912 2253 t

1055 2221 1168 2255 ίγεσθαι
1183 2222 1230 2249 τὸν
1254 2222 1424 2258 Πτολεμαῖον
1439 2223 1484 2251 διὰ
1501 2224 1552 2260 τὴν
1573 2226 1724 2262 ὁμολογίαν
1739 2229 1799 2255 ἐκέ-

168 2271 287 2299 ctrinam
311 2277 499 2305 consectatus.
514 2275 585 2300 bene
599 2273 653 2300 sibi
672 2277 746 2300 esset
762 2274 901 2307 conscius,
917 2274 958 2302 di-

168 2318 240 2345 vime
262 2318 375 2345 virtutis
398 2317 554 2345 doctrinam
575 2323 618 2346 est
637 2320 789 2354 professus.
809 2318 862 2352 Qui
883 2320 957 2349 enim

166 2369 259 2399 neget,
278 2365 320 2392 vel
347 2365 411 2399 quia
435 2364 635 2400 professionem
669 2365 791 2400 damnet,
810 2366 838 2394 id
864 2366 956 2400 faciat,

168 2411 210 2437 vel
227 2411 293 2445 quia
316 2410 459 2445 indignum
482 2418 512 2437 se
534 2415 562 2437 et
587 2411 709 2438 alienum
727 2419 743 2439 a
760 2419 789 2440 re
807 2417 880 2440 tanta
897 2420 958 2441 esse

166 2456 248 2488 sciat,
266 2464 322 2484 non
341 2456 513 2491 profiteatur.
531 2456 667 2484 Neutrum
691 2465 781 2485 autem
800 2458 858 2486 veri
876 2459 958 2487 Chri-

165 2502 251 2530 stiani
267 2506 320 2529 est.
338 2501 468 2530 Urbicius
485 2501 569 2537 igitur
592 2508 704 2538 propter
723 2510 783 2530 eam
803 2504 956 2538 professio-

165 2555 229 2575 nem
249 2547 312 2575 duci
329 2548 508 2576 Ptolemmum
530 2548 621 2584 jussit.
644 2549 727 2585 27o
746 2549 848 2578 Lucius
863 2555 954 2578 autem

164 2592 290 2628 quidam,
305 2598 333 2620 ct
355 2592 414 2628 ipse
431 2592 618 2627 Christianus,
635 2600 692 2622 tum
709 2594 747 2623 ibi
763 2596 870 2624 astabat
885 2605 892 2624 :
907 2596 954 2631 qui

165 2638 322 2673 improbato
346 2644 428 2673 atque
455 2639 583 2667 damnato
603 2641 699 2676 iniquo
714 2641 818 2669 Urbicii
835 2641 953 2677 judicio.

163 2684 242 2717 Quae,
255 2685 368 2716 malum.
379 2687 447 2713 ratio
458 2686 515 2714 haec
530 2687 591 2714 est?
606 2688 705 2723 inquit.
720 2687 790 2715 Num
805 2688 871 2723 quid
884 2688 952 2715 ini'a-

163 2731 217 2759 mis
233 2731 359 2760 maleﬁcii
376 2732 417 2759 vir
433 2732 478 2760 hic
498 2733 643 2762 admisisse
659 2735 803 2762 convictus
824 2734 885 2762 est?
899 2735 952 2767 An,

162 2777 236 2814 quod
250 2777 399 2806 Christiani
415 2780 526 2807 nomine
539 2784 645 2807 tantum
659 2779 683 2808 is
696 2779 798 2815 gaudet
811 2785 839 2808 et
852 2781 952 2816 gloria-

164 2829 218 2856 tur,
235 2831 380 2860 propterea
398 2826 430 2853 ad
449 2826 622 2861 puniendum
644 2834 706 2853 cum
723 2831 879 2854 commotus
900 2826 951 2854 cs?

161 2870 221 2899 Non
244 2871 295 2900 huc
312 2873 390 2901 decet
408 2874 604 2907 imperatorem
623 2875 711 2908 pium,
730 2881 784 2901 non
801 2874 951 2908 imperato-

1010 2267 1084 2294 λιυι.
1099 2268 1215 2300 Λούκιος
1228 2268 1258 2295 δέ
1274 2275 1327 2303 τις,
1350 2270 1516 2305 Χριστιανὸς
1536 2271 1566 2299 δὲ
1591 2273 1640 2299 καὶ
1652 2274 1735 2305 αὐτὸς
1750 2274 1798 2308 ὢν,

1008 2315 1167 2351 παρεστὼς,
1181 2315 1230 2342 καὶ
1241 2315 1292 2351 τὴν
1307 2315 1406 2350 ἄλογον
1418 2317 1522 2352 ταύτην
1538 2317 1632 2353 κρίσιν
1649 2319 1799 2355 ούρσικίον

1008 2361 1204 2397 κατεγνωκὼς,
1216 2361 1269 2396 ἔφη
1282 2369 1289 2377 ·
1308 2361 1368 2389 Τίνι
1383 2362 1456 2398 λόγῳ
1473 2364 1511 2399 μή
1528 2372 1555 2390 τι
1573 2364 1629 2391 τῶν
1641 2365 1798 2402 ἑπιρῤητων

1007 2408 1199 2443 διελεγχθέντα
1211 2408 1314 2444 πρᾶξαι
1325 2409 1370 2435 τὸν
1385 2409 1470 2445 ἄνδρα
1482 2431 1490 2443 ,
1503 2410 1545 2437 ὅτι
1559 2410 1587 2437 δὲ
1600 2413 1799 2448 προσωνυμίαν

1007 2453 1125 2488 ἐπαυχεϊ
1137 2453 1187 2489 τὴν
1202 2454 1366 2488 Χριστιανὸς
1378 2455 1505 2488 κολάζειν
1526 2456 1673 2492 ὴρέθισαι;
1688 2459 1720 2485 οὑ
1735 2459 1799 2494 πρέ-

1006 2500 1094 2525 ποντά
1107 2508 1139 2533 γε
1151 2499 1237 2526 ταῦτα
1251 2501 1360 2527 εύσεσεῖ
1375 2501 1570 2537 αὐτοκράτορι,
1583 2503 1645 2530 οὐδὲ
1660 2505 1798 2539 φιλοσόφῳ

1008 2545 1151 2581 Καίσαρος
1174 2546 1263 2578 παιδὶ,
1277 2546 1337 2573 οὐδὲ
1353 2547 1414 2582 ίερᾷ
1429 2547 1576 2583 συγκλήτῳ
1593 2548 1710 2584 κρίνεις,
1728 2551 1797 2584 Οὐρ-

1006 2592 1090 2619 6ίκιε.
1103 2592 1159 2620 Καὶ
1167 2592 1207 2624 ὃς,
1219 2593 1298 2620 οὐδὲν
1309 2592 1374 2620 mo
1384 2593 1469 2620 εἰπὼν
1480 2594 1549 2628 πρὸς
1559 2595 1605 2621 τὸν
1617 2595 1735 2622 Λούκιον
1745 2595 1795 2632 [ῆ,]

1005 2640 1099 2671 Δοκεῖς
1112 2648 1158 2675 μοι
1176 2639 1231 2674 ἄρα
1249 2640 1296 2665 καὶ
1316 2641 1348 2666 σὺ
1371 2639 1492 2672 τοιοῦτος
1505 2640 1542 2667 ὢν
1559 2642 1587 2672 ἐς
1604 2641 1686 2677 δεῦρο
1697 2636 1797 2670 ’λανθάς

1005 2694 1073 2719 νειν,
1088 2685 1137 2712 τοῦ
1151 2686 1180 2712 δὲ
1193 2687 1242 2712 καὶ
1260 2686 1378 2720 μάλιστα
1395 2687 1543 2722 φήσαντος,
1564 2689 1612 2714 καὶ
1629 2689 1712 2715 αὑτὸν
1727 2689 1796 2716 ἁπά-

1004 2740 1065 2766 γειν
1082 2732 1205 2758 ἐκέλευε·
1221 2731 1338 2763 Λούκιος
1354 2732 1382 2758 δὲ
1399 2733 1446 2759 καὶ
1471 2732 1553 2769 χάριν
1577 2734 1681 2762 εἰδέναι
1697 2736 1797 2770 διωμο-

1003 2779 1078 2814 λόγει
1093 2787 1100 2795 ·
1119 2779 1247 2814 πονηρῶν
1260 2779 1313 2814 γὰρ
1327 2779 1549 2806 ἀπαλλάττεσθαι
1562 2781 1716 2815 δεσποτῶν,
1729 2782 1796 2815 πρὸς

1003 2826 1025 2852 δ’
1037 2826 1138 2859 ἀγαθὸν
1149 2826 1216 2852 Θεὸν
1233 2825 1343 2862 Πατέρα
1357 2826 1405 2852 καὶ
1420 2826 1532 2860 βασιλέα
1546 2830 1728 2865 μεταχωρεῖν.
1741 2829 1795 2856 Καὶ

1003 2875 1094 2908 τρίτος
1118 2872 1164 2899 ἐπὶ
1193 2871 1300 2904 τούτοις
1327 2871 1421 2906 ἕτερος
1444 2873 1579 2906 ἐπελθὼν,
1605 2875 1796 2911 προσετιμήθη
