1885 3059
79 117 134 150 965

544 116 851 148 ECCLESIASTICM
867 115 1064 148 HISTORLE
1084 116 1159 148 LIB.
1183 117 1242 149 III.

1651 121 1706 154 906

77 176 124 210 τὴν
136 175 260 204 κόλασιν.
274 175 358 203 Ταῦτ’
369 174 465 208 εἰπὼν,
481 175 581 210 ἀπάγει
596 175 686 210 ἀσπιρ
701 175 806 202 ἀνωθεν
820 191 821 197 η

977 174 1062 202 filium
1079 174 1286 210 philosophum.
1309 174 1369 202 Non
1393 175 1441 208 ita,
1460 179 1490 203 ut
1503 182 1582 204 sacro
1597 179 1705 206 senatui

77 221 122 249 τοῦ
137 222 232 256 φωνὰς
244 223 430 258 κατελέξαμεν
444 230 451 238 ”
468 231 477 248 ι
493 221 580 256 Κάγὼ
593 221 640 248 οὖν
655 220 797 257 προσδοκῶ
812 220 865 247 ὑπό

78 275 147 300 τινος
167 267 224 294 τῶν
248 268 455 303 ὠνομασμένων
479 267 721 302 ἐπιϐουλευθῆναι,
734 276 744 294 ι
763 267 811 294 καὶ
831 266 867 293 τὰ

78 311 149 345 ἑξῆς.
165 311 258 339 Πολλά
276 312 305 339 δὴ
319 312 367 339 καὶ
387 321 464 344 ουτος
485 312 561 343 θείας
577 312 625 339 καὶ
644 311 867 346 πεπαιδευμένης

918 219 1058 252 convenit,
1074 220 1193 255 judicas.
1211 219 1316 248 Urbici.
1333 220 1368 247 Et
1385 220 1430 248 ille
1444 228 1498 248 non
1517 220 1592 249 aliud
1605 222 1639 249 ad
1652 222 1708 250 Lu-

918 265 992 293 cium
1008 265 1089 296 dixit,
1106 273 1188 301 quam
1204 273 1268 294 eum
1286 273 1397 301 quoque
1411 267 1492 294 talem
1504 267 1569 301 sibi,
1584 267 1631 303 qui
1643 268 1708 296 hae-

920 317 1002 340 lenus
1024 312 1159 344 latuisset,
1187 312 1288 340 videri.
1318 313 1403 348 quue
1430 314 1477 342 ille
1502 321 1564 342 cum
1589 315 1708 344 maxime

78 357 160 389 ὕψι-ως
173 357 268 394 ψυχῆς
282 358 479 385 καταλέλοιπεν
494 358 691 394 ὑπομνήματα,
706 357 795 392 πάσης
809 358 822 383 0

963 364 1117 391 evertisset,
1136 359 1236 388 abduci
1254 368 1316 387 eum
1342 361 1422 388 simul
1447 361 1590 397 prmeepit.
1607 362 1657 388 Cui
1677 370 1707 390 se

79 404 174 438 σοφίας
199 405 248 432 καὶ
273 405 428 440 ὑπερτέρας
451 404 579 438 γνώσεως
605 404 728 439 ἐμπλεω·
750 404 816 439 περὶ

964 405 1034 432 ιιίοηι
1048 413 1159 440 quoque
1175 406 1220 433 ille
1240 406 1341 434 debere
1361 407 1502 442 professus
1516 413 1558 435 est
1575 415 1610 436 :a
1628 409 1708 437 malis

79 450 106 476 ἐν
119 450 158 485 τῷ
178 450 251 485 μετὰ
266 450 361 477 τοῦτον
375 451 514 485 ὲγκαίρως
529 449 607 484 τόμῳ
621 449 820 484 διαληψόμεθα.

964 450 1024 484 ippe
1039 450 1160 478 dominis
1179 459 1207 479 se
1223 451 1345 484 liberari,
1361 457 1388 480 et
1405 453 1438 480 ad
1457 453 1541 481 Deum
1555 454 1664 482 Patrem
1680 461 1708 482 et

80 503 169 531 regem
185 496 323 530 optimum
339 496 469 523 transire.
485 496 526 524 Ad
539 503 610 531 quos
627 496 726 523 tertius
743 495 813 522 alius
828 495 923 522 itidem
957 497 1084 530 accessit,
1118 497 1145 524 in
1159 505 1242 532 quem
1277 499 1415 533 supplicio
1430 507 1541 535 quoque
1554 506 1596 528 est
1617 501 1709 528 anim-

79 545 238 572 adversum.
254 545 302 573 His
316 545 355 572 ita
369 545 602 576 commemoratis,
620 543 746 571 Justinus
761 551 794 570 ea
827 551 889 578 quae
908 551 991 579 supra
1013 546 1201 579 exposuimus,
1219 546 1332 582 subjicit
1352 548 1435 574 verba
1451 557 1458 574 :
1478 558 1504 584 κ(
1524 549 1580 584 Ego
1597 549 1707 584 quidem

81 591 195 619 insidias
210 595 240 619 et
255 591 423 618 fustuarium
447 595 588 626 exspecto,
608 600 617 616 ι
633 594 688 618 etc.
709 590 792 617 Multa
816 598 882 617 vero
902 590 925 617 is
944 598 1065 626 quoque,
1081 592 1174 619 divina
1195 593 1282 628 probe
1302 594 1452 621 instructus
1470 595 1606 630 doctrina,
1623 596 1709 624 edidit

80 639 196 675 scripta,
213 639 320 667 caelesti
337 639 474 675 sapientia
491 647 677 675 supremaque
711 639 828 667 scientia
851 639 964 667 referta.
1000 640 1038 667 De
1061 640 1164 675 quibus
1184 640 1212 668 in
1235 649 1269 668 eo
1289 642 1336 677 qui
1359 643 1486 678 sequitur
1509 648 1596 678 tomo,
1631 652 1708 672 com-

81 687 160 715 mode
176 687 315 716 dicemus.

304 743 320 751 ⁵
370 745 499 772 ΚΕΦΔΛ.
519 744 580 772 ΛΔν.

178 802 251 838 Περὶ
263 801 323 829 τῶν
337 801 372 828 ἐν
397 801 483 834 Ἀσία
495 799 766 836 μαρτυρησάντων.

1188 742 1302 771 CAPUT
1321 736 1460 771 xxxxv.’

975 795 1013 823 De
1027 795 1100 828 aliis,
1114 797 1159 831 qui
1175 796 1202 823 in
1217 797 1280 824 Atia
1296 798 1425 832 martyrio
1438 803 1500 825 sunt
1515 799 1655 834 perfuncti.

113 859 236 890 Πολλοὺς
253 857 282 885 δὲ
298 857 347 884 καὶ
362 857 462 889 ἄλλους
478 857 620 892 μάρτυρας
634 856 712 891 λόγος
727 856 784 892 ἔχει
799 856 857 883 κατι

965 853 1055 880 ilultos
1069 852 1138 880 vero‘
1146 858 1172 880 et
1189 853 1257 881 alios
1273 860 1406 890 martyres
1423 855 1450 883 in
1463 856 1525 883 Asia
1541 856 1626 885 fuisse
1643 865 1709 885 con-

78 904 127 941 τὴν
146 904 242 931 ’Δσίαν
266 903 459 937 ινδιαπρέψαι,
475 903 522 928 καὶ
538 902 623 937 πρινὴ
640 902 754 937 Μάρκον
777 902 868 938 Αὐρή-

79 952 136 978 λιον
159 950 332 981 Ἀντωνίνον,
362 949 415 975 ὑπὸ
435 947 579 976 Ἰουστίνου
603 948 651 976 καί
677 957 759 975 τινων
780 949 870 976 ἀλλων

80 995 307 1032 παρακληθέντα,
324 994 363 1029 τῷ
378 993 460 1028 κοινῷ
477 993 527 1028 τῆς
546 993 640 1024 Ἀσίας
657 994 820 1027 ὶπιστεῖλαι,
837 995 871 1029 ῆν

80 1042 133 1078 πρὸ
160 1041 281 1077 βραχέος
312 1039 396 1068 αὑτοῦ
425 1040 572 1075 ἐπιστολὴν
601 1040 792 1075 παρεθέμεθα,
823 1042 871 1067 καὶ

81 1088 186 1115 παῦσαι
201 1087 249 1114 τὸν
267 1086 397 1121 διωγμόψ
412 1085 457 1112 ὅτι
483 1085 621 1120 μεγίστων
641 1086 776 1120 κινήσεως
799 1085 872 1112 κατὰ

79 1133 128 1169 τὴν
146 1132 243 1160 Ἀσίαν
255 1132 461 1167 γεγενημένων,
475 1131 525 1158 σὺν
540 1130 630 1165 πολλῷ
646 1130 753 1166 θορύϐῳ
765 1131 812 1157 καὶ
825 1130 871 1157 τὸν

80 1179 215 1215 ὁμιλητὴν
229 1178 285 1205 τῶν
298 1177 458 1204 ἀποστόλων
468 1176 659 1213 Πολὺκαρπον,
673 1177 710 1212 τῷ
727 1177 872 1212 μαρτυρίῳ

80 1224 264 1260 τελειωθῆναι
280 1231 375 1258 φασιν·
387 1223 416 1255 ὃς
433 1223 505 1258 μετά
518 1223 564 1249 τὸν
581 1223 791 1258 θαυματουργὺν
808 1223 873 1249 Βου-

81 1272 159 1298 κόλον
171 1271 221 1305 τῆς
235 1269 400 1305 Σμυρναίων
414 1268 565 1303 ἐκκλησίας
579 1268 713 1303 ἡγήσατο·
727 1267 774 1294 καὶ
788 1268 872 1294 εἰσέτι

82 1317 270 1352 δ’ὲγγράφως
294 1315 325 1342 τι)
353 1315 507 1350 μαρτύριον
529 1314 615 1342 αὑτοῦ
632 1315 756 1349 φέρεται·
774 1311 804 1340 οὗ
825 1314 873 1341 καί

81 1372 143 1390 τινα
155 1364 191 1397 τῇ
204 1361 332 1397 παρούσῃ
346 1361 457 1393 ἐντάξαι
470 1362 563 1396 γραφῇ
578 1361 728 1394 ἀναγκαῖον
741 1358 813 1386 εἶναι
829 1369 873 1394 μοι

83 1407 265 1444 φαίνεται.Ἦ
275 1407 303 1434 δὲ
317 1407 422 1442 γραφὴ,
435 1408 467 1434 ὲκ
480 1406 629 1442 προσώπου
641 1404 674 1442 ἦς
687 1406 768 1437 αὐτὸς
780 1408 874 1440 ἡγεῖτο

83 1455 155 1482 κατὰ
172 1454 224 1489 τὴν
247 1452 340 1480 Ἀσίαν
361 1452 510 1488 ἐκκλησίας
526 1452 595 1484 ἐστὶ,
611 1453 671 1483 ταῖς
688 1453 758 1478 κατὰ
775 1452 875 1478 Πόντον

82 1501 247 1536 πσροικίαις
265 1500 301 1526 τὰ
325 1500 394 1535 προς
411 1499 449 1533 τῷ
473 1498 546 1525 τέλει
565 1497 654 1533 τούτῳ
673 1498 808 1533 γενόμενα
824 1498 873 1533 έμ-

921 903 985 932 stat,
997 900 1157 935 priusquam
1170 899 1278 928 Marcus
1292 902 1420 928 Aurelius
1429 903 1596 932 Antoninus.
1608 903 1709 932 Justini

921 947 1095 981 aliorumque
1117 947 1339 974 Christianorum
1362 948 1463 976 libellis
1481 954 1632 984 permotus,
1649 951 1710 986 cpi-

921 993 1002 1025 stola,
1015 1000 1096 1027 quam
1112 994 1193 1028 paulo
1207 998 1270 1020 ante
1286 993 1443 1026 retulimus,
1458 994 1492 1021 ad
1509 995 1581 1022 Asia:
1594 996 1712 1030 populos

922 1041 1016 1072 missa,
1041 1041 1262 1074 persecutionem
1284 1040 1409 1068 cohibuit
1429 1048 1437 1068 τ
1455 1049 1510 1076 quo
1538 1046 1660 1077 tempore
1683 1042 1711 1070 in

922 1087 1051 1113 maximis
1067 1086 1138 1113 Asiae
1151 1086 1272 1113 motibus
1285 1091 1312 1113 et
1328 1087 1431 1121 ingenti
1449 1087 1583 1119 tumultu.
1599 1093 1713 1123 aposto-

922 1132 1013 1160 lorum
1026 1137 1148 1160 sectator
1161 1133 1330 1168 Polycarpus
1342 1134 1475 1168 martyrio
1488 1139 1531 1161 est
1544 1134 1690 1162 defunctus
1702 1144 1709 1162 :

922 1179 969 1214 qui
989 1185 1050 1214 post
1065 1179 1197 1206 Bucolutn
1215 1179 1444 1207 admirandorum
1466 1188 1581 1215 operum
1598 1181 1714 1210 effecto.

923 1231 999 1256 rem,
1025 1224 1230 1260 Smyrnatorum
1256 1225 1380 1252 ecclesia:
1406 1225 1524 1260 praefuit.
1552 1225 1711 1262 Martyrium

922 1276 991 1296 vero
1006 1269 1078 1303 ejus,
1101 1270 1128 1296 in
1150 1270 1255 1304 scripto
1277 1269 1359 1297 hodie
1376 1278 1488 1304 quoque
1505 1271 1711 1304 circumfertur,

923 1315 997 1350 quod
1013 1315 1042 1342 in
1059 1322 1176 1349 persona
1191 1316 1251 1351 ejus
1267 1323 1349 1350 quam
1370 1316 1397 1342 in
1410 1317 1475 1344 Asia
1491 1317 1562 1344 rexit
1577 1317 1712 1350 ecclesias,

923 1360 958 1388 ad
984 1361 1115 1389 ecclesias
1140 1361 1220 1388 Ponti
1247 1361 1363 1394 editum.
1383 1366 1538 1389 extremum
1564 1363 1624 1397 ejus
1650 1364 1712 1390 vitae

924 1410 1017 1432 actum
1040 1406 1114 1432 clare
1138 1405 1261 1439 exponit.
1281 1405 1355 1433 Unde
1373 1406 1466 1441 aliqua
1486 1412 1582 1433 nostro
1602 1414 1714 1442 quoque

924 1452 1000 1486 operi
1018 1453 1141 1479 inserere
1158 1453 1270 1486 placuit.
1289 1452 1378 1479 Verba
1392 1453 1451 1488 ejus
1476 1453 1533 1480 haec
1553 1458 1637 1480 sunt:
1663 1454 1714 1481 Ec-

925 1498 1009 1524 clesia
1031 1497 1078 1524 Dei
1102 1506 1163 1531 qua:
1187 1498 1311 1533 Smyrnae
1334 1503 1387 1530 est,
1407 1499 1485 1533 271
1509 1500 1637 1527 Ecclesia:
1664 1500 1713 1527 Dei

83 1548 157 1582 φανῆ
173 1545 345 1574 καθιστῶσα·
360 1546 433 1579 λέγει
446 1545 476 1571 δὲ
489 1545 585 1576 οὕτως·
624 1544 655 1570 'H
677 1544 811 1580 ικκλησία
825 1554 827 1561 ·

968 1544 998 1570 ad
1014 1543 1217 1576 Philonteliutn,
1232 1544 1413 1579 omnibusque
1429 1546 1531 1580 ubique
1549 1550 1652 1573 sancta;
1669 1553 1712 1573 ca-

83 1594 154 1621 Θεοῦ
180 1594 198 1627 ή
228 1592 399 1627 παροικοῦσα
424 1592 565 1626 Σμύρναν,
595 1592 628 1626 τῇ
650 1589 800 1626 Ἐκκλησία
828 1590 875 1616 τοῦ

84 1640 154 1668 Θεοῦ
169 1641 204 1675 τῇ
221 1638 393 1674 παροικούσῃ
407 1638 436 1664 ὲν
452 1636 620 1672 Φιλομηλίῳ,
638 1637 685 1663 καὶ
698 1637 801 1668 πάσαις
815 1637 877 1669 ταῖς

84 1686 158 1714 κατὰ
182 1685 276 1712 πάντα
307 1684 401 1714 τόπον,
427 1682 509 1716 ἁγίας
538 1681 689 1717 καθολικῆς
714 1682 878 1716 Ἐκκλησίας

85 1730 260 1765 παροικίαις,
274 1729 358 1761 ἔλεος,
376 1729 484 1763 εἰρήνη,
499 1728 546 1754 καὶ
562 1728 657 1763 ἀγάπη
673 1727 741 1754 Θεοῦ
759 1727 876 1763 Πατρδς,

87 1778 135 1804 καὶ
145 1776 254 1811 Κυρίου
265 1775 345 1810 ήμῶν
360 1774 448 1809 Ἰησοῦ
460 1774 580 1809 Χριστοῦ
592 1774 771 1810 πληθυνθείη.
780 1775 878 1809 Ἐγρά-

86 1824 181 1859 ψαμεν
198 1822 275 1856 ὑμῖν,
288 1821 411 1855 ἀδελφοὶ,
427 1821 461 1846 τὰ
477 1821 547 1848 κατὰ
568 1821 631 1852 τοὺς
647 1822 878 1856 μαρτυρήσαντας

86 1873 134 1898 καὶ
158 1870 206 1897 τὸν
232 1869 368 1904 μακάριον
391 1866 581 1902 Πολύκαρπον·
596 1868 672 1899 ὅστις
699 1868 794 1902 ὥσπερ
819 1868 879 1894 ἑπι-

87 1915 250 1951 σφραγίσας
276 1914 320 1942 διὰ
343 1912 394 1946 τῆς
420 1912 576 1948 μαρτυρίας
600 1912 696 1945 αὐτοῦ,
721 1913 879 1939 κατέπαυσε

86 1963 133 1990 τὸν
146 1960 279 1996 διωγμόν·
298 1959 346 1986 καὶ
365 1958 495 1994 ἄρχονται
512 1967 544 1994 γε
562 1958 644 1990 εὐθὺς
661 1959 714 1993 πρὸ
729 1958 776 1985 τοῦ
791 1959 879 1986 Πολυ-

87 2009 200 2044 κάρπου
225 2007 282 2034 τῶν
307 2005 396 2034 ἀλλων
424 2005 574 2041 μαρτύρων
602 2004 791 2040 θαυμάζοντες
815 2006 880 2037 τοὺς

89 2056 203 2086 ἄθλους,
220 2054 295 2085 ὅπως
309 2051 485 2087 κατέπληξαν
507 2053 563 2083 τοῖς
578 2051 672 2083 ἀθλοις
687 2051 751 2082 τοὺς
773 2051 879 2086 θεωμέ-

89 2110 166 2133 νους.
180 2100 261 2131 Τινὲς
278 2099 328 2134 μιν
339 2098 394 2134 γὰρ
405 2098 496 2126 αὐτῶν
512 2098 584 2125 οὕτω
599 2099 659 2129 ταῖς
673 2097 783 2132 μάστιξι
799 2097 880 2133 μέχρι

88 2150 145 2177 τῶν
169 2147 321 2174 emerui.
345 2146 452 2181 φλεϐῶν
468 2153 498 2172 τε
523 2145 571 2172 καὶ
595 2145 736 2181 ἀρτηριῶν
752 2144 880 2176 κατέξαι-

89 2203 180 2227 νοντο,
198 2193 236 2225 ὠς
251 2193 299 2219 καὶ
315 2192 350 2219 τὰ
369 2193 399 2219 ἔν
417 2193 512 2227 μυχοῖς
528 2191 673 2228 ἀπόρρητα
688 2191 735 2219 τοῦ
754 2191 879 2227 σώματος
896 2209 919 2238 D

89 2241 185 2269 αὐτῶν
212 2239 282 2275 μέλη
313 2239 360 2266 καὶ
386 2239 530 2274 σπλάγχνα
553 2237 781 2265 κατοπτεύεσθαι·
806 2238 880 2266 ἄλλοι

90 2286 198 2323 κήρυξι
222 2286 280 2317 τοῖς
302 2284 356 2312 ἀπὸ
381 2284 519 2319 θαλάσσης
543 2284 591 2311 καὶ
614 2284 706 2316 ἄλλοις
730 2284 882 2316 ὀϐελίσκοις

90 2335 168 2367 ὀξέσι
193 2332 265 2360 κατά
280 2330 333 2366 γῆς
349 2331 577 2366 στρωννυμένοις·
593 2331 640 2357 καὶ
656 2331 756 2362 αὐτοὺς
779 2330 882 2358 ἀνωθεν

91 2376 287 2414 ὶπισύρεσθαι·
309 2375 369 2403 εἶτα
384 2376 428 2403 διὰ
453 2375 603 2402 κακώσεων
617 2375 752 2403 πλείστων
770 2375 817 2402 καὶ
832 2375 882 2410 βα-

93 2425 187 2452 σάνων
203 2422 340 2449 παντοίων
355 2421 403 2447 καὶ
417 2418 613 2456 στρεϐλώσιων
628 2419 790 2455 προῖόντων,
806 2420 883 2452 τέλος

92 2470 194 2505 θηρσὶν
217 2468 259 2500 είς
281 2467 365 2502 βορὰν
387 2466 619 2502 ἀπορῤίπτεσθαι.
632 2467 700 2493 Φασι
725 2475 757 2501 γε
777 2466 830 2502 μὴν
852 2464 883 2493 εὖ

93 2516 170 2552 μάλα
178 2514 218 2550 τῷ
231 2513 375 2549 μαρτυρίῳ
386 2512 535 2548 διαπρέψαι
547 2513 729 2548 Γερμανικὸν,
741 2513 885 2548 ὑπερῤων-

93 2563 180 2590 νύντα
202 2561 253 2587 σὺν
270 2559 330 2595 θείᾳ
353 2558 445 2594 χάριτι
472 2559 523 2593 τὴν
547 2557 669 2593 ἔμφυτον
692 2558 741 2584 τοῦ
759 2558 885 2594 σώματος

94 2609 162 2644 περὶ
178 2607 226 2634 τδν
249 2606 367 2633 θάνατον
385 2605 498 2632 δειλίαν.
516 2605 570 2632 Τοῦ
593 2605 616 2632 δ’
631 2605 790 2632 ἀνθυπάτου
815 2605 886 2632 ὑπά-

95 2656 196 2691 γεσθαι
212 2653 309 2681 τοῦτον
324 2652 499 2688 βουλομένου,
515 2653 563 2679 καὶ
574 2653 605 2679 τὸ
619 2652 718 2688 κομιδῇ
735 2652 782 2679 τοῦ
794 2652 887 2687 σώμα-

96 2710 143 2733 τος
155 2701 276 2736 ἀκμαῖον
295 2702 344 2726 σὺν
360 2698 419 2734 ὥρᾳ
437 2699 521 2733 φειδώ
534 2707 596 2726 τινα
612 2698 683 2734 ἔχειν
696 2699 885 2734 προϐαλλομέ-

96 2756 156 2781 νου,
174 2747 212 2782 μὴ
229 2744 362 2780 μελλῆσαι
374 2743 419 2770 τὸν
436 2744 509 2779 ἱερὸν
524 2745 645 2776 νεανίαν,
657 2744 724 2770 ἀλλὰ
739 2743 886 2779 προθύμως

96 2795 127 2821 τὸ
144 2793 240 2829 θηρίον
255 2792 295 2824 είς
310 2792 406 2819 ἑαυτὸν
428 2791 646 2823 ἐπισπάσασθαι,
664 2790 805 2826 μονονουχὶ
827 2790 888 2826 βίαν

98 2842 240 2875 ἐπάγοντα
265 2840 312 2868 καὶ
330 2832 528 2874 παροξύνοντα,
543 2838 579 2870 ὡς
608 2839 640 2865 ἀν
664 2846 694 2872 γε
721 2837 815 2873 τάχιον
841 2838 888 2865 τοῦ

928 1589 1037 1616 tholicte
1056 1589 1184 1616 Ecclesia:
1204 1590 1350 1624 parmciis.
1369 1591 1575 1623 misericordia,
1600 1599 1667 1627 pax,
1687 1596 1715 1620 et

928 1636 1049 1663 Charitas
1073 1635 1119 1662 Dei
1138 1635 1237 1668 Patris,
1254 1641 1282 1663 et
1301 1636 1408 1663 Domini
1427 1638 1514 1664 nostri
1530 1637 1594 1665 Jesu
1611 1637 1714 1665 Christi

928 1682 1138 1717 multiplicetur.
1156 1681 1324 1717 Scripsimus
1349 1683 1440 1717 vobis,
1459 1685 1568 1716 fratres,
1589 1685 1622 1711 de
1645 1691 1717 1711 mar-

929 1727 1046 1763 tyribus,
1063 1732 1092 1754 et
1111 1728 1190 1755 beato
1214 1728 1364 1763 Polycarpo
1381 1738 1388 1756 :
1405 1729 1452 1764 qui
1471 1730 1554 1756 veluti
1575 1729 1717 1764 signaculo

929 1773 1047 1808 quodam
1064 1773 1211 1808 impresso,
1229 1781 1278 1809 per
1304 1776 1465 1810 martyrium
1489 1782 1568 1803 suum
1589 1783 1718 1810 persecu-

930 1819 1033 1847 tionem
1052 1820 1189 1848 cohibuit.
1206 1820 1240 1847 Et
1255 1820 1365 1847 initium
1380 1821 1518 1848 scribendi
1535 1821 1640 1849 faciunt
1654 1827 1718 1849 ante

929 1865 1122 1901 Polycarpum,
1138 1865 1173 1893 de
1188 1866 1356 1901 martyribus
1379 1867 1451 1898 aliis,
1467 1875 1585 1902 quorum
1607 1868 1717 1902 egregia

929 1911 1103 1938 admirantur
1117 1912 1280 1944 certamina,
1291 1913 1392 1946 quibus
1402 1912 1449 1939 alii
1461 1913 1533 1947 apud
1547 1918 1718 1947 spectatores

930 1963 1074 1991 stuporem
1089 1957 1257 1984 excitarunt.
1270 1957 1388 1990 Quidam
1409 1966 1506 1985 eorum
1525 1959 1562 1986 ita
1577 1958 1669 1994 ﬂagris
1683 1959 1718 1986 ad

931 2003 1078 2031 interiores
1098 2011 1187 2038 usque
1201 2011 1285 2031 venas
1301 2010 1327 2031 et
1344 2005 1460 2031 arterias
1475 2009 1539 2032 sunt
1552 2005 1627 2037 cassi,
1642 2011 1673 2033 ut
1690 2006 1719 2032 in

930 2050 1030 2077 abditis
1043 2050 1149 2077 sinibus
1163 2055 1267 2077 secreta
1279 2050 1402 2085 corporis
1415 2051 1538 2078 membra
1554 2056 1582 2079 et
1601 2051 1658 2086 ipsa
1678 2052 1720 2079 vi-

931 2103 1009 2123 scera
1024 2097 1262 2131 conspicerentur.
1279 2096 1395 2129 Quidam
1417 2096 1493 2124 humi
1510 2098 1588 2126 testis
1607 2098 1721 2126 marinis

931 2142 1048 2178 aliisque
1060 2142 1148 2170 acutis
1162 2143 1277 2175 spiculis
1286 2144 1531 2179 constratis,super
1540 2151 1571 2171 ea
1581 2144 1720 2175 collocati.

932 2194 1014 2224 atque
1024 2190 1088 2217 hinc
1097 2190 1194 2218 etinde
1201 2190 1300 2225 raptati
1308 2195 1373 2218 sunt
1381 2199 1388 2224 ;
1395 2195 1488 2218 etmox
1498 2191 1623 2226 plurimis
1631 2192 1722 2220 omnis

933 2237 1044 2272 generis
1055 2236 1155 2272 poenis,
1169 2237 1313 2265 tormentis
1328 2242 1356 2265 et
1370 2238 1539 2266 cruciatibus
1554 2238 1656 2270 amicti,
1673 2246 1722 2273 po-

932 2289 1036 2311 stremo
1052 2283 1149 2311 bestiis
1164 2289 1228 2311 sunt
1241 2284 1350 2319 objecti.
1364 2284 1390 2311 In
1400 2284 1497 2319 primis
1510 2292 1575 2312 vero
1589 2286 1721 2320 martyrio

933 2330 1069 2357 enituisse
1095 2330 1192 2358 dicunt
1214 2329 1419 2362 Germanicum,
1438 2330 1485 2366 qui
1502 2330 1595 2358 divina
1611 2331 1723 2366 adjutus

933 2377 1032 2411 gratia,
1050 2377 1164 2404 insitum
1190 2377 1299 2412 corpori
1323 2377 1419 2405 tuortis
1441 2382 1543 2404 metum
1570 2378 1720 2412 superavit.

934 2422 1003 2450 Cum
1018 2423 1091 2450 enim
1103 2423 1250 2458 proconsul
1262 2423 1415 2451 subducere
1430 2431 1492 2451 eum
1506 2431 1538 2451 ex
1553 2424 1722 2459 reliquorum

936 2475 1087 2503 martyrum
1111 2477 1229 2496 numero
1250 2470 1348 2503 vellet,
1374 2470 1541 2505 parcendum
1565 2478 1627 2497 esse
1649 2471 1722 2498 aetati

935 2515 1047 2542 ﬂorenti
1062 2519 1089 2542 et
1104 2515 1199 2543 formte
1211 2517 1356 2544 excellenti
1373 2525 1533 2552 suggerens,
1548 2517 1618 2544 nihil
1633 2525 1725 2544 mora-

937 2565 982 2587 tus
1002 2564 1045 2587 est
1063 2560 1243 2594 adolescens,
1269 2562 1318 2589 sed
1344 2569 1441 2597 magna
1465 2563 1549 2590 animi
1572 2563 1724 2598 cupiditate

937 2605 1054 2633 bestiam
1083 2606 1110 2632 in
1139 2606 1262 2641 seipsum
1286 2608 1430 2642 pertraxit,
1451 2615 1511 2635 eam
1536 2613 1641 2636 tantutn
1670 2616 1725 2635 non

937 2660 987 2687 per
1000 2652 1054 2678 vim
1070 2652 1184 2679 irritans
1210 2658 1292 2687 atque
1308 2655 1462 2686 concitans,
1478 2659 1507 2681 ut
1521 2655 1629 2682 scilicet
1644 2661 1726 2689 quam

939 2699 1084 2726 celerrime
1097 2698 1131 2726 ab
1149 2699 1282 2734 improbis
1298 2700 1444 2735 impiorum
1457 2701 1599 2728 hominum
1618 2701 1726 2728 libera-

939 2751 1015 2772 retur
1040 2745 1172 2772 moribus.
1191 2745 1257 2772 Tam
1278 2746 1387 2773 fortiter
1409 2751 1484 2774 certe
1500 2753 1528 2774 et
1547 2748 1661 2782 pulchre
1679 2754 1727 2780 per

939 2796 1056 2819 mortem
1080 2796 1191 2826 propter
1203 2791 1345 2818 Christum
1364 2792 1525 2826 martyrium
1542 2801 1623 2820 suutn
1637 2793 1728 2819 absol-

940 2838 991 2873 vit,
1007 2843 1037 2866 ut
1050 2845 1113 2865 cum
1129 2837 1278 2866 multitudo
1292 2838 1488 2872 dctniraretur,
1503 2843 1529 2867 et
1546 2839 1578 2866 ad
1597 2840 1726 2865 tirtutem
