1882 3062
162 103 231 135 1079

777 109 990 141 NICEPHORI
1011 111 1186 141 CALLISTI

1721 114 1791 145 N80

159 161 249 188 vanda
263 169 324 189 esse
333 162 488 196 judicabat,
501 173 562 200 qua:
574 166 752 200 prohiberent
764 166 832 194 duas
846 168 942 196 habere

1038 178 1056 195 t.
1083 169 1136 195 Καὶ
1153 170 1178 203 γ’
1202 169 1336 204 ἐφύλαττε
1355 171 1539 207 διαφερόντως
1558 170 1639 204 αὐτὰ,
1657 171 1686 198 ὲν
1708 171 1789 206 ψύχει

161 209 282 239 tunicas,
299 216 346 237 aut
361 211 557 239 calceamentis
573 213 624 244 ttti,
639 217 687 239 attt
705 213 828 241 animum
844 214 948 242 futura-

163 263 223 282 rum
246 264 336 284 rerum
359 265 424 285 cura
448 264 474 285 et
491 259 680 287 sollicitudine
707 268 847 288 macerare
873 265 950 288 veta-

162 308 235 329 rent.
254 303 347 338 anue
367 304 425 338 ipsa
449 305 568 332 servavit
588 311 735 338 accurate,
758 308 784 334 in
803 307 904 342 frigore
922 313 952 335 ct

162 348 305 381 nuditate,
330 347 412 376 etiam
439 355 536 384 prazter
561 357 690 384 aetatem,
716 353 799 379 vitam
827 354 949 388 exigens.

163 393 221 420 lllis
236 402 345 428 quoque
369 397 454 423 rebus
478 396 562 424 animi
587 398 629 424 sui
655 399 902 434 promptitudinem
923 398 951 426 et

163 439 289 466 arderem
313 441 380 467 satis
406 441 575 476 declaravit,
600 444 673 478 quod
699 445 825 479 regiones
851 446 951 473 multas

164 486 335 520 tempori-bus
354 488 448 514 multis
470 497 620 523 peragrans
632 511 639 522 ,
664 491 748 518 nullis
764 500 831 519 usus
848 493 884 519 sit
897 493 952 519 cal-

162 531 218 557 ceis
231 540 239 557 ;
253 531 372 566 vinoque
384 541 508 567 prorsus,
523 536 641 570 aliisque
658 537 751 566 rebus.
762 542 842 564 extra
857 545 952 564 neces-

162 575 266 602 sarium
291 577 466 609 alimentum.
493 579 680 607 abstinuerit:
708 589 797 615 usque
820 581 900 613 adeo,
923 586 953 609 ut

162 621 315 654 periculum
343 627 371 650 et
390 623 543 658 perniciem
569 625 680 659 corpori
709 633 759 652 stto
785 625 950 654 conciliarit.

997 215 1047 242 καὶ
1060 217 1212 250 γυμνότητι
1239 218 1428 253 διακαρτερῶν
1443 219 1489 246 καὶ
1505 219 1571 254 παρ’
1588 218 1698 253 ἠλικίαν
1710 226 1718 234 ’
1741 219 1789 244 καὶ

998 262 1027 288 ἐν
1043 261 1156 293 ταύταις
1173 263 1396 298 ἐπιδεδειγμένος
1414 264 1444 291 τὺ
1462 265 1602 299 πρόθυμον
1616 264 1654 295 ὡς
1673 265 1722 290 καὶ
1736 263 1790 298 γῆν

999 308 1102 341 πολλὴν
1117 308 1226 342 χρόνοις
1242 311 1358 343 μακροῖς
1369 310 1555 345 διερχόμενον,
1574 310 1709 345 μηδαμῶς
1723 310 1789 336 ὑπο-

996 354 1103 387 δήμασι
1128 354 1297 388 χρήσασθαι·
1324 355 1397 381 οῐνου
1417 363 1446 381 τε
1476 357 1595 390 πάμπαν
1621 355 1791 391 ἀποσχέσθαι

999 399 1048 425 καὶ
1065 400 1118 425 τῶν
1132 399 1220 434 ᾇλλων
1243 401 1313 435 πλὴν
1327 402 1377 435 τῆς
1392 401 1543 434 ἀναγκαίας
1557 402 1674 437 τροφῆς·
1691 401 1729 432 ὠς
1746 402 1791 427 καὶ

999 445 1125 472 κίνδυνον
1153 446 1200 473 καὶ
1227 446 1377 481 διαφθορὰν
1407 447 1446 481 τῷ
1475 448 1584 482 σώματι
1611 446 1789 482 προξενῆσαι.

1000 491 1080 519 Οὕτω
1093 492 1121 519 δὲ
1141 493 1218 527 βιῶν,
1236 494 1283 520 καὶ
1297 494 1336 528 τῷ
1352 494 1415 520 καθ’
1430 494 1527 520 ἑαυτὸν
1547 494 1731 528 ὑποδείγματι
1745 494 1792 520 τὸν

1000 539 1114 574 ἄριστον
1130 539 1272 572 εἰκονίζων
1293 540 1362 575 βίον,
1378 540 1550 575 κατέπληττε
1575 540 1625 575 μὲν
1646 540 1791 570 ἅπαντας·

1001 583 1141 619 εἰσφέρειν
1158 585 1187 612 δὲ
1211 585 1258 612 καὶ
1275 586 1415 613 κοινωνεῖν
1432 586 1510 621 αὐτῷ
1526 586 1590 618 τοὺς
1610 585 1682 612 οἴκοι
1698 586 1792 621 βουλο-

1003 629 1104 663 μένους
1119 631 1271 665 ἀπέτρεπε.

162 667 250 701 Atque
266 668 317 696 hoc
333 670 415 696 modo
430 670 536 704 vivens,
552 671 733 706 exemploque
766 680 817 700 suo
852 673 987 707 optimum
1008 675 1118 703 vivendi
1145 677 1302 706 institutum
1326 679 1499 711 ostendens,
1525 679 1553 706 in
1578 679 1792 706 admirationem

162 712 273 746 quidem
289 715 330 741 sui
347 716 445 743 extulit
459 724 566 745 omnes.
582 717 635 745 Eos
651 722 742 745 autem
762 718 808 754 qui
843 718 909 747 dare
941 725 989 748 aut
1008 725 1212 752 commutticare
1232 725 1384 760 quidquam
1407 733 1471 753 cum
1496 733 1529 754 co
1549 725 1690 757 volebant,
1713 725 1795 752 lami-

163 761 245 790 liares
257 771 333 796 suos,
351 769 496 792 aversatus
509 770 561 792 est.

474 823 587 852 CAPUT
610 823 653 852 Ἠ.

199 867 251 900 Qui
268 868 300 895 ab
313 877 343 895 ea
357 869 428 896 ducti
449 873 473 896 et
493 871 588 901 edocti,
611 872 734 912 martyrii
748 873 852 899 coronis
865 872 917 899 sint

494 911 627 941 exornati.

198 960 362 995 Complures
389 969 453 990 sane
480 971 515 990 ex
545 964 731 992 sectatoribus
759 964 838 997 suis,
872 970 954 1001 atque

163 1007 245 1034 etiam
264 1015 296 1034 ex
317 1008 357 1035 eis
380 1008 426 1042 qui
451 1009 615 1037 adulterinae
639 1015 721 1037 erant
743 1011 893 1044 doctrinae,
921 1012 954 1038 ad

163 1053 291 1080 eumdem
311 1053 524 1088 philosophandi
541 1062 664 1083 amorem
679 1057 820 1084 excitavit.
836 1058 866 1084 ln
882 1065 954 1092 quoa

164 1106 226 1126 rutn
245 1099 348 1126 intimis
362 1100 463 1127 animis
478 1102 515 1127 ita
531 1100 656 1128 divinum
672 1102 734 1129 ﬁdei
750 1103 864 1130 verbum
879 1104 954 1131 insc-

163 1146 224 1177 vit,
255 1149 286 1173 ut
324 1151 463 1173 maturum
492 1147 659 1182 uberemque
687 1148 818 1184 deinceps
843 1154 954 1185 caperet

164 1191 307 1220 fructum:
326 1192 352 1218 in
373 1197 497 1225 tantum,
522 1197 552 1220 ut
568 1200 601 1220 ex
617 1193 658 1220 eis
677 1193 801 1228 quidam,
819 1202 953 1229 persecu-

165 1238 271 1264 tionum
303 1237 496 1272 temporibus,
515 1239 641 1274 martyrii
669 1240 781 1267 coronis
809 1240 865 1267 sint
892 1240 953 1267 illu-

164 1284 256 1311 strati.
272 1285 381 1312 Primus
397 1285 520 1320 quidem,
539 1293 621 1320 quem
637 1285 769 1318 diximus,
786 1287 953 1315 Plutarchus

164 1330 237 1357 fuit:
262 1332 309 1366 qui
331 1339 394 1358 cum
421 1331 455 1358 ad
481 1332 649 1367 supplicium
676 1333 838 1365 duceretur,
856 1341 953 1368 parum

126 1373 131 1382 ‘
164 1375 253 1402 abfuit
276 1375 343 1410 quitt
359 1377 491 1412 Origenes
506 1385 617 1413 quoque
636 1378 671 1405 ab
694 1379 766 1406 illius
782 1379 953 1406 occideretur

164 1422 285 1456 civibus,
311 1427 341 1449 ttt
364 1423 410 1457 qtti
435 1429 532 1451 auctor
553 1424 629 1452 necis
656 1425 730 1452 illius
752 1425 843 1452 dictus
868 1429 951 1452 esset.

164 1467 250 1503 ldqttc
274 1468 377 1496 factum
405 1469 530 1504 proiecto
553 1475 645 1503 esset,
672 1471 724 1498 nisi
749 1479 814 1498 eum
839 1478 950 1498 rursum

165 1515 237 1548 (quin
255 1523 299 1542 res
314 1516 374 1550 ejus
388 1523 485 1543 omnes
498 1516 647 1552 dirigebat)
665 1517 758 1544 divina
777 1517 952 1544 Providentia
969 1515 990 1530 ¹⁴

165 1560 370 1588 custodivisset.
388 1561 533 1589 Secundus
548 1562 583 1589 ab
600 1562 653 1590 ltoc
675 1567 778 1598 martyr
802 1562 852 1589 fuit
875 1563 955 1590 Sere-

165 1614 229 1638 nus,
247 1607 292 1642 qui
306 1614 338 1634 ex
355 1607 449 1634 St'llolﬂ
463 1608 537 1634 illius
551 1608 703 1642 profectus,
722 1613 872 1643 spectatam
891 1607 954 1635 lidei

167 1653 351 1680 constantiam
374 1653 402 1680 in
427 1653 492 1688 igne
512 1659 607 1688 aperte
631 1655 770 1682 exhibuit.
795 1654 955 1682 Heraclides

164 1706 250 1734 porro
272 1699 384 1725 tertium
419 1699 540 1726 obtinuit
564 1700 665 1733 locum,
683 1700 762 1736 351
785 1708 847 1727 cum
865 1700 955 1726 adhuc

166 1744 194 1770 ltt
209 1750 287 1770 sacra
305 1744 496 1771 institueretur
510 1744 652 1778 doctrina,
671 1751 764 1781 utpote
778 1745 955 1772 catechume-

167 1797 230 1816 nus.
254 1789 375 1822 Quartus
395 1790 486 1818 lleron
512 1791 635 1826 symbola
651 1791 688 1827 (1)
712 1791 804 1819 adhuc
826 1795 853 1817 et
878 1791 954 1825 signa

166 1835 268 1863 divitia:
288 1836 359 1864 lucis
379 1837 579 1864 circumferens
595 1837 655 1873 (2):
683 1837 794 1872 utrique
821 1838 838 1864 ii
865 1837 955 1872 gladio

167 1887 232 1909 sunt
248 1883 384 1917 percussi.
403 1883 521 1916 Quintus
537 1885 644 1917 ordine,
662 1884 762 1912 seltohe
779 1884 854 1911 illius
868 1884 956 1910 alum-

165 1936 237 1961 nus,
264 1929 352 1964 priori
375 1930 411 1956 illi
436 1931 627 1966 cognominis.
649 1930 770 1957 Serenus
792 1930 875 1962 alter,
892 1935 956 1964 post

166 1976 369 2011 quamplurima
383 1982 584 2005 tormentorum
602 1977 776 2009 discrimina,
793 1984 842 2011 per
855 1976 955 2010 capitis

168 2022 353 2050 resectionem
365 2043 372 2054 ,
390 2031 439 2058 pro
462 2031 533 2050 verae
551 2024 661 2058 pietatis
683 2023 795 2058 praemio
807 2044 813 2054 ,
832 2022 954 2048 divinam

166 2068 263 2104 gloriae
278 2070 400 2104 suscepit
418 2077 559 2097 coronam.
574 2070 673 2097 Sextus
692 2069 792 2097 deinde
810 2068 954 2100 Basilides,

168 2115 216 2149 qui
231 2114 403 2142 decantatatn
417 2115 491 2142 illam
506 2116 712 2148 Polamia-nam,
728 2124 762 2143 ex
776 2115 956 2143 commisera-

168 2162 243 2188 tione
261 2161 296 2188 ab
317 2161 517 2195 impudicorum
535 2163 687 2190 multorum
705 2162 839 2197 petulanti
854 2161 954 2196 injuria
970 2178 996 2209 Β

167 2208 330 2235 vindicavit.

465 2269 578 2296 CAPUT
602 2268 655 2295 Vll.

274 2314 311 2341 De
331 2315 459 2349 discipula
472 2317 528 2350 ejus
543 2315 708 2342 Patamiwna
722 2317 850 2348 martyre.

202 2404 242 2431 Ex
259 2403 369 2431 feminis
391 2407 483 2430 autem
502 2403 619 2438 septima
639 2407 682 2430 est
698 2404 774 2434 Bais,
789 2411 851 2438 qua;
865 2403 956 2431 adhuc

167 2451 202 2478 de
219 2450 272 2476 ﬁde
298 2455 325 2477 et
338 2450 426 2477 sacris
438 2450 541 2476 nostris
555 2449 762 2481 instituebatur,
775 2455 803 2477 et
821 2450 956 2484 baptismo

167 2496 270 2531 (sicuti
299 2495 402 2523 alicubi
428 2494 485 2528 ipse
509 2495 596 2530 dicit)
623 2503 672 2530 per
697 2495 786 2530 ignem
815 2501 955 2530 suscepto,

167 2542 331 2578 martyrium
356 2541 515 2575 eotnplevit.
542 2541 643 2570 Octava
671 2551 753 2576 porro
777 2543 956 2574 l’otamiazna,

167 2591 248 2625 cujus
275 2589 369 2616 adhuc
396 2588 515 2616 celebris
546 2595 588 2617 est
613 2590 685 2623 apud
714 2590 863 2624 populares
891 2597 957 2616 suos

168 2638 240 2664 fama
255 2645 262 2663 :
284 2640 313 2662 ut
337 2636 444 2663 scilicet
461 2636 577 2669 plurima
590 2656 598 2668 ,
615 2641 711 2664 contra
734 2641 887 2668 amatores,
906 2644 956 2670 pro

168 2682 302 2718 pudicitia
316 2688 343 2709 et
357 2682 517 2717 virginitate
533 2691 581 2710 sua
603 2683 714 2714 tuenda,
731 2682 852 2708 subierit
867 2687 957 2709 certa-

169 2729 244 2756 mina
267 2729 436 2765 (aeccdebat
457 2729 530 2756 enim
557 2730 584 2756 in
606 2737 636 2756 ea
659 2729 691 2755 ad
710 2728 834 2755 ﬂorentis
857 2728 956 2755 animm

169 2776 419 2812 pulchritudinem,
436 2776 518 2803 etiam
540 2776 640 2808 forma,
659 2780 685 2802 et
706 2774 786 2808 vigor
803 2775 894 2802 vultus
914 2775 954 2801 ἱιν

207 2850 245 2884 (l)
260 2851 288 2878 in
304 2858 380 2879 Sacro
398 2849 535 2885 baptismo
551 2851 687 2881 suscepta.

1303 829 1427 856 KEMA.
1447 828 1493 862 ς’.

1007 875 1088 908 Τίνες
1114 875 1166 902 ὑπ’
1189 875 1270 908 αὐτῷ
1297 875 1568 910 καθοδηγηθέντες,
1595 876 1795 910 μαρτυρικοῖς

1161 911 1325 945 στεφάνοις
1343 910 1626 945 κατεκοσμήθησαν.

1040 967 1158 999 Πολλούς
1171 976 1202 1001 γε
1218 967 1271 1003 μὴν
1284 968 1332 994 καὶ
1347 967 1402 994 τῶν
1418 967 1555 1002 φοιτητῶν
1571 968 1617 994 ἐπὶ
1632 967 1678 994 τὸν
1699 968 1797 1002 ὅμοιον

1003 1014 1054 1049 τῆς
1075 1014 1236 1048 φιλοσοφίας
1253 1014 1328 1049 αὐτῷ
1354 1014 1516 1049 ἀνηρέθισεν
1537 1014 1638 1049 ἔρωτα,
1667 1015 1716 1041 καὶ
1739 1015 1798 1041 τῶν

1004 1061 1058 1087 ἀπὸ
1071 1062 1120 1095 τῆς
1133 1060 1211 1087 νόθου
1232 1060 1410 1091 διδασκαλίας
1422 1068 1429 1075 ·
1451 1058 1492 1092 οἷς
1506 1060 1574 1094 δῆτα
1590 1060 1638 1086 καὶ
1657 1061 1730 1086 κατὰ
1744 1059 1798 1095 βά-

1004 1107 1068 1139 Οους
1085 1107 1174 1143 ψυχῆς
1199 1107 1244 1133 τὸν
1259 1106 1330 1133 θεῖον
1352 1107 1401 1139 τῆς
1421 1106 1542 1137 πίστεως
1566 1107 1647 1140 λόγον
1674 1107 1799 1139 ἐγκατα-

1005 1154 1135 1188 σπείρων,
1152 1152 1239 1184 οὕτως
1261 1152 1368 1187 ὦριμον
1388 1153 1522 1187 ὲδρέψατο
1543 1152 1590 1178 τὸν
1614 1152 1733 1187 καρπὸν,
1757 1152 1798 1183 ὡς

1004 1199 1051 1227 καί
1063 1208 1138 1231 τινας
1156 1199 1246 1225 αὐτῶν
1261 1199 1300 1233 τῷ
1314 1199 1368 1225 τῶν
1384 1199 1512 1232 διωγμῶν
1527 1198 1618 1233 καιρῷ
1639 1198 1798 1233 μαρτυρίου

1005 1247 1148 1280 στεφάνοις
1155 1246 1345 1280 ὲνδιαπρέψαι.
1358 1246 1468 1280 Πρῶτος
1479 1246 1554 1272 τοίνυ
1563 1258 1582 1278 Ι.
1593 1245 1622 1271 ὃν
1631 1245 1798 1280 εἰρήκαμεν,

1005 1291 1177 1326 Πλούταρχος
1192 1290 1243 1326 ἦν·
1265 1291 1295 1319 οὗ
1319 1292 1496 1326 ἁπαγομένου
1523 1291 1573 1326 τὴν
1600 1292 1648 1318 ἐπὶ
1667 1291 1797 1323 θάνατον,

1005 1337 1106 1373 μικροῦ
1127 1338 1174 1365 καὶ
1195 1338 1339 1373 Ὡριγινης
1366 1338 1435 1372 πρὸς
1461 1338 1515 1364 τῶν
1540 1337 1645 1364 ἐκείνου
1672 1336 1799 1372 ἀνῄρητο

1004 1384 1132 1415 πολιτῶν,
1148 1384 1186 1415 ὠς
1200 1385 1285 1414 αίτιος
1299 1383 1375 1417 αὐτῷ
1397 1383 1446 1418 τῆς
1461 1383 1510 1410 τοῦ
1534 1383 1592 1418 βίου
1619 1383 1799 1418 χρηματίσας

1003 1429 1177 1463 ἀπαλλαγῆς,
1190 1429 1214 1455 εί
1230 1431 1266 1464 μὴ
1277 1428 1371 1455 τοῦτον
1387 1426 1467 1460 αὖθις
1482 1428 1539 1463 ὴτὰ
1553 1428 1616 1454 κατ’
1631 1427 1715 1455 αὐτὸν
1725 1427 1799 1460 διεξ-

1008 1475 1112 1509 άγουσα
1137 1474 1197 1501 θεία
1222 1475 1335 1509 πρόνοια
1360 1474 1508 1509 ὑπέρτερον
1524 1474 1657 1508 διετήρει.
1675 1473 1798 1507 Σερῆνος

1007 1521 1035 1548 δὲ
1053 1522 1123 1556 μετὰ
1149 1519 1244 1548 τοῦτον
1273 1522 1379 1556 μάρτυς
1404 1520 1552 1552 ἐδείκνυτο,
1578 1521 1629 1553 τῆς
1650 1519 1800 1553 διατριϐῆς

1008 1568 1113 1594 ἐκείνου
1127 1568 1286 1602 τυγχάνων·
1309 1568 1338 1594 τὺ
1355 1567 1468 1601 δόκιμον
1485 1567 1534 1601 τῆς
1551 1566 1668 1597 πίστεως
1685 1566 1715 1591 ἐν
1729 1566 1800 1599 πυρὶ

1009 1613 1164 1647 καταφανὲς
1193 1612 1349 1645 ὑποδείξας.
1388 1613 1452 1640 Ἐπὶ
1479 1612 1510 1647 δὴ
1538 1606 1631 1646 τούτῳ
1651 1612 1746 1646 τρίτος
1764 1608 1799 1646 ἦν

1014 1659 1205 1694 Ἡρακλείδης,
1215 1659 1256 1685 ἔτι
1271 1659 1317 1685 τὸν
1332 1658 1404 1693 ἱερὸν
1417 1658 1623 1692 κατηχούμενος
1636 1657 1728 1691 λόγον.
1743 1657 1799 1684 Καὶ

1008 1703 1088 1734 ἄλλος
1098 1703 1246 1737 τέταρτος·
1264 1702 1357 1737 Ἥρων
1372 1700 1406 1737 ἦν
1422 1702 1496 1736 αὐτῷ
1510 1703 1611 1736 ΰνομα·
1627 1702 1667 1728 ἔτι
1679 1702 1714 1728 τὰ
1729 1702 1799 1736 οὑμ-

1009 1748 1076 1774 6ολα
1094 1748 1142 1774 τοῦ
1158 1748 1230 1774 θείου
1250 1749 1339 1782 φωτὸς
1361 1747 1562 1782 περικείμενος.
1585 1747 1642 1774 Καὶ
1666 1747 1753 1782 ἄμφω
1769 1746 1798 1773 δι

1010 1793 1081 1828 ξίφει
1098 1794 1144 1820 τὸν
1160 1794 1217 1829 βίον
1236 1794 1417 1829 μετήλλαξαν.
1434 1794 1547 1828 Ἕτερος
1566 1793 1596 1820 δὲ
1613 1793 1745 1828 Σερῆνος,
1759 1793 1797 1827 τῷ

1010 1841 1110 1875 πρώτῳ
1124 1840 1281 1874 ὁμώνυμος.
1302 1840 1428 1874 πέμπτος
1443 1839 1520 1870 οὗτος
1535 1839 1583 1872 τῆς
1606 1839 1714 1865 ἐκείνου
1736 1846 1798 1872 σχο-

1009 1883 1068 1920 λῆς,
1087 1882 1168 1911 ἆθλον
1193 1885 1332 1916 εὐσεὸείας
1352 1885 1423 1919 μετὰ
1446 1884 1577 1918 πλείστην
1602 1884 1671 1918 ὅσην
1697 1885 1797 1917 πεῖραν

1009 1931 1114 1962 δεινῶν,
1138 1931 1184 1957 καὶ
1201 1931 1323 1965 κεφαλῆς
1341 1930 1471 1966 ἐκτομὴν,
1489 1931 1534 1956 τὸν
1554 1930 1626 1957 θεῖον
1648 1929 1701 1960 τῆς
1719 1929 1798 1964 δόξης

1010 1976 1153 2011 περιέθετο
1172 1977 1314 2010 στέφανον.
1333 1977 1431 2006 Ἕκτος
1445 1975 1489 2002 ἐπ’
1505 1975 1604 2010 ἐκείνῳ
1623 1974 1795 2007 Βασιλείδης,

1009 2022 1023 2047 6
1036 2021 1085 2056 τὴν
1100 2021 1263 2056 περιϐόητον
1280 2021 1468 2055 Ποταμίαιναν
1481 2021 1531 2056 τῆς
1543 2021 1597 2047 τῶν
1613 2020 1723 2046 πολλῶν
1733 2020 1798 2046 ἁκο-

1010 2067 1110 2094 λάστου
1129 2067 1233 2102 ὕϐρεως
1248 2067 1394 2102 ἀπείρξας.
1412 2066 1478 2100 ἐλέῳ
1492 2066 1531 2102 τῷ
1545 2066 1614 2102 περὶ
1628 2066 1717 2101 αὐτὴν
1732 2073 1797 2101 χρη-

1011 2115 1138 2149 σάμενος.

1308 2262 1433 2289 ΚΕΦΔΛ.
1453 2262 1490 2289 Ζ¹.

1010 2311 1081 2344 Περὶ
1112 2309 1168 2344 τῆς
1192 2310 1361 2344 μαθητρίας
1383 2308 1477 2335 αὐτοῦ
1509 2307 1716 2342 ﬂamma/mc
1742 2305 1793 2341 τῆς

1314 2344 1479 2379 μάρτυρος.

1051 2403 1119 2430 ’Λπὺ
1131 2403 1159 2430 δὲ
1177 2403 1232 2429 τῶν
1244 2401 1383 2436 γυναικῶν
1399 2400 1500 2435 ὲδδόμη
1519 2400 1569 2435 μέν
1581 2401 1657 2426 ἐστιν
1711 2399 1792 2431 Ἱ¹αῒς,

1010 2452 1050 2477 ἔτι
1071 2449 1264 2484 κατηχουμένη
1276 2449 1306 2474 τὸ
1323 2449 1476 2483 βάπτισμα,
1488 2447 1526 2478 ὥς
1541 2446 1593 2473 πού
1608 2456 1692 2482 φησιν
1708 2446 1793 2477 αὐτὸς,

1010 2497 1040 2523 τὸ
1060 2497 1105 2523 διὰ
1123 2497 1208 2531 πυρὸς
1234 2494 1367 2521 λαϐοῦσα.
1391 2494 1446 2520 Καὶ
1473 2494 1519 2520 ἐπὶ
1545 2493 1652 2524 τούτοις
1677 2493 1758 2527 ὀγδόη
1778 2492 1794 2525 ἠ

1011 2543 1191 2576 Ποταμίαινα,
1209 2540 1242 2576 ἦς
1265 2541 1297 2574 δὴ
1315 2541 1399 2570 πολύς
1419 2549 1460 2570 τις
1477 2540 1556 2573 λόγος
1575 2540 1652 2574 παρὰ
1668 2540 1725 2570 τοῖς
1740 2541 1796 2565 ἑπι-

1009 2589 1120 2623 χωρίοι;
1139 2588 1178 2614 ἔτι
1194 2589 1305 2622 κρατεῖ·
1324 2586 1362 2618 ὡς
1378 2587 1493 2612 πλεῖςτα
1510 2585 1568 2619 δῆτ’
1588 2586 1795 2620 ἀγωνισαμένης

1010 2637 1081 2670 ὑπὲρ
1101 2635 1150 2668 τῆς
1173 2633 1287 2668 ὲνούςης
1309 2633 1377 2667 αὐτῇ
1395 2632 1548 2668 παρθενίας
1572 2632 1642 2666 rapa;
1666 2632 1793 2666 ὲραετάς.

1017 2681 1144 2716 Ἐπήνοει
1161 2681 1208 2707 καὶ
1225 2680 1279 2714 γὰρ
1293 2679 1364 2714 αὐτῇ
1385 2679 1453 2713 πρὸς
1474 2677 1513 2713 τῷ
1531 2678 1580 2712 τῆς
1597 2677 1689 2712 ψυχῆς
1705 2677 1795 2711 ὡραίῳ

1011 2729 1058 2755 καὶ
1080 2728 1110 2753 τὸ
1124 2728 1173 2761 τῆς
1187 2726 1275 2760 ὅψεως
1294 2726 1404 2760 εὐφυὲς,
1428 2726 1474 2751 καὶ
1489 2725 1609 2759 ἀκμαῖον
1629 2724 1794 2757 nuditate.

1014 2775 1084 2801 [me
1098 2773 1164 2807 γοῦν
1180 2774 1209 2800 τὺ
1224 2774 1350 2808 γενναῖον
1364 2772 1557 2806 ἐνδειξαμένης
1575 2770 1795 2805 μετ’ᾶφορὴτοιλς

1046 2844 1082 2877 (ὲ)
1097 2843 1256 2877 Ncopliytus
1275 2841 1410 2870 videlicet.
