1882 3062
57 127 113 160 1121

55 185 99 219 τῆς
124 184 214 210 ἐκεῖσε
243 180 393 217 παροικίας
431 178 585 214 ἡγούμενος
616 176 773 207 Διονύσιος·
813 175 880 205 ὅνΛ

54 231 122 265 μετά
142 229 284 264 Ἠρακλᾶν
295 229 312 263 ὴ
327 227 433 261 ἱστορία
449 225 495 252 ἐπὶ
507 224 556 260 τὴν
569 224 646 257 ἱερὰν
657 223 706 258 τῆς
727 222 841 256 Ἐκκλη-

54 278 110 308 σῐας
129 276 232 309 ἀνῆγεν
252 274 342 309 ἀρχήν
355 281 362 288 ⁸
384 271 500 307 προνοίᾳ⁴
514 271 542 297 δὲ
559 270 698 305 κρείττονι
721 269 772 303 τῆς
787 269 842 295 τῶν

53 322 156 349 πολλῶν
172 321 308 355 ὠφελείας
332 319 414 354 χάριν
438 318 486 344 καὶ
510 316 656 350 οἰκοδομῆς
689 316 841 350 ὑπέρτερον

52 370 97 403 τῆς
114 368 214 400 πείρας
230 366 336 393 ἐδείκνυ
360 365 437 396 Θεός.
457 363 511 391 Καὶ
526 363 635 397 πρῶτον
655 362 715 396 μὲν,
738 361 762 388 οἳ
776 360 839 387 τοῦ-

53 425 93 442 τον
109 414 296 449 ἐπέμφθησαν
321 412 457 446 ὲκζητεῖν,
472 410 588 445 ἁοραπίᾳ
606 409 653 439 τὰς
679 407 755 442 ὄψεις
774 407 842 441 πλη-

54 462 158 494 γέντες,
171 460 275 495 καίπερ
290 459 333 485 ἐπ’
348 458 425 485 οἴκου
440 457 507 483 ὄντα
520 456 567 482 καὶ
579 456 629 489 τὴν
646 454 735 481 αὐτῶν
749 453 841 487 ἄφιξιν

54 508 244 543 ἐκδεχόμενον,
271 505 464 539 ἀπετύγχανον
489 503 539 537 τῆς
562 500 793 535 σπουδῆςκὲκὼν
819 499 842 526 δ’

55 553 196 580 είσέπειτα
216 553 274 583 τοῖς
300 551 456 585 ἀπάγουσιν
471 548 603 580 ἐκδοθεὶς,
619 548 709 574 πάντα
726 546 759 573 τὰ
780 545 841 572 κατ’

53 597 128 625 οἷκον
144 595 468 631 ἐξανδραποδισαμένοις,
483 594 577 628 ἐπειδή
591 601 634 623 τις
646 593 702 623 τοῖς
715 591 842 624 ἀδελφοῖς

53 645 135 679 γάμῳ
171 642 431 677 διαπαννυχίζουσιν
459 640 618 675 ἀπήγγελλε
648 639 679 666 τὸ
708 638 841 673 πραχθὲν,

53 688 133 720 εὐθὺς
147 688 224 722 ὁρμῇ
251 687 352 717 πάντες
377 686 426 720 μιᾷ
447 684 546 719 ἀθρόον
564 683 772 716 ἐξαναστάντες,
794 683 843 709 καὶ

53 735 146 769 δρόμῳ
169 734 278 764 θέοντες
304 731 491 767 ἐπηλάλαξαν.
505 731 567 757 Τῶν
592 730 621 756 δὲ
645 728 843 764 φρουρούντων

53 782 89 812 είς
119 781 212 815 φυγὴν
226 779 400 815 τραπέντων,
426 778 472 804 τὸν
497 777 638 804 Διονύσιον
662 775 758 810 ὲσϐἧτι
783 775 842 810 λινῇ

54 827 95 853 ἐπ’
117 826 265 860 ὰστρώτου
286 824 489 859 κατακείμενον
515 822 676 857 σκίμποδος,
701 820 845 853 ἔξανίστα-
861 842 881 869 Β

54 874 116 900 σθαι
139 874 190 900 καὶ
204 873 267 899 ὅσον
284 872 367 906 τάχος
384 870 500 897 ἕπεσθαι
519 871 626 900 τούτοις
650 868 777 903 ἤπειγον.
793 867 845 893 Τὸν

52 919 79 945 δὲ
96 918 322 953 προσπίπτοντα,
339 917 432 951 ίκέτην
446 914 525 947 εἶναι,
542 915 559 949 ἦ
576 914 688 941 ἀπιέναι
703 914 750 940 καὶ
765 912 846 940 αὐτὸν

52 965 177 999 ἀφεῖναι,
193 964 209 999 ἢ
223 963 274 998 τὴν
290 962 411 997 κεφαλὴν
425 963 481 992 τοῖς
498 961 654 994 ἀπάγουσιν
667 959 749 986 αὑτὸν
765 967 846 994 στραο

52 1010 166 1042 τιώταις
189 1011 270 1038 ἐᾶσαι
286 1009 394 1035 λαϐεῖν.’
421 1008 492 1038 Τοὺς
513 1007 542 1033 δὲ
558 1006 620 1042 μηδ’
645 1005 846 1040 ἀνασχομένους

52 1060 189 1086 ἀκοῦσαι·
209 1057 276 1084 ἀλλά
290 1057 391 1091 καίπερ
409 1055 540 1090 πλεὶστην
556 1054 622 1089 ὅσην
639 1052 744 1079 ίκεσίαν
760 1060 846 1087 προσ-

52 1106 170 1138 άγοντα,
186 1105 219 1130 ἐκ
237 1103 339 1138 χειρῶν
360 1111 390 1130 τε
407 1102 466 1137 ἅμα
481 1101 526 1127 καὶ
543 1100 632 1127 ποδῶν
654 1099 747 1125 ἕλκειν
773 1106 780 1114 ’
799 1098 846 1124 καὶ

51 1151 90 1186 τῷ
114 1150 232 1182 οἰκίσκῳ
255 1150 305 1184 τῆς
330 1148 484 1182 ἐπισκοπῆς
509 1147 587 1178 αὖθις
613 1145 778 1180 ὲγκαθιστᾷν
794 1144 846 1178 ὖνῳ

51 1197 162 1232 γυμνῷ,
176 1194 222 1224 οἷά
236 1205 297 1223 τινα
313 1196 412 1230 φόρτον
429 1194 571 1227 θεμένους.
586 1193 641 1218 Καὶ
654 1192 688 1217 τὰ
707 1191 758 1226 μὲν
774 1189 845 1216 κατὰ

51 1244 196 1270 Διονύσιον
210 1240 282 1277 εἶχεν
306 1240 404 1270 οὕτως.
424 1240 541 1266 Ἔπειτα
558 1239 582 1264 οἱ
596 1237 707 1267 ἀσεῦεῖς
728 1238 789 1267 ταῖς
808 1236 846 1262 oi—

52 1291 127 1320 κίαις
144 1289 202 1315 τῶν
228 1286 479 1323 προσηγγελμένων
502 1284 677 1320 Χριστιανῶν
704 1283 778 1314 ὅλαις
800 1282 846 1318 ρύ-

55 1343 121 1370 μαις
140 1333 242 1368 ἀνέδην
270 1331 470 1366 είστρέχοντες,
488 1330 538 1356 ὅσα
567 1329 616 1363 μὲν
638 1325 709 1363 ἦσαν
730 1328 846 1359 ἐκείνοις

53 1383 108 1408 τῶν
125 1379 293 1415 κειμηλίων,
308 1378 412 1404 ἐσύλων
433 1376 620 1411 ἁρπάζοντες·
639 1375 689 1401 ὅσα
710 1373 733 1400 δ’
751 1373 846 1408 εὐτελῆ

52 1438 83 1456 τε
96 1429 146 1455 καὶ
159 1428 211 1454 οὐκ
221 1425 375 1460 εὒάγκαλα,
387 1422 551 1453 διαθλῶντες
562 1421 775 1456 ἀπηλλάττοντο.
792 1419 847 1446 Καὶ

53 1478 71 1512 ὴ
85 1476 143 1503 τῶν
163 1473 365 1509 πραττομένων
378 1470 520 1505 ἐλευθερία
536 1469 658 1504 σχήματι
677 1468 781 1498 πόλεως
795 1466 846 1492 ὑπὸ

53 1521 198 1557 πολεμίων
220 1518 374 1549 ἑαλωκυίας
395 1516 489 1552 ἐῴκει.
509 1514 651 1549 Πανταχοῦ
674 1513 780 1549 θρῆνοι,
795 1513 846 1547 ἀρ-

53 1569 203 1603 πὰγματα,
216 1566 255 1596 ὡς
270 1567 299 1592 ὲν
315 1564 416 1599 ἁμίλλῃ
436 1562 543 1590 σκύλων
565 1560 775 1595 ἀγωνιζομένων
792 1559 847 1585 τῶν

53 1612 246 1650 στρατιωτῶν.
264 1611 322 1646 Οὐχ
342 1610 413 1641 ὁδὸς,
429 1609 461 1635 οὐ
485 1607 636 1642 λεωφόρος,
659 1607 690 1632 οὐ
710 1604 847 1635 στενωπὸς

53 1661 174 1696 παρεῖχε
198 1657 329 1690 διέξοδον.
356 1655 425 1683 Οὔτε
442 1656 470 1682 δὲ
493 1655 613 1688 νύκτωρ,
628 1652 684 1678 οὐδ’
703 1653 731 1677 ἐν
755 1650 848 1685 ἡμέρᾳ.

51 1708 84 1734 τὸ
96 1707 187 1734 κακὸν
206 1706 300 1739 ἔληγε.
319 1704 446 1738 Κήρυκες
460 1702 483 1728 δ’
495 1701 547 1728 ἀνὰ
562 1700 654 1726 πᾶσαν
669 1697 783 1731 ἐφοίτων
798 1696 848 1730 τὴν

51 1753 135 1780 πόλιν
164 1751 298 1787 μεγάλαις
317 1750 421 1784 φωναῖς
441 1746 657 1782 ὲκρηγνύμενοι.
683 1745 719 1770 Τὸ
744 1743 771 1768 δὲ
798 1751 850 1776 κη-

53 1797 227 1834 ρυττόμενον
240 1794 274 1831 ἦν
288 1804 294 1810 ·
314 1795 351 1826 ὡς
366 1795 391 1821 ιι
409 1795 445 1828 μή
460 1801 503 1824 τις
528 1791 645 1828 Χριστὸν
661 1790 755 1820 κακῶς
774 1788 849 1822 λέγοι

51 1832 88 1871 τὰ
105 1832 229 1879 μάλιστα
243 1841 356 1876 ὲναγέσι
373 1841 420 1868 καὶ
441 1839 595 1874 δυσφήμοις
611 1837 726 1871 φωναῖς,
751 1835 849 1861 τοῦτον

50 1888 217 1924 ἁπανταχοῦ
232 1887 378 1922 σύρεσθαι’
395 1886 444 1913 καὶ
455 1885 703 1921 περιελαυνόμενον
715 1881 848 1918 αἰσχρῶς,

51 1937 135 1968 τέλος
153 1936 221 1970 πυρὶ
238 1933 498 1969 καταπίμπρασθαι.

860 1502 881 1531 C

517 119 836 167 ‘ECCLESIASTICIE
857 118 1050 150 HISTORIAE
1070 120 1148 151 LIB.
1167 121 1199 151 V.

1612 120 1680 153 1122

896 175 965 207 sius,
986 183 1067 210 quem
1093 179 1156 211 post
1180 176 1323 204 Heraclam
1343 176 1375 204 ad
1402 184 1504 205 munus
1524 178 1679 212 episcopale

884 226 1056 256 provectum
1084 230 1146 250 esse
1170 222 1302 250 diximus.
1331 223 1431 251 Verum
1461 223 1554 256 illum,
1587 224 1681 251 divino

896 271 965 293 nutu
986 271 1021 294 et
1037 267 1220 301 providentia,
1243 267 1392 294 multorum
1412 268 1540 295 utilitatis
1553 273 1581 295 et
1595 268 1683 295 aedili-

894 313 1013 339 cationis
1030 313 1128 352 gratia,
1143 313 1242 348 emptis
1254 314 1457 349 canalibusque
1471 320 1682 349 pcrsecutorum

899 359 1071 392 superiorem
1088 359 1210 386 ostendit
1234 359 1316 386 Deus.
1340 359 1463 387 Primum
1481 368 1610 394 namque,
1636 362 1682 396 qui

895 403 928 430 ad
954 411 1016 431 eum
1039 403 1234 438 inquirendum
1261 405 1337 432 missi
1357 404 1482 437 fuerant,
1498 407 1622 434 caecitate
1640 408 1682 434 af-

896 449 974 482 ﬂicti,
991 450 1118 484 quamvis
1132 450 1206 477 domi
1228 451 1251 477 is
1267 456 1352 483 esset,
1366 451 1572 485 adventumque
1586 460 1682 479 eorum

895 500 1082 529 exspectaret,
1107 495 1200 523 studio
1223 500 1315 523 tamen
1338 501 1366 524 et
1392 502 1492 524 conatu
1521 505 1572 524 suo
1598 499 1682 532 potiti

897 548 951 567 non
967 538 1043 568 sunt.
1064 541 1166 569 Deinde
1191 546 1296 574 autem,
1323 549 1385 569 cum
1401 550 1451 570 sua
1463 548 1560 577 sponte
1575 552 1604 571 se
1615 545 1682 575 illis,

897 587 981 614 rebus
996 588 1127 615 omnibus
1148 588 1221 615 domi
1243 597 1299 616 sua:
1320 597 1369 623 per
1388 596 1437 616 eos
1462 589 1589 624 direptis,
1606 595 1635 617 ut
1653 598 1683 617 se

897 634 1073 661 abducerent
1097 634 1256 666 obtulisset,
1271 639 1299 661 et
1315 635 1427 669 quidam
1452 635 1478 661 id
1500 635 1600 663 factum
1624 636 1682 663 fra-

896 681 986 708 trihus
999 680 1028 707 in
1040 681 1143 715 nuptiis
1154 686 1236 708 noctu
1248 681 1474 716 pervigilantibus
1485 683 1682 714 renuntiasset.

898 726 973 754 illico
989 725 1138 752 confertim
1156 733 1211 752 uno
1235 726 1342 761 impetu
1358 734 1453 754 omnes
1473 733 1682 762 consurgentes,

898 772 983 799 celeri
997 779 1080 799 cursu
1106 780 1168 799 cum
1181 772 1272 808 jubilo
1287 777 1315 800 et
1329 773 1528 801 vociferatione
1551 774 1684 801 continua

896 819 930 846 ad
946 819 1037 845 locum
1051 826 1114 846 cum
1132 819 1350 846 contenderunt.
1366 819 1457 854 Atque
1467 819 1508 846 ibi
1521 820 1684 848 custodibus

897 865 925 892 in
949 865 1040 899 fugam
1064 864 1164 897 versis,
1185 864 1343 900 Dionysium
1360 866 1431 892 linea
1450 871 1527 893 veste
1541 865 1682 898 indutum,

897 916 926 939 et
943 911 970 938 in
988 911 1061 939 lecto
1074 919 1128 938 non
1146 916 1235 938 strato
1253 911 1418 945 repositum,
1435 919 1597 945 exsurgere,
1612 917 1640 939 et
1656 919 1684 939 .-c

897 958 1101 993 quamprimum
1125 957 1203 992 sequi
1228 963 1389 992 coegerunt.
1407 959 1442 984 At
1465 959 1512 986 ille
1538 959 1571 986 ad
1600 959 1685 994 pedes

897 1010 995 1031 eorum
1013 1004 1190 1039 provolutus,
1203 1004 1344 1036 obsecrat,
1362 1009 1391 1030 ut
1404 1004 1447 1031 vel
1463 1005 1585 1038 abirent,
1598 1012 1685 1040 seque

898 1050 937 1078 ibi
954 1050 1163 1085 relinquerent:
1181 1050 1223 1078 vel
1241 1055 1325 1082 caput
1347 1051 1407 1085 ejus
1423 1051 1536 1084 milites,
1553 1051 1603 1086 qui
1619 1059 1684 1079 eum

897 1099 1008 1130 captum
1028 1095 1218 1127 adduxissent,
1233 1094 1341 1122 auferre
1356 1099 1526 1129 paterentur.
1542 1095 1628 1128 Quem
1645 1095 1685 1122 illi

898 1141 1027 1175 quamvis
1053 1141 1138 1167 multa
1164 1146 1289 1167 orantem
1320 1146 1403 1175 atque
1429 1141 1626 1172 obtestantem,
1652 1149 1686 1168 ne

898 1185 995 1212 audire
1020 1185 1133 1220 quidem
1154 1185 1347 1212 sustinuerunt
1363 1193 1370 1211 :
1387 1185 1434 1212 sed
1459 1186 1586 1212 manibus
1609 1185 1686 1220 pedi—

897 1232 1005 1267 busque
1033 1236 1219 1266 protractum,
1249 1238 1277 1258 et
1305 1232 1471 1258 clitellarum
1494 1232 1583 1259 instar
1607 1233 1685 1259 asino

897 1279 972 1305 nudo
987 1278 1158 1312 impositum,
1177 1278 1204 1304 in
1222 1277 1408 1312 episcopalem
1427 1277 1623 1304 domunculam
1641 1285 1686 1304 re-

898 1327 1049 1354 duxerunt.
1067 1326 1106 1353 Ac
1132 1326 1167 1353 de
1191 1325 1322 1360 Dionysio
1347 1324 1460 1359 quidem
1487 1325 1545 1351 haec
1565 1325 1606 1352 sic
1622 1330 1688 1352 sunt

899 1379 960 1402 acta
978 1384 985 1401 :
1002 1378 1098 1408 postea
1120 1378 1212 1400 autem
1240 1372 1317 1407 impii
1341 1373 1443 1398 milites
1462 1371 1488 1398 in
1505 1371 1614 1401 domos.
1639 1371 1685 1404 qui

899 1429 956 1447 rem
976 1428 1036 1447 eam
1057 1419 1306 1450 denuntiaveranl,
1329 1417 1564 1448 Christianorum,
1583 1424 1686 1451 propa.

899 1467 952 1494 lam
972 1465 1156 1493 audacissime
1170 1472 1268 1498 magno
1286 1466 1389 1498 impetu
1409 1464 1561 1494 irruentes,
1578 1470 1620 1489 res
1636 1470 1683 1489 eo-

899 1520 961 1539 rum
981 1511 1118 1546 pretiosas
1143 1515 1225 1544 atque
1250 1509 1386 1543 sepositas
1411 1508 1590 1542 diripuerunt
1612 1515 1619 1533 :
1645 1507 1688 1534 eis

899 1565 967 1585 vero
982 1565 1044 1592 qua:
1066 1556 1179 1582 viliores
1196 1559 1301 1586 essent,
1319 1562 1368 1581 nec
1385 1554 1465 1581 facile
1489 1552 1685 1587 comprehendi

900 1609 948 1631 aut
964 1603 1030 1631 ferri
1046 1607 1169 1637 possent,
1188 1601 1296 1632 fractis.
1319 1601 1459 1627 abierunt.
1475 1599 1540 1633 Qme
1554 1606 1622 1625 sane
1636 1598 1688 1625 ini-

900 1651 980 1678 litum
996 1648 1106 1676 licentia
1124 1652 1152 1674 et
1170 1648 1330 1682 impunitas,
1350 1647 1448 1674 faciem
1463 1645 1540 1672 urbis
1553 1646 1594 1672 ab.
1602 1645 1690 1672 hosti-

902 1695 954 1722 bus
977 1699 1064 1728 capta:
1090 1693 1218 1728 praebuit.
1235 1692 1344 1726 Ubique
1373 1692 1465 1719 luctus
1488 1696 1557 1723 erat,
1586 1690 1688 1724 ubique

901 1741 1084 1775 direptiones,
1102 1739 1240 1765 militibus
1258 1738 1291 1765 de
1308 1737 1462 1772 spoliorum
1478 1741 1506 1763 et
1528 1737 1688 1771 rapinarum

901 1786 1075 1814 immanitate
1093 1785 1167 1813 inter
1183 1793 1212 1812 se
1227 1784 1467 1812 concertantibus.
1483 1784 1543 1810 Non
1559 1783 1690 1814 iter,non

901 1835 957 1867 via,
974 1842 1028 1860 non
1044 1834 1208 1868 angipOrtus
1223 1833 1328 1859 exitum
1353 1837 1381 1858 et
1398 1832 1487 1865 fugam
1503 1830 1666 1858 admittebat
1681 1838 1687 1855 :

901 1880 951 1908 diu
975 1886 1116 1913 nectuque
1140 1878 1234 1905 clades
1259 1886 1289 1904 ea
1313 1877 1441 1904 durabat.
1467 1877 1614 1902 Praecones
1642 1881 1692 1909 per

902 1926 1001 1953 urbem
1022 1929 1106 1951 totam
1123 1924 1210 1956 ibant,
1230 1928 1258 1950 et
1273 1923 1380 1957 magnis
1399 1921 1568 1949 clamoribus
1586 1920 1691 1947 vocife-

51 1968 215 2012 rabantur:
231 1982 314 2018 379
329 1968 393 2009 utsi
408 1981 472 2016 quis
483 1980 624 2007 Christum
638 1975 846 2005 infaustissimis
866 1973 1120 2010 iinpurissimisque
1164 1972 1322 2006 quibusque
1339 1971 1432 1998 verbis
1446 1978 1499 1998 non
1534 1968 1693 2004 proscinde-

52 2035 110 2065 ret,
127 2032 153 2059 is
169 2031 272 2067 passim
286 2033 454 2065 raptaretur,
470 2033 553 2063 atque
576 2027 613 2054 ita
628 2025 781 2053 foedissime
794 2027 930 2058 raptatus,
953 2021 1063 2047 tandem
1081 2020 1138 2055 igni
1152 2019 1376 2047 combureretur.

349 2097 476 2124 ΚΕΦΛΛ.
497 2094 561 2123 ΚΘἌ

53 2157 131 2194 Περὶ
142 2156 204 2184 τῶν
221 2154 409 2194 {tamab-reor
428 2153 477 2194 οιαὶ
494 2150 726 2194 εξξομοσᾳμᾷιςωκ
745 2149 779 2176 τὸ
799 2148 850 2176 σέ-

150 2194 205 2225 ϐας
219 2185 406 2224 Χριοίτὶανῶν
422 2189 456 2215 ἐν
470 2188 531 2220 τοῖς
546 2185 632 2213 ’κατὰ
647 2185 759 2213 Δέκιον.

92 2250 151 2278 Ἦν
166 2248 213 2276 οὖν
231 2249 296 2275 ἰδεῖν
310 2247 441 2283 τηνικάδε
467 2245 584 2281 πολλοὺς
609 2245 660 2280 μὲν
677 2243 850 2278 ὠχριῶντας,

53 2299 108 2326 καὶ
118 2297 160 2332 τῷ
176 2297 231 2323 δέει
249 2295 432 2328 καταπλῆγας
451 2291 667 2327 γεγενημένους,
689 2289 850 2323 ἐξίστασθαι

53 2343 178 2373 ἑαυτῶν.
199 2341 248 2368 καὶ
262 2341 324 2372 ταῖς
343 2340 458 2375 μιαραῖς
474 2339 528 2364 τών
543 2337 644 2363 θυσιῶν
660 2336 709 2363 καὶ
723 2337 851 2369 ἀνὰγνοις

52 2391 115 2417 τῶν
136 2388 256 2414 τελετῶν
267 2386 447 2421 ’προσιόντας,
466 2384 563 2418 ὥσπερ
583 2384 613 2410 οὺ
631 2383 776 2414 θύσοντας,
793 2380 851 2408 ἀλλ’

54 2436 162 2466 αὐτοὺς
175 2431 221 2460 οἶά
231 2441 292 2459 τινα
304 2432 409 2467 σφάγια
419 2432 474 2462 τοῖς
484 2429 604 2460 εἰδώλοις
615 2427 852 2464 προσαγομένους.

56 2483 149 2510 ’Ὥστε
163 2480 210 2506 καὶ
221 2479 306 2514 χλεύη
323 2487 364 2510 τις
375 2476 408 2512 ἢν
420 2478 477 2507 τοῖς
491 2474 622 2502 ἀσεϐέσιν
634 2475 682 2500 ἐπὶ
693 2475 751 2504 τοῖς
765 2475 853 2508 ¹ἡττω-

56 2530 167 2564 μένοις.
186 2526 280 2552 Ἀλλοι
307 2525 335 2551 δὲ
363 2524 411 2551 καὶ
438 2522 594 2558 προχείρως
616 2521 690 2556 ἥπερ
720 2521 767 2547 καὶ
794 2520 855 2545 ὲκε-

52 2576 185 2606 λεύοντο,
207 2573 393 2608 προσέτρεχον
409 2572 466 2602 τοῖς
487 2569 608 2604 βωμοῖς·
624 2568 672 2594 καὶ
698 2566 772 2601 μάλα
792 2574 854 2598 γεν-

53 2623 147 2653 ναίως
167 2620 384 2655 ἰσχυριζόμενοι,
408 2617 477 2652 μηδὲ
494 2616 507 2642 ὃ
522 2624 548 2641 τι
573 2613 638 2640 ποτέ
657 2613 731 2638 ἐστιν
752 2611 854 2637 ειδέναι

53 2667 238 2704 Χριστιανοί.
250 2667 305 2692 Καὶ
321 2665 346 2692 οἱ
364 2665 414 2699 μὲν
438 2662 548 2690 εἵποντο
559 2667 566 2674 ³
585 2661 609 2685 οἱ
624 2659 652 2685 δὲ
674 2658 790 2691 ἔφευγον
801 2666 808 2673 ι
829 2657 854 2683 οι

52 2703 90 2743 δὲ
103 2713 252 2750 ἡλίσκοντο
262 2719 269 2726 ·
291 2712 341 2738 καὶ
354 2711 380 2736 οἱ
396 2710 445 2745 μὶν
461 2707 526 2742 ἀχρι
540 2704 714 2750 δεσμῶνγκαι
728 2703 854 2750 φυλακῆς

53 2747 254 2796 χωρήσαντες,
273 2758 340 2791 πρὶν
367 2756 413 2782 ἐπὶ
437 2751 616 2787 δικαστήριον
639 2748 728 2775 ἐλθεῖν
752 2747 856 2782 ἐξωμό-

56 2812 162 2833 σαντο·
181 2805 205 2830 oi
222 2803 250 2830 δὲ
269 2805 316 2830 καὶ
332 2802 463 2838 βασάνοις
479 2798 611 2826 ὲπιποσὸν
630 2796 855 2831 ἐγκαρτερήσαν-

55 2860 120 2883 τες,
137 2850 223 2878 ἔπειτ’
240 2851 359 2877 ἀπεῖπον
379 2848 447 2881 πρὸς
462 2847 497 2874 τὰ
511 2846 586 2881 ἑξῆς.
606 2846 686 2870 Ὀσοι
700 2843 728 2870 δὲ
745 2842 856 2878 στερροὶ

866 2205 891 2235 D

1180 2087 1293 2116 CAPUT
1313 2087 1410 2114 XXIX.

905 2146 943 2174 De
957 2147 988 2173 iis
1003 2146 1048 2182 qui
1063 2146 1200 2173 tormentis
1218 2145 1282 2182 victi
1297 2145 1344 2182 sub
1365 2145 1452 2178 Decio,
1469 2144 1565 2173 Christi
1578 2144 1691 2180 religio-

1177 2189 1237 2208 nem
1257 2181 1426 2213 abiararunl.

942 2239 1037 2274 Itaque
1060 2238 1213 2274 permultos
1237 2243 1295 2266 tum
1317 2239 1411 2266 videre
1435 2244 1494 2266 erat
1517 2240 1643 2275 pallidos,
1664 2241 1697 2267 ti-

908 2294 1040 2321 moreque
1064 2286 1213 2320 perculsos.
1235 2291 1263 2312 et
1289 2293 1402 2320 pI‘OI‘SUS
1428 2290 1629 2318 consternatos,
1648 2294 1698 2312 "0‘

908 2338 963 2366 que
987 2332 1030 2358 sui
1054 2337 1207 2365 compotes,
1223 2331 1257 2357 ad
1277 2332 1384 2364 impura
1403 2338 1480 2357 sacra
1501 2336 1528 2357 et
1549 2330 1630 2364 impia
1654 2338 1698 2357 sa—

908 2376 1013 2404 criﬁcia
1028 2379 1174 2406 accedere.
1191 2383 1245 2402 non
1260 2375 1322 2402 illos
1338 2381 1465 2410 tanquam
1482 2376 1696 2406 sacrificaturos,

909 2423 957 2450 sed
974 2423 1058 2449 veluti
1075 2423 1157 2449 idolis
1172 2422 1238 2456 ipsis
1254 2422 1450 2448 sacrificaudos
1465 2431 1471 2448 :
1489 2421 1558 2448 adeo
1574 2426 1602 2448 ut
1619 2422 1696 2456 impii

908 2470 947 2498 illi
964 2471 1101 2502 homines,
1117 2471 1212 2497 sannis
1224 2474 1251 2496 ct
1264 2469 1402 2500 ludibriis,
1416 2477 1464 2496 eos
1477 2469 1524 2503 qui
1541 2470 1577 2496 ita
1590 2471 1699 2496 animos

910 2516 1133 2551 despondissent,
1149 2519 1395 2550 prosequerentur.
1411 2515 1528 2547 Quidam
1544 2515 1700 2550 promptius

908 2563 1046 2596 citiusque
1069 2569 1150 2597 quam
1168 2563 1343 2594 juberentur,
1360 2562 1393 2588 ad
1416 2570 1477 2588 :Iras
1501 2561 1699 2594 accurrebant,

909 2616 938 2636 et
957 2609 1063 2644 magnis
1085 2608 1196 2638 animis,
1215 2615 1243 2635 se
1260 2608 1398 2643 ignorare,
1415 2609 1545 2643 quidnam
1564 2609 1699 2635 Christia-

911 2664 964 2682 nus
980 2659 1065 2686 esset,
1082 2655 1288 2682 asseverabant.
1305 2654 1393 2688 Atque
1409 2653 1427 2680 ii
1444 2655 1555 2688 quidem
1575 2659 1701 2689 raptores

911 2702 1111 2736 sequebantur,
1142 2700 1188 2726 alii
1220 2699 1379 2734 fugiebant,
1409 2699 1455 2726 alii
1486 2700 1665 2734 capiebantur
1689 2704 1699 2724 ι

913 2746 1038 2774 nonnulli
1055 2747 1137 2773 etiam
1156 2753 1242 2780 usque
1259 2745 1292 2772 ad
1311 2753 1449 2772 carcerem
1465 2751 1493 2772 ct.
1508 2746 1616 2772 vincula
1634 2752 1698 2779 pro-

912 2794 1011 2829 gressi.
1028 2793 1105 2827 prius
1122 2793 1201 2820 tidem
1217 2792 1390 2828 abjurarunt,
1403 2799 1483 2827 quam
1499 2792 1531 2818 ad
1549 2790 1698 2818 tribunalia

913 2840 1160 2876 protraherentur;
1186 2840 1312 2867 nonnulli
1335 2845 1425 2867 autem
1448 2839 1618 2873 aliquantum
1637 2846 1699 2865 cru-
