1882 3062
182 96 252 128 ΜΞἹ

795 90 1008 121 NlCEl’HORI
1028 88 1198 121 CALLISTI

1741 92 1809 125 “9.8

182 153 291 182 dentes,
309 158 409 185 corpus
430 157 509 177 suum
534 157 584 184 pro
609 148 724 176 arbitrio
744 148 827 175 variis
845 149 968 182 gestibus

1054 148 1144 181 (εσθαι
1154 155 1160 162 ·
1180 146 1244 178 τοὺς
1256 146 1279 173 δ’
1293 147 1322 173 ἑν
1337 147 1489 183 ἁπορρητῳ
1505 147 1730 183 ὰγαλλιωμὲνους
1745 151 1808 185 ἡδε-

183 196 363 224 inclinabant.
380 196 456 228 Quod
472 203 534 222 cum
550 195 586 222 ita
603 194 693 221 facere
709 195 736 220 in
753 193 878 229 ﬂagranti
896 194 967 221 facto

182 243 352 279 deprehensi
381 246 484 273 essent.
504 241 585 268 illieet
609 241 641 267 ad
667 241 823 274 qu:esit0ris
847 240 968 267 tribunal

182 293 248 316 sunt
272 288 394 322 abrepti;
421 288 468 315 ubi
498 291 571 314 tanta
600 286 699 314 ﬁducia
725 286 967 313 Christianismum

183 338 248 360 sunt
263 333 388 367 protessi.
407 336 436 358 ut
457 332 601 366 prmiectus
618 332 676 366 ipse
693 336 721 358 et
739 339 893 358 assessores
909 332 969 366 ejus

184 379 363 406 vehementer
383 378 626 410 conturbarenlur,
647 383 675 405 et
694 377 850 405 incredibili
870 377 968 404 timore

183 425 408 459 corriperentur,
428 431 488 451 cum
511 424 549 450 illi
574 430 670 451 contra
694 424 857 451 fortitudine
883 423 966 449 animi

182 471 268 506 magis
296 471 488 505 implerentur,
512 471 671 505 majoreque
693 478 775 504 quam
796 478 856 504 qua:
879 469 969 497 verbis

181 517 312 552 explicari
330 517 427 552 possit,
444 517 618 544 exsultarcnt
632 517 737 547 latitia,
751 521 779 544 et
795 517 849 543 tam
866 516 970 551 magni-

182 564 232 592 ﬁco
256 563 398 598 triumpho
422 563 544 590 victoria:
567 563 743 598 susciperent
763 570 891 590 coronas.
914 562 969 589 Nec

181 610 274 636 minus
290 609 397 636 interea
414 610 442 636 in
458 609 535 644 pagis
551 613 579 635 et
594 609 666 635 villis
681 607 792 642 plurimi
814 607 848 634 ab
874 607 970 634 inﬁde-

181 655 253 682 libus
274 659 339 682 sunt
363 655 433 681 male
459 654 576 688 accepti.
603 653 632 681 lu
659 653 762 688 quibus
780 657 808 680 et
829 653 969 688 lschyrion

181 699 227 726 ille
243 699 306 731 fuit,
323 699 368 726 cui
384 707 399 726 a
415 700 490 725 claro
506 699 623 733 quodam
641 699 700 734 ejus
716 699 768 726 loci
787 699 857 731 viro,
872 698 970 725 domus

183 743 342 777 procuratio
366 744 496 771 mandata
515 743 617 770 fuerat.
637 743 706 770 Eum
729 743 858 770 dominus
881 741 968 769 sacri-

183 790 265 816 ﬁcare
285 789 319 816 ad
335 797 410 816 aram
432 790 547 816 deorum
572 790 664 824 jussit.
687 789 795 816 Etcum
817 789 844 816 id
863 788 908 816 ille
923 795 968 815 re-

1019 193 1092 225 σθαι,
1112 194 1158 219 ἐπὶ
1172 192 1248 227 καλῷ
1263 193 1302 227 τῷ
1317 193 1444 228 Θριάμὸῳ
1459 194 1661 230 ἀναδουμένους
1684 196 1732 222 τδν
1747 199 1808 223 στέ-

1018 248 1113 274 φανον.
1134 240 1258 266 Πλεῖστοι
1273 239 1301 266 δὲ
1317 241 1362 266 καὶ
1387 241 1462 267 ἄλλοι
1477 241 1532 266 τῶν
1555 241 1609 268 ἀπὸ
1625 243 1727 277 κώμης
1755 244 1809 269 ὑπὸ

1017 287 1071 312 τῶν
1086 285 1170 312 ἐθνῶν
1183 285 1350 312 διεσπῶντο*
1365 283 1402 313 ὧν
1417 282 1456 317 εἷς
1475 288 1522 313 καὶ
1545 287 1690 322 ’ἰσχυρίων
1705 289 1809 320 ἐκεῖνος

1017 331 1062 367 ἦν,
1081 333 1109 363 ὃς
1121 333 1174 358 τῶν
1192 332 1253 359 κατ’
1272 331 1346 359 οίκον
1361 331 1418 368 εἶχε
1428 334 1478 368 τὴν
1493 333 1646 368 ἐπιτροπὴν
1674 335 1730 362 τῶν
1746 337 1809 362 ἔπι-

1019 380 1114 412 σήμων
1138 378 1264 412 τηνικάδε
1287 378 1378 409 τινός·
1399 378 1428 405 ὃν
1449 380 1462 404 ὁ
1484 379 1535 412 τῆς
1554 379 1645 410 οἰκίας
1672 381 1809 415 eum“

1019 422 1142 448 ἐπιθύειν
1155 423 1264 448 ἐκέλευε
1278 423 1317 457 τῷ
1334 423 1432 457 βωμῷ,
1445 424 1492 449 καὶ
1507 424 1543 458 μὴ
1557 424 1721 458 πειθόμενον
1732 423 1810 459 ὕϐρι-

1019 467 1081 499 ζεν·
1101 466 1163 495 εἶτα
1191 468 1365 503 ἐλοιδορεῖτο.
1398 470 1442 500 Ὠς
1469 469 1497 496 δὲ
1521 469 1568 495 καὶ
1600 469 1641 496 ἔτι
1670 469 1808 502 ἐνίστατο,

1020 514 1175 549 βακτηρίαν
1206 515 1339 550 μεγίστην
1364 515 1466 549 λαϐὼν,
1487 516 1532 542 διὰ
1548 516 1603 542 τῶν
1626 517 1746 551 ἐντέρων
1763 518 1810 544 καὶ

1019 559 1072 585 τῶν
1098 559 1261 594 σπλάγχνων
1286 560 1398 593 διώσας,
1415 561 1572 587 ἀπέκτεινε.
1597 562 1653 588 Καὶ
1668 563 1694 588 τί
1720 563 1760 588 δεῖ
1780 564 1811 588 τδ

1020 605 1124 640 πλῆθος
1140 606 1336 641 καταριθμεῖν,
1352 608 1410 633 ὅσοι
1425 607 1541 642 ἐρήμοις
1564 608 1641 643 ὄρεσι
1657 609 1811 645 πλανηθέν-

1019 659 1063 682 τες
1077 652 1101 677 οί
1120 652 1170 686 μὲν
1198 652 1282 687 λιμῷ,
1309 652 1385 679 ἄλλοι
1399 653 1427 680 δὲ
1453 653 1537 688 δίψει,
1563 656 1610 680 καὶ
1635 654 1678 695 ςτῷ
1702 656 1811 691 σφοδρῷ

1019 697 1193 732 κρύει,νόσῳ
1217 706 1247 724 τε
1270 699 1316 725 καὶ
1334 698 1458 734 λῃσταῖς,
1486 700 1556 734 πρὸς
1578 701 1606 727 δὲ
1634 702 1681 727 καὶ
1706 701 1811 736 Θηρίοις

1020 744 1129 782 ἁλόντες
1148 743 1322 779 ὲφθάρησαν;
1335 741 1387 770 1Ὠν
1406 745 1430 771 οί
1449 745 1660 780 περιγενόμενοι
1675 747 1725 782 τῆς
1740 747 1813 773 ὲκεί-

1020 780 1073 816 νῶν
1093 790 1164 816 εἰσὶν
1187 790 1342 822 ἀξιόπιστοι
1372 791 1530 826 μάρτυρες·
1558 789 1595 817 ὧν
1621 791 1651 817 ἓν
1666 780 1750 827 ἔργον
1773 794 1813 823 είς

183 840 306 868 cusaret,
324 836 502 863 contumeliis
525 836 656 869 primum.
672 835 773 862 deinde
797 835 880 862 etiam
905 842 969 860 con-

1054 836 1138 862 λωσιν
1163 835 1329 871 παραθεῖναι
1347 836 1403 863 δεῖν
1421 836 1524 872 οίομαι.
1542 837 1697 874 Χαιρήμων
1714 837 1749 875 ἦν
1764 839 1812 874 τῆς

184 883 263 909 viciis
279 882 306 908 in
320 890 382 908 eum
397 885 439 908 est
454 882 589 908 invectus.
604 881 656 908 Sed
670 881 744 908 enim
760 887 822 907 cum
837 880 927 907 adhuc
940 879 968 906 in

184 929 321 956 sententia
345 928 486 963 lschyrion
514 928 685 962 persisteret,
703 927 828 961 scipione
851 926 969 953 maximo

185 974 396 1009 comprehenso,
409 982 458 1008 per
470 973 604 1000 interiora
620 981 683 1000 eum
697 973 743 1000 ille
759 973 864 1000 viscera
877 977 970 999 trans-

185 1020 290 1047 fossum
308 1019 421 1047 occidit.
443 1018 497 1046 Sed
521 1019 587 1054 quid
605 1026 675 1053 opus
692 1023 734 1045 est
751 1019 859 1045 turbam
875 1024 969 1045 eorum

187 1073 343 1097 recensere.
361 1066 408 1100 qui
429 1065 544 1092 in‘solis
559 1065 627 1092 locis
642 1070 669 1091 et
687 1064 827 1091 utentibus
842 1064 972 1091 oberran-

187 1119 239 1144 tes.
256 1113 356 1147 partim
376 1111 459 1144 fame,
477 1111 575 1146 partim
595 1111 654 1141 siti.
672 1111 783 1145 quidam
801 1110 907 1137 acriore
925 1110 973 1137 fri-

186 1166 252 1193 gore
281 1163 330 1185 aut
357 1157 471 1189 morbo,
499 1157 625 1184 nonnulli
652 1157 732 1184 etiam
758 1164 773 1182 a
800 1156 973 1190 praedonibus

188 1205 324 1239 oppressi,
337 1209 385 1231 aut
399 1211 413 1230 a
426 1204 521 1230 bestiis
537 1203 669 1238 discerpti
686 1202 834 1230 interiere?
851 1202 973 1235 Quorum

188 1252 322 1282 (mimum,
337 1250 385 1284 qui
400 1258 432 1277 ex
446 1250 487 1277 eis
501 1249 666 1284 superstites
679 1248 767 1280 luere,
785 1248 878 1276 idonei
891 1248 975 1275 exsti-

189 1303 246 1324 tere
258 1302 351 1324 testes.
366 1296 403 1322 De
417 1296 452 1322 iis
467 1303 501 1322 ex
517 1295 643 1330 pluribus
665 1302 750 1322 unum
775 1295 871 1321 saltem
883 1301 975 1322 exem-

188 1344 263 1379 plum
287 1343 391 1370 referre
421 1342 609 1369 necessarium
635 1348 696 1369 esse
718 1341 795 1368 duxi.
813 1340 975 1368 Chaeremon

187 1395 258 1422 erat,
273 1390 333 1423 ejus
348 1389 436 1422 urbis,
452 1397 511 1423 qua:
533 1389 612 1416 Nilus
626 1388 740 1421 dicitur,
763 1388 918 1422 episcopus,
935 1388 977 1414 vir

190 1437 275 1463 multa
304 1440 446 1464 senectute
472 1435 621 1462 admodum
647 1434 822 1462 venerandus
844 1441 851 1461 :
873 1434 898 1461 is
922 1440 976 1461 una

189 1489 252 1509 cum
273 1482 389 1517 conjuge
412 1489 471 1515 sua,
487 1489 549 1509 cum
568 1482 595 1508 in
620 1485 753 1513 montem.
773 1480 821 1515 qui
844 1480 978 1508 Arabieus

1019 882 1117 908 Νείλου
1132 881 1302 917 καλουμένης
1318 882 1468 914 ἐπίσκοπος
1491 883 1597 915 πόλεως
1609 903 1616 914 .
1633 885 1706 920 ἀνὴρ
1737 885 1814 920 βαθεῖ

1020 929 1095 964 γήρᾳ
1111 928 1230 963 μάλιστα
1244 928 1416 962 διαπρέπων.
1431 928 1516 960 Οὗτος
1530 930 1640 963 σῦναμα
1659 932 1695 965 τῇ
1715 931 1812 957 ἑαυτοῦ

1022 975 1141 1009 συμῦίῳ,
1157 975 1220 1010 περὶ
1236 975 1276 1007 τὸ,
1296 975 1310 1001 ὃ
1327 975 1456 1010 Ἀράϐιον
1471 975 1532 1009 ὅρος
1553 976 1680 1002 καλεῖται
1703 977 1810 1011 φυγὼν,

1021 1020 1071 1046 οὐκ
1099 1021 1238 1055 ἐπανῆκεν
1265 1018 1363 1052 αὖθις·
1390 1021 1450 1047 οὐδέ
1476 1030 1517 1052 τις
1543 1022 1657 1048 ἐκείνων
1683 1023 1749 1049 ίῦεῖν
1766 1024 1812 1049 τοῦ

1022 1065 1115 1092 λοιποῦ
1132 1066 1248 1101 ἐδυνήθη
1269 1065 1368 1098 αὐτούς
1379 1075 1386 1082 ·
1402 1066 1462 1092 ἀλλ’
1479 1067 1539 1093 οὐδὲ
1556 1067 1590 1093 τὰ
1606 1069 1725 1102 σώματα
1742 1069 1812 1094 ὲκεί-

1023 1118 1076 1136 νων
1089 1111 1156 1136 ὃπου
1172 1110 1222 1144 γῆς
1247 1111 1311 1142 είσι,
1326 1110 1365 1146 τῷ
1386 1111 1527 1138 είσὲπειτα
1547 1112 1636 1146 χρόνῳ
1653 1120 1708 1138 που
1725 1112 1814 1147 ὥέθη.

1024 1156 1122 1182 Πολλοὶ
1145 1156 1175 1182 δὲ
1199 1156 1244 1183 καὶ
1261 1156 1337 1184 ἄλλοι
1362 1157 1432 1184 κατὰ
1447 1157 1476 1184 τὺ
1491 1158 1639 1193 εἰρημένον
1653 1158 1719 1194 ὅρος
1739 1159 1815 1194 ’Δρά-

1025 1203 1083 1229 ὁιον
1097 1202 1149 1228 ὑπὸ
1170 1202 1224 1229 τῶν
1239 1203 1326 1229 ἐκεῖνο
1350 1203 1573 1237 προσοικούντων
1591 1203 1744 1240 βαρϐάρων
1773 1207 1815 1232 ἑα-

1025 1249 1115 1276 λωσαν
1126 1257 1134 1265 ·
1152 1249 1176 1275 οἱ
1190 1249 1241 1283 μὲν
1258 1250 1291 1284 τῇ
1314 1250 1462 1284 περιουσίᾳ
1477 1250 1531 1276 τῶν
1552 1250 1707 1285 χρημάτων
1723 1251 1815 1277 λυθέν-

1025 1303 1071 1325 τες
1082 1304 1089 1311 ·
1103 1295 1196 1321 πολλοὶ
1210 1294 1240 1321 δὲ
1254 1294 1300 1321 καὶ
1312 1295 1350 1329 τῷ
1363 1295 1479 1330 ἀπορεῖν
1495 1295 1588 1326 κακῶς
1600 1297 1814 1331 παραπώλοντο.

1027 1341 1119 1368 Ταῦτα
1133 1342 1183 1376 μὲν
1199 1342 1242 1367 ἐπ’
1262 1342 1401 1375 Αἴγυπτον
1419 1342 1465 1368 καὶ
1488 1341 1696 1377 Ἀλεξάνδρειαν
1714 1343 1817 1379 ἐπράτ-

1027 1395 1105 1414 τοντο
1122 1388 1156 1413 τὰ
1170 1387 1262 1414 δεινά·
1286 1387 1333 1413 ἐπὶ
1357 1387 1387 1413 δὲ
1405 1387 1591 1422 Παλαιστίνης
1613 1388 1644 1414 οὐ
1674 1390 1770 1423 μείους
1793 1390 1815 1416 o!

1028 1431 1105 1460 ἇθλοι
1123 1432 1171 1460 xei.
1189 1432 1222 1460 τὰ
1235 1433 1427 1467 παλαίσματα.
1440 1430 1492 1460 Ὧν
1508 1434 1533 1460 οἱ
1548 1434 1671 1461 πλεῖστοι
1687 1436 1744 1466 τοῖς
1755 1444 1818 1469 προ-

1027 1480 1187 1514 τρεπτικοῖς
1213 1478 1268 1506 τῶν
1305 1479 1462 1514 Ὦριγένους
1494 1480 1582 1514 λόγων
1608 1481 1750 1516 ἀνδρικῶς
1774 1482 1817 1508 τὸν

188 1528 301 1558 dicitur,
321 1527 498 1562 profugisset,
518 1534 659 1561 nunquam
687 1527 750 1553 inde
775 1531 816 1553 est
839 1533 976 1557 reversus,

1054 1524 1123 1559 γῶνα
1139 1524 1274 1560 διέφερον.

192 1581 283 1608 neque
299 1574 427 1608 cuiquam
443 1580 536 1600 eorum
553 1577 646 1612 postea
662 1573 808 1607 apparuit;
824 1572 873 1600 sed
887 1579 977 1606 neque
995 1579 1116 1605 quonam
1151 1579 1267 1606 corpora
1301 1579 1396 1599 eorum
1416 1573 1604 1607 pervenerint,
1628 1574 1759 1609 cuiquam
1778 1579 1817 1601 est

189 1622 322 1655 deinceps
349 1621 501 1656 cognitum.
531 1621 602 1654 Quin
631 1621 709 1647 multi
738 1628 849 1655 quoque
874 1620 920 1647 alii
945 1620 973 1647 in
994 1620 1113 1647 Arabico
1128 1627 1161 1647 eo
1179 1625 1283 1652 monte.
1300 1621 1336 1648 ab
1367 1621 1409 1648 eis
1445 1621 1491 1656 qui
1512 1621 1588 1649 illum
1610 1622 1739 1650 incolunt
1757 1624 1817 1649 bar-

192 1669 266 1697 batis
286 1669 369 1703 capti,
388 1669 430 1695 vel
448 1669 566 1703 pecunia
581 1669 616 1696 ab
633 1670 672 1696 eis
692 1674 758 1696 sunt
773 1669 918 1703 redempti.
937 1670 978 1696 vel
1003 1674 1115 1704 propter
1147 1669 1212 1696 teris
1245 1669 1365 1704 inepiam
1381 1670 1480 1697 misere
1500 1670 1538 1697 ibi
1559 1670 1714 1704 perierunt.
1733 1672 1818 1706 Atque

191 1716 250 1742 haec
271 1715 382 1749 quidem
402 1715 576 1742 Alexandria:
598 1719 625 1742 et
642 1716 669 1742 in
684 1715 801 1750 Egypto
818 1715 978 1743 acciderunt
998 1715 1122 1743 adversa.
1138 1715 1273 1743 Ceterum
1289 1724 1345 1743 non
1360 1716 1482 1744 minores
1495 1716 1576 1744 luctat:
1609 1722 1638 1744 et
1671 1723 1818 1745 certantum

192 1762 219 1789 in
238 1762 381 1788 Paliestina
408 1761 495 1789 luere.
515 1762 560 1789 Sic
586 1763 687 1796 passim
710 1762 822 1796 plurimi
844 1767 979 1797 martyres
998 1762 1194 1790 cohortatoriis
1225 1762 1352 1798 Origeuis
1386 1763 1560 1791 orationibus
1575 1763 1696 1792 viriliter
1723 1772 1819 1799 agones

197 1809 386 1843 pertulerunt.

417 1855 498 1890 333
520 1854 634 1883 CAPUT
655 1853 764 1882 xxxu.

193 1901 223 1928 Ut
235 1901 360 1935 Origenes
376 1902 409 1928 ad
426 1901 544 1928 tribunal
567 1902 689 1937 martyrii
709 1901 863 1932 consistens,
881 1901 978 1934 pietate

269 1937 422 1964 Christiana
438 1937 575 1972 ubjurata,
592 1945 609 1963 a
625 1938 710 1972 seipse
722 1937 898 1971 degenerem.

229 1982 261 2009 Et
284 1982 329 2009 ille
348 1982 462 2016 quidem
488 1982 639 2016 permultos
664 1982 731 2009 fecit
753 1986 905 2016 martyres;
929 1980 976 2008 sed

191 2035 255 2054 cum
271 2027 401 2054 omnibus
416 2027 474 2054 suis
488 2027 576 2061 copiis
592 2026 731 2054 hostiliter
745 2026 860 2054 Satanas
875 2026 976 2053 bellum

190 2074 216 2101 ei
236 2077 370 2105 moveret,
387 2073 519 2107 omnique
540 2073 567 2100 vi
589 2077 617 2100 et
637 2077 738 2100 conatu
760 2073 893 2101 adversus
913 2081 978 2100 eum

191 2119 319 2148 duceret.
333 2123 360 2144 et
376 2118 467 2145 aerius
481 2119 506 2144 ei
524 2123 580 2145 tum
596 2126 677 2152 quam
694 2118 810 2145 aliorum
826 2117 919 2150 alicui,
936 2119 979 2145 in-

193 2163 346 2197 festiusque
367 2162 534 2193 immineret;
550 2162 671 2196 perfecta
687 2167 715 2189 et
735 2163 860 2189 absoluta
878 2163 981 2189 virtute

192 2213 234 2236 est
248 2209 412 2239 destitutus;
433 2206 564 2233 nimirum
581 2206 627 2240 qui
643 2207 778 2233 virtutum
795 2208 918 2234 omnium
934 2215 982 2242 pa-

194 2259 272 2281 rente
288 2252 474 2280 submissione
489 2256 516 2278 et
536 2251 701 2282 humilitate.
718 2256 744 2278 et
759 2259 820 2285 quae
837 2260 885 2286 per
907 2253 980 2280 illam

194 2298 324 2332 provenit
351 2295 486 2322 immobili
514 2300 542 2322 et
570 2299 643 2322 recta
669 2295 754 2323 animi
784 2297 982 2325 constitutione

194 2349 277 2378 atque
300 2341 451 2369 indolentia
476 2341 634 2368 excidisset.
656 2341 741 2369 Aiunt
759 2342 846 2373 enim.
865 2343 982 2370 Deciana

197 2389 389 2424 persecutione
403 2392 431 2414 et
445 2387 534 2422 ipsum
549 2388 778 2422 comprehensum
793 2396 865 2421 esse,
879 2393 907 2417 et
921 2389 982 2416 vin-

195 2435 266 2462 culis
280 2433 474 2461 constrictum.
491 2433 612 2460 Prirnum
629 2434 720 2468 itaque
738 2435 881 2461 tormentis
895 2435 984 2470 gravi-

174 2490 178 2494 -
197 2482 248 2507 lius
262 2487 378 2514 corpore
395 2484 452 2506 toto
467 2479 596 2512 alllictus,
614 2488 677 2508 mox
695 2480 794 2508 deinde
813 2481 840 2507 in
860 2481 984 2508 acerbis-

196 2527 295 2553 simum
313 2526 450 2553 demissus
465 2531 507 2554 est
522 2534 673 2555 carcerem.
690 2526 728 2554 lbi
743 2527 862 2562 ingentis
878 2527 984 2562 ponde-

199 2573 236 2599 ris
250 2571 447 2600 ferramentum
461 2581 524 2600 eum
540 2573 732 2608 distringebat,
746 2578 773 2600 et
789 2573 902 2607 insuper
917 2581 984 2607 sup-

198 2619 310 2652 pliciutn
326 2619 396 2654 ignis
408 2619 432 2646 ei
447 2620 641 2647 intendebatur
655 2628 662 2646 :
674 2620 782 2655 aliaque
798 2621 868 2647 mala
884 2620 983 2654 partim

195 2667 250 2702 jam
268 2671 324 2693 tum
349 2667 550 2698 inferebantur,
567 2667 666 2701 partim
686 2667 766 2702 paulo
782 2671 843 2700 post
859 2666 985 2694 immine-

198 2714 276 2743 bant,
292 2720 324 2739 ac
341 2713 440 2740 diebus
463 2713 590 2748 pluribus
610 2718 728 2748 quatuor
746 2712 919 2739 vinculorqu
940 2719 986 2738 ca-

198 2766 267 2788 tasta
291 2759 374 2794 pedes
393 2760 453 2795 ejus
470 2759 674 2786 diStinebantur
686 2759 735 2794 (l).
753 2758 819 2791 Quae
833 2758 924 2785 omnia
940 2766 986 2793 ge-

235 2816 273 2852 (l)
287 2816 386 2844 Euseb.
403 2816 452 2844 lib.
467 2825 504 2848 vi,
522 2824 582 2851 cap.
598 2816 643 2843 ἓν.

1316 1854 1441 1882 ΚΕΦΔΛ.
1456 1854 1520 1883 AB’.

1039 1900 1089 1933 Ὠς
1104 1900 1152 1926 καὶ
1167 1899 1322 1934 Ὠριγένης
1337 1900 1377 1932 τῷ
1390 1899 1562 1934 μαρτυρικῷ
1585 1902 1745 1935 παραστὰς
1766 1901 1819 1935 ,ϐή-

1101 1943 1186 1969 ματι,
1205 1935 1237 1962 τὸ
1252 1936 1347 1969 σέϐας
1359 1935 1584 1970 ἐξομοσάμενος
1601 1936 1762 1971 διερθάρη.

1076 1980 1149 2007 Ἀλλ’
1166 1981 1245 2012 οὗτος
1268 1981 1318 2016 μὲν
1335 1981 1449 2012 πολλοὺς
1464 1982 1552 2008 ἐποίει
1570 1983 1637 2013 τοὺς
1662 1984 1818 2018 μάρτυρας·

1032 2026 1108 2062 αὑτῷ
1130 2027 1160 2053 δὲ
1184 2027 1336 2062 πανστρατὶ
1359 2027 1516 2061 ἐφαμίλλως
1530 2027 1576 2054 τοῦ
1594 2028 1686 2055 Σατάν
1702 2038 1819 2064 παρατα-

1036 2073 1168 2107 ξαμένου,
1189 2073 1264 2109 πάσῃ
1279 2081 1309 2099 τε
1335 2074 1445 2108 μηχανῇ
1463 2074 1510 2100 καὶ
1524 2073 1641 2108 δυνάμει
1663 2078 1728 2101 κατ’
1743 2074 1819 2102 αὑτοῦ

1034 2119 1290 2154 στρατηγήσαντος,
1307 2120 1354 2146 καὶ
1368 2119 1554 2154 διαφερόντως
1573 2121 1651 2156 παρὰ
1668 2122 1732 2152 τοὺς
1753 2129 1820 2155 τηνι-

998 2172 1019 2198 D
1033 2163 1100 2190 κάδε
1119 2163 1328 2199 πολεμηθέντας
1339 2165 1442 2199 ἀγρίως
1457 2165 1532 2198 αὐτῷ
1547 2165 1766 2200 ἐπισκήψαντος,
1779 2165 1819 2193 τοῦ

1036 2209 1097 2236 κατ’
1115 2209 1217 2244 ἀρετὴν
1232 2209 1419 2244 ἀποτυγχάνει
1445 2210 1561 2242 τελείου,
1589 2212 1638 2238 ἆτε
1656 2210 1688 2246 δὴ
1712 2211 1820 2238 καὶτῶν

1017 2254 1142 2294 ¹ἀρετῶν
1169 2256 1277 2290 μητρὸς
1292 2255 1342 2290 τῆς
1370 2257 1636 2292 ταπεινοφροσύνης,
1664 2258 1713 2284 καὶ
1733 2257 1781 2292 τῆς
1792 2255 1821 2282 δι’

1035 2301 1122 2336 αὐτὴν
1149 2301 1287 2333 ἀπαθείας
1313 2301 1473 2329 ἀποπεσὼν.
1503 2302 1559 2329 Καὶ
1587 2303 1654 2338 γὰρ,
1686 2304 1763 2337 φασὶ,
1788 2302 1821 2335 τῷ

1036 2348 1105 2374 κατὰ
1121 2348 1217 2373 Δέκιον
1247 2347 1363 2382 διωγμῷ
1379 2347 1566 2383 συλληφθέντα
1580 2349 1630 2375 καὶ
1644 2350 1741 2376 τοῦτον
1753 2350 1819 2385 πρῶ-

1035 2401 1071 2419 τα
1085 2393 1136 2428 μὲν
1157 2393 1246 2427 δεσμὰ
1261 2394 1461 2428 διελάμὸανονν
1476 2394 1604 2429 βασάνοις
1622 2395 1652 2421 δὲ
1667 2396 1730 2422 καθ’
1744 2395 1819 2422 ἁπαν

1035 2446 1080 2470 τος
1094 2439 1140 2464 τοῦ
1156 2438 1282 2473 σώματος
1299 2440 1447 2472 αἰκισθεὶς,
1468 2441 1624 2476 πικροτάτῃ
1647 2442 1821 2477 ἑπεῤῥίπτετο

1036 2486 1069 2519 τῇ
1084 2485 1201 2520 φρουρᾷ.
1219 2485 1316 2516 Κλοιῆς
1328 2486 1375 2511 ἐπὶ
1394 2485 1500 2516 τούτοις
1517 2486 1641 2521 σιδήρεος
1663 2488 1766 2518 πιέζων
1778 2484 1820 2520 ἦν’

1037 2529 1094 2563 πῦρ
1110 2538 1140 2555 τε
1161 2530 1311 2563 ὴπειλείτο.
1328 2531 1384 2558 Καὶ
1400 2531 1468 2558 ἄλλα
1487 2531 1520 2558 τὰ
1538 2532 1588 2565 μὲν
1605 2532 1738 2566 ἐπήγετο,
1753 2532 1785 2557 τὰ
1798 2530 1821 2556 δὲ

1037 2575 1145 2609 ἔμελλε.
1163 2576 1278 2607 Πολλαίς
1293 2576 1317 2603 δ’
1334 2577 1364 2604 ἐν
1385 2578 1505 2612 ἡμέραις
1527 2578 1580 2604 ὑπὸ
1599 2578 1735 2613 τέσσαρσι
1749 2577 1821 2609 ξύλον

1037 2621 1148 2655 δεσμοῖς
1162 2623 1225 2653 τοὺς
1243 2622 1328 2654 πόδας
1343 2624 1541 2658 ἐντεινάμενος,
1555 2625 1691 2658 γενναίως
1706 2625 1822 2658 ἠνεγκινη

1047 2667 1164 2699 Ἐκεῖνος
1182 2669 1232 2703 μὲν
1245 2667 1291 2695 οὖν
1309 2670 1397 2696 θανεῖν
1412 2669 1520 2702 ἕτοιμος
1544 2668 1595 2705 ἦν·
1617 2670 1657 2705 τῷ
1674 2670 1703 2696 δὲ
1719 2669 1822 2702 δικαστῇ

1038 2714 1191 2747 φιλονεικία
1215 2715 1297 2742 πάλιν
1323 2714 1458 2749 ἑτέρωθεν
1473 2716 1523 2750 τῆς
1540 2716 1663 2750 ἐφέσεως
1682 2716 1822 2749 ἀποστῆναι

1037 2761 1266 2795 παρασκευάσαι,
1296 2761 1343 2788 καὶ
1364 2759 1435 2795 ξίφει
1458 2762 1586 2793 κολάζειν
1607 2763 1711 2796 ἣκιστα
1735 2760 1821 2797 ἧδελν
