1882 3062
181 117 247 148 1163

788 122 997 155 NICEPHORI
1016 126 1188 157 CALLIS’I‘I

1737 131 1799 164 1164

177 176 304 209 ντυΐηητις
333 175 439 203 litteras
465 184 570 204 summe
596 179 738 206 addidicit.
759 179 810 207 Ubi
834 189 933 209 meretr

1015 183 1056 210 ἐπ’
1086 184 1277 220 Ἀλεξανδρείᾳ
1302 186 1443 220 τοιτήσας,
1464 196 1496 213 τοι
1522 187 1570 222 τῆς
1587 188 1662 220 θείας
1688 190 1799 226 Γραφῆς

175 222 246 252 cula,
276 230 336 256 quae
368 223 511 250 calumnia:
540 232 620 251 causa
646 225 679 252 ad
698 234 759 253 eum
786 232 915 260 venerat,
944 236 959 256 a

175 268 301 296 d:emone
316 274 453 304 correpta,
474 278 522 304 per
540 272 693 299 orationem
711 273 771 307 ejus
788 275 957 301 sanationem

175 319 217 341 est
231 319 377 342 consecuta
394 323 400 341 :
416 315 542 343 ecclesiae
556 321 647 344 autem
667 317 814 352 praefactus
830 319 878 353 (l),
895 327 958 346 cum

175 360 330 388 Phaedimus
360 361 384 387 ei
405 362 558 389 Amasenus
581 363 730 398 episcopus
751 372 849 392 manus
872 365 959 400 impo-

173 407 284 438 suisset,
311 415 406 441 rupem
435 407 574 442 ingentem
599 409 677 437 collis
703 410 807 443 instar,
837 419 898 438 cum
924 412 957 439 ad

173 463 233 481 eam
260 459 332 482 esset
355 455 507 489 perductus
527 476 534 488 ,
552 457 676 484 oratione
695 457 751 484 sola
774 459 870 491 mOvit,
887 463 914 486 et
930 460 956 486 in

171 499 253 526 alium
268 500 409 527 transtulit
425 500 528 528 locum.
549 501 651 529 Deinde
668 502 840 530 sacerdotem
857 505 957 538 profa—

170 553 234 571 num
253 545 347 580 templi
368 546 522 578 custodem,
541 547 632 580 ejecto
658 551 742 582 atque
767 553 879 583 recepto
901 550 956 576 daa-

170 598 250 617 mone
274 591 324 626 (9.),
348 592 382 618 ad
399 592 500 620 Christi
529 593 609 620 ﬁdem
638 594 785 628 pertraxit.
808 594 843 621 Et
869 595 956 622 lacum

169 637 328 672 quemdam,
344 638 378 666 de
397 647 453 673 quo
466 639 568 666 fratres
585 641 638 667 duo
654 641 758 674 ingenti
776 642 955 670 contentione

168 684 360 716 decertabant,
374 685 480 713 siccum
493 686 658 721 aridumque
672 687 802 715 reddidit.
820 688 954 716 Praeterea

168 731 234 763 Lyci
250 731 374 758 fluminis
391 732 478 759 undas
492 733 661 767 perniciosas
674 734 815 768 repressit,
831 735 954 770 scipione

168 787 218 806 suo
247 778 348 810 deﬁxo,
376 779 423 813 qui
448 779 590 814 hucusque
612 781 640 808 in
667 781 804 815 ingentem
830 782 953 809 excrevit

167 825 306 857 arborem,
333 829 361 854 et
381 832 397 853 ε
423 825 574 854 viatoribus
600 825 638 853 ibi
665 826 800 854 cernitur.
827 827 951 855 Judaeum

166 871 323 906 quemdam,
353 872 400 906 qui
435 876 574 899 mortuum
607 879 636 899 se
664 879 725 900 esse
750 873 949 905 simulaverat,
968 863 988 890 Β

166 926 263 945 revera
287 923 425 946 mortuum
449 917 553 946 effecit.
576 917 609 945 Et
630 925 691 945 cum
715 925 778 945 eum
802 918 950 952 aliquando

165 965 277 1000 quidam
305 967 549 998 persequerentur,
569 963 597 990 in
620 963 748 993 arborem
770 966 950 994 transforma-

166 1017 221 1042 tus,
240 1011 277 1038 ita
300 1011 419 1038 orationi
443 1011 587 1037 intendens
609 1010 744 1042 constitit,
761 1014 790 1038 ut
805 1019 820 1038 a
838 1011 949 1039 nemine

163 1058 319 1086 videretur.
335 1057 523 1084 Pestilentiam
544 1056 700 1084 inﬁdelibus
719 1057 879 1084 conciliavit
897 1066 902 1084 :
921 1061 949 1085 et

164 1105 294 1132 feminam
316 1103 474 1138 quamdam,
499 1111 560 1138 qua!
585 1103 619 1130 ad
643 1102 724 1131 ﬁdem
744 1108 907 1135 accesserat,
932 1112 947 1130 a

163 1154 251 1177 morte
274 1149 413 1179 liberavit.
442 1148 510 1176 lluic
536 1148 583 1177 Dei
603 1153 691 1176 mater
713 1156 867 1183 apparens,
897 1157 947 1184 per

162 1197 297 1225 Joannem
312 1195 519 1230 evangelistam.
538 1194 739 1229 professionem
754 1194 817 1223 fidei
832 1200 945 1228 nostrae,

162 1248 296 1279 quantum
311 1243 345 1271 ad
360 1242 525 1277 theologiam
542 1241 581 1277 (5)
596 1245 624 1269 et
641 1241 795 1269 divinitatis
810 1242 944 1269 rationem

162 1291 292 1326 pertinet,
321 1289 451 1324 scriptam
481 1287 617 1316 exhibuit.
646 1287 686 1314 Ad
712 1288 824 1315 multam
853 1294 944 1316 autem

161 1335 287 1371 pervenit
300 1338 484 1366 senectutem,
500 1338 528 1361 et
542 1333 574 1362 ad
592 1332 754 1361 Diocletiani
770 1341 858 1368 usque
877 1340 946 1361 tem-

161 1391 226 1419 pora
248 1383 358 1411 duravit
373 1382 423 1417 (4),
448 1381 599 1417 gratiarum
624 1380 742 1408 actionis
762 1389 844 1409 voces
860 1382 945 1410 edere

159 1431 269 1461 solitus,
286 1429 359 1463 quod
379 1428 476 1455 urbem
494 1426 759 1461 frequentissimam,
779 1431 807 1454 et
827 1427 944 1454 inﬁdeli-

159 1477 223 1504 tatis
240 1475 439 1510 plenissimam,
451 1473 484 1501 ad
501 1474 672 1502 contrarium
684 1473 865 1508 professionis
879 1474 942 1502 ﬁdei

1013 231 1060 256 καὶ
1074 231 1108 257 τὰ
1122 230 1173 265 τῆς
1185 230 1237 263 ἔξω
1253 232 1293 263 είς
1313 232 1397 266 ἀκρον
1413 233 1533 269 ἠσκήθη.
1557 233 1642 261 Ἔνθα
1654 235 1686 270 δὴ
1701 236 1799 272 ἑταιρι-

1013 275 1060 301 κὸν
1074 276 1187 309 γύναιον
1200 277 1246 302 ἐπὶ
1269 277 1381 312 διαὸολῇ
1406 277 1481 312 αὑτῷ
1507 279 1677 314 προσελθὸν,
1693 281 1798 316 δαίμονι

1012 321 1124 356 ληφθὲν,
1136 322 1180 348 διὰ
1199 323 1353 357 προσευχῆς
1369 326 1420 358 τὴν
1435 324 1508 351 ἴασιν
1522 325 1611 359 ἔσχεν.
1633 326 1696 351 Ἐπὶ
1708 327 1738 352 δὲ
1755 327 1799 358 τῆς

1019 365 1183 401 Ἑκκλησίας
1193 367 1292 399 τεθεὶς,
1307 367 1441 402 Φαιδίμου
1463 369 1540 404 αὑτῴ
1557 370 1607 401 τὰς
1630 371 1726 404 χεῖρας
1742 371 1799 397 ἐπι-

1010 411 1150 443 δαλόντος,
1174 412 1203 442 ὃς
1233 413 1381 446 ’Λμασείας
1406 413 1556 445 ἐπίσκοπος
1579 412 1623 448 ἧν,
1648 416 1709 441 ἐπεὶ
1733 416 1799 450 πρὸς

1009 458 1090 484 αὐτὸν
1106 458 1200 493 ἤγετο,
1214 458 1288 484 λίθον
1302 459 1390 492 μέγαν
1406 460 1495 494 βουνῷ
1510 461 1717 496 παραπλήσιον
1733 463 1797 497 εὐνῇ

1010 504 1080 539 μόνῃ
1094 505 1220 539 κινήσας,
1234 506 1274 537 είς
1287 505 1383 541 ἕτερον
1400 508 1541 542 μετήγαγε
1555 508 1649 534 τόπον.
1665 508 1753 539 Ἔνθα
1768 510 1796 543 δὴ

1008 549 1111 575 καὶτὸν
1128 550 1262 586 νεωκόρον
1278 552 1310 586 τῇ
1334 551 1389 578 τῶν
1411 551 1547 587 δαιμόνων
1566 553 1667 588 ὲκόολῇ
1693 563 1724 580 τε
1751 555 1796 580 καὶ

1008 594 1118 630 εἰσϐολῇ
1138 595 1206 630 πρὸς
1219 597 1269 631 τὴν
1289 597 1362 624 κατὰ
1384 598 1503 632 Χριστὸν
1526 599 1622 625 πίστιν
1645 599 1733 626 ’ἑλκει-
1751 600 1796 626 καί

1006 650 1066 667 τινα
1083 641 1181 676 λίμνην
1195 643 1396 679 διαφερομένην
1406 645 1483 671 δυσὶν
1503 646 1627 680 ἀδελφοῖς
1643 646 1733 681 ξηρὰν
1750 647 1796 674 καὶ

1006 685 1122 720 ᾶνικμον
1137 686 1255 714 ἐδείκνυ.
1274 688 1354 715 Ἀλλὰ
1371 691 1417 715 καὶ
1432 689 1480 716 τοῦ
1497 690 1622 725 ποταμοῦ
1648 692 1742 718 Atinas
1767 692 1795 717 τὸ

1006 730 1229 765 βλαπτικώτατον
1243 733 1362 768 ῥεῖθρον,
1380 735 1419 769 τῷ
1435 736 1483 770 τὴν
1507 737 1612 762 οἰκείαν
1636 738 1795 772 καταπτῆξαι

1006 778 1169 813 βακτηρίαν,
1184 780 1353 808 ἀνέστειλεν.
1379 780 1458 812 Ἦτις
1471 782 1508 817 δὴ
1530 783 1577 808 καὶ
1600 783 1630 813 ἐς
1649 783 1744 818 δεῦρο,
1767 785 1795 815 ἐς

1005 823 1079 858 μέγα
1092 824 1202 859 δένδρον
1214 825 1359 860 διήκουσα,
1378 829 1433 858 τοῖς
1449 828 1674 862 προσπελάζουσι
1699 830 1794 863 φαίνε-

1002 878 1057 897 ται.
1075 871 1131 897 Καὶ
1143 872 1190 898 τὸν
1213 872 1313 907 νεκροῦ
1341 874 1632 909 σχῆμαηπλασάμενον
1661 875 1792 911 Ἐὁραίον

1003 916 1076 952 ἔργῳ
1096 919 1193 953 νεκρῆν
1216 919 1344 955 καθιστᾷ.
1372 921 1427 946 Καὶ
1448 922 1504 951 τοῖς
1527 920 1657 948 διώκουσι
1683 922 1791 953 τοῦτον,

1000 965 1042 995 εις
1059 964 1169 999 δένδρον
1179 966 1471 1004 ἓμετασχηματισθεὶς,
1489 967 1575 998 ἑστὼς
1598 969 1628 994 ὲν
1649 969 1791 1004 προσευχῇ

1002 1010 1118 1043 ἀθέατος
1133 1011 1236 1044 ἔμεινε.
1253 1012 1308 1038 Καὶ
1319 1011 1412 1046 λοιμὸν
1425 1012 1453 1038 δὲ
1463 1013 1591 1044 ἀπίστοις
1607 1013 1790 1048 προύξένησε,

1000 1056 1048 1083 καί
1064 1057 1097 1092 τῇ
1113 1057 1204 1083 πίστει
1218 1057 1407 1094 προσελθούσῃ
1427 1058 1475 1084 τοῦ
1500 1059 1586 1094 μόρου
1603 1059 1790 1093 ἀπήλλαττεν.

1001 1103 1161 1139 Ἐγγραφον
1171 1104 1199 1130 δὲ
1216 1105 1265 1139 τῆς
1282 1104 1424 1139 θεολογίας
1438 1105 1488 1141 τὴν
1505 1106 1598 1132 πίστιν
1615 1106 1631 1141 ἡ
1652 1106 1702 1133 τοῦ
1719 1107 1789 1132 Θεοῦ

1001 1152 1094 1187 μήτηρ
1124 1153 1169 1178 διὰ
1206 1152 1253 1179 τοῦ
1291 1152 1485 1187 εὐαγγελιστοῦ
1518 1153 1643 1180 Ἰωάννου
1672 1153 1790 1187 φανεῖσα

1000 1196 1087 1231 τούτῳ
1103 1198 1226 1232 παρέχει.
1241 1197 1288 1229 Εἰς
1303 1198 1331 1224 δὲ
1353 1198 1421 1232 βαθὺ
1440 1198 1530 1233 γῆρας
1553 1197 1641 1232 ἥκων,
1658 1198 1726 1232 ἄχρι
1740 1199 1787 1224 καὶ

999 1243 1194 1278 Διοκλητιανοῦ
1209 1244 1387 1279 παρατείνας,
1404 1244 1582 1279 εὐχαριστίας
1605 1244 1715 1279 προῆκε
1730 1253 1788 1275 φω-

998 1288 1056 1320 νάς·
1073 1289 1170 1324 ὅτιπερ
1191 1290 1241 1324 τὴν
1255 1291 1301 1317 ἐπὶ
1317 1290 1396 1316 τόσον
1417 1290 1575 1325 πλήθουσαν
1592 1290 1724 1321 ἀπιστίας
1739 1290 1788 1316 πό-

996 1336 1038 1362 λιν
1057 1336 1344 1371 πολυανθρωποτάτην
1360 1336 1444 1362 οὖσαν
1458 1337 1505 1363 ιπὶ
1524 1336 1572 1370 τῆς
1589 1336 1720 1368 ἐναντίας
1738 1344 1788 1362 κα-

996 1382 1141 1409 ταλέλοιπε
1153 1382 1269 1415 τάξεως.
1291 1383 1390 1413 Ὂσους
1410 1383 1457 1409 καὶ
1472 1382 1527 1417 γὰρ
1547 1381 1633 1408 ἐλθὼν
1651 1379 1716 1416 εὗρε
1735 1382 1786 1417 τὴν

997 1429 1088 1455 πίστιν
1104 1429 1157 1463 πρὸ
1171 1429 1255 1455 αὑτοῦ
1283 1429 1551 1463 παραδεδεγμένους,
1573 1428 1724 1458 τοσούτους
1739 1438 1785 1455 τε·

995 1475 1100 1502 λευτῶν
1114 1477 1146 1511 τῇ
1161 1476 1276 1512 ἀπιστίᾳ
1290 1476 1561 1512 παραμεμενηκότας
1585 1476 1783 1503 καταλέλοιπε.

159 1521 310 1555 redegisset
324 1525 438 1548 statum.
454 1519 592 1552 Quantum
608 1519 682 1547 enim
696 1519 733 1546 ibi
749 1527 846 1547 eorum
859 1519 933 1547 adve-

1016 1520 1121 1549 οσαῦτα
1134 1522 1172 1552 ὡς
1185 1523 1216 1548 ὲν
1245 1522 1371 1557 συντόμῳ
1398 1522 1489 1548 εἰπεῖν
1522 1522 1569 1548 καὶ
1601 1523 1638 1548 τὰ
1653 1523 1783 1557 περὶτοῦ

159 1568 239 1594 nicns
266 1570 416 1601 repet-erat,
440 1567 486 1601 qui
513 1571 576 1593 ante
603 1573 632 1595 se
658 1565 740 1594 ﬁdem
765 1569 937 1600 receperant,

995 1567 1154 1601 θαυμαστοῦ
1170 1567 1336 1603 Γρηγορίου.

159 1618 264 1643 tantum
289 1621 385 1642 eorum
409 1614 455 1648 qui
480 1613 507 1641 in
529 1612 692 1643 inﬁdelitate
718 1619 934 1647 perseverarent,
956 1614 1079 1642 moriens
1112 1623 1259 1642 numerum
1292 1615 1416 1650 reliquit.
1437 1615 1500 1643 Htec
1523 1616 1646 1644 breviter
1661 1621 1690 1643 et
1705 1624 1782 1643 com-

158 1661 291 1695 pendiose
306 1661 340 1688 de
353 1660 514 1688 admirando
530 1659 662 1694 Gregorio
676 1659 732 1688 sint
747 1659 830 1686 dicta.

387 1721 468 1756 ηοξ)
484 1719 597 1748 CAPUT
617 1720 711 1748 xvut.

349 1767 386 1794 De
402 1767 520 1802 Dionysii
535 1766 605 1802 festis
621 1766 744 1800 epistolis.

191 1827 339 1862 Dionysius
365 1831 456 1853 autem
481 1824 698 1858 Alexandrinus,
723 1824 844 1852 nondum
871 1831 938 1859 pace

156 1874 280 1902 ccclesiis
295 1881 310 1899 a
325 1873 439 1900 Galicno
460 1871 576 1902 reddita,
602 1871 635 1899 ad
661 1878 708 1898 eas
725 1878 794 1906 quas
818 1870 938 1898 diximus

156 1922 189 1947 de
215 1919 375 1956 ptenitentia
394 1925 421 1945 et
444 1918 591 1953 baptismo,
606 1917 674 1944 alias
697 1925 807 1952 quoque
827 1918 861 1944 de
883 1916 936 1944 Pa-

155 1967 248 1994 scbate
264 1966 348 1993 festas
368 1964 521 1999 composuit
545 1964 686 1998 epistolas.
710 1963 830 1996 Quarum
852 1970 934 1990 unam

155 2012 265 2047 quidem
282 2011 314 2038 ad
337 2010 552 2045 Flavianum'(5)
578 2010 654 2037 dedit
670 2018 678 2037 ;
696 2009 777 2036 aliam
802 2009 835 2036 ad
853 2009 935 2044 Didy-

155 2066 229 2085 mum
247 2062 274 2084 et
293 2057 454 2088 Domitium,
479 2057 506 2084 in
526 2064 580 2091 qua
606 2057 688 2083 etiam
713 2060 774 2097 octo
799 2063 935 2082 annorum

154 2112 286 2131 canonem
298 2103 420 2138 exponit,
434 2110 488 2129 non
502 2103 569 2129 alias
579 2110 660 2137 quam
672 2102 837 2137 :equinoctio
852 2108 936 2129 verno

152 2151 257 2179 Pascha
276 2150 410 2178 celebrari
427 2154 556 2185 oportere
574 2155 714 2177 astruens.
732 2150 821 2177 Aliam
839 2158 936 2177 rursus

152 2199 185 2225 ad
202 2197 378 2232 presbyteros
396 2196 610 2228 Alexandrinos,
628 2201 709 2230 atque
726 2196 848 2223 diversas
868 2196 935 2224 alias

153 2245 186 2271 ad
211 2243 280 2270 alios
296 2242 416 2276 scripsit.
442 2242 512 2268 Pace
539 2248 621 2275 porro
645 2246 752 2273 exorta,
780 2242 814 2268 ab
839 2243 937 2269 exsilio

155 2289 346 2317 Alexandriam
365 2287 456 2316 rediit.
473 2287 511 2314 lbi
527 2287 663 2314 seditione
681 2291 709 2315 et
726 2288 844 2315 tumultu
861 2288 935 2316 civil-i

152 2339 281 2369 excitato,
308 2336 439 2372 quoniam
464 2334 614 2369 episcopali
642 2342 756 2362 munere
781 2342 832 2361 suo
858 2334 934 2370 fungi

151 2391 205 2410 non
227 2384 327 2417 potuit,
343 2381 474 2409 fratribus
489 2381 595 2408 scilicet
608 2381 635 2407 in
652 2381 811 2408 alterutram
826 2385 933 2416 partem

151 2430 279 2456 factionis
305 2428 453 2461 inclinatis,
479 2428 545 2462 ipsis
567 2427 679 2454 Pascha:
706 2427 782 2454 feriis
809 2435 843 2454 ex
874 2428 932 2462 ipsa

151 2474 313 2501 Alexandria
337 2473 421 2500 veluti
445 2472 522 2499 exsul
540 2479 589 2506 per
612 2472 719 2498 litteras
743 2479 806 2497 cum
831 2472 871 2499 eis
891 2476 934 2500 est

150 2521 316 2549 collocutus.
337 2520 416 2546 Dedit
430 2525 541 2553 quoque
561 2517 594 2543 ad
615 2516 758 2544 Hieracem
775 2517 933 2552 (Egyptium

186 2610 225 2645 ll)
252 2611 319 2637 Cum
346 2609 461 2638 ecclesia
492 2609 518 2636 in
546 2610 664 2644 quodam
691 2609 750 2637 loco
778 2609 932 2637 arctissimo

152 2649 222 2675 inter
235 2651 356 2672 montem
380 2650 406 2671 et
422 2645 533 2671 fluvium
553 2646 641 2680 posito
659 2646 782 2672 construi
806 2645 932 2677 deberet,

148 2689 172 2710 et
204 2682 321 2716 spatium
347 2680 485 2707 sullicicns
508 2689 562 2707 non
587 2685 672 2709 esset.
695 2682 753 2714 ipso
779 2685 875 2707 sancto
903 2680 930 2706 in

149 2717 321 2745 orationibus
346 2721 534 2751 pernm-tante,
552 2724 632 2743 mane
658 2718 739 2746 facto.
754 2716 864 2742 inventa
889 2721 931 2742 est

150 2761 231 2788 rupes
262 2752 451 2786 tantospatio
475 2752 535 2779 loco
562 2752 685 2788 Cessisse,
711 2756 845 2788 quantum
872 2755 931 2788 erat

149 2785 306 2823 competens
322 2795 371 2823 pro
391 2788 448 2821 ipsa
472 2788 587 2814 ecclesia
613 2787 779 2813 fabricanda.
795 2785 870 2812 Hier.
892 2785 929 2811 De

150 2824 337 2895 “ﬁliiﬁliistb.
357 2858 406 2886 lib.
427 2866 474 2892 vn,
499 2865 560 2893 cap.
579 2858 624 2891 23,
646 2858 743 2886 Ruﬁno
766 2858 926 2892 interprete.

1288 1721 1413 1748 ΚΕΦΛΛ.
1426 1721 1481 1749 ΙΗ’.

1017 1768 1086 1801 Περὶ
1100 1767 1160 1794 τῶν
1172 1767 1374 1802 ἑορταστικῶν
1383 1769 1548 1796 ’Διονυσίου
1563 1764 1748 1799 ἐπιστολῶν.

1027 1823 1164 1863 Διονιὶσιος
1175 1824 1203 1850 δὲ
1220 1824 1291 1858 ὁτῆς
1316 1824 1531 1861 Ἀλεξανδρείας,
1542 1826 1628 1861 μήπω
1640 1827 1691 1862 τῆς
1708 1829 1777 1855 κατὰ

989 1869 1123 1905 Γαλιηνὺν
1142 1869 1324 1905 ἐπιλαϐούσης
1348 1871 1470 1905 εἰρήνης,
1489 1871 1557 1904 πρδς
1581 1873 1640 1904 ταῖς
1661 1873 1777 1908 εἰρημέ-

989 1926 1049 1947 ναις
1063 1918 1110 1952 τῆς
1131 1917 1276 1950 μετανοίας
1300 1917 1346 1943 καὶ
1373 1916 1417 1943 τοῦ
1442 1917 1631 1953 βαπτίσματος
1656 1922 1704 1948 καὶ
1729 1922 1777 1953 τὰς

989 1964 1110 1998 περὶτοῦ
1142 1963 1236 1999 Πάσχα
1260 1963 1440 1997 ἑορταστικὰς
1457 1964 1597 1991 συντάττει
1618 1966 1775 1998 ἐπιστολάς·

984 2007 1022 2037 ὧν
1049 2009 1112 2043 μίαν
1137 2009 1185 2043 μὲν
1202 2009 1344 2044 suam];
1365 2011 1533 2046 προσφωνεῖ,
1555 2011 1640 2046 ἄλλην
1655 2012 1684 2038 δὲ
1701 2014 1776 2039 Διδύ-

988 2065 1030 2091 μῳ
1045 2057 1093 2082 καὶ
1127 2055 1258 2090 Δομετίῳ.
1289 2055 1332 2081 Ἐν
1381 2056 1428 2083 καὶ
1456 2055 1651 2092 ὀκταετηρίδος
1674 2060 1774 2085 κανόνα

986 2101 1135 2131 ἐκτίθεται.
1152 2102 1190 2136 μὴ
1205 2101 1259 2128 δεῖν
1273 2101 1368 2129 ἄλλοτε
1393 2101 1462 2136 πλὴν
1474 2102 1523 2137 τῆς
1543 2103 1666 2138 είαρινῆς
1681 2105 1774 2140 ίσημμ
1792 2107 1805 2143 ἐξ

990 2150 1052 2184 ρὶας
1070 2150 1101 2176 τὸ
1119 2150 1215 2184 Πάσχα
1228 2150 1363 2175 ἐπιτελεῖν
1383 2149 1599 2183 παριστάμενος.
1617 2151 1680 2182 Τοῖς
1695 2151 1717 2177 δ’
1746 2153 1773 2178 ἐν
1790 2148 1795 2161 ¹

953 2181 974 2208 D
990 2181 1196 2230 ’Ἀλεξανδρεία-
1213 2195 1410 2230 πρεσϐυτέροις
1425 2181 1518 2230 -ᾶλλην
1553 2181 1709 2229 συντάττει,
1727 2199 1772 2224 ut

988 2242 1133 2276 διαφόρους
1150 2241 1250 2272 ἄλλοις.
1277 2241 1334 2275 Τῆς
1347 2241 1371 2268 δ’
1388 2242 1499 2276 εἰρήνης
1523 2242 1728 2278 διαλαμψὰσης,
1743 2245 1773 2270 ἐκ

987 2289 1037 2323 τῆς
1053 2287 1199 2323 ὑπερορίας
1207 2287 1346 2323 ἐπανῆκεν
1359 2287 1400 2319 είς
1420 2287 1633 2323 Ἀλεξάνδρειαν.
1649 2290 1772 2322 Στάσεως

987 2335 1009 2361 δ’
1024 2336 1112 2361 ἐκεῖσε
1138 2335 1186 2361 καὶ
1205 2334 1326 2369 πολέμου
1353 2334 1569 2369 ἑπισυμὸάντος,
1588 2337 1650 2362 ἐπεὶ
1680 2338 1718 2372 μὴ
1740 2338 1771 2364 τὰ

987 2382 1036 2414 τῆς
1053 2381 1206 2412 ἐπισκοπῆς
1217 2380 1322 2407 διέπειν
1337 2377 1393 2411 οἷός
1408 2389 1437 2406 τε
1449 2377 1494 2415 ἦν,
1510 2381 1558 2407 ἅτε
1577 2382 1611 2417 δὴ
1627 2383 1684 2410 τῶν
1700 2384 1772 2410 ἁδελ-

988 2426 1046 2460 φῶν
1063 2427 1102 2456 εἰς
1127 2426 1260 2457 ἑκάτερον
1274 2424 1324 2460 τῆς
1348 2425 1470 2457 στάσεως
1493 2427 1574 2462 μέρος
1597 2428 1772 2464 διακρινομέ-

987 2481 1052 2504 νων,
1069 2472 1137 2507 ἐντῇ
1153 2471 1199 2498 τοῦ
1209 2472 1304 2506 Πάσχα
1320 2472 1400 2507 ἑορτῇ
1409 2471 1439 2504 ἐξ
1450 2472 1534 2506 αὐτῆς
1555 2473 1772 2510 Ἀλεξανδρεῐαῖ.

989 2517 1061 2543 καθοὶ
1076 2525 1116 2548 τις
1135 2516 1281 2552 ὑπερόριος
1298 2516 1441 2550 διατελῶν,
1457 2517 1556 2552 ὡμίλει
1576 2521 1679 2552 αὐτοῖς.
1705 2521 1771 2555 Πρὸς

1022 2609 1060 2643 (ὃ)
1074 2609 1220 2645 Theologia
1238 2609 1296 2637 haec
1315 2610 1453 2644 reperitur
1468 2610 1539 2643 apud
1557 2610 1700 2643 Rufinum,
1721 2611 1767 2638 Ec.

984 2644 1050 2671 clas.
1065 2645 1125 2670 hiat.
1146 2645 1255 2672 Eusebii
1273 2645 1321 2671 lib.
1341 2653 1389 2677 vn,
1409 2653 1470 2679 cap.
1486 2645 1531 2671 25.

1022 2680 1059 2714 (4)
1077 2679 1132 2706 lmo
1152 2681 1204 2707 alia
1231 2680 1314 2707 etiam
1339 2681 1399 2714 ejus
1418 2680 1548 2706 miracula
1570 2681 1624 2707 sub
1640 2682 1771 2709 Constan-

985 2715 1042 2741 tino
1060 2715 1155 2750 Magno
1170 2715 1328 2742 referuntur
1344 2715 1414 2741 infra
1433 2715 1481 2742 lib.
1495 2723 1555 2746 νιιι,
1571 2723 1635 2750 cap.
1655 2717 1704 2743 55.

1019 2750 1056 2784 (5)
1073 2749 1171 2777 Euseb.
1200 2749 1325 2777 Flauium
1351 2750 1442 2779 habet.
1468 2750 1536 2777 libro
1565 2759 1614 2779 vn.
1641 2760 1702 2785 cap.
1728 2750 1770 2777 ‘20.

981 2784 1060 2818 Item,
1079 2791 1139 2822 post
1157 2786 1353 2822 aequinoctium
1370 2793 1496 2818 vernum,
1508 2786 1579 2820 μετὰ
1595 2785 1646 2821 τὴν
1664 2784 1772 2822 ἐαρινὴν

983 2820 1140 2855 ισημερίαν.
1157 2820 1226 2847 Ibid.
