1882 3062
101 119 170 152 1165

565 116 870 148 ΕΟΕΕΕΞΙΑΞΤΙΟΑΕ
892 115 1087 146 HlSTOPtLE
1107 115 1181 146 LIB.
1200 116 1238 146 VI

1666 114 1724 145 i166

99 181 127 206 οὲ
138 179 190 207 -καὶ
209 179 312 212 ’ἱέρακι
327 178 366 213 τῷ
383 177 444 204 κατ’
459 177 600 210 Αἴγυπτον
626 176 768 210 ἑπισκόπῳ
789 177 885 210 ἑορτα-

985 182 1100 208 scopum
1116 175 1230 201 alteram
1253 174 1350 201 festam
1372 174 1430 202 sive
1446 173 1605 202 Paselmlem
1621 175 1724 209 episto-

100 226 198 262 στικὴν
219 226 318 260 ἑτέραν
335 225 497 260 ὲχάραττεν,
519 219 579 260 ὲνῇ
599 223 710 257 καὶτῆς
734 223 795 249 κατ’
817 222 891 248 Ἀλε-

99 273 246 308 ξάνδρειαν
261 273 380 303 στάσεως
398 271 494 306 μνείαν
520 271 696 305 ποιούμενος,
711 270 806 297 τοῦτον
821 270 890 295 ὑπι-

100 318 211 353 γορεύει
237 318 283 344 τὸν
312 316 427 352 τρόπον·

395 385 524 412 ΚΕΦΔΛ.
545 384 595 411 ΙΘ’.

100 440 172 475 Περὶ
188 439 244 474 τῆς
264 440 300 466 ἐν
313 438 528 472 Ἀλεξανδρείᾳ
546 437 722 475 γενομένης
751 435 890 469 στάσεως

414 474 469 501 τοῦ
482 473 571 501 λαοῦ.

139 544 149 560 ι
160 533 239 569 Ἐμοὶ
254 533 283 560 δὲ
296 533 322 559 τί
340 532 507 566 θαυμαστὸν,
521 532 545 557 εί
560 531 629 566 πρὸς
644 530 707 562 τοὺς
723 530 890 565 πορρωτέρω

100 578 299 610 κατοικοῦντας
313 577 432 613 χαλεπὸν
445 577 475 603 τὸ
488 577 540 604 κᾶν
554 576 589 603 δι’
603 577 754 602 ἐπιστολῶν
769 575 888 611 ὁμιλείν;

99 626 145 652 ὅτε
159 626 208 652 καὶ
218 624 256 658 τῷ
272 623 340 658 πρὸς
354 622 474 658 ἐμαυτὸν
493 622 567 657 αὐτῷ
584 631 630 657 μοι
647 621 832 655 διαλέγεσθαι,
843 621 890 647 καὶ

98 673 133 706 τῇ
155 671 210 706 [Sig
225 670 299 705 ψυχῇ
318 669 566 704 συμϐουλεύεσθαι,
587 668 757 703 καθέστηκεν
769 668 888 702 ἄπορονς

99 717 174 751 Πρὸς
190 715 255 750 γοῦν
269 716 303 742 τὰ
327 715 448 750 ὲμαυτοῦ
465 714 618 750 σπλάγχνα,
637 714 701 745 τοὺς
721 715 890 748 ὀμοσχήνους

99 761 150 788 καὶ
164 760 323 796 συμψὺχους
347 760 490 794 ἀδελφοὺς,
508 760 556 786 καὶ
579 760 628 794 τῆς
641 758 723 785 αὑτοῦ
753 757 889 789 πολιτείττς

99 808 148 834 καὶ
170 807 349 842 Ἐκκλησίας,
371 806 554 833 ἐπιστολαίων
576 805 673 840 δέομαι
702 803 888 840 γραμμάτων.

100 853 158 880 Καὶ
171 853 248 880 ταῦθ’
265 853 339 884 ὅπως
354 853 387 879 ἂν
396 852 621 886 διαπεμψαίμην,
637 851 778 886 ἀμήχανον
795 849 889 884 φαίνει

981 851 1082 885 clesiae,
1107 852 1233 886 epistolis
1257 860 1329 887 opus
1355 857 1397 879 est

97 909 156 926 ται.
181 899 260 934 Ῥᾷον
274 899 329 932 γὰρ
344 898 376 925 ἄν
389 907 431 929 τις
445 898 494 932 οὐχ
514 898 588 928 ὅπως
601 897 640 928 είς
656 898 705 931 τὴν
732 896 889 930 ὑπερόριον,

100 946 170 972 ἀλλὰ
185 945 232 971 καὶ
245 944 293 971 ἀπ’
314 944 465 971 Ἀνατολῶν
487 945 535 970 ἐπὶ
549 944 660 978 Δυσμὰς
677 942 859 977 περαιωθείη,
871 942 889 978 ἢ

100 992 154 1026 τὴν
188 991 394 1026 ’Δλεξάνδρειαν
425 991 473 1017 ἀπ’
502 991 588 1026 αὐτῆς
614 990 662 1025 τῆς
689 989 890 1024 Ἀλεξανδρείας

100 1038 223 1065 ἐπέλθοι.
237 1038 294 1072 Τῆς
310 1039 364 1073 γὰρ
377 1039 482 1073 ὲρήμου
497 1039 549 1073 τῆς
573 1037 673 1072 πολλῆς
688 1037 735 1063 καὶ
760 1036 890 1070 ἀτριϐοῦς

99 1085 220 1118 ἱκείνης,
236 1084 270 1119 ἢν
289 1084 318 1110 ὲν
339 1083 401 1110 δυσὶ
424 1084 530 1116 γενεαῖς
558 1082 702 1118 διώδευσεν
724 1082 738 1108 6
770 1081 889 1116 Ἰσραὴλ,

99 1130 206 1165 ἄπορος
231 1129 332 1163 μᾶλλον
352 1129 400 1155 καὶ
423 1128 523 1158 ᾰὸατός
539 1127 614 1154 ἐστιν
628 1128 644 1161 ἡ
669 1127 822 1161 μεσαιτάτη
840 1127 889 1161 τῆς

99 1175 206 1206 πόλεως
226 1175 285 1206 ὁδὸς
319 1175 367 1201 καὶ
390 1174 529 1208 θαλάσσης
544 1182 551 1188 ·
577 1174 611 1208 ἣν
631 1174 731 1199 ἐκεῖνοι
757 1174 889 1208 ῥαγεῖσαν

99 1223 150 1250 καὶ
163 1222 395 1257 διατειχισθεϊσαν
408 1221 488 1256 ἔσχον
509 1219 661 1255 ἱππήλατον
675 1227 682 1236 ⁸
700 1220 747 1246 καὶ
759 1216 796 1246 ὧν
808 1220 837 1245 ὲν
854 1220 887 1255 τῇ

99 1269 234 1303 λεωφόρῳ
258 1267 513 1302 ιατεποντίσθησαν
542 1266 697 1300 Αἰγύπτιοι,
721 1265 745 1292 οἱ
775 1265 889 1298 γαληνοὶ

100 1314 313 1348 καὶάκύμαντοι
328 1314 438 1348 λιμένες
466 1313 622 1346 γεγόνασιν,
646 1311 730 1338 εἰκὼν
758 1311 889 1342 πολλάκις

101 1360 237 1396 φανέντες
251 1361 305 1386 ἀπὸ
320 1359 374 1386 τῶν
395 1361 423 1386 ἐν
448 1359 541 1390 αὐτοῖς
569 1359 668 1393 φόνων,
698 1356 754 1385 οἷον
785 1358 889 1393 ἐρυθρὰ

101 1406 237 1433 θάλασσα.
256 1406 285 1432 ’0
306 1405 328 1432 δ’
342 1405 479 1440 ἐπιρρέων
510 1405 631 1439 ποταμὸς
647 1404 697 1439 τὴν
714 1404 791 1431 πόλιν
822 1404 889 1430 ποτὲ

103 1454 156 1488 μὲν
169 1453 274 1487 ὲρήμου
290 1452 337 1486 τῆς
358 1452 474 1487 ἀνύδρου
487 1452 634 1486 ξηρότερος
643 1451 732 1485 ὤφθη,
751 1451 799 1478 καὶ
819 1451 889 1485 μᾶλ-

100 1499 149 1525 λον
164 1498 311 1533 αὐχμώδης
328 1499 446 1533 ἐκείνης,
463 1499 495 1532 ἥν
509 1498 736 1533 διαπορευόμενος
748 1499 762 1524 6
781 1497 889 1532 Ἰσραὴλ
903 1521 926 1550 c

101 1546 192 1576 οὕτως
206 1545 346 1579 suum",
369 1544 407 1576 ὡς
425 1545 512 1579 Μωσῆ
545 1545 594 1579 μὲν
615 1544 753 1580 καταόοᾷν
768 1552 775 1560 ο
793 1545 890 1579 ῥυῆναι

100 1590 131 1615 δὲ
145 1590 238 1620 αὐτοῖς
253 1589 328 1623 παρὰ
351 1589 399 1615 τοῦ
429 1589 571 1622 θαυμάσια
590 1588 730 1619 ποιοῦντος
751 1589 834 1623 μόνου
859 1590 892 1615 ἐκ

101 1635 210 1669 πέτρας
225 1635 378 1670 ἀκροτόμου
396 1635 488 1661 ποτόν.
505 1635 574 1661 ﬂori:
592 1635 619 1661 6’.-
635 1634 762 1666 τοσοῦτος
784 1635 892 1669 ὲπλήμ-

102 1690 203 1716 μυρεν,
218 1683 256 1712 ὡς
273 1681 364 1708 πᾶσαν
389 1671 440 1716 τὴν
457 1681 612 1716 περίχωρον
632 1681 681 1712 τάς
697 1689 727 1707 τε
741 1681 817 1712 ὀδοὺς
846 1681 893 1708 καὶ

101 1730 169 1757 τοὺς
182 1728 285 1762 ἀγροὺς
299 1727 496 1758 ὲπικλύσαντα,
523 1727 573 1761 τῆς
593 1727 639 1753 ἐπὶ
654 1727 717 1753 Νῶε
742 1727 892 1762 γενομένης

102 1774 153 1801 τοῦ
172 1774 266 1804 ὓδατος
280 1774 367 1809 φορᾶς
382 1774 531 1806 ἐπαγαγεῖν
545 1774 670 1808 ἀπειλήν.
695 1774 753 1800 ’Λεὶ
765 1774 792 1799 δὲ
809 1774 892 1808 αἵμα-

102 1830 130 1847 τι
145 1821 192 1847 καὶ
211 1821 301 1854 φόνοις
318 1821 365 1846 καὶ
372 1821 604 1854 καταποντισμοῖς
618 1819 724 1846 κάτεισι
738 1820 893 1854 μεμιασμέ-

103 1875 150 1899 νος
166 1875 174 1883 ο
192 1863 247 1897 οἷος
260 1866 313 1892 ὑπὸ
338 1867 424 1901 Μωσῇ
441 1866 536 1900 γέγονε
553 1865 592 1900 τῷ
605 1866 704 1900 Φαραὼ
732 1866 892 1900 μεταὸαλὼν

102 1914 145 1943 είς
162 1910 233 1947 αἷμα
249 1913 296 1938 καὶ
323 1911 469 1944 ἀποζέσας.
485 1913 540 1939 Καὶ
568 1913 645 1938 ποῖον
669 1913 769 1946 γένοιτ’
785 1913 818 1939 ἂν
844 1913 891 1940 τοῦ

102 1961 195 1986 πάντα
213 1958 392 1992 καθαίροντος
404 1957 501 1988 ὕδατος
525 1957 596 1991 ὕδωρ
621 1957 685 1984 ἄλλο
715 1958 890 1992 καθάρσιονς

104 2005 168 2035 [Ιῶς
179 2005 212 2031 ἂν
228 2005 242 2030 6
256 2004 339 2034 πολὺς
355 2003 402 2030 καὶ
416 2003 571 2039 ἀπέραντος
587 2003 741 2038 ἀνθρώποις
766 2004 892 2035 Ὠκεανὸς

101 2051 256 2085 ἐπιχυθεὶς,
274 2050 324 2084 τὴν
333 2050 436 2085 πικρὰν
446 2049 548 2084 ταύτην
556 2050 726 2084 ἁποσμήξειε
740 2049 890 2085 ϐάλασσανς

102 2097 138 2122 Ἦ
152 2097 211 2127 πῶς
237 2096 271 2122 ἂν
289 2097 303 2122 6
320 2095 407 2130 μέγας
435 2096 558 2130 ποταμὸς
589 2097 604 2122 6
625 2097 843 2131 ὲκποριυόμενος
862 2095 911 2131 ὲξ“

109 2143 201 2176 metu,
222 2143 269 2168 ἐπὶ
283 2142 333 2174 τὰς
350 2142 486 2177 τέσσαρας
501 2143 588 2178 ἀρχὰς
608 2142 648 2174 είς
671 2143 704 2174 ἃς
719 2143 890 2177 ἀφορίζεται,

942 223 1006 253 lam.
1035 224 1061 249 in
1089 231 1142 257 qua
1166 223 1313 250 seditionis
1337 223 1531 251 Alexandrinae
1556 224 1724 252 mentionem

942 269 1056 302 faciens,
1068 270 1104 296 ad
1121 270 1194 297 hunc
1208 270 1319 298 modum
1338 270 1436 298 scribit
1451 279 1460 297 :

1232 379 1345 408 CAPUT
1365 379 1438 407 XIX.

1090 435 1128 462 De
1142 435 1267 462 seditione
1282 435 1373 470 populi
1390 418 1574 462 Alexandrini.

980 535 989 551 ι
1006 525 1076 558 Quid
1095 533 1146 561 ego
1170 525 1291 553 admirer
1313 525 1421 552 diﬂicile
1437 532 1509 557 esse,
1525 533 1589 552 cum
1614 525 1655 552 eis
1677 525 1725 560 qui

942 579 1039 606 magna
1055 571 1179 598 locorum
1194 571 1400 605 intercapedine
1413 579 1428 598 a
1448 570 1530 597 nobis
1545 575 1610 598 sunt
1624 571 1725 603 dissiti,

941 626 990 653 per
1016 618 1148 652 epistolas
1173 618 1275 653 agere?
1297 618 1364 645 Cum
1392 618 1420 644 in
1446 617 1560 644 dubium
1588 618 1724 649 venerim,

940 665 1080 699 quomodo
1101 665 1161 699 ipse
1183 672 1290 692 mecum
1318 664 1472 699 colloquar,
1497 668 1525 691 et
1549 664 1607 698 ipse
1626 665 1725 690 anima:

941 718 1008 737 mem
1032 712 1195 738 consulam?
1220 711 1260 738 Ad
1279 713 1337 745 ipsa
1360 711 1433 737 enim
1457 710 1562 737 viscera
1583 718 1653 742 mea,
1673 710 1726 737 hoe

941 760 993 788 est,
1010 757 1044 784 ad
1059 757 1157 783 fratres
1171 758 1218 791 qui
1230 757 1353 792 ejusdem
1371 762 1434 784 sunt
1449 756 1638 787 contubernii,
1653 757 1727 790 ejus-

941 802 1002 830 dem
1028 804 1124 834 animi,
1154 804 1276 839 ejusdem
1307 804 1369 830 vita:
1398 803 1528 835 instituti,
1552 807 1579 830 et
1602 803 1725 838 ejusdem

1423 860 1429 879 :
1457 859 1559 886 easque
1587 851 1727 886 quomodo

944 899 1061 933 perferri
1086 906 1192 927 curem.
1211 899 1309 925 durum
1333 905 1362 925 et
1380 906 1464 933 prope
1489 898 1658 931 impossibile
1675 901 1726 925 est.

942 944 1062 972 Facilius
1084 952 1202 979 namque
1225 944 1325 979 aliquis
1347 952 1400 971 non
1420 945 1483 971 dico
1501 944 1527 971 in
1546 944 1726 979 longinquum

941 990 1030 1017 exsilii
1044 990 1144 1021 locum,
1160 989 1209 1017 sed
1227 990 1262 1017 ab
1273 989 1385 1017 Oriente
1396 989 1430 1016 ad
1442 989 1618 1017 Occidentem
1638 993 1729 1016 trans-

941 1035 1015 1067 ierit,
1045 1043 1126 1070 quam
1144 1036 1339 1063 Alexandriam
1357 1043 1391 1062 ex
1409 1036 1468 1069 ipsa
1485 1034 1649 1062 Alexandria
1662 1042 1728 1069 per-

941 1085 1028 1116 agret.
1044 1082 1137 1117 Longe
1154 1083 1257 1117 quippe
1279 1082 1431 1110 solitudine
1448 1082 1494 1109 illa
1515 1083 1623 1109 deserta
1645 1085 1728 1115 atque

941 1127 1026 1160 invia,
1043 1136 1125 1163 quam
1147 1129 1254 1156 duabus
1277 1128 1404 1156 aetatibus
1428 1136 1475 1155 seu
1501 1127 1728 1163 generationibus

942 1174 988 1200 ﬁlii
1014 1173 1098 1201 lsrael
1125 1175 1360 1208 pertransierunt,
1388 1174 1570 1209 periculosior
1592 1174 1675 1210 410
1699 1178 1729 1202 et

941 1219 1100 1254 impeditior
1116 1224 1159 1246 est
1184 1219 1274 1246 media
1288 1219 1408 1247 civitatis
1430 1220 1474 1247 via
1496 1228 1503 1246 :
1522 1225 1550 1247 et
1566 1220 1634 1247 mari
1659 1221 1727 1247 item

941 1265 998 1298 illo,
1013 1265 1087 1300 quod
1104 1265 1143 1292 illi
1161 1264 1279 1292 divisum
1303 1269 1333 1293 et
1347 1265 1374 1292 in
1391 1265 1528 1300 parietum
1547 1267 1664 1294 formam
1685 1274 1728 1294 re-

940 1310 1050 1338 dactum
1080 1311 1134 1338 late
1157 1311 1313 1339 habuerunt
1335 1312 1472 1347 pervium,
1497 1318 1525 1340 et
1548 1314 1634 1348 quieti
1654 1318 1730 1341 tran-

941 1357 1074 1392 quillique
1096 1362 1202 1392 portus,
1219 1365 1314 1385 eorum
1331 1357 1476 1391 ﬂuctuum,
1492 1359 1519 1386 in
1537 1367 1653 1393 quorum
1670 1365 1728 1386 tra-

938 1404 1014 1439 jectu
1042 1403 1164 1439 [Egyptii
1189 1408 1254 1432 sunt
1282 1404 1440 1436 submersi,
1472 1406 1591 1439 speciem
1609 1412 1666 1440 pm
1696 1413 1727 1433 se

941 1452 1081 1483 tulerunt,
1105 1451 1170 1477 dum
1192 1451 1350 1484 frequenter
1374 1455 1488 1485 propter
1508 1451 1596 1478 credes
1618 1452 1646 1478 in
1672 1452 1727 1479 illis

945 1496 1083 1523 factitatas
1107 1497 1212 1523 similes
1234 1495 1321 1522 Rubri
1347 1497 1430 1523 maris
1451 1502 1657 1531 apparuerunt..
1674 1497 1728 1531 Qui

943 1549 1008 1569 vero
1026 1550 1076 1576 per
1096 1543 1191 1569 urbem
1208 1543 1294 1577 ipsam
1320 1542 1430 1577 proﬂuit
1453 1543 1553 1575 amnis,
1578 1543 1728 1578 aliquando

942 1589 1052 1623 quidem
1082 1589 1148 1616 solis
1172 1589 1227 1616 illis
1252 1595 1280 1616 et
1305 1591 1445 1625 inaquosis
1470 1591 1556 1624 locis,
1583 1598 1631 1626 per
1656 1599 1728 1626 quos

942 1634 1023 1662 lsrael
1052 1636 1183 1663 incedens
1206 1644 1294 1671 usque
1318 1638 1386 1664 adeo
1408 1638 1454 1664 siti
1475 1643 1517 1666 est
1540 1646 1671 1674 pressus,
1699 1645 1728 1667 ut

942 1681 1074 1709 adversus
1092 1682 1194 1710 Mosem
1208 1683 1416 1717 vociferaretur,
1432 1690 1460 1712 et
1484 1685 1518 1712 ab
1534 1693 1567 1712 eo
1583 1686 1631 1721 qui
1647 1687 1727 1714 solus

942 1727 1104 1754 admiranda
1130 1728 1208 1761 facit,
1230 1737 1264 1756 ex
1284 1730 1418 1758 altissima
1441 1737 1468 1758 et
1488 1732 1637 1760 durissima
1657 1741 1727 1768 rupe

942 1774 1015 1800 unda
1032 1775 1193 1809 proﬂueret,
1215 1776 1292 1803 visus
1309 1782 1351 1804 est
1375 1778 1462 1804 multo
1484 1779 1588 1806 aridior
1615 1779 1730 1807 siccior-

941 1826 1006 1854 que.
1030 1821 1186 1855 Aliquando
1210 1827 1300 1849 autem
1328 1824 1355 1850 in
1382 1827 1488 1851 tantum
1513 1826 1672 1858 exundavit,
1699 1832 1729 1854 ut

941 1866 1061 1893 vicinam
1087 1867 1227 1901 regionem
1255 1869 1429 1901 universam,
1456 1871 1572 1905 viasque
1598 1877 1626 1899 et
1649 1881 1728 1907 agros

942 1918 1038 1939 omnes
1065 1912 1168 1940 diluvio
1197 1914 1332 1947 obruerit,
1363 1923 1479 1951 eamque
1508 1926 1568 1951 quae
1594 1919 1646 1946 sub
1669 1920 1728 1947 Noe

941 1957 1004 1990 fuit,
1018 1966 1048 1986 se
1058 1967 1136 1994 aquae
1146 1960 1356 1989 inundationem
1371 1963 1556 1990 adducturum
1570 1973 1630 1992 esse
1642 1967 1728 1993 mina-

943 2010 986 2032 tus
1001 2005 1046 2032 sit.
1063 2005 1178 2041 Semper
1191 2008 1319 2041 equidem
1337 2017 1447 2040 cruore,
1463 2011 1584 2039 caedibus
1613 2013 1729 2040 civium-

942 2058 995 2085 que
1012 2051 1219 2079 submersorum
1238 2053 1468 2083 suifocationibus
1488 2056 1606 2085 infectus
1623 2059 1675 2085 fuit
1701 2053 1729 2086 et

941 2098 1146 2126 contaminatus
1165 2108 1171 2125 :
1187 2099 1278 2133 qualis
1293 2100 1338 2127 ille
1354 2101 1507 2130 Pharaonis
1524 2111 1573 2136 per
1588 2104 1681 2132 Mosen
1699 2105 1727 2132 in

941 2147 1102 2180 sanguinem
1128 2154 1298 2180 conversus,
1320 2152 1347 2175 et
1372 2150 1533 2183 sanguinem
1564 2151 1641 2178 olens
1666 2152 1727 2178 fuit.

105 2188 305 2225 μετοχετεύσας
316 2189 355 2220 είς
370 2189 436 2223 μίαν
456 2188 505 2214 τοῦ
519 2188 607 2215 Γαιὼν
629 2188 783 2216 ἀποπλύναι
798 2189 828 2215 τὸ
845 2189 889 2215 λύ-

980 2201 1006 2219 ia:
1035 2200 1101 2220 vero
1133 2193 1255 2221 ﬂuminis
1279 2194 1338 2229 ejus
1365 2196 1437 2229 quod
1466 2202 1598 2232 repurgat
1624 2199 1726 2231 omnia,

104 2237 193 2271 Θρονς
219 2235 253 2260 'H
284 2234 372 2261 πότεό
395 2234 578 2269 τεθολωμένος
606 2236 658 2262 ὑπο
685 2235 738 2262 τῶν
767 2236 893 2271 πονηρῶν

66 2280 73 2287 ’
104 2280 277 2314 πανταχόθεν
287 2280 500 2314 ἀναθυμιάσεων
513 2280 566 2316 ἀὴρ
592 2281 743 2315 είλικρινὴς
765 2282 870 2315 γένοιτο
884 2289 892 2315 ;

105 2327 232 2354 Τοιοῦτοι
246 2327 300 2361 γὰρ
315 2327 369 2352 ἀπὸ
386 2327 435 2359 τῆς
458 2328 509 2361 γῆς
525 2327 608 2361 ἀτμοὶ
623 2327 668 2354 καὶ
687 2328 741 2354 ἀπὸ
756 2328 893 2362 θαλάσσης

103 2375 212 2407 ἄνεμοι,
228 2373 359 2408 ποταμῶν
375 2381 405 2399 τε
430 2371 513 2407 αὖραι
531 2374 578 2399 καὶ
602 2372 720 2407 λιμένων
740 2374 892 2408 ἁνειλήσεις

104 2418 347 2450 ἁποπνέουσιν,ὼς
373 2419 536 2453 σηπομένων
564 2419 592 2445 ὲν
614 2419 681 2445 udos
699 2421 755 2450 τοῖς
781 2420 893 2446 ὑποκει-

107 2467 201 2500 μένοις
218 2465 361 2500 στοιχείοις
376 2465 491 2499 νεκρῶν,
519 2465 605 2500 ἰχῶρα
621 2464 690 2491 εἶναι
706 2466 756 2497 τὰς
768 2466 891 2500 δρόσους.

107 2511 174 2538 Εἶτα
200 2511 371 2544 θαυμάζουσι
388 2511 433 2537 καὶ
449 2510 609 2546 διαποροῦσι
626 2511 706 2537 πόθεν
721 2513 746 2537 οὶ
773 2514 893 2546 συνεχεῖς

103 2557 197 2592 λοιμοι
215 2565 222 2572 ·
243 2557 325 2583 πόθεν
339 2557 367 2583 αἱ
379 2557 497 2592 χαλεπαὶ
507 2558 580 2584 νόσοι
596 2566 602 2573 ·
620 2558 703 2584 πόθεν
718 2559 745 2584 al
762 2559 893 2585 παντοδα-

105 2606 157 2631 παὶ
174 2604 291 2638 φθοραί·
306 2604 389 2631 πόθεν
402 2605 545 2636 ὀποικίλος
563 2608 608 2631 καὶ
623 2605 705 2637 πολὺς
724 2605 777 2631 τῶν
789 2605 894 2640 ἀνθρώ-

105 2659 165 2676 πων
184 2649 294 2684 δλεθρος
311 2658 318 2683 ;
332 2649 377 2676 διὰ
393 2649 419 2676 τί
433 2651 534 2684 μηκέτι
543 2651 655 2677 τοσοῦτο
671 2651 773 2684 π).ἧοος
786 2652 894 2685 οἰκητό-

107 2706 161 2731 ρων
178 2696 195 2730 ὴ
212 2695 329 2730 μεγίστη
347 2696 423 2726 πόλις
447 2696 475 2721 ὲν
490 2696 558 2731 αὐτῇ
588 2698 677 2732 φέρει,
706 2697 760 2723 ἀπὺ
790 2698 894 2732 νηπίων

103 2742 248 2777 ἀρξαμένη
264 2741 366 2767 παίδων
380 2742 523 2776 μέχριτῶν
539 2744 578 2774 εἰς
588 2743 876 2777 ᾶκρονγεγηρακότων
886 2752 893 2759 ·

104 2789 184 2819 60w;
200 2787 392 2822 ὼμογέρυντας
404 2787 450 2819 οὒς
464 2788 556 2814 ἐκάλει
568 2789 700 2824 πρότερον
713 2789 803 2822 ὄντας.
821 2789 896 2824 ἔτρε-

104 2843 155 2869 φεν
171 2843 179 2867 ;
198 2833 293 2864 Ἄλλοι
309 2835 577 2869 πσσαρακοντοῦται
608 2843 655 2862 και
684 2835 765 2872 μέχρι
791 2836 846 2863 τῶν
874 2833 894 2863 ο¹

945 2239 1099 2274 reperietur
1123 2240 1258 2275 expiatrir
1282 2241 1376 2268 unda?
1400 2242 1544 2275 Quomodo
1568 2244 1650 2271 etiam
1678 2244 1729 2271 im-

945 2293 1057 2312 mensus
1072 2290 1100 2312 et
1114 2285 1272 2313 hominibus
1284 2287 1500 2322 impermeabilis
1511 2289 1648 2321 Oceanus,
1664 2291 1730 2318 huic

944 2330 1117 2363 superfusus,
1148 2340 1272 2359 amarum
1301 2333 1352 2360 hoc
1373 2333 1481 2361 deteret
1503 2340 1586 2370 atque
1609 2336 1730 2364 abolebit

944 2376 1078 2410 pelagus?
1101 2378 1155 2404 Aut
1175 2379 1313 2412 quomodo
1333 2380 1431 2414 ingens
1450 2380 1495 2407 ille
1512 2380 1610 2409 ﬂuvius
1633 2383 1679 2417 qui
1697 2391 1730 2410 ex

945 2423 1028 2449 Edent
1046 2424 1195 2457 egreditur,
1217 2425 1239 2451 si
1255 2425 1380 2460 'quatuor
1395 2427 1493 2462 capita,
1518 2428 1544 2454 in
1558 2436 1619 2462 quae
1632 2429 1732 2457 dividi-

945 2474 1000 2502 tur,
1018 2470 1045 2497 in
1064 2478 1147 2498 unum
1164 2476 1256 2505 caput,
1275 2480 1374 2506 nempe
1392 2474 1419 2499 in
1442 2474 1549 2501 alveum
1565 2475 1639 2503 Geon
1662 2475 1731 2504 deri-

945 2519 1000 2547 vet,
1025 2522 1168 2543 cruentam
1194 2517 1287 2544 abluet
1305 2519 1435 2546 saniem?
1452 2520 1593 2552 Quomodo
1612 2522 1731 2557 denique

945 2567 1010 2591 aer,
1037 2567 1051 2586 a
1085 2560 1206 2587 cladium
1240 2563 1343 2597 ubique
1371 2569 1509 2591 tantarum
1537 2566 1732 2601 impurissimis

945 2606 1167 2633 exhalationibus
1180 2607 1297 2635 infectus
1308 2614 1390 2643 atque
1404 2611 1535 2644 pollutus.
1548 2613 1732 2647 purgabitur?

946 2651 1026 2678 Tanti
1043 2660 1057 2677 a
1077 2657 1148 2678 terra
1162 2659 1287 2685 vapores,
1299 2661 1313 2680 a
1329 2655 1397 2681 mari
1413 2657 1497 2689 venti,
1512 2666 1526 2683 ιι
1541 2657 1631 2685 ﬂuviis
1645 2667 1730 2692 aurae,

946 2705 959 2724 ο
986 2697 1121 2731 portubus
1145 2699 1295 2725 crassiores
1321 2701 1428 2728 nebulae
1449 2703 1587 2736 feruntur,
1611 2709 1640 2731 ut
1656 2705 1732 2732 tabe-

947 2743 1087 2770 scentibus
1112 2751 1144 2770 ac
1168 2743 1372 2777 difﬂuentibus,
1398 2746 1425 2773 in
1447 2748 1578 2774 omnibus
1597 2749 1732 2782 subjectis

946 2791 1101 2824 elementis,
1118 2791 1312 2824 cadaveribus,
1328 2799 1428 2820 cruore
1445 2796 1527 2821 roret:
1547 2793 1578 2819 Et
1593 2795 1733 2822 admiran-

948 2843 986 2864 tul
1008 2837 1098 2865 adhuc
1118 2842 1146 2865 et
1164 2838 1301 2882 dubitant,
1318 2838 1391 2867 unde
1406 2840 1542 2867 continua:
1568 2840 1732 2873 proveniant
