1882 3062
76 150 142 182 1169

539 153 841 183 ΕΩΩΒΕΞΙΑΞΤῙΕΕ
860 155 1056 184 IllSTORLE
1078 155 1154 185 LIB.
1178 153 1225 184 Vl.

1627 152 1697 183 1170

79 206 250 242 ἀφειδοῦντες
262 208 364 234 ἑαυτῶν
385 208 431 235 καὶ
452 209 574 244 ἀλλήλων
590 212 725 245 ἐχόμενοι,
753 214 844 237 imam

933 216 997 246 tque
1017 212 1080 244 alia,
1098 211 1259 239 exercitium
1285 215 1366 245 atque
1392 210 1556 244 exploratio.
1581 211 1638 236 Non
1658 211 1701 236 illa

77 252 188 282 ποῦντες
205 252 372 286 ἀφυλάκτως
389 254 452 284 τοὺς
472 255 627 287 νοσοῦντας,
645 256 768 291 λιπαρῶς
794 258 862 291 ὑπη-

77 298 244 332 ρετούμενοι,
260 299 459 334 θεραπεύοντες
475 301 503 325 ἐν
532 301 652 335 Χριστῷ,
675 303 862 335 συναπηλλάτ-

75 354 150 372 τουτο
186 347 316 378 ἐκείνοις,
353 347 544 378 ἀσμενέστατα
578 348 624 374 τοῦ
651 349 727 384 ,παρ’
761 350 863 384 ἑτέρων

75 392 318 426 ἀναπιμπλάμενοι
335 392 450 424 πάθους,
471 393 517 419 καὶ
535 393 584 426 τὴν
597 394 675 420 νόσον
690 395 732 427 ἐφ’
749 395 862 425 ἑαυτοὺς

75 438 261 468 ἔλκοντεςὰπὸ
273 438 327 464 τῶν
351 439 478 473 πλησίον,
507 439 552 465 καὶ
577 439 685 471 ἑκόντες
707 441 863 475 ὰ-ιαμασσό-

75 493 149 517 μενοι
170 485 220 515 τὰς
236 484 387 517 ἀλγηδόνας
405 493 411 498 ·
437 486 484 511 καὶ
507 486 602 511 πολλοὶ
627 488 862 520 νοσοκομήσαντες

75 529 118 554 καὶ
139 529 276 562 ρώσαντε,
291 530 413 565 ἐτέρους,
428 530 618 565 ἐτελεύτησαν,
637 532 716 557 αὑτὸν
733 533 778 558 τ“ιν
792 533 863 558 ὲκεί-

74 584 124 599 νων
138 573 253 600 θάνατον
266 575 304 606 εἰς
314 576 429 606 ἑαυτοὺς
440 578 691 612 μεταστησάμενοι,
707 578 753 603 καὶ
769 577 798 603 τὸ
817 579 863 612 δη-

75 620 160 651 μώδες
180 620 254 654 ῥῆμα
271 621 355 654 μόνης
370 621 414 647 ἀεὶ
423 620 517 647 δοκοῦν
530 621 730 657 φιλοφροσύνης
740 622 861 657 ἔχεσθαι,

73 666 144 700 ἔργῳ
157 666 189 700 δὴ
205 667 266 691 τότε
289 667 468 701 πληροῦντες,
496 668 623 699 ἀπιόντες
643 669 752 695 πάντων
774 669 863 695 αὐτῶν

75 713 229 747 περίψημα.
247 713 277 738 (Jl
290 713 356 746 γοῦν
376 713 483 747 ἄριστοι
506 714 560 740 τῶν
574 715 640 749 παρ’
660 716 725 749 ἡμῖν
740 714 863 749 ἀδελφῶν

73 759 166 784 τοῦτον
181 759 227 785 τὸν
244 760 344 794 τρόπον
359 760 535 796 ἐξεχώρησαν
551 760 597 787 τοῦ
613 761 683 795 βίιιυ,
709 763 862 796 πρεσὸύτε-

75 806 114 840 ροί
127 805 158 830 τέ
173 813 245 836 τινες
260 806 307 832 καὶ
318 805 447 837 διάκονοι,
465 807 577 833 καὶτῶν
588 807 643 833 ἀπὸ
657 807 703 833 τοῦ
723 807 789 834 λαοῦ
803 808 863 834 λίαν

74 852 266 886 ἐπαινούμενοι
280 860 286 867 ·
302 853 338 883 ὡς
354 854 402 878 καὶ
420 853 466 880 τοῦ
480 853 595 879 θανάτου
624 854 702 880 τοῦτο
730 855 758 880 τὸ
781 853 862 886 εἶδος,

72 898 116 925 διὰ
130 899 231 933 πολλὴν
247 899 388 925 εὐσέϐειαν
404 899 452 926 καὶ
465 900 558 926 πίστιν
580 901 690 935 ἰσχυρὸν
706 901 861 935 γενόμενον,

75 945 157 979 μηδὲν
173 945 283 970 ἀποδεῖν
295 946 448 981 μαρτυρίου
461 946 563 974 δοκεῖν.
582 947 639 973 Καὶ
653 946 687 973 τὰ
702 947 818 982 σώματα
835 947 863 973 δὲ

72 992 125 1016 τῶν
141 990 226 1025 ἁγίων
239 991 351 1023 ὑπτίαις
365 992 445 1026 χερσὶ
462 993 641 1024 καὶκόλποις
655 993 863 1028 ὑπολαμϐάνον-

72 1045 127 1068 τες,
143 1036 341 1071 καθαιροῦντες
354 1046 383 1063 τε
391 1037 560 1072 ὀφθαλμοὺς,
577 1039 624 1064 καὶ
648 1040 770 1074 στόματα
799 1047 864 1073 συγ-

72 1083 220 1115 κλείοντες,
237 1084 446 1119 ὠμοφοροῦντές
459 1093 489 1110 τε
516 1086 563 1112 καὶ
587 1085 763 1118 διατιθέντες,
780 1093 863 1120 προσ-

72 1131 263 1165 κολλώμενοι,
303 1130 544 1167 συμπλεκόμενοι,
589 1133 711 1167 λουτροῖς
751 1141 780 1159 τε
815 1133 863 1160 καὶ

71 1176 246 1212 περιστολαίς
265 1178 515 1211 κατακοσμοῦντες,
545 1179 615 1214 μετὰ
632 1180 731 1214 μικρὸν
745 1179 863 1214 ἐτύγχα-

72 1229 115 1247 νον
131 1220 185 1247 τῶν
202 1221 278 1252 ἴσων,
295 1221 338 1248 ἀεὶ
351 1222 406 1249 τῶν
435 1223 659 1258 ὑπολειπομένων
686 1225 863 1259 ὲφεττομὲνων

71 1269 127 1298 τοῖς
146 1267 199 1302 πρὸ
210 1268 310 1295 αὐτῶν.
327 1269 367 1295 Τὰ
380 1269 408 1295 δὲ
423 1278 452 1303 γε
467 1270 532 1305 ἔθνη
548 1271 602 1296 πᾶν
619 1271 774 1297 τούναντίον
790 1279 797 1287 ·
817 1272 864 1298 καὶ

71 1314 159 1340 νοσεῖν
174 1315 344 1349 ἀρχομένους
372 1315 531 1342 ἀπωθοῦντα
547 1323 555 1330 ”
570 1318 617 1343 καὶ
626 1318 784 1352 ἀπέφευγον
801 1319 863 1349 τοὺς

72 1359 218 1392 φιλτάτους
232 1367 239 1374 ·
256 1359 303 1385 καὶ
315 1360 342 1385 ἐν
359 1361 419 1391 ταῖς
432 1360 503 1392 ὁδοῖς
526 1360 657 1396 ἔρριπτον
687 1363 840 1397 ήμιυνῆτας
854 1371 861 1378 ’

72 1403 120 1429 καὶ
134 1403 250 1437 νεκροὺς
265 1404 386 1438 ἀτάφους
400 1404 663 1438 ἀπεσκυΰαλίςοντο,
682 1407 732 1441 τὴν
746 1407 863 1434 τοῦθα-

72 1449 154 1475 vitae
173 1448 292 1475 διάδοσιν
309 1450 355 1476 καὶ
371 1451 516 1477 κοινωνίαν
528 1451 727 1486 ἐκτρεπόμενοι
740 1460 747 1467 ’
768 1454 801 1488 ἥν
812 1454 863 1480 οὐκ

70 1495 104 1531 ἦν
118 1495 264 1522 καὶπολλὰ
279 1497 487 1531 μηχανωμένοις
499 1498 621 1524 ἐκκλῖναι
637 1499 739 1533 ρἁιον.
758 1509 767 1525 ι
785 1500 862 1527 Μετὰ

915 257 1026 291 quidem
1047 266 1061 283 a
1075 257 1153 284 nobis
1168 257 1310 287 abstinuit,
1322 255 1404 291 412
1419 263 1513 283 verum
1537 255 1622 282 multo
1643 263 1702 281 ma-

916 304 987 330 xime
999 303 1024 329 in
1042 307 1136 338 gentes
1149 307 1191 329 est
1203 307 1334 337 grassata.
1354 312 1361 326 ι
1379 302 1515 336 Deinceps
1529 302 1586 328 haec
1599 301 1701 328 infert:

919 359 927 375 ι
953 350 1064 376 l’lurimi
1080 348 1171 383 itaque
1187 349 1295 380 fratres,
1316 356 1365 382 pro
1380 348 1525 386 eacellenti
1542 355 1592 374 suo
1609 355 1702 374 artiore

916 400 944 422 et
963 395 1081 422 fraterna
1099 396 1242 426 cltaritate,
1263 395 1315 420 sibt
1342 394 1408 427 ipsis
1427 401 1480 420 non
1505 398 1660 427 parcentes,
1676 399 1704 420 et

916 441 986 468 alius
1008 440 1043 467 ab
1059 440 1113 467 alio
1139 439 1257 466 invicetn
1289 439 1390 466 animis
1414 438 1600 472 dependentes
1615 458 1622 470 ,
1643 438 1703 464 sine

916 492 989 513 metu
1006 487 1080 513 otnni
1104 490 1219 520 a-grotos
1234 486 1404 512 visitarunt:
1430 489 1457 511 et
1487 492 1584 518 magno
1612 485 1703 511 studio

916 536 943 559 et
956 539 1021 558 cura
1038 531 1092 558 illis
1117 531 1143 558 in
1159 530 1270 558 Christo
1293 530 1486 561 inservientes,
1499 538 1552 556 una
1571 537 1632 556 cum
1649 529 1702 555 illis

917 578 1019 606 mortui
1048 583 1131 610 sunt,
1156 584 1289 612 perquam
1321 576 1439 603 libenter
1465 576 1580 603 aliorum
1607 575 1702 602 dolore

916 625 1022 658 seipsos
1041 624 1198 658 implentes,
1222 623 1405 657 morbumque
1418 622 1604 657 proximorum
1620 622 1646 648 in
1673 630 1702 648 se

916 669 1117 704 pertrahentes,
1145 677 1177 696 ac
1194 677 1248 695 non
1272 673 1383 703 gravate
1399 668 1508 695 dolores
1533 668 1700 702 mitigantes.

915 715 992 742 Multi
1013 720 1141 743 curantes
1156 720 1238 750 atque
1262 714 1457 741 conﬁrmantes
1471 714 1549 746 alios,
1574 714 1625 748 ipsi
1651 714 1703 740 de—

914 765 1067 794 cesserunt,
1078 767 1193 788 mortem
1209 762 1318 788 illorum
1332 761 1357 787 in
1373 761 1479 794 seipsos
1494 760 1701 786 transferentes.

915 805 952 833 lla
965 806 1102 841 vulgatum
1128 805 1194 832 illud
1212 805 1339 838 verbum,
1359 805 1432 839 quod
1450 805 1588 832 comitatis
1616 805 1704 831 solius

914 856 941 879 et
956 851 1153 879 benevolentiae
1167 859 1275 884 semper
1284 853 1372 879 visum
1388 855 1440 882 est,
1455 851 1532 878 lactis
1547 855 1602 877 tum
1618 850 1705 877 adim-

917 898 1036 933 plerunt,
1054 898 1119 924 dum
1135 897 1168 924 ad
1189 905 1251 924 eum
1270 897 1381 924 inodum
1398 897 1574 928 decedcntcs,
1589 904 1618 923 se
1633 897 1705 932 peri-

917 952 1010 979 psema
1036 944 1075 980 (l)
1102 944 1225 971 omnium
1252 951 1312 970 esse
1336 942 1518 970 declararent.
1545 943 1600 969 Hoc
1626 948 1704 976 pacto

916 990 1014 1025 optimi
1030 990 1103 1025 apud
1127 998 1179 1017 nos
1196 990 1304 1022 fratres,
1318 989 1471 1024 presbyteri
1482 989 1566 1016 etiam
1580 988 1702 1022 quidam.

915 1044 943 1065 ct
956 1038 1077 1068 diaconi,
1092 1043 1120 1065 et
1140 1045 1173 1065 ex
1190 1037 1268 1072 plebe
1283 1036 1466 1063 laudatissimi
1481 1035 1595 1070 quique,
1606 1043 1638 1061 ex
1653 1035 1703 1062 hac

916 1085 970 1111 vita
987 1083 1178 1118 emigrarunt:
1207 1088 1235 1110 ut
1257 1082 1311 1116 iam
1334 1082 1359 1109 id
1376 1089 1464 1117 genus
1481 1081 1577 1108 mortis
1603 1081 1703 1114 pietate

916 1130 1002 1157 multa
1022 1136 1051 1156 et
1077 1129 1130 1156 ﬁde
1145 1129 1316 1160 roboratum,
1341 1136 1393 1154 non
1413 1127 1529 1154 multum
1562 1126 1704 1154 videretur

920 1179 1017 1205 abesse
1034 1185 1049 1204 a
1063 1177 1209 1213 martyrio.
1226 1177 1258 1214 Et
1278 1180 1435 1203 sanctorum
1453 1174 1585 1201 cadavera
1604 1173 1641 1199 illi
1662 1181 1705 1200 su-

917 1225 988 1259 pinis
1005 1224 1131 1251 manibus
1140 1228 1167 1250 et
1178 1223 1240 1250 sinu
1250 1222 1389 1256 excipere,
1405 1220 1499 1248 oculos
1509 1219 1702 1254 comprimere,

888 1286 893 1292 ι
916 1279 963 1298 ora
978 1270 1116 1302 claudere,
1142 1270 1170 1296 in
1195 1269 1326 1295 humeros
1344 1267 1450 1298 tollere,
1471 1274 1654 1300 componere,
1669 1266 1702 1292 ad

917 1324 946 1344 se
961 1316 1109 1351 applicare,
1129 1314 1284 1349 complecti,
1308 1313 1412 1344 lavare,
1429 1312 1554 1340 vestibus
1571 1311 1704 1339 funerali-

916 1362 968 1389 bus
983 1369 1126 1394 exornare,
1144 1365 1170 1388 et
1196 1359 1278 1395 paulo
1301 1363 1363 1393 post
1384 1358 1481 1393 :equali
1513 1363 1587 1384 sorte
1607 1357 1700 1392 potiri.

915 1408 1134 1443 superstitesque
1149 1414 1197 1434 eos
1216 1405 1263 1440 qui
1279 1409 1476 1440 praecesserant
1499 1404 1591 1431 statim
1607 1403 1703 1430 subse-

916 1454 972 1490 qui.
986 1453 1087 1481 Gentes
1106 1460 1188 1487 porro
1211 1456 1308 1479 contra
1331 1451 1423 1477 omnia
1438 1450 1573 1481 fecerunt,
1590 1457 1638 1476 eos
1655 1450 1702 1483 qui

915 1507 1047 1537 aegrotare
1077 1500 1228 1535 ctepisscnt
1246 1499 1442 1534 propellentes,
1467 1501 1494 1524 et
1524 1497 1703 1524 charissimos

69 1541 197 1568 δὲταῦτα
213 1542 430 1576 είρηνευσάντων
443 1544 497 1569 τῶν
513 1544 584 1570 κατά
609 1545 658 1578 τὴν
690 1546 767 1572 πόλιν
803 1547 844 1572 τοῖ

930 1556 1039 1583 ςυοδῳιο
1064 1547 1239 1581 refugientes,
1269 1545 1463 1572 semimortuos
1489 1545 1515 1572 in
1543 1544 1600 1572 vias
1630 1550 1703 1572 ster—

70 1588 143 1614 κατά
168 1588 219 1622 τὴν
245 1589 404 1623 Αἴγυπτονκ
418 1589 554 1623 ἁδελςοῖς,
581 1591 761 1626 ἐορταστικὴν
781 1591 860 1623 αὖθις

69 1634 225 1661 ἐπιστέλλει
254 1636 385 1670 γραφήν·
419 1636 466 1662 καὶ
501 1636 560 1670 μετ’
585 1637 694 1672 ἐκείνην
724 1638 861 1673 διαφόροις

70 1681 162 1711 ἄλλοις
179 1681 295 1715 ἔγραφε.
308 1682 363 1708 Καὶ
379 1682 443 1716 περὶ
452 1683 592 1709 summa
609 1684 637 1710 δὲ
656 1684 738 1710 αὑτοῦ
768 1685 861 1719 γραφὴ

70 1730 197 1763 φέρεται,
209 1729 257 1754 καὶ
273 1729 337 1762 περὶ
359 1729 510 1762 γυμνασίου
529 1729 596 1764 ᾶλλη
612 1738 618 1744 ·
648 1731 694 1756 καὶ
709 1730 777 1764 πρὸς
803 1730 863 1764 Ἐρ-

72 1775 194 1809 μάμωνα
203 1774 243 1805 δὲ,
259 1774 306 1800 καὶ
316 1775 374 1806 τοῖς
389 1775 607 1808 κατ“ιΑι’γυπτον
622 1776 725 1811 ὁμιλῶν
744 1776 777 1802 δι’
804 1777 863 1802 ἐπι-

71 1824 184 1857 στολῆς,
202 1824 248 1849 καὶ
264 1823 331 1850 ἄλλα
351 1824 400 1858 μέν
416 1832 510 1858 φησιν,
528 1824 598 1851 ἀλλὰ
621 1825 670 1850 καὶ
686 1826 749 1859 περὶ
766 1825 862 1850 Δεκίου

70 1872 120 1897 καὶ
135 1870 239 1897 Γάλλου
271 1869 318 1895 καὶ
336 1870 388 1903 τῆς
404 1870 594 1905 κακοτροπίας
623 1870 712 1897 αὐτῶν
739 1870 861 1903 διέξεισι.

69 1914 128 1949 Τῆς
141 1915 169 1940 δὲ
179 1915 248 1941 κατὰ
262 1916 307 1942 τὸν
324 1916 453 1950 Γαλιηνὺν
469 1916 580 1951 εἰρήνης
594 1915 689 1950 μνείαν
697 1918 825 1942 ποιεῖται.

914 1601 1022 1626 nentes,
1047 1598 1169 1620 tnortnos
1190 1591 1342 1626 insepultos
1371 1591 1565 1626 projicientes,
1590 1599 1701 1618 succes-

914 1640 1074 1674 sionemque
1099 1643 1125 1666 et
1163 1639 1383 1666 communionem
1411 1639 1509 1665 mortis
1525 1643 1702 1670 aversantes,

914 1693 996 1720 quant
1012 1690 1100 1712 tamen
1114 1684 1289 1719 quantumvis
1302 1684 1385 1710 multa
1401 1685 1579 1712 molientibus
1598 1684 1702 1712 evitare

913 1732 995 1759 facile
1026 1740 1080 1758 non
1104 1735 1173 1758 erat.
1196 1741 1204 1756 ι
1226 1730 1328 1758 Deinde
1354 1739 1415 1758 cuin
1434 1732 1490 1766 jam
1515 1739 1548 1758 ea
1577 1731 1604 1757 in
1635 1731 1703 1758 urbe

914 1779 1066 1814 pacatiores
1078 1783 1169 1806 essent
1180 1785 1234 1808 res,
1251 1777 1396 1812 Dienysius
1417 1777 1449 1803 ad
1464 1777 1561 1804 fratres
1579 1777 1604 1803 in
1619 1775 1702 1811 τες)-

913 1829 960 1858 pto
988 1825 1148 1853 Paschalcm
1170 1825 1335 1859 epistolam,
1362 1829 1403 1850 et.
1427 1831 1523 1850 rursus
1549 1822 1610 1849 aliis
1636 1822 1704 1848 alias

914 1871 1035 1905 scripsit.
1052 1871 1253 1898 Circumlertur
1268 1871 1349 1896 etiam
1365 1871 1426 1904 ejus
1440 1870 1474 1896 de
1497 1869 1616 1896 Sabbato
1634 1868 1702 1895 scti-

915 1921 1004 1951 plum,
1019 1921 1046 1943 et
1061 1917 1133 1944 aliud
1146 1917 1180 1944 de
1196 1917 1326 1944 exercitio
1343 1921 1389 1944 :et
1406 1916 1440 1942 ad
1461 1915 1700 1942 Hernmnmonem

68 1963 226 1997 fratresque
238 1962 380 1998 [Egyptios
393 1963 500 1991 litteras
523 1963 657 1996 scribens,
674 1963 746 1990 inter
761 1963 815 1989 alia
844 1963 878 1990 de
900 1963 981 1991 Decio
999 1969 1027 1990 et
1042 1963 1128 1993 Gallo.
1144 1963 1292 1999 pravisque
1306 1971 1402 1991 eorutn
1417 1963 1542 1990 moribus
1571 1962 1701 1997 pleraque

68 2015 290 2038 commemorat:
310 2014 338 2037 et
357 2010 561 2044 tranquillitatis
589 2017 650 2044 qua:
672 2009 723 2036 sub
746 2009 860 2037 Galieno
880 2009 942 2042 fuit,
959 2011 1128 2038 mentionem
1144 2011 1220 2038 facit.

356 2071 484 2098 ΚΕΦΔΔ.
511 2071 576 2098 ΚΑ’.

106 2118 180 2152 Περὶ
191 2116 330 2150 Νέπωτος
341 2117 391 2143 καὶ
407 2117 462 2151 τῆς
482 2117 547 2144 κατ’
562 2117 655 2145 αὐτὸν
671 2119 825 2153 αἱρέσεως.

113 2177 179 2204 Ἐπὶ
193 2177 298 2206 τούτοις
324 2175 410 2202 ἅπασι
441 2175 553 2202 καὶδύο
573 2175 664 2210 βιϐλία
680 2176 750 2210 Περί
772 2176 866 2210 ἐπαγ-ι

1165 2072 1246 2108 413
1261 2072 1373 2100 CAPUT
1389 2071 1461 2099 xxt.

1116 2120 1151 2146 De
1169 2119 1270 2155 Nepote
1287 2124 1311 2146 et
1333 2120 1426 2146 heresi
1441 2118 1509 2150 eius.

947 2178 1049 2205 Adlth
1066 2179 1136 2205 duos
1152 2178 1236 2205 libros
1252 2177 1291 2204 De
1305 2177 1520 2210 promissionith
1533 2176 1700 2210 composuit,
1722 2191 1725 2193 »

67 2224 185 2259 γελιῶν
200 2222 344 2249 συντάττει
356 2228 363 2236 ·
383 2218 421 2248 ὧν
440 2222 453 2256 ἡ
476 2222 605 2253 ὑπόθεσις
629 2222 727 2252 Νέπως
740 2220 784 2256 ἦν,
801 2222 844 2248 Eni

934 2225 1015 2252 uibus
1041 2229 1230 2259 argumentum
1250 2223 1368 2258 praebuit
1386 2222 1493 2257 Nepos:
1520 2224 1565 2257 qui
1591 2223 1700 2258 Aigypti

69 2279 176 2301 σκοπος
195 2270 245 2304 μὲν
264 2268 421 2302 Αἰγυπτίων
452 2268 608 2303 γενόμενος.
642 2268 861 2302 Ὶουδαῐκώτερον

66 2320 126 2353 γὰρ
137 2316 359 2350 διακείμενος,τὰ
369 2315 563 2350 ἐπηγγελμένα
573 2316 629 2344 τοῖς
644 2315 734 2349 ἁγίοις
741 2316 860 2350 Χριστοῦ

66 2367 100 2392 ἒν
132 2364 195 2395 ταῖς
223 2363 359 2398 Γραφαῖς,
392 2362 535 2397 παχύτερα
564 2363 612 2388 καὶ
645 2362 861 2398 σωματικὼτερα

67 2409 144 2437 εἶναι
160 2409 280 2445 φρονῶν,
297 2410 344 2435 ἐπὶ
361 2409 408 2435 τοῦ
430 2409 565 2443 παρόντος
590 2407 662 2436 εἶναι
689 2409 773 2435 ἐτίθει
792 2410 862 2436 κατὰ

65 2480 234 2517 νὶοΙειιῖἰιιπι
251 2495 327 2515 suam
347 2488 542 2521 comprimam,
557 2497 590 2515 an
611 2496 724 2522 rapaces
740 2489 862 2516 avaritia:

66 2525 193 2552 furentis
219 2523 402 2550 insatiabilem
429 2531 540 2557 semper
564 2523 691 2550 ardorem
721 2524 764 2550 vel
786 2529 861 2551 metu

67 2560 174 2587 mortis
193 2558 379 2592 exslingnant.
396 2568 428 2586 an
442 2558 577 2586 cervicem
603 2559 715 2586 flectant
736 2560 861 2593 superbi,

66 2604 104 2623 an
123 2594 267 2621 audaciam
285 2594 389 2620 leniant
405 2594 534 2628 improbi,
549 2602 582 2620 an
603 2594 783 2628 pereuntibus
797 2597 861 2621 eba-

68 2633 109 2658 rls
122 2631 165 2656 vel
186 2630 227 2656 sic
239 2628 343 2662 aliquid
355 2629 454 2656 divites
466 2630 619 2664 largiantur
635 2634 663 2655 et
680 2629 785 2655 donent
801 2630 861 2657 sine

67 2665 184 2693 haerede
202 2663 327 2691 morituri
347 2671 355 2689 :
373 2663 517 2691 Exercitia'
535 2669 599 2691 sunt
625 2665 704 2691 nobis
728 2665 790 2691 ista.
807 2673 861 2691 non

66 2702 184 2731 funera,
197 2700 264 2726 dant
278 2699 370 2726 animo
386 2700 555 2726 lorlitudinis
569 2700 861 2733 glurtam,coutemptu

66 2735 173 2762 mortis
190 2739 344 2769 praeparant
367 2735 399 2761 ad
425 2743 565 2762 coronam.
589 2744 598 2760 ι
619 2735 710 2769 (Cypr.
729 2735 754 2761 in
775 2735 863 2762 Serm.

65 2772 101 2797 de
122 2770 266 2803 mortem.)
373 2783 380 2788 -

105 2806 149 2839 (t)
179 2805 293 2833 Veteres
318 2805 625 2839 urbiumexpiationes
658 2805 862 2832 anniversarias

66 2842 220 2873 facientes,
252 2840 376 2868 homines
406 2849 510 2869 sacros.
543 2841 595 2867 hoc
623 2846 675 2873 est,
708 2843 754 2874 qui
786 2846 862 2874 peste

66 2877 164 2904 aliove
183 2875 282 2904 morbo
304 2877 441 2911 expiaudo
460 2876 514 2904 dtis
531 2876 756 2910 immolabantur,
770 2880 797 2905 ct
812 2877 862 2904 Ca-

913 2271 1070 2306 episeopus,
1088 2271 1200 2298 Judaica
1216 2271 1356 2306 opinione,
1381 2278 1442 2305 quae
1470 2270 1574 2298 sanctis
1597 2270 1700 2297 Christi

914 2319 1048 2353 promissa
1064 2317 1169 2345 suntin
1193 2317 1354 2351 Scripturis,
1371 2324 1453 2344 sensu
1472 2317 1608 2351 corporali
1626 2325 1700 2343 eras-

914 2365 972 2391 sius
985 2364 1151 2399 intellzgens,
1175 2372 1206 2392 ea
1222 2364 1254 2391 ad
1277 2371 1397 2399 prtCSCllS
1418 2364 1559 2395 saeculum,
1576 2360 1604 2390 οἰ
1625 2363 1700 2390 desi-

913 2415 1022 2446 gnatum
1035 2411 1180 2446 quamdam
1202 2410 1275 2438 mille
1292 2418 1425 2437 annorum
1451 2410 1534 2436 vitam
1551 2410 1699 2437 referebat.

915 2475 1112 2524 tharmialque
1128 2490 1270 2516 Pharmari
1285 2489 1467 2522 vocabantur,
1479 2490 1504 2516 in
1525 2490 1699 2517 victimarum

914 2533 1018 2552 morem
1043 2524 1197 2555 redimitos,
1214 2532 1229 2551 e
1250 2525 1310 2552 loco
1333 2525 1466 2559 praecipiti
1488 2525 1515 2552 in
1540 2533 1615 2552 mare
1631 2526 1699 2559 deji-

914 2561 1034 2591 ciebant,
1059 2559 1186 2594 Neptuno
1218 2560 1403 2590 immolantes.
1441 2569 1502 2587 eutn
1529 2561 1700 2588 solemnibus

914 2596 989 2622 hisee
1006 2594 1108 2624 verbis.
1127 2594 1271 2629 περίψημα
1290 2596 1370 2630 ἡμῶν
1388 2597 1480 2627 γενοῦ,
1498 2595 1557 2630 ἤτοι
1576 2599 1698 2630 σωτηρία

914 2632 961 2657 καὶ¹
989 2629 1196 2665 ἀπολύτρωσις·
1217 2631 1260 2656 Sis
1281 2629 1330 2664 pro
1358 2631 1437 2656 nobis
1466 2629 1699 2665 peripsemaphoc

913 2671 965 2696 est,
983 2665 1132 2699 piaculum,
1155 2664 1245 2696 luitio,
1273 2666 1425 2699 redemptio
1455 2664 1557 2697 nostra,
1580 2672 1607 2692 et
1637 2675 1698 2693 ser-

914 2706 1001 2727 vatrix
1021 2700 1096 2726 urbis
1122 2699 1243 2735 victima.
1260 2700 1381 2735 (Suidas,
1400 2704 1428 2726 et
1454 2700 1583 2728 Nicoluus
1599 2701 1698 2728 Leoni-

914 2744 973 2766 cus,
1001 2735 1039 2761 De
1060 2735 1133 2762 varia
1153 2734 1275 2766 lii-toria,
1303 2735 1351 2763 lib.
1371 2744 1409 2768 nt,
1428 2743 1488 2770 cap.
1509 2736 1571 2770 ult.)
1597 2748 1605 2761 ι
1627 2737 1697 2763 'l‘an-

914 2779 996 2805 quam
1027 2774 1203 2805 purgamenta
1238 2771 1320 2804 hujus
1359 2772 1455 2797 mundi
1494 2771 1558 2797 facti
1596 2780 1693 2799 sumus

915 2807 1036 2833 omnium
1053 2806 1221 2840 peripsenta;
1251 2815 1259 2830 ι
1287 2805 1338 2833 hoc
1352 2810 1404 2837 est.
1421 2806 1476 2834 Nos
1495 2812 1623 2840 tanquam
1640 2807 1696 2839 pia-

915 2842 974 2868 cula
994 2841 1087 2879 mundi
1103 2840 1169 2879 facti
1186 2849 1291 2879 sumus.
1304 2849 1331 2869 ct
1346 2841 1517 2879 succidanete
1531 2850 1581 2876 pro
1596 2842 1699 2876 populo

916 2879 1041 2905 netitnw.
1063 2877 1083 2908 (Ι
1098 2876 1158 2904 Cor.
1175 2885 1212 2909 tv,
1232 2877 1285 2908 l5.)
