1882 3062
107 120 173 150 1173
191 119 194 121 ’

565 92 868 152 ΕΟΕίΕΞΙΛΞΤΙΕΕ
890 123 1084 154 ΗΙΞΤΟΒΙᾹΞ
1101 124 1171 153 LIB.
1193 121 1243 152 VI.

1653 118 1722 150 1174

104 184 166 202 ucm
181 184 211 204 se
223 177 282 212 ejus
298 176 443 208 iacturum,
456 184 545 212 neque
558 177 711 205 doctrinam
728 179 975 213 promulgaturum.
1010 180 1084 208 Alios
1117 187 1226 214 quoque
1260 178 1359 205 fratres
1376 177 1444 204 dicit
1469 178 1573 204 iactatos
1601 177 1720 204 delecta-

105 229 202 259 tosque
227 231 289 252 esse
318 223 557 252 dissertationibus
571 224 623 256 eis,
647 229 728 259 atque
750 226 888 253 connnuni
905 227 1026 253 omnium
1042 226 1233 254 conciliatione
1247 229 1275 252 ct
1292 232 1438 252 consensu.

389 293 514 319 ΚΕΦΑΛ.
542 293 605 319 ΚΒ’.

107 347 158 378 οἶα
169 351 329 383 Διονύσιος
344 352 360 377 ὀ
373 351 599 385 Ἀλεξανδρείας
614 352 678 385 περ)
692 352 748 386 τῆς
762 352 887 378 Ἀποκα-

289 387 408 419 λύψεως
421 386 562 413 Ἰωάννου
577 385 698 420 ἱστορεῖ.

145 451 228 486 Ἑξῆς
249 451 277 478 δὲ
296 452 363 486 περὶ
385 452 434 487 τῆς
458 452 671 487 ’Δποκαλύψεως
700 453 747 479 τοῦ
764 453 888 479 Ἰωάννου

105 497 193 524 ταῦτά
208 505 302 531 φησιν·
318 497 335 523 ἃ.
349 497 381 533 δὴ
395 498 483 525 πάντα
501 499 572 525 κατὰ
585 499 674 534 ῥῆμα,
685 500 709 525 εἰ
724 499 771 525 καὶ
784 498 827 525 διὰ
840 507 890 532 μα-

105 541 184 577 κροῦ,
198 543 275 578 ὅμως
291 544 430 577 ἀναγκαῖά
445 552 477 577 γε
498 545 573 577 ὅντα,
598 545 764 579 ἐκθήσομαι.
785 553 794 570 ι
813 544 890 575 Τινὲς

106 589 156 623 μὲν
172 585 231 621 οὖν,
258 590 336 624 φησὶ,
364 590 419 616 τῶν
435 591 489 624 πρὸ
518 591 596 625 ἡμῶν
607 587 751 626 ¹ἠθέτησαν
765 591 812 618 καὶ
828 590 891 617 dve-

106 634 246 660 σκεύασαν
261 635 350 670 πάντη
365 635 394 661 τὸ
408 635 520 669 βιϐλίον’
535 637 583 662 καὶ
599 636 661 663 καθ’
675 636 789 663 ἕκαστον
804 637 891 670 κεφά-

107 679 184 706 λαιον
201 678 405 712 διευθύναντες,
421 681 562 714 ᾶγνωστόν
587 689 617 715 γε
633 682 679 708 καὶ
699 681 892 714 ἀσυλλόγιστον

105 726 300 758 ἁποῳαίνουσι,
318 726 465 760 ψεύδεσθαί
481 735 511 753 τε
523 727 573 762 τὴν
583 728 752 763 ἐπιγραφήν·
764 727 892 762 Ἰωάννην

107 771 162 805 γὰρ
175 771 226 797 οὒκ
238 769 309 797 εἷναι
324 771 460 804 λέγουσιν·
477 772 535 799 ἀλλ’
548 773 602 799 οὐδ’
617 773 800 807 Ἀποκάλυψιν
811 770 892 804 εἶναι,

106 816 158 851 τὴν
174 817 278 852 σφόδρα
292 818 339 843 κονί
354 819 439 852 παχεῖ
456 819 671 854 κεκαλυμμένην
688 819 725 854 τῷ
742 819 789 852 τῆς
803 818 893 852 ἀγνω-

108 862 170 893 σίας
185 863 429 898 παραπετάσματι·
449 866 497 891 καὶ
510 865 559 900 οὐχ
578 865 651 896 ὅπως
666 865 721 891 τῶν
737 865 894 892 ἀποστόλων

107 908 180 941 τινὰ,
201 908 260 935 ἀλλ’
279 909 334 935 οὐδ’
351 910 418 939 ὅλως
447 911 501 937 τῶν
529 911 624 944 ἁγίων,
650 911 667 946 ἢ
693 912 747 938 τῶν
770 912 824 938 ἀπὸ
844 912 893 946 τῆς

900 299 923 325 Δ

1219 295 1333 323 CAPUT
1354 295 1436 322 XXII.

940 350 1009 383 Quid
1029 351 1167 386 Dionysius
1182 351 1375 387 Alexandrinus
1391 351 1422 377 de
1441 351 1599 387 Apocalypsi
1613 352 1724 379 Joannis

1182 387 1306 420 scriptum
1329 386 1474 421 reliquerit.

976 451 1079 479 Deinde
1101 451 1134 479 de
1153 451 1316 487 Apocalypsi
1331 452 1446 479 Joannis
1460 453 1624 479 sententiam
1647 461 1723 480 suam

942 498 1047 532 profert
1064 507 1071 525 :
1087 506 1148 533 qua:
1162 499 1254 525 omnia
1270 499 1396 533 quamvis
1411 499 1466 525 sint
1481 499 1615 533 longiora,
1632 504 1724 525 tanton

942 545 1099 572 necessario
1110 544 1448 572 verbiscommemoranda
1460 544 1563 579 putavi.
1580 544 1723 570 (Nonnulli

942 596 1052 620 eorum,
1068 588 1166 623 inquit,
1183 589 1230 623 qui
1244 597 1292 616 eos
1307 593 1518 624 praecesserunt,
1533 584 1724 619 abolc'verunt,

943 639 971 662 et
984 635 1064 670 plane
1079 635 1188 662 irritum
1202 634 1327 662 fecerunt
1338 635 1438 662 librum
1453 635 1554 669 ipsum,
1567 639 1649 669 atque
1661 642 1724 660 eum

944 687 992 713 per
999 679 1088 714 capita
1097 681 1186 707 omnia
1195 688 1329 714 coarguen
1334 685 1384 712 tes,
1393 680 1420 707 in
1427 687 1487 707 eam
1494 680 1608 707 formam
1615 680 1727 714 redege-

944 730 1020 756 runt.
1036 731 1066 753 ut
1079 727 1208 760 cognosci
1218 734 1272 753 non
1287 730 1390 760 posset,
1405 731 1433 753 et
1443 726 1518 753 nulla
1533 727 1638 753 ratione
1651 734 1725 752 com-

944 772 1049 807 positus
1069 779 1129 800 esse
1142 773 1292 800 videretur.
1305 773 1410 800 Falsam
1421 779 1529 807 quoque
1537 771 1617 807 415
1631 772 1728 799 inscri-

945 818 1066 852 ptionem
1079 818 1179 845 habere
1192 818 1321 845 dixerunt
1331 827 1337 845 :
1347 825 1436 852 neque
1448 819 1520 845 enim
1529 817 1644 844 Joannis
1655 824 1726 846 esse.

942 871 1034 898 neque
1057 864 1249 891 revelationem
1276 864 1358 890 ullam
1373 864 1486 896 habere,
1497 863 1544 898 qui
1559 867 1614 898 tam
1630 870 1728 897 magno

944 915 972 938 et
987 918 1079 938 crasso
1093 910 1269 938 obscuritatis
1288 910 1349 937 velo
1363 916 1510 944 coopertus
1526 914 1614 940 esset;
1633 913 1727 936 etnon

113 954 293 990 Ἐκκλησὶας.
327 956 423 983 τούτου
455 958 596 991 γεγονέναι
619 957 733 993 ποιητὴν
756 959 803 984 τοῦ
830 966 887 991 συγ⁴

976 956 1027 983 odo
1044 964 1097 983 non
1117 957 1150 983 ab
1164 956 1286 990 apostolo
1308 955 1448 990 quopiam,
1466 955 1513 982 sed
1539 963 1573 982 ne
1593 962 1609 981 a
1633 958 1729 981 sancto

108 1001 286 1036 γράμματος·
304 1003 440 1039 Κήρινθον
467 1002 495 1030 δὲ
519 1004 565 1030 τὸν
589 1004 636 1030 καὶΙ
654 1004 704 1039 τὴν
728 1005 892 1030 ἀπ’ὲκείνου

107 1047 260 1082 κληθεῖσαν
272 1049 458 1084 Κηρινθιανὴν
476 1051 683 1085 συστησάμενον
697 1051 894 1086 αῖρεσιν,άξιό-

108 1101 208 1119 πιστον
221 1093 389 1128 ἐπιφημίσαι
404 1094 557 1130 θελήσαντα
577 1095 616 1130 τῷ
631 1095 729 1122 ἑαυτοῦ
749 1096 893 1131 πράγματι

106 1137 213 1172 ὄνομα·
228 1139 308 1166 τοῦτο
334 1139 388 1174 γὰρ
415 1138 486 1167 εἶναι
504 1141 554 1176 τῆς
576 1141 749 1174 διδασκαλίας
766 1141 848 1169 αὐτοῦ
865 1134 900 1169 τί

107 1184 210 1219 δόγμα,
227 1185 349 1219 ἐπίγειον
362 1185 474 1213 ἔσεσθαι
488 1187 538 1222 τὴν
549 1187 595 1214 τοῦ
610 1187 729 1223 Χριστοῦ
744 1188 892 1223 βασιλείαν·

108 1230 159 1257 καὶ
181 1225 219 1257 ὧν
241 1231 322 1263 αὐτὸς
339 1232 474 1266 ὠρέγετο,
503 1233 694 1269 φιλοσώματος
708 1233 748 1262 ὢν
764 1235 811 1261 καὶ
823 1235 893 1262 πάνυ

109 1276 254 1312 σαρκικδς,
270 1278 299 1303 ὲν
313 1278 420 1310 τούτοις
434 1279 617 1314 ὀνειροπολεῖν
630 1279 739 1307 ἔσεσθαι
751 1288 757 1295 '
776 1280 895 1317 γαστρὸς

109 1321 228 1349 καὶτῶν
246 1322 298 1349 ὑπὸ
322 1324 443 1359 γαστέρα
465 1325 636 1360 πλησμονῆς,
651 1326 776 1353 τουτέστι
799 1328 895 1358 σιτίοις

107 1368 157 1394 καὶ
169 1369 262 1400 ποτοῖς
272 1370 318 1396 καὶ
329 1369 440 1404 γάμοις.
454 1370 502 1397 καὶ
511 1371 544 1398 δι’
559 1369 596 1400 ὧν
609 1373 797 1407 ιὺφημότερον
810 1373 895 1400 ταῦτα

107 1412 188 1447 ᾠήθη
209 1413 357 1446 ποιεῖσθαι,
387 1415 494 1450 ἑορταῖς
517 1416 566 1443 καὶ
591 1417 697 1449 θυσίαις
719 1419 765 1444 καὶ
789 1418 896 1453 ἱερείων

109 1461 244 1493 σφαγαῖς.
262 1460 334 1495 Ἐγὼ
349 1461 377 1488 δὲ
396 1462 529 1497 ἀθετῆσαι
546 1463 595 1498 μὲν
608 1465 657 1490 οὐκ
679 1464 713 1491 ἂν
727 1464 896 1500 τολμήσαιμι

107 1506 140 1532 τὺ
155 1505 269 1541 βιϐλίον,
288 1507 392 1534 πολλῶν
413 1508 479 1535 αὐτὸ
495 1509 539 1535 διὰ
554 1510 672 1544 σπουδῆς
687 1510 803 1545 ἐχόντων
818 1511 896 1537 ἀδελ-

109 1551 182 1586 φῶν.
195 1552 316 1585 Μείζονα
332 1553 360 1579 δὲ
374 1554 424 1588 τῆς
438 1554 560 1589 ἐμαυτοῦ
582 1556 741 1590 φρονήσεως
764 1556 815 1591 τὴν
832 1556 898 1582 ὑπό-

109 1597 194 1633 ληψιν
220 1598 269 1633 τὴν
294 1599 359 1633 περὶ
385 1599 469 1626 αὑτοῦ
489 1599 631 1634 λαμϐάνω.
649 1602 704 1628 Καὶ
727 1602 781 1636 γὰρ
805 1604 829 1628 εἰ
860 1603 897 1638 μὴ

111 1643 241 1678 συνίημι,
257 1644 315 1671 ἀλλ’
328 1645 434 1671 ὑπονοῶ
449 1654 481 1680 γε
497 1645 558 1672 νοῦν
574 1655 636 1674 τινα
649 1647 795 1683 βαθύτερον
809 1650 898 1683 ἐγκεῖ-

111 1686 176 1715 σοαι
191 1690 247 1720 τοῖς
268 1690 400 1724 ῥήμασιν·
416 1690 466 1717 οὐκ
481 1691 539 1726 ἰδίῳ
553 1691 640 1718 ταῦτα
655 1693 762 1727 μετρῶν
777 1694 823 1719 καὶ
837 1693 897 1728 κρί-

109 1742 166 1760 νων
180 1733 317 1768 λογισμῷ,
336 1734 427 1761 πίστει
441 1735 470 1761 δὲ
490 1736 520 1761 τὺ
535 1736 616 1762 πλέον
635 1737 740 1771 νέμων,
767 1738 899 1773 ὑψηλοτέ-

111 1787 165 1814 ραν
181 1779 198 1814 ἦ
216 1779 263 1806 ὑπ’
278 1779 346 1814 ἐμοῦ
369 1781 581 1817 καταληφθῆναι
609 1784 750 1818 νενόμικα.
775 1785 830 1811 Καὶ
849 1786 899 1811 οὐκ

110 1826 310 1860 ἀποδοκιμάζω
324 1826 423 1859 ταῦτα,
437 1827 455 1854 ἃ
474 1827 511 1863 μὴ
531 1829 704 1864 συνεώρακα’
720 1830 854 1865 θαυμάζω
871 1831 898 1858 δὲ

111 1872 216 1908 μᾶλλον
240 1873 282 1898 ὅτι
308 1873 348 1908 μὴ
368 1872 498 1902 συνεῖδον.
514 1883 523 1900 ι
554 1875 616 1901 Ἐπὶ
639 1875 744 1907 τούτοις
770 1876 819 1910 τὴν
834 1877 900 1911 ὅλην

109 1918 166 1952 τῆς
180 1916 381 1952 ἀποκαλύψεως
397 1917 547 1953 βασανίσας
570 1919 691 1954 γραφὴν,
718 1920 847 1947 ἀδύνατον
871 1921 900 1948 δὲ

110 1963 199 1998 αὐτὴν
214 1963 285 1989 κατὰ
302 1965 351 1999 τὴν
363 1964 508 2000 πρόχειρον
524 1964 669 1997 ἀποδείξας
688 1965 809 1993 διάνοιαν
831 1968 901 1993 νοεῖ-

111 2009 188 2042 σθαι,
214 2009 342 2045 ἐπιφέρει
366 2009 467 2048 λέγων·
488 2019 497 2035 ι
513 2010 681 2042 Συντελέσας
709 2011 738 2037 δὲ
753 2012 845 2038 πᾶσαν
862 2012 901 2044 ὡς

113 2056 206 2082 εἰπεῖν
220 2055 269 2090 τὴν
284 2056 468 2091 προφητείαν,
484 2057 633 2091 μακαρίζει
648 2059 661 2084 ὁ
676 2058 821 2092 προφήτης
836 2058 900 2090 τούς

111 2111 143 2129 τε
157 2102 342 2136 φυλάσσοντας
358 2103 454 2137 αὐτὴν,
468 2105 515 2131 καὶ
529 2103 561 2138 δὴ
573 2104 620 2130 καὶ
633 2105 739 2130 ἑαυτόν.
755 2104 901 2140 Μακάριος

111 2149 182 2183 γὰρ,
199 2149 292 2183 φησὶν,
313 2150 327 2175 ὀ
346 2146 440 2184 τηρῶν
453 2150 516 2180 τοὺς
540 2150 635 2184 λόγους
657 2151 707 2186 τῆς
732 2151 901 2186 πρσοητείας

110 2195 162 2222 τοῦ
179 2194 282 2229 βιϐλίου
303 2194 416 2221 τούτου*
436 2195 514 2229 κάγὼ
533 2195 662 2229 Ἰωάννης
683 2198 697 2223 ὁ
721 2197 828 2232 βλέπων
853 2198 902 2224 καὶ

111 2241 225 2269 ἀκούων
241 2240 339 2268 ταῦτα.
362 2241 513 2268 Καλεῖσοαι
533 2242 582 2276 μὲν
598 2241 644 2269 οὖν
658 2243 788 2280 Ἰωάννην
808 2245 899 2277 αὐτὸν,

112 2288 165 2316 καὶ
183 2284 255 2313 εἶναι
269 2287 318 2322 τὴν
329 2287 440 2323 γραφὴν
451 2288 577 2316 Ἰωάννου
590 2289 704 2324 ταύτην,
721 2290 771 2316 οὐκ
784 2290 887 2324 ἀντερῶ

978 2291 1051 2319 ocari
1073 2290 1183 2325 quidem
1199 2289 1331 2316 Joannem
1345 2297 1420 2321 eutn,
1433 2288 1584 2316 clJoannis
1597 2295 1657 2314 esse
1675 2287 1741 2314 scri-
1769 2283 1773 2288 ’
1788 2312 1793 2317 ,

118 2337 218 2370 Ἀγίου
229 2336 278 2371 μὲν
291 2336 346 2371 γὰρ
357 2334 427 2362 εἷναί
438 2345 510 2367 τινος
521 2335 568 2362 καὶ
579 2335 759 2362 Θεοπνεύστου
773 2336 900 2363 συναινῶ·

75 2408 78 2411 λ
113 2382 145 2409 οὐ
164 2381 219 2416 μὴν
235 2381 336 2417 ῥᾳδίως
350 2381 384 2408 ἂν
402 2382 552 2417 συνθείμην
572 2381 667 2408 τοῦτον
680 2381 750 2409 εἶναι
769 2382 816 2409 τὸν
833 2382 902 2409 ἀπό-

71 2432 76 2439 '
115 2427 223 2458 στολον,
238 2427 285 2454 τὸν
307 2427 364 2454 υἱὸν
382 2427 539 2457 Ζεϐεδαίου.
560 2427 605 2454 τὸν
628 2428 743 2462 ἀδελφὺν
758 2428 901 2460 Ἰακώϐου,

113 2470 146 2500 οὗ
162 2473 193 2498 τὺ
218 2471 385 2506 Εὑαγγέλιον
400 2472 431 2498 τὸ
445 2472 514 2498 κατὰ
539 2472 668 2506 Ἰωάννην
693 2472 901 2506 ἐπιγεγραμμέ-

113 2528 172 2551 νον,
195 2518 241 2544 καὶ
257 2518 273 2552 ή
289 2517 420 2554 ,ἐπιστολὴ
435 2519 451 2553 η
467 2516 620 2552 Καθολικὴ.
638 2516 830 2553 Τεκμαίρομαι
847 2518 901 2552 γὰρ

114 2567 148 2594 ἐκ
172 2574 202 2592 τε
231 2565 279 2591 τοῦ
301 2565 382 2600 ἤθους
399 2565 549 2599 ἑκατέρων,
571 2565 619 2591 καὶ
633 2564 681 2590 τοῦ
695 2564 748 2591 τῶν
763 2564 851 2598 λόγων
865 2564 904 2590 εἵ-

114 2613 195 2644 δους,
218 2612 265 2638 καὶ
289 2613 338 2646 τῆς
357 2611 403 2637 τοῦ
429 2611 533 2646 βιϐλίου
550 2611 721 2645 διεξαγωγής
736 2611 902 2645 λεγομένης,

117 2658 159 2694 μὴ
171 2659 218 2684 τὴν
236 2657 316 2684 αὑτὸν
332 2655 410 2685 εἶναι.
437 2659 464 2684 Ὀ
484 2658 535 2692 μὲν
557 2659 611 2693 γὰρ
632 2658 831 2692 εὐαγγελιστὴς
859 2658 905 2684 οὐ·

115 2704 205 2739 δοιμοῦ
223 2705 253 2730 τὸ
267 2703 352 2738 ὄνομα
366 2702 450 2730 αὑτοῦ
470 2704 674 2738 παρεγγράφει.
695 2703 754 2730 οὐδὲ
769 2703 905 2738 κηρύσσει

116 2751 216 2778 ἑαυτὸν
237 2750 301 2778 οὔτε
317 2751 361 2777 διὰ
378 2751 423 2777 τοῦ
440 2751 622 2785 Εὐαγγελίου,
638 2750 700 2777 οὔτε
720 2750 764 2777 διὰ
778 2750 827 2785 τῆς
841 2751 904 2777 ὲπι-

117 2797 228 2831 στολῆς.
255 2806 264 2823 ι
295 2797 350 2823 Καὶ
379 2798 476 2832 μικρὸν
503 2797 678 2829 ὑποκαταϐὰς
703 2797 784 2824 πάλιν
809 2796 902 2831 λέγει·

122 2854 132 2868 ι
147 2843 278 2876 Ἰωάννης
301 2842 330 2870 δὲ
353 2843 484 2877 οὐδαμοῦ,
504 2843 557 2871 οὐδ’
578 2843 616 2875 ὡς
635 2842 702 2877 περὶ
726 2842 832 2877 ἑτέρου,
849 2841 905 2869 οὐδ’

913 1625 934 1653 C

946 1003 1055 1038 quidem
1070 1003 1125 1030 ullo
1141 1007 1189 1030 aut
1201 1002 1388 1029 ecolesiastico
1401 1002 1462 1028 viro
1475 1001 1578 1028 editum
1592 1008 1663 1028 esse.
1679 1000 1730 1026 Ce-

945 1049 1068 1076 rinthum
1083 1053 1186 1080 autem,
1199 1049 1245 1083 qui
1259 1049 1320 1084 ejus
1332 1055 1392 1083 quae
1407 1048 1441 1075 ab
1454 1055 1487 1074 eo
1499 1046 1674 1074 Ceriulhiana
1689 1045 1727 1072 di-

945 1095 1018 1122 citur
1027 1095 1139 1121 haeresis
1145 1098 1240 1121 auctor
1251 1099 1303 1127 est,
1314 1094 1432 1120 voluisse
1443 1093 1543 1120 celebri
1554 1091 1665 1118 nomine
1677 1090 1731 1118 [ide

945 1141 1054 1176 dignam
1064 1140 1256 1166 auctoritatem
1269 1139 1396 1173 figmento
1409 1146 1458 1164 suo
1469 1145 1576 1172 parare.
1589 1137 1646 1164 Hoc
1657 1135 1730 1162 enim

945 1194 1004 1213 esse
1017 1185 1196 1220 professionis
1210 1192 1265 1211 sua:
1278 1185 1384 1218 dogma,
1401 1191 1513 1218 regnum
1528 1182 1631 1209 Christi
1647 1187 1731 1209 terre-

946 1242 1010 1260 num
1024 1233 1163 1265 futurum;
1180 1238 1208 1259 et
1225 1239 1293 1266 quas
1306 1232 1365 1265 ipse
1382 1231 1534 1265 corporalis
1547 1229 1692 1257 admodum
1704 1235 1733 1255 et

947 1278 1065 1306 carnalis
1085 1278 1279 1312 concupiverat
1301 1285 1354 1310 res,
1378 1277 1404 1303 in
1427 1277 1467 1303 eis
1490 1276 1642 1303 somniasse
1665 1274 1731 1301 illud

947 1324 1080 1356 futurum,
1091 1325 1118 1351 in
1128 1323 1231 1351 ventris
1244 1323 1348 1350 scilicet
1359 1327 1493 1349 eteorum
1505 1329 1566 1356 qua:
1577 1321 1628 1348 sub
1640 1325 1733 1346 ventre

948 1375 1012 1397 sunt
1026 1370 1140 1398 libidine
1153 1373 1180 1397 et
1194 1369 1321 1396 ubertate
1339 1378 1345 1394 :
1362 1368 1413 1395 hoc
1428 1371 1480 1399 est,
1495 1367 1566 1398 cibo,
1577 1371 1654 1400 potu,
1666 1372 1733 1392 con-

949 1419 1044 1448 nubio.
1057 1424 1083 1445 et
1098 1419 1140 1453 (ut
1152 1417 1350 1444 absurditatcm
1364 1419 1466 1442 tantam
1479 1414 1611 1449 speciosis
1623 1417 1734 1440 ornaret

948 1465 1051 1500 verbis)
1064 1464 1163 1491 diebus
1177 1463 1264 1496 festis,
1279 1462 1434 1491 saeriiiciis.
1445 1465 1472 1488 et
1484 1461 1656 1487 victimarum
1673 1466 1732 1485 ma-

950 1510 1126 1538 ctatiuuibus.
1143 1509 1199 1543 Ego
1215 1517 1280 1536 vero
1294 1509 1426 1542 abrogare
1442 1507 1543 1534 librutn
1564 1513 1638 1536 eum,
1652 1512 1733 1539 quem

951 1560 1049 1584 lratres
1063 1555 1142 1583 multi
1159 1556 1281 1583 studiose
1295 1555 1399 1589 legunt,
1416 1561 1470 1580 non
1482 1552 1588 1584 ausim;
1604 1551 1735 1586 majorem

952 1608 1042 1630 autem
1055 1609 1136 1637 quam
1147 1609 1197 1636 pro
1210 1601 1341 1628 tenuitate
1355 1608 1415 1628 mea
1426 1600 1516 1631 decet,
1529 1599 1563 1626 de
1576 1606 1609 1626 eo
1621 1598 1734 1632 concepi

951 1649 1118 1684 opinionem.
1140 1649 1206 1675 Nam
1221 1648 1271 1676 etsi
1288 1655 1342 1675 non
1358 1647 1491 1680 intelligo.
1505 1646 1629 1680 suspicor
1644 1650 1737 1672 tamen

950 1695 1075 1722 altiorem
1091 1694 1327 1727 secretiorcmque
1344 1692 1370 1719 in
1386 1692 1478 1719 verbis
1492 1691 1554 1726 ejus
1571 1691 1657 1718 latere
1671 1697 1735 1716 sen-

951 1749 1022 1773 sum,
1044 1747 1162 1774 cutuque
1182 1740 1262 1773 longe
1285 1738 1486 1769 sublimiorem,
1503 1744 1583 1772 quam
1609 1740 1644 1763 ut.
1659 1743 1674 1762 a
1694 1743 1737 1762 me

951 1786 1055 1821 percipi
1071 1789 1162 1820 queat.
1177 1785 1206 1812 Id
1221 1784 1295 1819 quod
1308 1791 1363 1811 non
1377 1783 1492 1810 arbitrio
1504 1790 1564 1809 meo
1573 1781 1678 1816 judico,
1689 1780 1737 1808 sed

952 1833 1016 1860 ﬁdei
1038 1832 1123 1867 magis
1147 1831 1249 1858 tribuo.
1270 1829 1329 1857 Non
1351 1828 1446 1864 rejicio
1464 1827 1575 1862 quidem
1598 1834 1659 1861 quae
1682 1833 1738 1853 non

951 1877 1097 1913 perspicio,
1113 1876 1199 1911 magis
1220 1880 1311 1903 autem
1332 1875 1452 1902 admiror
1469 1874 1542 1908 quod
1561 1881 1615 1900 non
1638 1873 1739 1900 intelli-

951 1930 1022 1958 gam.
1041 1922 1179 1949 «Postbatc
1191 1921 1328 1956 scriptura
1345 1920 1520 1948 revelationis
1535 1919 1610 1947 omni
1622 1919 1738 1953 diligen-

953 1969 1008 1996 tius
1020 1973 1049 1995 et
1060 1967 1226 2002 exquisitius
1238 1973 1384 2001 perpensa,
1399 1964 1513 2000 intelligi
1529 1973 1584 1991 non
1598 1971 1677 1998 posse
1694 1964 1739 1991 de-

952 2018 1096 2045 monstrat,
1112 2014 1134 2040 si
1149 2020 1212 2039 eum
1230 2020 1340 2040 sensum
1358 2016 1476 2045 spectes,
1492 2010 1539 2045 qui
1564 2010 1591 2037 in
1609 2014 1738 2045 promptu

952 2061 1059 2096 positus
1071 2061 1196 2092 videtur;
1217 2066 1248 2086 ac
1261 2059 1361 2086 deinde
1379 2058 1482 2086 rcl'crt:
1501 2067 1509 2082 ι
1523 2057 1655 2084 Absoluta
1662 2063 1738 2090 vero,

953 2111 984 2133 ut
998 2107 1034 2133 ita
1051 2106 1153 2138 dicam,
1170 2104 1312 2139 prophetia
1333 2104 1470 2134 universa.
1488 2103 1584 2130 beatos
1607 2102 1739 2137 propheta

953 2152 1105 2184 renuntiat,
1119 2151 1166 2185 qui
1180 2158 1240 2178 eam
1255 2149 1437 2180 servaverint,
1454 2157 1539 2184 seque
1555 2149 1624 2176 adeo
1638 2149 1738 2183 ipsum.

955 2198 1053 2225 Beatus
1075 2198 1161 2229 enim,
1183 2196 1281 2231 inquit,
1304 2196 1350 2232 qui
1375 2201 1466 2223 servat
1486 2196 1569 2223 verba
1590 2195 1741 2230 prophetia:

954 2244 1017 2272 libri
1035 2244 1132 2279 hujus;
1152 2249 1179 2271 et
1196 2251 1247 2278 ego
1263 2242 1393 2274 Joannes,
1411 2242 1456 2277 qui
1473 2248 1500 2270 et
1515 2242 1570 2269 vidi
1590 2247 1618 2268 et
1637 2241 1740 2269 audivi.

954 2341 1031 2371 ptum
1045 2335 1082 2368 id,
1092 2343 1145 2362 non
1158 2343 1289 2370 repugno.
1302 2335 1335 2362 Et
1345 2335 1431 2362 sancti
1443 2334 1557 2368 alicujus
1567 2341 1599 2360 ac
1610 2333 1741 2360 divinitus

956 2381 1037 2409 amati
1052 2381 1103 2408 viri
1119 2388 1179 2408 esse
1193 2380 1345 2412 assentior;
1362 2387 1415 2406 non
1432 2380 1509 2406 facile
1522 2384 1611 2406 tamen
1626 2379 1741 2413 apostoli

955 2435 1016 2455 esse
1028 2427 1223 2460 concesserim,
1235 2426 1282 2453 lilii
1293 2425 1429 2458 Zebedmi,
1441 2425 1535 2452 fratris
1546 2425 1652 2457 Jacobi,
1663 2424 1743 2459 cujus

956 2474 1134 2509 Evangelium
1143 2477 1184 2501 est
1193 2473 1266 2508 quod
1276 2471 1428 2499 secundum
1436 2471 1567 2499 Joannem
1578 2470 1742 2505 inscriptum

956 2526 1009 2554 est,
1017 2526 1045 2549 et
1054 2520 1169 2556 cpistola
1180 2519 1325 2547 catholica.
1333 2519 1525 2553 Conjecturam
1536 2519 1609 2546 enim
1619 2518 1700 2550 iacio,
1710 2525 1743 2544 ex

959 2573 1138 2602 utrorumque
1149 2567 1313 2601 scriptorum
1325 2569 1435 2594 moreet
1448 2564 1549 2597 indole,
1557 2572 1589 2591 cx
1599 2564 1743 2591 verborum

957 2614 1056 2646 forma,
1067 2618 1094 2640 et
1104 2621 1137 2641 ex
1150 2613 1236 2648 ipsius
1246 2612 1309 2640 libri
1320 2612 1415 2643 ductu,
1429 2612 1502 2639 illius
1515 2619 1567 2638 non
1579 2619 1650 2639 esse.
1662 2610 1745 2646 416

959 2658 998 2686 Ac
1008 2659 1180 2694 Evangelista
1192 2659 1302 2694 quidem
1313 2666 1446 2693 nusquam
1460 2665 1559 2685 nomen
1570 2665 1649 2685 suum
1661 2656 1744 2684 ascri-

959 2704 1020 2732 bit:
1037 2712 1126 2740 neque
1150 2705 1270 2740 seipsum
1292 2706 1334 2732 vel
1353 2706 1379 2732 in
1397 2705 1554 2740 Evangelio.
1571 2704 1614 2731 vel
1637 2703 1663 2730 in
1687 2702 1745 2735 epi-

959 2750 1028 2778 stola
1046 2750 1238 2784 depraedicat.»
1249 2750 1284 2777 Et
1295 2750 1436 2785 paululum
1453 2756 1616 2785 progressus
1632 2755 1743 2775 rursum

959 2795 1067 2831 inquit:
1081 2795 1215 2823 tJoannes
1229 2796 1341 2831 quidem
1355 2802 1600 2831 nusquam,neque
1614 2799 1743 2828 tanquam

958 2842 992 2871 de
1008 2842 1072 2877 alio,
1092 2849 1180 2877 neque
1197 2847 1326 2877 tanquam
1345 2843 1380 2871 de
1395 2843 1500 2877 seipso;
1517 2842 1563 2876 qui
1584 2847 1650 2869 vero
1675 2840 1744 2874 Apo-
