1880 3063
39 127 106 160 1.89

501 120 814 155 ECCLESIASTICIE
835 120 1031 150 HIS'I‘ORI/E
1053 121 1126 150 LIB.
1149 121 1197 151 Π.

1601 122 1669 155 1190

36 183 273 218 παρασκευάζων,
290 179 327 210 ὧν
354 183 402 208 καὶ
431 183 551 218 ἀκούσας
572 181 605 208 ἄν
624 189 666 212 τις
693 179 810 216 φριξειεν

925 185 949 204 m
969 177 1137 205 contumelia
1164 177 1361 206 invehebatur.
1385 179 1515 208 i‘octores
1535 181 1618 209 etiam
1642 190 1671 211 et

35 229 76 256 οἷα
103 231 153 256 καὶ
180 230 245 260 τοὺς
275 228 450 259 θωπεύοντας
474 228 556 255 αὑτὸν
582 227 752 257 ἐπισκόπους
776 226 831 252 τῶν

35 276 146 310 ὁμόρων
160 275 256 309 ἀγρῶν
272 283 301 300 τε
317 274 365 301 καὶ
377 274 495 306 πόλεων,
514 274 561 300 καὶ
573 273 788 307 πρεσὸυτέρους,
802 272 832 298 ἐν

35 324 96 353 ταῖς
115 321 187 357 πρὸς
211 322 257 348 τὸν
281 321 344 347 λαὸν
367 320 487 355 ὁμιλίαις
513 320 626 355 καθίησι
649 319 831 353 διαλέγεσθαι.

35 369 87 394 Τδν
107 369 160 402 μὲν
174 368 228 402 γὰρ
250 367 314 393 Υξδν
338 367 385 393 τοῦ
406 366 474 392 Θεοῦ
511 367 541 392 οὐ
569 365 695 400 βούλεται
719 372 833 399 συνομο-

36 415 128 448 λογεῖν
153 413 184 446 ἐξ
209 413 325 447 οὖρανοῦ
353 412 582 447 κατεληλυθέναι·
611 412 655 438 ἵνα
678 420 705 437 τι
730 411 832 445 προλα-

36 461 131 491 6ὀντες
154 461 210 487 τῶν
241 459 393 494 μελλόντων
420 458 612 494 γραφήσεσθαι
645 458 748 492 θῶμεν.
777 458 832 484 Καὶ

35 508 118 534 τοῦτο
144 507 175 533 οὺ
203 507 275 540 λόγῳ
287 505 359 540 ψιλῷ
373 506 523 540 ῥηθήσεται
538 513 545 520 ·
564 505 623 531 ἀλλ’
641 505 670 537 ἐξ
688 502 726 531 ὦν
747 506 832 540 ὲπέμ-

33 554 128 588 ψαμεν
154 553 373 588 ὑπομνημάτων,
399 553 538 579 δείκνυται
569 552 749 588 πανταχόθεν.
774 553 831 587 Οὐχ

35 601 141 634 ἣκιστα
161 599 190 625 δέ
217 607 268 625 που
286 599 361 633 λέγει
382 599 489 633 Ἰησοῦν
505 599 625 633 Χριστὸν
644 598 768 625 κάτωθεν
781 605 788 612 ·
806 598 831 624 οἱ

34 646 62 671 δὲ
86 647 131 676 εἰς
159 645 242 672 αὐτὸν
265 645 415 679 ψάλλοντες
428 645 475 671 καὶ
501 645 722 679 ἐγκωμιάζοντες
747 645 777 671 ἐν
791 643 832 678 τῷ

34 691 92 725 λαῷ
113 691 236 724 ἄγγελον
252 691 298 717 τὸν
313 691 400 725 ἀσεϐῆ
415 691 578 718 διδάσκαλον
595 691 686 718 αὐτῶν
701 691 731 722 ἐξ
745 690 831 725 οὐρα-

35 738 82 763 νοῦ
108 737 325 771 κατεληλυθέναι
340 737 463 770 λέγουσι.
483 737 537 763 Καὶ
552 737 638 764 ταῦτα
660 737 690 763 οὺ
717 735 830 768 κωλύει,

35 783 104 809 ma
128 784 176 809 καὶ
204 783 363 817 λεγομένοις
377 783 512 818 πάρεστιν
535 784 549 810 ό
567 783 755 819 ὑπερήφανος.
773 783 831 814 Τὰς

34 829 61 854 δὲ
93 827 295 858 συνεισάκτους
326 828 410 854 αὐτοῦ
437 829 582 861 γυναῖκας,
610 828 648 859 ὡς
666 828 832 868 η’Δντιοχεῖς

34 875 215 909 ὀνομάζουσι,
234 875 353 901 καὶτῶν
376 876 438 909 περὶ
457 875 539 902 αὐτόν
564 875 762 912 πρεσϐυτέρων
785 877 832 903 καὶ

34 921 189 947 διακόνων·
206 919 248 952 οἷς
270 921 318 947 καὶ
342 921 423 947 τοῦτο
441 922 488 948 καὶ
505 922 540 948 τὰ
553 921 621 949 ἄλλα
641 923 834 958 ἁμαρτήματα

37 968 137 994 ἀνίατα
169 967 235 994 ὅντα
265 969 455 1002 συγκρύπτει,
488 968 617 1000 συνειδὼς
644 969 692 995 καὶ
717 969 833 1003 ἐλέγξας

36 1014 114 1045 ὅπως
144 1013 247 1044 αὐτοὺς
276 1013 423 1048 ὑπόχρεως
444 1013 513 1049 ἔχῃ·
533 1015 599 1049 περὶ
616 1011 652 1040 ὧν
670 1014 760 1048 λόγοις
785 1015 834 1041 καὶ

37 1060 129 1094 ἔργοις
156 1059 258 1092 ἀδικεῖ,
284 1060 321 1095 μὴ
339 1060 498 1095 τολμῶντας
524 1062 689 1096 κατηγορεῖν
718 1062 756 1095 τῷ
772 1062 833 1089 καθ’

35 1106 155 1136 ἑαυτοὺς
170 1105 264 1141 φόϐην
280 1106 350 1132 ἀλλὰ
373 1107 422 1133 καὶ
443 1107 591 1138 πλουσίους
614 1108 756 1142 ἀπέφηνεν
768 1116 774 1122 ·
791 1108 835 1142 ἐφ’

35 1149 58 1185 ᾧ
73 1153 147 1187 πρὸς
170 1151 228 1178 τῶν
253 1152 287 1178 τὰ
307 1152 422 1179 τοιαῦτα
454 1152 612 1188 ζηλούντων
642 1154 760 1188 φιλεῖται
787 1156 834 1182 καὶ

36 1199 215 1234 Θαυμάζεται
227 1207 235 1215 ο
250 1200 277 1225 τί
298 1199 331 1226 ἂν
346 1199 433 1227 ταῦτα
451 1201 623 1235 γράφοιμεν;
647 1201 834 1236 Ἐπιστάμεθα

35 1246 76 1277 δὲ,
93 1245 246 1279 ἀγαπητοὶ,
264 1246 304 1271 ὅτι
323 1245 371 1272 τὸν
395 1245 547 1272 ἐπίσκοπον
575 1246 622 1272 καὶ
646 1246 678 1272 τὸ
700 1247 834 1282 ἱερατεῖον

37 1293 114 1319 ἅπαν
134 1291 315 1327 παράδειγμα
334 1289 404 1319 εἶναι
421 1292 461 1318 δεῖ
476 1292 516 1328 τῷ
533 1291 631 1328 πλήθει
654 1293 763 1320 πάντων
785 1302 834 1320 κα-

34 1339 92 1364 λῶν
109 1339 214 1372 ἔργων.
229 1338 285 1364 Καὶ
310 1338 370 1365 οὐδὲ
395 1339 485 1365 ἐκεῖνο
514 1338 678 1374 ἀγνοοῦμεν,
706 1340 762 1366 ὅσοι
783 1341 835 1367 ὑπὸ

35 1384 88 1411 τοῦ
112 1384 289 1418 συνεισάγειν
310 1385 417 1416 ἑαυτοῖς
439 1386 574 1419 γυναῖκας
593 1386 741 1419 ἐξέπεσον·
766 1387 790 1413 οῖ
811 1387 834 1412 δ’

36 1431 274 1467 ὐταυπτεύθησαν.
290 1431 371 1457 Ὥστε
387 1432 412 1458 εἰ
425 1432 472 1459 καὶ
491 1432 550 1467 δοίη
571 1440 612 1465 τις
626 1433 702 1468 αὐτῷ
724 1433 755 1460 τδ
781 1442 836 1471 μη-

34 1479 83 1505 ὁὲν
109 1477 227 1511 ἀσελγὲς
246 1479 344 1509 ποιεῖν.
363 1478 432 1505 ἀλλά
444 1486 474 1512 γε
503 1479 634 1506 ὑπόνοιαν
662 1480 711 1515 τὴν
729 1482 761 1507 ὲκ
787 1480 834 1507 τοῦ

883 229 1062 252 enarratores
1087 225 1182 258 verbi,
1210 226 1258 259 qui
1283 234 1316 252 ex
1342 226 1392 253 hac
1415 227 1470 254 vita
1497 228 1671 262 migrassent,

883 270 1039 304 petulanter
1054 272 1263 305 proscindebat.
1280 271 1377 299 Gravis
1390 279 1417 300 et
1433 274 1566 301 molestus
1583 276 1610 301 in
1626 284 1674 310 pu-

884 315 971 347 blico,
994 320 1022 343 et
1038 316 1183 351 magniﬁca
1205 317 1239 344 de
1259 318 1352 352 seipse
1376 319 1547 353 praedicans,
1572 328 1627 347 non
1646 325 1675 347 ιιι

882 362 1041 396 episcopus,
1059 363 1106 390 sed
1121 363 1243 398 sophista
1259 369 1286 391 et
1302 364 1446 398 impostor.
1461 365 1575 392 Psalmis
1590 373 1674 400 porro

883 404 917 433 de
937 407 1054 435 Domino
1069 414 1166 436 nostro
1183 409 1245 436 .Iesu
1259 410 1411 444 abrogatis,
1430 416 1560 444 tanquam
1579 419 1675 438 recert-

884 453 974 486 tibus,
1001 458 1029 481 et
1051 462 1066 481 a
1091 455 1294 482 recentioribus
1323 456 1500 489 compositis,
1533 457 1558 482 in
1583 457 1673 484 media

883 500 1012 532 ecclesia,
1031 509 1128 535 magno
1144 501 1188 528 die
1205 502 1316 528 Pascltae
1334 502 1366 528 de
1381 502 1473 536 seipse
1493 502 1675 530 mulierculas

882 545 978 572 laudes
993 551 1105 574 cantare
1120 547 1293 579 instituebat,
1306 556 1374 582 quas
1387 557 1467 575 nemo
1484 549 1543 575 sine
1558 549 1673 576 horrore

883 592 1031 619 audiverit.
1055 593 1294 625 Quemadmodum
1320 595 1422 626 etiam,
1451 600 1480 621 ιιι
1505 596 1538 622 de
1568 603 1598 622 se
1624 603 1674 629 pro

882 640 1019 665 concione
1040 639 1073 666 ad
1095 640 1227 674 populum
1250 641 1388 673 dicerent,
1406 649 1438 667 ex
1456 641 1580 668 finitimis
1600 641 1674 675 agris

882 688 910 710 et
936 684 1063 718 oppidis,
1088 693 1137 721 per
1154 687 1368 713 assentationem
1384 687 1436 714 sibi
1457 688 1601 714 adulantes
1617 688 1676 721 epi-

882 736 981 764 scopos
1007 735 1036 757 et
1066 732 1242 767 presbyteros
1263 733 1401 759 summisit
1424 738 1506 768 atque
1526 734 1672 768 disposuit.

881 775 983 802 Filium
998 776 1111 810 quidem
1127 778 1187 810 Dei,
1204 786 1259 805 nott
1274 779 1332 805 vult
1347 780 1491 806 nobiscth
1508 780 1644 814 proﬁteri,
1657 787 1673 807 ο

883 822 953 849 celo
976 822 1176 850 descendisse:
1199 828 1229 850 ut
1251 824 1357 859 aliquid
1380 833 1475 852 earnm
1498 834 1589 852 rerum
1613 834 1674 860 quze

885 873 979 902 postea
993 869 1159 901 scribentur,
1174 866 1401 905 praeoccupantes
1410 872 1557 899 alIeramus
1571 893 1575 898 .
1591 873 1674 907 idque

884 921 940 941 non
955 914 1036 942 nudis
1048 922 1063 942 a
1076 916 1156 943 nobis
1170 916 1279 944 diectur
1296 918 1397 950 verbis,
1414 919 1461 945 sed
1481 926 1513 945 ex
1530 926 1673 945 commen-

885 961 981 993 tariis,
1001 969 1072 996 quos
1093 962 1126 989 ad
1141 970 1191 990 vos
1208 963 1343 996 misimus,
1365 965 1478 991 omnino
1498 965 1673 999 probabitur.

883 1007 945 1035 Non
966 1007 1060 1035 minus
1074 1016 1142 1036 vero
1164 1011 1246 1036 etiam
1262 1010 1365 1037 alicubi
1380 1010 1463 1043 dicit,
1485 1010 1577 1038 Jesum
1592 1011 1675 1039 Citri-

885 1058 958 1081 stum
974 1061 989 1081 e
1005 1059 1080 1082 terra
1095 1060 1187 1082 ortum
1205 1056 1343 1084 imbuisse.
1356 1057 1408 1090 Qui
1423 1062 1515 1085 autem
1529 1058 1555 1085 in
1572 1059 1674 1093 populo

885 1099 998 1133 psalmis
1020 1105 1048 1127 et
1068 1100 1196 1128 laudibus
1212 1101 1328 1136 impium
1347 1103 1421 1130 bune
1442 1103 1581 1130 hominctn
1604 1104 1676 1130 cele-

885 1144 987 1178 brant,
1009 1147 1136 1180 angelum
1158 1155 1222 1174 eum
1243 1152 1271 1175 et
1286 1144 1448 1183 magistrum
1469 1150 1503 1176 ad
1522 1158 1552 1177 se
1570 1157 1586 1177 ο
1605 1151 1676 1178 ecl-lo

886 1189 1065 1218 descendisse
1079 1196 1194 1219 canunt.
1210 1192 1243 1219 Et
1258 1193 1315 1219 haae
1330 1193 1375 1220 ille
1391 1195 1607 1228 superbissimus
1621 1203 1675 1222 non

886 1237 1031 1271 prohibet,
1058 1238 1106 1264 sed
1130 1245 1162 1265 ea
1184 1238 1349 1266 canentibus
1374 1239 1463 1267 adest.
1489 1241 1559 1273 Quid
1581 1248 1674 1269 autent

886 1282 1018 1310 mulieres
1039 1284 1099 1319 ejus
1120 1284 1352 1318 lsubintroductas
1380 1287 1438 1321 (3),
1461 1291 1491 1313 ut
1509 1288 1676 1315 Antiuchetti

886 1329 1049 1356 nominant:
1077 1330 1143 1365 quid
1174 1331 1235 1366 ejus
1258 1333 1439 1366 presbyteros
1466 1339 1493 1361 et
1522 1334 1676 1362 diaconos:

886 1375 988 1409 quibus
1003 1382 1030 1403 et
1045 1376 1098 1403 ltoc
1114 1376 1258 1411 delictum,
1271 1382 1298 1405 et-
1314 1379 1367 1405 alia
1384 1378 1599 1408 immedicabilia
1612 1388 1676 1415 pec-

886 1427 946 1448 cata
963 1422 1111 1456 permittit,
1128 1431 1216 1458 eaque
1229 1432 1292 1450 cum
1312 1424 1369 1451 illis
1382 1426 1464 1458 colat,
1482 1427 1609 1453 conscius
1623 1427 1676 1454 sibi

886 1474 1000 1499 eorum,
1024 1472 1051 1494 et
1066 1469 1148 1495 simul
1171 1469 1232 1495 illos
1252 1469 1286 1496 de
1301 1469 1343 1496 eis
1359 1477 1492 1506 arguens,
1514 1475 1543 1497 ut
1559 1470 1610 1499 sibi
1628 1470 1678 1498 ob-

35 1526 168 1552 ¹τοιούτου
192 1524 355 1559 πράγματος
371 1526 510 1559 φυομένην
533 1525 618 1561 ἐχρῆν
633 1526 808 1563 εὐλαϐηθῆνα

926 1515 984 1541 xios
1005 1515 1115 1547 habeat,
1132 1515 1276 1543 dicamus?
1292 1516 1399 1548 Quibus
1416 1516 1443 1543 in
1466 1517 1568 1548 rebus,
1584 1518 1678 1547 verbis

36 1572 77 1606 μή
94 1579 161 1597 τινα
182 1570 357 1605 σκανδαλίσῃ,
379 1571 442 1602 τοὺς
468 1571 496 1597 δὲ
521 1572 567 1599 καὶ
595 1572 743 1607 μιμεῖσθαι
767 1582 835 1609 προ-

35 1617 142 1652 τρέψῃ.
156 1617 217 1648 Πῶς
230 1617 286 1652 γὰρ
299 1617 475 1652 ἐπιπλήξειεν
492 1617 508 1653 ἢ
524 1618 712 1653 νουθετήσειεν
726 1619 833 1654 ἕτερον,

37 1665 80 1700 μὴ
96 1663 333 1697 συγκαταϐαίνειν
348 1663 479 1689 ὲπιπλέον
493 1664 534 1695 εις
550 1664 648 1691 ταυτὸν
666 1668 777 1698 γυναικὶ
793 1666 831 1701 μὴ

35 1708 139 1743 ἁλισθῇ
165 1707 377 1741 φυλαττόμενον,
404 1707 442 1737 ὡς
469 1708 644 1742 γέγραπται,
668 1710 742 1741 ὅστις
768 1710 832 1745 μίαν

37 1755 93 1789 μὲν
112 1753 271 1788 ἀπέστησεν
298 1753 357 1788 ἤδη,
387 1752 433 1779 δύο
453 1752 482 1778 δὲ
507 1754 687 1789 ἀκμαζούσας
716 1757 762 1781 καὶ
791 1755 836 1782 εὑ-

36 1801 163 1837 πρεπεῖς
193 1800 244 1835 τὴν
258 1800 317 1835 ὅφιν
337 1800 394 1835 ἔχει
411 1799 472 1835 μεθ’
485 1800 600 1827 ἑαυτοῦ·
618 1801 668 1828 κᾶν
686 1802 754 1838 ἀπίῃ
772 1811 834 1836 που,

36 1847 225 1881 συνεπιφέρει
241 1848 288 1873 καὶ
304 1846 417 1880 ταύτας,
430 1847 543 1882 τρυφῶν
561 1849 610 1875 καὶ
623 1849 835 1883 ὑπερεμπιπλά-

37 1903 148 1931 μενος;
171 1891 222 1919 Ὧν
245 1893 327 1920 ἕνεκα
354 1893 516 1926 στενάζουσι
543 1894 594 1928 μὲν
620 1895 667 1921 καὶ
690 1893 835 1929 ὀδύρονται

36 1943 149 1972 πάντες
167 1940 228 1966 καθ’
243 1940 358 1971 ἑαυτούς
371 1948 379 1956 ⁸
402 1939 474 1966 οὕτω
498 1940 526 1966 δὲ
547 1940 598 1974 τὴν
620 1941 768 1974 τυραννίδα
787 1941 836 1968 καὶ

35 1988 208 2018 δυναστείαν
226 1986 308 2013 αὐτοῦ
324 1986 507 2021 πεφόϐηνται,
524 1985 595 2013 ὥστε
613 1987 778 2021 κατηγορεῖν
798 1987 836 2022 μὴ

34 2035 149 2070 τολμᾷν
164 2042 170 2048 ·
193 2033 260 2060 ἀλλὰ
283 2033 369 2059 ταῦτα
391 2033 452 2066 μὲν,
479 2032 516 2064 ὡς
537 2033 702 2067 εἰρήκαμεν,
724 2031 836 2060 εὔθυνεν

36 2085 74 2110 ἄν
99 2089 145 2112 τις
178 2081 225 2106 τὸν
249 2079 344 2114 ἄνδρα,
375 2079 406 2105 τὸ
435 2078 500 2112 γοῦν
530 2080 660 2113 φρόνημα
690 2079 837 2106 καθολικὺν

36 2130 142 2163 ἔχοντα
162 2127 208 2152 καὶ
228 2125 537 2160 συγκατίριομούμενον
555 2126 637 2161 ἡμῖν·
657 2125 703 2152 τὸν
718 2125 746 2152 δὲ
760 2125 838 2160 ἐξορ-

36 2174 204 2210 χησάμενον
227 2171 257 2198 τὸ
284 2171 436 2206 μυστήριον
467 2171 515 2198 καὶ
539 2170 777 2205 ὲμπομπεύσαντα
802 2172 835 2207 τῇ

38 2220 137 2257 μιαρᾷ
162 2219 268 2252 αἱρέσει
292 2218 339 2244 τοῦ
362 2218 484 2252 Ἀρτεμᾶ
499 2217 537 2252 (τί
551 2217 607 2252 γὰρ
630 2217 660 2243 οὐ
685 2217 738 2252 χρὴ
759 2217 836 2252 μόλις

35 2271 90 2296 τὸν
107 2267 219 2301 πατέρα
242 2265 326 2293 αὐτοῦ
348 2265 498 2300 δηλῶσαις)
512 2264 590 2291 οὐδὲν
613 2263 668 2291 δεῖν
692 2264 837 2299 ἡγούμεθα

34 2315 152 2342 τούτων
177 2312 241 2344 τοὺς
270 2311 420 2347 λογισμοὺς
439 2311 580 2338 ἀπαιτεῖν.
601 2308 669 2337 Εἶτα
692 2311 738 2337 ἐπὶ
761 2312 836 2337 τέλει

33 2362 93 2397 τῆς
115 2358 264 2392 ἐπιστολῆς
279 2358 326 2383 καὶ
349 2356 427 2383 ταῦτ’
452 2355 641 2389 ἐπιλέγουσιν⁴¹
658 2365 667 2381 ι
699 2357 838 2391 Ἠναγκά-

37 2407 154 2441 σϐημεν
171 2402 218 2430 οὖν
240 2403 473 2436 ἀντιτασσόμενον
495 2402 576 2428 αὑτὸν
591 2401 630 2436 τῷ
645 2402 716 2436 Θεῷ,
735 2401 783 2428 καὶ
799 2402 836 2437 μὴ

79 2509 122 2544 (5)
139 2507 347 2538 Συνείσακτοι,
364 2507 421 2546 hoc
429 2511 480 2538 est,
499 2506 734 2546 subintroductzn.‘
745 2513 835 2546 neque

38 2540 162 2574 uxores,
191 2550 279 2576 neque
307 2543 476 2573 concubinae,
509 2543 555 2569 sed
587 2540 834 2576 tertiircujusdam

37 2580 159 2616 generis
174 2575 305 2616 mulieres
319 2581 393 2616 sunt.
411 2584 480 2612 qttas
495 2575 769 2616 secuntpresloyteri,
780 2581 836 2615 etc.

37 2611 102 2644 ἰῖοιι
132 2613 258 2640 creandas
294 2613 414 2644 sobolis,
452 2619 541 2646 neque
575 2611 697 2639 libidinis
731 2611 835 2645 gratia,

38 2650 96 2678 sed
125 2649 235 2683 pietatis
259 2648 362 2680 studio,
387 2652 434 2674 aut
463 2652 538 2674 certe
566 2647 675 2683 pietatis
703 2650 834 2679 praetextu

36 2682 249 2721 fnvebantaDeA
268 2683 367 2721 quibus
390 2683 518 2721 praeclara
535 2687 622 2721 exstat
647 2682 834 2721 {lbrysostonn

37 2720 176 2749 humilia.
191 2716 306 2745 Ruﬁnus
332 2718 359 2744 in
383 2718 537 2745 eanonibus
560 2718 673 2744 Mea-nu:
695 2716 791 2750 synodi
808 2716 834 2742 in

38 2756 149 2784 liccles.
181 2755 241 2781 hist.
271 2754 318 2783 lib.
347 2762 373 2785 ιι,
407 2761 466 2787 cap.
494 2753 683 2792 6,__e.1;traneqs
708 2750 834 2792 mulieres

38 2795 143 2818 vertit.
158 2789 246 2817 Sicuti
261 2790 344 2816 etiam
360 2786 493 2815 emam»
518 2788 648 2814 dicuntur
661 2788 688 2813 in
708 2786 739 2812 L.
765 2787 833 2812 Eum

37 2828 102 2862 qui,
117 2825 148 2852 Ο.
164 2825 202 2862 de
219 2825 305 2862 episc.
322 2828 349 2862 et
362 2825 428 2851 eler.
443 2824 500 2850 Vid.
512 2823 661 2862 Gregorius
677 2821 835 2862 Tlteologus

38 2857 81 2889 ad
99 2860 223 2895 virgines
238 2857 300 2886 ’Deo
318 2860 432 2891 dicatus,
447 2864 543 2886 contra
559 2857 785 2885 subintroductas

888 1560 969 1588 simul
994 1565 1021 1587 et
1046 1561 1127 1589 factis
1151 1562 1193 1588 eis
1216 1566 1257 1588 est
1282 1562 1415 1596 injurius,
1444 1563 1517 1597 quod
1546 1571 1678 1591 accusare

887 1614 966 1637 eum.
989 1607 1042 1634 sibi
1058 1607 1127 1642 ipsis
1151 1607 1298 1641 timentes,
1323 1617 1378 1636 non
1400 1609 1530 1638 audeant.
1554 1610 1606 1638 Sed
1630 1618 1678 1638 eos

888 1653 934 1680 ille
948 1661 1061 1688 quoque
1077 1654 1311 1689 collocupletavit.
1333 1655 1508 1691 Quapropter
1524 1657 1559 1683 ab
1574 1659 1615 1685 eis
1630 1657 1678 1693 qui

889 1699 953 1727 talia
966 1704 1174 1733 consectantur,
1185 1706 1340 1734 ammonet
1354 1703 1381 1730 in
1397 1703 1581 1731 admiratione
1595 1704 1680 1732 babe-

889 1751 943 1773 tur.
957 1746 1026 1781 Quid
1040 1746 1109 1778 haec,
1124 1747 1249 1782 inquam,
1267 1748 1443 1775 scribamus?
1456 1749 1563 1776 Scimus
1574 1755 1678 1780 autent.

888 1791 999 1823 dilecti,
1017 1793 1177 1827 episeopunt
1201 1797 1229 1821 et
1249 1794 1447 1821 sacerdotalem
1470 1795 1596 1823 ordinent
1618 1804 1679 1823 om-

888 1846 951 1865 nem
986 1839 1154 1867 multitudini
1177 1840 1302 1875 exemplo
1326 1847 1387 1867 esse
1416 1841 1518 1874 debere
1540 1842 1676 1870 bonorum

888 1892 1005 1919 operum
1032 1886 1167 1913 ontnium.
1196 1886 1237 1914 Ne
1266 1886 1334 1913 illud
1367 1887 1478 1922 quidem
1508 1888 1677 1923 ignoramus,

888 1939 1022 1967 perquam
1038 1933 1151 1963 multos,
1168 1933 1214 1967 qui
1230 1933 1282 1960 sibi
1296 1934 1426 1961 mulieres
1455 1934 1680 1963 subintroduxis-

888 1982 960 2010 sent,
973 1979 1094 2014 graviter
1109 1980 1201 2013 lapsos
1215 1987 1276 2007 esse
1290 1988 1297 2005 :
1316 1980 1417 2008 multos
1430 1980 1458 2008 in
1471 1981 1572 2009 ﬁndant
1588 1983 1679 2016 suspi-

888 2024 997 2053 cionem
1019 2026 1191 2060 pervenisse.
1214 2027 1304 2061 Atque
1327 2028 1572 2060 utconcedamus,
1591 2037 1676 2058 unum

888 2070 1007 2105 aliquem
1028 2073 1062 2118 \in
1087 2072 1133 2101 tali
1157 2080 1186 2101 re
1208 2073 1277 2100 nihil
1300 2078 1381 2109 turpe
1401 2079 1485 2109 atque
1508 2075 1676 2110 impudicum

888 2119 1062 2148 committere
1075 2129 1081 2146 :
1100 2120 1285 2155 suspicionem
1300 2125 1404 2153 tamen,
1417 2129 1478 2156 qum
1491 2129 1525 2149 ex
1540 2123 1677 2157 ejusmodi

888 2166 1018 2195 convictu
1043 2167 1185 2198 nascitur,
1207 2168 1294 2195 vitare
1315 2173 1426 2203 oportet
1451 2168 1505 2203 (4).
1535 2177 1568 2196 ne
1594 2178 1677 2205 quem

889 2213 1028 2245 oﬂ‘endat,
1049 2218 1095 2241 aut
1110 2214 1143 2241 ad
1163 2214 1349 2242 imitationem
1370 2216 1448 2243 malm
1468 2219 1678 2246 consuetudinis
1714 2238 1717 2240 -

889 2260 998 2288 incitet.
1011 2260 1095 2296 426
1111 2260 1256 2293 Quomodo
1273 2269 1391 2296 namque
1407 2263 1491 2290 alium
1509 2265 1676 2299 objurgabit,

889 2307 932 2334 vel
947 2307 1083 2339 instituet.
1102 2313 1131 2335 ut
1146 2309 1238 2336 videat
1254 2317 1288 2336 ne
1305 2309 1466 2344 frequenter
1481 2318 1544 2337 cum
1561 2312 1677 2339 muliere

888 2355 1054 2382 conveniens
1069 2355 1187 2387 labatur,
1204 2357 1286 2384 sicuti
1301 2357 1434 2391 scriptum
1451 2363 1506 2388 est,
1533 2359 1578 2392 qui
1595 2367 1677 2387 unam

889 2400 1000 2434 quidem
1017 2401 1072 2435 jam
1089 2402 1260 2436 repudiarit,
1278 2402 1348 2430 duas
1363 2408 1454 2431 autem
1475 2409 1555 2434 artata
1573 2404 1676 2432 ﬂoren—

925 2505 962 2541 (ιι)
978 2504 1045 2538 Cap.
1062 2505 1079 2530 5
1099 2503 1199 2541 Nicmni
1216 2505 1324 2531 concilii
1343 2515 1350 2531 :
1371 2515 1379 2532 ι
1396 2507 1538 2534 interdixit
1553 2515 1601 2541 ριϊ
1618 2515 1678 2534 om-

889 2539 934 2567 nia
951 2544 1045 2578 sancta
1061 2539 1192 2575 synodus,
1207 2548 1262 2578 non
1278 2541 1482 2576 episcopo,non
1501 2539 1676 2578 prchylero,

889 2584 942 2602 non
955 2575 1080 2605 diacono,
1102 2582 1155 2600 non
1171 2575 1349 2606 subdiacono,
1376 2584 1429 2603 nott
1454 2575 1535 2604 alicui
1563 2575 1677 2605 omnino

889 2611 935 2645 qui
964 2611 990 2635 itt
1015 2609 1089 2636 clero
1111 2613 1162 2639 est,
1194 2609 1278 2635 licere
1305 2611 1544 2638 subintroductam
1575 2614 1676 2640 habero

890 2645 1043 2677 mulierem,
1063 2645 1113 2671 nisi
1132 2644 1201 2670 forte
1214 2649 1261 2670 aut
1277 2650 1403 2676 matrem,
1421 2651 1468 2671 aut
1481 2655 1615 2677 sororem.
1628 2653 1676 2675 aut

888 2681 1011 2712 amitam,
1028 2685 1075 2706 aut
1093 2680 1173 2706 etiam
1193 2686 1238 2716 cas
1262 2679 1384 2716 idoneas
1400 2688 1531 2716 personas
1554 2691 1613 2716 quze
1630 2684 1675 2709 iu-

887 2717 962 2750 giant
974 2716 1154 2750 suspiciones.
1176 2723 1185 2740 ι
1199 2715 1337 2751 ιυίςιιιιει.
1353 2714 1411 2749 5‘2.)
1429 2724 1437 2739 ι
1451 2715 1547 2743 Nullus
1563 2714 1673 2751 inissa!"

886 2749 981 2778 audiat
999 2749 1162 2786 presbyteri,
1180 2749 1334 2786 quentscit
1355 2751 1538 2777 concubinam
1563 2749 1676 2779 indubi-

888 2791 976 2812 tanter
994 2784 1113 2818 habere,
1140 2791 1187 2812 aut
1215 2784 1454 2812 subintroductam
1481 2787 1634 2815 mulierem.
1663 2798 1671 2814 ι

886 2821 978 2856 (ιυιιι.)
