1880 3063
38 134 104 166 1.89

499 126 812 161 ECCLESIASTICAE
833 125 1028 155 HISTORIA;
1050 126 1123 155 LIB.
1147 126 1195 155 Vl.

1599 126 1666 158 1190

36 189 271 225 παρασκευάζων,
288 185 325 215 ὧν
352 188 401 214 καὶ
429 188 550 222 ἀκούσας
570 187 603 214 ἄν
622 195 664 217 τις
691 185 812 220 φρίξειεν

927 190 947 209 tn
967 182 1134 209 contumelia
1162 182 1358 210 invehebatur.
1383 183 1512 211 Doctores
1532 185 1615 212 etiam
1640 193 1669 214 et

35 235 77 262 οἷα
103 236 152 262 καὶ
179 236 243 266 τοὺς
273 234 448 264 θωπεύοντας
472 233 554 260 αὑτὸν
580 232 750 262 ἐπισκόπους
773 231 829 257 τῶν

35 282 145 316 ὁμόρων
159 281 254 315 ἀγρῶν
270 289 299 306 τε
316 280 362 307 καὶ
375 280 493 311 πόλεων,
512 280 560 306 καὶ
571 278 786 313 πρεσϐυτέρους,
800 277 829 302 ὲν

36 329 96 359 ταῖς
116 327 186 362 πρὸς
210 328 256 354 τὸν
279 327 343 353 λαὸν
365 326 485 361 ὁμιλίαις
511 326 624 360 καθίησι
647 324 829 358 διαλέγεσθαι.

37 375 88 400 Τδν
107 374 158 408 μὲν
173 374 227 408 γὰρ
248 373 313 399 rem
336 372 384 399 τοῦ
404 371 473 398 Θεοῦ
509 372 539 398 οὐ
567 371 694 406 βούλεται
717 377 831 404 συνομο-

37 421 128 454 λογεῖν
152 419 183 451 ἐξ
208 418 323 452 οὔρεινοῦ
351 417 580 452 κατεληλυθέναι·
609 417 653 443 ἵνα
677 425 704 442 τι
719 410 830 450 προλα-

37 467 130 498 ϐόντες
153 467 209 492 τῶν
239 465 392 500 μελλόντων
418 463 611 499 γραφήσεσθαι
643 463 747 498 θῶμεν.
775 463 831 489 Καὶ

36 515 118 540 τοῦτο
143 513 174 538 οὐ
201 512 273 546 λόγῳ
287 511 357 546 ψιλῷ
371 511 522 546 ῥηθήσεται
537 519 544 525 ·
563 510 621 536 ἀλλ’
639 510 669 542 ἐξ
686 507 724 536 ὧν
745 511 830 544 ἐπέμ-

35 559 128 594 ψαμεν
152 559 371 594 ὑπομνημάτων,
398 558 537 584 δείκνυται
567 557 748 592 πανταχόθεν.
773 557 830 592 Οὐχ

37 606 139 640 ἥκιστα
160 605 188 631 δέ
216 613 267 630 που
285 605 360 638 λέγει
381 604 488 638 Ἰησοῦν
505 604 624 639 Χριστὸν
643 603 767 630 κάτωθεν
779 611 787 617 ·
805 603 830 629 οἱ

37 651 64 677 δὲ
88 653 131 683 εἰς
157 651 241 678 αὐτὸν
264 650 414 685 ψάλλοντες
428 651 474 676 καὶ
500 649 721 684 ἐγκωμιάζοντες
746 650 776 676 ὲν
790 648 830 682 τῷ

37 697 93 731 λαῷ
114 697 235 730 ἄγγελον
250 697 297 723 τὴν
312 697 399 731 ἀσεϐῆ
414 696 577 723 διδάσκαλον
594 696 685 723 αὐτῶν
700 695 730 728 ἐξ
744 695 830 730 οὐρα-

38 743 84 769 νοῦ
109 742 324 777 κατεληλυθέναι
340 743 463 776 λέγουσι.
482 743 536 768 Καὶ
552 742 638 769 ταῦτα
659 743 689 767 οὐ
716 741 828 774 κωλύει,

39 789 106 815 ἀλλὰ
128 790 175 815 καὶ
203 789 362 823 λεγομένοις
377 789 511 823 πάρεστιν
534 789 548 815 ό
565 789 754 824 ὑπερήφανος.
771 788 830 818 Τὰς

38 835 65 860 δὲ
94 834 294 864 συνεισάχτους
325 833 410 860 αὐτοῦ
437 834 582 867 γυναῖκας,
609 833 648 864 ὡς
665 833 830 873 ,Ἀντιοχεῖς

38 881 214 915 ὀνομάζουσι,
233 881 281 906 καὶ
297 880 353 907 τῶν
375 881 438 914 περὶ
457 880 538 907 αὑτὸν
564 881 761 916 πρεσϐυτέρων
784 882 832 908 καὶ

39 927 189 954 διακόνωνο
206 925 248 958 οἷς
269 927 318 953 καὶ
342 927 422 953 τοῦτο
440 927 488 954 καὶ
505 927 540 954 τὰ
553 926 620 954 ἄλλα
641 928 833 963 ἁμαρτήματα

41 974 137 1000 ἀνίατα
169 973 234 1001 ὂντα
265 974 454 1008 συγκρύπτει,
488 974 617 1005 συνειδὼς
644 974 691 1000 καὶ
717 974 833 1008 ἐλέγξας

41 1021 114 1051 ὅπως
144 1019 247 1050 αὐτοὺς
275 1019 422 1054 ὑπόχρεως
444 1019 512 1054 ἐχῃ·
533 1021 599 1054 περὶ
615 1016 652 1045 ὧν
669 1019 760 1053 λόγοις
785 1020 834 1046 καὶ

41 1066 130 1100 ἔργοις
157 1065 257 1098 ἀδικεῖ,
283 1066 321 1101 μὴ
339 1066 498 1100 τολμῶντας
524 1067 689 1101 κατηγορεῖν
717 1066 756 1100 τῷ
771 1067 833 1094 καθ’

41 1112 156 1143 ἑαυτοὺς
170 1111 263 1146 φόϐῳ·
280 1112 350 1138 ἀλλὰ
373 1113 422 1138 καὶ
444 1112 591 1143 πλουσίους
613 1113 756 1147 ἀπέφηνεν
768 1120 774 1127 ·
790 1113 834 1147 ἐφ’

40 1156 147 1193 ᾦπρὸς
171 1157 227 1184 τῶν
253 1158 287 1184 τὰ
307 1158 422 1185 τοιαῦτα
454 1158 612 1193 ζηλούντων
641 1159 760 1193 φιλεῖται
787 1160 834 1186 καὶ

41 1205 215 1240 Βαυμάζεται
227 1213 234 1220 ·
250 1205 277 1231 τί
298 1205 331 1231 ἂν
346 1205 433 1232 ταῦτα
451 1206 624 1241 γράφοιμεν;
647 1206 834 1241 Ἐπιστάμεθα

40 1251 79 1283 δὲ,
95 1251 246 1286 ἀγαπητοὶ,
264 1251 305 1277 ὅτι
323 1251 371 1277 τὸν
395 1251 547 1278 ἐπίσκοπον
575 1251 622 1278 καὶ
646 1251 677 1277 τὸ
700 1252 834 1287 ίερατεῖον

42 1298 115 1325 am
135 1297 315 1332 παράδειγμα
334 1295 404 1324 εἶναι
421 1298 462 1324 δεῖ
477 1297 516 1333 τῷ
533 1296 631 1333 πλήθει
654 1298 763 1325 πάντων
786 1307 834 1325 κα-

41 1345 94 1370 λῶν
110 1344 214 1378 εργων.
230 1344 285 1370 Καὶ
310 1343 370 1370 οὐδὲ
396 1344 485 1370 ἐκεῖνο
514 1344 678 1379 ἀγνοοῦμεν,
706 1345 762 1371 ὅσοι
783 1345 835 1372 ὑπὸ

42 1390 89 1417 τοῦ
113 1389 289 1424 συνεισάγειν
310 1390 418 1422 ἑαυτοῖς
440 1391 575 1424 γυναῖκας
594 1391 742 1423 ἐξέπεσον·
766 1393 791 1418 οι
811 1391 834 1417 ὃ⁴

43 1437 275 1473 ὑταοπτεύθησαν.
291 1437 371 1463 Ὥστε
387 1438 413 1464 εί
426 1438 472 1464 καὶ
492 1437 551 1472 δοίη
571 1446 612 1470 τις
627 1438 703 1473 αὐτῷ
724 1438 756 1466 τὸ
781 1447 836 1476 μη-

42 1484 85 1510 δὲν
109 1483 227 1517 ἀσελγὲς
246 1484 345 1514 ποιεῖν,
364 1484 432 1511 ἀλλά
444 1491 475 1517 γε
503 1484 634 1511 ὑπόνοιαν
663 1485 712 1520 τὴν
730 1487 761 1512 ἐκ
787 1485 834 1512 τοῦ

880 233 1060 256 enarratores
1085 229 1180 262 verbi,
1208 230 1255 263 qui
1281 238 1313 256 cx
1340 230 1390 257 hac
1412 231 1468 258 vita
1495 231 1668 266 migrassent,

881 275 1037 309 petulanter
1052 276 1261 310 proscindebat.
1278 276 1375 303 Gravis
1388 283 1415 303 et
1431 277 1564 304 molestus
1581 279 1608 304 in
1624 287 1672 313 pu-

882 320 968 351 blico.
991 325 1020 348 et
1036 321 1180 355 magniﬁca
1203 321 1237 348 de
1257 322 1350 356 scipso
1374 323 1545 356 pra-dicans,
1570 332 1625 350 non
1644 329 1673 350 ut

881 366 1040 401 episcopus,
1057 367 1104 394 sed
1119 367 1242 402 sophista
1257 373 1284 394 ct
1300 368 1444 402 impostor.
1458 369 1573 395 Psalmis
1588 377 1673 403 porro

881 409 915 438 de
936 412 1052 440 Domino
1067 419 1164 440 nostro
1180 413 1243 440 Jesu
1257 414 1409 447 abrogatis,
1428 419 1558 448 tanquatn
1576 423 1673 441 recen-

882 457 973 490 tibus,
999 462 1027 486 ct
1050 467 1065 486 a
1090 459 1292 486 recentioribus
1321 460 1498 493 compositis,
1531 460 1556 486 in
1581 460 1672 486 media

881 505 1011 536 ecclesia,
1029 513 1126 539 magno
1142 506 1186 532 die
1204 506 1315 532 Pascha;
1332 506 1364 532 de
1380 506 1471 539 seipso
1492 506 1673 533 mulierculas

881 549 976 577 laudes
991 556 1104 578 cantare
1119 552 1292 583 instituebat,
1304 560 1372 586 quas
1385 561 1466 578 nemo
1482 553 1541 579 sine
1556 552 1672 579 horrore

882 596 1030 624 audiverit.
1054 597 1292 629 Quemadmodum
1319 599 1420 630 etiam,
1449 604 1478 625 ut
1503 599 1537 625 de
1567 607 1596 625 se
1623 606 1672 632 pro

881 645 1018 670 concione
1039 643 1072 671 ad
1094 644 1225 678 populum
1249 645 1387 677 dicerent,
1405 653 1436 671 ex
1454 645 1579 672 ﬁnitimis
1599 644 1673 679 agris

881 693 908 714 et
935 689 1061 722 oppidis,
1086 698 1136 725 per
1153 691 1366 717 assentationem
1383 691 1434 717 sibi
1456 691 1599 718 adulantes
1615 691 1675 725 epi-

881 741 981 768 scopos
1006 739 1035 762 et
1065 736 1241 771 presbyteros
1262 737 1400 763 summisit
1424 741 1504 771 atque
1525 738 1671 772 disposuit.

881 779 982 807 Filium
997 781 1109 815 quidem
1127 782 1186 815 Dei,
1203 790 1258 809 non
1273 783 1330 809 vult
1346 784 1490 810 nobiseum
1508 784 1643 817 proﬁteri,
1656 791 1672 810 e

882 826 952 853 caelo
975 826 1175 854 descendisse:
1198 832 1228 854 ut
1251 828 1356 863 aliquid
1379 837 1473 855 earum
1498 837 1588 856 rerum
1612 837 1673 863 qua:

884 877 979 907 postea
992 873 1159 905 scribentur,
1174 870 1400 909 praeoccupantes
1409 876 1557 902 aderamus
1570 897 1574 901 .
1590 876 1673 910 idque

883 926 940 945 non
954 919 1035 946 nudis
1048 927 1062 946 a
1076 920 1156 947 nobis
1169 920 1278 948 dicetur
1295 921 1397 954 verbis,
1414 922 1460 948 sed
1480 930 1512 949 ex
1529 929 1672 949 commen-

885 966 981 998 tariis,
1001 974 1071 1000 quos
1092 966 1125 993 ad
1141 975 1190 994 vos
1208 967 1343 999 misimus,
1364 969 1477 994 omnino
1498 969 1672 1002 probabitur.

883 1011 944 1040 Non
966 1012 1059 1040 minus
1074 1020 1141 1040 vero
1163 1015 1245 1040 etiam
1262 1014 1364 1041 alicubi
1379 1014 1463 1046 dicit,
1484 1014 1577 1042 Jesum
1592 1014 1674 1042 Chri-

885 1063 957 1085 stum
973 1066 989 1085 e
1005 1064 1079 1086 terra
1094 1065 1187 1087 ortum
1204 1060 1343 1088 habuisse.
1356 1060 1408 1094 Qui
1423 1066 1515 1088 autem
1528 1061 1554 1088 in
1572 1062 1674 1096 populo

884 1104 998 1138 psalmis
1019 1109 1047 1131 et
1067 1105 1196 1132 laudibus
1211 1106 1327 1140 impium
1347 1106 1420 1133 hunc
1442 1107 1581 1133 hominem
1604 1107 1675 1133 cele-

885 1148 987 1182 brant,
1009 1151 1136 1185 angelum
1158 1159 1222 1178 eum
1243 1157 1271 1179 et
1286 1148 1447 1187 magistrum
1469 1153 1503 1180 ad
1522 1161 1551 1180 se
1570 1160 1586 1180 e
1605 1154 1676 1181 cia-lo

885 1193 1065 1222 descendisse
1079 1200 1193 1223 canunt.
1210 1196 1243 1223 Et
1258 1197 1315 1223 lucc
1330 1197 1375 1224 ille
1391 1199 1607 1232 superbissimus
1621 1207 1675 1226 non

886 1241 1031 1275 prohibet,
1058 1241 1106 1269 sed
1130 1249 1162 1269 ea
1183 1242 1349 1270 canentibus
1374 1243 1463 1271 adest.
1489 1245 1559 1277 Quid
1582 1251 1674 1272 autem

886 1287 1018 1315 mulieres
1040 1288 1099 1324 ejus
1120 1288 1353 1322 bubintroduclas
1380 1291 1438 1325 (5),
1461 1295 1491 1317 ut
1510 1292 1677 1319 Antiueheui

886 1334 1049 1361 nominant:
1077 1335 1143 1369 quid
1175 1336 1235 1370 ejus
1259 1336 1439 1370 presbyteros
1467 1342 1493 1364 ct
1522 1337 1675 1366 diaconos:

886 1379 988 1414 quibus
1004 1386 1030 1407 et
1046 1380 1098 1408 hoc
1114 1381 1258 1415 delictum,
1271 1386 1296 1409 et
1314 1382 1367 1409 alia
1385 1382 1599 1412 immedicabilis
1613 1392 1677 1418 pec-

887 1431 947 1453 cata
964 1426 1111 1461 permittit,
1128 1435 1216 1462 eaque
1230 1436 1293 1455 eum
1313 1428 1369 1455 illis
1382 1430 1464 1462 celat,
1482 1430 1610 1457 conscius
1623 1431 1677 1458 sibi

886 1479 1000 1504 eorum,
1024 1477 1052 1498 ct
1066 1473 1148 1499 simul
1171 1473 1233 1499 illos
1253 1473 1286 1500 de
1302 1474 1343 1500 eis
1360 1481 1493 1510 arguens,
1514 1479 1543 1501 ut
1559 1473 1611 1502 sibi
1628 1473 1679 1501 ob-

43 1532 168 1558 τοιοὺτου
193 1530 356 1564 πράγματος
372 1531 511 1564 φυομένην
534 1531 618 1567 ἐχρῆν
633 1519 809 1568 εὐλαϐηθῆνα

927 1520 985 1546 xios
1006 1519 1115 1552 habeat,
1132 1519 1276 1547 dicamus?
1293 1520 1400 1552 Quibus
1417 1520 1443 1547 in
1467 1521 1568 1552 rebus,
1585 1521 1678 1550 verbis

44 1578 160 1612 μήτινα
182 1575 358 1611 σκανδαλίσῃ,
379 1576 442 1607 τοὺς
468 1576 497 1603 δὲ
521 1577 568 1604 καὶ
595 1577 743 1612 μιμεῖσθαι
767 1587 836 1613 προ-

43 1623 142 1658 τρὲψῃ.
156 1623 218 1654 ῐΙὼς
231 1623 286 1658 γὰρ
299 1622 476 1657 ἐπιπλήξειεν
492 1622 509 1658 ἢ
525 1623 713 1659 νουθετήσειεν
727 1624 834 1659 ἕτερον,

45 1671 82 1706 μὴ
97 1669 334 1704 συγκαταϐαίνειν
349 1668 480 1694 ὲπιπλέον
494 1669 534 1700 είς
550 1669 649 1696 ταυτὸν
667 1672 778 1704 γυναικὶ
794 1671 832 1706 μὴ

43 1715 138 1750 ἁλισθῇ
165 1712 378 1747 φυλαττόμενον,
405 1713 443 1743 ὡς
470 1713 645 1747 γέγραπται,
668 1715 743 1745 ὅστις
769 1715 833 1750 μίαν

44 1760 94 1795 μὲν
112 1759 271 1794 ἀπέστησεν
299 1759 358 1794 ἤδη,
388 1758 434 1785 δύο
454 1758 483 1784 δὲ
509 1759 687 1794 ἀκμαζούσας
717 1761 763 1786 καὶ
792 1760 837 1787 εὐ-

43 1808 164 1843 πρεπεῖς
194 1806 244 1841 τὴν
259 1806 319 1841 ὄψιν
338 1805 394 1841 ἔχει
412 1805 473 1841 μεθ’
486 1806 584 1832 ἑαυτοῦ
595 1815 602 1821 ·
619 1807 669 1833 κᾶν
687 1807 756 1843 ἀπίῃ
773 1816 836 1840 που,

43 1853 226 1887 συνεπιφέρει
241 1854 289 1879 καὶ
305 1852 418 1885 ταύτας.
432 1853 544 1888 τρυφῶν
562 1854 611 1880 καὶ
624 1854 836 1888 ὑπερεμπιπλά-

44 1909 149 1936 μενος;
171 1896 223 1925 Ὧν
246 1899 328 1926 ἕνεκα
355 1898 517 1932 στενάζουσι
544 1900 595 1933 μὲν
621 1901 668 1927 καὶ
691 1899 837 1935 ὀδύρονται

43 1949 150 1979 πάντες
168 1945 230 1973 καθ’
245 1946 359 1977 ἑαυτούς
372 1953 380 1961 ⁸
403 1945 475 1972 οὕτω
499 1945 527 1971 δὲ
548 1945 598 1979 τὴν
621 1946 769 1980 τυραννίδα
789 1946 838 1973 καὶ

43 1994 209 2023 δυναστείαν
227 1991 310 2019 αὐτοῦ
326 1992 509 2026 πεφόὸηνται,
525 1991 596 2018 ὥστε
614 1993 780 2026 κατηγορεῖν
799 1992 837 2027 μὴ

43 2041 151 2076 τολμᾷν
165 2048 171 2054 ·
194 2039 262 2066 ἀλλὰ
285 2038 370 2065 ταῦτα
392 2038 453 2071 μὲν,
480 2037 518 2069 ὼς
539 2038 704 2072 εἰρήκαμεν,
725 2037 837 2064 εὖθυνεν

45 2090 76 2116 ἄν
101 2095 147 2118 τις
180 2086 226 2113 τὸν
250 2085 346 2120 ἄνδρα,
377 2085 408 2111 τὸ
436 2084 502 2118 γοῦν
532 2085 661 2118 φρόνημα
692 2084 838 2111 καθολικὴν

45 2135 144 2169 ἔχοντα
163 2132 210 2158 καὶ
229 2130 539 2166 συγκαταριθμούμενον
556 2130 639 2166 ἡμῖν’
659 2130 705 2157 τὸν
720 2130 748 2158 δὲ
762 2130 840 2165 ἐξορ-

44 2180 206 2216 χησάμενον
228 2177 259 2203 τὸ
285 2177 438 2212 μυστήριον
469 2177 517 2203 καὶ
541 2175 779 2210 ὲμπομπεύσαντα
804 2177 837 2211 τῇ

47 2226 139 2262 μιαρᾷ
164 2225 270 2259 αιρέσεε
294 2224 342 2249 τοῦ
364 2223 485 2257 Ἀρτεμᾶ
501 2223 539 2257 (τι
553 2223 609 2257 γὰρ
632 2222 662 2248 οὐ
687 2222 740 2257 χρὴ
761 2221 838 2256 μόλις

45 2275 92 2301 τὸν
110 2273 220 2307 πατέρα
244 2271 328 2299 αὑτοῦ
350 2270 500 2306 δηλῶσαι;)
514 2269 593 2296 οὐδὲν
615 2269 671 2296 δεῖν
695 2269 838 2304 ἡγούμεθα

44 2321 154 2348 τούτων
179 2318 242 2350 τοὺς
272 2317 421 2353 λογισμοὺς
441 2317 582 2344 ἀπαιτεῖν.
603 2313 671 2342 Εἶτα
695 2316 740 2342 ἐπὶ
764 2316 838 2342 τέλει

44 2367 95 2403 τῆς
117 2364 266 2398 ἐπιστολῆς
281 2365 328 2389 καὶ
351 2362 429 2389 ταῦτ’
454 2361 643 2395 ἐπιλέγουσιν·
660 2371 670 2386 ι
701 2362 840 2396 Ἤναγκά-

47 2413 156 2448 σΘημεν
173 2408 220 2436 οὖν
242 2409 475 2442 ἀντιτασσόμενον
497 2407 578 2433 αὑτὸν
594 2406 632 2442 τῷ
647 2407 718 2442 Θεῷ,
737 2406 785 2433 καὶ
801 2407 838 2442 μὴ

82 2516 124 2551 (5)
141 2513 349 2544 Συνεισακτοι,
366 2513 483 2551 bocest.
501 2512 737 2551 subintrod‘tltctze.‘
748 2518 838 2551 neque

47 2546 165 2581 uxores,
192 2557 281 2583 neque
309 2548 479 2578 concubinae,
511 2548 558 2574 sed
589 2546 837 2586 tertii'cujusdam

47 2586 161 2621 generis
176 2581 307 2621 mulieres
322 2587 396 2621 sunt,
413 2589 482 2617 quas
498 2581 771 2621 secumupresbyteri,
783 2586 838 2621 etc.

47 2616 104 2648 itou
134 2619 260 2647 creandas
297 2616 429 2649 sobolis,’
454 2625 543 2652 neque
578 2616 699 2644 libidinis
734 2616 837 2650 gratia,

49 2657 99 2684 sed
127 2655 237 2690 pietatis
261 2653 364 2690 studio,
390 2658 436 2680 aut
466 2657 540 2690 certe
568 2652 678 2690 pietatis
705 2655 837 2684 praetextu

47 2687 251 2726 fovebantsDe
271 2688 370 2726 quibus
392 2689 521 2726 praeclara
538 2693 625 2726 ex_s:at
650 2687 836 2726 (lhrysostomt

48 2726 178 2753 humilia.
193 2721 309 2751 Ruﬁnus
335 2724 362 2750 in
386 2721 540 2750 canonibus
562 2724 676 2749 Mea-nae
698 2721 794 2756 synodi
811 2721 836 2746 in

49 2761 151 2788 Eccles.
183 2761 244 2786 hist.
273 2759 321 2789 lib.
349 2767 376 2790 κ,
410 2766 468 2793 cap.
497 2758 523 2789 6,
544 2764 685 2784 animum:
711 2755 837 2793 mulieres

49 2801 145 2823 vertit.
161 2795 248 2822 Sicuti
263 2795 346 2821 etiam
363 2791 496 2821 extranea:
521 2793 651 2819 dicuntur
664 2793 691 2819 in
711 2791 741 2817 L.
768 2791 836 2817 Eum

50 2833 106 2866 qui,
119 2831 151 2858 Ο.
170 2831 205 2857 de
222 2830 308 2864 episc.
325 2833 353 2856 et
365 2830 430 2856 cier.
446 2829 502 2856 Vid.
515 2828 664 2866 Gregorius
679 2826 838 2866 Tlteologus

51 2862 85 2894 ad
100 2862 226 2901 virgines
241 2862 303 2892 'Dco
321 2865 435 2896 dicatas,
449 2869 545 2891 contra
562 2862 788 2890 subintroductas

888 1565 970 1592 simul
994 1570 1022 1592 et
1047 1565 1128 1593 factis
1152 1566 1194 1593 eis
1217 1570 1257 1592 est
1283 1566 1415 1600 injurius,
1445 1567 1518 1601 quod
1547 1575 1678 1595 accusare

887 1618 967 1642 eum,
990 1611 1042 1638 sibi
1059 1611 1128 1646 ipsis
1151 1611 1298 1645 timentes,
1324 1620 1379 1640 non
1401 1613 1531 1642 audeant,
1554 1613 1607 1641 Sed
1631 1621 1679 1642 eos

889 1658 935 1685 ille
949 1665 1062 1693 quoque
1078 1658 1312 1693 collocupletavit.
1334 1659 1509 1694 Quapropter
1525 1661 1559 1687 ab
1575 1663 1616 1688 eis
1631 1661 1678 1696 qui

890 1704 954 1730 talia
966 1708 1175 1736 consectantur,
1186 1710 1340 1738 amatur,et
1354 1706 1382 1733 in
1398 1707 1582 1735 admiratione
1596 1708 1680 1735 habe-

890 1756 944 1778 tur.
957 1751 1027 1785 Quid
1041 1750 1110 1782 hac,
1125 1751 1249 1786 inquam,
1268 1752 1443 1779 scribamus?
1456 1753 1564 1780 Scimus
1574 1759 1678 1784 autem.

890 1796 1000 1828 dilecti,
1018 1797 1178 1831 episcopum
1202 1801 1230 1825 et
1249 1798 1448 1825 sacerdomlem
1471 1799 1596 1827 ordinem
1619 1808 1680 1826 om-

889 1851 952 1870 nem
987 1843 1155 1872 multitudini
1178 1844 1303 1878 exemplo
1327 1851 1388 1871 esse
1417 1844 1519 1878 debere
1542 1846 1677 1874 bonorum

889 1897 1006 1924 operum
1033 1890 1168 1917 omnittm.
1198 1890 1238 1917 Ne
1267 1890 1335 1917 illud
1368 1891 1479 1925 quidem
1509 1892 1678 1927 ignoramus,

890 1944 1024 1971 perquam
1039 1937 1153 1968 multos,
1170 1938 1216 1972 qui
1232 1938 1284 1965 sibi
1297 1938 1428 1966 mulieres
1457 1938 1681 1967 subintroduxis-

890 1987 962 2014 sent,
974 1984 1096 2018 graviter
1111 1984 1204 2018 lapsos
1217 1991 1278 2011 esse
1292 1992 1299 2010 :
1318 1984 1418 2012 multos
1432 1985 1460 2012 in
1473 1985 1573 2013 foedam
1589 1986 1680 2020 suspi-

889 2029 999 2057 cionem
1021 2031 1192 2065 pervenisse.
1216 2032 1306 2066 Atque
1329 2035 1359 2059 ut
1372 2032 1573 2064 concedamus,
1592 2041 1678 2061 unum

890 2075 1009 2110 aliquem
1035 2077 1063 2104 in
1089 2077 1135 2106 tali
1159 2085 1188 2105 re
1209 2078 1278 2105 nihil
1302 2083 1382 2113 turpe
1403 2083 1487 2113 atque
1510 2079 1678 2114 impudicum

890 2113 1064 2152 committere
1077 2133 1083 2151 :
1101 2125 1287 2160 suspicionem
1302 2129 1405 2158 tamen,
1419 2134 1479 2160 quae
1493 2133 1526 2152 ex
1542 2126 1679 2161 ejusmodi

891 2170 1019 2199 convictu
1045 2171 1187 2203 nascitur,
1209 2172 1296 2199 vitare
1317 2177 1428 2207 oportet
1453 2172 1507 2207 (4).
1537 2180 1570 2199 ne
1596 2182 1679 2208 quem

891 2217 1029 2249 oil‘endal.
1051 2223 1097 2246 aut
1112 2218 1145 2245 ad
1166 2219 1351 2247 imitationem
1371 2220 1450 2247 mala:
1469 2222 1679 2249 consuetudinis
1715 2241 1718 2243 -

891 2264 1000 2292 incitet.
1014 2263 1097 2300 426
1113 2265 1258 2297 Quomodo
1276 2274 1393 2300 namque
1409 2267 1493 2294 alium
1511 2268 1678 2303 objurgabit,

891 2311 933 2338 vel
949 2311 1085 2343 instituet.
1103 2317 1133 2339 ut
1148 2313 1239 2340 videat
1256 2322 1289 2340 ne
1307 2314 1467 2348 frequenter
1483 2322 1546 2342 cum
1562 2316 1680 2342 muliere

890 2359 1056 2386 conveniens
1070 2360 1189 2391 labatur,
1206 2360 1288 2388 sicuti
1303 2361 1437 2395 scriptum
1453 2367 1508 2392 est.
1536 2363 1580 2396 qui
1597 2371 1680 2390 unam

891 2404 1001 2439 quidem
1019 2404 1074 2439 jam
1091 2406 1262 2440 repudiarit,
1280 2406 1349 2434 duas
1365 2412 1457 2435 autem
1477 2413 1557 2437 artato
1575 2408 1679 2436 ﬂoreu-

927 2510 964 2546 (ι)
981 2509 1047 2543 Cap.
1064 2509 1081 2535 5
1102 2507 1201 2546 Nicaeui
1218 2509 1326 2546 concilii
1346 2518 1352 2534 :
1373 2519 1381 2534 ι
1398 2510 1541 2538 interdixit
1555 2519 1604 2545 per
1620 2519 1680 2538 om-

891 2543 936 2572 nia
953 2543 1047 2582 sancta
1064 2543 1195 2579 synodus,
1209 2551 1264 2582 μοι]
1280 2544 1420 2578 episeopo,
1431 2553 1489 2582 non
1503 2543 1678 2582 tircSltytero,

892 2588 945 2607 non
957 2580 1082 2610 diacono,
1104 2586 1158 2605 non
1173 2578 1351 2609 subditae-uno,
1378 2587 1432 2605 non
1456 2578 1537 2607 alicui
1565 2578 1679 2608 omnino

891 2616 937 2649 qui
967 2616 993 2641 in
1018 2614 1092 2641 clero
1113 2617 1164 2643 est.
1196 2613 1281 2640 licere
1307 2613 1546 2642 subintroductam
1577 2617 1679 2643 habere

892 2650 1046 2682 mulierem,
1065 2650 1115 2677 nisi
1135 2649 1203 2675 forte
1216 2653 1264 2674 aut
1279 2653 1405 2678 matrem,
1424 2654 1470 2674 aut
1484 2659 1617 2680 sororem.
1630 2657 1679 2679 aut

891 2686 1014 2717 amitam,
1031 2690 1078 2712 aut
1096 2686 1175 2711 etiam
1195 2691 1241 2710 eas
1265 2683 1384 2719 idoneas
1402 2691 1533 2719 personas
1557 2694 1616 2719 qum
1633 2687 1678 2713 i'u-

889 2722 964 2755 giant
977 2721 1157 2755 suspiciones.
1179 2719 1339 2753 ηυὶειὶιιοι.
1356 2718 1414 2753 52.)
1431 2727 1439 2743 ι
1453 2718 1549 2746 Nullus
1566 2718 1676 2754 missoin

889 2756 984 2782 audiat.
1001 2754 1165 2791 presbyteri,
1182 2754 1337 2791 quetn‘scil
1357 2754 1540 2791 concubinam
1566 2756 1678 2783 indubi-

891 2795 978 2817 tanter
997 2789 1116 2823 habere,
1143 2796 1189 2817 aut.
1218 2789 1457 2818 subintroductam
1484 2790 1636 2818 mulierem.
1665 2802 1674 2818 ι

889 2825 981 2860 (lbid.)
