1880 3063
162 161 228 198 1227

767 155 792 184 N
799 153 979 184 [CEPIIORI
1000 154 1172 185 CALLISTI

1709 156 1778 189 1223

160 220 227 246 liore
243 217 312 252 igne
337 215 490 250 supposito,
515 214 589 241 ltttno
615 219 648 239 ex
677 212 787 238 materia
813 209 902 237 viridit

1034 212 1238 247 ταπνιγομένων
1262 212 1299 247 τῷ
1318 212 1478 247 ἁναῤῥέοντι
1495 212 1544 247 τῆς
1569 212 1636 247 ὕλης
1663 214 1756 248 καπνῷ
1769 222 1776 229 ·

159 262 339 298 proveniente
363 261 417 287 sint
435 259 580 289 sull'ocati,
602 256 674 292 quod
692 256 719 282 in
741 254 936 289 Mesopotamia

158 308 284 336 evenisse
304 307 432 341 legimus.
449 304 616 337 Quibusdam
632 309 722 333 nares,
744 301 825 332 labia,
843 307 936 332 aures,

160 361 257 382 manus
270 354 350 380 etiam
365 356 392 379 et
408 351 491 387 pedes
505 348 648 384 amputati,
661 353 688 375 et
702 347 752 383 ipsi
768 347 852 374 veluti
865 353 939 381 que-

160 402 222 428 dam
236 399 354 427 victimae
368 399 395 424 in
415 403 513 424 carnes
529 395 642 422 dissecti
661 403 667 421 :
684 393 757 428 quod
774 390 938 420 Alexandria

161 447 240 474 vidit.
261 446 328 478 Quis
344 451 409 471 vero
432 441 604 469 Antiochena
629 439 760 475 supplicia
784 437 940 465 memoret?

160 493 207 520 ubi
224 492 301 527 ignes
315 494 344 517 et
360 488 496 516 craticula!
509 487 621 518 ﬁebant,
639 492 693 512 non
711 483 854 511 confestim
869 489 941 510 mor-

159 544 214 565 tem
231 536 427 565 aceelerantes,
450 533 499 561 sed
523 531 625 560 sensim
649 534 800 564 martyrum
824 535 939 562 corpora

159 587 306 614 torrentes,
323 580 512 615 suppliciaque
526 583 554 605 et
565 583 607 612 pot
616 584 661 604 las
681 576 708 602 in
721 575 833 610 longum
849 579 941 601 extra-

160 632 268 657 hentes.
283 627 409 655 Fuerunt
424 625 461 653 ibi
479 625 574 656 etiam,
592 623 640 657 qui
655 622 765 649 dextras
781 619 864 647 citius
883 619 940 653 igni

161 676 269 704 ardenti
300 670 506 702 comburendas
537 669 728 700 imntitterent,
755 673 836 701 quam
860 673 940 692 exse-

160 721 268 749 cranda
295 727 372 747 sacra
403 722 431 744 et
462 715 596 744 sacriﬁcia
624 713 800 748 attingerent.
829 710 939 746 Reperti

159 774 269 802 quoque
287 769 361 797 sunt,
385 763 433 798 qui
454 763 532 798 prius
556 768 586 788 se
609 768 642 787 ex
664 759 731 786 locis
752 757 941 792 superioribus

162 812 318 847 praecipites
334 810 443 841 darent,
462 816 544 843 quant
563 805 715 841 periculum
738 807 938 832 tormentorum

161 859 272 886 adirent
290 867 296 884 :
315 861 432 883 mortem
445 854 538 889 potius
550 853 633 880 citam
647 851 736 884 obire,
752 857 833 885 quam
846 853 877 876 ut
892 848 941 875 im-

161 905 268 939 piorum
281 901 388 936 laqueis
403 903 579 934 caperentur,
593 901 783 932 properantes.
798 894 941 922 Horrenda

161 957 226 977 vero
245 955 356 984 prorsus
378 949 485 974 suntet
501 944 599 973 attditu
621 942 818 974 intolerabilia,
837 949 898 976 quae
914 940 941 966 in

161 998 251 1024 Ponto
276 998 410 1028 martyres
435 996 500 1020 sunt
518 991 601 1026 passi.
623 988 792 1022 Quibusdam
816 987 889 1014 enim
914 986 943 1012 in

162 1041 278 1070 summis
301 1039 395 1074 digitis
419 1037 563 1072 praeacutis
586 1036 701 1063 calamis
724 1041 830 1069 ungues
852 1032 943 1067 perfo-

162 1087 319 1115 diebantur.
341 1085 394 1112 Alii
412 1091 479 1111 vero
496 1082 639 1118 plumbum
660 1081 721 1116 igne
749 1079 941 1114 liquefactum.

161 1134 307 1168 picemque
330 1130 492 1158 bullientent
520 1127 640 1162 scapulis
665 1131 691 1153 et
717 1125 799 1152 dorso
823 1123 944 1158 excipie—

162 1181 239 1206 bant.
254 1176 382 1205 Nonnulli
396 1174 519 1209 partibus
528 1173 572 1201 eis
587 1180 648 1207 qua:
659 1172 772 1199 honeste
785 1177 841 1197 non
855 1168 944 1196 nomi-

162 1228 276 1255 nantur,
291 1221 431 1250 cruciatus
453 1219 540 1246 fotdos
556 1218 721 1251 silentioque
738 1214 869 1251 tegendos
881 1221 943 1249 per-

162 1269 290 1297 ferebant
303 1276 309 1294 :
323 1274 393 1302 quos
404 1265 512 1293 nobiles
524 1264 562 1291 illi
574 1267 600 1291 et
614 1263 700 1290 fortes
712 1262 764 1288 viri
779 1260 944 1296 philosopho

164 1317 243 1350 plane
259 1314 351 1341 animo
367 1317 393 1339 et
409 1311 452 1346 pia
471 1310 587 1345 quadam
609 1308 760 1335 antbitione
780 1307 830 1334 sibi
847 1309 943 1333 contra

164 1368 259 1389 recens
283 1361 394 1387 inventa
418 1361 566 1388 tormenta,
585 1355 781 1383 exuberantem
800 1351 942 1382 abundan-

163 1409 228 1434 tiam
263 1404 425 1433 constantiaa
458 1410 521 1430 esse
551 1400 754 1432 ostenderunt,
784 1404 946 1433 generosam

162 1452 308 1488 quamdam
332 1449 537 1477 contentionem
563 1447 640 1474 novis
667 1444 787 1480 prmmiis
813 1443 944 1470 adversus

162 1505 262 1534 spurca
283 1501 311 1523 et
333 1496 478 1522 inhonesta
496 1493 630 1528 supplicia
653 1492 841 1519 ittstituentes.
866 1490 944 1518 l‘ost-

991 255 1035 285 οἷα
1047 259 1076 285 ἐν
1090 260 1122 293 τῇ
1129 259 1208 295 Μέσῃ
1222 259 1275 286 τῶν
1288 260 1417 294 ποταμῶν
1431 259 1590 294 πεπρᾶχθαι
1600 259 1758 294 ἀνέγνωμεν
1769 267 1777 275 ·

991 304 1080 332 ἀλλων
1095 306 1170 340 ῥῖνας
1186 306 1232 332 καὶ
1256 305 1332 341 χείλη
1355 306 1402 332 καὶ
1424 302 1491 338 ὦτα,
1517 305 1556 332 ἔτι
1573 306 1602 333 δέ
1617 307 1665 333 καὶ
1685 307 1778 342 χεῖρας

992 352 1040 377 καὶ
1059 350 1142 382 πόδας
1162 351 1411 386 περιαιρουμένων,
1433 351 1482 377 καὶ
1498 350 1568 377 καθά
1586 357 1648 378 τινα
1675 350 1778 384 aechm

992 397 1255 432 κρεανομουμένων”
1273 397 1351 423 ὁποῖα
1367 395 1436 423 εἶδεν
1456 397 1472 432 ἡ
1494 396 1696 431 Ἀλεξάνδρεια.
1717 397 1779 428 Πῶς

990 443 1019 470 δέ
1034 443 1087 469 τῶν
1098 443 1158 470 κατ’
1179 443 1363 478 Ἀντιόχειανὸ
1376 443 1453 477 λόγος
1465 443 1653 478 ὖπομνησθείη
1666 443 1779 478 ῖἜσχά-

993 497 1039 523 ραι
1054 489 1140 523 πυρὸς
1160 489 1229 520 ἐκεῖ,
1252 489 1302 516 οὐκ
1322 484 1431 524 ἀθρόον
1443 489 1488 516 τὸν
1513 491 1596 526 μόρον
1615 491 1779 524 ἐπάγουσαι,

991 533 1083 568 ἠρέμα
1097 534 1119 560 δ’
1135 533 1289 566 ὲξοπτῶσαι
1305 535 1335 561 τὸ
1358 533 1519 571 καταϐραχὺ
1541 535 1651 570 μακρὰν
1667 535 1780 569 ἐπάγειν

990 580 1041 615 τὴν
1057 580 1191 615 τιμωρίαν
1202 599 1209 612 ,
1229 581 1276 607 καὶ
1291 580 1377 613 δεξιαὶ
1390 581 1412 607 δ’
1423 581 1540 616 ἐκεῖσεῆ
1559 581 1656 608 θᾶττον
1673 581 1780 616 σφοδρῷ

993 627 1058 662 πυρὶ
1073 627 1244 661 καθιέμεναι,
1261 627 1278 662 ἦ
1293 627 1347 654 τῶν
1363 627 1467 661 ἐναγῶν
1485 627 1586 654 θυσιῶν
1600 627 1779 662 καθαπτόμεσ

992 683 1047 702 ναι.
1064 672 1115 700 *Ων
1129 674 1159 709 δή
1174 682 1246 705 τινες
1269 674 1331 709 μηδ’
1348 675 1388 705 εἰς
1417 675 1513 708 πεῖραν
1531 674 1610 708 ἥκειν
1631 673 1779 704 ἐθέλοντες.

993 719 1095 747 ἄνωθεν
1114 719 1143 751 ἐξ
1155 719 1287 754 ὑπερῴων
1309 719 1422 751 ἑαυτοὺς
1438 719 1649 754 κατηκόντισαν,
1665 718 1712 745 τοῦ
1731 720 1781 753 μόο

994 775 1042 801 ρον
1062 766 1157 793 θᾶττον
1180 767 1273 801 τυχεῖν
1294 765 1442 801 ἐφιέμενοι,
1458 765 1542 800 πρινὴ
1563 765 1617 792 τῶν
1640 765 1780 791 δυσσεὸὦν

993 813 1093 840 ἁλῶναι
1107 813 1167 844 ταῖς
1188 813 1302 845 πάγαις.
1317 811 1442 846 Φρικώδη
1456 811 1484 837 δὲ
1498 811 1547 837 καὶ
1565 811 1663 842 ἀκοαῖς
1679 811 1780 846 ἥκιστα

993 858 1099 893 φορητὰ
1115 858 1184 884 κατὰ
1199 858 1298 883 Πόντον
1311 857 1431 892 ἔπασχον
1448 856 1536 891 ἕτεροι
1547 866 1554 873 ·
1569 853 1607 883 ὢν
1620 857 1644 883 οί
1662 857 1713 891 μὶν
1730 865 1781 883 κα-

994 904 1088 938 λάμοις
1105 904 1176 930 κατὰ
1190 903 1244 930 τῶν
1263 903 1356 938 ἄκρων
1371 903 1512 929 δακτύλων
1526 903 1589 934 τοὺς
1609 903 1709 938 δνυχας
1726 902 1781 929 διε·

993 951 1118 985 πείροντο
1131 958 1138 966 -
1152 948 1221 985 ἦσαν
1239 950 1260 976 δ’
1272 950 1296 976 οἳ
1311 949 1436 983 μόλιϐδον
1450 949 1612 976 διατακέντα
1627 950 1706 984 πυρὶ,
1720 950 1782 975 πίας

994 1005 1043 1024 σαν
1056 1005 1085 1023 τε
1096 995 1286 1030 καχλάζουσαν
1299 997 1355 1027 τοῖς
1368 995 1550 1031 μεταφρένοις
1567 995 1702 1031 ἐδέχοντο.
1716 995 1782 1022 Ἀλ-

992 1044 1033 1070 λοι
1048 1044 1103 1075 τοῖς
1119 1043 1285 1078 ἀπορρήτοις
1312 1041 1367 1068 τῶν
1394 1042 1483 1076 μελῶν
1500 1041 1618 1076 αἰσχράς
1640 1049 1717 1073 τινας
1735 1042 1783 1067 καὶ

992 1089 1092 1124 ἥκιστα
1105 1089 1177 1124 λόγῳ
1192 1089 1277 1124 ῥητὰς
1291 1087 1437 1123 συμφορὰς
1454 1087 1628 1121 διαφέροντες
1644 1085 1716 1121 ἦσαν
1729 1096 1736 1102 ·
1748 1087 1783 1119 ἃς

993 1135 1017 1160 οἱ
1030 1135 1149 1168 γενναῖοι
1163 1133 1302 1167 διαιτηταὶ
1323 1132 1461 1167 φιλοσόφῳ
1481 1132 1621 1167 φιλοτιμίᾳ
1638 1132 1711 1158 κατὰ
1723 1131 1777 1158 τῶν

994 1180 1160 1216 καινοτέρων
1188 1179 1327 1206 κολάσεων
1354 1179 1515 1214 περιουσίαν
1535 1178 1597 1205 τινὰ
1627 1178 1778 1213 καρτερίας

994 1228 1190 1259 ἐπεδείκνυντο,
1214 1227 1331 1261 ἅμιλλαν
1345 1227 1396 1252 οὐκ
1412 1225 1512 1260 ἀγεννῆ
1529 1225 1706 1257 συνιστάντες
1721 1226 1780 1257 τοῖς

995 1272 1096 1302 καινοῖς
1111 1270 1248 1305 βραϐείοις
1261 1270 1316 1297 τῶν
1330 1270 1436 1305 ἀτίμων
1452 1270 1605 1305 τιμωριῶν.
1629 1270 1674 1302 Ὧς
1689 1269 1717 1296 δὲ
1732 1269 1782 1305 μό-

994 1317 1036 1348 λις
1049 1316 1232 1350 ἀπειρηκότες
1246 1314 1316 1352 ἦσαν
1329 1317 1354 1342 οἱ
1366 1317 1461 1344 καινοὶ
1475 1317 1529 1343 τῶν
1542 1317 1684 1343 κολάσεων
1700 1325 1783 1343 σπου-

994 1362 1101 1395 δασταὶ,
1115 1363 1267 1394 κτείνοντές
1277 1371 1306 1388 τε
1326 1361 1479 1397 ἀπέκαμον,
1493 1362 1740 1397 ὑπερεπίμπλαντό
1752 1370 1784 1388 τε

968 1432 972 1440 ,
995 1410 1035 1441 εἰς
1058 1410 1138 1444 κάρον
1153 1410 1208 1440 τοῖς
1227 1408 1368 1444 ἐκρέουσον
1392 1410 1497 1444 ὀχετοῖς
1511 1409 1567 1436 τῶν
1579 1409 1718 1445 αῐμάτων,
1736 1410 1784 1435 ἐπὶ

995 1455 1167 1489 χρηστότητα
1180 1454 1261 1488 δῆοεν
1278 1454 1473 1489 κεχρωσμένην
1487 1455 1607 1488 ἐχώρουν
1618 1461 1626 1468 ·
1638 1454 1676 1486 ὡς
1690 1453 1724 1481 ἃν
1744 1454 1784 1488 μὴ

996 1499 1098 1526 δοκοῖεν
1120 1499 1160 1526 ἔτι
1182 1499 1243 1526 καθ’
1259 1500 1338 1535 ἡμῶν
1354 1501 1388 1526 τὰ
1403 1500 1478 1526 δεινὰ
1501 1500 1633 1536 πράττειν
1645 1508 1652 1516 ·
1672 1500 1711 1535 μὴ
1725 1500 1784 1526 δεῖν

164 1551 245 1579 quam
272 1549 340 1570 vero
368 1540 433 1568 victi
458 1539 619 1566 immanium
647 1542 849 1565 tormentorum
880 1544 906 1563 nt

1044 1554 1050 1571 λ
1065 1544 1134 1573 εἷναι
1146 1547 1289 1581 ὁμοφύλων
1302 1547 1400 1582 αῐμασι
1417 1547 1536 1582 μιαίνειν
1550 1548 1600 1579 τὰς
1616 1547 1709 1579 πόλεις
1726 1547 1786 1574 ελε-

165 1589 283 1616 artillees
305 1586 482 1620 cladibusque
504 1584 611 1619 fatigati
635 1589 710 1615 sunt,
731 1583 873 1617 adimpleti
888 1582 944 1617 jam

164 1636 198 1662 ad
221 1635 375 1662 satietatem
394 1637 481 1666 usque
496 1632 663 1658 torrentium
677 1630 773 1661 instar,
792 1627 945 1663 proﬂuente

168 1685 318 1715 martyrum
345 1678 490 1713 sanguine,
513 1677 623 1704 tandem
648 1675 681 1702 ad
707 1674 897 1702 adumbratam
918 1678 946 1701 et

167 1728 286 1754 l‘ncatam
305 1724 458 1752 bonitatem
476 1728 540 1750 sunt
556 1721 693 1753 conversi,
717 1726 746 1747 ut
765 1719 873 1746 scilicet
887 1726 946 1745 atu-

167 1775 239 1809 plius
255 1776 311 1798 tam
331 1770 519 1798 inhumaniter
535 1773 617 1803 atque
637 1766 786 1794 crudeliter
801 1765 946 1792 nobiscutn

166 1827 245 1855 agere
259 1824 312 1845 nou
326 1817 497 1844 viderentur.
514 1814 596 1851 454
610 1813 670 1842 Νοιι
684 1813 757 1840 enim
774 1811 946 1847 populariunt

166 1872 265 1893 cruore
280 1864 407 1892 civitates
423 1861 618 1893 contaminari,
637 1866 728 1895 neque
744 1857 946 1886 inhumanitate

168 1914 366 1945 imperatorum
393 1908 593 1943 benignitatem
620 1906 766 1934 calumniis
791 1905 876 1940 objici
899 1904 947 1931 de-

165 1958 242 1988 bere,
263 1956 311 1983 sed
334 1955 425 1990 potius
442 1953 596 1989 imperialis
612 1951 757 1988 potestatis
779 1951 946 1979 benevolen-

166 2004 231 2030 tiam
248 2007 330 2037 atque
347 2002 526 2029 clementiam
538 2001 565 2028 in
585 2000 729 2027 Universos
744 1998 946 2027 extendendan

165 2058 227 2077 esse
245 2049 386 2077 dicebant.
403 2048 579 2083 Quapropter
601 2047 691 2074 cdicto
709 2051 820 2074 caututn
839 2051 893 2078 est,
913 2053 947 2072 ne

165 2096 317 2122 Christiani
348 2094 409 2122 neci
436 2094 603 2121 dederentur
628 2101 636 2120 :
663 2092 738 2127 quod
767 2092 884 2127 perinde
919 2092 946 2119 id

165 2146 248 2172 esSet,
263 2148 345 2174 atque
361 2141 383 2167 si
397 2140 485 2174 ptenis
501 2138 702 2174 suppliciisque
719 2139 818 2166 modus
830 2138 947 2173 ﬁnisque

167 2189 364 2221 imponeretur.
379 2185 547 2220 ltnperatunt
560 2191 637 2217 vero,
651 2189 682 2211 ut
697 2184 769 2211 oculi
788 2184 947 2212 hominibus

996 1601 1056 1627 γον,
1082 1592 1144 1627 μηδ’
1163 1593 1346 1629 ἀπανθρωπίᾳ
1368 1594 1417 1629 τὴν
1435 1593 1489 1620 τῶν
1506 1594 1683 1630 κρατούντων
1704 1594 1787 1628 nipt-

997 1647 1069 1666 νειαν
1083 1637 1236 1665 διαΰάλλειν
1247 1647 1255 1654 ·
1275 1639 1304 1665 τὸ
1318 1639 1346 1665 δὲ
1358 1639 1449 1673 πρᾶον
1463 1639 1512 1666 καὶ
1528 1638 1723 1674 φιλάνθρωπον
1733 1638 1786 1672 τῆς

997 1684 1138 1722 βασιλικῆς
1162 1684 1286 1716 ἐξουσίας
1311 1685 1358 1710 ἐπὶ
1383 1684 1488 1715 πάντας
1517 1683 1689 1711 ἐκτείνεσθαι
1717 1683 1785 1711 δεῖν.

999 1731 1080 1758 Ὅθεν
1106 1730 1233 1757 ἐκέλευον
1255 1731 1292 1766 μὴ
1320 1729 1429 1765 θανάτῳ
1445 1730 1518 1756 λύειν
1537 1730 1629 1765 ἡμᾶς·
1656 1730 1714 1756 [σον
1731 1730 1788 1765 γὰρ

997 1775 1067 1804 εἶναι
1078 1776 1180 1804 καὶτοῦ
1195 1776 1377 1812 τιμωρεῖσθαι
1393 1776 1563 1803 πεπαῦσθαι.
1576 1776 1675 1803 Ἔνθεν
1687 1776 1787 1802 τοικαὶ

997 1821 1188 1857 ἐξορύττεσθαι
1204 1822 1253 1857 μὲν
1268 1820 1434 1857 ὀφθαλμοὺς,
1449 1821 1563 1857 θάτερον
1575 1821 1602 1848 δὲ
1616 1821 1686 1848 πόδα
1699 1828 1789 1856 προσ·

996 1868 1172 1903 αφαιρεῐσθαι
1195 1869 1389 1902 προσέταττον.
1419 1867 1497 1895 Οὕτω
1525 1868 1579 1902 γὰρ
1600 1864 1673 1894 εἶναι
1693 1868 1788 1898 αὐτοῖς

999 1914 1183 1948 ἀπάνθρωπον
1205 1913 1237 1940 τὸ
1259 1914 1450 1948 φιλάνθρωπον
1475 1914 1522 1941 καὶ
1551 1913 1619 1949 πρὸς
1649 1913 1789 1949 τιμωρίαν

998 1960 1158 1995 πραότερον.
1167 1960 1210 1991 Ὠς
1219 1960 1378 1994 συμὸαίνειν
1386 1960 1429 1986 διὰ
1435 1960 1537 1994 ταύτην
1546 1959 1593 1994 τὴν
1599 1959 1789 1994 ἀπάνθρωπον

999 2005 1204 2040 φιλανθρωπίαν
1221 2006 1274 2032 τῶν
1285 2005 1392 2032 ὰσεὸῶν
1407 2005 1501 2040 μηκέτ’
1517 2002 1571 2031 οἶόν
1584 2013 1613 2031 τε
1625 2003 1698 2032 εἶναι
1709 2005 1790 2038 λόγον

998 2051 1146 2083 διαλαϐεῖν,
1160 2051 1217 2077 ὅσοι
1232 2052 1280 2086 μὲν
1291 2052 1353 2083 τοὺς
1362 2051 1416 2078 τῶν
1429 2050 1578 2086 ὀφθαλμῶν
1591 2050 1698 2087 δεξιοὶς
1715 2050 1789 2085 ξίφει

999 2097 1136 2132 πρότερον
1156 2097 1332 2129 ἐκκοπέντες,
1358 2098 1454 2123 ἔπειτα
1472 2097 1527 2132 πῦρ
1546 2096 1616 2123 κατὰ
1633 2096 1685 2131 τῆς
1699 2096 1787 2131 τομῆς

998 2142 1193 2177 εἰσδεξάμενοι,
1206 2142 1376 2178 πλανώμενοι
1386 2143 1549 2178 περιῄεσαν
1561 2143 1609 2169 καὶ
1619 2143 1679 2169 ὅσοι
1690 2142 1724 2178 δὴ
1734 2142 1788 2169 τῶν

998 2188 1086 2214 ποδῶν
1108 2189 1170 2219 τοὺς
1187 2188 1277 2219 λαιοὺς
1295 2189 1413 2223 καυτῆρι
1433 2189 1515 2224 βιαίῳ
1538 2190 1722 2224 χρησάμενοι,
1749 2189 1788 2220 ὡς

168 2232 271 2260 nostris
290 2231 488 2262 cﬁ'oderentur,
505 2235 533 2258 ct
554 2230 655 2264 pedum
680 2229 750 2256 alter
773 2229 910 2256 abscindet

1045 2234 1081 2265 lo,
1097 2234 1206 2260 ἐτώσιον
1219 2232 1300 2269 ἦσαν,
1316 2235 1420 2266 τούτοις
1430 2237 1624 2270 ἐπισυρόμενοι
1637 2243 1644 2250 ·
1662 2234 1726 2263 εἶτα
1742 2236 1787 2263 καὶ

167 2285 223 2306 tur.
238 2279 276 2305 lta
295 2278 369 2305 enittt
385 2277 453 2309 fore,
470 2281 500 2303 ut
523 2275 710 2303 inhumanitas
723 2275 781 2309 ipsa
803 2275 948 2302 humanior

166 2330 195 2351 et
219 2323 254 2350 ad
281 2322 429 2350 vindictam
458 2322 545 2348 lenior
575 2327 636 2347 esse
662 2319 811 2346 videretur.
836 2319 948 2346 Factum

168 2375 234 2395 sane
262 2375 312 2402 per
339 2366 509 2401 ejuscemodi
536 2366 685 2392 humanam
721 2365 949 2392 inhumanitatcm

170 2414 318 2448 ttnpiorum
334 2412 489 2446 hominum,
507 2417 536 2439 ut
551 2413 607 2446 jam
623 2411 715 2438 verbis
729 2411 875 2447 complecti
892 2419 948 2439 non

168 2462 215 2491 sit,
229 2463 332 2493 quanta
346 2459 494 2486 multitudo
504 2466 601 2486 eorum
614 2458 716 2493 quibus
728 2458 816 2485 dextri
829 2458 948 2493 primum

1004 2282 1059 2312 τοῖς
1076 2280 1133 2306 κατ’
1148 2281 1282 2315 ἐπαρχίαν
1298 2281 1438 2316 μετάλλοις
1453 2282 1484 2308 ού
1493 2282 1589 2316 χρείας
1605 2281 1684 2308 ἕνεκα
1698 2283 1786 2315 τόσον,

1003 2325 1041 2357 ὠς
1062 2325 1094 2360 δὴ
1118 2326 1267 2357 κακώσεως
1290 2328 1338 2353 καὶ
1352 2327 1552 2362 ταλαιπωρίας,
1575 2327 1788 2360 κατεδικάζοντο

1003 2370 1189 2405 ἀπηνέστερον
1201 2378 1207 2384 ·
1224 2371 1298 2397 ἄλλοι
1314 2371 1342 2398 δὲ
1356 2371 1444 2403 ἄλλως
1458 2372 1652 2407 διεκαρτέρουν
1662 2381 1670 2389 ·
1684 2373 1704 2400 ἃ.
1721 2373 1787 2408 μηδὲ

1005 2415 1095 2449 λέγειν
1117 2416 1207 2450 ῥᾴδιον
1220 2424 1228 2431 ·
1244 2417 1341 2443 νικῶσι
1359 2417 1413 2452 γὰρ
1428 2418 1518 2445 πάντα
1532 2418 1610 2452 λόγον
1627 2419 1663 2446 τὰ
1676 2419 1788 2446 ἐκείνων

1003 2461 1187 2496 παλαίσματα.

170 2507 245 2536 oculi
274 2507 348 2536 ferro
378 2508 463 2535 excisi
501 2513 576 2539 sunt,
600 2507 700 2534 deinde
726 2507 797 2541 ignis
819 2506 847 2532 in
872 2507 971 2535 vulnus
990 2508 1079 2544 ipsutn
1104 2510 1232 2544 injectus,
1257 2512 1341 2539 veluti
1368 2512 1522 2540 errabunda
1565 2512 1631 2540 hinc
1650 2512 1715 2540 inde
1737 2512 1790 2539 cir-

171 2557 302 2584 cumierit
325 2566 332 2583 :
353 2561 400 2584 aut
419 2561 519 2592 qttattta
539 2557 581 2583 vis
598 2556 681 2584 fuerit
704 2563 800 2583 eorum
819 2556 865 2591 qui
899 2556 1028 2585 sinistros
1063 2559 1147 2594 pedes
1180 2560 1267 2595 iguito
1299 2561 1372 2589 ferro
1388 2561 1534 2589 violentius
1548 2561 1651 2594 adusti,
1668 2569 1718 2590 eos
1728 2567 1790 2597 post

171 2613 200 2632 se
220 2604 374 2639 trahebant,
389 2606 466 2641 quasi
486 2605 593 2633 telluris
611 2605 709 2632 inutile
729 2605 838 2640 pondus
857 2605 920 2633 facti
939 2615 946 2634 :
969 2612 1101 2642 praeterea
1127 2615 1235 2641 eorum,
1249 2609 1297 2644 qui
1327 2609 1556 2636 inhumanissima
1568 2616 1618 2644 per
1631 2610 1813 2644 provinciasx

170 2651 204 2678 ad
223 2652 342 2685 metalla,
359 2661 412 2680 non
436 2653 474 2680 illi
491 2653 603 2688 quidem
626 2653 799 2680 necessitatis
823 2657 871 2680 aut
886 2662 953 2681 usus
973 2654 1087 2690 alicujus
1120 2656 1221 2691 gratia,
1241 2656 1291 2684 sed
1309 2661 1339 2684 ut
1375 2656 1413 2684 ibi
1430 2658 1545 2684 summis
1558 2657 1693 2684 aerumnis
1706 2663 1790 2685 vexa-

171 2703 285 2731 rentur,
312 2704 377 2726 sunt
407 2700 538 2728 damnati.

160 2778 166 2792 l

183 2703 285 2753 Lentur,
312 2704 377 2726 sunt
407 2700 538 2728 damnati.
582 2700 636 2727 Alii
660 2707 746 2735 porro
790 2700 870 2728 aliter
895 2701 989 2729 alllieti
1010 2702 1197 2736 perdurarunt
1222 2712 1229 2731 :
1253 2711 1324 2739 quos
1349 2703 1470 2738 referre,
1497 2704 1566 2740 quia-
1587 2705 1671 2732 lucta:
1702 2710 1789 2733 certa-

171 2750 315 2782 tionesque
346 2755 442 2776 eorum
473 2755 582 2776 omnem
612 2753 743 2784 superant
775 2750 950 2784 orationem,
972 2758 1104 2786 perquam
1119 2755 1161 2779 est
1176 2751 1298 2780 dillicile.
