1880 3063
164 136 227 166 1931

769 118 982 159 NICEPIIORI
1004 127 1175 157 CALLlSTl

1708 123 1717 153 1
1727 124 1778 154 ῘὩ

161 201 218 219 rem
239 190 375 225 dispicere
399 187 536 215 convenit.
557 186 587 212 Et
604 186 625 213 si
643 185 808 220 permissum
828 193 883 212 non
902 189 943 211 est

1000 194 1042 212 νυν
1061 185 1105 211 τὸν
1130 184 1193 211 νοῦν
1219 182 1425 219 παριστάνουσα
1449 181 1604 218 ὲῤῥωμένον
1619 182 1652 215 τῇ
1675 181 1777 210 πίστει,

162 244 191 265 ιιι
208 243 355 270 utrumque
371 234 504 264 retineas,
522 237 550 259 tit
567 233 661 258 saltent
679 231 799 258 animam
817 231 941 258 ineonta-

161 284 293 310 minatam
318 287 475 312 conserves,
493 278 648 305 laciendum
671 277 719 304 libi
735 284 796 306 esse
812 276 894 308 duco,
914 281 943 304 ut

162 329 269 355 scilicet
292 331 383 354 mente
405 326 462 360 ipsa
479 331 527 359 per
548 323 628 350 [idem
646 322 817 355 conﬁrmata,
833 329 943 349 carnem

163 374 273 409 injuriis
303 378 330 400 et
357 369 533 399 contumeliis
566 368 755 403 improborum
790 368 942 402 permittas.

161 420 283 449 Consilio
299 419 348 446 viri
370 418 430 451 ejus
450 417 571 452 cognito,
587 415 677 442 animo
699 415 850 442 etiamnum
864 412 946 448 456

164 470 191 496 in
214 472 360 500 utramque
381 469 485 499 partem
509 462 669 494 ﬂuctuante,
690 460 855 495 tandemque
871 467 900 486 se
916 463 945 485 ut

163 519 300 547 ntrttnque
321 511 426 538 salvum
452 509 585 536 retineret
609 507 800 539 conﬁrmante,
819 513 875 540 quo
897 504 946 532 ab-

164 560 317 587 ducebatur
334 557 471 591 sequitur.
487 556 575 590 Atque
596 555 642 581 ubi
665 554 721 589 jam
744 554 772 580 in
789 552 885 579 eodem
903 555 944 579 est

163 605 286 633 conclavi
306 611 368 631 cum
392 602 517 636 itnprobo
531 601 633 635 juvene
649 599 752 630 clausa,
768 598 866 625 techna
881 605 946 631 qua-

163 654 224 679 dam
240 651 316 677 illum
333 647 517 675 circumvenit
533 646 581 681 (l).
597 644 751 672 Veneﬁcam
766 650 794 670 se
808 649 867 670 esse
880 650 944 676 pro-

163 698 267 728 litetur,
283 693 494 726 mercedemque
518 691 655 724 ingentem
677 691 847 715 conservatae
867 686 945 721 pudi-

162 742 233 769 citia:
259 740 414 775 pollicetur.
435 744 495 772 qua:
519 743 581 762 cuin
612 742 626 761 a
658 738 746 760 morte
775 735 944 759 conservet:

163 787 341 821 pharmacum
364 781 479 812 scilicet,
497 780 613 815 quojlle
632 782 791 814 perunctus,
813 777 840 803 in
859 776 944 803 bel10<

165 839 225 858 rum
241 828 438 857 certaminibus
453 832 481 853 et
499 825 598 861 praliis
614 825 689 851 nullo
703 830 815 858 prorsus
831 821 883 848 telo
899 825 946 848 aut

164 879 241 905 ferro
260 876 356 904 violari
378 879 425 902 aut
450 874 548 901 conﬁci
567 876 669 908 posset.
691 870 770 904 Quod
793 869 816 897 si
842 869 876 896 de
898 868 944 895 tali

167 923 298 955 remedio,
320 922 420 956 inquit,
445 920 599 955 perieulum
624 911 713 945 facere
737 917 789 947 vis,
816 915 890 942 illico
918 913 945 940 id

166 969 214 996 tibi
233 968 378 995 manifesto
395 965 541 994 exhibebo.
563 965 607 991 lllc
625 964 653 991 id
670 963 760 990 statim
777 961 866 996 parari
884 968 946 995 pcr-

166 1014 260 1041 mittit.
274 1013 344 1040 Tum
362 1013 406 1039 illa
426 1019 488 1038 vere
507 1010 627 1045 sapiens,
643 1016 733 1036 ceram
753 1008 814 1034 oleo
829 1005 945 1040 liquefa-

165 1067 248 1091 ctam,
266 1059 448 1092 manibusque
463 1057 605 1083 subactam
619 1054 688 1082 collo
701 1061 750 1080 suo
767 1051 944 1080 circumcirca

166 1108 301 1140 inungens
316 1103 406 1137 _illinit
423 1111 429 1129 :
446 1101 520 1136 qttod
548 1100 594 1127 ubi
618 1099 742 1134 perfecit,
763 1103 855 1133 petere
882 1104 944 1124 cum

162 1151 286 1186 jugulum
307 1157 386 1176 suum
405 1155 470 1175 ense
489 1146 590 1181 quibus
610 1149 701 1181 posset
717 1145 821 1171 viribus
835 1143 943 1173 adacto,

164 1195 335 1230 remediique
357 1195 415 1229 ejus
433 1194 488 1220 vim
508 1197 534 1219 et
558 1192 705 1219 ell’teaciam
722 1189 841 1224 experiri
855 1188 944 1223 jubet.

163 1243 252 1275 Atque
272 1241 316 1267 ille
333 1248 413 1274 quant
436 1238 525 1274 potuit
541 1237 709 1265 validissime
725 1243 818 1264 ensem
841 1236 867 1261 in
885 1241 945 1262 eam

164 1288 286 1319 demisit,
302 1294 333 1313 ac
350 1286 459 1312 beatum
477 1285 551 1312 illius
568 1288 649 1318 caput
666 1283 722 1310 ictu
742 1289 797 1309 uno
816 1280 946 1308 reseeu'tt.

163 1333 350 1361 Consimiliter
367 1332 431 1359 huic
447 1332 522 1366 virgo
541 1330 595 1357 alia
617 1329 774 1357 libidinosis
789 1327 822 1355 ad
839 1334 945 1362 turpem

164 1379 341 1406 toncubitum
368 1379 441 1409 data,
460 1377 494 1403 ad
517 1384 576 1403 eain
603 1374 788 1405 venientibus,
806 1373 946 1408 putridum

163 1424 409 1458 contagiosumque
425 1422 504 1448 ulcus
519 1429 548 1448 se
562 1421 588 1447 in
606 1420 686 1447 tectis
706 1419 837 1446 membris
856 1418 947 1445 occul-

164 1472 253 1503 tisque
271 1468 339 1495 locis
354 1468 453 1494 ltabcre
467 1467 538 1493 dixit
554 1475 561 1493 :
577 1466 752 1500 eosdemque,
767 1470 797 1492 ut
812 1465 862 1492 sibi
880 1465 946 1499 ipsis

993 231 1043 266 τὴν
1065 232 1156 266 σάρκα
1180 229 1365 265 ὑϐριζομένην
1390 229 1447 263 ὲᾷν.
1475 228 1551 254 Ἐπεὶ
1576 226 1623 253 οὖν
1651 227 1722 260 ἔγνω
1749 228 1779 252 το

994 276 1151 312 εἰρημένον,
1167 275 1342 311 ἀμφίρροπος
1358 266 1427 300 οὖσα
1442 273 1489 300 τὸν
1506 273 1579 305 νοῦν,
1595 272 1645 308 τὴν
1665 280 1777 307 προκει-

997 323 1081 357 μένην
1103 321 1238 353 ἐϐάδιζεν,
1256 321 1389 355 ὁπότερον
1414 319 1522 346 ἑλέσθαι
1544 319 1778 354 διισχυριζομένη.

1000 368 1046 399 Ὠς
1060 366 1107 393 οὖν
1131 368 1170 398 είς
1192 365 1276 393 ταυτδ
1294 365 1474 399 συνεκλείσθη
1492 365 1531 399 τῷ
1552 364 1679 399 ὑῦριστῇ,
1698 363 1779 398 τέχνῃ

994 414 1026 448 δή
1045 421 1099 440 τινι
1115 412 1210 439 τοῦτον
1231 410 1456 445 κατασοφίζεταν
1471 410 1614 445 φαρμακὶς
1635 410 1690 444 γὰρ
1709 407 1778 436 εἶναι

995 458 1166 494 διωμολόγει·
1177 458 1224 484 καὶ
1236 457 1332 491 μισθὸν
1340 457 1390 491 τῆς
1401 455 1515 486 ἀσυλίας
1523 455 1672 490 φάρμακον
1683 455 1780 489 ἐκείνῳ

996 506 1149 540 παρασχεῖν
1163 504 1330 539 ὑπισχνεῖτο,
1351 503 1381 529 τδ
1397 503 1435 538 μὴ
1456 503 1584 538 θνήσκειν
1598 502 1664 528 ποτέ
1682 502 1780 536 προξε-

996 552 1069 579 νοῦν·
1084 548 1105 585 ᾦ
1119 551 1283 586 χρισάμενον
1302 551 1331 576 ἐν
1347 551 1406 580 ταῖς
1429 550 1483 575 τῶν
1496 549 1623 583 πολέμων
1640 549 1779 583 ἁμίλλαις,

996 598 1132 625 ἀνάλωτον
1148 598 1317 632 παραμεῖναι
1335 596 1447 631 σιδήρῳ.
1463 595 1492 622 El
1505 594 1535 621 δέ
1554 603 1586 629 γε
1606 595 1654 621 καὶ
1671 596 1780 629 πεῖραν,

996 644 1074 678 φησὶ,
1089 643 1136 669 τοῦ
1156 642 1303 677 λεγομένου
1326 642 1486 668 κατιδέσθαι
1504 641 1604 675 βούλει,
1626 641 1729 667 αὐτίκα
1749 640 1781 673 δή

997 698 1038 716 σοι
1052 689 1163 724 παρέξω
1179 689 1252 723 μάλα
1264 688 1405 723 λαμπράν.
1418 687 1474 714 Καὶ
1486 687 1515 718 ὃς
1527 687 1628 713 αὐτίκα
1645 687 1781 720 ἐπέτρεπε

997 735 1143 766 σκευάζειν
1156 735 1186 761 τδ
1200 735 1355 770 φάρμακον.
1372 733 1403 761 Ἦ
1419 734 1447 760 δέ
1460 734 1529 768 σοφὴ
1545 734 1585 768 τῷ
1601 733 1659 760 δντι
1677 734 1781 768 ἐκείνη.

996 781 1081 816 κηρὸν
1095 780 1175 815 ἐλαίῳ
1192 781 1356 815 συντήξασα,
1373 781 1434 811 ταῖς
1457 779 1535 814 χερσὶ
1560 779 1780 814 κατεμάλασσεν·

997 823 1056 851 εἶτα
1074 826 1181 852 καὶτὸν
1196 825 1300 860 αὐχένα
1318 825 1425 859 ἐκείνης
1443 824 1601 860 περικύκλῳ
1617 825 1714 859 ἤλειφε
1733 832 1784 850 και

996 869 1206 904 ταχριουσα.¹Ως
1229 869 1257 895 δὲ
1273 869 1361 904 πέρας
1381 867 1456 904 εἶχεν
1471 870 1540 904 αὐτῇ
1562 870 1578 904 ἡ
1594 870 1713 902 ἐπίνοια,
1731 877 1782 894 πα-

996 917 1108 943 τάσσειν
1132 915 1169 946 ὡς
1184 912 1240 949 εἶχε
1256 915 1294 950 τῷ
1310 915 1381 950 ξίφει
1398 915 1443 941 τὸν
1467 915 1576 949 ἐκείνης
1593 915 1696 949 αὐχένα
1720 917 1780 943 ἐπέ-

996 970 1093 988 sane;
1118 961 1173 995 ὅση
1192 961 1317 996 δύναμις,
1334 961 1387 988 ¹*καὶ
1412 959 1462 996 τὴν
1492 961 1570 996 ἰσχὺν
1589 961 1717 988 ἐντεῦθεν
1733 963 1782 989 τοῦ

997 1008 1143 1043 φαρμάκου
1158 1007 1316 1042 πειρᾶσθαι.
1335 1007 1364 1033 '0
1377 1007 1405 1034 δὲ
1428 1008 1527 1043 χειρῶν
1545 1008 1582 1039 ὠς
1604 1006 1681 1043 εῖχεν
1696 1009 1782 1044 ερρω-

999 1055 1087 1089 μένως
1110 1054 1183 1088 μάλα
1209 1054 1238 1079 τὸ
1259 1053 1334 1088 ξίφος
1357 1053 1542 1086 κατενεγκὼν,
1568 1054 1620 1088 τὴν
1645 1055 1782 1090 μακαρίαν

997 1101 1104 1136 ἐκείνης
1130 1100 1252 1134 ἀπέτεμε
1278 1099 1412 1133 κεφαλήν.
1443 1099 1558 1133 Ἐπίσης
1580 1100 1609 1126 δὲ
1638 1101 1710 1136 αὐτῇ
1737 1101 1782 1127 καὶ

998 1146 1066 1180 ἄλλη
1087 1146 1223 1181 παρθένος
1244 1147 1311 1181 προς
1334 1145 1450 1180 αίσχρὰν
1471 1145 1545 1181 μίξιν
1565 1146 1710 1174 ἐκδοθεῖσα
1725 1148 1781 1179 τοῖς

998 1193 1169 1225 ἀκολάστοις,
1187 1194 1242 1225 τοῖς
1265 1191 1398 1219 εἰσιοῦσιν
1421 1192 1496 1226 ἔλεγε
1524 1193 1661 1227 σηπεδόνα
1687 1194 1782 1225 ἕλκους

998 1239 1098 1266 ἐνεῖναί
1117 1239 1143 1265 οἱ
1158 1240 1214 1270 τοῖς
1236 1238 1290 1264 τῶν
1306 1237 1397 1273 μελῶν
1415 1239 1594 1274 ἀπορρήτοις·
1616 1240 1664 1266 καί
1674 1248 1707 1274 γε
1723 1241 1783 1275 (θεί-

998 1285 1102 1315 δεσθαι,
1126 1284 1163 1320 μὴ
1183 1286 1215 1319 τῇ
1232 1284 1361 1319 συνουσίᾳ
1383 1284 1432 1319 τῆς
1456 1285 1533 1311 νόσου
1557 1285 1732 1320 μετάσχοιεν·
1753 1282 1794 1311 ἐν’

999 1331 1130 1366 μετεώρῳ
1147 1331 1174 1357 δὲ
1189 1331 1289 1366 θεμένη
1304 1331 1353 1366 τὴν
1370 1330 1454 1366 μίξιν,
1469 1331 1539 1366 μετὰ
1552 1331 1602 1367 τὴν
1613 1331 1712 1367 ἐντελῆ
1726 1332 1782 1364 ἕξιν

998 1377 1028 1403 τδ
1043 1378 1110 1411 πρὸς
1126 1377 1226 1412 βουλῆς
1241 1377 1278 1409 ὡς
1300 1377 1381 1412 τάχος
1397 1377 1517 1404 ἀνύσειν.
1532 1377 1612 1404 Οὕτω
1627 1378 1650 1405 δ’
1663 1378 1711 1406 οὖν
1726 1381 1782 1410 τοῖς

997 1423 1089 1456 λόγοις
1104 1423 1167 1454 τοὺς
1181 1423 1360 1458 παράφρονας
1382 1423 1503 1457 ἐραστὰς
1524 1424 1784 1460 ἀποϐουκολήσασσ,

998 1467 1200 1502 ἀπηλλάττετο,
1220 1467 1267 1493 τοῦ
1282 1467 1350 1493 Θεοῦ
1365 1468 1414 1502 τὴν
1430 1469 1609 1503 σωφροσύνην
1625 1469 1710 1504 τέχνῃ
1725 1470 1783 1496 8t:-

164 1518 325 1548 pareerent,
352 1521 386 1540 ne
413 1512 519 1539 scilicet
544 1511 745 1539 consuetudine
771 1518 888 1538 venerea
915 1517 943 1536 sc

1000 1514 1178 1549 ιηρήσαντος.
1195 1515 1249 1540 Καὶ
1273 1514 1327 1549 γάρ
1349 1523 1391 1546 τις
1413 1515 1554 1546 νεανίσκος
1572 1516 1667 1551 ἕτερος
1683 1517 1784 1543 ἀκολα-

163 1567 274 1594 qunqnc
293 1567 326 1586 eo
351 1559 422 1586 malo
445 1558 681 1590 contaminarent,
708 1557 831 1591 rogavit;
861 1556 945 1583 dilato

166 1604 229 1630 l‘a-di
250 1610 411 1638 congressus
432 1607 563 1638 tempore,
576 1610 657 1637 quam
678 1602 796 1637 pritnutn
813 1602 944 1636 integram

165 1650 351 1676 valetudinem
376 1654 577 1683 recuperasset,
597 1656 626 1676 se
648 1648 675 1675 in
698 1652 832 1682 potestate
849 1655 945 1674 eorum

166 1698 286 1722 l'uluram
305 1695 437 1729 pollicita.
457 1695 495 1721 Ad
519 1696 592 1722 hunc
615 1695 726 1722 modum
750 1694 853 1721 insanis
873 1701 946 1721 ama-

167 1741 273 1767 toribus
297 1741 431 1775 deccptis,
450 1742 521 1768 Deus
547 1740 706 1775 pudicitiam
733 1741 793 1775 ejus
818 1740 863 1766 tali
889 1745 946 1766 arte

165 1785 351 1818 conservavit,
366 1791 393 1813 ct
408 1793 436 1813 se
452 1786 497 1813 illa
514 1787 547 1813 :tb
564 1787 618 1813 illis
634 1786 762 1813 absolvit.
777 1786 855 1813 Alius
874 1787 946 1813 enim

165 1832 272 1865 juvenis
294 1831 418 1866 quidam,
436 1832 486 1859 sub
504 1832 627 1859 libidinis
652 1836 679 1859 et
702 1832 860 1867 petulantiae
882 1839 948 1866 prte-

166 1883 241 1906 texiu
270 1879 508 1906 meretricularum
534 1885 689 1906 curatorem
717 1879 842 1906 lenonem
869 1886 946 1906 acce-

167 1927 246 1957 deus,
265 1929 372 1951 noctem
390 1925 488 1959 puella:
504 1925 563 1959 ejus
581 1925 702 1959 quinqtte
719 1925 837 1952 nummis
857 1925 947 1952 aureis

167 1975 314 2004 mercatus,
336 1975 363 1997 et
386 1971 419 1997 ad
443 1979 502 1998 eam
523 1972 673 2005 ingressus,
697 1971 817 1998 tunicam
836 1972 946 2006 quidem

166 2018 224 2050 ipse
241 2025 317 2043 suam
335 2018 360 2043 ei
379 2017 482 2052 injecit,
499 2024 615 2052 eamque
638 2022 667 2044 ut
688 2017 798 2051 agnosci
814 2025 868 2044 non
885 2025 946 2051 pos-

164 2067 217 2093 ιοι,
235 2062 320 2096 probe
334 2068 488 2090 contectam
503 2063 578 2090 exire
590 2063 671 2098 jussit
686 2071 693 2093 ς
714 2062 772 2097 ipsc
790 2068 882 2090 autem
899 2070 942 2089 ve.

164 2107 253 2134 subus
273 2108 347 2135 illius
367 2110 491 2140 amictus,
509 2113 537 2135 et
555 2108 754 2143 deprehensus,
772 2108 870 2143 capitis
887 2115 946 2142 pm-

165 2160 227 2179 ttam
241 2153 327 2180 dedit.
346 2154 446 2180 Eodem
464 2160 587 2189 tempore
602 2159 709 2181 ascetes
723 2154 847 2188 quidam,
864 2154 946 2180 casti-

999 1561 1059 1587 σίαν
1091 1560 1340 1596 σχηματισαμενος,
1368 1560 1408 1595 τῷ
1426 1560 1482 1587 τῶν
1506 1561 1615 1596 πορνῶν
1647 1563 1783 1598 ἐπιστάτῃ

998 1606 1129 1641 προσιὼν,
1144 1607 1224 1633 πέντε
1233 1606 1371 1641 χρυσίνοις
1381 1607 1429 1642 τὴν
1442 1607 1562 1642 ἑσπέραν
1573 1607 1671 1634 ὠνεῖτο
1684 1617 1787 1643 συγκα-

999 1653 1129 1688 οευδῆσαι
1152 1655 1186 1687 τῇ
1211 1653 1289 1688 κόρη
1312 1653 1360 1679 καὶ
1379 1653 1428 1687 τῆς
1455 1654 1559 1680 εἰσόδου
1583 1654 1686 1689 τυχὼν,
1706 1663 1784 1689 περι-

999 1698 1092 1724 ϐάλλει
1117 1697 1167 1732 μὲν
1188 1698 1278 1733 ἐκείνῃ
1296 1698 1341 1724 τὸν
1357 1698 1530 1733 χιτωνίσκον,
1547 1699 1594 1725 καὶ
1614 1700 1725 1733 εὐφυῶς
1746 1700 1784 1731 ὡς

1000 1743 1037 1778 μὴ
1055 1745 1177 1777 φαίνοιτο
1193 1743 1379 1777 συγκαλύψας,
1399 1744 1554 1779 ἐπέτρεπεν
1574 1744 1686 1777 ἐξιέναι·
1705 1746 1785 1777 αὐτὸς

998 1788 1026 1814 δὲ
1041 1790 1075 1814 τὰ
1093 1790 1200 1823 ἐκείνης
1223 1790 1442 1824 ἀμφιασάμενος,
1467 1790 1529 1816 ἐπεὶ
1552 1790 1710 1824 διέγνωστο,
1734 1792 1784 1827 τὴν

1000 1835 1124 1870 κεφαλὴν
1146 1835 1293 1870 ἀφῃρεῖτο.
1308 1835 1363 1861 Καὶ
1388 1835 1511 1870 ἀσκητὴν
1535 1836 1564 1862 δέ
1587 1845 1649 1863 τινα
1664 1838 1711 1864 τδν
1729 1839 1784 1864 ίσον

999 1881 1093 1914 ἀγῶνα
1109 1881 1258 1914 διενεγκεῖν
1274 1881 1400 1915 τηνικάδε
1416 1882 1430 1907 ό
1446 1882 1524 1915 λόγος
1541 1881 1697 1917 ἱστόρησεν.
1707 1883 1785 1909 Ἐπεὶ

999 1928 1052 1962 γὰρ
1065 1926 1210 1961 ἀπώμοτος
1225 1924 1269 1962 ἦν,
1283 1927 1353 1962 μετὰ
1366 1926 1467 1963 πολλὴν
1480 1928 1528 1954 καὶ
1541 1929 1684 1963 ἀπείριτον
1700 1929 1786 1964 βάσα-

999 1978 1042 1996 νοι
1057 1971 1104 1997 ἐπὶ
1115 1971 1208 2006 κλίνης
1221 1971 1332 2006 ἥπλωτο
1346 1971 1469 2007 δέσμιος.
1485 1973 1557 2008 Γυνὴ
1575 1973 1603 1999 δὲ
1616 1973 1694 2009 σὺτῷ
1709 1975 1788 2001 ἀναι-

998 2017 1046 2050 δὴς
1064 2017 1236 2052 ἐπαφίετο·ἧ
1257 2017 1385 2051 φιλοῦσα,
1410 2019 1458 2046 καὶ
1481 2019 1530 2050 τὰς
1554 2021 1648 2055 χεῖρας
1672 2021 1786 2055 ἁναίδην

999 2062 1054 2093 τοῖς
1072 2061 1124 2087 τῶν
1144 2062 1233 2095 μελῶν
1248 2064 1415 2098 ἀπορρήτοις
1440 2066 1628 2100 προσάγουσα,
1650 2067 1720 2100 πρὸς
1737 2067 1786 2101 τὴν

1000 2109 1121 2142 ’πονηρὰν
1133 2110 1149 2143 ἡ
1166 2109 1277 2143 ἀναιδὴς
1292 2109 1392 2143 πρᾶξιν
1407 2110 1573 2144 ἐξεόιόιζετο,
1588 2112 1667 2138 οὐδέν
1686 2121 1712 2139 τι
1731 2114 1785 2140 τῶν

977 2171 982 2193 -_
1000 2154 1109 2180 ἀτόπων
1125 2155 1257 2189 πράττειν
1272 2156 1532 2190 παριλιμπάνουσα.
1543 2156 1572 2184 '0
1584 2157 1612 2183 δὲ
1627 2158 1664 2193 μή
1681 2167 1709 2185 τι
1721 2159 1785 2186 ἄλλο

165 2202 248 2225 latent
263 2203 290 2225 et
304 2199 419 2226 virtutes
434 2200 501 2227 alias
515 2188 567 2234 piis
580 2199 679 2227 studiis
692 2200 786 2226 sedulo
800 2200 943 2231 meditans,

1000 2198 1065 2233 δρᾷν
1088 2195 1166 2233 ἕχὲον,
1190 2198 1238 2233 τὴν
1267 2199 1335 2226 ίδίαν
1357 2196 1482 2228 ἐκδακῶν
1504 2202 1644 2235 γλῶσσαν,
1673 2205 1722 2230 καὶ
1748 2204 1785 2238 τῷ

162 2245 260 2279 :cquali
276 2245 427 2272 decertavit
440 2253 537 2280 agone.
556 2246 580 2272 ls
597 2253 658 2272 cum
675 2246 948 2281 expugnari'omnino

162 2300 217 2318 non
231 2291 374 2325 potuisset,
386 2292 544 2326 nullamque
555 2292 723 2318 advers-ariis
734 2292 861 2318 vincendi
871 2300 947 2327 spem

157 2337 330 2370 reliquisset,
345 2341 404 2370 post
420 2337 563 2363 innumera
579 2342 714 2363 torntcnla
730 2337 756 2363 in
772 2337 842 2364 lecto
854 2339 949 2364 vincu—

161 2383 196 2408 lis
213 2382 311 2415 ligatus
335 2382 493 2416 reponitur;
513 2387 540 2409 et
560 2383 658 2409 mulier
675 2383 811 2416 impudica
831 2383 863 2409 ad
884 2391 945 2410 cum

163 2427 335 2459 immittitur,
348 2436 407 2462 qua:
420 2429 496 2455 illum
508 2429 705 2463 complectens,
718 2429 880 2456 exosculans
893 2438 948 2456 nta-

164 2481 271 2508 nusque
287 2474 451 2508 ;petttlanter
473 2475 505 2502 ad
531 2475 653 2502 membra
674 2480 778 2502 secreta
802 2475 947 2507 adhibens,

161 2521 359 2555 procacissime
373 2521 406 2548 ad
421 2530 477 2548 rem
496 2522 631 2553 illicitam,
649 2522 717 2548 nihil
735 2528 849 2556 prorsus
864 2522 944 2549 lasci-

162 2567 212 2592 via:
227 2571 255 2592 et
271 2566 461 2594 illecebrarum
478 2568 699 2602 praetermittens,
715 2568 844 2595 concitat.
862 2566 943 2602 457

1001 2245 1104 2279 ἰσχυρῷ
1124 2245 1172 2271 τοῦ
1193 2245 1331 2280 δήγματος
1352 2247 1487 2280 ἐκτεμὼν,
1504 2248 1550 2273 καὶ
1576 2248 1679 2280 ἱκανῶς
1700 2249 1785 2284 αὐτὴν

999 2291 1268 2326 διαμασσησὰμενος,
1283 2292 1356 2318 κατὰ
1378 2292 1425 2318 τοῦ
1445 2293 1592 2328 προσώπου
1608 2293 1659 2328 τῆς
1678 2295 1785 2330 μαχλά-

999 2337 1043 2367 δος
1060 2337 1243 2370 προσέπτυσε.
1260 2338 1314 2364 Καὶ
1331 2338 1418 2370 οὕτως
1441 2339 1530 2374 ἑπυτῷ
1547 2340 1596 2374 μὲν
1613 2340 1715 2372 πόνους
1731 2342 1786 2375 δρι-

999 2385 1059 2417 μεῖς
1081 2384 1142 2409 ἀντὶ
1164 2384 1260 2418 ἡδονῆς
1276 2405 1283 2416 ,
1300 2386 1332 2419 τῇ
1350 2385 1462 2418 ἀσελγεῖ
1481 2385 1503 2411 δ’
1529 2386 1633 2421 ἐκείνῃ,
1653 2387 1785 2422 αἰσχύνην

997 2431 1043 2455 καὶ
1063 2430 1195 2464 ἔκπληξιν
1219 2431 1267 2457 σὺν
1290 2431 1374 2466 ἀηδίᾳ
1398 2431 1628 2465 παρασκευάσας,
1651 2431 1704 2466 τῆς
1721 2440 1785 2465 caco-

997 2476 1064 2509 ὁρᾶς
1077 2475 1182 2511 ἐκείνης
1198 2477 1329 2511 ἐπηρείας
1344 2477 1494 2512 ὑπέρτερος
1508 2476 1664 2510 διαγέγονε.
1679 2478 1786 2511 Ταύτης

997 2522 1018 2547 δ’
1030 2522 1166 2557 dub-.590;
1176 2523 1308 2556 γεγονὼς,
1323 2523 1465 2558 μαρτυρίῳ
1478 2523 1522 2549 τὸν
1539 2523 1596 2557 βίον
1613 2524 1685 2558 μετὰ
1700 2524 1786 2559 βραχὺ

998 2569 1045 2593 ἐπε
1052 2569 1212 2603 σφράγιζεν.

162 2614 207 2642 lllc
222 2612 296 2640 aliud
316 2613 390 2647 quod
410 2614 513 2641 faceret
536 2622 589 2640 non
615 2614 730 2646 habens,
747 2613 867 2648 linguam
888 2615 946 2648 ipse
967 2621 1044 2640 suam
1078 2622 1171 2641 morsu
1190 2615 1340 2646 concisam,
1373 2615 1559 2650 dentibusque
1576 2616 1784 2649 comminutam,

161 2664 188 2690 in
205 2661 302 2688 faciem
319 2662 474 2689 meretricis
487 2662 606 2697 exspuit.
625 2662 682 2694 Qua
699 2669 727 2689 re
743 2662 793 2689 srbi
829 2662 887 2696 ipse
919 2662 1028 2696 quidem
1062 2671 1111 2697 pro
1128 2663 1265 2698 voluptate
1281 2671 1358 2690 acres
1375 2663 1495 2696 dolores,
1514 2663 1662 2698 impudica:
1696 2670 1785 2692 autent

197 2766 258 2802 (1)(
276 2765 344 2793 Nam
373 2765 542 2802 etiproxime
574 2765 755 2802 adrlcnoncm
786 2765 941 2802 damnando

159 2803 343 2829 Christianam
355 2801 446 2835 potius
460 2808 541 2834 quam
560 2801 593 2827 ad
614 2801 730 2832 leonem,
746 2801 863 2828 confessi
876 2801 944 2828 estis

160 2839 249 2866 labem
266 2837 404 2872 pudicitiae
422 2837 493 2869 apud
516 2843 565 2863 nos
584 2837 745 2863 atrociorem
769 2836 842 2863 omni
863 2843 943 2870 poclm

998 2772 1024 2804 ct
1041 2768 1114 2804 omni
1128 2768 1354 2804 morterrcpntari
1371 2777 1378 2796 :
1391 2775 1440 2796 nec
1453 2769 1602 2804 quidquam
1619 2773 1713 2797 tamen
1725 2778 1786 2804 pro-

999 2802 1060 2829 fuit.
1075 2802 1199 2837 ('l‘ertull.
1217 2803 1256 2838 9.)
