1880 3063
95 143 158 174 1233

549 142 847 172 ECCLESIASTlCrE
868 141 1060 171 lllSTOiiHS
1078 142 1153 173 LIB.
1177 142 1244 189 V11.

1647 141 1714 175 1234

94 202 128 228 illi
145 200 279 236 probrum
300 203 383 234 atque
405 205 545 234 stuporem
561 207 624 227 cum
657 199 818 231 acerbitate,
855 204 909 226 tam
931 199 1138 227 vehementibus
1171 201 1227 228 illis
1259 201 1453 229 illecebrarum
1488 200 1715 228 insultationibus

93 249 234 285 superior.
252 248 423 275 conciliavit.
441 247 473 275 Et
490 248 570 275 sicuti
589 248 616 275 in
632 247 784 276 certamine
822 247 959 282 pudicitia:
991 247 1125 276 adversus
1157 257 1218 276 eam
1242 249 1331 277 victor
1368 250 1430 282 fuit,
1447 250 1483 277 ita
1499 249 1580 284 paulo
1600 253 1661 283 post
1679 248 1718 273 vi-

94 303 145 325 tam
166 296 294 331 martyrii
310 296 400 331 sigillo
420 295 605 324 conllrtnavit.

389 367 515 394 ΚΕΦΑΛ.
537 368 585 395 lA'.
897 354 918 382 Α

94 426 161 457 Περὶ
192 424 247 450 τοῦ
262 424 349 457 ἁγίου
378 423 626 456 ιιοντελεήμονος
652 423 701 449 καὶ
726 422 778 448 τοῦ
797 421 899 457 ἀνίοι),

129 456 331 492 Εὑστρατίου,
347 457 461 490 καὶτῆς
476 457 624 490 συνοδίας
641 457 738 484 αὐτοῦ
758 457 806 483 καὶ
820 456 883 483 ἑτέο

124 503 187 528 ρων
202 494 342 527 μεγάλων
357 493 525 527 μαρτύρων.

130 553 227 579 Ἔτεσι
244 552 266 578 δ’
283 551 402 582 ἐκείνοις
419 551 466 577 καὶ
487 550 658 583 Παντολέων,
672 551 686 576 ὁ
709 550 755 576 καὶ
780 549 882 575 Παντε-

93 597 432 633 λεὴμων,ἁνεγνωρίξετο,
459 597 549 630 λόγοις
575 597 623 623 καὶ
638 596 727 631 ἔργοις
753 596 802 622 καὶ
818 594 885 621 θαύ-

94 653 162 680 μασι
179 644 304 679 τεράτων
318 643 365 669 τὸν
381 644 500 677 Χριστὸν
516 643 636 677 ἁνυψῶν·
657 643 751 677 ἔργοις
776 642 826 677 μὲν
844 639 886 673 οἷς

94 692 163 727 πρὸς
190 691 373 721 ἀνυποίστους
399 690 512 724 ἀντέσχε
535 690 673 719 κολάσεις,
689 689 793 724 σιδήρῳ
818 689 886 722 τέμ-

94 747 168 764 νοντι
186 739 235 764 καὶ
252 736 371 771 μολίὃδῳ
385 736 485 771 ζέοντι,
500 736 591 770 τροχῷ
604 744 632 762 τε
645 735 791 762 διαολῶντι
805 734 886 769 μέλη,

94 782 230 817 γεννικῶς
247 782 419 817 ἀπεμάχετο·
435 781 619 816 ἐποχούμενος
634 790 666 808 τε
680 780 775 813 νώτοις
789 780 887 807 Θαλάτ-

93 838 155 863 της,
180 828 229 855 τὸν
261 828 388 862 μυλιαῖον
415 828 499 858 λίθον,
528 825 573 854 οἷά
600 836 626 854 τι
658 827 760 861 κοῦφον
786 827 887 862 πτερὸν

94 873 259 906 ὲπεσύρετο·
278 873 324 899 καὶ
349 874 518 907 κατωρχεῖτο
544 873 591 899 τοῦ
612 873 760 907 πελάγους,
784 873 821 904 ὡς
842 873 888 898 ἐπὶ

95 920 181 954 ξηροῦ
209 919 256 946 τοῦ
283 920 400 954 ἐδάφους
423 919 656 954 ὑπερσλλόμενος·
681 920 774 955 θηρῶν
790 928 819 945 τε
841 919 889 946 καὶ

96 966 186 1000 ξιφῶν
213 966 365 1000 ὑπέρτερος
384 963 418 1000 ἦν
444 965 553 1000 σύναιμα
577 966 720 1001 Ἑρμολάῳ
747 966 786 1000 τῷ
810 967 888 1002 ἱερεῖ,

1226 366 1338 396 CAPUT
1359 367 1427 394 XIV.

938 423 975 450 De
990 428 1080 450 sanrlo
1104 423 1315 456 I’mtteleamone,
1330 429 1353 450 ιιι
1369 429 1460 451 sancto
1479 425 1623 455 lCuslrutt'o,
1640 426 1722 451 rami-

972 463 1081 493 tatuque
1097 459 1222 493 ejusdem,
1241 464 1264 487 et
1279 461 1310 487 de
1323 461 1381 486 aliis
1394 461 1495 494 magnis
1516 461 1685 495 nutrit/ribus.

974 551 1073 578 Eadem
1098 556 1262 586 tempestate
1283 556 1310 578 ct
1333 552 1493 583 Pantaleon,
1511 551 1557 586 qui
1578 555 1606 577 et
1624 552 1722 578 Panto-

936 597 1044 624 lcemon
1064 597 1153 624 dictus
1166 602 1219 629 est,
1239 598 1348 629 enituit,
1369 598 1515 632 verbisque
1532 602 1558 624 et
1573 598 1652 624 factis
1669 598 1719 623 mi-

937 643 1150 677 raculorumque
1168 643 1300 678 prodigiis
1315 643 1454 670 Christum
1474 643 1598 670 exaltans
1617 643 1720 674 magni-

938 689 1048 716 licavit:
1069 689 1149 716 factis
1171 689 1294 727 quidem,
1312 689 1414 723 quibus
1432 689 1478 716 ille
1501 689 1720 716 intolerabilibus

938 735 1108 763 cruciatibus
1123 736 1232 763 fortiter
1248 736 1351 763 restitit
1365 744 1372 762 :
1388 736 1555 770 depugnavit
1569 735 1642 762 enim
1657 743 1718 762 eum

939 782 1012 809 ferro
1034 787 1158 813 secante,
1177 782 1290 817 plumbo
1313 782 1446 814 fervente,
1464 787 1491 808 ct
1516 786 1574 809 rota
1598 782 1718 809 metnbra

939 827 1163 860 comminuenlc;
1186 831 1269 862 atque
1293 828 1319 854 in
1342 836 1454 862 mqltore
1476 828 1559 855 maris
1583 829 1719 857 innatans.

940 873 1057 908 lapidem
1085 873 1216 900 molarem
1243 873 1359 908 perinde
1385 879 1468 908 atque
1493 874 1580 901 levem
1605 881 1721 908 pennam

940 927 1034 947 secum
1052 919 1145 951 traxit,
1162 919 1189 946 in
1205 919 1305 946 mediis
1322 919 1404 946 undis
1420 927 1475 946 non
1497 919 1576 946 aliter
1593 923 1674 954 atque
1697 920 1723 946 in

941 967 1014 994 sicco
1033 967 1191 1002 pavitnento
1206 966 1373 998 subsiliens;
1393 967 1490 993 bestiis
1505 975 1616 1002 quoque
1632 971 1659 993 et
1671 968 1726 1001 gla-

102 1013 255 1047 Ἒρμίππῳ
269 1021 298 1038 τε
313 1013 359 1039 καὶ
379 1012 574 1048 Ἑρμοκράτει·
591 1014 639 1039 καὶ
651 1012 722 1039 οὕτω
737 1013 784 1039 τοῦ
799 1013 882 1047 σώμα⁴

961 1014 1003 1042 iis.
1025 1022 1079 1040 una
1102 1022 1162 1040 cum
1190 1013 1336 1040 Hermolao
1360 1013 1502 1048 episcopo.
1527 1014 1677 1049 ilcrmippo
1700 1019 1726 1040 et

97 1069 144 1091 τος
172 1059 317 1094 λυόμενος,
333 1059 373 1094 τῷ
396 1059 531 1093 πνεύματι
557 1060 653 1095 ἥνωτο’
671 1060 764 1093 λόγοις
788 1061 827 1091 δὲ,
847 1059 887 1092 οἷς

97 1105 240 1140 Θεηγορῶν
265 1105 422 1140 κατῄσχυνε
440 1106 485 1132 τὸν
508 1106 664 1132 ἀντίπαλον.
683 1107 737 1132 Τοῦ
763 1106 786 1133 δ’
804 1106 888 1132 αὑτοῦ

96 1153 174 1183 ἔτους
190 1152 238 1178 καὶ
252 1151 369 1186 Κλήμης
385 1152 563 1187 ’Δγκυρανῶν
575 1152 726 1183 ἐπίσκοπος
743 1152 791 1179 σὺν
809 1152 889 1187 Ἀγα-

99 1199 227 1233 οαγγέλῳ
246 1197 294 1224 τοῦ
311 1198 470 1234 ὑπερφυοῦς
489 1199 644 1233 μαρτυρίου
663 1199 827 1234 κατήρχετο.
844 1199 889 1226 Ἐν

99 1246 188 1271 εἰκοσι
204 1244 258 1279 γὰρ
274 1244 322 1271 καὶ
335 1244 408 1271 ὀκτὼ
422 1244 495 1271 ἔτεσι
511 1245 541 1271 τὸ
556 1244 600 1271 διὰ
614 1244 733 1280 Χριστὸν
748 1245 890 1280 ὑπέρλαμ-

101 1299 172 1326 προν
187 1291 299 1325 διήνυσε
319 1291 436 1318 στάδιον.
455 1291 516 1317 Τῶν
529 1290 584 1326 γὰρ
603 1292 632 1325 ἐξ
647 1291 744 1323 αἰῶνος
761 1292 890 1318 ἁπάντων

97 1337 149 1371 τὴν
169 1337 240 1372 ὑπὲρ
257 1337 378 1372 Χριστοῦ
395 1337 509 1371 ἄθλησιν
529 1338 693 1373 ἐσχηκότων
711 1339 776 1373 πυρί
796 1347 826 1365 τε
842 1339 890 1365 καὶ

99 1383 217 1417 σιδήρῳ,
234 1382 321 1414 λίθοις
336 1390 366 1408 τε
380 1383 427 1408 καὶ
442 1382 544 1415 ξύλοις,
563 1383 631 1417 πρὸς
644 1383 683 1414 δὲ,
700 1383 797 1418 θηρσὶν
812 1383 890 1417 ἀγρί-

99 1438 139 1459 ot;
169 1428 216 1454 καὶ
243 1428 354 1462 δεσμοῖς
384 1427 576 1462 πολυχρονίοις
605 1428 888 1463 ταλαιπωρησάντων,

102 1472 238 1502 ποικίλως
257 1479 289 1498 τε
307 1471 534 1506 ἀγωνισαμένων,
554 1472 589 1506 γῇ
607 1473 654 1498 καὶ
670 1471 731 1507 ἀέρι
750 1471 798 1498 καὶ
813 1471 890 1499 ὕδατι

101 1518 150 1544 καὶ
171 1517 304 1551 κρυμνοῖς
327 1517 374 1543 καὶ
397 1516 530 1542 καύσεσιν
553 1516 827 1551 ὲκδεδαπανημένων,
843 1517 891 1543 καὶ

100 1564 196 1594 ἄλλαις
218 1564 354 1598 μηχαναῖς
370 1572 441 1589 τισιν
461 1563 683 1589 ἀπολελοιπότων
698 1563 728 1589 τὸ
746 1563 805 1597 ζῇν·
823 1563 891 1589 πάνα

100 1619 156 1636 των
172 1611 275 1636 τούτων
294 1609 367 1636 κατά
383 1617 414 1643 γε
433 1609 478 1636 τὸν
494 1609 560 1644 ἐμὸν
578 1609 657 1643 λόγον
671 1610 684 1635 ὁ
701 1609 771 1643 ἱερὸς
797 1609 891 1635 οὑτοσὶ

101 1658 220 1693 Κλήμης
245 1657 392 1692 ὑπερέσχε,
407 1657 454 1683 καὶ
471 1658 484 1684 ὁ
511 1658 559 1684 σὺν
580 1657 654 1691 αὐτῷ
677 1658 889 1691 Ἀγαοάγγελος·

942 1060 1120 1087 llermocrate
1136 1060 1264 1094 superior
1285 1060 1355 1093 fuit;
1378 1067 1406 1087 et
1425 1061 1460 1087 ita
1478 1068 1594 1095 corpore
1609 1061 1726 1093 solutus,

940 1106 1038 1141 spiritu
1064 1106 1239 1140 conjunctus,
1256 1111 1418 1140 compactus
1441 1111 1524 1140 atque
1548 1107 1643 1134 unitns
1667 1113 1726 1138 est;

941 1152 1032 1178 verbis
1058 1157 1161 1184 autem,
1184 1152 1286 1186 quibus
1311 1151 1357 1178 Dei
1385 1152 1513 1186 mysteria
1542 1158 1568 1179 ct
1598 1153 1727 1180 virtutem

941 1198 1147 1234 tit-praedicans,
1170 1198 1361 1225 adversarium
1386 1199 1475 1232 ipsum
1501 1199 1650 1233 pudefecit.
1673 1199 1729 1226 Hoc

941 1246 1001 1280 ipso
1021 1252 1094 1272 anno
1111 1248 1139 1272 et
1157 1244 1295 1275 Clemens,
1309 1244 1472 1279 Ancyranns
1489 1245 1646 1279 cpiscopus,
1666 1253 1729 1272 cum

941 1291 1127 1326 Agathangelo
1157 1290 1422 1318 excellentissimum
1453 1290 1615 1324 martyrium
1648 1299 1728 1317 suum

941 1343 983 1365 est
995 1345 1122 1364 exorsus.
1138 1337 1239 1372 Viginti
1252 1341 1315 1364 octo
1329 1344 1448 1371 namque
1463 1336 1542 1363 annis
1556 1344 1604 1370 pro
1618 1336 1729 1363 Christo

942 1383 1196 1418 splendidissimum
1220 1383 1340 1410 absolvit
1362 1390 1486 1410 cursum.
1505 1382 1648 1417 Siquidem
1668 1387 1730 1417 post

942 1429 1074 1456 mundum
1099 1429 1240 1455 conditum
1267 1429 1426 1463 quicunque
1443 1436 1493 1463 pro
1510 1428 1621 1456 Christo
1638 1433 1729 1455 certa—

943 1484 1004 1502 men
1024 1476 1096 1510 igne,
1118 1475 1203 1506 ferro,
1220 1475 1370 1510 lapidibus,
1390 1475 1470 1510 lignis
1489 1476 1629 1507 obierunt,
1646 1475 1729 1510 quire

941 1530 1003 1549 cum
1032 1522 1127 1549 bestiis
1153 1521 1367 1556 depugnarunt,
1393 1526 1421 1549 et
1447 1522 1588 1549 diuturnis
1613 1523 1729 1550 vinculis

943 1567 1035 1594 amicti
1051 1571 1134 1598 sunt;
1151 1572 1285 1600 praeterea
1301 1567 1346 1601 qni
1362 1567 1481 1595 diversis
1497 1567 1587 1595 modis
1599 1567 1625 1594 in
1645 1573 1729 1598 terra,

943 1613 969 1640 in
987 1621 1059 1645 aere,
1079 1614 1105 1640 in
1126 1613 1218 1647 aquis,
1235 1620 1297 1640 cum
1320 1613 1465 1647 suppliciis
1486 1618 1551 1640 sunt
1571 1614 1730 1645 colluctati;

945 1665 1001 1686 tum
1023 1664 1113 1686 autem
1139 1659 1186 1694 qni
1211 1660 1254 1686 vel
1276 1659 1376 1693 frigore
1395 1660 1436 1686 vel
1455 1660 1546 1687 calore
1565 1660 1651 1686 nimio
1667 1666 1731 1687 sunt

103 1703 200 1738 πρῶτα
224 1702 273 1737 μὲν
295 1703 342 1728 ἐπὶ
363 1702 483 1737 Ῥώμης,
504 1702 599 1729 ἔπειτα
623 1703 651 1729 δὲ
674 1703 744 1729 κατὰ
765 1704 882 1739 Νικομή·

961 1706 1112 1741 onsumpli,
1133 1711 1180 1733 aut
1204 1706 1251 1741 qui
1274 1706 1335 1733 aliis
1361 1706 1573 1741 quibuscunque
1592 1706 1680 1741 poenis
1703 1713 1731 1733 et

101 1751 188 1780 δειαν,
214 1749 245 1774 ὲκ
269 1748 397 1782 διαδοχῆς
426 1748 531 1774 πολλῶν
556 1748 680 1783 ὠμότητι
706 1749 892 1784 διαφερόντων

103 1793 364 1829 προσπαλαίσαντες
379 1793 417 1824 ὠς
437 1794 576 1820 ἐπιλιπεῖν
599 1795 690 1821 πᾶσαν
706 1794 892 1830 κολαστηρίων

95 1832 238 1867 ’ἐπίνοιαν
255 1840 328 1874 ξίφει
341 1840 370 1866 δὲ
385 1839 414 1865 τὸ
433 1839 589 1867 τελευταῖον
611 1841 828 1875 ἀποτμηθέντες,
845 1843 893 1876 τὴν

101 1885 202 1920 ἀγήρω
217 1884 289 1920 ζωὴν
306 1884 517 1920 ἀντηλλάξαντο.
533 1885 594 1915 Πῶς
613 1885 640 1911 δὲ
655 1885 709 1920 ἄρα
725 1886 892 1920 Εὑστρατίου

105 1931 216 1965 καὶτῆς
230 1931 314 1958 αὑτοῦ
337 1931 463 1962 συνοδίας
482 1931 661 1957 ἐπιλαθέσθαι
680 1931 849 1966 δυνήσομαι;
865 1932 894 1963 ὃς

105 1978 222 2013 ὥρμητο
240 1977 289 2012 μὲν
309 1977 501 2012 Ἀραὸρὰχωνθ
521 1977 670 2012 πρόσοικος
689 1977 716 2003 δὲ
739 1977 894 2013 Ἀρμενίοις

105 2026 122 2059 η
143 2023 233 2058 χώρα⁶
252 2023 398 2058 φιλοσοφίᾳ
421 2023 449 2050 δὲ
469 2023 516 2057 τῆς
535 2023 597 2049 καθ’
612 2022 749 2057 Ἕλληνας
769 2023 894 2054 παιδείας

105 2070 217 2099 οὐδενὸς
232 2068 290 2104 εἶχε
303 2070 338 2096 τὰ
355 2069 479 2105 δεύτερα·
497 2069 543 2096 καὶ
555 2068 710 2104 φιλοσοφῶν
721 2069 754 2096 τὰ
771 2070 894 2105 ἡμέτερα

107 2117 230 2151 μάλιστα
242 2117 278 2150 ἐνὶ
289 2115 327 2150 τῷ
341 2115 476 2150 λεληθότι,
490 2115 620 2150 ἐμφανῶς
637 2115 725 2151 Λυσίᾳ
736 2116 776 2151 τῷ
795 2117 844 2149 τῆς
858 2116 895 2142 ἓω

107 2162 224 2197 ἡγεμόνι
248 2161 422 2196 ὑπηρετεῖτο,
445 2161 474 2192 ὃς
491 2161 540 2192 τὰς
567 2161 621 2188 τῶν
647 2161 768 2188 εὐσεϐῶν
788 2162 896 2196 σφαγὰς

107 2208 179 2244 πρὸς
194 2207 248 2232 τῶν
274 2206 449 2241 κρατούντων
471 2206 579 2237 ἀσεϐῶς
597 2207 796 2241 ἐγκεχείριστο.
812 2206 895 2238 Οὗτος

105 2254 199 2281 τοίνυν
211 2253 392 2288 σκρινιάριος,
408 2253 497 2279 εῐτουν
511 2253 689 2288 ἀπογραφεὺς
705 2253 754 2288 τῆς
767 2253 896 2288 δουκικῆς

104 2299 212 2331 τάξεως
226 2297 424 2332 πεφηνὼς,τὴν
436 2297 489 2324 τῶν
501 2298 650 2332 μαρτύρων
662 2298 788 2331 γενναίαν
803 2298 897 2325 ἔνστα-

107 2356 152 2373 σιν
165 2344 276 2379 διορῶν,
293 2344 367 2380 ζήλῳ
387 2344 438 2379 τὴν
460 2344 576 2377 καρδίαν
598 2343 713 2378 πληγεὶς
734 2344 784 2370 οὑκ
807 2344 895 2371 ἄλλων

106 2393 196 2419 ἐδεῖτο
209 2390 263 2416 τῶν
275 2390 450 2425 κατηγόρων,
466 2389 525 2415 ἀλλ’
538 2388 618 2421 αὐτὸς
634 2389 729 2416 ἑαυτὸν
742 2390 894 2424 καταγγέλ-

108 2442 164 2465 λων
183 2435 229 2472 ἦν.
241 2437 322 2463 Ὅθεν
342 2437 389 2462 καὶ
410 2437 460 2471 τὴν
485 2435 579 2462 ἄνοιαν
595 2435 641 2462 καί
657 2435 688 2461 τὸ
711 2435 824 2470 μάταιον
839 2436 893 2462 τῶν

110 2483 251 2511 δυσσεσῶν
281 2482 437 2517 διελέγχων,
461 2473 580 2516 διαέριος
604 2481 742 2515 ἐκταθεὶς,
771 2481 894 2517 σφοδρῶς

112 2528 308 2559 κατεκόπτετο,
324 2526 391 2560 πυρί
405 2534 435 2552 τε
451 2527 485 2553 τὰ
501 2526 644 2561 σπλάγχνα
659 2526 775 2553 ἐκαίετο·
792 2526 854 2553 ἁλσὶ
868 2527 896 2553 δὲ

112 2575 158 2602 καὶ
173 2574 229 2606 ὁξει
246 2571 461 2607 καταχεόμενος,
476 2573 544 2608 πρὸς
568 2572 597 2599 δὲ
610 2573 657 2598 καὶ
671 2572 817 2607 ὀστράκοις
837 2573 896 2599 δια.

109 2621 284 2656 τριϐόμενος,
309 2620 368 2649 ὅλος
392 2618 491 2654 ἀθρόον
511 2617 624 2653 τραῦμα
642 2618 788 2645 ἐδείκνυτο.
811 2618 896 2652 Ῥοπῇ

108 2666 138 2693 δὲ
164 2665 226 2700 θείᾳ
250 2664 298 2691 τοῦ
325 2663 504 2699 ὰδελφορικοῦ
532 2662 659 2698 σώματος
684 2664 752 2690 ὡσεὶ
781 2664 898 2691 λεπίδων

110 2711 315 2748 ἀπορρυεισών,
328 2711 374 2737 καὶ
385 2710 422 2742 ὡς
434 2710 568 2745 πρότερον
580 2710 654 2744 ὑγιὲς
665 2711 694 2735 τὸ
708 2712 786 2744 σῶμα
800 2711 895 2745 φανὲν,

110 2760 148 2793 τῷ
168 2759 267 2793 σταδίῳ
283 2758 330 2784 καὶ
345 2759 358 2783 ὁ
376 2759 506 2792 ὁμόφρων
525 2758 806 2792 Εὺγένιοςπρόοεισι.
825 2758 896 2792 Πρὸς

112 2807 260 2834 Νικόπολιν
271 2805 297 2830 δὲ
312 2805 455 2838 ἁπαιίροντι
471 2804 508 2837 τῷ
522 2803 618 2838 Audi},
637 2803 783 2838 ὲ).κυσμοῖς
797 2803 894 2837 βιαίοις

114 2853 362 2889 οιτμτπριεὶγονται.
382 2851 467 2878 Ἔνθα
488 2850 519 2886 δὴ
547 2850 591 2877 7.7.1
619 2850 776 2885 Μαρόἀριος
803 2850 894 2884 ἤγετο·

946 1754 1092 1780 tormentis
1115 1752 1199 1780 vitam
1222 1753 1385 1784 amiserunt,
1403 1760 1451 1779 eos
1473 1760 1569 1780 omnes
1588 1761 1649 1780 meo
1670 1753 1731 1787 qui-

943 1798 1004 1825 dem
1031 1797 1136 1833 judicio
1160 1802 1273 1825 sanctus
1298 1798 1345 1824 ille
1367 1797 1504 1828 Clemens,
1528 1802 1556 1824 et
1581 1805 1644 1824 cum
1671 1798 1730 1831 ipso

944 1843 1147 1878 Agatltangelus
1174 1843 1254 1877 longe
1280 1843 1422 1876 superavit
1443 1851 1450 1869 :
1470 1842 1589 1876 primum
1617 1842 1728 1876 quidem

944 1890 1047 1922 Romm,
1062 1888 1161 1916 deinde
1187 1887 1364 1920 Nicomediae,
1378 1896 1440 1915 cum
1463 1888 1571 1915 feritate
1587 1893 1617 1915 et
1630 1888 1730 1915 crude-

944 1936 1020 1962 litate
1044 1935 1106 1962 aliis
1130 1938 1292 1970 praestantes
1317 1938 1449 1967 tortores,
1465 1935 1507 1962 eis
1526 1926 1728 1965 excruciantlis.

944 1982 1019 2008 vices
1043 1988 1092 2015 per
1114 1980 1318 2008 successionem
1347 1985 1497 2013 mutantes,
1519 1981 1552 2008 ab
1575 1981 1650 2008 omni
1674 1982 1729 2016 jam

945 2031 1144 2055 tormentorum
1159 2027 1376 2062 excogitatornm
1391 2027 1483 2062 specie
1496 2027 1730 2059 destituercntur;

945 2074 976 2100 aal
993 2078 1162 2108 postremum
1185 2077 1277 2100 autem
1297 2073 1388 2108 gladio
1409 2073 1544 2108 percussi,
1560 2073 1643 2100 vitam
1661 2074 1732 2099 hanc

946 2117 1092 2145 immortali
1105 2118 1151 2145 illa
1163 2124 1379 2145 commutarunt.
1393 2119 1535 2151 Quomodo
1544 2127 1610 2146 vero
1623 2118 1733 2145 Enstra—

946 2165 1014 2191 tium
1041 2165 1211 2199 comitesque
1236 2165 1296 2199 eius
1322 2165 1506 2200 prmteream?
1526 2165 1610 2201 458
1629 2165 1675 2200 qui
1698 2173 1733 2192 ex

946 2210 1092 2237 Arabracis
1107 2210 1218 2245 regione
1231 2211 1370 2237 Armeniis
1387 2211 1500 2238 finitima
1516 2215 1604 2242 ortus,
1618 2211 1643 2237 in
1660 2211 1733 2237 Gras-

947 2263 1040 2282 carutn
1056 2256 1167 2290 quidem
1183 2255 1394 2291 disciplinarum
1414 2257 1529 2284 scientia
1554 2257 1656 2283 nemini
1675 2261 1735 2283 erat

946 2301 1100 2333 secundus.
1128 2301 1327 2336 professionem
1357 2307 1446 2328 autem
1474 2306 1596 2328 nostram
1626 2301 1734 2328 occulte

947 2347 1068 2377 discens,
1089 2346 1229 2381 propalam
1248 2346 1335 2381 Lysia:
1350 2346 1472 2372 Orientis
1492 2346 1621 2380 praefecto
1644 2346 1735 2372 inser-

949 2392 1014 2418 vitit
1028 2412 1036 2424 ,
1055 2392 1101 2426 qui
1120 2391 1155 2418 ibi
1174 2392 1322 2425 impiorum
1340 2392 1627 2427 intpcratorutnjussu
1645 2392 1736 2419 caedes

948 2438 1058 2473 pioruut
1082 2437 1224 2464 hominum
1249 2438 1388 2472 patrabat.
1411 2439 1559 2465 Enimvero
1578 2439 1736 2465 Ettstratius

949 2482 1121 2515 scriniarius,
1137 2484 1195 2510 sive
1210 2482 1317 2510 ducalis
1333 2483 1441 2510 ordinis
1453 2484 1540 2510 scriba
1551 2485 1655 2518 factus,
1673 2493 1735 2512 cum

951 2528 1094 2556 mirificam
1115 2528 1249 2556 nobilium
1274 2531 1426 2563 martyrum
1448 2531 1629 2557 constantiam
1651 2531 1736 2558 vidis-

947 2581 998 2606 set,
1013 2575 1274 2609 zemulationemque
1288 2582 1385 2603 eorum
1401 2575 1428 2602 in
1444 2576 1537 2603 animo
1552 2579 1735 2611 concepisset,

948 2630 1001 2648 non
1021 2621 1090 2648 alios
1112 2625 1252 2656 exspectat
1271 2625 1459 2652 accusatores,
1475 2622 1521 2649 sed
1539 2622 1660 2657 seipsum
1678 2623 1735 2658 ipse

947 2668 1046 2696 defert.
1067 2668 1134 2695 Natu
1152 2667 1299 2702 impiorum
1321 2668 1469 2695 amentiam
1483 2673 1510 2695 et
1527 2669 1674 2696 vanitatem
1690 2677 1736 2696 co-

950 2722 1078 2748 arguens,
1093 2714 1120 2741 in
1141 2713 1258 2741 sublime
1274 2717 1415 2746 extensus,
1436 2715 1538 2741 acriter
1563 2715 1735 2746 verberatur,

951 2760 1012 2793 igne
1030 2760 1134 2786 viscera
1152 2760 1212 2794 ejus
1227 2760 1394 2792 aduruntur,
1410 2760 1466 2788 sale
1484 2765 1511 2788 et
1527 2765 1605 2788 aceto
1623 2761 1736 2795 perfun—

950 2807 1025 2832 ditur
1042 2814 1048 2832 :
1068 2806 1100 2832 ad
1121 2807 1178 2833 hcce
1202 2803 1361 2841 fragmentis
1383 2811 1515 2834 testarum
1534 2807 1570 2833 ita
1588 2807 1734 2836 obteritur.

952 2857 980 2879 ut
997 2857 1068 2880 lotus
1087 2853 1144 2889 ipse
1165 2861 1249 2880 unum
1270 2854 1409 2880 videretur
1432 2862 1491 2881 esse
1514 2854 1621 2881 vulnus.
1641 2853 1673 2882 Ut
1689 2862 1736 2880 au-

1820 2890 1830 2904 1
