1880 3063
145 134 214 166 1239

751 137 959 168 NICEPHORI
979 136 1151 167 CALLISTI

1693 137 1764 168 1250

143 189 279 225 suppiiCio
295 189 455 218 defunctus.
469 190 548 226 561
563 190 704 218 Secundus
717 193 762 225 sit,
777 193 822 227 qui
839 194 921 220 vitam

984 195 1020 221 τὸν
1050 194 1140 220 πάντα
1157 194 1215 229 βίον
1237 193 1338 228 ἄριστα
1363 192 1489 226 διελθὼν,
1504 193 1553 219 καὶ
1570 192 1763 229 πρεσόῠτερος

143 243 252 262 onmem
269 236 442 263 sanctissime
455 237 560 271 peregit
571 237 759 265 Antiocbenus
771 239 918 272 Luciauus,

142 281 268 308 ecclesiae
293 282 371 309 urbis
394 283 454 317 ejus
481 283 620 317 presbyter
637 291 643 309 :
659 284 705 317 qui
730 285 820 311 verbis
844 286 921 320 juxta

81 338 90 343 ~
142 332 173 353 ct
211 326 290 354 faelis
327 327 493 354 Nicomediae
518 327 544 354 in
574 329 718 362 prtesentia
749 330 922 364 imperatoris

143 372 244 399 bonam
263 373 462 407 professionem
488 375 701 402 consummavit.
719 375 792 402 Tulit
812 384 922 411 quoque

144 417 287 446 Phoenicia
308 422 445 453 spectatos
461 424 605 455 martyres,
618 421 814 455 rationalisque
832 423 921 457 gregis

142 464 246 491 Christi
267 465 412 499 praeclaros
437 469 569 499 pastores,
586 467 709 494 ecclesiae
728 467 791 503 Tyri
816 468 922 502 episco~

144 518 207 544 pum
226 510 440 544 Tyrannionem,
458 515 485 538 et
504 510 614 538 Sidonis
628 513 823 547 presbyterum
835 513 923 542 Zeno-

97 551 99 554 ’
144 553 230 580 bium.
246 553 381 588 Sylvan'us
393 559 496 588 autem,
507 555 646 583 Emesente
668 558 792 585 ecclesiae
808 559 922 586 antistes

142 599 274 632 optimus,
303 606 364 626 cum
391 599 556 634 quibusdam
574 600 648 633 aliis.
672 601 768 630 bestiis
787 603 922 637 obiectus,

143 644 213 671 inter
231 650 365 680 martyres
387 646 545 673 caelestibus
561 646 713 680 perfruitur
728 648 844 682 gaudiis.
867 649 923 676 An-

142 690 249 718 tiochia:
277 698 360 724 porro
378 690 433 718 duo
459 692 601 726 praecipui,
631 692 780 722 fortissime
805 699 921 722 mortem

141 736 335 770 perferentes.
363 738 419 765 Deo
440 737 579 764 victimam
608 738 715 774 seipsos
745 739 922 774 obtulerunt,

141 783 212 809 alter
228 782 255 809 in
273 782 360 810 undas
388 784 472 810 maris
491 784 641 818 projectus,
663 784 732 812 alter
746 785 816 819 (erat
832 785 854 812 is
874 785 924 813 Ze-

142 827 254 860 nobius,
282 827 450 854 medicorum
479 829 611 864 optimus)
638 829 754 856 laterum
781 831 923 858 tormentis

143 873 319 900 immortuus.
349 874 379 900 l-n
409 873 554 902 Palaestina
572 875 644 909 apud
663 875 763 903 Gazam
789 876 924 912 Sylvanus
939 868 960 895 Β

142 920 299 954 episcopus,
317 927 378 947 cum
403 920 466 948 aliis
492 920 763 956 undequadraginta,
792 922 827 949 ad
844 922 922 950 Phae-

143 975 185 993 ηαξ
203 967 241 1001 (1)
259 967 322 993 aeris
347 966 455 993 metalla
481 967 571 1001 gladio
595 971 637 994 est
653 968 806 995 confectus.
824 968 924 996 Peleus

143 1017 234 1039 autem
251 1016 278 1039 et
295 1012 382 1044 Nilus,
398 1011 506 1047 Egypti
521 1012 656 1047 episcopi,
679 1021 742 1040 cum
759 1013 923 1047 quibusdam

142 1059 204 1086 aliis
220 1066 273 1086 non
299 1060 404 1094 paucis,
428 1060 490 1095 igne
507 1064 572 1087 sunt
593 1060 740 1088 combusti.
760 1061 809 1088 Hic
827 1068 925 1088 accen-

142 1110 236 1132 seatur
262 1112 377 1142 magnus
408 1105 453 1132 ille
489 1111 516 1133 et
543 1106 720 1134 admirandus
748 1105 925 1134 Caesariensis

144 1150 315 1185 Pamphilus,
336 1151 414 1186 cujus
434 1151 508 1178 ﬁlius
529 1151 621 1183 (sicuti
647 1152 737 1179 fertur
758 1161 764 1178 ε
783 1156 812 1179 ut
832 1157 923 1180 autent

143 1197 189 1224 alii
205 1196 425 1231 putant,sororis
438 1197 497 1230 ejus
513 1197 597 1232 illius)
612 1197 665 1224 fuit
680 1197 829 1230 Eusebius,
838 1199 926 1226 eccle-

142 1243 272 1271 siasticus
287 1243 445 1271 historicus.
461 1243 631 1270 Alexandriae
650 1251 715 1271 vero
723 1241 757 1271 'et
772 1245 798 1271 in
809 1243 925 1279 IEgypto

142 1289 218 1316 omni
235 1293 317 1324 atque
336 1289 418 1316 etiam
436 1288 584 1321 Thebaide,
602 1289 704 1324 primas
716 1289 924 1324 fertepiscopus

141 1335 346 1372 Alexandrinus
366 1335 474 1368 Petrus,
496 1335 668 1362 certissimus
680 1335 847 1370 episcopalis
863 1336 925 1363 futt-

142 1380 243 1408 ctionis
257 1388 346 1409 canon
371 1386 399 1408 et
428 1382 542 1416 regula.-
557 1381 625 1408 Cum
645 1389 700 1416 quo
726 1382 822 1409 eodem
837 1381 925 1410 stadio

141 1427 326 1454 decurrerunt
337 1427 466 1460 Faustus,
482 1427 612 1463 Didymus
627 1432 655 1455 et
665 1428 836 1456 Ammonius.
850 1428 924 1455 Prae-

142 1477 218 1500 terea
239 1477 332 1501 autent
365 1474 484 1506 Phileas,
509 1473 678 1509 Hesychius,
706 1473 871 1501 Pacbomius
897 1477 925 1501 et

142 1516 323 1566 Theodorus,
350 1518 469 1554 (Egyptii
495 1519 617 1553 episcopi
633 1527 640 1545 :
658 1525 686 1546 et
704 1519 920 1546 innumerabiles
937 1536 959 1566 ο

143 1565 257 1599 insuper
268 1565 316 1592 alii
327 1565 395 1592 satis
405 1565 539 1597 celebres,
556 1565 602 1599 qui
618 1565 646 1592 in
660 1565 812 1592 litterarum
828 1572 923 1591 monu-

143 1615 235 1639 menta
254 1619 309 1639 non
323 1611 410 1644 relati,
425 1611 458 1638 ab
475 1611 528 1644 cis,
539 1611 611 1646 apud
628 1619 698 1646 quos
714 1610 844 1647 martyrio
860 1614 925 1638 sunt

143 1657 267 1685 defuncti
295 1657 453 1684 hominibus
468 1677 474 1689 ,
493 1656 598 1691 magnis
622 1661 758 1684 ornantur
782 1656 923 1684 laudibus.

145 1704 246 1731 Eorum
263 1711 329 1731 vero
355 1703 464 1730 labores
486 1708 514 1730 ct
539 1702 690 1729 certamina
721 1702 844 1729 historize
860 1702 924 1729 buic

145 1752 288 1782 inserere,
317 1749 389 1784 quod
420 1754 518 1783 praeter
546 1749 702 1775 institutum
734 1753 856 1775 nostrum
877 1749 924 1781 sit,

145 1797 234 1824 visum
266 1804 323 1823 non
351 1800 404 1822 est.
427 1794 521 1821 Restat
546 1801 640 1826 nunc,
670 1798 699 1821 ut
716 1793 883 1828 palinodiam
898 1797 926 1821 et

146 1843 363 1871 recantatiouem
381 1845 545 1876 perpetratae
559 1841 586 1867 in
602 1848 652 1868 nos
665 1840 837 1868 crudelitatis
856 1845 926 1868 atte-

146 1896 253 1916 xamus.
281 1887 369 1915 Fuere
398 1886 509 1921 quidem
538 1890 619 1913 antea
646 1885 727 1913 nobis
752 1894 768 1912 a
796 1885 927 1912 Romanis

146 1934 359 1970 imperatoribus
377 1941 420 1960 res
434 1933 533 1967 quietae
557 1936 584 1960 et
599 1932 771 1966 tranquillae,
789 1938 844 1966 quo
861 1936 929 1959 tem-

147 1990 212 2015 pore
236 1980 372 2016 professio
405 1979 560 2006 Christiana
587 1978 717 2006 omnibus
739 1978 829 2005 modis
844 1985 926 2012 quant

147 2027 265 2054 maxime
284 2026 375 2054 ﬂoruit
397 2034 404 2052 :
428 2026 466 2052 ita
491 2031 520 2052 ut
547 2024 610 2052 totis
632 2023 727 2052 decem
748 2028 831 2058 atque
843 2024 926 2051 etiam

145 2073 241 2108 viginti
254 2073 346 2104 annis,
363 2071 504 2106 splendida
521 2070 602 2106 462
616 2075 767 2105 pacataque
779 2069 928 2098 serenitate

147 2119 294 2154 plurimum
329 2118 461 2153 fulgente,
505 2116 747 2152 frequentissimos
782 2121 928 2150 ageremus

146 2169 310 2197 conventus,
325 2162 543 2198 iucunditatibus
555 2169 587 2189 ac
597 2161 704 2189 deliciis
721 2161 888 2192 frueremur,
900 2163 929 2186 et

974 241 1024 275 τῆς
1046 240 1141 267 αὐτόθι
1167 241 1324 273 παροικίας,
1349 239 1477 274 δεύτερος
1502 238 1572 266 ἐστω
1594 240 1762 271 Λουκιανὸς,

975 287 1004 312 ἐν
1019 285 1187 320 Νικομηδείᾳ
1208 286 1256 312 καὶ
1276 286 1357 317 αὐτος
1372 286 1462 319 λόγοις
1475 285 1522 312 καὶ
1538 285 1631 320 ἔργοις
1646 286 1693 311 ἐπὶ
1705 294 1763 311 πα-

977 331 1073 366 ρουσίᾳ
1085 331 1132 357 τοῦ
1146 331 1278 365 βασιλέως
1289 331 1338 365 τὴν
1353 331 1439 365 καλὴν
1452 330 1599 365 ὁμολογίαν
1609 330 1760 365 διηνυκὼς.

978 377 1097 411 Ἤνεγκε
1115 377 1144 403 δέ
1165 377 1213 403 καὶ
1235 377 1346 411 Φοινίκη
1372 376 1513 411 διαφανεῖς
1542 376 1697 411 μάρτυρας,
1710 375 1762 401 καὶ

941 453 945 456 ,
975 421 1030 449 τῶν
1054 422 1171 456 λογικῶν
1191 422 1359 458 θρεμμάτων
1378 421 1498 457 Χριστοῦ
1514 422 1648 457 ποιμένας
1662 421 1761 455 ἐπισή-

978 476 1062 503 μους·
1075 469 1121 494 τὸν
1134 467 1184 502 τῆς
1205 468 1313 502 Τυρίων
1338 467 1487 502 ἐκκλησίας
1506 467 1683 502 ἡγησάμενον
1704 467 1761 492 Tu-

977 514 1129 548 ραννίωνα⁴
1154 515 1200 540 καὶ
1215 516 1244 541 ἐν
1258 515 1314 546 τοῖς
1331 514 1401 540 κατὰ
1418 514 1522 540 Σιδῶνα
1545 513 1675 548 Ζηνόϐιος
1692 521 1760 545 πρε-

976 560 1109 595 σϐύτερος
1123 558 1167 595 ἦν.
1189 559 1320 591 Σιλόανδς
1335 560 1357 586 δ’
1380 561 1408 586 ἐν
1428 560 1530 594 Ἐμέση
1544 559 1595 593 τῆς
1610 558 1759 592 ἐκκλησίας

975 607 1086 641 ἄριστος
1105 606 1254 636 ἐπίσκοπος
1281 605 1479 640 ἐχρημάτισεν.
1510 604 1581 631 Ἀλλ’
1604 603 1683 635 οὗτος
1708 605 1759 638 μὲν

978 652 1027 678 σὺν
1041 652 1155 687 ἑτέροις,
1172 651 1254 686 θηρσὶ
1267 651 1334 686 βορὰ
1347 651 1544 686 πρνισληφθεὶς,
1558 651 1620 681 ταῖς
1635 651 1690 677 ἄνω
1705 649 1760 675 τῶν

978 697 1127 733 μαρτύρων
1150 698 1246 731 νομαῖς
1270 698 1483 732 ἐπευφραίνεται
1495 704 1503 712 ·
1519 696 1565 722 ἐπὶ
1581 695 1610 721 δὲ
1632 695 1683 729 τῆς
1701 694 1760 720 Ἀν-

976 744 1067 778 τιοχου
1081 744 1127 770 δύο
1141 744 1201 774 ταῖς
1219 743 1298 778 μέχρι
1319 742 1436 770 θανάτου
1453 741 1614 777 καρτερίαις
1630 740 1690 775 Θεῷ
1712 740 1760 766 θυ-

977 788 1038 814 σίαν
1053 788 1244 822 προσήνεγκαν
1261 786 1386 818 ἑαυτοὺς,
1401 787 1415 812 ὸ
1432 785 1480 820 μὲν
1496 785 1651 816 θαλαττίοις
1673 785 1760 818 ἅττορ-

977 833 1065 868 ριφεὶς
1077 832 1166 865 ὕδασι,
1181 832 1309 868 Ζηνόόιος
1324 832 1353 858 δέ
1369 831 1470 867 ίατρῶν
1481 830 1603 865 ἄριστος,
1613 830 1674 861 ταῖς
1687 829 1760 855 κατὰ

975 879 1102 914 πλευρῶν
1120 878 1246 913 βασάνοις
1263 878 1293 904 τὸ
1309 877 1417 911 πνεῦμα
1432 877 1529 903 λιπών.
1557 877 1619 902 Ἐπὶ
1643 875 1674 902 δὲ
1702 876 1757 901 [Ια-

974 924 1114 959 λαιστίνης
1131 925 1204 959 ἀμφὶ
1218 924 1308 955 Γάζαν
1322 922 1450 954 Σιλϐανὺς
1466 923 1617 953 ἐπίσκοπος
1634 922 1683 948 σὺν
1698 921 1757 947 ἑτέ-

975 980 1033 1007 ροις
1057 971 1115 1002 ἐνὸς
1138 970 1228 996 δέουσι
1250 970 1297 996 τὸν
1313 969 1430 1008 ἀριθμὸν
1451 968 1476 1003 μ’
1490 968 1562 995 κατὰ
1575 969 1610 994 τὰ
1626 968 1656 993 ἐν
1672 966 1755 1001 Φαίνῃ

974 1017 1075 1052 χαλκοῦ
1094 1015 1214 1049 μέταλλα
1233 1015 1305 1049 ξίφει
1322 1014 1369 1041 τοῦ
1386 1015 1436 1050 ζῇν
1452 1014 1648 1048 ὑπεξάγονται.
1675 1013 1757 1046 Αἰγύ-

975 1071 1049 1089 πτιοι
1065 1063 1087 1090 δ’
1100 1063 1189 1097 ἕτεροι
1214 1062 1321 1097 Πηλεὺς
1338 1062 1386 1088 καὶ
1409 1061 1507 1091 Νεῖλος
1532 1060 1680 1086 ἐπίσκοποι
1697 1058 1755 1093 μεθ’

974 1109 1076 1144 ἑτέρων
1091 1108 1140 1134 οὐκ
1154 1107 1254 1141 ὀλίγων
1274 1107 1323 1142 τὴν
1340 1106 1385 1133 διὰ
1404 1106 1487 1141 πυρὸς
1503 1105 1628 1138 ἐδέξαντο
1642 1105 1756 1138 ὁλοκάρ-

974 1155 1134 1182 πωσινκἘν
1148 1154 1176 1180 δὲ
1190 1154 1294 1185 τούτοις
1309 1154 1357 1181 καὶ
1371 1154 1401 1180 τδ
1415 1153 1470 1179 τῶν
1482 1153 1648 1188 Καισαρέων
1664 1151 1754 1184 θαῦμα

974 1201 987 1227 ὁ
1000 1201 1082 1231 πολὺς
1097 1200 1144 1226 καὶ
1165 1200 1250 1234 μέγας
1266 1199 1409 1233 Πάμφιλος
1425 1198 1596 1232 ἀριθμείσθω
1607 1205 1615 1213 ·
1633 1194 1664 1224 οὖ
1681 1198 1755 1228 παῖς,

974 1246 1011 1277 ὡς
1025 1246 1114 1279 λόγος,
1131 1246 1169 1277 ὡς
1185 1245 1206 1272 δ’
1232 1246 1335 1280 ἑτέροις
1363 1244 1534 1279 ἀδελφιδοῦς,
1547 1245 1560 1270 6
1579 1243 1756 1278 συγγραφεὺς

975 1291 1114 1323 Εὐσέϐιος.
1133 1290 1194 1319 Τῶν
1209 1291 1233 1318 δ’
1255 1291 1298 1318 ἐπ’
1318 1290 1534 1325 Ἀλεξανδρείας,
1551 1289 1592 1316 ἔτι
1617 1289 1646 1316 δὲ
1668 1289 1756 1321 πάσης

973 1337 1114 1372 Αἰγύπτου
1131 1339 1178 1366 καὶ
1194 1338 1336 1373 Θηὸαἲδος.
1350 1337 1457 1371 πρῶτος
1473 1335 1575 1371 Πέτρος
1591 1335 1605 1362 ὁ
1619 1336 1670 1370 τῆς
1684 1334 1757 1361 Ἀλε-

975 1381 1115 1417 ξανδρείας
1129 1382 1290 1414 ἐπίσκοπος,
1306 1380 1391 1412 ὅντως
1407 1380 1556 1415 ἱερωσύνης
1570 1380 1674 1410 κανὼν,
1688 1380 1759 1405 ιστο-

975 1428 1076 1463 ρείσθω
1089 1437 1095 1444 ·
1112 1428 1195 1455 ἔτιδὲ
1213 1429 1260 1455 καὶ
1286 1427 1310 1454 οἱ
1337 1427 1385 1454 σὺν
1402 1427 1478 1461 αὑτῷ
1502 1427 1548 1453 τὸν
1575 1425 1635 1452 ῐσον
1658 1426 1758 1461 δρόμον

974 1475 1113 1507 ἐτέλεσαν,
1127 1474 1258 1506 Φαῦστος,
1282 1473 1397 1508 Δίδυμος
1422 1473 1469 1499 καὶ
1493 1471 1660 1506 Ἀμμώνιος.
1686 1471 1758 1506 Πρὸς

975 1520 1008 1554 δὴ
1021 1519 1127 1552 τούτοις
1144 1519 1239 1550 Φιλέας
1260 1527 1290 1545 τε
1315 1519 1364 1545 καὶ
1383 1517 1521 1552 Ἠσύχιος,
1541 1517 1589 1543 καὶ
1611 1516 1758 1551 Παχώμιος

976 1566 1023 1592 καὶΙ
1048 1566 1187 1599 Θεόδωρος
1209 1564 1270 1591 κατ’
1294 1564 1464 1598 Αἰγυπτίους
1483 1563 1647 1590 ἐπίσκοποι·
1665 1561 1759 1597 μυρίοι

975 1621 1005 1639 τε
1032 1612 1080 1638 ἐπὶ
1106 1612 1213 1642 τούτοις
1239 1611 1314 1637 ἄλλοι
1342 1611 1482 1644 διαφανεῖς
1493 1617 1501 1625 ⁸
1517 1609 1541 1636 οἳ
1558 1608 1591 1644 δὴ
1607 1609 1691 1644 πρδςπ
1703 1608 1758 1634 τῶν

976 1659 1046 1686 κατὰ
1061 1659 1143 1685 τόπον
1158 1657 1263 1693 ἀνδρῶν
1276 1657 1451 1691 ἀνάγραπτοι
1468 1655 1708 1691 μνημονεύονται·
1722 1653 1760 1682 ὧν
1794 1657 1797 1658 ⁷

976 1705 1038 1734 τοὺς
1053 1703 1149 1733 ἄθλους
1166 1704 1214 1728 καὶ
1228 1702 1262 1728 τὰ
1277 1701 1456 1735 παλαίσματα
1470 1701 1563 1736 γραφῇ
1578 1700 1628 1726 νῦν
1643 1699 1761 1733 παραδι-

976 1750 1049 1776 δᾶνκι
1063 1748 1093 1775 ού
1107 1748 1157 1783 τῆς
1174 1747 1316 1782 παρούσης
1333 1746 1525 1781 πραγματείας
1540 1745 1600 1771 ἐστί
1614 1752 1622 1760 ·
1637 1745 1683 1772 τοῦ
1704 1746 1759 1772 λοι-

976 1795 1029 1822 ποῦ
1045 1795 1073 1821 δὲ
1086 1794 1134 1829 τὴν
1147 1792 1313 1827 παλινῳδίαν
1327 1791 1382 1819 τῶν
1396 1791 1461 1825 περὶ¹
1479 1791 1553 1826 ἡμᾶς
1568 1790 1760 1825 είργασμὲνων

978 1841 1169 1868 ἐπισυνάπτειν
1195 1838 1304 1874 χρεών·
1328 1835 1399 1872 ἦσαν
1418 1837 1468 1872 μὲν
1493 1836 1541 1863 οὖν
1568 1844 1600 1870 γε
1627 1837 1761 1871 πρότερον

978 1888 1042 1922 φίλα
1057 1887 1104 1914 καὶ
1119 1885 1247 1921 είρηναϊα
1265 1885 1298 1910 τὰ
1313 1884 1368 1910 τῶν
1384 1883 1524 1918 ἀρχόντων
1540 1882 1591 1916 τῆς
1616 1881 1762 1916 Ῥωμαίων

978 1933 1128 1969 ἡγεμονίας
1143 1933 1209 1967 ἡμῖν
1222 1940 1227 1948 ι
1251 1931 1280 1957 ἐν
1296 1926 1318 1963 ᾧ
1333 1929 1466 1964 μεγίστης
1479 1928 1610 1962 εὐπορίας
1637 1928 1686 1954 καὶ
1701 1928 1762 1956 εὐε-

977 1979 1076 2014 τηρίας
1091 1979 1206 2012 ὴξίωντο
1223 1977 1258 2003 τὰ
1274 1976 1397 2011 ἡμέτερα
1411 1982 1419 1990 ·
1443 1974 1481 2005 ὡς
1506 1974 1553 2000 καὶ
1566 1972 1762 2007 δεκαετηρίδας

979 2025 1026 2051 καὶ
1050 2022 1273 2057 εἰκοσαετηρίδας
1296 2021 1498 2056 ἐκπλήσαντας,
1513 2019 1586 2054 ἡμᾶς
1601 2019 1631 2044 ἐν
1647 2018 1763 2053 λαμπρᾷ

980 2069 1026 2094 καὶ
1041 2065 1159 2100 σταθερᾷ
1173 2066 1206 2100 τῇ
1221 2065 1324 2099 γαλήνῃ
1351 2063 1517 2098 πανηγύρεις
1531 2062 1621 2095 ἄγειν,
1638 2060 1763 2091 θαλείαις

979 2122 1008 2140 τε
1024 2113 1070 2139 καὶ
1083 2112 1198 2146 τρυφαῖς
1212 2110 1409 2142 ἐνδιαιτᾶσθαι,
1424 2110 1471 2135 καὶ
1486 2109 1597 2143 εἰρήνης
1612 2108 1763 2134 ἀπολαύειν

981 2159 1089 2194 βαθείας
1102 2166 1110 2174 ·
1134 2157 1181 2184 καὶ
1197 2157 1245 2184 ἐπὶ
1264 2157 1336 2191 μέγα
1365 2156 1400 2182 τὰ
1420 2155 1471 2190 τῆς
1494 2154 1621 2186 ἐξουσίας
1649 2153 1762 2189 ηὔξητο.

148 2219 214 2246 pace
232 2217 328 2236 secura
353 2209 430 2243 quasi
459 2208 658 2238 dilllueremus,
681 2207 811 2234 libertate
833 2211 924 2233 nostra

984 2205 1151 2239 καθεκάστην
1171 2203 1334 2234 ἐπιδιδόντα,
1351 2202 1398 2229 καὶ
1416 2201 1502 2236 αύξην
1515 2201 1546 2227 ού
1564 2201 1681 2236 μετρίαν
1695 2201 1764 2235 λαμ-

148 2256 235 2291 magis
259 2262 292 2282 ac
318 2255 405 2289 magis
429 2253 571 2288 gliscente,
591 2257 671 2287 atque
688 2253 857 2279 incrementa
879 2258 927 2278 sua

148 2303 174 2329 in
199 2301 256 2328 dies
278 2300 417 2335 capiente.
436 2298 506 2326 Ecce
533 2299 626 2324 autem
651 2297 685 2324 de
708 2296 858 2331 improviso
878 2297 929 2323 im-

148 2350 291 2382 peratores
320 2343 456 2373 sententia
480 2347 595 2375 mutata,
625 2342 694 2370 citra
721 2341 929 2376 clarigationem

148 2398 226 2419 atrox
241 2391 306 2418 illud
332 2396 360 2418 et
378 2389 611 2417 irrcconciliabile
633 2392 728 2415 contra
752 2395 802 2415 nos
827 2388 927 2415 bellum

149 2441 276 2468 moveut,
308 2435 380 2470 quod
409 2442 495 2469 prope
523 2437 687 2468 perpetuum
715 2433 824 2460 duravit
852 2433 929 2460 bien-

150 2485 224 2511 nium
233 2482 280 2517 (Ξ).
292 2482 361 2509 Cum
381 2489 446 2508 vero
466 2488 565 2507 novum
584 2480 780 2514 insolitumque
797 2480 928 2514 quiddam

150 2529 255 2557 auctori
268 2533 295 2555 et
309 2528 372 2554 duci
400 2526 615 2562 importunitatis
639 2526 699 2562 ejus
713 2530 741 2553 et
757 2526 869 2553 malitias
885 2534 929 2552 ac-

150 2575 274 2606 cidisset,
293 2582 401 2601 rursum
417 2575 443 2601 id
467 2574 583 2601 mutavit
605 2573 707 2606 omnia,
730 2577 758 2600 et
775 2573 808 2599 ad
825 2575 926 2600 statum

150 2620 320 2655 inopinatum
339 2620 462 2652 adduxit,
485 2620 568 2647 rebus
585 2619 692 2652 imperii
707 2619 733 2645 in
750 2618 818 2645 duas
837 2623 929 2652 partes

150 2669 274 2696 divisis:
310 2669 382 2704 quod
412 2673 473 2695 ante
496 2668 522 2694 id
553 2672 660 2702 tempus
690 2666 721 2692 ad
747 2674 810 2692 cum
841 2666 950 2693 modum

980 2253 1106 2279 ϐάνοντα.
1127 2251 1258 2283 Ἐξάπινα
1274 2250 1296 2277 δ’
1321 2247 1368 2276 οὖν
1393 2249 1458 2284 ἡμῖν
1486 2247 1682 2282 μεταθέμενοι,
1696 2247 1765 2281 ἀκη-

980 2299 1078 2335 ρυχτεὶ
1092 2298 1139 2324 τὸν
1155 2297 1289 2325 ἄσπονδον
1313 2297 1418 2322 ἐκεῖνον
1442 2294 1504 2322 καθ’
1528 2293 1609 2329 ἡμῶν
1624 2294 1764 2329 ἐγείρουσι

981 2344 1108 2379 πόλεμον.
1120 2343 1173 2370 Καὶ
1182 2342 1307 2377 δεύτερόν
1318 2349 1370 2368 που
1378 2341 1438 2372 ἐτος
1446 2341 1496 2375 τῆς
1508 2340 1615 2367 τοιᾶσδε
1627 2342 1764 2375 κινήσεως

980 2391 1086 2425 ἀδιεχές
1099 2388 1143 2425 ἦν.
1158 2389 1275 2415 Ἔπειτα
1288 2387 1418 2422 νεώτερόν
1431 2396 1457 2414 τι
1470 2387 1582 2422 γεγονὸς
1596 2386 1635 2422 τῷ
1649 2386 1764 2421 ἀρχηγῷ

981 2437 1031 2470 τῆς
1047 2436 1155 2468 κακίας,
1171 2435 1205 2461 τὰ
1224 2436 1312 2461 πάντα
1330 2432 1496 2469 μετέστρεφε
1508 2441 1514 2448 ⁸
1531 2433 1577 2460 καὶ
1594 2433 1636 2464 είς
1653 2433 1764 2460 ἀλλοίω-

984 2490 1025 2508 σιν
1043 2481 1121 2516 ξένην
1138 2483 1287 2515 μετήγαγε,
1302 2480 1362 2514 διχῆ
1380 2479 1434 2505 τῶν
1458 2478 1629 2514 πραγμάτων
1644 2479 1761 2513 διαιρου-

983 2527 1072 2562 μένων
1083 2536 1089 2542 ·
1105 2527 1120 2553 ὃ
1143 2529 1249 2562 μήποτε
1268 2527 1380 2560 γεγονὸς
1411 2526 1569 2560 ἱστορεῖται.
1597 2524 1671 2558 Ἐγὼ
1684 2525 1714 2551 δὲ
1728 2525 1764 2556 ὡς

982 2573 1045 2608 ἔσχε
1060 2574 1094 2599 τα
1104 2574 1152 2608 τῆς
1166 2573 1332 2608 μεταϐολῆς,
1346 2573 1383 2603 ὡς
1397 2572 1468 2604 ἐνὸν,
1483 2571 1605 2606 ἀρχῆθεν
1621 2571 1764 2598 ἀναλαᾱῖνθ

982 2619 1155 2654 διηγήσομαι.

974 2667 1072 2694 factum
1098 2676 1158 2695 esse
1190 2677 1244 2694 non
1278 2667 1386 2702 legitur.
1409 2666 1464 2702 Ego
1488 2674 1552 2693 vero
1586 2665 1763 2691 mutationem

149 2724 208 2744 eam
225 2715 306 2742 altius
328 2716 362 2742 ab
382 2715 440 2749 ipso
465 2714 542 2740 initio
571 2717 709 2747 repetens,
723 2716 856 2746 quantum
883 2717 989 2747 potero,
1011 2722 1155 2747 exponam.

184 2786 223 2820 (l)
244 2786 288 2812 Ἑν
301 2785 405 2815 Φαινοῖ,
422 2783 522 2820 Euseb.

186 2816 224 2856 (*2)
239 2819 422 2848 Diocletianus
438 2823 464 2845 ct
478 2817 625 2856 Herculius
638 2816 754 2856 biennio
770 2819 826 2855 toto
839 2817 928 2841 conti—

152 2852 248 2886 nenter
266 2855 438 2884 Christianos
457 2853 621 2880 afﬂixerunt.
638 2852 860 2879 l’ersveutioucm
881 2857 926 2876 nu-

986 2785 1037 2808 tem
1053 2782 1184 2816 reliquam
1207 2782 1285 2808 anuis
1299 2786 1360 2808 octo
1378 2781 1484 2816 tyranni
1506 2786 1679 2807 successores
1703 2784 1766 2806 sunt

983 2818 1113 2844 exs-:cuti.
1131 2817 1203 2844 Infra
1223 2825 1282 2851 cap.
1297 2816 1341 2843 2'2.
