1880 3063
82 140 152 171 1Ξ5Ἱ

545 136 847 170 ECCI.ESIASTlC.’E
866 137 1061 169 HISTORLE
1081 138 1153 169 LIB.
1175 138 1241 169 VH.

1631 134 1703 170 1254

83 203 145 221 στον
162 194 270 224 ἐκείνου
286 194 376 231 ψυχὴν
398 195 470 222 κατὰ
489 195 588 230 κράτος
609 196 763 231 νικήσασα·
787 196 820 231 ἣν
836 195 869 230 δὴ

949 195 1057 222 Iulteria
1079 196 1148 230 ejus,
1165 195 1227 230 quis
1243 201 1336 230 qumso
1350 201 1488 230 exponere
1507 194 1612 228 possit?
1626 195 1703 222 Civi-

82 242 189 267 κτείναι
221 241 392 277 δεομένην,ἢ
423 242 467 268 τὸν
494 242 620 276 σώφρονα
647 242 778 276 λογισμὸν
806 251 872 276 προ-

81 285 184 318 δοῦναι,
199 286 250 320 τῆς
266 285 412 320 ἐπιθυμίας
440 287 571 324 μᾶλλονῆ
591 286 638 313 τοῦ
662 287 749 322 θυμοῦ
771 296 872 322 τυραν-

83 333 193 367 νοὺσης,
220 332 267 359 καὶ
284 333 345 363 ταῖς
370 332 458 359 ἐλπίσι
480 333 711 368 μετεωριζούσης,
731 334 761 360 οὐ
787 342 872 367 κατη-

85 379 195 411 ξίωσεν.
218 379 363 414 ’Δειφυγίᾳ
382 378 408 405 δὲ
430 378 582 413 ζημιώσας,
603 379 697 414 κύριον
712 379 808 406 ἑαυτὸν
822 379 871 414 τῆς

84 425 248 460 περιουσίας
263 424 388 451 καθίστα.
405 425 505 451 [leuati
522 425 570 459 μὲν
587 424 633 451 οὖν
647 425 693 451 καὶ
707 424 785 452 ἄλλαι
802 424 871 452 κατὰ

84 472 186 502 τόπους
204 471 266 506 μηδ’
281 470 376 505 ἄκροις
391 471 459 498 ὠσὶν
479 471 663 506 ἀνασχόμεναι
677 472 870 508 πορνευθῆναι,

85 518 178 544 πάντα.
206 516 304 544 παθεῖν
324 518 387 552 ἄχρι
405 517 438 552 δὴ
455 517 571 544 θανάτου
597 518 750 553 ἠνέσχοντο.
771 519 825 544 Καί
839 526 870 552 γε

85 564 240 598 θαυμάσιαι
257 563 306 599 μὲν
321 564 436 596 ἐκεῖναι,
450 564 540 598 πολλῷ
560 564 589 590 δὲ
605 564 815 599 ὑπερὸάλλουσα
832 563 871 598 τῷ

84 609 159 643 μέσῳ
173 610 191 644 ἠ
208 610 256 634 ἐπὶ
276 608 385 643 Ῥώμης
409 609 498 643 ἐκείνη
519 609 633 645 εὐγενὴς
653 609 691 644 τῷ
705 609 761 635 ὄντι
776 609 848 644 ψυχή
863 617 870 624 ·

82 656 115 681 τὰ
131 654 189 688 γὰρ
203 655 285 688 ὅμοια
297 654 363 689 δρᾷ-ι
381 654 481 680 ἐθέλων
495 655 640 689 Μειξιμίνῳ
651 654 813 687 Μαξέντιος,
828 652 871 681 οἷα

84 700 118 727 τὰ
135 700 258 734 συγγενῆ
276 700 324 725 καὶ
339 700 440 734 ἀδελφὰ
458 699 501 734 ἐφ’
515 700 600 726 ἄπεισι
625 699 672 726 καὶ
696 700 803 735 φρονῶν
824 700 872 726 καὶ

86 747 217 780 πράττων
232 745 340 780 ἐκείνῳ,
358 746 475 780 ἐπείπερ
495 746 586 781 ἐκείνη
599 747 661 778 τοὺς
677 746 724 781 τῆς
744 746 870 779 πράξεως

87 791 244 827 ὑπουργοὺς
257 791 296 826 τῷ
314 791 435 826 σφετέρῳ
453 792 521 827 οἴκῳ
543 792 705 822 ἑπιστάντας
730 792 810 826 ἔγνω,
825 792 872 817 καὶ

83 838 170 863 ταῦτα.
194 837 241 864 τοῦ
269 837 365 872 ἀνδρὸς
394 838 478 870 αὐτῆς
500 837 549 871 τὴν
576 837 622 863 τοῦ
650 838 772 872 ἐπάρχου
794 837 886 870 ἀξίαν,

84 883 310 918 διαχειρίζοντος,
326 883 553 914 κατασεισθέντος
567 882 605 918 τῷ
620 883 674 909 δέει
692 883 739 910 καὶ
754 883 873 916 ἀπάγειν

85 928 255 962 κελεύοντος,
271 929 331 955 ἐπεὶ
348 929 457 960 ἐξιοῦσα
474 929 504 954 οὐ
531 929 600 956 πάνυ
622 929 689 956 πολὺ
713 929 809 965 προῄει
826 929 871 956 τοῦ

85 974 173 1007 οἴκου,
186 974 470 1011 ὑποπαραιτησαμένη
484 973 563 1008 δῆθεν
578 975 639 1004 τοὺς
654 975 770 1008 ἄγοντας
786 975 823 1005 ὡς
841 974 872 1000 ἂν

85 1020 154 1055 πρὸς
171 1020 375 1054 εὐσχημότερον
396 1019 515 1046 διάθοιτο
535 1020 633 1055 ἑαυτήν
644 1027 652 1036 ⁶
671 1020 821 1054 μονωθεῖσα
833 1020 872 1053 δὲ,

84 1065 133 1099 τὴν
156 1064 297 1099 μάχαιραν
319 1063 390 1090 κατὰ
406 1063 460 1090 τῶν
475 1063 600 1098 ὲγχάτων
616 1064 716 1099 ἤλαυνε
729 1072 738 1080 '
756 1064 801 1090 τὸν
822 1064 873 1098 μὲν

84 1110 174 1144 αὐτῆς
197 1111 296 1144 νεκρὸν
321 1110 436 1142 ἐκείνοις
460 1110 589 1142 λιποῦσα,
606 1109 699 1145 ἔργοις
724 1110 752 1137 δὲ
780 1111 873 1141 αὐτοῖς

84 1155 306 1190 παραδεικνῦσα,
326 1156 367 1182 ὅτι
390 1156 472 1190 μόνον
488 1156 639 1191 χρημάτων
657 1156 786 1183 ἁπάντων
801 1155 871 1182 ἀνώ-

83 1201 182 1235 λεθρον
203 1201 250 1226 καὶ
273 1201 407 1235 ἀήττητον
420 1202 436 1236 ὴ
451 1203 527 1236 παρὰ
553 1203 729 1236 Χριστιανοῖς
752 1203 872 1237 πέφυκεν

85 1246 182 1281 ἀρετὴ,
200 1246 248 1272 καὶ
261 1246 350 1272 -οὒδὲν
370 1247 527 1282 ἐρρωμένου
549 1248 683 1283 λογισμοῦ
710 1247 872 1285 βιαιότερον.

85 1290 215 1325 Τοσαύτη
229 1291 328 1321 κακίας
341 1293 412 1326 φορὰ
426 1292 478 1318 ὑπὸ
491 1293 536 1319 τὸν
550 1294 631 1320 αὐτὸν
650 1295 697 1320 καὶ
714 1295 762 1321 ἕνα
777 1295 872 1330 χρόνον

84 1337 136 1370 ’τήν
155 1343 186 1361 τε
199 1336 237 1362 Eo)
255 1337 302 1363 tut
318 1337 438 1372 ἑσπέραν
448 1337 587 1374 διείληφεν
610 1340 662 1366 ὑπὸ
678 1340 733 1367 τῶν
748 1341 795 1367 δύο
811 1343 874 1367 τού-

85 1390 142 1408 των
156 1382 297 1416 τυράννων
313 1383 414 1418 ἁδελφὰ
429 1385 602 1420 φρονούντων
617 1386 660 1421 ἐφ’
673 1386 784 1414 ἆπασιψ
801 1386 872 1414 ὥστε

85 1426 258 1459 ἀδιστὰκτως
271 1429 475 1464 ἀποφηναμένῳ
490 1430 577 1456 είπεῖν
593 1430 698 1464 ἔξεστιν
722 1431 809 1459 αἴτιον
824 1433 873 1468 τῆς

82 1472 182 1498 -αὓτῶν
207 1474 344 1510 τοσαύτης
360 1475 581 1516 ἑγκατξλείψεως
605 1477 665 1511 μετ’
682 1478 770 1512 ὀλίγον
789 1479 873 1513 μηδὲν

923 243 1005 266 tatem
1037 240 1177 275 praeterire
1209 241 1298 275 potuit
1328 240 1440 271 nullam,
1472 240 1538 274 quin
1564 240 1703 274 pleraeque

923 286 1053 314 mulieres
1072 285 1235 313 vitiarentur
1247 291 1330 321 atque
1345 289 1518 320 raperentur.
1536 286 1591 313 Nec
1606 286 1633 313 in
1653 294 1704 313 nos

923 330 1007 363 solos,
1025 331 1071 358 sed
1094 332 1121 359 in
1146 339 1242 358 omnes
1258 331 1341 358 etiam
1358 332 1485 358 subditos
1501 339 1567 358 suos
1583 339 1629 359 res
1648 337 1703 359 tam

922 383 1018 410 graves
1044 378 1178 404 exercuit.
1208 378 1287 412 Apud
1317 385 1367 405 nos
1395 378 1506 413 quidem
1534 378 1561 404 in
1590 378 1704 412 Oriente

920 423 996 457 juxta
1007 422 1040 449 ﬁt
1054 422 1213 456 Occidente,
1224 424 1346 455 non.viri
1361 429 1465 451 tantum
1481 429 1594 459 propter
1609 432 1704 451 veram

923 468 951 495 in
968 468 1051 495 Deum
1067 469 1208 503 pietatem,
1235 469 1370 497 adversus
1393 470 1495 504 ignem,
1512 471 1628 503 ferrum,
1645 471 1704 505 gla-

923 514 993 545 dios,
1011 515 1096 542 maris
1119 515 1217 548 undas,
1235 516 1346 548 famem,
1364 522 1459 543 aestum
1475 520 1503 543 et
1522 517 1653 551 δίδοι-ειη.
1676 522 1705 544 et

923 564 1019 587 eontra
1035 560 1150 592 bestias,
1171 562 1417 596 membrorumque
1431 562 1604 589 concisiones
1620 563 1704 596 depu-

922 611 1043 640 gnarunt
1065 616 1071 633 :
1102 607 1149 634 sed
1175 612 1203 634 et
1230 607 1398 636 mulierculae
1427 608 1521 636 divino
1545 609 1705 635 confortatus

923 651 1018 683 verbo,
1041 652 1136 679 eadem
1165 652 1225 680 hac
1247 653 1369 688 perferre
1397 654 1588 681 sustinuerunt
1613 663 1619 681 :
1646 660 1706 689 qua!

922 704 984 723 cum
1001 697 1034 723 ad
1052 698 1274 731 corruptionem,
1290 703 1416 734 stuprum
1432 704 1459 726 et
1481 699 1621 733 pudicitia:
1636 707 1704 726 con-

925 743 1132 770 taminationem
1152 744 1332 777 ducerentur,
1348 745 1431 771 vitam
1448 745 1531 772 citius
1548 753 1628 780 quam
1645 753 1706 772 cor—

923 796 974 824 pus
989 789 1180 824 prodiderunt.
1197 790 1225 817 id
1241 791 1313 825 quod
1329 791 1437 826 egregie
1454 792 1575 819 ostendit
1592 793 1707 819 Alexans

924 835 1004 862 drina
1022 835 1065 862 illa
1081 836 1179 862 mulier
1190 836 1239 870 (-l),
1252 837 1363 871 opibus,
1375 837 1438 863 vitae
1454 837 1591 868 instituto,
1603 838 1706 865 virtute

926 886 954 908 et
976 882 1003 908 in
1018 883 1114 916 primis
1129 883 1265 910 castitatis
1280 883 1367 918 gloria
1384 884 1513 916 celebris,
1531 891 1593 918 qua)
1614 884 1706 910 libidi-

927 935 1025 955 nosum
1049 928 1109 964 ejus
1137 929 1260 955 animum
1284 929 1434 956 fortissime
1458 930 1610 964 superavit.
1637 928 1707 956 Cum

921 978 1045 1008 namque
1058 982 1120 1001 etim
1137 974 1181 1001 illa
1197 974 1391 1007 obtestarctur,
1407 979 1437 1002 ut
1450 976 1530 1002 vitam
1549 976 1710 1010 sibipotius-

925 1026 1006 1053 quam
1022 1019 1183 1053 pudicitiam
1201 1020 1346 1053 adimeret,
1357 1020 1430 1055 quod
1443 1020 1594 1055 cnpiditate
1609 1021 1708 1056 magis,

925 1072 986 1099 quae
1002 1073 1063 1092 cuin
1082 1065 1109 1092 in
1124 1073 1248 1100 magnam
1266 1073 1341 1100 spem
1360 1071 1423 1093 voto
1440 1073 1491 1093 suo
1511 1067 1633 1101 potiendi
1647 1074 1705 1093 sus-

926 1110 1038 1143 tulerat,
1069 1119 1151 1146 quam
1174 1112 1213 1138 ira
1229 1118 1418 1147 grassaretur,
1435 1113 1564 1147 precibus
1579 1112 1638 1147 ejus
1652 1120 1707 1138 non

922 1157 1073 1191 acquievit,
1098 1157 1146 1184 sed
1170 1158 1229 1192 ejus
1255 1157 1283 1184 in
1303 1164 1469 1192 perpetuum
1494 1162 1561 1185 actae
1580 1158 1709 1185 exsilium

925 1203 1108 1230 substantiam
1129 1211 1238 1230 omnem
1260 1203 1403 1235 involavit,
1419 1203 1528 1238 sibique
1546 1203 1707 1231 vindicavit.

921 1246 1016 1274 liniue
1034 1252 1165 1282 praeterea
1181 1248 1241 1275 alia:
1253 1248 1436 1283 inplerisque
1447 1248 1526 1281 locis,
1541 1255 1576 1275 ne
1592 1250 1711 1276 summis

925 1294 1036 1328 quidem
1054 1294 1169 1320 auribus
1185 1293 1218 1321 de
1230 1300 1328 1329 stupro
1341 1301 1370 1321 se
1383 1295 1542 1326 compellari
1558 1295 1706 1329 patientes,

925 1339 1072 1366 durissima
1090 1347 1206 1374 quaeque
1221 1340 1255 1367 ad
1268 1344 1383 1367 mortem
1398 1348 1484 1374 usque
1497 1341 1636 1375 pertulere
1648 1349 1706 1369 ma-

925 1386 961 1413 la.
980 1386 1044 1419 Qua:
1063 1387 1173 1422 quidem
1196 1387 1368 1415 admirandae
1386 1392 1451 1415 sunt
1468 1396 1574 1421 omnes,
1598 1388 1643 1415 illa
1664 1392 1707 1415 ta—

925 1439 988 1459 men
1006 1433 1135 1467 prmclara
1150 1433 1268 1460 maxime
1281 1433 1450 1461 nobilissima
1462 1434 1489 1461 in
1502 1435 1570 1462 urbe
1583 1433 1706 1462 Romana

927 1477 1027 1503 anima.
1046 1477 1200 1504 Maxentius
1216 1486 1345 1513 namque,
1364 1479 1411 1513 qui
1438 1479 1553 1506 libidine
1582 1479 1706 1506 Maximi-

85 1519 154 1544 ἄλλο
166 1527 196 1553 γι
213 1517 282 1546 εἶναι
297 1520 314 1555 ἢ
338 1520 382 1547 τὸν
398 1521 459 1548 καθ’
479 1522 558 1557 ἡμῶν
570 1523 690 1557 διωγμόν
703 1532 709 1539 ·
730 1525 759 1555 ὃς
779 1524 811 1559 δὴ
828 1525 873 1551 καὶ

949 1530 991 1550 um
1005 1523 1128 1549 aemulari
1145 1523 1173 1550 in
1186 1524 1308 1551 animum
1327 1524 1483 1556 induxerat.
1500 1525 1598 1553 eadem
1617 1526 1646 1553 in
1661 1534 1707 1553 re-

88 1562 186 1589 στάσιν
202 1563 315 1599 εἰλήχει,
332 1564 412 1600 ἡμῶν
425 1565 474 1601 τὴν
495 1566 598 1601 συνήθη
616 1568 772 1603 παρρησίαν
793 1567 872 1600 αὖθις

949 1577 980 1596 us
1006 1569 1137 1596 onmibus
1160 1577 1221 1603 qua:
1238 1569 1293 1601 ille,
1317 1570 1401 1598 veluti
1426 1572 1599 1606 propinquus
1624 1577 1706 1607 atque

87 1608 105 1633 ἀ
112 1607 290 1636 πολαΰόντων.
656 1611 679 1615 ’
707 1612 710 1615 ”

949 1620 1014 1642 'ater
1032 1618 1059 1641 et
1074 1615 1196 1642 sentiens
1212 1620 1239 1642 et
1257 1614 1369 1650 faciens,
1387 1617 1415 1644 in
1430 1618 1504 1645 aedes
1518 1619 1578 1654 ejus
1599 1618 1708 1647 feminae

83 1653 270 1681 administros
283 1655 371 1690 stupri
392 1656 505 1684 miserat
520 1657 557 1692 (2)
575 1665 581 1683 :
602 1656 681 1693 47],
700 1658 874 1692 maritusque
893 1659 957 1694 ejus
987 1660 1180 1695 praefecturam
1198 1661 1274 1688 urbis
1289 1669 1398 1696 gerens,
1419 1662 1518 1691 timore
1536 1653 1708 1699 perculsus,

87 1700 189 1727 abduci
203 1707 264 1727 eam
278 1701 409 1736 jusserat.
427 1702 486 1737 Ipsa
499 1708 591 1730 autem
605 1704 686 1731 domo
717 1711 826 1739 egressa
858 1705 909 1741 (5),
932 1713 994 1733 cum
1027 1706 1170 1742 paululum
1201 1708 1348 1736 admodum
1377 1709 1575 1744 processisset,
1605 1710 1709 1738 dolosis

86 1747 234 1775 blanditiis
251 1757 266 1776 a
282 1750 496 1784 productoribus
512 1753 570 1779 suis
584 1753 753 1787 impetravit,
790 1759 819 1781 ut
852 1755 906 1783 sibi
930 1754 956 1782 in
981 1756 1055 1783 aedes
1081 1756 1115 1784 ad
1141 1756 1264 1784 habitum
1286 1757 1472 1792 vestitumque
1494 1757 1636 1785 cultiorem
1661 1765 1710 1785 su-

87 1793 221 1821 mendum
241 1794 333 1822 redire
348 1795 455 1823 liceret.
471 1795 560 1831 Atque
573 1797 611 1825 ibi
632 1805 694 1825 cum
732 1799 791 1826 sola
824 1806 908 1834 esset,
929 1802 1020 1829 cultro
1034 1802 1152 1838 seipsam
1170 1803 1304 1830 confodit.
1322 1802 1367 1830 Sic
1382 1803 1428 1830 illa
1443 1803 1560 1831 cadaver
1573 1803 1615 1831 eis
1625 1811 1708 1832 suum

90 1841 206 1875 reliquit
223 1850 230 1868 :
251 1841 323 1868 facto
343 1848 434 1868 autem
453 1842 500 1869 tali
516 1843 584 1869 satis
601 1843 761 1878 declaravit,
797 1853 890 1873 rerum
909 1849 1033 1875 omnium
1059 1849 1175 1875 maxime
1211 1848 1340 1876 invictam
1362 1852 1444 1883 atque
1465 1849 1728 1884 inexpugnabilem\

87 1888 314 1916 Christianorum
325 1887 469 1921 virtutem,
481 1888 605 1923 nihilque
617 1897 679 1917 esse
710 1890 802 1918 animo
833 1891 913 1919 firmo
932 1897 959 1919 et
976 1894 1112 1920 constanti
1131 1893 1288 1920 violentius.
1315 1892 1419 1920 Tantus
1441 1893 1570 1920 vitiorum
1589 1894 1711 1930 ﬂagitio.

88 1941 210 1969 rumque
235 1934 358 1960 omnium
390 1939 447 1962 uno
481 1935 634 1969 eodemque
663 1940 790 1971 tempore
823 1945 872 1971 per
890 1938 1031 1965 Orientem
1065 1938 1298 1973 Occidentemque
1315 1938 1409 1971 simul,
1435 1939 1518 1967 simul
1534 1942 1706 1970 subduobus

88 1982 167 2009 hisce
195 1981 327 2015 tyrannis,
342 1987 486 2015 germanos
519 1981 546 2007 in
579 1981 730 2009 sceleribus
756 1983 884 2010 omnibus
915 1984 1021 2012 animos
1059 1984 1268 2016 obtinentibus,
1294 1989 1444 2019 proventus
1472 1986 1534 2014 fuit.
1561 1987 1711 2018 Aﬂirmare.

88 2027 284 2057 mediusﬁdius
300 2032 375 2054 certe
393 2035 515 2062 possum,
534 2028 608 2062 quod
624 2027 662 2055 illi
676 2028 751 2055 brevi
771 2033 866 2063 postea
885 2030 912 2057 in
948 2034 1052 2057 tantum
1070 2035 1134 2058 sunt
1169 2030 1287 2066 conjecti
1310 2031 1470 2065 discrimen,
1489 2033 1559 2061 nihil
1583 2034 1657 2062 aliud
1676 2035 1710 2063 in

88 2082 175 2101 causa
195 2073 292 2106 fuisse,
310 2081 391 2108 quam
406 2082 477 2108 cam,
493 2082 554 2110 quae
586 2081 681 2103 contra
700 2083 750 2103 nos
770 2077 889 2104 excitata
930 2084 982 2110 est,
1003 2078 1236 2113 persecutionem.
1262 2080 1300 2108 Ea
1321 2087 1386 2106 vero
1404 2080 1526 2115 vigorem
1549 2084 1708 2117 statumque

88 2127 172 2148 suum
206 2120 357 2148 ﬁrmiorem
384 2125 425 2148 est
452 2126 616 2156 consecuta,
639 2131 702 2150 cum
728 2130 779 2151 nos
806 2129 966 2152 consuetam
1002 2125 1160 2153 libertatem
1193 2131 1222 2154 et
1257 2127 1440 2154 constantiam
1476 2132 1601 2156 nostram
1629 2136 1710 2157 rece-

89 2170 195 2202 pimus.

379 2228 505 2256 ΚΕΦΑΛ.
521 2227 587 2258 KB'.

89 2285 162 2320 Περὶ
183 2284 243 2312 τῶν
271 2286 507 2319 ἐπισκηψάντωιν
524 2286 640 2319 δεινῶν,
662 2287 712 2314 καί
738 2287 794 2322 τῆς
812 2287 873 2314 τῶν

282 2322 471 2354 κρατούντων
482 2322 679 2355 παλινῳδίας.

127 2410 231 2446 Χρόνου
246 2411 299 2446 γὰρ
316 2410 428 2438 δεκάτου
442 2410 586 2446 ἐξήκοντος
600 2411 638 2446 τῷ
655 2411 778 2446 διωγμῷ,
797 2412 873 2439 οὐδὲν

89 2459 104 2484 ὃ
126 2466 154 2484 τι
180 2457 232 2483 τῶν
257 2457 296 2487 είς
322 2456 466 2492 ὲπιῦουλὴν
493 2457 540 2483 καὶ
569 2457 686 2492 πόλεμον
707 2459 754 2484 καὶ
783 2459 874 2490 αὐτοῖς

90 2504 295 2539 παραλέλειπτο
305 2511 312 2518 ·
328 2503 418 2538 μάχης
432 2503 487 2538 γὰρ
502 2503 530 2528 ὲν
545 2503 584 2538 τῷ
601 2503 703 2538 μεταξὺ
726 2505 782 2531 τοῖν
802 2505 875 2531 δυοῖν

89 2551 235 2586 τυράννοιν
249 2549 442 2585 γεγενημένης,
455 2549 578 2580 ἀπλωτος
595 2550 644 2584 μὲν
659 2551 675 2584 ἡ
690 2550 809 2577 θάλαττα
821 2549 855 2586 ἦν
866 2559 874 2567 ·

92 2600 116 2625 εί
140 2598 168 2624 δέ
195 2606 246 2625 που
266 2598 313 2623 καὶ
331 2597 413 2629 πλοῦς
430 2596 476 2632 ἦν,
497 2596 624 2631 στρέϐλαι
647 2598 695 2623 καὶ
712 2597 809 2629 ξέσεις,
828 2597 876 2632 βά-

92 2645 170 2671 σανοί
194 2652 224 2670 τε
253 2644 380 2670 παντοῖαι
409 2644 462 2670 τῶν
491 2642 660 2678 ἑκατέρωθεν
685 2643 875 2678 ἁλισκομένων

129 2733 168 2768 (l)
182 2733 297 2761 Rufinus
313 2740 372 2760 eam
393 2733 558 2761 Dorothcam
581 2733 712 2761 nominat.

129 2770 167 2804 (2)
183 2768 370 2804 δυνιποιιίιιηιν
382 2768 497 2796 [tulinus
511 2773 598 2796 vocat.

127 2805 166 2839 (5)
182 2804 219 2831 De
235 2803 396 2838 Sophronia:
420 2804 501 2838 hujus
513 2811 587 2839 .casu
613 2803 779 2832 Prudentius
803 2803 874 2831 scri-

92 2841 178 2874 pstssc
197 2839 305 2866 videtur
321 2848 327 2866 :

1211 2232 1324 2260 CAPUT
1344 2231 1427 2260 XXII.

925 2288 964 2315 De
978 2288 1096 2315 cladibus
1114 2295 1172 2322 qua?
1184 2289 1389 2322 persecutionem
1397 2288 1464 2315 hanc
1475 2293 1537 2315 sunt
1552 2290 1706 2323 subsecuta,

959 2328 984 2349 ει
998 2324 1030 2350 de
1042 2325 1230 2358 impactorum
1250 2324 1397 2358 palinodia,
1419 2331 1464 2350 seu
1478 2326 1659 2352 “conlatione
1683 2331 1709 2352 et

961 2359 1122 2392 poenitentia.

962 2415 1030 2442 Cum
1043 2416 1098 2451 jam
1113 2415 1240 2443 decimus
1250 2416 1451 2451 persecutionis
1462 2421 1592 2452 ageretur
1606 2425 1708 2453 armos,

928 2462 998 2490 nihil
1019 2463 1058 2490 illi
1079 2470 1192 2498 quoque
1211 2462 1286 2498 quod
1313 2463 1355 2490 vel
1374 2463 1409 2490 ad
1431 2463 1555 2491 occultas
1580 2464 1711 2498 insidias,

927 2508 970 2535 vel
987 2508 1022 2534 ad
1034 2513 1160 2542 apertum
1175 2508 1250 2539 iter
1268 2515 1298 2536 se
1311 2512 1411 2537 bellum
1428 2510 1590 2544 pertineret,
1606 2511 1710 2538 omise~

927 2560 1004 2582 runt.
1020 2555 1126 2582 Bellum
1143 2555 1217 2583 enim
1242 2556 1315 2583 inter
1333 2557 1405 2584 duos
1429 2556 1497 2584 istos
1512 2561 1645 2592 tyrannos
1662 2566 1713 2594 ge-

926 2605 999 2628 stum
1020 2605 1073 2634 est,
1099 2605 1128 2628 et
1152 2609 1230 2629 mare
1255 2602 1385 2630 infestum
1408 2607 1492 2637 atque
1521 2602 1713 2640 innavigabile

926 2646 990 2674 fuit.
1008 2646 1087 2680 Quod
1098 2647 1121 2674 si
1137 2647 1165 2675 id
1177 2656 1192 2675 a
1210 2649 1340 2684 quopiam
1356 2649 1544 2685 navigarctur.
1558 2658 1622 2678 eum
1635 2649 1713 2684 quod

981 2739 1030 2775 ᾼιι
1044 2739 1066 2765 si
1083 2744 1166 2774 nupta
1186 2744 1271 2766 lorum
1285 2740 1353 2774 regis
1365 2740 1536 2767 conscendere
1547 2741 1636 2775 justo.

979 2773 1099 2808 (imperat
1118 2774 1251 2808 impurum
1269 2775 1369 2800 domini
1381 2775 1514 2802 oblectare
1525 2773 1658 2809 furorem,

979 2809 1064 2836 Morte
1078 2809 1209 2837 maritalis
1231 2809 1311 2836 dabat
1322 2809 1470 2845 indignatio
1485 2818 1586 2845 pomus.
