1880 3063
198 144 269 176 1255

811 137 1024 170 NlCEPlIORI
1045 135 1219 167 CALLIS’I‘I

1748 137 1820 169 126

195 201 328 235 utrinque
347 199 418 227 alios
442 198 488 227 alii
514 204 609 235 captos
634 198 818 229 abducerem.
847 197 971 228 ﬁdiculae,

1030 196 1211 232 προΰῦαινον·
1229 196 1468 231 ἀνασκολοπισμός
1484 206 1514 224 τε
1528 198 1605 232 καὶὴ
1621 197 1665 224 διὰ.
1683 198 1770 232 πυρὸς
1786 199 1817 225 τὸ

194 247 292 282 ﬂagra,
310 249 447 273 tormenta
464 245 550 278 varia,
567 252 675 276 cruces.
690 248 719 272 et
743 250 886 279 postremo
903 244 975 278 ignis

195 292 363 327 supplicium
385 291 542 318 manebant.
559 290 771 325 Apparaltantur
791 289 894 324 ubique
911 289 975 316 tho~

196 344 285 367 races.
320 336 449 370 eu5pidcs
480 341 509 362 et
538 336 648 362 hastae:
679 340 810 370 praeterea
835 335 973 367 triremes,

196 381 296 408 classes
317 385 345 408 et
371 382 552 408 instrumenta
579 381 644 408 belli
669 381 763 408 omnia
790 381 817 408 in
843 385 974 416 promptu

195 431 284 458 erant,
308 431 485 460 temporeque
501 433 535 453 eo
558 430 616 453 toto
634 426 660 452 in
684 425 753 453 locis
773 430 802 453 et
823 426 976 460 provinciis

194 471 325 499 omnibus
340 471 409 498 nihil
426 471 500 499 aliud
516 472 559 499 vel
581 469 748 499 audiebatur
762 471 806 498 vel
829 475 975 505 exspecta-

193 518 286 551 batur,
302 526 384 552 quam
402 518 517 545 hostiles
534 517 722 550 incursiones.
739 518 838 549 caedes,
860 518 973 552 rapinae.

194 563 301 596 Quibus
317 571 379 590 cum
399 563 478 591 malis
491 564 576 591 fames
590 571 701 598 quoque
725 563 826 598 irrupit
843 569 871 590 et
890 563 976 598 pesti-

193 609 291 642 lentia,
306 610 340 637 de
362 618 416 644 qua
429 617 478 636 suo
493 609 554 636 loco
574 609 709 636 dicemus.
728 608 775 636 lia:
790 613 831 636 tot
845 613 872 636 et
892 613 974 636 tanta:

191 656 287 682 clades
301 656 413 683 circiter
427 654 566 683 decimum
580 655 780 690 persecutionis
792 662 906 686 annum,
919 654 974 682 Deo

192 702 358 736 opitulante,
372 709 486 736 prorsus
497 701 728 736 conquieverunt,
741 701 879 735 ﬂuctuque
893 707 974 728 suum

162 752 169 756 '
193 748 363 780 habuerunt,
379 748 461 782 472
475 755 538 774 cum
551 747 662 782 quidem
683 752 746 781 post
761 752 891 774 octavum
910 754 974 774 ees-

193 801 255 820 sare
268 793 426 828 caspissent.
448 793 525 824 Quod
542 800 660 827 namque
673 793 765 819 divina
785 792 907 820 visitatio
925 799 975 826 pro

193 839 340 867 cletnentia
370 843 397 866 et
420 838 590 873 benignitate
616 846 664 865 sua
692 846 742 866 nos
766 838 866 865 viseret
890 841 975 872 atque

195 886 358 920 respiceret,
384 893 432 913 seu
463 885 556 919 potius
584 885 722 919 respicere
755 883 901 919 inciperet,
926 883 974 917 qui

195 936 252 959 tum
283 940 376 958 rerum
401 939 534 958 summam
562 930 735 964 obtinebant,
765 930 902 957 sententia
927 937 976 957 sua

196 982 313 1009 mutata,
332 977 498 1012 palinodiam
517 981 545 1003 et
567 976 782 1003 recantationem
803 975 975 1008 cecinerunt,

194 1026 221 1049 el
237 1018 369 1056 perquam
388 1021 515 1047 humanis
533 1020 636 1047 litteris
650 1020 801 1047 excitatum
818 1027 899 1054 quam
918 1027 977 1046 ma-

194 1069 266 1095 xime
286 1073 381 1094 contra
396 1074 446 1093 nos
470 1065 629 1093 incendium
654 1065 856 1100 persecutionis
872 1065 976 1093 exstin-

194 1118 305 1140 xerunt.
317 1112 382 1145 Qua:
397 1120 441 1139 res
455 1112 581 1146 profecto
597 1111 637 1138 sic
654 1118 710 1138 non
726 1111 847 1138 humano
858 1111 976 1138 consilio

193 1161 298 1188 evenit.
316 1159 368 1192 Qui
386 1159 460 1187 enim
474 1160 508 1187 ab
523 1160 683 1187 hominibus
701 1160 849 1195 provenire
865 1160 953 1195 potuit
967 1178 975 1191 .

195 1206 253 1241 qui,
275 1213 336 1233 cum
360 1205 485 1240 quotidie
503 1206 705 1241 propemodum
727 1206 835 1234 crudeli
856 1206 976 1242 quadam

194 1253 344 1279 ambitione
362 1252 448 1284 ducti,
470 1260 540 1279 nova
557 1252 693 1280 adversus
710 1260 760 1280 nos
777 1257 916 1280 tormenta
930 1253 975 1280 in-

193 1298 331 1330 venirent,
360 1298 412 1324 sibi
442 1298 511 1332 ipsis
542 1302 634 1325 tamen
660 1305 716 1325 non
745 1298 977 1326 satisfaciebant?

192 1345 366 1371 Manifestum
384 1353 465 1379 porro
479 1350 530 1378 est,
544 1352 624 1379 Opem
641 1353 701 1372 eam
716 1353 731 1372 a
743 1345 837 1373 divina
853 1346 976 1373 bonitate

194 1390 275 1417 nobis
291 1390 439 1422 accidisse,
459 1399 519 1425 quae
535 1391 667 1425 p0pulum
684 1391 742 1425 ipsa
761 1398 840 1418 suum
855 1391 976 1418 clemen-

194 1441 236 1462 ter
257 1436 388 1470 respexit,
413 1440 611 1470 auctoremque
637 1435 773 1462 malorum
791 1435 921 1470 perculit,
945 1443 977 1462 ac

193 1481 443 1513 vehementiorem,
473 1485 514 1513 et,
543 1485 573 1508 ut
603 1481 639 1508 ita
667 1481 768 1514 dicam,
795 1482 975 1509 mcraciorcm

1026 243 1141 270 ὕστατον
1169 242 1322 277 καταδίκη*
1350 242 1474 277 θώρακές
1500 251 1529 269 τε
1556 243 1603 270 καὶ
1627 243 1740 275 ἀσπίδες
1767 244 1818 270 καὶ

1024 289 1125 324 δόρατα
1152 288 1368 323 παρεσκεύαστο.
1403 288 1466 314 Ἐπὶ
1493 289 1521 315 δὲ
1548 291 1656 320 τούτοις
1687 290 1818 324 τριήρεις

1026 335 1073 360 καὶ
1089 333 1235 368 ναυμαχίαι
1253 334 1300 359 καὶ
1317 334 1333 368 ἡ
1351 333 1426 359 πᾶσα
1451 333 1498 359 τοῦ
1521 334 1642 368 πολέμου
1660 335 1817 369 παράταξις

1022 381 1055 405 ὲν
1068 380 1178 414 ἑτοίμῳ,
1201 379 1254 405 Καὶ
1279 379 1310 414 δὴ
1335 380 1405 405 κατὰ
1422 379 1510 406 πάντα
1532 379 1615 406 τόπον
1645 380 1693 406 καὶ
1718 381 1816 415 χρόνον

1026 425 1073 451 καὶ
1096 425 1158 451 καθ’
1182 425 1302 459 ἑκάστην
1321 424 1459 459 ἐπαρχίαν
1482 425 1534 451 οὐκ
1554 423 1588 461 ἦν
1613 425 1680 452 ἄλλο
1703 426 1817 452 ἀκούειν

1026 471 1074 497 καὶ
1102 471 1255 505 προαδοκᾷν
1279 471 1295 505 ἢ
1321 470 1460 505 πολεμίων
1476 470 1571 505 ἔφοδον
1587 471 1635 497 καὶ
1650 471 1749 504 φόνους
1766 473 1815 498 καὶ

1025 516 1163 552 ἁρπαγάς.
1181 516 1241 542 Ἐπὶ
1259 516 1286 543 δὲ
1309 516 1414 548 τούτοις
1433 516 1512 551 λιμός
1536 525 1565 543 τε
1583 517 1743 551 ἐπέσκηπτε
1768 518 1816 544 καὶ

1025 562 1130 597 λοιμὸς.
1146 563 1211 597 περὶ
1226 559 1257 589 οὗ
1275 562 1345 588 κατὰ
1369 562 1464 596 καιρὸν
1488 563 1683 597 ἱστορήσομεν.
1696 563 1816 590 Τοιαῦτα

1025 609 1101 636 δεινὰ
1113 600 1184 643 ἀμφὶ
1201 608 1239 643 τῷ
1255 608 1360 642 δεκάτῳ
1377 607 1433 634 ἔτει
1454 607 1500 634 τοῦ
1524 608 1648 643 διωγμοῦ
1664 610 1816 644 ὲπεισφρή-

1027 663 1121 686 σαντα,
1139 654 1186 680 σὺν
1212 654 1306 689 ἀρωγῇ
1331 654 1391 689 θείᾳ
1418 654 1576 680 παντάπασι
1598 654 1750 687 πέπαυται,
1767 656 1814 682 καὶ

1025 700 1065 731 είς
1083 700 1157 731 τέλος
1178 699 1349 734 διέρῤευσαν.
1370 698 1478 734 Ἐλὼφα
1502 708 1533 734 γε
1559 699 1614 735 μὴν
1637 700 1698 734 μετ’
1721 700 1814 734 ὃγδοον

1026 746 1169 781 ἀρξάμενα
1188 746 1258 774 ἔτος.
1278 745 1372 771 Ἴλεων
1388 745 1442 780 γὰρ
1455 745 1559 772 ἄνωθεν
1574 746 1620 772 καὶ
1635 746 1750 781 εὐμενὲς
1764 746 1814 781 τῆς

1027 792 1100 822 θείας
1131 792 1266 826 ὲνορὼσης
1292 791 1444 826 ἐπισκοπῆς
1474 792 1550 827 ἡμῖν,
1579 791 1683 826 μᾶλλον
1711 792 1739 818 δὲ
1763 792 1813 827 ἤδη

1026 839 1227 872 ὲπιὸαλλούσης
1252 839 1328 873 όρᾷν,
1355 838 1508 873 τηνικαῦτα,
1537 838 1586 865 καὶ
1613 838 1639 864 οἱ
1664 839 1694 864 τὺ
1720 838 1814 874 ἄρχειν

1027 885 1153 920 λαχόντες
1177 884 1406 919 μεταὸαλλόμενοι
1423 884 1472 919 τὴν
1498 883 1622 919 γνώμην,
1647 884 1813 919 παλινῳδίαν

1026 929 1101 967 ᾖδον,
1116 931 1230 965 ἡμέροις
1241 930 1273 964 δή
1291 939 1346 957 τισι
1364 931 1523 965 γράμμασι,
1536 930 1584 966 τὴν
1598 932 1639 962 εἰς
1657 931 1731 966 μέγα
1752 931 1812 957 καθ’

1027 976 1106 1009 ἡμῶν
1130 974 1295 1009 ἐπαρθεῖσαν
1319 974 1405 1007 φλόγα
1429 975 1477 1000 τοῦ
1498 974 1620 1008 διωγμοῦ
1643 974 1811 1006 σϐεννύντες.

1027 1021 1140 1052 Πάντως
1155 1020 1176 1046 δ’
1189 1020 1238 1046 οὐκ
1258 1020 1287 1052 ἐξ
1303 1019 1457 1055 ἀνθρώπων
1472 1020 1551 1047 τοῦτό
1565 1029 1608 1052 τις
1626 1020 1746 1056 οἰηθείη.
1759 1020 1813 1047 Ποῦ

1027 1066 1082 1101 γὰρ
1096 1065 1123 1092 οἴ
1144 1074 1175 1100 γε
1199 1066 1259 1092 καθ’
1275 1066 1404 1101 ἑκάστην,
1418 1066 1455 1097 ὡς
1471 1067 1571 1098 είπεῖν,
1587 1067 1737 1102 καινότερα
1752 1067 1814 1094 καθ’

1027 1111 1107 1147 ἡμῶν
1145 1110 1370 1146 φιλοτιμούμενοι
1403 1111 1450 1137 καὶ
1490 1111 1685 1146 εὑρίσκοντες,
1723 1113 1813 1148 ἥκιστ’

1027 1157 1123 1191 ἀρκεῖν
1139 1157 1257 1192 ﬁmi/co;
1274 1156 1328 1190 Τῆς
1346 1155 1420 1187 θείας
1440 1156 1469 1182 δὲ
1490 1157 1640 1191 προφανῶς
1660 1157 1814 1193 φιλανθρω-

1027 1202 1093 1235 πίας
1117 1202 1258 1237 ὰντίληψις
1273 1200 1318 1237 ἦν,
1332 1201 1371 1235 τῷ
1394 1201 1489 1236 οίκείῳ
1504 1203 1555 1236 μὲν
1575 1202 1692 1237 εὐμενὲς
1707 1203 1813 1238 ὁρώσης

1027 1249 1094 1284 λαῷ,
1114 1248 1153 1283 τῷ
1166 1248 1188 1276 δ’
1202 1248 1319 1285 αὐθέντῃ
1336 1248 1390 1274 τῶν
1406 1248 1498 1274 κακῶν
1515 1247 1690 1283 ιπεεισύσης,
1707 1249 1755 1276 καὶ
1775 1249 1813 1284 τῷ

1027 1294 1142 1329 ἀρχηγῷ
1157 1293 1204 1328 τῆς
1224 1293 1325 1324 κακίας
1338 1292 1385 1319 τοῦ
1401 1292 1532 1327 διωγμοῦ,
1548 1293 1670 1328 ἄκρατον
1685 1295 1813 1329 ἐπαφιεί-

1028 1349 1078 1375 σης
1107 1341 1152 1367 τὸν
1179 1340 1266 1375 χόλον.
1283 1338 1314 1365 Εί
1341 1339 1396 1374 γὰρ
1420 1339 1467 1365 καὶ
1491 1339 1563 1366 κατὰ
1582 1339 1660 1366 θείαν
1683 1340 1812 1374 κρίσιν,ῆ

1026 1387 1094 1421 δῆτα
1109 1387 1155 1413 καὶ
1171 1386 1329 1420 οἰκονομίαν
1344 1385 1391 1412 καὶ
1403 1386 1603 1420 παραχώρησιν
1616 1386 1742 1420 δοίημεν,
1757 1386 1812 1413 ἀλλ’

1025 1432 1107 1466 Οὐαὶ,
1127 1432 1209 1467 φησὶν
1225 1433 1238 1458 ὁ
1252 1431 1321 1463 θεῖος
1337 1432 1471 1467 χρησμὸς,
1483 1432 1520 1458 δι’
1536 1431 1572 1460 οὗ
1587 1432 1622 1459 τὸ
1636 1433 1814 1460 σκάνδαλον

1027 1479 1156 1512 ἔρχεται.
1189 1478 1376 1514 Ἐπειστρέχει
1399 1480 1454 1514 γὰρ
1477 1480 1557 1510 εὐθὺς
1581 1479 1644 1514 δίκη
1669 1479 1813 1514 θεήλατος,

194 1527 264 1553 iram
285 1534 362 1553 suam
389 1526 451 1553 duci
477 1527 678 1561 persecutionis
702 1524 872 1562 gravissima:
898 1527 971 1554 exhi-

1030 1526 1082 1552 ἀπὸ
1099 1525 1198 1560 σαρκὸς
1215 1526 1266 1559 μὲν
1293 1525 1444 1561 ἀρξαμένη,
1457 1525 1583 1561 ἁψαμένη
1606 1525 1634 1552 δὲ
1662 1526 1710 1552 καὶ
1731 1525 1814 1561 αὐτῆς

193 1572 264 1598 buit.
283 1571 361 1604 Quod
373 1573 396 1598 si
410 1572 460 1598 hoc
475 1572 558 1598 etiam
577 1576 606 1598 ut
623 1576 767 1606 tantopere
786 1573 812 1598 in
828 1579 879 1598 nos
899 1572 976 1599 δαεγί-

194 1622 282 1649 retur,
297 1617 401 1651 judicio
424 1622 451 1644 ct
469 1617 654 1652 dispositione
669 1622 751 1652 atque
775 1618 844 1644 adeo
860 1617 977 1652 permis-

194 1663 272 1689 sione
291 1662 383 1689 divina
410 1662 513 1690 factum
541 1671 601 1691 esse
628 1663 827 1696 concedamus,
851 1663 975 1690 divinum

195 1713 286 1734 tamen
303 1707 460 1739 oraculum,
486 1708 542 1740 ναι,
557 1709 656 1743 inquit,
670 1709 692 1735 ei
712 1717 756 1743 per
775 1718 850 1744 quem
865 1710 977 1736 scanda-

195 1751 250 1778 lum
264 1757 288 1778 et
311 1752 496 1786 offendit-ultu"
515 1750 597 1780 ινεηὶι.
621 1753 771 1781 Confestim
794 1754 930 1788 siquidem
949 1755 975 1781 in

193 1805 257 1824 eum
279 1797 326 1824 Dei
342 1798 426 1824 irruit
441 1798 574 1831 vindicta,
595 1806 610 1825 a
625 1807 708 1826 carne
724 1800 835 1834 quidem
851 1800 895 1827 illa
910 1800 977 1827 inci-

194 1845 284 1878 piens,
303 1843 350 1870 scd
378 1851 439 1878 qua:
465 1845 620 1871 dwmonum
648 1844 821 1880 inlentperiis
847 1845 975 1879 agitatam

193 1890 310 1916 animam
329 1889 510 1925 ejusquoque
527 1889 708 1925 pertingeret.
726 1890 822 1923 Qualis
834 1895 927 1918 autem
945 1899 976 1918 ca

194 1936 313 1963 vindicta
330 1936 423 1968 luerit,
437 1935 586 1964 Eusebium
603 1941 865 1964 commemorantem
883 1937 977 1964 audia-

194 1987 277 2006 mus:
297 1988 306 2004 ί
330 1979 407 2006 Circa
429 1979 518 2006 media
541 1981 616 2008 cnim
636 1985 770 2008 tectorum
786 1981 977 2008 occultorum-

193 2033 246 2059 que
261 2026 387 2060 corporis
404 2025 593 2052 membrorum
610 2026 682 2058 loca,
700 2028 844 2054 abscessus
867 2032 895 2054 ct
913 2035 976 2062 sup-

193 2071 301 2105 puratio
332 2076 447 2105 repente
474 2072 591 2104 exstitit,
626 2080 686 2106 qua:
718 2081 781 2100 mox
809 2073 912 2100 deinde
948 2073 975 2099 in

193 2118 347 2144 listulosum
365 2119 419 2146 alte
434 2119 573 2146 radicibus
590 2119 660 2146 actis
679 2119 757 2146 ulcus
771 2119 870 2146 evasit.
889 2118 916 2145 Id
932 2118 974 2145 in-

194 2163 309 2190 curabili
322 2168 349 2190 et
360 2170 541 2198 proserpente
556 2165 731 2199 contagione,
745 2165 878 2192 interiora
890 2165 974 2192 etiam

1028 1571 1076 1605 τῆς
1099 1571 1294 1606 δαιμονιώδους
1316 1573 1423 1598 ἐκείνου
1440 1573 1541 1607 ψυχῆς.
1562 1572 1614 1599 Οἷα
1638 1571 1668 1598 δὲ
1699 1573 1716 1607 ή
1740 1572 1814 1607 δίκη,

1028 1617 1157 1644 Εὐσεὸίου
1173 1618 1297 1651 λέγιντος
1313 1618 1501 1653 διακούσωμεν
1513 1625 1520 1632 ”
1538 1627 1548 1643 ι
1571 1618 1671 1654 Ἀθρόα
1697 1619 1747 1652 μὲν
1762 1618 1814 1653 γὰρ

1028 1666 1092 1697 περὶ
1105 1664 1138 1690 τὰ
1153 1663 1223 1698 μέσα
1241 1664 1296 1690 τῶν
1312 1664 1476 1699 ἀπορρήτων
1491 1664 1537 1690 τοῦ
1553 1664 1681 1699 σώματος
1694 1665 1815 1692 ἀπόστα-

1029 1717 1071 1740 σις
1087 1711 1193 1744 γίνεται
1207 1709 1282 1743 αὐτῷ
1295 1718 1302 1724 ι
1317 1708 1368 1736 εἷθ’
1385 1710 1463 1742 ἕλκος
1482 1710 1510 1736 ἐν
1524 1710 1602 1745 βάθει
1619 1711 1813 1746 σοριγγιῶδες,

1029 1754 1074 1780 καὶ
1100 1753 1203 1780 τούτων
1235 1755 1346 1786 ἀνίατος
1373 1755 1442 1790 νομὴ
1474 1755 1544 1782 κατὰ
1577 1755 1632 1782 τῶν
1666 1755 1815 1783 ὲνδοτάτων

1029 1799 1190 1833 σπλάγχνων
1204 1805 1213 1814 θ
1230 1799 1277 1834 ἀφ’
1295 1797 1332 1826 ὧν
1348 1800 1460 1826 ἄλεκτον
1488 1808 1515 1826 τι
1537 1800 1640 1835 πλῆθος
1662 1801 1814 1836 σκωλήκων

1028 1844 1120 1879 βρύειν
1141 1844 1284 1879 θανατώδη
1310 1853 1340 1872 τε
1363 1845 1447 1881 ὀδμὴν
1472 1846 1619 1874 ἀποπνέειν
1640 1847 1688 1873 τοῦ
1716 1848 1815 1879 παντὸς

1027 1890 1109 1925 όγκου
1126 1891 1180 1916 τῶν
1198 1892 1332 1926 σωμάτων
1349 1893 1382 1918 ἐκ
1396 1892 1580 1927 πολυτροψέας
1600 1893 1686 1928 αὐτῷ,
1699 1895 1749 1921 καὶ
1764 1894 1814 1928 πρὸ

1027 1938 1076 1972 τῆς
1098 1937 1175 1963 νόσου
1201 1938 1240 1968 είς
1255 1938 1409 1973 ὑπερῦολὴν
1424 1938 1527 1972 πλῆθος
1552 1938 1674 1974 πιμελὴς
1698 1939 1814 1974 μεταδε-

1028 1983 1177 2018 εληκότος⁶
1203 1983 1236 2018 ἢν
1259 1984 1318 2010 τότε
1352 1986 1569 2014 κατασαπεῖσαν,
1595 1985 1737 2019 ἀφόρητον
1768 1986 1814 2012 καὶ

1027 2030 1208 2064 φρικτοτάτην
1230 2032 1286 2062 τοῖς
1313 2030 1493 2065 πλητιάζουσι
1517 2033 1631 2066 παρεῖχε
1658 2031 1709 2066 τὴν
1738 2032 1812 2058 θέαν.

1032 2076 1144 2110 ’ἰατρῶν
1164 2076 1186 2102 δ’
1210 2076 1256 2102 οὖν
1270 2077 1294 2102 οἱ
1318 2077 1368 2110 μὲν
1383 2077 1438 2102 οὐδ’
1456 2077 1523 2108 ὅλως
1540 2077 1688 2111 ὑπομεῖναι
1704 2078 1755 2112 τὴν
1768 2077 1812 2104 τοῦ

1026 2122 1162 2154 δυσώδους
1179 2122 1402 2157 ὑπερϐάλλουσαν
1416 2123 1531 2149 ἀτοπίαν
1544 2120 1596 2149 οἷοί
1608 2132 1638 2149 τε
1655 2125 1812 2158 κατεσφάτ-

1025 2177 1102 2195 τοντο
1114 2177 1121 2184 ·
1139 2169 1164 2196 oi.
1178 2169 1206 2195 ὁὶ
1219 2169 1383 2204 διῳδηκότος
1405 2169 1452 2196 τοῦ
1469 2169 1569 2201 παντδς
1590 2169 1687 2204 ὄγκου,
1706 2172 1754 2198 καὶ
1775 2172 1812 2201 εἰς

194 2209 300 2235 viscera
316 2209 528 2242 depaseebatur.
554 2210 621 2237 lude
642 2210 816 2238 incredibilis
838 2211 971 2238 vermium

1030 2215 1187 2242 ἀνέλπιστον
1213 2216 1351 2250 σωτηρίαν
1373 2217 1618 2250 ἀποπεπτωκότος,
1644 2218 1732 2252 μηδὲν
1753 2219 1811 2244 ἑπι-

194 2253 237 2280 ιπίε
260 2254 426 2285 scaturiens,
452 2254 583 2280 lethalem
603 2255 729 2282 faetorem
745 2263 760 2281 a
777 2259 832 2282 tota
849 2255 975 2290 corporis

193 2298 266 2326 mole
292 2299 446 2326 excitavit:
471 2307 532 2334 quae
560 2300 647 2326 moles
669 2307 702 2326 ex
728 2300 812 2327 nimia
837 2301 974 2328 edacitate

193 2346 279 2375 illius.
302 2346 385 2371 etiam
413 2350 476 2372 ante
503 2346 592 2380 ipsum
622 2346 761 2378 morbum,
785 2347 818 2373 ad
837 2355 972 2374 summum

192 2397 281 2424 Usque
301 2390 387 2417 multa
410 2391 507 2417 arvina
530 2390 649 2418 obducta
674 2391 787 2418 luerat:
805 2399 893 2427 eaque
915 2398 974 2420 tum

192 2437 390 2464 mareesceudo
410 2437 549 2470 dillluens,
568 2437 738 2464 horrendum
755 2439 873 2466 maxime
887 2444 915 2466 et
931 2440 975 2466 in-

193 2481 366 2509 tolerandum
380 2483 575 2511 accedentibus
589 2483 706 2518 prtebuit
721 2485 922 2519 spectaculum.
939 2486 973 2514 Et

191 2527 290 2555 medici
316 2529 416 2562 partim
429 2537 491 2556 eum
507 2537 541 2556 ne
554 2530 692 2557 sustinere
708 2531 820 2564 quidem
837 2538 972 2559 summam

192 2580 246 2602 tatu
262 2574 325 2602 [σεδὶ
349 2575 440 2603 odoris
456 2576 617 2611 gravitatem
632 2581 758 2612 possent,
774 2578 864 2605 necati
883 2583 950 2605 sunt
964 2588 970 2605 :

191 2619 289 2657 partim
318 2622 389 2656 quod
406 2627 459 2649 tam
479 2622 640 2656 corpuleuta
666 2623 752 2650 moles
780 2624 867 2658 magis
887 2627 970 2651 etiam

191 2670 398 2701 intumesceret,
416 2678 464 2704 spe
481 2670 577 2697 salutis
593 2670 667 2697 omni
684 2671 802 2706 objecta,
817 2680 880 2698 cum
901 2672 970 2699 nihil

188 2715 295 2747 auxilii,
315 2716 463 2751 exploratis
481 2717 563 2744 rebus
576 2718 713 2750 omnibus,
731 2718 828 2746 all'erre
846 2725 968 2753 possent,

189 2762 327 2790 crudelem
354 2763 380 2790 iu
409 2763 520 2790 modum
546 2769 609 2790 sunt
636 2764 786 2792 interfecti.
814 2766 861 2792 llle
888 2774 970 2800 porro

188 2816 250 2835 cum
270 2809 353 2835 tantis
371 2808 531 2836 conﬂictans
560 2810 649 2841 malis,
677 2810 827 2845 aliquando
857 2811 966 2838 tandem

186 2855 317 2882 nefariam
343 2864 420 2883 suam
448 2863 510 2890 ergo
537 2855 598 2897 pios
631 2856 758 2884 homines
783 2858 966 2886 temeritatem

1029 2260 1138 2294 κουρεῖν
1166 2260 1320 2294 δυνάμενοι,
1351 2261 1472 2295 ἀνηλεῶς
1501 2262 1686 2305 ἑκτείνοντοὲκ
1699 2263 1754 2289 Καὶ
1780 2263 1810 2297 δὴ

1027 2305 1166 2336 τοσούτοις
1190 2306 1312 2333 παλαίων
1338 2309 1442 2338 κακοῖς,
1462 2308 1638 2342 συναίσθησιν
1661 2309 1718 2334 τῶν
1745 2309 1810 2335 κατὰ

1029 2352 1082 2378 τῶν
1099 2351 1232 2378 θεοσεεών
1255 2353 1466 2388 τετολμημένων
1492 2354 1569 2388 [σχει.
1597 2354 1727 2388 Συνάγων
1749 2355 1811 2389 γοῦν

1030 2400 1069 2431 είς
1085 2399 1180 2426 ἑαυτὸν
1201 2401 1250 2434 τὴν
1272 2400 1403 2433 διάνοιαν,
1422 2400 1533 2434 πρῶτον
1551 2400 1602 2435 μὲν
1620 2400 1810 2436 ἀνθομολογεῖ-

1029 2452 1072 2470 ται
1089 2444 1127 2479 τῷ
1141 2444 1195 2470 τῶν
1217 2444 1286 2471 ὅλων
1308 2445 1368 2479 Θεῷ
1381 2453 1387 2460 ·
1402 2443 1463 2472 εἶτα
1480 2446 1542 2476 τοὺς
1565 2446 1635 2480 ἀμφ’
1658 2447 1742 2473 αὐτὸν
1756 2447 1810 2481 ἃμα

1029 2489 1157 2521 καλέσας,
1174 2490 1257 2524 μηδὲν
1282 2490 1497 2525 ὑπερθεμένους.
1516 2491 1562 2517 τὸν
1585 2492 1658 2518 κατὰ
1685 2492 1810 2527 Χριστια-

1030 2535 1083 2561 νῶν
1107 2535 1267 2561 ἀποπαῦσαι
1289 2536 1410 2570 διωγμὸν
1435 2538 1593 2572 παρηγγύα,
1613 2537 1690 2571 νόμῳ
1715 2547 1744 2565 τε
1768 2538 1808 2563 xz".

1027 2581 1144 2614 δέγματι
1158 2580 1291 2616 βασιλικῷ
1305 2581 1354 2613 τὰς
1372 2582 1517 2616 ἐκκλησίας
1534 2582 1625 2609 αὐτῶν
1642 2583 1807 2619 οίκοδεμείν

1028 2626 1205 2662 ἐπισπέρχειν
1235 2636 1264 2654 τε
1291 2628 1338 2654 καὶ
1369 2627 1417 2659 τὰς
1445 2628 1570 2662 συνήθεις
1597 2628 1808 2664 διαπράττεσθαι

1026 2673 1108 2706 εὐχὰς
1123 2674 1193 2707 ὑπὲρ
1210 2673 1258 2699 τοῦ
1279 2673 1410 2708 βασιλέως
1426 2675 1604 2708 ποιουμένους
1627 2678 1806 2710 προστάττει·

1026 2721 1072 2746 καὶ
1097 2720 1143 2747 τοῦ
1161 2721 1244 2756 ἔργου
1257 2721 1353 2747 θᾶττον
1374 2721 1412 2756 τῷ
1428 2721 1499 2755 λόγῳ
1524 2722 1807 2757 παρηκολουθηκότος,

1025 2767 1182 2801 ἁπανταχοῦ
1218 2767 1288 2792 κατὰ
1325 2767 1434 2798 πόλεις,
1471 2767 1600 2801 βασιλικὰ
1639 2768 1809 2803 διατάγματα

1024 2812 1144 2846 ἥπὶωτο,
1170 2812 1186 2839 ἃ
1216 2813 1379 2847 παλινῳδξαν
1404 2813 1458 2838 τῶν
1484 2812 1545 2838 καθ’
1571 2813 1651 2847 ἡμῶν
1682 2813 1807 2848 διωγμῶν

1024 2859 1172 2893 περιεῖχον,
1189 2859 1284 2886 τοῦτον
1301 2859 1478 2894 ὑφηγούμενσ.
1494 2860 1538 2886 τὸν
1555 2859 1658 2894 τρόπον
1669 2867 1677 2874 ·
1700 2869 1711 2885 ι
