1880 3063
125 139 195 170 1265

593 145 893 176 ΕΕΕΕΕΞΙΑ5Τ10.Ε
914 146 1109 177 ΠΙδΤΟΠΗΞ
1129 149 1202 178 LlB.
1220 147 1283 179 νιι.

1693 148 1764 182 1266

123 200 174 234 τὴν
189 201 349 236 ἀνήκουσαν
360 201 430 236 ὑπὲρ
445 200 479 237 ἦς
503 203 655 238 ἠγωνίζετο
675 205 793 236 πίστεως
819 206 865 232 ἀπ(

1018 215 1061 235 ore
1073 209 1265 240 conveniebat,
1279 209 1360 237 ﬁdem
1377 217 1426 244 pro
1437 217 1489 244 qua
1506 209 1676 242 deccrtabat,
1693 210 1760 236 inira

123 248 187 279 γίαν
204 247 368 281 παρασχὼν,
380 248 476 275 ἔπειτα
489 250 671 286 δεσμωτηρίῳ
690 252 796 286 exalia};
813 251 919 279 κτίννυ-

122 301 178 319 ται.
197 293 321 320 Τοικῦτα
345 294 464 326 ἐξάπινα
481 296 519 330 τῷ
545 296 674 324 Sta-.6565?
692 299 840 334 Μαξιμίνῳ
858 299 918 325 καθ’

122 339 205 373 ἡμῶν
218 339 374 375 διεπράχθη
388 348 396 356 '
411 341 448 372 ὠς
464 343 512 368 καὶ
528 342 618 379 ᾷοκεῖν
631 344 678 370 το]
703 345 838 379 προτέρου
855 345 918 372 διω-

122 386 196 419 γμοῦ
212 386 324 422 χείρονα
351 387 447 415 τοῦτον
465 376 534 424 ipsis
561 376 769 426 ἐπεγείρεσθαι.
792 376 919 426 ἰΐοσαύτη

122 431 146 457 δ’
160 430 194 466 ἦν
211 433 228 467 ἡ
249 433 346 468 μανία,
375 434 413 466 ῶς
428 435 496 470 ὅπερ
523 436 577 463 οὐδ’
593 438 689 464 ἄλλοτέ
722 447 787 464 ποτε
808 439 918 472 γεγονὸς

125 479 343 515 μνημονεύεται,
371 481 432 508 τότε
458 482 639 517 πραχθῆναι-
666 484 836 519 ψηφίσματα
866 486 919 519 γὰρ

123 525 232 552 πόλεων
253 527 298 552 καὶ
316 526 466 560 βασιλικῶν
493 528 650 563 ἀντίγραερα
678 529 839 562 διατάξεων,
857 530 920 564 χαλ-

125 572 189 602 καῖς
202 579 258 598 τισι
273 572 384 606 στήλαις
412 573 639 609 ἐγχαραττόμενα
665 578 736 602 κατὰ
768 577 854 611 μέσας
870 579 918 608 τὰς

127 618 224 649 πόλεις
239 620 280 650 είς
295 620 430 654 ἡμέτερον
448 621 578 653 ἐξανίστα
591 622 663 654 δέος.
688 623 749 654 Τοῖς
768 623 790 649 δ’
803 624 831 654 ἐς
847 623 918 649 διδα-

125 664 228 690 σκάλου
255 664 385 698 φοιτῶσιν
414 666 517 693 ἅπασιν
549 667 601 694 ἀνὰ
630 668 720 695 πᾶσαν
748 669 855 702 ἡμέραν
869 669 921 694 οὐκ

126 710 192 736 ἄλλο
208 718 240 744 γε
253 708 286 746 ἦν
303 711 348 737 διὰ
363 712 500 746 στόματος
514 713 530 747 ἢ
547 713 664 746 Πιλᾶτος
679 715 727 740 καὶ
742 713 859 748 Ἰησοῦ-ς,
875 714 920 740 καὶ

125 757 160 783 ri
172 757 214 788 είς
230 752 311 792 ῦὸριν
325 758 405 792 ἡμῶν
420 760 622 794 νεουργηῠέντα
638 760 801 795 πλάσματα·
821 761 855 787 δι’
883 758 921 787 ὢν

126 803 156 829 τὺ
176 803 308 838 Θεομισὲς
336 804 384 830 καὶ
415 805 559 841 ὑπέροφρυ
578 805 627 840 τῆς
648 806 803 841 Μαειμίνου
820 807 920 841 μιαρᾶς

125 849 219 884 ψυχῆς
232 849 323 881 ἔξεστι
338 850 498 885 διαγνῶναι,
521 852 570 878 καὶ
586 852 636 886 τὴν
653 851 730 887 ἱερὰν
746 852 922 886 ἐκπλαγῆναι

127 895 207 930 δίκην
230 896 372 930 ἄγρυπνον
390 893 475 923 οὖσαν
491 898 550 929 ταῖς
565 897 619 923 τῶν
632 897 741 923 ἀσεϐῶν
766 898 921 932 πονηρίαις,

130 941 177 967 καὶ
190 943 264 968 κατὰ
276 942 359 972 πόδας
375 942 540 979 ὲτῃξιοῦσαν
553 951 559 958 ·
575 943 620 977 ὑφ’
637 941 670 979 ἦς
687 944 877 978 ἐλαυνόμενος,
889 943 919 970 οὐ

129 989 201 1014 πάνυ
226 988 321 1023 πόρρω
342 989 390 1014 καὶ
399 973 504 1020 ⁴αὺτδς
526 973 668 1016 τάναντία.
684 973 819 1024 ὲγγράςρῳ
847 973 922 1024 νόμῳ

130 1034 200 1069 ὑπὲρ
220 1034 299 1068 ἡμῶν
315 1034 484 1061 ἐϐουλεύετο.
513 1035 586 1070 Ἐγὼ
601 1036 630 1062 δὲ
645 1037 685 1067 εἰς
703 1036 818 1068 ἔνδειξιν
833 1037 881 1063 καί
895 1046 920 1062 τι

131 1081 214 1115 μέρος
227 1080 281 1107 τῶν
295 1081 323 1107 ἐν
341 1081 453 1117 στήλαις
471 1082 568 1117 ἐκείνῳ
593 1084 797 1117 γεγραμμένων
814 1083 921 1117 ἐνθήσω

129 1129 162 1163 τῇ
181 1128 299 1162 ἱστορίᾳ..
320 1125 384 1162 Εἶχε
406 1128 433 1154 δὲ
450 1127 548 1159 οὕτως.
580 1137 590 1154 ‹
607 1128 677 1163 Ἤδη
696 1129 758 1155 ποτὲ
774 1130 789 1163 ἡ
806 1129 921 1163 ἀσθενὴς

131 1172 272 1208 θρασύτης
302 1173 353 1208 τῆς
382 1174 558 1209 ἀνθρωπίνης
582 1174 702 1206 διανοίας
720 1175 813 1209 ἴσχυσε
831 1176 921 1201 πᾶσαν

129 1220 239 1254 πλάνης
268 1220 450 1254 ἀμαυρὸτητα
481 1221 527 1246 καὶ
557 1221 675 1255 ὀμίχλην
703 1223 922 1256 ἀποστησαμένη

131 1267 180 1293 καὶ
192 1266 377 1292 ἀνασκεδάσαι
389 1275 396 1281 ·
412 1267 473 1301 ἥτις
486 1267 540 1299 πρὸ
554 1267 648 1293 τούτου
671 1267 701 1293 οὐ
729 1267 855 1295 τοσοῦτον
868 1268 922 1294 τῶν

131 1309 251 1342 ἀσεϐῶν,
266 1310 329 1337 ὅσον
343 1310 399 1337 τῶν
415 1311 517 1337 ἀθλίων
532 1311 687 1346 ἀνθρώπων
710 1313 761 1343 τὰς
779 1312 922 1347 αἰσθήσεις

130 1355 246 1390 ὀλεθρίῳ
259 1357 373 1389 ἀγνοίας
385 1357 474 1392 σκότῳ
486 1357 673 1392 ἐνειληοείσας
689 1358 846 1393 ἐπολιόρκει
860 1359 921 1385 ἐπι-

131 1402 253 1436 γνῶναι·
269 1402 339 1429 ὥστε
355 1403 409 1428 τῶν
426 1404 571 1430 ἀθανάτων
600 1403 671 1430 θεῶν
692 1404 838 1439 φιλαγάθῳ
855 1412 922 1439 προ-

132 1449 194 1484 vat;
212 1449 354 1475 διοικεῖται
373 1450 420 1476 καὶ
451 1450 689 1484 σταθεροποιεῖται
714 1451 784 1484 ὅπερ
801 1449 923 1484 γράμμα

131 1495 250 1521 ἄπιστόν
267 1495 341 1521 ἐστιν
357 1496 462 1521 εἰπεῖν·
477 1496 551 1527 ὅπως
571 1497 784 1531 κεχαρισμένον,
801 1496 876 1528 ὅπως
893 1504 923 1522 τε

131 1542 243 1577 ἥδιστον
258 1543 304 1568 καὶ
321 1543 472 1578 προσφιλὲς
487 1544 552 1578 ἡμῖν
567 1543 682 1578 γέγονεν
692 1552 699 1559 ·
727 1543 763 1574 ὡς
793 1542 923 1578 μέγιστον

131 1589 234 1624 δεῖγμα
250 1589 300 1622 τῆς
313 1589 456 1622 θεοφιλοῦς
470 1589 551 1624 ἡμῶν
569 1589 761 1624 προαιρέσεως
773 1589 925 1629 ᾷεδηλωκέ-

132 1643 179 1661 ναι
192 1642 198 1648 ·
216 1634 283 1660 ὅπου
314 1643 344 1660 τε
363 1635 412 1661 καὶ
430 1636 486 1669 πρὸ
511 1635 607 1662 τούτου
629 1635 719 1662 οὐδενὶ
735 1636 875 1669 ἄγνωστον
890 1633 924 1670 ἦν

133 1681 229 1712 ὁποίας
258 1681 479 1715 παρατηρήσεως
502 1682 547 1707 καὶ
573 1681 731 1712 θεοσεϐείας
761 1681 829 1716 πρὸς
860 1682 924 1712 τοὺς

133 1726 289 1758 ἀθανάτους
305 1727 471 1762 ἐτυγχάνετε
483 1728 577 1758 ὄντες·
594 1727 640 1759 οὓς
654 1729 683 1753 οὐ
698 1728 784 1762 ψιλῶν
795 1728 842 1755 καὶ
857 1729 923 1754 ὐπο-

134 1775 222 1800 κένων
238 1775 371 1809 ῥημάτων
381 1774 485 1807 πίστις,
502 1775 570 1801 ἀλλὰ
585 1776 632 1802 καὶ
652 1775 752 1810 συνεχῆ
771 1776 818 1801 καὶ
837 1775 926 1809 παρά-

133 1821 198 1853 δοξα
213 1820 301 1855 ἔργων
325 1822 471 1856 ἐπισήμων
496 1822 673 1857 γνωρίζεται.
688 1823 790 1856 Διόπερ
804 1822 925 1854 ἐπαξίως

135 1868 152 1902 η
168 1867 290 1902 ὑμετέρα
317 1867 395 1898 πόλις
410 1867 480 1894 θεῶν
495 1868 637 1895 ἀθανάτων
661 1868 744 1902 φόὃον
772 1869 874 1903 ἶδρυμά
895 1877 925 1894 τε

136 1914 185 1939 καὶ
202 1913 361 1947 οἰκητήριον
382 1914 551 1940 έπικαλοίτο.
568 1914 682 1944 Πολλοῖς
698 1913 764 1947 γοῦν
777 1914 926 1948 παραδείγ-

137 1967 206 1993 μασι
230 1959 432 1993 καταφαίνεται
458 1960 493 1994 τῇ
511 1959 566 1985 τῶν
593 1959 728 1994 οὐρανίων
751 1959 820 1986 Θεῶν
841 1959 926 1994 αὐτὴν

136 2005 272 2040 ἐπιδημία.
302 2006 406 2033 ἀνθεῖν.
441 2005 508 2032 Ἰδοὺ
529 2005 621 2032 τοίνυν
650 2006 807 2040 ὴὺμετέρα
835 2006 926 2038 πόλις,

138 2049 248 2076 πάντων
265 2049 321 2075 τῶν
343 2050 396 2085 ἰδίᾳ
421 2049 609 2084 διαφερόντων
633 2050 720 2083 αὐτῆς
751 2049 926 2084 ἀμελήσασα,

137 2096 186 2123 καὶ
200 2096 251 2128 τὰς
264 2097 399 2131 πρότερον
411 2096 465 2123 τῶν
486 2096 557 2130 ὑπὲρ
572 2095 658 2130 αὐτῆς
676 2096 849 2130 πραγμάτοιν
864 2095 928 2130 δεή-

138 2151 197 2174 σεις
208 2142 373 2177 παριδοῦσα,
394 2143 438 2169 ὅτε
452 2142 536 2169 πάλιν
551 2143 651 2178 ᾔσθετο
662 2142 711 2177 τῆς
725 2142 772 2168 τοῦ
787 2141 928 2175 ἐπαράτων.)

140 2190 323 2224 ματαιότητος
345 2189 493 2222 γεγονότας
515 2189 612 2224 ἕρπειν
633 2189 682 2217 καὶ
706 2188 848 2224 ἔρχεσθαι,
879 2186 928 2213 καὶ

971 259 1034 278 cum
1049 252 1176 281 libertate
1187 253 1320 286 defendit,
1332 254 1359 282 iu
1372 262 1509 282 carcerem
1523 255 1664 290 coniectus
1679 260 1762 290 atque

974 302 1088 326 necatus
1110 304 1165 326 est.
1188 299 1253 326 Tam
1270 300 1362 335 gravia
1378 300 1404 327 in
1420 307 1468 328 nos
1487 300 1587 336 impius
1600 301 1763 328 Maximinus

971 344 1092 371 lacinora
1114 345 1212 377 edidit,
1231 350 1259 372 ιιι
1277 347 1352 374 visus
1375 346 1410 374 sit
1425 347 1555 382 majorem
1572 348 1653 375 etiam
1671 348 1762 383 priore

972 391 1160 423 persecutione
1178 396 1272 418 contra
1294 400 1344 419 nos
1364 393 1519 419 concitasse
1543 397 1658 420 motum.
1677 393 1762 428 Cujus

971 436 1054 463 ctiant
1072 441 1144 463 tanta
1160 437 1210 463 fuit
1228 437 1328 464 mentis
1346 438 1486 470 vecordia,
1501 443 1604 472 quanta
1621 447 1761 473 nunquam

972 487 1051 508 antea
1066 482 1203 510 exstitisse
1216 483 1355 511 memoriae
1371 483 1478 518 prodita
1493 489 1545 511 est.
1562 485 1675 512 Decreta
1689 485 1761 511 enim

973 527 1092 559 urbium,
1110 532 1138 555 ct
1165 528 1349 563 imperialium
1371 529 1602 557 constitutionum
1629 531 1762 565 rescripta

972 574 1049 600 aereis
1067 573 1203 608 insculpta
1216 574 1361 607 columnis,
1385 575 1575 603 terrendorum
1590 575 1763 603 Christiano-

973 628 1032 646 rum
1051 628 1131 647 causa
1149 620 1176 647 in
1195 621 1292 648 mediis
1309 621 1423 649 urbibus
1438 622 1576 656 publicata
1596 629 1602 648 :
1621 627 1649 649 et
1668 622 1762 656 pueris

972 666 1000 692 in
1017 666 1111 693 ludum
1133 666 1297 694 litterariuttt
1319 667 1352 694 ad
1368 667 1511 701 magistros
1536 667 1678 698 euntibus,
1694 667 1763 694 nihil

973 713 1120 740 aliud-toto
1138 713 1183 740 die
1208 713 1235 740 in
1253 720 1301 740 ore
1326 717 1386 739 erat
1401 720 1481 747 quam
1504 713 1607 740 Pilatus
1628 717 1657 740 et
1670 713 1762 746 Jcsus,

973 758 1080 793 aliaque
1096 759 1155 792 ejus
1172 759 1281 793 generis
1295 759 1329 786 ad
1346 759 1543 795 contumeliam
1565 765 1685 786 nostraut
1705 763 1762 786 tum

973 806 1092 839 printunt
1118 805 1234 833 conﬁcta
1254 811 1282 834 et
1307 808 1460 842 excogitata
1489 813 1563 840 :per
1589 814 1650 840 quae
1673 806 1764 832 omnia

973 858 1112 877 sumtttum
1134 851 1272 879 Maximini
1297 853 1325 880 in
1342 853 1427 880 Deum
1448 852 1553 885 odium,
1573 851 1766 886 arrogantissi-

976 904 1105 931 tuumque
1120 897 1263 925 scelerosae
1277 899 1337 932 ejus
1353 899 1451 926 animae
1464 898 1643 933 supercilium
1659 897 1765 932 perspi-

974 950 1037 970 cere
1055 943 1143 975 licuit,
1168 948 1196 971 et
1209 942 1330 971 divinant
1347 943 1442 971 mirari
1467 943 1627 977 vindictam,
1643 951 1704 978 quae
1718 951 1766 970 ex-

976 989 1078 1017 cubare
1103 989 1234 1017 eontinua
1259 990 1377 1024 quadam
1401 990 1494 1024 vigilia
1513 998 1596 1025 super
1619 990 1766 1022 itnpiorutn

977 1036 1089 1066 malitia,
1106 1037 1274 1071 eundemque
1297 1036 1324 1063 in
1341 1036 1459 1071 vestigio
1475 1037 1605 1071 consequi
1626 1036 1704 1063 solet.
1726 1035 1767 1062 Ab

977 1083 1027 1108 hac
1050 1083 1094 1109 ille
1119 1083 1273 1117 perculsus,
1298 1091 1352 1111 non
1376 1084 1463 1110 ntulto
1485 1088 1547 1118 post
1575 1083 1633 1118 lege
1655 1083 1766 1116 scripta,

976 1128 1060 1162 priori
1083 1128 1263 1161 pacilicationi
1294 1129 1463 1156 contrarium
1489 1137 1604 1163 prorsus
1628 1129 1662 1156 de
1689 1128 1769 1155 nobis

976 1175 1082 1202 statuit.
1094 1174 1127 1201 Ut
1143 1179 1236 1202 autent
1249 1175 1376 1210 impietas
1387 1176 1446 1210 ejus
1461 1176 1605 1203 tnanifesto
1624 1176 1767 1210 probetur,

977 1227 1080 1256 partem
1103 1222 1250 1256 quamdam
1271 1222 1476 1248 constitutionis
1499 1223 1559 1257 ejus
1581 1230 1662 1256 quant
1679 1222 1705 1248 in
1723 1229 1770 1248 co-

977 1269 1097 1294 lumnam
1120 1267 1203 1294 incidi
1227 1268 1344 1296 curavit,
1371 1267 1493 1294 historia:
1508 1267 1572 1294 huic
1589 1267 1710 1294 inserere
1726 1270 1768 1293 est

977 1314 1076 1341 visunt.
1102 1313 1156 1341 Res
1181 1314 1221 1341 sic
1241 1321 1269 1341 se
1288 1314 1381 1344 habet,
1401 1323 1410 1338 ι
1425 1313 1483 1340 iam
1505 1313 1614 1340 tandem
1630 1313 1768 1340 imbecilla

977 1360 1103 1386 humanm
1115 1359 1214 1386 ntctttis
1232 1359 1346 1386 audacia
1362 1359 1530 1386 seductionis
1543 1359 1702 1392 errorisque
1719 1358 1768 1385 ob—

976 1407 1134 1433 scuritatem
1148 1410 1229 1440 atque
1241 1406 1385 1441 caliginem
1399 1405 1504 1440 depulit
1516 1411 1543 1432 et
1560 1404 1707 1431 discussit:
1719 1405 1766 1439 qui

977 1452 1086 1486 quidem
1101 1453 1219 1479 antehac
1231 1452 1393 1487 perniciosis
1403 1451 1565 1486 ignorantiae
1581 1450 1711 1482 tenebris,
1730 1451 1767 1478 ita

977 1506 1032 1525 non
1050 1503 1103 1525 tant
1123 1498 1270 1533 impiorum
1287 1506 1368 1533 quain
1387 1498 1606 1525 miserandorum
1624 1497 1767 1524 hominum

977 1552 1074 1571 sensus
1094 1544 1226 1576 involvit,
1243 1544 1326 1580 479
1342 1549 1370 1571 ιιι
1385 1553 1442 1571 rem
1462 1544 1662 1577 veritatemque
1681 1544 1768 1577 ipsam

977 1598 1147 1625 cognoscere
1172 1599 1226 1617 non
1244 1590 1395 1625 potuerint.
1410 1590 1463 1618 Sed
1482 1590 1616 1624 singulari
1635 1590 1767 1624 benigna-

976 1644 1030 1670 que
1044 1635 1158 1662 deorunt
1180 1636 1376 1663 imutortalinm
1396 1635 1580 1668 providentia,
1596 1635 1710 1662 inﬁdum
1729 1639 1769 1661 al-

976 1690 1029 1717 que
1047 1682 1172 1716 iniquunt
1197 1683 1237 1716 (ut
1255 1683 1291 1709 ita
1313 1682 1414 1715 dicant)
1439 1682 1515 1709 librae
1534 1686 1715 1713 momentum,
1734 1681 1768 1708 ad

975 1727 1079 1761 justam
1101 1734 1260 1761 rcctamque
1283 1733 1411 1755 stateram
1429 1733 1471 1755 est
1495 1727 1650 1760 reductum,
1667 1733 1696 1754 ut
1726 1734 1769 1754 res

977 1782 1073 1801 omnes
1091 1774 1171 1801 nobis
1196 1779 1292 1808 graue,
1310 1782 1408 1801 suaves
1430 1779 1456 1801 et
1474 1774 1604 1809 jucunda?
1629 1774 1768 1804 eveniant,

977 1824 1005 1847 et
1023 1824 1052 1845 ut
1065 1819 1120 1854 jam
1132 1819 1278 1846 maximum
1294 1819 1536 1853 certissimumth
1551 1823 1652 1846 nostra:
1666 1818 1701 1845 de
1716 1818 1770 1844 diis

977 1865 1044 1899 ipsis
1056 1864 1193 1898 opinionis
1212 1872 1244 1890 ae
1260 1864 1369 1898 pietatis
1383 1868 1470 1891 cxsti't
1486 1863 1634 1890 iudicium.
1651 1863 1703 1890 Sed
1720 1870 1770 1890 ne-

978 1918 1032 1945 que
1055 1910 1171 1937 antehac
1201 1910 1326 1944 cuiquam
1351 1910 1474 1944 ignotum
1492 1909 1552 1940 fuit,
1575 1909 1676 1943 quibus
1689 1916 1772 1936 caere-

978 1957 1079 1984 moniis
1101 1961 1128 1984 et
1143 1956 1228 1983 sacris
1248 1956 1285 1982 dii
1302 1956 1471 1982 immortales
1490 1963 1505 1982 a
1518 1955 1596 1982 vobis
1611 1956 1667 1982 sint
1683 1955 1771 1988 culti,

979 2000 1054 2038 quos
1065 2011 1119 2030 non
1136 2002 1217 2030 nudis
1233 2008 1315 2038 atque
1331 2002 1460 2029 inanibus
1474 2002 1538 2029 ﬁdei
1552 2002 1655 2034 verbis,
1674 2009 1771 2030 verum

980 2048 1151 2076 admirandis
1169 2048 1364 2082 prteclarisque
1384 2048 1516 2082 operibus
1533 2052 1668 2082 perpetuo
1685 2055 1770 2074 vene-

980 2094 1036 2121 rari
1052 2099 1079 2121 et
1093 2093 1269 2128 magniﬁcare
1285 2093 1423 2120 convenit.
1438 2093 1522 2121 Recte
1534 2094 1658 2128 profecto
1675 2092 1773 2120 civitas

980 2145 1071 2167 vestra
1088 2141 1202 2167 deorum
1220 2140 1430 2173 immortalium,
1450 2145 1563 2175 propter
1577 2139 1681 2167 cultum
1693 2139 1772 2166 timo-

982 2194 1095 2221 remque
1121 2194 1230 2217 eorum.
1259 2187 1411 2213 saerarium
1429 2192 1457 2214 et
1477 2186 1649 2214 domicilium
1678 2185 1771 2213 vocari

138 2236 234 2270 ὥσπερ
260 2235 447 2270 ἀμεληθεῖσαν
468 2239 516 2262 καί
531 2236 742 2270 κεκοιμημένην
761 2235 848 2269 αὔραν
863 2235 880 2260 ἀ

1031 2236 1066 2258 tat
1084 2240 1090 2257 :
1119 2236 1146 2259 et
1166 2231 1260 2258 multis
1278 2231 1385 2258 indiciis
1399 2233 1466 2260 satis
1482 2237 1601 2264 constat,
1612 2240 1673 2259 eam
1690 2232 1773 2259 cmle-

106 2296 109 2298 -
139 2282 364 2316 ζωπυρουμένων
389 2281 444 2307 τῶν
479 2280 603 2314 πυρσῶν,
634 2280 767 2314 μεγίστην
788 2279 931 2313 πυρκαϊὰν

140 2328 364 2362 ἀναπληροῦσαν,
393 2327 494 2358 εὐθέως
523 2327 592 2362 πρὸς
621 2327 672 2360 τὴν
693 2326 833 2361 ἡμετέραν
859 2325 932 2351 εὐσέ-

140 2375 336 2409 6ειαν,ῶσπερ
358 2375 426 2409 πρὸς
449 2374 619 2408 μητρόπολιν
637 2372 732 2398 πασῶν
758 2371 931 2402 θεοσεῦειῶν,

139 2420 224 2454 χωρὶς
255 2419 394 2454 μελήσεώς
423 2426 496 2449 τινος
522 2417 688 2451 κατέφυγεν,
717 2417 789 2443 ἴασίν
812 2425 872 2442 τινα
885 2417 932 2442 καὶ

142 2466 270 2501 βοήθειαν
282 2465 436 2492 ἀπαιτοῦσα
447 2473 453 2480 ·
475 2474 484 2490 ι
504 2465 551 2490 καὶ
567 2464 601 2490 τὰ
615 2464 678 2498 ἑξῆς
691 2464 740 2497 τῆς
753 2464 850 2497 ὁμοίας
864 2463 928 2489 δυσ-

142 2512 252 2543 σεϐείας
267 2512 395 2546 ἐχόμενα,
410 2511 511 2544 πολλὴν
524 2510 698 2544 καταδρομὴν
715 2507 787 2544 ἦσαν
805 2509 929 2543 λέγοντα·

143 2559 180 2590 ὡς
196 2557 230 2583 δι’
248 2558 321 2591 ἡμᾶς
336 2558 365 2583 τδ
385 2558 458 2584 Οεῖον
474 2555 616 2592 δυσμενῶς
637 2556 710 2591 ἕχον,
729 2555 784 2581 πᾶν
799 2554 826 2580 εί
837 2563 863 2580 τι
876 2554 931 2580 δει-

144 2607 188 2633 νὸν
210 2607 238 2633 ὲν
253 2606 314 2641 ἀέρι
327 2605 375 2631 καὶ
392 2605 427 2639 γῇ
444 2604 491 2630 καὶ
505 2603 601 2629 ὕδασιν
613 2602 734 2637 ἐμποιεῖ.

984 2277 1065 2304 stium
1081 2277 1195 2305 deorum
1210 2278 1354 2312 prmseutia
1372 2278 1481 2306 ﬂorere.
1498 2280 1592 2313 Itaque
1610 2279 1675 2304 urbs
1684 2282 1773 2304 vestra

983 2332 1045 2351 cum
1062 2324 1145 2351 rebus
1159 2318 1290 2350 omnibus
1303 2324 1340 2351 illi
1355 2325 1534 2358 peculiariter
1551 2324 1774 2351 conducibilibus

984 2371 1160 2404 posthabitis,
1178 2376 1233 2397 ttmt
1253 2371 1336 2397 etiam
1354 2375 1381 2397 et
1399 2371 1580 2404 petitionibus
1606 2370 1707 2405 quibus
1725 2378 1775 2404 pro

983 2426 1033 2443 suo
1056 2418 1143 2451 ipsius
1163 2422 1233 2444 statu
1259 2418 1336 2452 pritts
1358 2418 1395 2444 uti
1413 2418 1531 2451 solebat,
1555 2419 1675 2450 omiSsis,
1692 2426 1773 2452 quant

981 2464 1100 2496 primum
1120 2471 1216 2490 rursus
1230 2463 1358 2490 homines
1371 2464 1548 2491 exsecranda:
1565 2463 1678 2490 vanitati
1698 2463 1775 2490 dedi-

982 2515 1023 2536 tos
1034 2506 1095 2537 late
1118 2517 1229 2543 serpere
1244 2514 1272 2536 et
1289 2510 1449 2544 propagari,
1474 2517 1505 2536 ac
1521 2509 1606 2536 veluti
1623 2510 1773 2545 neglectam

981 2560 1062 2589 atque
1077 2555 1194 2590 sopitam
1215 2561 1311 2580 auram
1333 2553 1439 2581 facibus
1463 2554 1519 2581 vim
1535 2554 1681 2589 ignemque
1694 2563 1774 2581 suunt

982 2609 1030 2636 per
1049 2609 1108 2628 eain
1125 2600 1334 2635 recipientibus,
1357 2605 1464 2627 vasatum
1491 2600 1648 2628 incendium
1664 2600 1776 2627 dilIerre

145 2663 178 2683 ac
193 2655 306 2682 dilatare
317 2653 414 2685 sensit,
430 2650 677 2686 nullainterposita
713 2656 790 2676 mora
825 2649 971 2676 confestim
991 2649 1024 2676 ad
1046 2650 1175 2684 pietatem
1202 2653 1335 2677 nostram,
1355 2647 1470 2681 perinde
1485 2652 1566 2682 atque
1588 2648 1621 2674 ad
1636 2655 1776 2674 sacrOrum

144 2703 293 2737 cultusque
320 2702 434 2729 deorum
463 2700 553 2727 ontnis
579 2698 753 2732 metropolim
786 2697 935 2731 urbemque
953 2698 1126 2732 principem.
1138 2696 1270 2732 confugit,
1306 2704 1385 2729 opem
1401 2702 1428 2723 et
1443 2697 1576 2724 auxilium
1592 2697 1751 2731 implorans.
1765 2704 1775 2720 ι

146 2753 179 2780 Et
205 2757 303 2778 caetera
328 2757 388 2785 qua:
414 2753 579 2784 sequuntur,
611 2747 762 2774 consimilis
785 2746 933 2780 impietatis
953 2746 1042 2780 plena,
1074 2747 1327 2780 professionemqu
1340 2750 1460 2773 nostram
1492 2745 1702 2779 perstringentin
1719 2744 1776 2780 (l):

147 2805 275 2833 tanquam
291 2797 415 2824 divinum
431 2797 536 2823 quntcn
556 2799 667 2829 propter
681 2793 854 2823 uosiratum,
874 2791 1007 2826 quidquid
1023 2797 1065 2818 est
1083 2793 1109 2818 iu
1124 2800 1198 2823 acre.
1216 2793 1241 2818 iit
1261 2798 1332 2819 terra
1350 2798 1374 2819 ct
1395 2793 1420 2818 itt
1435 2793 1512 2827 aquis
1526 2792 1602 2823 tituli,
1622 2791 1778 2819 hominibus

148 2846 288 2873 immittat.

185 2903 223 2938 (l)
238 2900 372 2930 Eusebius
393 2900 441 2928 lib.
461 2909 498 2933 ix,
524 2908 582 2934 cap.
607 2900 631 2930 7,
655 2899 701 2934 qui
725 2897 857 2932 scriptum
886 2897 927 2924 hut

562 2909 582 2928 ;›.
607 2900 631 2930 7,
655 2899 701 2934 qui
725 2897 857 2932 scriptum
886 2897 936 2924 hoc
957 2896 1018 2931 Τμι
1037 2902 1208 2930 ιιιοιοειιυιιι
1231 2896 1304 2923 vidit.
