1880 3063
105 143 169 176 13Ξί

567 143 867 175 ECCLESIASTlC/E
887 143 1082 173 IllSTORI/E
1103 144 1175 176 LIB.
1199 143 1266 175 VII.

1660 143 1730 176 132?.

101 204 177 237 δίκην
192 203 250 234 τοῖς
278 202 440 234 ἐπισκόποις
467 202 637 237 ἐπέτρεψεν·
668 201 726 236 εἴγε
754 201 864 236 saltim

975 200 1007 227 tis
1030 205 1115 236 patet.
1147 200 1286 228 Absurdas
1305 200 1386 229 etiam
1408 200 1469 227 illas
1493 199 1564 235 apud
1591 200 1730 228 Romanos

102 250 296 285 παραιτεῖσθαι
312 251 373 282 τοὺς
400 250 435 277 τὰ
453 250 579 276 πολιτικὰ
605 250 760 285 κρίνοντας.
785 248 842 283 Τήν
857 256 889 282 γε

104 287 157 331 μὴν
173 296 281 322 ἐκεῖθεν
304 297 397 331 ψῆφον
422 297 453 323 τδ
480 296 569 331 κῦρος
593 296 646 322 τῶν
670 296 759 322 ἄλλων
780 295 894 328 πάντων⁶

101 343 196 378 φέρειν
214 342 387 376 ἐνομοθέτει,
403 339 602 377 ἀμετάτρεπταζ
617 342 644 367 δὲ
656 339 725 367 εἶναι
741 340 790 366 καὶ
805 340 838 366 τὰ
856 341 889 375 τῇ

101 388 203 422 συνὸδῳ
216 388 396 423 διωρισμένω
413 388 448 415 τά
465 396 497 422 γε
518 387 572 423 μὴν
595 388 720 418 ἐκείνους
738 387 891 421 κρινόμενα

99 428 138 464 εἰς
154 434 236 468 ἔργον
255 433 331 466 ἄγειν
352 434 400 461 καὶ
427 433 560 468 καθιστᾷν
582 433 646 464 τοὺς
671 433 705 459 τὰ
729 433 807 459 κοινὰ
823 433 890 459 διοι-

99 480 216 511 κοῦντας
229 479 366 514 ἄρχοντας
384 478 434 505 σὺν
458 480 516 511 τοῖς
542 479 594 505 ὑπὸ
615 479 693 514 χεῖρα
708 477 890 513 στρατιώταις

98 526 203 556 αὐτοῖς.
232 525 286 552 Καὶ
304 525 354 561 τὴν
369 524 530 560 ἐλευθερίαν
547 525 576 551 δὲ
593 524 668 559 νόμῳ
685 525 718 559 τῇ
741 523 891 559 Ἐκκλησία

97 571 309 606 κατεχαρίζετο·
323 572 372 597 καὶ
386 572 441 602 τοῖς
454 571 481 604 γ’
494 571 735 606 ἐλευθερουμένοις
748 569 800 596 ὑπὸ
820 570 891 604 μάρ-

97 626 160 643 τυσι
183 617 241 648 τοῖς
263 617 367 652 ἱερεῦσι
402 618 435 653 τῇ
460 617 584 652 πολιτείᾳ
615 615 761 651 Ῥωμαίων
788 615 890 650 ἐγγρά-

101 665 215 698 φεσθαι.
232 664 343 691 Τούτων
370 664 398 691 δὲ
427 665 538 691 πάντων
558 664 606 690 καὶ
621 665 634 690 ὁ
650 664 747 699 χρόνος
764 663 792 694 ἐς
811 663 891 698 δεῦρο

100 709 181 744 ςὲρει
201 710 248 735 τὸν
261 709 383 744 ἔλεγχον,
396 709 440 736 ἀεὶ
457 708 504 735 τοῦ
522 708 599 740 ἔθους
616 708 653 739 ὡς
670 708 760 738 καλῶς
771 708 894 742 ἔχοντος,¹

97 755 317 789 ὐπερτεροῦντος
338 755 385 781 τοῦ
411 755 509 789 χρόνου
537 754 586 780 καὶ
608 752 788 788 ὲνισχύοντος.
808 753 863 779 Kal.
877 754 892 780 ὁ

99 801 150 836 μὲν
179 800 295 827 τοιαῦτα
320 801 481 833 σπουδάζων
503 800 672 836 ἐνομοθέτει,
698 799 791 834 ἔργοις
801 799 847 826 ἀεὶ
862 800 891 826 τὺ

97 838 171 872 σεῖον
201 844 372 881 θεραπεύειν
383 845 558 881 αἱρούμενος.
573 844 681 900 Ἀλλὶυς
699 853 729 871 τε
742 845 770 871 δὲ
789 844 805 879 ή
824 844 891 880 Ορη-
905 869 928 900 Β

97 893 177 919 exstat
195 893 244 919 καὶ
258 892 320 919 καθ’
338 892 438 927 ἑαυτὴν
456 892 621 926 ἀκμάζουσα
635 888 681 926 ἦν,
702 891 745 918 διὰ
762 891 812 925 τὴν
827 891 891 926 ἀρε-

95 939 144 974 τὴν
159 939 216 965 τῶν
234 938 294 965 τότε
312 938 459 972 μετιόντων
480 938 576 973 αὑτήν.
594 938 651 965 Καὶ
662 937 716 972 γάρ
729 945 786 968 πως
796 937 891 963 πολλοὶ

96 975 235 1019 περιῆσαν
250 983 289 1010 ἑτι
306 984 360 1010 τῶν
376 983 552 1018 ὁμολογητῶν
576 982 623 1009 τοῦ
648 982 768 1017 διωγμοῦ
789 982 891 1016 λήξαν-

95 1039 151 1062 τος.
173 1030 228 1057 Καὶ
245 1030 332 1061 ἄλλως
354 1030 382 1056 δὲ
412 1029 511 1064 ἀγαθοὶ
525 1029 572 1056 καὶ
595 1028 770 1056 ἀποστολικοὶ
784 1028 889 1062 διεφαί-

96 1082 174 1100 νοντο
191 1073 300 1109 ἄνδρες,
325 1073 417 1108 ἔργοις
430 1074 478 1100 καὶ
504 1073 595 1106 λόγοις
614 1074 663 1109 τὴν
680 1073 773 1099 πίστιν
790 1069 891 1112 astuti-

97 1127 203 1150 νοντες,
221 1119 286 1154 περὶ
301 1115 340 1145 ὦν
361 1119 401 1154 τῷ
415 1119 583 1154 προσήκοντι
602 1118 677 1154 τόπῳ
692 1117 889 1153 διαληψόμεῡα.

943 246 1026 281 leges,
1043 255 1076 274 ne
1096 247 1205 274 caelibes
1223 247 1249 274 itt
1274 247 1399 274 adeunda
1426 246 1585 274 litercditate
1601 247 1729 281 conjugi-
1762 246 1767 251 “

941 293 994 333 bus
1010 298 1198 328 aequarentur,
1216 301 1285 321 neve
1301 298 1482 328 prmterquam
1501 300 1603 328 genere
1614 293 1728 327 propin-

942 337 989 372 qui
1004 337 1154 372 quidquam
1170 345 1202 365 ex
1219 341 1385 365 testamento
1396 337 1588 364 lucrarentur:
1601 342 1732 372 praue-rea

943 387 972 410 ut
987 383 1032 418 qui
1045 383 1148 410 liberos
1165 390 1218 409 non
1232 387 1424 418 procreassent
1436 403 1443 415 ,
1461 383 1577 410 dimidia
1592 383 1729 411 bonorum

944 435 1020 470 parte
1048 430 1252 461 multarentur,
1279 430 1421 464 abrogavit
1443 449 1451 462 ,
1480 437 1515 464 ne
1544 429 1661 462 scilicet,
1682 431 1729 465 qui

942 474 1095 510 caelibatum
1110 474 1373 508 complecterentur,
1400 482 1457 508 quo
1471 475 1607 502 deteriore
1624 475 1730 502 maritis

943 516 1026 554 516
1043 523 1136 546 essent
1162 518 1330 550 conditione,
1358 520 1450 547 minus
1471 528 1531 546 eam
1555 526 1731 548 sectarentur

944 566 1040 597 vitam,
1053 573 1114 600 qua:
1129 573 1158 592 se
1175 565 1201 592 in
1216 566 1314 605 studiis
1338 566 1394 593 Deo
1411 567 1518 601 placitis
1536 567 1632 595 sedulo
1649 576 1731 595 excr-

943 616 998 638 cet.
1015 611 1086 643 Quin
1102 616 1132 638 ut
1157 611 1174 638 ii
1197 611 1244 646 qui
1264 619 1313 646 per
1335 613 1534 640 continentiam
1552 612 1579 639 in
1605 614 1730 641 ctelibatu
1759 637 1766 640 η

943 657 1027 684 vitam
1049 658 1162 692 degunt,
1182 658 1347 694 prmcipuum
1362 659 1490 693 quiddam
1508 667 1563 694 pra:
1579 659 1633 687 illis
1646 660 1731 688 liabe-

944 708 1016 735 rent,
1047 704 1138 731 sanxit
1158 714 1164 731 τ
1185 709 1215 732 ut
1234 705 1346 732 ctelibes
1372 705 1479 732 scilicet
1502 712 1599 733 omnes
1615 726 1622 738 ,
1648 706 1732 734 etiam

945 750 1113 785 impuberes.
1129 758 1179 786 pro
1200 759 1234 778 eo
1254 756 1337 786 atque
1354 751 1394 778 eis
1421 752 1510 779 visum
1529 759 1613 785 esset,
1637 754 1732 780 testari

943 801 1076 830 possent:
1101 801 1195 824 contra
1222 797 1455 825 consuetudinem
1480 807 1542 833 quae
1567 799 1631 826 olint
1660 799 1732 834 apud

945 842 1084 870 Romanos
1098 843 1274 874 obtinuerat.
1293 845 1340 878 qui
1357 844 1431 879 leges
1453 845 1521 873 tales
1539 845 1662 873 tulerant
1676 865 1684 877 .
1704 852 1735 874 ut

944 890 1039 929 urbem
1066 889 1248 918 seditionibus
1270 891 1405 926 bellisque
1428 892 1557 921 civilibus
1580 898 1643 921 ante
1661 894 1734 929 ejus-

945 936 1019 963 modi
1040 936 1213 964 sanctionem
1228 937 1403 970 exhaustam,
1419 938 1581 974 civibusque
1593 940 1732 971 orbatam,

945 979 1348 1018 matrimoniisliberorumque
1357 986 1548 1018 procreatione
1562 984 1734 1020 frequentio-

945 1035 1002 1055 rem
1019 1028 1176 1056 redderent.
1193 1028 1252 1062 Qua
1277 1037 1343 1057 vero
1361 1030 1512 1065 imperator
1536 1031 1735 1059 Constantinus

944 1073 1119 1102 observantia
1134 1072 1198 1110 erga
1216 1076 1416 1111 professionem
1435 1077 1496 1105 ﬁdei
1519 1083 1619 1106 nostrae
1638 1078 1734 1112 fuerit,

943 1118 1052 1146 abunde
1068 1119 1137 1146 illud
1154 1128 1265 1156 qttoque
1283 1127 1410 1156 testatur,
1421 1123 1493 1158 quod
1509 1124 1627 1151 clericos
1639 1132 1736 1153 omnes

98 1165 298 1192 constitutione
331 1165 385 1192 lata
409 1164 546 1191 immunes
570 1163 728 1198 liberosque
760 1164 822 1191 esse
854 1163 1003 1198 permisit:
1038 1164 1229 1200 iudiciumque
1258 1171 1288 1193 et
1309 1167 1534 1201 jurisdietionem
1560 1170 1587 1197 in
1607 1178 1656 1198 eos
1676 1171 1735 1206 epi-

96 1214 210 1248 scopis,
239 1214 375 1248 siquidem
417 1213 541 1253 civilium
565 1211 691 1248 judieum
720 1211 906 1247 cognitionem
926 1211 1066 1251 declinare
1107 1213 1226 1245 vellent,
1262 1216 1422 1243 mandavit:
1452 1221 1480 1243 et
1503 1208 1577 1252 quod
1609 1219 1733 1256 episcopi

93 1261 276 1296 iudicassent,
312 1260 340 1288 id
367 1260 453 1288 robur
477 1265 506 1289 et
517 1260 712 1288 auctoritatem
741 1259 886 1287 sementim
906 1267 1016 1287 omnem
1056 1259 1160 1288 habere
1195 1261 1298 1289 debere
1314 1261 1449 1290 decrevit.
1470 1263 1561 1291 Firma
1577 1273 1688 1301 qucque
1704 1271 1734 1295 et

94 1309 278 1337 inmutabilia
294 1316 356 1337 esse
383 1309 472 1337 voluit
489 1317 551 1345 qua:
565 1309 592 1337 in
611 1308 723 1345 synodis
756 1308 906 1336 constituta
927 1312 1031 1337 essent.
1071 1309 1105 1336 Et
1120 1316 1180 1344 qua:
1196 1309 1230 1336 ab
1242 1310 1382 1345 episcopis
1396 1311 1517 1346 judicata
1535 1312 1636 1344 forent,
1655 1319 1684 1341 ut
1699 1322 1731 1342 ea

93 1366 107 1385 a
123 1357 334 1393 magistratibus
350 1357 521 1392 respublicas
556 1357 815 1385 administrantibus
849 1357 1017 1391 militarique
1047 1364 1108 1392 quae
1138 1358 1188 1385 sub
1204 1357 1245 1386 eis
1259 1363 1333 1387 esset
1358 1367 1440 1387 tnanu
1459 1361 1630 1388 exsceutioni
1653 1370 1731 1389 man-

92 1406 243 1439 darentur,
261 1411 343 1440 atque
355 1406 388 1433 ad
406 1413 464 1433 rem
482 1406 580 1434 collata
593 1406 804 1441 perﬁcerentur,
839 1405 993 1433 constituit.
1019 1405 1188 1433 Libertatem
1222 1414 1334 1442 quoque
1359 1407 1489 1436 Ecclesiae
1526 1409 1585 1444 lege
1617 1410 1672 1437 lata
1690 1411 1731 1446 (Ι)

92 1455 244 1486 concessit,
261 1459 291 1482 et
303 1454 477 1482 utlibertate
509 1454 702 1484 sacerdotibus
741 1454 859 1482 testibus
891 1454 983 1481 donati
1011 1454 1113 1481 civium
1145 1454 1333 1482 Romanorum
1368 1464 1484 1484 numero
1512 1458 1732 1489 ascriberentur.

92 1504 160 1537 Qum
175 1503 268 1531 omnia
288 1507 397 1538 tempus
419 1511 530 1539 quoque
546 1503 637 1539 ipsum
653 1503 686 1531 ad
700 1503 774 1531 hunc
801 1511 889 1538 usque
905 1503 990 1536 dietn,
1021 1503 1222 1530 consuetudine
1256 1504 1371 1539 probata
1395 1505 1575 1539 plurimorutn
1593 1515 1730 1534 annortun

92 1549 273 1585 praevalente,
295 1551 455 1578 conﬁrmat.
481 1550 572 1585 Atque
607 1550 652 1578 ille
687 1550 798 1585 quidem
822 1558 921 1585 magno
942 1549 1034 1578 studio
1046 1549 1120 1584 leges
1135 1550 1270 1585 ejusmodi
1287 1551 1429 1583 condidit,
1444 1551 1526 1579 rebus
1545 1557 1637 1580 autetn
1663 1553 1731 1588 ipsis

91 1599 199 1627 cultum
229 1598 353 1626 divinum
385 1599 484 1626 sedulo
508 1599 682 1635 propagavit.
698 1599 750 1627 Sed
775 1606 801 1627 et
826 1600 884 1634 ipsa
903 1599 1001 1634 religio
1031 1606 1081 1634 per
1110 1598 1228 1633 seipsam
1242 1599 1390 1626 admodum
1402 1600 1498 1635 viguit,
1511 1607 1625 1635 propter
1635 1609 1732 1629 eorum

91 1647 139 1682 qui
156 1654 218 1673 eatn
244 1646 374 1674 colebant
408 1646 568 1674 virtutem:
595 1646 668 1681 quod
716 1647 794 1674 multi
827 1647 918 1674 adhuc
939 1645 1132 1682 persecutione
1160 1645 1250 1680 sopita
1277 1651 1457 1680 superessent
1486 1647 1671 1675 confessorcs.
1698 1648 1732 1675 Et

92 1701 195 1731 praeter
215 1703 264 1724 eos
277 1695 323 1722 alii
339 1702 449 1730 quoque
465 1700 521 1722 tum
537 1696 670 1723 exstitere
685 1703 783 1731 magna
818 1695 903 1730 gloria
925 1695 990 1722 boni
1001 1694 1200 1729 apostoliciquo
1232 1694 1296 1726 viri,
1310 1695 1442 1729 operibus
1459 1696 1541 1724 simul
1557 1700 1584 1724 et
1600 1697 1732 1725 doctrinis

92 1743 175 1772 tidctn
204 1742 322 1771 maxime
345 1747 525 1775 exornantes,
559 1743 593 1770 de
618 1743 720 1778 quibus
748 1742 810 1770 loco
838 1749 888 1770 suo
905 1742 1020 1770 dicetur.

390 1813 516 1840 ΚΕΦΛΛ.
526 1813 594 1841 ΜΖ¹.

225 1860 454 1893 Κωνσταντῖνος
479 1860 513 1886 τὸ
537 1859 701 1889 Βυζάντιον
721 1860 771 1887 διὰ
783 1860 886 1895 μάχης

110 1864 198 1895 Οπως
225 1864 454 1893 Κωνσταντίνος
479 1864 513 1886 τὸ
537 1864 701 1889 Βυζάντιον
721 1875 723 1883 ι

252 1895 341 1927 ἐλὼν,
354 1895 536 1928 Βυζαντίους
553 1895 723 1922 ἀπέκτεινε.

134 1955 179 1985 Ὠς
192 1954 220 1980 δὲ
239 1954 271 1980 τὰ
285 1953 339 1980 τῶν
354 1953 480 1988 πολέμων
496 1952 544 1979 καὶ
557 1952 591 1979 τὰ
609 1952 680 1979 κατὰ
693 1953 741 1987 τὴν
754 1952 885 1987 θρησκεί-

90 2012 124 2029 αν
139 2000 230 2031 καλῶς
243 1999 340 2035 ἐκείνῳ
356 1998 525 2035 προύχώρει,
542 1998 588 2025 καὶ
616 1998 650 2025 τὰ
672 1999 721 2032 τῆς
747 1998 818 2034 ἑῴας
840 1999 886 2025 καὶ

89 2048 222 2083 ἑσπερίου
236 2047 341 2082 λήξεως
354 2047 406 2073 ὑπὸ
419 2048 500 2082 χεῖρα
514 2046 602 2081 τούτῳ
617 2046 792 2081 γεγένηνται,
805 2046 885 2081 μόνος

88 2103 120 2121 τε
152 2092 334 2128 αὐτοκράτωρ
368 2091 515 2125 Ῥωμαίων
553 2091 753 2126 ἀνηγορεύετο·
783 2092 796 2118 ὁ
834 2091 883 2126 μὲν

89 2134 304 2175 Χριπτιανισμὺς
314 2137 413 2172 ηὔξανε
425 2137 603 2172 καθημέραν·
619 2137 715 2173 βαθεῖα
738 2138 766 2165 δὲ
786 2138 883 2174 εἰρήνη

88 2188 152 2219 ταῖς
185 2186 359 2221 Ῥωμαϊκαῖς
385 2185 537 2216 πολιτείαις
570 2185 882 2220 ἑπεχωρίαζε.Θνήςκει

89 2235 142 2269 μὲν
157 2233 171 2259 ὸ
184 2232 237 2259 τῶν
262 2231 344 2258 υἱέων
357 2231 509 2266 πρώτιστος
535 2231 609 2266 αὐτῷ
634 2232 772 2266 Κρίσπος·
801 2231 884 2263 αὐτὸς

86 2281 117 2307 δὲ
135 2280 279 2313 Καίσαρας
301 2278 366 2309 τοὺς
398 2278 480 2308 ἰδίους
498 2278 597 2310 παῖδας
628 2279 881 2313 καταστησάμενος,

88 2327 138 2354 καὶ
154 2326 200 2352 τὸν
214 2325 323 2360 πρῶτον
337 2323 507 2350 Κώνσταντα
520 2324 711 2359 παραπέμψας
726 2325 759 2359 τῇ
780 2324 884 2359 Ῥώμῃ,

87 2375 136 2401 cz".
153 2374 217 2404 soil;
236 2373 403 2405 Βυζαντίους
425 2371 533 2407 ἐχώρει.
552 2372 640 2405 Βύζας
656 2371 710 2407 γάρ
728 2380 769 2403 τις
784 2372 886 2407 ’Ἐλλην

1172 1811 1252 1846 517
1267 1811 1380 1839 CAPUT
1401 1811 1503 1839 xcvn.

942 1858 975 1885 Ut
1002 1858 1203 1890 Constantinus,
1220 1857 1349 1891 Byzantio
1371 1857 1439 1882 bello
1470 1862 1559 1892 capto,
1588 1857 1730 1893 Byzantius

1200 1893 1332 1918 occidione
1346 1892 1481 1919 acciderit.

975 1949 1124 1984 Postquam
1143 1956 1209 1976 vero
1229 1953 1256 1976 et
1270 1948 1335 1976 belli
1354 1953 1382 1976 ct
1402 1948 1544 1985 religionis
1563 1957 1608 1978 res
1625 1950 1650 1978 ei
1666 1951 1731 1978 fcli-

939 1995 1009 2023 ciler
1031 2001 1243 2029 successerunt,
1265 1994 1388 2023 Orientis
1410 1995 1492 2022 simul
1518 2000 1545 2023 et
1569 1996 1729 2026 Occidentis

941 2041 1068 2076 regiones
1094 2041 1120 2068 in
1148 2041 1282 2069 ditionem
1308 2042 1367 2076 ejus
1393 2048 1593 2076 pervenerunt,
1612 2049 1642 2071 et
1671 2045 1730 2080 ipse

938 2087 1014 2114 solus
1037 2088 1225 2114 Romanorum
1243 2088 1394 2123 imperator
1413 2089 1500 2116 iactus
1516 2094 1576 2122 est,
1592 2089 1730 2118 Christia-

938 2134 1045 2162 nismus
1070 2134 1096 2161 itt
1113 2134 1173 2162 dies
1195 2135 1281 2170 magis
1296 2143 1329 2162 ac
1345 2136 1430 2170 magis
1445 2141 1613 2171 propagatus
1632 2141 1686 2169 est,
1702 2143 1730 2165 et

937 2188 989 2215 pax
1005 2181 1151 2215 tranquilla
1169 2189 1216 2215 per
1233 2189 1315 2208 omne
1328 2181 1483 2209 Romanum
1498 2183 1644 2217 imperium
1666 2184 1728 2211 l'uit.

938 2226 972 2254 Et
986 2232 1044 2255 tum
1061 2227 1173 2263 quidem
1192 2227 1317 2263 Crispus,
1335 2229 1472 2256 maximus
1486 2234 1550 2256 natu
1570 2229 1642 2256 ﬁlius
1657 2231 1727 2265 ejus,

938 2274 1010 2302 diem
1024 2283 1104 2302 suum
1117 2275 1195 2303 obiit.
1212 2275 1274 2310 ipse
1285 2283 1352 2303 vero
1366 2275 1480 2310 reliquis
1498 2275 1561 2303 llliis
1574 2276 1729 2303 Cu-saribus

938 2320 1039 2354 dictis,
1062 2326 1091 2348 et
1111 2320 1294 2348 Constantino
1316 2326 1383 2347 natu
1409 2325 1465 2347 tum
1486 2320 1590 2355 majore
1612 2321 1726 2347 Romam

939 2366 1041 2399 miSSo,
1064 2372 1159 2394 contra
1179 2362 1327 2401 Byzantios
1348 2366 1388 2401 (2)
1412 2370 1455 2394 est
1473 2366 1624 2401 profectus.
1645 2366 1730 2402 Byzas

87 2421 119 2447 ὲν
135 2421 194 2450 ταῖς
208 2402 326 2454 ἡμέραις
340 2402 538 2453 Μανασξῆ-τοῦ
554 2402 604 2451 τῆς
630 2402 766 2449 Ἰουδαίας
780 2402 864 2452 κατάρ

978 2419 1060 2446 mque
1078 2411 1189 2446 qnidam
1207 2419 1307 2446 genere
1325 2411 1455 2444 Graecus,
1481 2412 1653 2447 temporibus
1675 2413 1730 2440 Ma-

89 2474 185 2501 χοντος
199 2465 300 2501 μικρὰν
313 2457 392 2491 π’όλιν
410 2464 457 2490 ἐπὶ
468 2463 506 2498 τῷ
521 2464 615 2498 οἰκείῳ
637 2463 751 2498 ὀνόματι
780 2463 885 2497 ἀνεγεί-

90 2520 154 2548 ρει*
185 2511 219 2547 ἢν
246 2511 364 2538 ἔκπαλαι
398 2509 533 2545 βάρϐαροι
558 2509 654 2544 ἄνδρες
677 2509 882 2543 κατῳκημένοι,

89 2559 242 2593 αὐτονομίᾳ.
254 2558 301 2585 καὶ
314 2556 460 2592 ἀγριότητι
475 2555 625 2591 χρώμενοι,
641 2555 694 2581 ὕπο
710 2555 790 2590 χεῖρα
808 2555 883 2589 γενέ-

90 2605 155 2631 σοιι
174 2604 321 2638 Ῥωμαίοις
346 2603 520 2630 παντάπατιν
544 2601 728 2636 ἀπηγόρευον.
750 2601 804 2628 Καὶ
827 2599 884 2628 τοί-

91 2661 139 2677 νυν
156 2651 226 2684 μετὰ
244 2649 289 2676 τὸν
325 2647 488 2676 Βιθυνιακὸν
512 2648 583 2674 κατὰ
608 2647 729 2674 Λικινίου
755 2647 884 2680 πόλεμον,

90 2698 139 2730 τῆς
156 2695 340 2730 Νικομηόείας
365 2695 476 2728 ἀπάρας
495 2694 509 2719 ό
530 2693 746 2723 Κωναταντῐνοῖ,
765 2691 886 2720 ἐκείνους

91 2746 233 2780 ἐφίκοιτο.
257 2739 335 2768 Ἐπεὶ
346 2741 368 2767 δ’
382 2742 407 2768 οἱ
425 2740 570 2772 Βυζάντιοι
584 2739 621 2774 μὴ
637 2738 684 2764 τὸν
700 2738 802 2772 αὐχένα
827 2735 886 2763 κλί-

127 2827 166 2861 (ι)
182 2826 213 2852 L.
234 2825 243 2852 l
262 2830 291 2852 et
302 2823 377 2861 2.77C.
391 2819 548 2861 DeAhis‘qui
567 2821 595 2848 in
614 2822 711 2861 βοείοις..
723 2829 844 2861 "tonum.

937 2452 1200 2484 nassaa'Judazorum
1216 2456 1290 2492 regis
1306 2458 1403 2485 urbem
1422 2466 1532 2493 parvam
1550 2458 1600 2486 sub
1616 2459 1729 2488 nomine

937 2511 988 2531 suo
1004 2505 1178 2536 construxit,
1197 2512 1280 2539 quam
1301 2505 1456 2539 antiquitus
1473 2504 1600 2532 homines
1619 2505 1729 2534 barbari

936 2550 1107 2582 incolentes,
1131 2554 1276 2585 propterea
1298 2550 1370 2585 quod
1392 2551 1450 2578 suis
1473 2550 1559 2578 libere
1583 2556 1728 2580 uterentur

935 2596 1053 2631 legibus,
1065 2602 1093 2624 et
1106 2597 1271 2632 agrestiorcs
1285 2601 1390 2630 essent,
1407 2597 1594 2625 Romanorum
1610 2599 1727 2634 imperio

936 2643 1073 2678 subjicere
1088 2652 1117 2671 se
1131 2651 1245 2678 prorsus
1261 2649 1424 2671 renuerunt.
1439 2644 1533 2680 Itaque
1546 2651 1607 2680 post
1621 2645 1724 2672 bellutn

937 2688 966 2716 in
995 2688 1122 2725 Bithynia
1147 2693 1242 2717 contra
1269 2689 1405 2717 Licinium
1423 2695 1548 2726 gestum,
1567 2691 1727 2718 Nicomedia

939 2736 1051 2764 solvens
1067 2735 1278 2769 Constantinus,
1298 2737 1399 2765 bellant
1420 2738 1461 2766 eis
1481 2737 1583 2766 intulit.
1604 2736 1726 2772 Byzantii

184 2861 320 2895 Oppidum
333 2858 491 2894 Byzantium
507 2853 598 2884 libera:
611 2858 787 2892 conditioni},
798 2862 879 2884 antea
899 2855 987 2892 Lygos
1006 2854 1122 2882 dictum.
1142 2854 1213 2882 Plin.
1234 2853 1282 2882 lib.
1300 2861 1337 2887 tv,
1354 2861 1414 2890 cap.
1437 2853 1479 2881 ll.

195 2913 333 2942 Pnuut.
352 2909 411 2939 (in.
436 2907 533 2938 CXLV

1546 2898 1585 2930 ΕΞ
