4098 6332
1567 679 1740 743 CON
1751 679 2016 744 TINUA
2031 682 2198 742 TUR

491 891 1724 1080 MATTHZEI

1949 883 3263 1077 BLASTARIS

709 1243 1850 1395 SYNTAGMA
1981 1237 3048 1394 CANONUM.

564 1657 766 1711 ΑΡΧΗ
802 1659 926 1708 ΤΟΥ
964 1659 1018 1711 Μ
1058 1657 1434 1710 ΣΤΟΙΧΕΙΟΥ.

193 1767 442 1820 ΚΕΦΑΛ.
493 1764 578 1818 A'.
612 1759 804 1834 “Hsqu
857 1759 1115 1834 μάγων,
1168 1756 1833 1834 μᾲαβηματΑικῶνηκαὶ

256 1853 577 1919 μαντειον,
609 1830 672 1886 ἔτ
699 1827 822 1916 ιξδὶ
855 1827 1442 1908 καῖἆστρολόγων,
1477 1827 1832 1919 έπιιιοιδίιιόνζ

254 1900 449 1978 ὶὶλλιῑιΔ
486 1900 566 1972 δὴ
634 1904 746 1957 καὶ
811 1900 1169 1978 γοητειῶν,
1219 1900 1667 1978 φαρμακειῶν,
1718 1900 1834 1956 καὶ

257 1975 672 2051 περιάπτων.

253 2107 312 2157 '0
354 2101 433 2170 ξα⁹
477 2105 581 2168 τῆς
634 2099 680 2162 ς’
713 2094 940 2152 συνόδου
1002 2096 1178 2152 κανὼν
1231 2096 1357 2160 τοὺς
1408 2096 1659 2170 μάντεσιν
1708 2097 1831 2152 ἑαυ-

197 2189 309 2253 τοὺς
335 2185 764 2255 έπιδεδωκὸτας,
796 2186 832 2256 ἢ
885 2189 1096 2262 γόησιν,
1123 2187 1160 2256 ἢ
1199 2193 1314 2249 τοῖς
1347 2186 1666 2260 λεγομένοις
1707 2187 1832 2241 ἑκα-

199 2279 540 2352 τοντάρχοις,
683 2281 797 2338 τοῖς
854 2276 947 2338 τὰς
1011 2278 1240 2350 ἄρκτους
1297 2275 1737 2349 ἐπισυρομένοις,
1796 2273 1832 2343 ἢ

197 2365 334 2440 ’ἕτερα
386 2367 562 2438 θηρία
610 2366 748 2437 πρὸς
794 2366 1042 2440 παίγνιον
1091 2366 1180 2418 καὶ
1234 2361 1449 2438 βλάϐην
1480 2370 1586 2418 τῶν
1620 2364 1831 2418 ἁπλου-

202 2460 404 2530 στέρων,
443 2457 478 2526 ἤ
529 2459 648 2515 τοῖς
697 2451 1105 2529 νεφοδιώκταις,
1139 2453 1174 2522 ἢ
1224 2459 1340 2514 τοῖς
1379 2457 1598 2527 γόησιν,
1629 2453 1664 2523 ἢ
1713 2458 1832 2515 τοῖς

208 2547 494 2620 παρέχουσι
540 2543 608 2596 tsi
658 2542 1023 2618 φυλακτήρια,
1139 2547 1254 2605 τοῖς
1283 2542 1483 2618 τῦχην,
1515 2543 1602 2597 καί
1637 2543 1832 2618 εἱμαρ-

217 2636 369 2705 μένην,
423 2634 520 2687 καὶ
581 2632 1050 2706 γενεθλιαλογίαν,
1095 2632 1184 2685 καὶ
1244 2631 1510 2686 τοιούτων
1571 2632 1832 2705 ῥημάτιον

213 2721 348 2799 ὄχλον
402 2728 678 2801 φωνοῦσι,
726 2723 861 2777 κατὰ
919 2722 1044 2784 τοὺς
1090 2729 1190 2792 τῆς
1239 2720 1453 2792 πλάνης
1514 2721 1742 2796 λήρους,
1779 2724 1832 2776 οἳ

203 2815 276 2868 τὸν
330 2816 430 2887 μὲν
506 2811 587 2875 εἷς
643 2813 852 2885 ἡμέραν
919 2813 1044 2890 φασί
1119 2818 1443 2887 γεννηθῆναι
1517 2813 1834 2878 κακοποιὸν,

193 2905 270 2957 τὸν
300 2902 346 2957 δ’
373 2902 446 2958 αὖ
479 2903 557 2965 εἰς
585 2900 780 2975 ἀστέρα
826 2901 1048 2976 ἀγαθὸν,
1078 2922 1206 2962 τοος
1255 2900 1346 2956 οὖν
1397 2900 1834 2976 προσανέχοντας

1857 1654 1913 1720 Α

2235 1728 2238 1736 ι
2279 1651 2436 1708 ua
2474 1649 2764 1708 INITIUM
2804 1649 3132 1706 errsa/s
3168 1650 3246 1706 M.

1945 1757 2101 1814 CAP.
2133 1757 2282 1828 IADe
2315 1759 2515 1828 magis,
2561 1757 2981 1822 mathematicis,
3027 1763 3080 1813 et
3117 1757 3362 1828 iactibus.
3419 1763 3482 1812 ut
3536 1761 3589 1812 et

2011 1826 2329 1957 gitrologz,
2396 1826 2852 1896 incautam-ibas,
2923 1827 3254 1900 praestigiis,
3312 1829 3588 1899 veneﬁciis

2098 1917 2228 1956 amu
2309 1917 2373 1955 ts.

2010 2103 2409 2174 Sexagesimus
2465 2103 2693 2175 primus
2738 2106 2914 2158 sexta
2969 2101 3176 2175 synodi
3245 2115 3432 2158 canon
3489 2115 3589 2155 eos

1943 2191 2044 2263 qui
2075 2193 2306 2248 vatibus
2337 2208 2465 2248 sese
2502 2192 2872 2257 dediderunt,
2905 2191 2990 2246 vel
3042 2189 3583 2262 presligiatoribus,

1941 2282 2030 2336 vel
2061 2282 2130 2337 iis
2160 2284 2263 2354 qui
2291 2282 2665 2337 centuriones
2687 2281 2981 2348 dicuntur,
3014 2279 3102 2335 vel
3149 2279 3224 2333 iis
3266 2278 3364 2350 qui
3415 2294 3583 2334 ursas

1943 2371 2414 2438 circumducunt,
2444 2370 2528 2426 vel
2563 2372 2617 2425 id
2649 2386 2834 2439 genus
2861 2369 3144 2424 animalia
3173 2369 3241 2422 ad
3285 2368 3586 2438 imperito-

1943 2476 2072 2515 rum
2105 2461 2598 2516 oblectamentum
2646 2464 2705 2514 et
2751 2475 2983 2525 noxam,
3029 2457 3118 2513 vel
3167 2456 3414 2512 nubium
3464 2471 3588 2526 per-

1943 2551 2333 2616 secutoribus,
2365 2549 2450 2604 vel
2491 2549 2972 2617 ineantatoribus,
3040 2547 3126 2602 vel
3177 2547 3250 2602 iis
3299 2546 3396 2618 qui
3447 2561 3586 2616 pras-

1945 2644 2085 2698 bent
2143 2639 2418 2706 amuleta,
2475 2638 2563 2692 vel
2613 2639 2712 2708 qui
2772 2637 3086 2705 tortunam,
3137 2651 3205 2691 ac
3263 2637 3470 2702 fatum,
3521 2651 3587 2688 ac

1945 2731 2362 2803 genealogiam,
2411 2735 2468 2785 et
2523 2727 2806 2797 ejusmodi
2863 2727 3166 2782 verborum
3237 2725 3583 2796 farraginem

1945 2824 2342 2896 proferuntex
2393 2821 2734 2891 impostum
2781 2817 2974 2890 nugis,
3024 2816 3126 2889 qui
3176 2816 3381 2872 dicunt
3429 2816 3586 2871 hunc

1946 2912 2178 2984 quidem
2203 2912 2296 2966 die
2350 2909 2624 2982 maligno,
2676 2906 2841 2963 illum
2887 2923 3022 2963 vero
3069 2905 3217 2962 felici
3273 2905 3460 2962 sidere
3490 2923 3587 2960 na-

191 2993 394 3052 τοότοις
438 2991 527 3046 ἐπὶ
575 2989 812 3059 ἑξαετίαν
857 2987 1234 3060 καταδικάζει·
1267 2989 1617 3062 ἐπιμένοντας
1653 2988 1709 3043 δὲ
1753 2993 1834 3061 τῷ

1949 3007 2074 3058 tum
2105 3017 2272 3067 esse;
2305 3014 2404 3056 eos
2438 2999 2637 3070 igitur,
2683 2997 2781 3070 qui
2813 2997 2908 3052 his
2950 2995 3275 3062 confidunt,
3315 2993 3588 3050 sexennio

186 3088 351 3155 κακῷ,
396 3079 609 3141 τελέως
684 3079 998 3155 ἑκκηρύττει
1072 3089 1171 3149 τῆς
1234 3079 1552 3151 ἐκκλησίας,
1603 3079 1828 3142 λα’ίκοῦς

182 3169 336 3233 ὄντας
399 3167 656 3240 δηλαδή·
713 3169 1032 3243 ἱερωμένοις
1081 3168 1139 3226 δὲ
1196 3167 1427 3243 οἷοδιμία
1482 3171 1830 3245 παραίτησις,

177 3263 238 3315 τὸ
298 3262 380 3334 μὴ
465 3257 528 3314 υύ
595 3260 1018 3333 καθαιρεθῆναι·
1079 3261 1154 3322 ὡς
1212 3259 1314 3336 γὰρ
1376 3263 1457 3330 τῷ
1513 3258 1834 3333 Ἀποστόλῳ

179 3349 424 3424 εἴρηται,
457 3374 484 3399 ιι
515 3346 607 3408 Τίς
639 3348 1020 3421 συγκατάθεσις
1045 3353 1155 3421 ναῷ
1185 3352 1320 3403 Θεοῦ
1353 3349 1469 3422 μετ’
1499 3346 1744 3403 εἰδώλων
1771 3367 1832 3416 ;››

177 3443 271 3493 καὶ
301 3439 374 3492 τά
412 3440 558 3510 ἑξῆς.
593 3435 827 3499 Μάντεις
875 3437 968 3508 μὲν
1019 3435 1109 3492 οὖν
1151 3435 1405 3514 λέγονται
1456 3437 1506 3491 o't
1549 3443 1665 3498 τοῖς
1717 3435 1833 3491 δαί-

180 3549 350 3601 μοσιν
405 3526 630 3587 ἑαυτοὺς
711 3524 962 3590 ἐκδόντες
1033 3528 1121 3581 καὶ
1206 3528 1696 3602 προσαναθὲμενοι,
1743 3527 1832 3581 καὶ

167 3621 302 3678 ταῖς
349 3615 526 3669 αὐτῶν
574 3615 883 3685 ὑποθήκαις
934 3612 1023 3670 διά
1071 3635 1228 3670 τινων
1271 3615 1518 3688 σημείων
1556 3615 1835 3690 πειρώμε-

170 3725 262 3759 νοι
321 3701 540 3779 βλέπειν
581 3705 648 3759 τὰ
700 3702 1000 3776 μέλλοντα.
1033 3705 1466 3779 Ἐκατόνταρχοι
1498 3702 1574 3772 δὲ,
1610 3703 1662 3757 οἱ
1711 3703 1832 3777 περὶ

171 3794 246 3848 τὰ
299 3796 526 3848 τοιαῦτα
575 3792 887 3871 σοφώτερόν
935 3812 988 3846 τι
1036 3797 1302 3860 νοοῦντες,
1362 3792 1452 3846 καὶ
1508 3793 1678 3865 ταύτῃ
1737 3789 1834 3846 δο-

175 3887 406 3944 κοῦντες
459 3881 780 3956 ἐπίπροσθεν
830 3886 940 3936 τῶν
997 3880 1225 3937 πολλῶν
1284 3881 1440 3938 εἶναι.
1500 3882 1567 3937 Οἱ
1628 3879 1684 3936 δὲ
1739 3881 1833 3942 τάς

176 3971 426 4046 ἄρκτους
469 3969 876 4045 ἐπισυρόμενοι,
929 3971 1196 4045 βάμματα
1243 3970 1570 4045 ἐξαρτῶντες
1632 3969 1831 4036 αὐτῶν,

175 4063 275 4116 καὶ
326 4061 436 4116 τῶν
483 4065 694 4136 τριχῶν
743 4061 1036 4132 κείροντες,
1084 4065 1204 4122 ταῖς
1267 4060 1504 4137 γυναιξὶν
1557 4059 1835 4136 ἀμφότερα

181 4147 561 4225 ἐπορέγουσιν,
619 4150 696 4212 ὡς
771 4149 962 4212 νόσους
1045 4147 1288 4204 ἐλαύνειν
1374 4149 1462 4204 καὶ
1543 4149 1832 4224 βασκανίαν

182 4234 392 4312 ἔχοντα
419 4239 666 4317 φύσεωςο
699 4235 864 4292 ἄλλοι
915 4236 972 4292 δὲ
1019 4234 1168 4317 ὄφεις
1218 4239 1598 4317 περιφέρουσιν
1645 4237 1833 4311 ἐγκολ-

174 4326 375 4397 πίους,
422 4326 687 4402 γοητείαν
750 4323 799 4380 δ’

177 4413 263 4485 δὲ,
296 4419 356 4470 οἱ
405 4413 499 4470 διὰ
543 4419 653 4471 τῶν
693 4414 745 4470 ἐν
772 4420 888 4477 τοῖς
917 4415 1095 4494 νέφεσι
1118 4416 1422 4492 σχημάτων
1451 4417 1571 4471 τινὰ
1602 4436 1834 4492 προσοι-

173 4499 481 4574 ϐάζοντες.
511 4505 710 4574 Γὸητες
756 4503 833 4575 δὲ,
886 4506 938 4560 οἱ
993 4506 1312 4568 Δαυϊτικους
1360 4505 1523 4575 δῆθυν
1581 4503 1838 4579 ψαλμοὺς

173 4593 441 4666 ᾅδοντες,
493 4593 582 4648 καὶ
631 4595 912 4667 ὀνομάτων
963 4601 1307 4672 μαρτυρικῶν
1358 4596 1720 4669 μεμνημένοι,
1751 4595 1840 4649 καὶ

172 4681 370 4750 αὐτῆς
413 4685 518 4748 τῆς
567 4679 856 4758 ὁπεραγίας
903 4681 1193 4745 Θεοτόκοὺ.
1220 4683 1307 4738 καὶ
1357 4683 1574 4742 τούτοις
1625 4683 1726 4750 τήν
1783 4679 1845 4734 ἐκ

171 4775 296 4825 τῶν
372 4767 653 4843 δαιμόνων
721 4771 1126 4845 παρενείροντες
1189 4772 1467 4848 γοητείαν.
1517 4773 1729 4845 ’Έτεροι
1785 4767 1842 4824 δὲ

173 4866 307 4923 τοῖς
366 4856 681 4933 τραχήλοις
728 4864 836 4914 τῶν
881 4857 1090 4915 παίδων
1137 4859 1601 4936 συνεπτυγμένους
1637 4860 1843 4934 χάρτας

175 4949 566 5022 ἀπαιωροῦσι,
607 4951 726 5008 ταῖς
773 4948 1218 5022 παρατυχοόσαις
1292 4945 1530 5022 έπῳδαῐς
1599 4968 1840 5024 γιγραμ-

178 5037 416 5108 μένους,
476 5035 729 5110 ἐρυθροῖς
795 5037 1102 5114 ὑφάσμασιν
1177 5038 1373 5094 αὐτοὺτ
1429 5036 1841 5103 ἐνειλίσσοντες,

175 5128 263 5188 εἷς
314 5127 645 5200 ἀποτροπήν
702 5123 861 5195 δῆθεν
907 5129 1108 5191 παντὸς
1163 5128 1408 5204 ἄνιαρόῦ,
1440 5128 1473 5182 ἆ
1520 5128 1608 5183 καὶ
1667 5128 1843 5204 φυλα-

174 5219 398 5291 κτήρια
446 5215 672 5290 λέγουσι
717 5217 812 5270 καὶ
871 5217 1156 5290 περίαπτα.
1189 5217 1538 5292 Καθῄρηνται
1598 5213 1654 5272 δὲ
1701 5214 1844 5271 πολ-

177 5304 356 5368 λάκις
387 5305 479 5360 καὶ
527 5306 695 5380 ἱερεῖς
749 5304 838 5360 ἐπὶ
887 5311 989 5374 τῆς
1031 5304 1284 5376 συνόδου,
1317 5307 1475 5382 ἄρτον
1522 5313 1624 5376 τῆς
1685 5305 1846 5378 μεγάο

173 5394 296 5466 λης
362 5397 617 5468 πέμπτης
683 5394 796 5451 τισὶ
865 5401 1056 5472 φαγεῖν
1122 5394 1486 5472 ἒπορέξαντες,
1545 5396 1624 5470 ἐφ’
1677 5398 1722 5471 ᾦ
1778 5394 1845 5450 τὰ

173 5481 504 5553 συληθέντα
549 5485 862 5560 εὑρεθῆναι,
897 5481 958 5538 ἐκ
1007 5488 1100 5538 τοῦ
1148 5486 1222 5559 μὴ
1275 5482 1476 5560 ῥᾳδίως
1518 5483 1706 5540 τοῦτον
1747 5504 1842 5540 κα-

166 5571 654 5641 ταπιεῖν.’Δλλος
688 5570 746 5629 δέ
776 5594 860 5636 τις
908 5573 1085 5648 ἱερεὺς
1135 5575 1270 5648 μετά
1317 5573 1646 5652 Εὖαγγελίου
1692 5575 1846 5648 ξύλῳ

168 5660 599 5738 συνδεδεμένοι),
649 5665 743 5720 καὶ
803 5661 1088 5727 κυκλικῶς
1138 5665 1650 5744 περιστρεφομένου,
1705 5669 1842 5745 ἐρω-

1941 3095 2242 3164 segregat;
2279 3093 2708 3159 perseverantes
2737 3091 2936 3142 autem
2967 3085 3026 3140 in
3060 3084 3214 3140 malo
3233 3084 3304 3139 ab
3329 3082 3584 3140 Ecclesia

1941 3179 2180 3236 omnino
2196 3176 2373 3248 ejicit,
2405 3176 2455 3231 si
2486 3176 2606 3230 sint
2633 3173 2848 3229 scilicet
2883 3172 3009 3229 laici
3035 3188 3051 3239 ;
3083 3187 3220 3228 nam
3263 3171 3583 3244 quominus

1941 3267 2274 3325 sacerdotes
2301 3266 2682 3336 deponantur,
2707 3261 2870 3317 nulla
2897 3265 2987 3317 est
3005 3259 3314 3316 excusatio.
3335 3259 3408 3316 Ut
3426 3258 3583 3316 enim

1943 3356 2138 3427 inquit
2165 3353 2474 3424 Apostolus
2498 3367 2512 3406 :
2533 3373 2562 3401 ι‹
2583 3353 2858 3418 Quaenam
2892 3348 3105 3420 templo
3131 3349 3225 3404 Dei
3247 3365 3382 3404 cum
3419 3347 3590 3403 idolis

1945 3442 2303 3500 consensio?
2340 3448 2398 3498 et
2445 3447 2672 3498 cetera.
2743 3439 2915 3496 Vates
2969 3438 3238 3510 equidem
3287 3437 3568 3493 dicuntur

1947 3531 2046 3603 qui
2073 3531 2433 3587 daemonibus
2465 3545 2594 3586 sese
2614 3528 2907 3588 addicunt,
2933 3533 2990 3582 et
3005 3543 3072 3582 cx
3091 3525 3327 3582 illorum
3351 3541 3588 3598 sugges-

1946 3621 2206 3676 tionibus
2223 3636 2317 3690 per
2339 3620 2606 3690 quaedam
2629 3619 2796 3688 signa
2818 3633 2908 3672 res
2931 3632 2994 3672 se
3007 3616 3230 3672 futuras
3250 3616 3398 3673 scire
3414 3615 3591 3686 proﬁ-

1942 3715 2157 3766 tentur.
2199 3708 2577 3764 Centuriones
2609 3722 2758 3772 vero,
2791 3705 2893 3776 qui
2923 3705 2993 3760 de
3023 3705 3117 3760 bis
3147 3703 3586 3776 aliquantutum

1944 3800 2326 3872 sapientiores
2371 3802 2533 3864 sunt,
2583 3802 2640 3854 et
2695 3796 2825 3851 ideo
2879 3794 3282 3850 existimantes
3343 3810 3406 3850 se
3463 3792 3591 3848 aliis

1943 3889 2235 3947 anteferri.
2261 3887 2370 3953 Qui
2409 3901 2542 3942 vero
2574 3902 2744 3942 ursas
2793 3884 3256 3952 circumducunt,
3303 3882 3588 3938 tincturus

1943 3979 2058 4036 illis
2087 3980 2502 4050 appendentes,
2547 3982 2604 4031 et
2662 3975 2812 4047 pilos
2863 3975 3194 4040 tondentes,
3244 3971 3589 4028 mulieribus

1943 4067 2110 4124 ambo
2137 4067 2416 4138 prabent,
2463 4068 2912 4137 tanquaquuac
2945 4064 3178 4119 morbos
3224 4065 3282 4118 et
3335 4059 3591 4118 fascina-

1945 4157 2164 4214 tionem
2199 4155 2518 4228 propellere
2550 4155 2662 4210 vim
2695 4154 2970 4209 habeant.
3001 4151 3111 4208 Alii
3145 4168 3274 4209 vero
3298 4155 3593 4222 serpentes

1943 4247 2006 4302 in
2026 4247 2156 4302 sinu
2187 4247 2459 4317 'gestant,
2513 4243 2834 4315 prmstigias
2884 4257 2987 4312 per
3041 4256 3140 4296 eos
3199 4238 3584 4312 perficientes.

860 4325 1038 4382 αὐτῶν
1118 4327 1410 4400 μετιόντες.
1458 4324 1834 4400 Νεφοδιῶκται

1949 4335 2201 4391 Nubium
2234 4338 2631 4406 persecutores
2675 4347 2810 4387 vero
2848 4335 3010 4397 sunt,
3059 4331 3157 4401 qui
3200 4345 3270 4384 ex
3300 4329 3502 4402 figuris
3530 4327 3590 4382 in

1951 4424 2208 4480 nubibus
2264 4422 2456 4496 aliqua
2519 4421 2925 4476 vaticinantur.
2984 4421 3382 4475 Incantatores
3434 4431 3589 4486 vero,

1949 4511 2050 4584 qui
2083 4513 2386 4568 Davidicos
2417 4511 2676 4583 psalmos
2725 4509 2977 4566 subinde
3022 4514 3264 4572 canunt,
3314 4511 3372 4562 et
3401 4504 3593 4563 nomi-

1949 4617 2088 4659 num
2123 4606 2446 4674 martyrum
2475 4599 2891 4662 meminerunt,
2931 4597 3104 4652 etiam
3149 4597 3331 4668 ipsius
3375 4599 3592 4650 sanctas

1949 4691 2205 4762 Virginis
2236 4689 2526 4760 Deiparaa:
2561 4693 2618 4742 et
2648 4686 2857 4742 horum
2902 4685 3138 4756 quidam
3172 4683 3494 4756 praestigias
3524 4697 3592 4736 ex

1950 4779 2316 4836 daemonibus
2348 4763 2730 4833 somniantes.
2761 4774 2871 4828 Alii
2899 4789 3033 4828 vero
3079 4787 3390 4845 puerorum
3422 4768 3593 4824 collis

1952 4870 2188 4925 chartas
2201 4865 2579 4936 compiicatas
2599 4864 2988 4934 suspendunt,
3005 4857 3458 4916 incantamentis
3471 4861 3575 4930 qui
3589 4891 3594 4894 -

1952 4957 2202 5013 busdam
2227 4955 2558 5024 inscriptas,
2587 4951 2779 5008 rubris
2803 4950 3044 5008 texturis
3065 4948 3194 5004 illas
3215 4945 3595 5014 involventes,

1953 5047 2022 5100 ad
2055 5042 2427 5100 avertendum
2487 5041 2710 5096 scilicet
2762 5055 2936 5094 omne
2993 5035 3412 5108 perniciosum,
3465 5051 3593 5106 qua:

1951 5135 2129 5190 etiam
2189 5133 2444 5187 amuleta
2503 5131 2779 5186 dicuntur
2835 5132 2892 5182 et
2943 5123 3231 5198 περίαπτα.
3273 5131 3318 5179 Δ
3375 5123 3596 5196 synodo

1952 5223 2282 5292 etiamsmpe
2304 5219 2549 5291 depositi
2572 5219 2805 5272 fuerunt
2825 5215 3178 5280 sacerdotes,
3201 5211 3355 5283 quod
3379 5227 3597 5284 magna:

1953 5313 2169 5384 quintis
2200 5311 2355 5367 ferina
2405 5326 2612 5382 panem
2645 5307 2995 5378 quibusdam
3050 5303 3464 5360 comedendum
3499 5303 3598 5358 de-

1955 5402 2187 5470 derunt,
2221 5407 2286 5456 ut
2333 5403 2600 5470 surrepta
2643 5397 3066 5461 invenirentur,
3099 5409 3166 5449 eo
3220 5392 3372 5465 quod
3431 5390 3600 5447 illum

1957 5506 2072 5548 non
2095 5491 2264 5546 facile
2291 5488 2641 5562 deglutiunt.
2662 5485 2822 5541 Alius
2836 5483 3010 5539 etiam
3039 5482 3275 5552 quidam
3305 5481 3598 5549 sacerdos,

1954 5596 2088 5636 cum
2121 5577 2430 5650 Evangelio
2459 5576 2618 5649 ligno
2651 5575 2845 5644 ligato,
2879 5576 2938 5628 et
2970 5571 3030 5626 in
3067 5570 3268 5628 orbem
3313 5568 3601 5624 circuma-

1954 5673 2072 5739 cto,
2100 5667 2584 5740 interrogationes
2613 5663 2686 5718 de
2717 5661 3064 5734 quibusdam
3098 5659 3275 5715 rebus
3303 5673 3406 5729 per
3435 5655 3602 5728 psal-

165 5766 370 5838 τήσεις
397 5765 522 5842 περί
549 5787 714 5823 τινων
747 5761 1091 5838 ποιούμενος
1136 5763 1434 5823 ὑποθέσεων
1484 5762 1573 5824 διὰ
1601 5769 1835 5849 ψαλμῶν

1956 5734 2084 5818 mos
2113 5734 2351 5816 Davidis
2394 5753 2612 5813 faciens
2649 5751 2851 5810 statim
2898 5746 3196 5820 depositus
3243 5744 3372 5803 fuit.
3427 5742 3600 5802 Tales

496 5873 766 5938 Panos.
817 5870 938 5936 Gs.
985 5867 1212 5938 CXLV.

3243 5846 3284 5937 1.
