4098 6332
426 426 499 488 11
1719 412 2078 477 ΜΑΤἸἮΕ]

2192 409 2570 473 LASTARIS
3742 412 3818 470 12

435 560 775 617 etiamsunt
802 557 860 611 et
905 553 1202 619 mulieres,
1249 567 1373 621 quas
1421 551 1682 607 ecclesiis
1745 551 1833 606 vel
1891 551 2075 607 sacris

2192 543 2513 613 Λαυῖδικῶν,
2566 544 2764 605 εὐθέως
2816 544 3140 617 καθῄρηται.
3186 543 3441 599 Τοιαῦταί
3490 547 3590 600 εἰσι
3634 548 3724 601 καὶ
3769 546 3824 601 αἱ

432 647 786 720 imaginibus
818 645 1076 700 assident
1122 647 1178 697 et
1206 658 1273 695 ex
1332 641 1423 695 his
1475 658 1535 696 se
1603 642 1797 696 futura
1860 657 2073 712 cogno-

426 754 587 797 scere
618 751 780 808 seque
818 751 883 789 ac
915 732 1222 804 prmdicere
1262 731 1584 795 afﬁrmant,
1636 747 1751 786 non
1805 746 1976 785 secus
2009 745 2075 785 ac

427 844 554 901 quae
584 825 722 881 olim
754 821 1035 895 Pythonis
1064 820 1337 892 spiritum
1363 819 1713 877 habuerunt.
1745 817 1825 873 De
1844 818 1935 873 his
1956 834 2075 874 om-

426 915 606 973 nibus
637 911 779 968 dicit
808 910 1039 966 divinus
1084 908 1559 981 Chrysostomus,
1607 908 1835 962 etiarnsi
1862 910 2075 963 sanctae

427 1002 729 1061 Trinitatis
752 1015 963 1056 nomen
986 996 1275 1067 ejusmodi
1299 996 1630 1051 actionibus
1652 996 2075 1066 admisceatur,

342 1138 347 1139 κ
427 1093 538 1149 etsi
568 1090 753 1147 sancti
785 1090 960 1145 etiam
993 1087 1349 1154 invocentur,
1385 1088 1444 1138 et
1466 1085 1718 1155 [signum
1758 1086 1950 1141 crucis
1980 1084 2078 1139 in-

428 1197 602 1253 super
648 1181 1067 1248 interponatur,
1110 1175 1308 1245 fugere
1355 1178 1551 1228 tamen
1600 1190 1668 1228 ea
1718 1191 1821 1229 nos
1870 1174 2078 1229 debere

429 1276 488 1326 et
513 1268 765 1326 aversari
799 1283 812 1321 :
861 1271 918 1321 et
968 1267 1026 1319 in
1060 1264 1126 1318 21
1177 1262 1436 1329 bomilia,
1471 1262 1600 1317 libri
1635 1264 1712 1317 De
1738 1264 2075 1328 simulacris,

431 1362 496 1414 ut
523 1364 582 1414 et
611 1358 669 1413 in
699 1358 736 1411 6
763 1363 959 1412 contra
978 1352 1206 1409 Judaeos
1240 1351 1499 1419 homilia,
1532 1368 1644 1407 non
1676 1352 1866 1408 obiter
1895 1352 1966 1406 de
1989 1350 2077 1406 his

432 1446 799 1518 triumphum
832 1443 968 1515 agit.

501 1648 826 1706 Vicesimus
857 1650 1097 1720 quartus
1130 1653 1440 1718 Ancyranm
1489 1645 1695 1718 synodi
1741 1647 2075 1718 quinquen-

437 1740 517 1797 nii
548 1755 732 1811 pinna:
767 1737 1007 1809 subiicit
1036 1752 1134 1793 eos
1170 1737 1272 1808 qui
1315 1735 1575 1808 gentium
1624 1734 2081 1790 consuetudines

436 1829 565 1886 sine
612 1828 770 1884 I14
822 1827 1041 1884 ratione
1090 1833 1422 1897 sequentes,
1466 1824 1526 1881 in
1583 1840 1722 1881 suas
1780 1826 1930 1879 aedes
1977 1840 2082 1879 va-

2177 639 2298 697 ταῖς
2364 632 2683 701 ἐκκλησίαις
2728 632 2762 701 ἢ
2813 638 2931 691 ταῖς
2977 634 3158 705 ἁγίαις
3217 633 3386 686 εἷ’κόσι
3437 633 3828 708 προσεδρεύου-

2182 744 2270 778 σαι
2315 727 2585 798 γυναῖκες,
2635 720 2738 775 κάκ
2792 720 3006 775 τούτων
3072 722 3484 795 ἰσχυριζόμενοιι
3542 725 3830 796 γινώσκειν

2183 812 2341 884 δῆθεν
2390 813 2457 867 τὰ
2509 810 2782 884 μέλλοντα
2831 811 2919 867 καὶ
2970 812 3280 887 προλέγειν,
3336 814 3471 868 κατά
3516 816 3611 877 τὰς
3659 816 3831 869 πάλαι

2181 906 2395 975 πνεῦμα
2472 901 2728 963 Πύθωνος
2805 900 3057 976 ἐχούσας.
3128 904 3254 975 Περὶ
3326 906 3540 957 τούτων
3616 905 3833 959 πάντων

2183 990 2346 1066 φησὶν
2402 992 2431 1045 ὁ
2488 991 2633 1052 θεῖος
2693 990 3104 1063 Χρυσόστομος,
3164 989 3266 1059 ὅτι,
3328 990 3424 1045 κᾶν
3492 1000 3591 1061 τῆς
3672 992 3831 1066 ἁγίας

2182 1076 2416 1152 Τριάδος
2449 1076 2625 1149 ὄνομα
2653 1075 2981 1151 έπιλέγηται
3028 1084 3148 1140 τοῖς
3193 1079 3489 1149 τοιούτοις,
3521 1081 3616 1134 κᾶι
3665 1080 3834 1154 ἁγίων

2183 1169 2431 1241 γίνωνται
2481 1165 2822 1236 ἐπικλήσεις,
2883 1166 2978 1221 κᾶν
3038 1168 3100 1220 τὸ
3163 1174 3391 1240 σημεῖον
3444 1173 3539 1222 τοῦ
3599 1173 3835 1243 σταυροῦ

2186 1256 2478 1331 ἐπάγηται,
2509 1255 2726 1331 φεύγειν
2759 1252 2844 1309 δεῖ
2878 1259 2945 1310 τὰ
2990 1261 3215 1311 τοιαῦτα
3260 1258 3350 1310 καὶ
3402 1258 3831 1323 ἀποτρέπεσθαι·

2185 1344 2332 1401 ἀλλά
2378 1347 2467 1400 καὶ
2512 1344 2566 1400 ἐν
2619 1349 2703 1417 τῷ
2746 1345 2980 1418 εἰκοστῷ
3026 1347 3229 1421 πρώτῳ
3278 1347 3429 1421 λόγῳ
3466 1352 3564 1402 τοῦ
3612 1344 3834 1421 βιϐλίου

2187 1441 2313 1490 τῶν
2357 1433 2800 1509 ἀνδριάντων,
2831 1432 2909 1492 ἔτι
2936 1434 2993 1490 δὲ
3023 1438 3110 1491 καὶ
3139 1436 3190 1491 ἐν
3218 1442 3298 1509 τῷ
3332 1441 3372 1492 ε’
3398 1442 3505 1492 τῶν
3533 1440 3669 1512 πρὸς
3702 1441 3833 1496 Ἰου-

2189 1522 2372 1586 δαίους
2397 1524 2605 1601 λόγων,
2639 1524 2702 1578 οὐ
2730 1524 3013 1600 παρέργως
3041 1522 3357 1601 θριαμϐεύει
3400 1528 3466 1581 τὰ
3496 1527 3719 1583 τούτων.

2258 1652 2320 1708 Ὁ
2370 1647 2427 1704 δὲ
2472 1649 2557 1705 κδ’
2597 1653 2701 1719 τῆς
2766 1649 2820 1705 ἐν
2875 1651 3116 1727 Ἀγκύρᾳ
3170 1648 3394 1706 συνόδου
3473 1651 3560 1706 ἐπὶ
3613 1673 3839 1707 πενταε-

2186 1738 2304 1795 τίαν
2354 1737 2604 1813 ἐπιτιμᾷ,
2634 1739 2687 1793 οἳ
2746 1737 2812 1808 δὴ
2842 1744 2960 1801 ταῖς
3010 1744 3117 1794 τῶν
3152 1737 3315 1794 έθνῶν
3349 1741 3652 1813 συνηθείαις
3701 1740 3839 1795 ἀλο-

2187 1830 2384 1905 γίστως
2431 1829 2880 1899 ἀκολουθοῦντες,
2916 1830 2991 1891 εἰς
3041 1831 3167 1892 τοὺς
3215 1830 3417 1885 ἑαυτῶν
3468 1830 3651 1893 οἷ’κους
3703 1832 3855 1905 μάν-η

436 1923 526 1976 tes
554 1920 623 1974 ad
660 1919 917 1990 magicas
967 1921 1122 1972 artes
1162 1922 1220 1971 et
1269 1916 1695 1971 medicamenta
1736 1915 2078 1971 invenienda

2192 1942 2297 1983 τεις
2369 1922 2676 1996 εἰσάγουσιν
2751 1919 2837 1975 ἐπὶ
2913 1919 3178 1994 ἀναιρέσει
3238 1917 3395 1990 δῆθεν
3456 1926 3696 1996 μαγειῶν
3747 1922 3836 1975 καὶ

444 2008 846 2076 introducunt,
894 2025 925 2062 a
959 2006 1063 2062 tali
1112 2005 1546 2062 abominatione
1589 2006 1828 2060 domum
1879 2019 1941 2059 se
1988 2021 2084 2059 ex-

441 2099 705 2169 piaturos
737 2096 1127 2169 promittendo
1157 2110 1173 2150 :
1212 2094 1346 2165 quia
1376 2097 1621 2165 aegrotos
1651 2108 1721 2149 ex
1751 2093 1842 2148 his
1870 2109 1933 2149 se
1964 2092 2088 2148 ﬁeri

440 2188 830 2259 suspicantur,
859 2189 916 2240 et
942 2185 1144 2239 morbo
1183 2184 1461 2238 diuturno
1510 2182 1744 2252 subjici,
1773 2182 1861 2237 vel
1908 2183 2089 2237 amis-

450 2291 514 2329 sa
534 2274 796 2344 quaedam
842 2271 1101 2327 indicare
1151 2287 1342 2341 posse.
1404 2269 1615 2325 Iisdem
1678 2270 1865 2340 pomis
1904 2269 2090 2339 subji-

450 2364 682 2419 ciuntur
712 2362 808 2433 qui
843 2358 1321 2416 incantatricibus
1375 2358 1545 2413 ﬁdem
1593 2357 1892 2426 adhibent,
1929 2361 1988 2411 et
2017 2357 2088 2411 iis

449 2452 550 2524 qui
576 2468 641 2508 ex
665 2451 880 2507 hordeo
913 2450 1196 2507 divinant.

520 2666 686 2722 Hunc
707 2680 839 2720 cans
862 2662 1141 2720 verbatim
1188 2661 1393 2719 recitat
1433 2661 1607 2718 etiam
1638 2661 1711 2717 83
1746 2662 1939 2732 magni
1983 2661 2094 2715 Ba-

454 2754 570 2811 silii
591 2771 773 2809 canon
800 2774 814 2822 ;
848 2752 943 2808 hic
959 2755 1153 2807 autem
1181 2753 1250 2807 ad
1274 2751 1611 2806 sexennium
1636 2768 1824 2822 usque
1845 2749 1945 2805 tali
1969 2766 2091 2804 ma-

446 2845 500 2901 lo
530 2842 920 2916 deprehensos
960 2841 1252 2907 extendit;
1286 2839 1421 2910 quia
1451 2841 1550 2911 qui
1583 2839 1761 2896 semel
1795 2843 2087 2908 errarunt,

446 2938 647 3005 postea
666 2947 798 2989 vero
828 2947 863 2987 a
891 2929 1044 2986 malo
1074 2928 1385 2996 desistunt,
1421 2928 1615 2985 minus
1647 2929 1980 2999 punientur.

519 3140 880 3197 Tricesimus
909 3146 1102 3196 sextus
1149 3138 1381 3195 Laodic.
1431 3155 1559 3208 syn.
1594 3141 1940 3211 sacerdotes,
1989 3145 2089 3215 qui

445 3234 584 3285 sunt
614 3229 787 3299 magi,
830 3233 889 3284 et
922 3229 1333 3299 incantatores,
1373 3232 1476 3284 aut
1532 3230 1946 3299 mathematici,
1978 3237 2081 3289 aut

444 3317 739 3388 astrologi,
789 3321 891 3371 aut
933 3332 1060 3387 quae
1110 3315 1379 3371 dicuntur
1434 3316 1791 3388 phylacteria
1839 3321 2079 3388 faciunt,

443 3403 682 3461 omnino
702 3418 771 3459 ex
797 3402 1043 3459 ecclesia
1071 3402 1200 3473 ejici
1234 3404 1513 3460 decernit.
1544 3406 1613 3461 Et
1663 3407 1815 3478 magi
1843 3409 2079 3480 quidem

442 3499 597 3560 sunt,
628 3491 729 3563 qui
758 3492 1070 3556 demoues,
1105 3490 1393 3547 beneﬁcos
1434 3492 1673 3562 scilicet,
1707 3495 1976 3553 invocant
2005 3497 2080 3553 ad

444 3580 578 3637 boni
626 3578 876 3649 alicujus
920 3578 1338 3650 operationem,
1387 3595 1520 3635 cum
1571 3598 1771 3638 omnes
1819 3585 1938 3641 sint
1966 3586 2077 3641 ho-

441 3669 662 3725 micidas
683 3673 742 3724 et
770 3666 904 3723 mali
936 3682 1225 3723 suasores.
1280 3668 1682 3727 Incantatores
1713 3682 1906 3730 autem
1936 3680 2078 3731 sunt

441 3757 909 3829 praestigiatores,
941 3757 1038 3828 qui
1072 3773 1169 3829 per
1211 3757 1634 3816 incantationes
1683 3763 1974 3821 daemones
2004 3767 2075 3822 ad

438 3863 607 3904 suam
638 3845 990 3902 voluntatem
1044 3845 1308 3914 trahunt;
1343 3862 1409 3903 ac
1449 3848 1597 3904 feras
1627 3850 1802 3906 etiam
1844 3857 1902 3908 et
1944 3870 2076 3925 rep-

439 3937 568 3995 tilia
595 3935 948 4002 devinciunt,
977 3935 1119 3990 adeo
1153 3939 1214 3988 ut
1239 3936 1503 4004 jumento
1546 3938 1685 3994 foris
1716 3943 2074 4011 pernoctanti

441 4024 751 4097 perniciem
781 4022 985 4079 ati‘erre
1024 4038 1135 4077 non
1168 4024 1415 4094 possint.
1475 4028 1651 4083 Porro
1709 4037 1764 4084 et
1811 4030 1904 4085 alii
1955 4049 2075 4088 ser-

441 4118 648 4188 pentes
694 4113 1014 4180 incantant,
1070 4129 1218 4183 quos
1269 4114 1442 4169 etiam
1502 4116 1774 4173 manibus
1816 4124 2077 4177 tractan-

439 4209 525 4260 tes
552 4203 679 4259 sine
710 4217 907 4256 morsu
929 4200 1003 4256 ab
1033 4200 1149 4255 illis
1207 4205 1264 4257 et
1301 4202 1471 4257 malis
1499 4204 1852 4275 impatibiles
1893 4225 2078 4266 rema-

441 4296 615 4358 nent;
650 4288 1048 4347 mathematici
1071 4289 1298 4359 deinde,
1341 4291 1438 4363 qui
1490 4293 1805 4365 opinantur
1838 4313 2078 4370 corpora

439 4380 690 4437 ccelestia
718 4378 931 4434 habere
959 4378 1215 4434 universi
1250 4380 1730 4445 dominationem,
1766 4387 2077 4461 omniaque

440 4473 637 4526 nostra
659 4469 731 4524 ab
760 4483 960 4523 eorum
1002 4471 1161 4523 motu
1208 4469 1628 4529 administrari.
1671 4473 2078 4534 Mathematica

438 4558 682 4616 scientia
710 4557 770 4612 in
799 4556 923 4612 haec
960 4557 1074 4612 duo
1124 4556 1418 4627 dividitur,
1468 4564 1883 4620 astronomiam
1914 4567 2079 4622 scili-

2195 2015 2562 2090 φαρμακειῶν,
2596 2011 2669 2071 ὡς
2725 2008 2786 2064 ἂν
2845 2014 2942 2065 τοῦ
2995 2012 3246 2066 τοιούτου
3300 2011 3503 2084 μύσους
3544 2011 3838 2086 ἐκκαθάραι

2193 2101 2286 2155 τὸν
2338 2099 2485 2154 οἶκον
2538 2099 3039 2174 ὑπισχνουμένους·
3084 2103 3177 2154 οἷα
3226 2099 3568 2162 κλινοπετεῖς
3618 2102 3841 2164 ἑαυτοὺς

2198 2188 2257 2242 ἐκ
2302 2188 2506 2243 τούτων
2572 2188 2963 2250 ὑποπτεύοντες
3011 2191 3303 2262 γεγονέναι,
3355 2189 3445 2245 καὶ
3503 2190 3648 2261 νὸσῳ
3706 2209 3843 2264 χροσ

2197 2278 2285 2348 νία
2317 2279 2761 2354 κατεργασθῆναι,
2792 2278 2826 2345 ἢ
2859 2277 2948 2331 καί
2996 2299 3116 2332 τινα
3169 2283 3279 2331 τῶν
3318 2277 3695 2351 ἀπωλομένων
3741 2276 3839 2332 δυ-

2195 2367 2456 2439 ναμένους
2506 2366 2889 2439 καταμηνύειν.
2938 2371 3067 2429 Τοῖς
3111 2367 3293 2429 αὐτοῖς
3348 2367 3650 2442 ἐπιτιμίοις
3701 2367 3843 2421 ὑπό-

2198 2477 2399 2512 κεινται
2447 2456 2537 2511 καὶ
2586 2457 2638 2510 o't
2684 2456 3061 2530 γοητευτρίαις
3108 2458 3570 2534 πσοσερχόμενοι,
3601 2458 3688 2511 καὶ
3720 2463 3840 2520 ταῖς

2205 2566 2337 2620 μετα
2366 2550 2567 2622 κριθῶν
2603 2545 3049 2619 μαντευομέναις.

2268 2665 2465 2717 Τοῦτον
2511 2663 2648 2716 κατά
2704 2662 2855 2736 ῥῆμα
2909 2664 3001 2715 τὸν
3058 2660 3254 2716 κανόνα
3312 2659 3528 2731 διέξεισι
3566 2662 3840 2717 καὶότοῦ

2203 2750 2448 2828 μεγάλου
2481 2751 2772 2808 Βασιλείου
2796 2753 2882 2825 πγ’
2907 2773 2918 2784 ·
2959 2751 3105 2820 πλὴν
3138 2753 3292 2814 οὗτος
3324 2752 3413 2805 καὶ
3461 2752 3654 2824 μέχρις
3696 2752 3838 2819 egue-

2199 2845 2318 2905 τίας
2348 2844 2475 2903 τοὺς
2503 2840 3021 2917 καταχρησαμένοὺς
3061 2846 3140 2913 τῷ
3184 2841 3417 2910 τοιούτῳ
3465 2845 3616 2911 κακῷ
3657 2860 3836 2914 παρα-

2197 2933 2376 3000 τείνει,
2423 2927 2561 2986 ὥστε
2607 2932 2658 2985 οἱ
2706 2931 2844 3001 ἅπαξ
2896 2929 3287 3001 πλανηθέντες,
3326 2929 3442 2985 εἶτα
3502 2932 3599 2983 τοῦ
3665 2934 3837 2984 κακοῦ

2198 3022 2546 3090 ἀποστάντες,
2576 3018 2878 3081 ἐλαττόνως
2910 3018 3422 3093 έπιτιμηθήσονται.

2266 3140 2328 3195 '0
2386 3133 2444 3192 δὲ
2498 3142 2599 3205 τῆς
2658 3134 2710 3190 έν
2767 3132 3060 3206 Λαοδικείᾳ
3115 3134 3197 3199 λς’
3252 3132 3574 3210 κληρικοὺς,
3627 3134 3835 3209 μάγους

2198 3222 2380 3295 ὄντας,
2422 3226 2515 3281 καὶ
2565 3221 2879 3294 έπαοιδοὺς,
2920 3223 2954 3293 ἢ
3009 3224 3446 3296 μαθηματικοὺς,
3492 3225 3526 3294 ἢ
3567 3223 3837 3299 ἀστρολό-

2193 3338 2349 3392 γους,
2379 3315 2415 3385 ﬁ
2455 3317 2522 3370 τὰ
2567 3313 2836 3389 λεγόμενα
2883 3317 3178 3374 ποιοῦντας
3222 3313 3590 3389 φυλακτήρια,
3630 3312 3831 3368 παντάο

2191 3426 2320 3460 πασι
2370 3410 2472 3472 τῆς
2517 3401 2812 3473 ἐκκλησίας
2875 3400 3300 3477 ἀπορῥίπτεσθαι
3369 3399 3698 3475 διορίζεται’
3744 3404 3831 3456 καὶ

2195 3495 2362 3569 μάγοι
2395 3492 2489 3565 μέν
2528 3492 2660 3547 εἰσιν
2711 3491 2767 3545 οἱ
2813 3487 3075 3563 δαίμονας
3106 3489 3472 3567 ἀγαθοποιοὺς
3511 3488 3669 3558 δῆθεν
3711 3490 3836 3545 ἐπι-

2190 3581 2519 3654 καλούμένοι
2606 3581 2742 3652 πρὸς
2826 3581 3032 3656 ἀγαθοῦ
3105 3599 3254 3641 τινος
3330 3580 3603 3650 σύστασιν,
3652 3580 3830 3633 καίτοι

2194 3671 2516 3749 μιαιφόνους
2554 3671 2754 3732 πάντας
2798 3669 2889 3724 καὶ
2958 3666 3263 3744 ἀλάστορας
3312 3665 3467 3729 ὄντας
3515 3672 3583 3741 τῇ
3631 3690 3829 3745 προαι-

2191 3763 2350 3836 ρέσει.
2382 3758 2663 3816 Ἐπαοιδοὶ
2720 3756 2796 3827 δὲ,
2830 3758 2881 3812 οἱ
2934 3757 3149 3833 γόητες,
3180 3758 3231 3812 οἱ
3291 3755 3359 3811 δι’
3413 3755 3640 3829 ἐπῳδῶν
3698 3761 3825 3820 τοὺς

2189 3847 2449 3923 δαίμονας
2483 3847 2840 3925 ἐφελκόμενοι
2879 3847 3015 3921 πρὸς
3061 3846 3127 3901 τὰ
3170 3846 3343 3901 οἰκεῖα
3395 3848 3699 3920 θελήματα,
3732 3848 3822 3901 καὶ

2186 3940 2351 4014 θηρία
2392 3936 2851 4010 καταδεσμοῦντες
2880 3937 2968 3990 καὶ
3014 3936 3207 4009 ἑρπετὰ
3243 3937 3379 4011 πρὸς
3423 3936 3485 3990 τὸ
3533 3937 3608 4009 μή
3644 3937 3821 4009 λυμή-

2185 4031 2368 4084 νασθαι
2414 4028 2477 4082 τὸ
2526 4033 2726 4095 κτῆνος
2766 4027 2957 4099 τυχὸν,
2987 4021 3088 4094 ἔξω
3134 4046 3239 4079 που
3287 4024 3480 4085 νυκτὸς
3528 4023 3825 4100 αὕλιζόμεο

2183 4135 2308 4172 νον⁶
2371 4113 2519 4171 ἀλλά
2576 4115 2669 4170 καὶ
2726 4113 2876 4191 ὄφεις
2929 4110 3106 4188 ἕτεροι
3167 4113 3682 4187 καταγοητεύουσιν,
3732 4114 3825 4176 οὕς

2185 4227 2285 4281 περ
2327 4204 2393 4274 δὴ
2443 4204 2532 4260 καὶ
2585 4203 3118 4278 μεταχειριζόμενοι,
3148 4200 3378 4272 ἄδηκτοι
3421 4200 3472 4271 ἐξ
3514 4202 3691 4257 αὐτῶν
3732 4206 3825 4259 καὶ

2184 4295 2406 4357 ἀπαθεῖς
2469 4297 2649 4349 κακῶν
2696 4288 3031 4361 διαμένουσι.
3082 4292 3467 4365 Μαθηματικοὶ
3517 4288 3596 4357 δὲ,
3647 4292 3700 4346 οἱ
3756 4295 3825 4348 τὰ

2186 4383 2406 4458 οὐρανιά
2458 4382 2685 4456 σώματα
2740 4379 3054 4451 δοξάζοντες
3106 4375 3255 4455 ἔχειν
3311 4381 3408 4449 τὴν
3468 4384 3566 4435 τοῦ
3623 4383 3824 4445 παντὸς

2183 4472 2499 4545 κυριότητα,
2530 4470 2621 4524 καὶ
2668 4469 2806 4524 κατὰ
2845 4469 2946 4536 τὴν
2985 4468 3192 4538 κίνησιν
3243 4469 3451 4524 τούτων
3503 4467 3823 4526 διοικεῖσθαι

2182 4562 2249 4616 τὰ
2277 4562 2395 4616 καθ’
2427 4562 2597 4632 ἡμᾶς.
2628 4560 2702 4614 Τὰ
2740 4555 2798 4613 δὲ
2834 4564 2935 4628 τῆς
2970 4559 3357 4630 μαθηματικῆς
3398 4557 3705 4633 ἐπιστήμης
3748 4560 3824 4623 εἷς

437 4653 529 4705 cet
556 4652 614 4704 et
640 4646 1022 4717 astrologiam.
1055 4645 1117 4698 Et
1164 4645 1265 4700 illa
1303 4647 1540 4716 quidem
1572 4651 1793 4707 sanctis
1849 4670 2078 4727 quoque

2192 4648 2286 4705 δύο
2328 4653 2497 4705 ταῦτα
2541 4645 2822 4721 διῄρηται,
2870 4646 3229 4720 ἀστρονομίαν
3269 4646 3359 4702 καὶ
3408 4647 3770 4724 ἀστρολογίαν
3805 4669 3820 4682 °

438 4751 714 4794 concessa
743 4742 849 4801 est,
879 4750 1007 4805 quae
1030 4732 1349 4789 cmlestium
1372 4738 1632 4793 omnium
1655 4742 2000 4810 positionem
2018 4750 2078 4800 et

437 4831 659 4882 motum
691 4824 876 4889 docet,
903 4825 967 4877 ut
1003 4823 1176 4877 etiam
1222 4823 1794 4885 ordinatum-corum
1845 4837 2075 4888 contex-

433 4922 561 4972 tum
591 4918 647 4969 et
675 4911 1036 4971 distantiam.
1068 4912 1394 4984 Astrologia
1423 4918 1636 4984 autem,
1661 4917 1768 4974 hoc
1789 4924 1898 4987 est,
1921 4922 2076 4977 exin-

436 5006 505 5059 de
529 5001 843 5075 praedictio,
873 5000 999 5057 cceli
1034 5001 1369 5056 mansiones
1402 5006 1701 5075 percurrit,
1727 5013 1782 5063 et
1812 5012 2073 5067 futurum

432 5105 811 5164 cognoscens,
833 5106 1202 5162 nequaquam
1235 5092 1450 5146 sanctis
1481 5092 1752 5152 Patribus
1804 5100 2076 5156 concedi-

432 5187 548 5243 tur,
577 5180 717 5253 quia
737 5179 1118 5251 simpliciorcs
1142 5180 1394 5235 maxime
1412 5197 1604 5239 errare
1622 5185 1780 5256 facit,
1803 5192 1861 5243 et
1881 5190 2075 5259 genesi

430 5280 487 5328 et
517 5273 629 5327 fato
654 5269 1090 5325 confidereillos
1112 5269 1431 5340 compellit.
1456 5274 1746 5346 Astrologi
1773 5280 1961 5334 autem
1989 5279 2075 5335 di-

433 5364 641 5417 cuntur
656 5357 757 5429 qui
788 5358 1114 5414 daemonum
1139 5358 1356 5415 auxilio
1379 5360 1564 5431 adjuti
1594 5379 1664 5419 ex
1683 5366 1854 5421 astris
1877 5372 1938 5422 ut
1963 5368 2075 5423 diis

431 5448 713 5506 divinant.
768 5448 1026 5515 Quatuor
1072 5454 1265 5505 autem
1317 5458 1453 5504 sunt
1500 5449 1632 5506 libri
1682 5456 2077 5514 mathematici

430 5536 773 5609 nuncupati,
827 5535 1216 5606 arithmetica,
1304 5539 1547 5609 musica,
1626 5545 1956 5613 geometria,
2014 5551 2074 5601 et

429 5625 810 5685 astronomia.
831 5623 957 5679 Non
989 5625 1117 5681 illos
1148 5626 1529 5701 igiturlegere
1558 5633 1709 5687 vetat
1738 5648 1946 5702 canon,
1971 5636 2069 5691 sed

429 5714 680 5783 nimium
701 5714 761 5775 in
782 5713 857 5774 iis
884 5713 1145 5774 studium
1172 5715 1485 5789 adhibere;
1519 5723 1574 5774 et
1594 5736 1726 5777 cum
1748 5723 2071 5781 caelestium

2185 4739 2276 4794 καὶ
2316 4741 2350 4808 ἡ
2387 4737 2480 4811 μὲν
2521 4737 2610 4791 καὶ
2657 4740 2774 4798 τοῖς
2824 4736 2997 4810 ἁγίοις
3039 4736 3224 4797 αὐτοῖς
3263 4739 3697 4813 συγκεχώρηται,
3732 4740 3823 4794 ἅτε

2182 4827 2282 4896 τὴν
2311 4831 2419 4883 τῶν
2460 4825 2727 4899 οὐρανίων
2775 4824 3024 4880 ἁπάντων
3073 4821 3398 4880 διδάσκουσα
3442 4826 3584 4881 θέσιν
3626 4847 3683 4881 τε
3728 4827 3819 4881 καὶ

2181 4916 2418 4989 κίνησιν,
2447 4915 2537 4970 καὶ
2568 4916 2667 4984 τήν
2696 4912 2947 4969 εὔτακτον
2976 4910 3130 4975 αὖθις
3161 4916 3340 4969 αὐτῶν
3371 4914 3697 4985 συμπλοκὴν
3726 4916 3817 4969 καί

2185 5002 2457 5059 διάστασιν
2483 5020 2497 5033 ’
2530 5006 2566 5073 ἡ
2600 5001 2657 5057 δὲ
2687 4999 3038 5077 ἀστρολογία,
3070 5003 3341 5058 τουτέστιν
3368 5005 3403 5071 ἡ
3436 5002 3631 5057 ἐκεῖθεν
3680 5022 3821 5078 προ-

2188 5093 2494 5167 μάντευσις,
2549 5093 2641 5147 καὶ
2713 5092 2832 5146 καθ’
2886 5090 3074 5163 εἱρμὸν
3141 5088 3301 5160 δῆθεν
3372 5096 3479 5145 τῶν
3553 5091 3816 5165 οὐρανίων

2183 5180 2521 5253 ἐκϐαίνουσα,
2587 5182 2677 5237 καὶ
2732 5182 2795 5236 τὸ
2869 5178 3074 5254 μέλλον
3139 5181 3501 5258 γνωρίζουσα,
3572 5180 3819 5256 οὐδαμοῦ

2182 5280 2299 5337 τοῖς
2368 5273 2634 5348 Πατράσιν
2714 5268 3012 5341 έκδέδοται,
3074 5271 3170 5327 ἅτε
3229 5271 3355 5333 τοὺς
3418 5270 3822 5347 ἁπλουστέρους

2186 5366 2387 5442 γενέσει
2448 5384 2506 5418 τε
2579 5362 2666 5417 καὶ
2745 5360 3044 5436 εἱμαρμένῃ
3120 5361 3411 5438 προσέχειν
3488 5365 3818 5439 καταναγκάο

2188 5460 2388 5523 ζουσα·
2445 5452 2535 5507 καὶ
2621 5449 2972 5526 ἀστρολόγοι,
3057 5450 3108 5504 οἱ
3184 5448 3457 5524 συνεργείᾳ
3541 5449 3815 5521 δαιμόνων

2191 5544 2574 5617 μαντευόμενοι
2632 5539 2702 5596 δι’
2759 5540 3017 5615 ἀστέρων,
3074 5540 3164 5594 καὶ
3235 5541 3327 5593 οἷα
3398 5541 3542 5602 θεοῖς
3604 5541 3818 5603 τούτοις

2186 5631 2575 5708 προσέχοντες.
2625 5630 2863 5703 Τέσσαρα
2918 5627 2975 5683 δέ
3030 5626 3132 5681 εἶσι
3188 5627 3253 5682 τὰ
3315 5628 3583 5703 λεγόμενα
3644 5630 3819 5701 μαθη-

2190 5722 2388 5799 ματικὰ
2441 5715 2637 5798 βιϐλία
2672 5739 2685 5753 ·
2746 5716 3105 5795 ἀριθμητικὴ,
3172 5719 3427 5792 μουσικὴ,
3487 5717 3817 5799 γεωμετρία.
