4098 6332
269 441 340 502 13
1181 463 1185 466 ν
1296 435 1722 500 SYNTAGMA
1763 430 2388 496 ALPHABETICUM.
2435 464 2514 478 -—
2557 431 2642 493 M.
3582 440 3660 499 ﬂ,

261 571 347 624 καί
403 572 766 648 ἀστρονομία.
829 570 904 626 Οὗ
957 573 1124 625 ταῦτα
1177 567 1356 623 τοίνυν
1414 569 1442 623 ὁ
1499 568 1673 622 κανὼν
1721 567 1898 641 ἀναγιέ

2019 565 2271 622 motibus
2301 573 2502 623 nostra
2531 582 2766 640 quoque
2795 566 3112 641 circumagi
3143 570 3397 642 credere,
3421 575 3480 628 et
3509 573 3668 632 futu-

263 661 481 716 νὼσκειν
522 662 800 738 ἀπείργει,
835 659 983 715 ἀλλά
1027 659 1089 714 τὸ
1121 659 1424 735 περιέργως
1468 657 1651 720 αὐτοῖς
1697 663 1906 733 κεχρῆ-

265 751 408 822 σθαι,
465 751 555 806 καὶ
618 757 746 813 ταῖς
814 753 921 804 τῶν
999 746 1260 822 οὐρανίων
1327 747 1569 817 κινήσεσι
1637 746 1906 800 πιστεύειν

2019 671 2079 711 ra
2124 656 2389 727 quaedam
2446 671 2914 729 praecognoscere
2953 657 3304 732 existimare,
3345 663 3499 733 quod
3559 679 3666 720 ne-

2017 744 2274 802 cessario
2297 745 2490 802 futura
2515 746 2635 802 sint
2661 761 2731 803 ex
2757 746 2858 803 illo
2889 751 3176 804 astrorum
3208 753 3393 806 metu.

260 841 752 918 συμπεριφέρεσθαι
799 839 869 895 τὰ
913 839 1175 914 ἡμέτερα,
1219 834 1306 892 καί
1358 856 1478 891 τινα
1524 841 1631 890 τῶν
1682 835 1950 908 ἐσομένων
2001 830 2211 889 οῖεσθαι
2261 834 2677 911 προγινώσκειν,
2729 835 2804 898 ὡς
2842 833 2893 906 ἐξ
2945 834 3181 913 ἀνάγκης
3231 835 3662 916 συμϐησομένων

263 930 408 1005 παρᾶ
434 933 533 1000 τὴν
560 927 783 986 τοιάνδε
811 928 1020 999 κίνησιν
1046 931 1156 982 τῶν
1189 926 1446 1001 ἀστέρων.

970 1018 1213 1089 Νόμος

329 1109 512 1184 Ταύτῃ
539 1130 627 1165 τοι
669 1109 762 1164 καὶ
812 1108 841 1162 ὁ
889 1106 1059 1180 νόμος
1090 1104 1252 1182 φησίν
1285 1123 1299 1138 ⁸
1350 1109 1414 1160 Ἦ
1459 1105 1552 1177 μὲν
1603 1103 1914 1180 γεωμετρία

265 1197 509 1273 δημοσίᾳ
548 1197 856 1254 διδάσκεται
890 1216 904 1228 ·
945 1199 981 1266 ἡ
1029 1193 1086 1252 δὲ
1136 1195 1497 1268 μαθηματική
1538 1193 1912 1268 κατακρίνεται

263 1291 338 1351 ὡς
369 1288 829 1366 ἀπηγορευμένη.

332 1380 393 1434 Ὀ
426 1377 484 1434 δὲ
529 1377 698 1454 μέγας
729 1375 1015 1438 Βασίλειος
1055 1372 1107 1429 ὲν
1141 1377 1222 1446 τῷ
1261 1375 1307 1443 ζ’
1347 1372 1529 1428 κανόνι
1570 1370 1910 1450 σαρμακοίις,

261 1471 352 1526 καὶ
383 1467 817 1542 εἰδωλολάτρας,
839 1467 928 1522 καὶ
959 1471 1142 1543 φονεῖς
1174 1466 1249 1528 εἰς
1269 1462 1472 1521 ε’ίκοσιν
1501 1461 1596 1536 ἔτη
1621 1460 1910 1519 καταδικά-

264 1568 338 1631 ζει
377 1583 392 1594 σ
425 1559 666 1634 μοιχοὺς
707 1555 788 1630 δὲ,
817 1558 908 1613 καὶ
945 1556 1398 1634 ἀρρενοφθόρους,
1429 1553 1521 1609 καὶ
1563 1553 1910 1630 ζωοφθόρους

259 1650 334 1712 εἰς
363 1651 448 1716 ιε’,
473 1645 883 1722 εἰδωλολάτρας
916 1644 1086 1720 λέγων
1107 1645 1169 1699 οὗ
1199 1645 1328 1705 τοὺς
1357 1639 1660 1717 προδήλως
1684 1635 1910 1718 ἀσεβεῖι,

258 1737 409 1794 ἀλλὰ
439 1739 574 1799 τοὺς
618 1735 752 1809 μετᾶ
787 1736 850 1790 τὸ
884 1733 1163 1808 βάπτισμα
1201 1731 1458 1808 γοητείας
1503 1731 1788 1804 μετιόντας
1821 1727 1912 1784 καὶ

262 1827 550 1901 μαντείας.
579 1825 793 1900 Τρόπον
846 1823 948 1899 γάρ
990 1844 1110 1879 τινα
1158 1819 1630 1896 είδωλολατροῦσι
1682 1817 1770 1874 καί
1818 1818 1910 1874 οὗ-

2787 1017 2918 1074 Lex.

2091 1103 2452 1176 Quapropter
2490 1104 2580 1162 lex
2607 1105 2751 1162 dicit
2783 1105 3150 1166 :Gecmetria
3185 1109 3424 1183 quidem
3473 1111 3668 1185 publi-

2022 1209 2086 1251 ce
2108 1195 2384 1263 docetur;
2419 1195 2824 1252 mathematica
2845 1213 2978 1254 vero
3012 1200 3437 1258 condemnatur
3451 1205 3516 1258 ut
3537 1218 3669 1274 pro-

2031 1283 2236 1340 hibita.

2089 1377 2330 1446 Magnus
2387 1374 2636 1432 Basilius
2688 1375 2860 1432 etiam
2917 1377 2976 1432 in
3039 1378 3075 1431 7
3105 1394 3328 1438 canone
3380 1381 3671 1440 veneﬁcos

2021 1467 2077 1520 et
2095 1463 2449 1534 idclclalras,
2472 1468 2530 1520 et
2549 1464 2872 1522 homicidas
2885 1467 2945 1524 in
2966 1467 3172 1540 viginti
3186 1485 3371 1527 annos
3388 1473 3670 1529 condem-

2022 1557 2161 1622 nat;
2196 1553 2490 1610 adulteros
2519 1571 2648 1611 vero
2679 1561 2737 1611 et
2784 1557 3178 1614 masculorum
3227 1563 3286 1615 et
3323 1561 3670 1619 animalium

2023 1643 2266 1699 initores
2295 1643 2356 1699 in
2387 1644 2758 1716 quindecim;
2783 1644 3122 1704 idololatras
3159 1664 3372 1706 vocans
3400 1667 3514 1707 non
3547 1667 3673 1708 ma-

2024 1731 2228 1788 nifesto
2305 1731 2545 1804 impios,
2607 1734 2708 1790 sed
2770 1749 2894 1803 eos,
2953 1734 3053 1806 qui
3126 1745 3256 1808 post
3312 1737 3671 1811 baptismum

2023 1821 2351 1893 praestigias
2379 1827 2650 1879 exercent
2677 1827 2734 1879 et
2760 1824 3056 1881 vaticinia.
3089 1824 3236 1882 Nam
3279 1827 3472 1900 aliquo
3502 1831 3672 1888 modo

255 1897 364 1986 τοι,
417 1914 742 1987 ἐπικλήσεσι
791 1915 1072 1992 χρώμενοι
1121 1910 1442 1985 δαιμονίων,
1488 1911 1579 1965 καί
1628 1911 1730 1980 τὴν
1776 1907 1902 1963 ἐκεί·

2023 1907 2182 1965 idola
2209 1907 2412 1966 colunt
2441 1908 2546 1978 illi,
2582 1911 2904 1968 daemonum
2935 1897 3402 1972 invocationibus
3423 1923 3670 1988 utentes,

255 2030 362 2061 νων
427 2009 721 2076 ζητοῦντες
771 2001 1105 2077 ἐπικουρίαν.
1159 2002 1222 2058 Οἱ
1275 2002 1370 2074 μὲν
1427 2000 1530 2076 γὰρ
1588 1999 1677 2054 ἀπ’
1729 1999 1910 2073 ἀρχῆς

259 2094 694 2168 εἰδωλολάτραι,
757 2094 1142 2166 μετανοοῦντες
1191 2090 1284 2145 καὶ
1341 2090 1758 2164 βαπτιζόμενοι,
1819 2087 1908 2142 εὖ·

258 2185 397 2246 θέως
448 2185 521 2248 τῆ
573 2184 691 2253 θείᾳ
735 2179 998 2251 κοινωνίᾳ
1045 2181 1332 2255 προσίασιν
1369 2223 1380 2235 .
1433 2179 1484 2233 οἱ
1543 2175 1599 2232 δὲ
1655 2177 1790 2250 μετά
1845 2175 1910 2229 τὸ

260 2277 556 2348 βάπτισμα
592 2271 876 2330 τεθυκότες
918 2267 1192 2340 εἰδώλοις,
1236 2269 1483 2322 σύνοικον
1522 2263 1610 2321 διὰ
1652 2265 1774 2341 βίου
1811 2265 1912 2334 τὴν

260 2366 554 2434 μετάνοιαν
609 2358 920 2431 κέκτηνται,
969 2360 1058 2412 καὶ
1115 2357 1241 2432 περί
1297 2357 1392 2419 τὰς
1445 2376 1642 2410 τουτου
1701 2351 1908 2428 δυσμάς

253 2456 319 2508 τὸ
380 2457 531 2506 θεῖον
597 2448 774 2524 δῶρον
827 2443 1224 2520 λαμϐάνουσιν.
1285 2448 1490 2520 Ὥσπερ
1549 2443 1650 2519 ἄρα
1705 2443 1795 2498 καὶ
1855 2442 1907 2497 ἐν

253 2547 336 2614 τῷ
389 2545 464 2612 ξε¹
521 2542 617 2594 τὸν
672 2537 921 2614 γοητείαν
993 2539 1027 2606 ἢ
1086 2535 1422 2613 φαρμακείαν
1497 2531 1906 2608 ἐξαγορεῦονταο

251 2633 334 2704 τῷ
387 2635 492 2685 τοῦ
567 2630 830 2689 ἑκουσίως
905 2626 1258 2703 φονεύσαντος
1336 2623 1590 2698 ὑπάγεται
1657 2623 1907 2696 κρίματι,

253 2721 333 2781 εἰς
392 2742 429 2773 κ
525 2717 723 2781 αὐτοὺς
779 2716 872 2786 ἔτη
945 2722 1046 2784 τῆς
1102 2714 1387 2774 κοινωνίας
1461 2711 1757 2785 ἀπείργωνν
1816 2710 1906 2765 καὶ

255 2808 411 2882 μάλα
446 2807 693 2868 εἰκότως.
731 2807 796 2860 Ai.
850 2806 944 2877 μὲν
973 2804 1078 2880 γὰρ
1119 2807 1372 2877 γοητεῖαι
1423 2797 1697 2872 δαιμόνων
1735 2797 1905 2874 ἔχουο

251 2920 336 2952 σιν
389 2897 716 2966 ἐπικλήσεις
757 2897 1092 2961 κακοποιῶν,
1140 2894 1265 2966 περί
1327 2889 1455 2953 τοὺς
1509 2887 1712 2968 τάφους
1771 2887 1903 2943 ἐπα-

254 2986 514 3061 ὂομένας,
560 2985 699 3040 ὥστε
745 2984 860 3038 τινα
904 2983 1202 3058 παρεθῆναι
1244 2980 1312 3036 τά
1371 2977 1514 3053 μέλη
1572 2978 1761 3054 τυχὸν,
1812 2978 1903 3032 καὶ

252 3075 345 3132 δια
397 3077 526 3151 βίου
570 3072 990 3142 κατακλιθῆναι,
1028 3071 1118 3125 καί
1162 3063 1396 3124 ἀϐίωτον
1449 3068 1595 3138 αὐτῷ
1640 3069 1731 3121 τὸν
1785 3065 1901 3139 βίον

247 3167 500 3244 γενεσθαι
532 3184 546 3198 ’
601 3162 770 3237 ταύτῃ
819 3182 904 3217 τοι
955 3161 1044 3215 καὶ
1093 3164 1342 3234 γοητεῖαι
1397 3157 1900 3230 παρωνομάσθησαν

251 3258 364 3312 ἀπὸ
394 3260 506 3310 τῶν
533 3253 658 3326 περί
688 3253 816 3312 τοὺς
845 3251 1047 3327 τάφους
1074 3249 1218 3323 γόων
1249 3247 1339 3302 καὶ
1372 3247 1606 3322 θρήνων.

329 3347 397 3400 Δὶ
458 3342 516 3398 δὲ
575 3344 906 3419 φαρμακεῖαι
963 3339 998 3409 ἢ
1059 3339 1392 3412 ἀναιροῦσιν,
1450 3336 1485 3406 ἢ
1534 3336 1641 3389 τῶν
1701 3337 1906 3414 φρενῶν

251 3435 530 3505 ἐξιστῶσι,
598 3431 688 3485 καὶ
765 3428 1011 3483 εὐκταῖον
1083 3426 1176 3481 τὸν
1233 3423 1462 3479 θάνατον
1532 3426 1747 3478 ποιοῦσι
1822 3426 1903 3495 τῷ

251 3524 553 3598 πᾶσγοντι,
580 3518 632 3574 εἴ
675 3539 808 3574 ποτε
851 3517 1186 3589 ἀνανήψειεν,
1217 3515 1251 3583 ἢ
1303 3519 1417 3574 τοῖς
1464 3533 1526 3588 γε
1563 3514 1901 3586 προσήκουσι

248 3617 336 3684 τῷ
372 3588 668 3684 ἀνθρώπῳ,
701 3610 738 3677 ἢ
781 3607 1014 3684 φίλτρου
1039 3588 1212 3680 ίχάριν
1255 3603 1424 3658 ἐνίοτε
1461 3600 1759 3679 γινόμεναι,
1792 3623 1902 3656 πα-

255 3699 512 3777 ραπαίειν
542 3699 633 3754 καὶ
665 3695 810 3752 οὕτω
839 3694 1356 3770 παρασκευάζουσιν.

329 3793 420 3845 Ἐν
476 3787 533 3843 δὲ
574 3793 654 3860 τῷ
702 3787 788 3860 οβ’
834 3784 924 3840 καί
964 3785 1056 3838 τὸν
1111 3783 1362 3855 μάντεσιν
1405 3783 1590 3836 ἑαυτὸν
1635 3777 1900 3835 ἐπιδεδω-

249 3883 415 3950 κότα,
477 3879 511 3946 ἦ
563 3898 672 3930 τισι
747 3875 1047 3942 τοιούτοις,
1103 3872 1193 3927 καὶ
1261 3871 1330 3926 τὰ
1401 3870 1618 3925 ἐκείνων
1685 3875 1896 3946 φρονεῖν

251 3967 715 4044 προαιρούμενον,
752 3969 834 4035 τῷ
870 3969 978 4018 τῶν
1019 3961 1222 4038 φονέων
1258 3961 1666 4032 οἰκονομεῖσθαι
1716 3958 1900 4034 χρόνῳ

249 4059 494 4115 κελεύει.
555 4057 615 4111 Εἰ
670 4057 775 4132 γὰρ
833 4053 923 4108 καὶ
973 4054 1038 4107 τὰ
1097 4054 1411 4131 χρηστήρια
1468 4051 1600 4124 μετὰ
1647 4051 1748 4120 τήν
1801 4052 1900 4104 τοῦ

257 4150 466 4221 Κυρίου
515 4146 786 4220 σάρκωσιν
847 4140 1220 4211 ἐκλελοίπασι,
1261 4141 1352 4195 καὶ
1411 4140 1466 4194 αἱ
1519 4143 1626 4194 τῶν
1685 4135 1900 4212 ψευδω-

250 4239 444 4311 νύμων
494 4235 824 4311 προρρήσεις
875 4233 1031 4300 θεῶν,
1075 4229 1224 4286 ἀλλά
1267 4249 1332 4306 γε
1383 4229 1472 4283 καὶ
1534 4230 1776 4300 τήμερον
1829 4225 1901 4281 δι’

249 4323 488 4401 ἐρῳόὦν
547 4323 637 4378 καὶ
697 4321 964 4398 ἐνεργείας
1022 4318 1296 4392 δαιμόνων
1355 4316 1462 4372 ἔσθ’
1519 4316 1608 4370 ὅτε
1665 4311 1901 4389 συμϐαί-

248 4436 403 4470 νουσι
454 4413 720 4487 γίνεσθαι,
772 4409 821 4464 εἰ
865 4410 958 4464 καὶ
1007 4406 1216 4483 ψευδεῖς
1259 4409 1317 4462 αἱ
1363 4404 1588 4467 πλείους
1632 4404 1900 4483 ἐλέγχον-

249 4526 363 4563 ται.
405 4502 568 4561 Ἀλλ’
599 4501 654 4554 o't
701 4501 794 4574 μὶν
821 4499 949 4560 τοὺς
988 4494 1254 4570 δαίμονας
1295 4495 1492 4566 ἀνέδην
1531 4493 1898 4568 ἐπικαλοῦμε-

249 4615 360 4655 τοι,
413 4591 519 4646 οὐκ
573 4588 872 4650 ἀπεικότως
926 4591 1005 4659 τῷ
1059 4589 1168 4641 τῶν
1227 4583 1432 4662 φονέων
1494 4577 1897 4638 ὑποϐάλλονται
1929 4606 1975 4671 D

247 4683 484 4756 κρίματι
516 4699 529 4712 ο
583 4680 634 4733 οἱ
683 4675 740 4732 δὲ
788 4677 1050 4752 ἁγιασμὸν
1097 4674 1186 4730 καὶ
1244 4675 1440 4748 ἀρετὴν
1481 4671 1895 4746 ὑποκρινόμενοι

247 4769 488 4844 κέρδους
561 4764 736 4836 ἕνεκα,
799 4763 1180 4842 μέτριώτερον,
1239 4765 1414 4837 οἶμαι,
1481 4761 1570 4815 καὶ
1646 4761 1710 4815 ού
1783 4761 1898 4815 κατ’

252 4861 525 4927 ἐκείνους,
556 4858 651 4920 τὰς
681 4856 904 4917 εὐθύνας
939 4855 1240 4934 ὑφέξουσιν.

321 4953 384 5005 Ὃ
415 4948 476 5002 δὲ
520 4945 694 5021 μέγας
733 4945 1036 5020 Γρηγόριος
1064 4944 1092 4997 ὁ
1131 4942 1369 5012 Νύσσης,
1401 4941 1453 4994 ἐν
1489 4944 1568 5011 τῷ
1611 4941 1661 5015 β’
1691 4939 1902 5009 κανόνι,

247 5043 419 5096 ταῦτα
474 5035 636 5092 δίεισι
678 5035 817 5089 κατὰ
862 5034 1013 5106 ῥῆμα
1043 5052 1058 5066 ⁶
1109 5033 1172 5088 Οἳ
1217 5032 1354 5106 πρὸς
1403 5029 1606 5107 γόητας
1651 5028 1898 5090 ἀπιόντες

247 5129 286 5198 ἢ
341 5129 584 5200 μάντεις,
625 5125 660 5196 ἢ
711 5122 840 5184 τοὺς
886 5119 974 5176 διὰ
1020 5117 1294 5192 δαιμόνων
1340 5119 1605 5193 καθαρσιά
1647 5139 1764 5172 τινα
1807 5118 1898 5173 καὶ

246 5217 740 5293 ἀποτροπιασμοὺς
798 5213 1036 5288 ἐνεργεῖν
1101 5209 1590 5286 ὑπισχνουμένους,
1651 5209 1895 5283 ἐρωτῶν-

243 5329 335 5363 ται
393 5306 468 5362 δι’
523 5301 809 5381 ἀκριϐείας
865 5303 957 5358 καὶ
1021 5303 1414 5376 ἀνακρίνονταὶ,
1480 5301 1728 5374 πότερον,
1783 5297 1898 5353 ἐπι-

251 5401 504 5471 μένοντες
553 5400 623 5472 τῇ
669 5395 748 5457 εἰς
799 5393 1034 5468 Χριστὸν
1073 5390 1273 5454 πίστει,
1323 5391 1411 5446 ὑπ’
1459 5387 1692 5466 ἀνᾶγκης
1751 5389 1894 5450 τινὸς

247 5488 655 5564 συνηνέχθησαν
710 5482 891 5558 ἔκείνῃ
949 5485 1020 5556 τῇ
1083 5481 1344 5558 ἁμαρτίᾳ,
1399 5479 1689 5541 κακώσεως
1743 5497 1893 5539 τινος

239 5577 275 5648 ἧ
323 5578 607 5656 ἀφορήτου
661 5573 873 5650 ζημίας
933 5569 1132 5641 ταύτην
1173 5569 1360 5634 αῢτοῖς
1412 5567 1510 5638 τὴν
1565 5569 1743 5646 ὁρμήν
1798 5567 1891 5642 έμη

240 5671 570 5742 ποιησάσης,
629 5667 668 5739 ἢ
728 5663 976 5722 καθόλου
1033 5663 1532 5740 καταφρονήσαντες
1586 5666 1682 5718 τοῦ
1734 5661 1895 5717 πεπί-

240 5761 529 5840 στευμένου
579 5759 712 5834 παρ’
759 5757 932 5831 ἡμῶν
989 5754 1310 5830 μαρτυρίου,
1341 5753 1411 5826 τῇ
1459 5755 1563 5809 τῶν
1605 5749 1883 5834 δαιμόνων

2023 2002 2080 2055 et
2099 2014 2296 2055 eorum
2328 1999 2609 2056 auxilium
2637 2003 2977 2072 querentes.
3011 2001 3116 2068 Qui
3159 2001 3397 2075 quidem
3448 2005 3520 2062 ah
3566 2005 3672 2064 ini-

2023 2088 2104 2144 tio
2126 2088 2362 2144 fuerunt
2383 2087 2720 2155 idololatria,
2745 2093 2803 2148 et
2823 2089 3165 2162 paenitentia
3186 2091 3479 2150 ducuntur
3499 2098 3556 2150 et
3576 2095 3674 2152 ha-

2023 2177 2334 2249 ptizantur,
2380 2177 2585 2234 statim
2633 2179 2706 2234 ad
2751 2185 3010 2236 sanctam
3061 2181 3536 2239 communionem
3571 2201 3670 2238 ac-

2021 2265 2228 2321 cedant
2261 2281 2275 2319 :
2309 2265 2412 2336 qui
2450 2270 2648 2322 autem
2681 2271 2812 2337 post
2841 2265 3200 2338 baptismum
3233 2268 3406 2326 idolis
3451 2271 3670 2326 sacriﬁ-

2020 2357 2245 2422 carunt,
2286 2371 2388 2426 per
2437 2359 2616 2412 totam
2655 2356 2832 2412 vitam
2864 2355 3266 2428 pmnitentiam
3298 2363 3496 2432 agant,
3526 2369 3578 2416 et
3609 2359 3668 2416 in

2017 2441 2144 2512 ejus
2173 2448 2429 2500 extremo
2449 2443 2707 2500 divinum
2769 2445 2985 2501 donum
3039 2447 3350 2518 accipiant.
3385 2449 3672 2513 Quemad-

2019 2533 2254 2588 modum
2287 2537 2344 2588 et
2373 2532 2432 2587 in
2466 2534 2557 2602 65,
2589 2533 2757 2589 illum
2791 2535 2888 2605 qui
2943 2535 3260 2606 prastigias
3306 2538 3396 2592 vel
3451 2539 3668 2594 veneti-

2017 2621 2173 2676 cium
2192 2623 2511 2692 proiitetur,
2533 2623 2842 2680 voluntarii
2866 2625 3174 2681 homicida
3185 2625 3410 2697 judicio
3429 2628 3670 2699 subjieit

2023 2715 2061 2772 I
2081 2717 2174 2774 15
2197 2733 2300 2789 per
2321 2719 2393 2772 20
2408 2735 2594 2774 annos
2606 2735 2705 2774 eos
2729 2736 2761 2775 a
2777 2719 3188 2776 communione
3205 2736 3412 2778 arcens
3434 2739 3450 2791 ;
3473 2730 3529 2778 et
3551 2741 3666 2780 non

2015 2807 2466 2876 immerito,cum
2482 2809 2782 2880 praestigias
2797 2809 3186 2867 invocationes
3199 2811 3529 2870 daemonum
3547 2829 3666 2869 ma-

2013 2894 2309 2952 leﬁcorum
2339 2897 2696 2965 contineant,
2729 2898 2885 2954 circa
2911 2897 3172 2955 tumulos
3208 2898 3555 2969 incantatas,
3601 2907 3666 2959 ut

2017 2983 2269 3056 alicujus
2299 2987 2562 3041 membra
2609 2987 2803 3043 forsan
2837 2986 3250 3058 dissolvantur,
3281 2993 3338 3045 et
3366 2990 3506 3045 dum
3535 2990 3664 3046 luce

2012 3072 2223 3128 fruitur
2250 3078 2501 3146 aegrotet,
2525 3081 2583 3130 et
2611 3074 2779 3144 inops
2811 3077 2888 3132 sit
2917 3075 3002 3131 illi
3040 3077 3179 3132 vita.
3214 3077 3578 3150 Quapropter
3605 3085 3664 3136 et

2011 3161 2432 3219 incantationes
2465 3162 2850 3218 denominata
2881 3168 3020 3220 sunt
3059 3181 3094 3220 a
3127 3165 3448 3238 gemitibus
3493 3169 3550 3222 et
3579 3166 3662 3224 la-

1931 3241 1976 3308 C
2015 3251 2471 3307 meutaticnibus
2504 3252 2658 3307 circa
2678 3253 2956 3308 tumulo.

2085 3339 2369 3396 Veneticia
2398 3357 2530 3397 vero
2575 3346 2678 3397 aut
2734 3341 3122 3413 interﬁciunt,
3179 3349 3280 3400 aut
3325 3344 3398 3400 de
3445 3345 3660 3402 mentis

2010 3427 2148 3484 sede
2177 3429 2482 3499 dejiciunt,
2534 3434 2892 3503 mortemque
2947 3430 3056 3498 illi,
3085 3431 3186 3504 qui
3239 3433 3358 3488 haec
3413 3435 3654 3506 patitur,

2010 3517 2322 3588 optabilem
2359 3520 2600 3586 faciunt,
2633 3519 2680 3576 si
2715 3521 2945 3592 quando
2978 3521 3316 3592 resipiscat;
3347 3524 3434 3580 vel
3458 3523 3655 3579 homi—

2011 3605 2102 3661 nis
2133 3608 2397 3678 cognatis
2424 3607 2650 3676 saltem,
2683 3617 2782 3665 aut
2820 3611 3036 3666 amoris
3085 3611 3273 3681 gratia
3309 3613 3654 3686 quandoque

2008 3695 2175 3762 facta,
2208 3697 2264 3751 in
2289 3696 2557 3752 delirium
2583 3698 2886 3755 inducunt.

2033 3795 2036 3798 '
2081 3785 2143 3838 In
2174 3785 2264 3851 72,
2312 3801 2445 3840 eum
2493 3787 2592 3856 qui
2653 3801 2712 3841 se
2759 3787 2984 3842 vatibus
3023 3787 3106 3842 vel
3165 3787 3293 3843 aliis
3354 3788 3645 3859 ejusmodi

2007 3872 2270 3941 tradidit,
2301 3890 2618 3946 eorumque
2646 3892 2870 3931 errores
2918 3881 3185 3944 sectatur,
3219 3877 3644 3934 homicidarum

2007 3964 2264 4033 tempore
2288 3962 2680 4032 punirijubct.
2704 3964 2979 4028 Quamvis
3009 3966 3242 4022 oracula
3275 3973 3408 4038 post
3429 3983 3652 4023 assum-

2005 4054 2165 4122 ptam
2197 4068 2232 4105 a
2265 4052 2503 4107 Domino
2537 4069 2770 4109 carnem
2800 4053 3136 4122 defecerint,
3169 4059 3229 4110 et
3258 4071 3292 4111 a
3321 4055 3482 4112 falsis
3525 4057 3655 4113 deis

2007 4139 2408 4210 praedictiones
2443 4157 2456 4195 :
2492 4141 2585 4196 bis
2634 4149 2824 4197 tamen
2856 4142 3213 4214 temporibus
3256 4161 3356 4214 per
3393 4145 3658 4200 incanta-

2005 4227 2190 4284 tiones
2217 4233 2273 4283 ct
2305 4230 2635 4286 daemonum
2669 4231 2989 4288 ministeria
3022 4232 3336 4304 aliquando
3371 4233 3651 4290 fiericon-

2005 4316 2265 4388 tingunt,
2321 4319 2430 4376 etsi
2483 4321 2773 4376 mendacii
2853 4323 3133 4396 pleraque
3215 4323 3650 4379 convincantur.

2006 4405 2112 4472 Qui
2177 4411 2374 4463 tamen
2431 4408 2802 4481 impudenter
2857 4411 3146 4468 damones
3190 4412 3478 4478 invocant,
3541 4428 3654 4468 non

2007 4495 2298 4552 immerito
2347 4496 2774 4554 homicidarum
2814 4499 3037 4570 judicio
3083 4501 3495 4571 subjiciuntur.
3545 4501 3654 4566 Qui

2006 4599 2136 4640 vero
2166 4584 2615 4642 sanctimoniam
2685 4591 2744 4642 et
2798 4589 3069 4644 virtutem
3129 4589 3474 4646 simulantes
3509 4588 3654 4644 lucri

2006 4672 2211 4743 gratia,
2246 4673 2561 4741 mitiorem,
2614 4676 2809 4745 credo,
2869 4693 3098 4748 pmnam
3150 4683 3209 4734 et
3263 4693 3378 4733 non
3421 4678 3653 4734 easdem

2009 4760 2396 4816 correctiones
2428 4762 2729 4820 subibunt.

2077 4941 2336 5014 Magnus
2367 4959 2498 4998 vero
2545 4943 2855 5015 Gregorius
2900 4945 3198 5019 Nyssenus
3255 4946 3313 5001 in
3345 4945 3383 5000 2
3437 4961 3656 5002 canone

2006 5029 2130 5087 haec
2163 5031 2452 5088 verbatim
2485 5035 2740 5104 profert:
2801 5035 2909 5100 Qui
2952 5037 3022 5091 ad
3073 5035 3522 5107 prrsstigiatcres
3565 5035 3655 5091 vel

2006 5123 2183 5186 vates,
2213 5119 2307 5174 vel
2340 5135 2440 5176 eos
2473 5121 2575 5192 qui
2599 5139 2696 5193 per
2718 5123 3010 5179 daemones
3041 5137 3100 5178 se
3128 5124 3360 5194 piacula
3385 5125 3652 5196 qundam

2002 5211 2061 5263 et
2090 5208 2414 5264 aversiones
2441 5219 2780 5280 operaturos
2810 5227 2942 5268 esse
2961 5212 3331 5283 pollicentur,
3365 5213 3654 5269 accedunt

2001 5303 2201 5353 exacte
2229 5299 2666 5372 interrogantur
2686 5307 2743 5356 et
2763 5302 3184 5370 examinantur,
3218 5312 3411 5358 utrum
3447 5303 3506 5357 in
3539 5303 3651 5356 ﬁde

1999 5386 2061 5442 in
2099 5387 2399 5444 Christum
2433 5399 2858 5461 permanentes,
2892 5407 2926 5446 a
2967 5391 3310 5448 necessitate
3349 5391 3546 5463 aliqua
3575 5391 3646 5446 ad

2001 5473 2146 5531 illud
2182 5481 2482 5549 peccatum
2506 5476 2748 5550 impulsi
2777 5482 2936 5549 sunt,
2986 5494 3118 5535 cum
3175 5479 3409 5536 afﬂictio
3454 5478 3651 5551 aliqua

1998 5563 2089 5619 vel
2119 5564 2508 5623 intolerabilis
2519 5567 2752 5638 jactura
2772 5566 2928 5624 hunc
2942 5567 3030 5625 illi
3046 5569 3301 5626 animum
3323 5567 3649 5639 indidisset,

1998 5668 2074 5708 an
2103 5655 2342 5712 omnino
2382 5653 2644 5727 neglecto
2665 5656 2818 5726 quod
2843 5673 2876 5712 a
2906 5656 3072 5712 nobis
3124 5655 3409 5713 creditum
3440 5663 3527 5713 est
3554 5660 3643 5714 te-

1998 5741 2297 5814 stimonio,
2329 5747 2396 5803 ad
2431 5746 2764 5801 demonum
2795 5745 3134 5804 societatem
3157 5760 3220 5802 se
3251 5743 3642 5803 contulerunt.
