4098 6332
438 416 514 478 15

1727 407 2107 472 MATTHIEI
2150 405 2577 469 BLASTARIS

3753 417 3830 476 16

435 549 496 607 Si
525 549 681 606 enim
727 550 800 605 ad
859 548 1032 604 ﬁdem
1091 545 1526 612 inﬁrmandam,
1569 552 1622 600 et
1670 546 1824 614 quod
1881 544 2034 600 Deun

2182 540 2470 616 συμμαχίᾳ
2529 537 2934 614 προσέδραμον.
2997 541 3056 598 Εἰ
3118 543 3214 615 μὲν
3269 543 3374 620 γὰρ
3433 541 3518 599 ἐπ’
3577 546 3825 616 ἆθετήσει

434 638 592 711 quia
619 637 964 694 Christianis
995 636 1269 706 creditur,
1295 651 1423 691 esse
1445 651 1561 690 non
1583 635 1908 700 crederent,
1928 633 2070 688 illud

432 729 718 798 fecerunt,
739 731 914 784 erunt
941 724 1178 782 omnino
1225 723 1553 780 voluntario
1592 722 1934 794 negantium
1965 723 2070 793 ju-

427 817 576 874 dicio
605 815 859 874 obnoxii.
891 815 1068 880 Quale
1089 830 1222 869 vero
1253 812 1332 869 sit
1361 813 1571 868 borum
1603 810 1976 884 supplicium,
2007 811 2064 864 in

425 906 612 978 primo
669 907 798 977 ejus
855 919 1075 960 canone
1129 901 1226 956 hic
1263 910 1502 957 sanctus
1533 897 1832 966 decernit;
1892 914 2064 970 quem

425 1011 652 1067 quaeras
691 995 750 1050 in
774 996 799 1048 1
833 1009 958 1065 cap.
997 992 1108 1048 litt.
1142 999 1212 1048 Δ.
1233 990 1336 1047 Sin
1353 995 1570 1058 autem,
1606 987 1818 1060 inquit,
1847 1004 1960 1043 non
1981 988 2060 1042 fe-

421 1085 602 1142 renda
635 1083 946 1140 necessitas
993 1081 1187 1153 aliqua
1235 1079 1518 1153 pusillum
1568 1095 1762 1135 eorum
1800 1078 2058 1134 animum

420 1189 725 1246 superans,
749 1189 815 1228 eo
835 1171 1095 1237 deduxit,
1123 1186 1456 1226 mensuram
1489 1185 1690 1224 eorum
1722 1167 1824 1240 qui
1856 1167 1914 1222 in
1946 1168 2058 1222 for-

419 1261 710 1318 nicatione
739 1264 1071 1332 peccaruut,
1104 1259 1216 1331 ipsi
1247 1259 1418 1314 etiam
1451 1256 1863 1323 observabunt,
1903 1257 2058 1327 quod

416 1355 476 1411 in
510 1369 712 1411 novem
745 1369 931 1409 annos
964 1350 1239 1408 extendit.
1289 1350 1488 1413 Quaere
1518 1349 1552 1403 3
1599 1365 1722 1420 cap.
1760 1346 1961 1403 litteras
1992 1349 2054 1399 E.

480 1711 586 1776 Qui
619 1726 720 1786 per
770 1709 1055 1766 sacriﬁcia
1082 1619 1445 1774 vafiigizttur,
1477 1704 1669 1776 gladio
1717 1701 1994 1774 puniatur
2033 1719 2046 1755 :

409 1802 512 1872 qui
531 1815 665 1858 vero
695 1801 860 1858 illum
889 1799 978 1856 vel
1015 1797 1284 1854 suasione
1323 1795 1408 1851 vel
1442 1793 1676 1866 praemio
1724 1793 1794 1848 ad
1827 1791 1883 1845 id
1914 1791 2051 1846 bor-

2181 636 2280 697 τῆς
2312 631 2564 699 πίστεως,
2614 631 2705 683 καὶ
2759 631 2897 704 πρὸς
2944 631 3008 684 τὸ
3061 632 3137 704 μή
3188 634 3458 687 πιστεύειν
3507 633 3646 689 εἶναι
3691 639 3821 690 Θεὸν

2177 720 2270 774 τὸν
2320 720 2465 794 παρά
2507 725 2614 775 τῶν
2667 725 3005 794 Χριστιανῶν
3049 721 3456 796 πιστευόμενον,
3507 723 3680 780 ἐκεῖνο
3727 747 3822 782 πε-

2177 807 2462 877 ποιήκασι,
2509 810 2590 879 τῷ
2653 808 2882 882 κρίματι
2937 812 3046 864 τῶν
3107 809 3372 872 ἑκουσίως
3431 811 3821 886 ἀρνησαμένων

2181 895 2608 971 ὁπαχθήσονται.
2641 901 2858 952 Ὁποῖον
2904 894 2961 952 δὲ
2990 898 3052 953 τὸ
3096 901 3304 954 τούτων
3335 905 3529 974 κρῖμα,
3561 903 3614 956 ἐν
3662 908 3742 974 τῷ
3772 911 3820 960 α’

2174 983 2341 1041 αὑτοῦ
2369 987 2554 1041 κανόνι
2585 988 2614 1042 6
2645 989 2794 1061 ἅγιος
2830 987 2988 1051 οὗτος
3021 985 3410 1063 διαλαμϐάνει,
3442 993 3504 1048 ’ὀν
3534 993 3624 1048 καὶ
3661 995 3815 1064 ζήτει

2173 1073 2237 1161 ἐν.
2273 1081 2353 1148 τῷ
2395 1077 2441 1130 α’
2483 1097 2602 1154 κεφ.
2653 1081 2749 1131 τοῦ
2801 1083 2846 1134 Α
2896 1079 3198 1156 στοιχείου.
3249 1079 3319 1136 Εἴ
3363 1078 3420 1136 δέ
3473 1103 3578 1153 τις,
3627 1085 3810 1161 φησὶν,

2173 1159 2507 1227 ἀϐάστακτος
2563 1165 2774 1241 ἀνάγκη
2848 1170 3299 1242 κατακρατήσασα
3372 1177 3473 1239 τῆς
3549 1159 3814 1248 μικροψυ-

2172 1253 2300 1328 χίας
2329 1253 2530 1323 αὐτῶν,
2562 1255 2638 1317 εἷς
2689 1259 2849 1310 τοῦτο
2897 1258 3204 1332 προήγαγε,
3251 1258 3315 1313 τὸ
3371 1261 3567 1335 μέτρον
3614 1267 3721 1316 τῶν
3756 1261 3806 1317 ἐν

2169 1343 2395 1416 πορνείᾳ
2458 1341 2984 1417 πλημμελησάντων
3061 1346 3150 1400 καὶ
3224 1346 3377 1402 αὐτοὶ
3455 1347 3807 1426 φυλάξουσιν,

2169 1431 2300 1506 ὅπερ
2339 1430 2428 1486 καὶ
2466 1433 2544 1494 εἰς
2581 1426 2673 1500 ἔτη
2710 1437 3016 1510 παρατείνει
3057 1432 3223 1492 ἐννέα.
3256 1437 3417 1507 Ζήτει
3455 1439 3518 1491 τὸ
3552 1443 3600 1514 γ’
3639 1442 3807 1516 κεφά-

2169 1518 2321 1575 λαιον
2352 1524 2448 1576 τοῦ
2480 1527 2520 1577 E
2549 1523 2850 1600 στοιχείου.

2866 1611 3098 1686 Νόμομ

2236 1701 2292 1751 Ὁ
2325 1695 2413 1752 διὰ
2455 1700 2651 1752 θυσιῶν
2705 1701 3102 1772 μαντευόμενος
3141 1701 3279 1780 ξίφει
3325 1703 3668 1777 τιμωρείσθω
3702 1723 3714 1736 ·
3767 1706 3796 1760 6

2164 1783 2221 1841 δὲ
2248 1791 2438 1843 τοῦτον
2485 1790 2928 1864 προτρεψάμενος
2973 1789 3314 1866 παρακλήσει
3353 1791 3390 1862 ἢ
3441 1796 3636 1868 μισθῷ,
3683 1793 3794 1866 ἐξο-

408 1896 585 1960 tatur,
616 1891 840 1956 exsilio,
871 1895 928 1946 et
960 1889 1242 1944 bonorum
1269 1885 1643 1958 publicationi
1679 1882 2034 1953 subjiciatur.

2175 1875 2252 1946 :iq
2281 1877 2369 1930 καὶ
2404 1874 2666 1950 δημεύσει
2701 1878 3022 1935 ὑποκείσθω.

477 1980 754 2050 Venetici,
782 1980 832 2035 si
863 1979 921 2034 in
953 1977 1234 2050 dignitate
1265 1974 1436 2046 positi
1469 1974 1608 2042 sint,
1657 1970 1864 2028 exsilio
1896 1969 2044 2026 mul-

405 2075 670 2138 ctantur;
703 2069 912 2140 reliqui
941 2084 1074 2124 vero
1103 2065 1292 2139 capite
1323 2065 1671 2136 plectuntur.

475 2163 585 2230 Qui
616 2165 903 2236 pmparat
946 2160 1226 2231 magicam
1271 2157 1339 2214 ad
1399 2172 1666 2212 venerem
1715 2153 2038 2209 trahentem

403 2254 650 2326 pudicos
680 2268 894 2317 mores,
923 2249 1012 2305 vel
1039 2253 1242 2304 contra
1279 2247 1586 2302 hominum
1619 2244 1862 2300 salutem
1887 2243 2040 2299 mala

395 2342 652 2412 molitur,
672 2343 958 2398 bonorum
980 2336 1366 2410 publicatione
1392 2340 1450 2390 et
1467 2334 1670 2391 exsilio
1694 2335 1952 2406 punitur.

461 2525 545 2580 Ne
573 2523 706 2596 quis
735 2523 1116 2578 divinatorem
1165 2519 1432 2576 consulat
1461 2535 1476 2574 :
1507 2517 1656 2590 magi
1684 2516 1837 2574 enim
1877 2515 2038 2588 capi-

385 2613 491 2673 tali
519 2629 690 2688 pinna
716 2613 1060 2686 puniuntur.

461 2705 570 2771 Qui
623 2705 681 2760 in
737 2718 934 2759 necem
984 2700 1292 2756 hominum
1365 2698 1658 2753 daemones
1741 2696 2031 2762 invocant,

387 2793 583 2865 gladio
604 2792 937 2864 puniantur.

467 2879 634 2938 ne
653 2881 808 2937 Idem
839 2883 929 2936 est
957 2878 1160 2935 docere
1191 2881 1247 2934 st
1277 2876 1499 2932 discere
1544 2875 1666 2946 lege
1719 2871 2026 2946 prohibita.

457 3065 700 3122 Maritus
731 3076 964 3120 uxorem
995 3075 1166 3118 suam
1205 3059 1520 3116 veneﬁcam
1549 3063 1839 3128 expertus,
1897 3071 2031 3111 ma-

390 3154 732 3213 trimonium
765 3151 1006 3224 repudio
1045 3149 1252 3220 solvit;
1303 3147 1575 3205 similiter
1603 3148 1660 3202 et
1690 3143 1899 3200 mulier
1937 3143 2026 3198 vi-

387 3261 540 3302 rum.

387 3407 572 3464 cidem
608 3421 789 3477 poenae
819 3401 1128 3472 subjicitur
1156 3403 1221 3456 ut
1249 3399 1348 3470 qui
1379 3396 1582 3454 mortis
1609 3410 1845 3452 ausam
1879 3411 2029 3464 prea-

386 3497 550 3564 buit;
581 3493 847 3552 similiter
873 3497 932 3549 et
979 3491 1078 3562 qui
1131 3489 1556 3546 inconsiderate
1585 3487 1685 3542 dat
1715 3501 2024 3542 venenum.

456 3587 566 3650 Qui
612 3581 868 3641 insanire
923 3581 1179 3651 aliquem
1243 3593 1465 3634 veneno
1522 3575 1762 3641 faciunt,
1803 3573 1929 3647 lege
1956 3575 2028 3631 de

388 3673 605 3745 injuria
624 3676 912 3728 tenentur.

457 3763 606 3834 Lege
633 3761 705 3817 de
733 3759 1045 3816 homicidia
1074 3762 1323 3825 tenetur,
1355 3756 1453 3828 qui
1479 3753 1734 3810 hominis
1782 3751 2026 3808 necandi

388 3867 564 3909 causa
585 3864 874 3906 venenum
907 3853 1214 3920 praeparat,
1245 3844 1332 3902 vel
1379 3842 1594 3912 vendit,
1625 3840 1712 3896 vel
1750 3839 1938 3896 habet.

459 4035 518 4091 Si
549 4033 682 4105 quis
703 4048 818 4088 non
853 4029 1004 4087 malo
1037 4029 1232 4086 animo
1265 4023 1495 4083 mulieri
1529 4025 1813 4096 paraverit
1843 4022 2028 4078 medi-

389 4130 717 4182 camentum
749 4121 822 4177 ad
848 4119 1306 4192 conceptionem,
1338 4122 1394 4172 et
1423 4116 1470 4170 si
1511 4115 1705 4187 ipsum
1737 4113 2027 4184 accipiens

387 4212 718 4279 decesserit,
749 4211 1036 4282 relegatur
1064 4209 1165 4280 qui
1189 4205 1428 4280 paravit.

454 4303 682 4375 Siquis
737 4301 883 4357 liber
937 4304 1039 4355 aut
1093 4313 1294 4354 servus
1341 4309 1691 4367 quocunque
1745 4295 2022 4363 prmtcxtu

389 4395 676 4466 potionem
699 4390 940 4456 dederit,
973 4390 1093 4444 sive
1151 4387 1293 4454 viro,
1332 4385 1440 4440 sivi
1490 4381 1739 4450 mulieri,
1772 4381 1890 4435 sive
1920 4397 2028 4435 un-

386 4483 552 4550 ciilaa,
587 4482 705 4536 sive
733 4478 1002 4543 deminui,
1034 4482 1092 4532 et
1121 4493 1186 4532 ex
1220 4477 1324 4531 hoc
1358 4473 1576 4529 inﬁrmi
1609 4471 1740 4526 facti
1777 4470 2026 4526 morian-

387 4571 598 4642 turqui
653 4571 1018 4639 acceperunt,
1072 4567 1167 4636 qui
1229 4563 1449 4635 paravit
1503 4561 2020 4634 gludiopuniutur.

2225 1967 2293 2022 O't
2345 1967 2644 2044 φαρμακοὶ,
2701 1967 3063 2041 ἀξιωματικοί
3129 1967 3300 2040 ὄντες,
3378 1968 3793 2046 δεπορτατεύον-

2151 2075 2239 2108 ται
2273 2055 2285 2087 λ
2319 2056 2370 2110 οἱ
2403 2054 2458 2110 δὲ
2489 2055 2678 2110 λοιποὶ
2709 2056 2784 2119 είς
2813 2057 3054 2131 κεφαλὴν
3080 2063 3469 2134 τιμωροῦνται.

2222 2149 2280 2197 Ὃ
2325 2142 2812 2218 ἐπιτηδευσάμενος
2856 2147 3110 2220 γοητείαν
3169 2145 3432 2204 ἕλκουσαν
3482 2149 3558 2211 εἰς
3617 2150 3794 2225 ἔρωτα

2149 2232 2274 2294 τοὺς
2321 2234 2602 2310 σώφρονας
2655 2233 2978 2308 λογισμοὺς,
3010 2237 3044 2306 ἦ
3077 2237 3211 2291 κατά
3261 2239 3531 2312 σωτηρίας
3576 2240 3788 2314 ἀνθρώ-

2147 2342 2262 2376 πων
2327 2325 2810 2396 μηχανησάμενος,
2872 2322 3133 2397 δημεύσει
3205 2327 3294 2379 καὶ
3369 2326 3554 2402 ἑξορίᾳ
3617 2349 3792 2400 τιμω-

2148 2430 2345 2485 ρειται.

2219 2496 2423 2570 Μηδεὶς
2458 2498 2782 2576 ἐπερωτάτω
2812 2502 2936 2556 τινά
2967 2504 3234 2576 μαντικὴν
3269 2500 3738 2578 ἐπαηελλὸμενον
3771 2525 3785 2539 ⁶

2146 2591 2196 2644 οἱ
2226 2590 2328 2664 γάγ
2359 2590 2524 2664 μάγοι
2557 2589 2869 2664 κεφαλικῶς
2900 2596 3290 2666 τιμωροῦνται.

2211 2681 2282 2735 Οἱ
2321 2678 2398 2740 εἷς
2450 2675 2666 2752 βλάϐην
2696 2680 2994 2754 ἀνθρώπων
3044 2678 3305 2754 δαίμονας
3355 2681 3780 2756 ἐπικαλούμενοι

2139 2769 2280 2845 ξιφει
2307 2769 2774 2844 τιμωρείσθωσαν.

2210 2863 2352 2912 Ἴσον
2401 2857 2512 2913 ἐστί
2559 2859 2622 2913 τὸ
2665 2857 3082 2934 ἀπηγορευμένα
3135 2861 3348 2934 μαθεῖν,
3377 2861 3468 2915 καὶ
3515 2861 3578 2916 τὸ
3625 2857 3773 2917 διδά-

2138 2966 2304 3002 σκειν.

2209 3035 2468 3112 Εύλόγως
2526 3038 2555 3092 6
2611 3037 2772 3112 ἀνὴρ,
2831 3037 3098 3113 εὑρίσκων
3150 3040 3252 3109 τὴν
3310 3036 3474 3094 αἶ)τοῦ
3529 3041 3770 3114 γαμετὴν

2137 3127 2442 3203 φαρμακὸν,
2494 3124 2765 3204 ῥεπουδίῳ
2808 3125 2927 3184 λύει
2975 3127 3066 3183 τὸν
3111 3130 3287 3205 γάμον
3321 3148 3334 3161 ·
3390 3129 3647 3190 ὡσαύτως
3684 3126 3775 3184 καὶ

2139 3215 2176 3284 ἢ
2209 3215 2342 3291 γυνή
2372 3215 2463 3269 τὸν
2496 3212 2686 3290 ἄνδρα.

457 3279 564 3382 ὃῖί
617 3330 903 3370 venenum
953 3328 1058 3385 pro
1143 3309 1568 3366 medicamento
1624 3321 1787 3362 servo
1848 3304 2026 3370 dedit,

2211 3279 2272 3363 ’δ
2317 3279 2608 3382 φάρμακον.
2649 3305 2768 3361 ἀντὶ
2821 3305 3058 3383 ἱατρείας
3107 3305 3292 3381 δοόλῳ
3340 3306 3593 3372 δεδωκὼς
3643 3306 3778 3364 ὑπό-

2134 3414 2306 3450 κειται
2332 3397 2401 3468 τῇ
2433 3395 2570 3468 αὐτῇ
2602 3399 2792 3470 ποινῇ,
2824 3396 2899 3458 ὡς
2931 3395 3128 3469 ,αἰτίαν
3169 3397 3399 3452 θανάτου
3429 3399 3728 3477 παρασχών
3765 3417 3779 3430 ο

2137 3484 2396 3546 ὡσαύτως
2426 3484 2516 3540 καὶ
2547 3485 2575 3540 6
2605 3490 2904 3562 προπετῶς
2934 3483 3116 3550 διδοὺς
3149 3488 3459 3564 φάρμακον.

2207 3575 2268 3628 Οἱ
2330 3575 2745 3652 παραφρονῆσαί
2800 3596 2920 3631 τινα
2977 3577 3252 3654 φαρμάκῳ
3307 3581 3592 3640 ποιοῦντες
3669 3576 3778 3632 ἐνέ-

2137 3664 2333 3738 χονταί
2362 3668 2443 3736 τῷ
2471 3664 2594 3739 περὶ
2623 3659 2834 3741 ὕϐρεως
2872 3666 3052 3739 νόμῳ.

2207 3755 2296 3825 Τῷ
2324 3752 2448 3828 περὶ
2496 3753 2700 3831 φονέων
2749 3753 2906 3829 νόμῳ
2938 3755 3216 3810 ὑπόκειται
3265 3756 3295 3810 6
3346 3753 3434 3810 διᾶ
3481 3757 3544 3811 τὸ
3581 3760 3780 3834 φονεῦ-

2137 3863 2226 3896 σαι
2282 3841 2566 3918 ἄνθρωπον
2617 3847 2794 3899 ποιῶν
2864 3845 3172 3924 φάρμακον,
3231 3845 3267 3915 ἢ
3343 3847 3690 3922 πιπράσκων,
3743 3845 3779 3915 ἢ

2137 3927 2304 4010 ἔχων.

2210 4020 2274 4076 Ei
2321 4020 2411 4076 καὶ
2458 4023 2534 4094 μή
2583 4026 2734 4095 κακῷ
2778 4043 2863 4087 τις
2929 4022 3182 4100 λογισμῷ
3231 4026 3506 4099 παράσχοι
3564 4024 3779 4100 γυναικὶ

2139 4108 2533 4183 συλληπτικὸν,
2581 4112 2670 4166 καὶ
2713 4111 3029 4184 τελευτήσει
3077 4115 3111 4182 ἡ
3163 4109 3430 4184 λαϐοῦσα,
3485 4113 3779 4188 ἐξορίζεται

2140 4199 2168 4253 6
2205 4199 2528 4274 παρασχών.

2210 4283 2283 4343 Ei’
2304 4308 2387 4350 τις
2427 4287 2728 4364 ἐλεύθερος,
2759 4288 2794 4359 ἢ
2846 4286 3068 4357 δοῦλος,
3100 4288 3188 4344 ἐπὶ
3239 4287 3530 4362 οίᾳδήποτι
3579 4289 3785 4370 προφά-

2140 4397 2220 4430 σει
2252 4373 2376 4447 δοίη
2430 4381 2586 4451 πόμα
2635 4376 2742 4433 εἴτε
2789 4377 2967 4452 ἀνδρὶ,
3005 4377 3110 4433 εἶ’τε
3157 4379 3390 4456 γυναικὶ,
3435 4377 3542 4434 ε’ίτε
3585 4377 3784 4454 δούλῃ,

2141 4464 2252 4521 ε’ίτε
2299 4463 2579 4540 δεσποίνῃ,
2623 4468 2712 4523 καὶ
2771 4468 2830 4523 ἐκ
2881 4469 3076 4524 τούτου
3133 4469 3520 4541 ἀσθενήσαντες
3575 4469 3784 4524 ἀποθά-

2138 4575 2275 4610 νοιεν
2358 4555 2408 4610 οἱ
2495 4553 2797 4631 δεξάμενοι,
2879 4559 3022 4637 ξίφει
3107 4560 3134 4612 6
3230 4559 3526 4634 παρασχὼν
3593 4580 3786 4631 ⁵τιμιω-

2064 4643 2110 4704 D
2145 4644 2356 4719 ρείσθω.

458 4751 585 4818 Qui,
618 4767 745 4820 quae
777 4743 1025 4820 φυλακτᾶ
1059 4745 1354 4810 dicuntur,
1388 4742 1630 4806 faciunt,
1665 4745 1722 4793 et
1758 4737 2036 4793 amatoria

384 4839 459 4896 ad
479 4839 792 4912 capiendos
814 4834 1079 4894 homines
1099 4832 1427 4906 ,publieutis
1451 4830 1618 4885 bonis
1640 4833 2037 4899 deportentur.

459 4929 830 4999 Sexagesima
861 4925 1084 4981 novella
1116 4919 1480 4992 imperatoris
1532 4918 1760 4983 Leonis,
1792 4917 1848 4971 Si
1880 4916 2034 4986 quis,

387 5017 599 5088 inquit,
633 5019 874 5072 omnino
907 5017 1010 5070 has
1045 5013 1298 5081 magicas
1344 5015 1494 5064 artes
1541 5007 1822 5063 adbibere
1878 5005 2033 5059 inve-

387 5107 606 5176 niatur,
655 5108 777 5160 sive
833 5103 1096 5174 corporis
1156 5098 1389 5156 medela:
1447 5099 1741 5168 prmtextu,
1797 5093 1916 5150 sive
1961 5094 2032 5148 ad

385 5197 763 5252 avertendum
804 5211 838 5249 a
869 5192 1157 5250 fructibus
1188 5189 1501 5255 damnum,
1536 5186 1586 5240 is
1629 5186 2032 5255 apostatarum

387 5301 614 5358 pmnam
639 5284 898 5351 subiens,
931 5282 1138 5338 ultimo
1170 5279 1461 5336 afﬁciatur
1494 5273 1804 5348 supplicio.

885 5459 1039 5517 CAP.
1073 5459 1146 5516 ll.
1179 5460 1254 5515 De
1281 5455 1537 5513 mollitie.

457 5552 740 5611 Consules
766 5552 837 5606 28
866 5566 994 5622 cap.
1030 5549 1230 5605 litteris
1249 5552 1316 5604 K.

912 5639 1064 5695 CAP.
1097 5637 1193 5694 IlI.
1224 5639 1296 5694 De
1325 5637 1516 5694 ebriis.

461 5735 696 5803 Quaeras
719 5732 794 5788 35
822 5746 944 5804 cap.
980 5728 1186 5786 litterae
1215 5728 1282 5784 K.

2218 4735 2284 4790 Οἳ
2342 4736 2408 4788 τὰ
2463 4735 2726 4810 λεγόμενα
2785 4740 3066 4800 ποιοῦντες
3136 4736 3406 4816 φυλακτά,
3463 4735 3552 4792 ἐπὶ
3625 4737 3781 4814 φίλίᾳ

2145 4824 2207 4878 τὸ
2239 4821 2413 4878 δοκεῖν
2441 4824 2760 4898 ἀνθρώπων,
2794 4823 3158 4900 δημευόμενοι
3190 4826 3626 4900 ἐξοριζὲσθωσαν.

2215 4914 2274 4968 'H
2337 4911 2392 4968 δὲ
2440 4915 2482 4984 ξ’

2143 5003 2331 5082 φησὶν,
2385 5001 2530 5065 ὅλως
2576 5006 2641 5058 τὰ
2684 5009 2908 5060 τοιαῦτα
2955 5007 3231 5081 φωραθείη
3294 5005 3778 5081 μαγγανευόμενος,

2143 5089 2253 5146 εἶτε
2297 5094 2561 5169 προφάσει
2619 5093 2883 5167 σωμάτων
2944 5094 3247 5169 θεραπείας,
3300 5094 3407 5150 ε’ίτε
3464 5097 3780 5169 ἀποτροπῆς

2139 5188 2241 5250 τῆς
2289 5185 2396 5236 τῶν
2453 5183 2742 5257 καρπίμων
2803 5178 3042 5258 βλάϐης,
3092 5187 3189 5254 τήν
3243 5184 3482 5259 ἐσχάτην
3531 5185 3780 5260 εἰσπρατ-

2141 5273 2314 5328 τὲσθω
2361 5273 2580 5344 ποινὴν,
2629 5275 2728 5342 τήν
2758 5277 2870 5329 τῶν
2910 5274 3230 5330 ἀποστατῶν
3280 5273 3507 5330 κόλασιν
3562 5276 3784 5353 ὑφιστάο

2145 5382 2328 5435 μενος.

2540 4917 2700 4988 νεαρὰ
2756 4921 2854 4970 τοῦ
2914 4916 3184 4989 βασιλέως
3243 4916 3492 4986 Λέοντος,
3551 4914 3622 4972 Εἴ
3671 4937 3776 4986 τις,

2476 5458 2735 5509 ΚΕΦΑΛ.
2779 5458 2849 5510 Β’.
2893 5452 3052 5528 Περὶ
3094 5451 3453 5525 μαλακίας.

2209 5544 2370 5612 Ζήτει
2401 5541 2464 5596 τὸ
2493 5544 2579 5612 κη’
2607 5540 2898 5618 κεφάλαιον
2932 5546 3033 5598 τοῦ
3066 5549 3108 5597 Κ
3134 5545 3438 5618 στοιχείου.

2462 5635 2706 5688 ΚΕΦΑΛ.
2755 5632 2826 5689 Γ’.
2871 5631 3028 5706 Περὶ
3061 5631 3460 5704 μεθυόντων.

2208 5722 2368 5795 Ζήτει
2399 5722 2462 5777 τὸ
2493 5719 2572 5778 λε’
2603 5718 2902 5802 κεφάλαιον
2925 5724 3023 5778 τοῦ
3055 5722 3095 5779 Κ
3123 5722 3424 5800 στοιχείου.
