4098 6332
243 439 312 498 17
1255 441 1678 505 SYNTAGMA
1721 435 2361 502 ALPHABETICUM.
2405 472 2483 484 —
2526 435 2609 497 M.
3555 425 3632 484 18

241 577 492 632 ΚΕΦΑᾹ.
543 579 615 628 Δ“.
670 571 828 648 Περὶ
881 573 1292 648 μεταθέσεως
1348 575 1457 630 καὶ
1513 572 1867 648 μεταϐιϐά-

1989 573 2145 632 GAP.
2181 573 2272 631 IV.
2307 575 2380 630 De
2407 571 2820 648 transposition;
2863 569 2917 648 et
2956 560 3321 620 transtatione
3349 555 3633 628 eoiscopo—

519 664 683 706 σεως
721 643 1104 700 ἐπισκόπων
1142 647 1178 716 ἢ
1227 643 1590 722 κληρικῶν.

305 752 464 820 Ζήτει
495 753 558 807 τὸ
588 753 633 806 θ’
662 750 961 830 κεφάλαιον
988 755 1086 808 τοῦ
1116 759 1156 808 Δ
1189 753 1485 830 στοιχείου.

275 860 532 913 ΚΕΦΔΛ.
577 865 648 914 E'.
693 861 836 933 Ὅτι
879 859 1037 933 rei»;
1086 867 1576 933 μετανοοῦντας
1623 864 1696 920 οὐ
1746 864 1846 922 δεῖ

793 926 1329 991 ἀποϐάλλεσθαι.

302 1018 365 1072 '0
414 1019 499 1090 νβ’
545 1024 654 1074 τῶν
702 1021 869 1094 ἁγίων
915 1020 1238 1077 ἀποστόλων
1286 1025 1484 1094 κανὼν,
1517 1023 1588 1080 Εἴ
1629 1047 1712 1088 τις
1762 1025 1882 1082 ἐπί-

239 1127 461 1208 σκοπος,
513 1109 700 1184 φησὶν,
843 1107 1231 1185 πρεσϐύτερος,
1285 1113 1378 1167 τὸν
1436 1114 1541 1168 ἀπὸ
1613 1117 1884 1190 ἁμαρτίας

239 1195 631 1272 επιπρέφοντα
715 1199 778 1252 οὐ
861 1200 1168 1272 προσίεται,
1243 1201 1390 1258 ἀλλὰ
1476 1207 1881 1278 μυσαττόμενος

237 1280 641 1356 ἀποϐάλλεται,
669 1287 806 1341 κατᾶ
833 1291 925 1342 τὸν
967 1287 1200 1344 παλαιὸν
1249 1288 1447 1346 ἐκεῖνον
1476 1289 1654 1361 δήπου
1697 1290 1881 1350 Ναϐά-

236 1396 352 1442 τον,
405 1375 790 1448 καθαιρείσθω,
823 1378 910 1432 οία
957 1376 1147 1433 λυπῶν
1178 1379 1269 1434 τὸν
1317 1382 1546 1455 Χριστὸν
1596 1383 1878 1457 εἰρηκότα,

237 1466 388 1537 Χαρα
445 1464 653 1538 γίνεται
707 1465 758 1519 ἐν
817 1469 898 1536 τῷ
966 1465 1176 1541 οὐρανῷ
1249 1466 1337 1523 ἐπὶ
1412 1469 1490 1524 ἐνὶ
1564 1471 1882 1547 ἁμαρτωλῷ

239 1559 643 1628 μετανοοῦντι·
689 1555 748 1618 ’ὸς
782 1554 871 1611 διὰ
915 1559 1017 1627 τὴν
1060 1563 1166 1612 τῶν
1214 1559 1558 1633 ἁμαρτωλῶν
1609 1566 1882 1637 σωτηρίαν

235 1642 422 1704 κλίνας
483 1646 614 1708 τοὺς
673 1644 934 1718 οὐρανοὺς
1004 1642 1373 1718 καταϐέϐηκεν
1409 1668 1422 1681 '
1498 1651 1556 1712 ὃς
1615 1648 1740 1723 ἔφη,
1801 1657 1878 1727 μὴ

235 1731 417 1788 ἐλθεῖν
462 1733 689 1789 καλέσαι
739 1733 1005 1802 δικαίους,
1049 1734 1197 1790 ἀλλὰ
1245 1738 1608 1810 ἁμαρτωλοὺς
1656 1741 1732 1804 είς
1785 1765 1882 1813 με-

227 1821 464 1877 πάνοιαν
497 1838 515 1853 ·
571 1823 632 1877 οὗ
678 1829 779 1892 τῆς
825 1821 1234 1901 φιλανθρωπίας
1291 1823 1519 1898 οὐδεμία
1576 1833 1682 1884 τῶν
1737 1832 1882 1903 ἡμε-

2520 639 2650 699 rum
2677 643 2726 697 et
2753 639 3098 696 clericorum.

2060 758 2291 824 Quaras
2317 754 2354 808 9
2381 767 2510 824 cap.
2541 749 2747 806 littere
2775 748 2848 804 A.

2129 860 2282 920 CAP.
2316 859 2384 916 V.
2419 857 2570 926 Quod
2595 857 2915 928 paenitenter
2945 869 3056 908 non
3084 849 3277 906 debent
3309 845 3488 916 rejict.

2060 1022 2588 1095 Quinquagesimns
2617 1017 2911 1075 secundus
2953 1017 3290 1070 sanctorum
3336 1002 3634 1080 apostolo-

1990 1131 2120 1171 rum
2152 1093 2358 1180 canon,
2391 1111 2449 1166 Si
2483 1111 2612 1182 quis
2641 1108 2968 1179 episcopus,
3012 1100 3221 1172 inquit,
3271 1095 3358 1152 vel
3389 1093 3632 1182 presby-

1991 1210 2100 1271 ter,
2131 1220 2287 1268 eum,
2314 1200 2414 1272 qui
2447 1216 2482 1255 a
2519 1197 2771 1270 peccatis
2819 1191 3194 1257 convertitur,
3245 1202 3356 1242 non
3409 1181 3632 1251 recipit,

1990 1270 2094 1349 sed
2119 1270 2438 1347 abhorrens
2485 1286 2644 1358 ejicit
2697 1281 2904 1340 veteris
2949 1280 3133 1335 instar
3189 1272 3390 1334 Navati
3447 1270 3630 1334 illius,

1990 1383 2332 1453 deponatur,
2362 1378 2499 1450 quia
2517 1374 2813 1432 Christum
2837 1367 3104 1426 molestia
3122 1364 3301 1420 afﬁcit
3319 1363 3632 1427 dicentem,

1992 1494 2022 1524 αι
2052 1471 2338 1528 Gaudium
2371 1474 2462 1525 est
2489 1468 2546 1522 in
2596 1464 2740 1521 cmlo
2772 1465 3005 1534 propter
3053 1471 3231 1512 unum
3275 1459 3633 1525 peccatorem

1989 1564 2028 1618 I
2046 1562 2138 1616 11
2176 1557 2574 1632 paenitentiam
2597 1556 2885 1626 agentem,
2917 1571 2948 1598 η
2977 1546 3074 1618 qui
3106 1547 3337 1616 propter
3367 1545 3634 1632 peccato-

1989 1667 2119 1706 rum
2162 1629 2412 1705 salutom
2465 1643 2766 1704 inclinavit
2811 1639 2986 1697 caelos
3033 1641 3090 1693 et
3145 1631 3478 1697 descendit;
3529 1629 3633 1700 qui

1989 1740 2154 1808 dixit,
2187 1757 2250 1795 se
2281 1755 2397 1795 non
2427 1735 2656 1792 venisse
2689 1745 2892 1788 vocare
2926 1730 3140 1798 justas,
3171 1721 3272 1778 sed
3309 1723 3632 1791 peccatores

1989 1831 2059 1889 ad
2081 1806 2512 1902 pcenitentiam;
2529 1827 2698 1897 cujus
2719 1817 3116 1878 misericordia
3127 1811 3396 1870 omnibus
3413 1806 3632 1864 nostris

229 1913 405 1988 τέρων
454 1913 716 1987 κρείττων
767 1895 924 1994 (iian
958 1895 1239 1987 ἁμαρτιῶν
1271 1933 1286 1947 ’
1333 1895 1480 1971 ἀλλὰ
1509 1919 1597 1972 καὶ
1646 1916 1733 1974 διὰ
1761 1895 1867 1975 ⁷ίδτοί

1986 1895 2234 1992 ignoscit
2263 1895 2557 1990 peccatis;
2588 1895 2686 1986 qui
2715 1911 2888 1968 etiam
2939 1923 3040 1980 per
3069 1901 3409 1999 prepbetam
3445 1895 3628 1997 dixit:

225 2003 530 2106 ξροῖήτου
564 2003 666 2106 Eoi;
701 2022 716 2034 °
767 2003 900 2106 Λέγε
929 2001 1011 2106 ab.
1039 2007 1262 2079 πρῶτος
1309 2005 1404 2067 τας
1448 2007 1716 2078 ἁμαρτίας
1759 2029 1878 2081 σου,

231 2088 316 2144 ἶνα
359 2088 689 2165 δικαιωθῇς.
727 2115 755 2143 n
805 2093 962 2160 Ζήτει
993 2091 1046 2146 ἐν
1083 2095 1165 2165 τῷ
1207 2093 1329 2164 ἑξῆς
1379 2095 1419 2164 ζ’
1463 2095 1741 2172 κεφαλαίῳ
1788 2118 1880 2152 κα-

229 2179 356 2234 νόνα
389 2184 486 2252 μς¹
513 2182 611 2249 τῆς
643 2179 694 2234 ἐν
730 2179 1038 2256 Καρθαγένῃ
1068 2177 1317 2238 συνόδου.
1869 2199 1877 2210 ⁴

300 2272 360 2324 Ὁ
391 2265 453 2323 δέ
501 2275 603 2338 τῆς
637 2267 689 2324 ἐν
737 2265 1030 2341 Λαοδικείᾳ
1075 2266 1304 2325 συνόδου
1440 2273 1616 2328 κανὼν
1666 2275 1792 2338 τοὺς
1823 2274 1877 2330 ἐν

229 2351 520 2432 διαφόροις
569 2356 938 2426 ἐξετασθέντας
983 2358 1307 2430 πταίσμασι,
1355 2361 1442 2414 καὶ
1495 2359 1564 2415 δι’
1621 2359 1880 2435 ἐξομολο-

223 2449 442 2518 γήσεως
495 2448 587 2500 καὶ
636 2445 920 2519 μετανοίας
975 2453 1091 2510 τοῖς
1149 2453 1339 2511 κακοῖς
1395 2449 1704 2528 ἀντιζύγου,
1763 2455 1876 2524 καὶ,

224 2535 255 2588 ὅ
301 2557 494 2612 φασιν,
543 2535 604 2590 ἐκ
655 2532 948 2610 διαμέτρου
976 2537 1067 2592 τὸν
1115 2537 1384 2594 είσέπειτα
1432 2539 1551 2614 βίον
1596 2543 1734 2614 πρὸς
1781 2543 1875 2598 τὸν

219 2626 492 2698 πρότερον
550 2622 1014 2698 ἐπιδειξαμένους,
1071 2633 1173 2696 τῆς
1233 2628 1377 2690 θείας
1436 2630 1578 2699 ἀξιοῖ
1631 2630 1876 2705 μεταλή-

217 2717 392 2784 ψεως,
425 2715 735 2786 ἀξιοῦσθαι,
768 2713 830 2769 οὐ
882 2716 1027 2790 παρὰ
1055 2717 1156 2784 τὴν
1201 2715 1376 2771 αὐτῶν
1423 2717 1685 2788 σπουδὴν,
1731 2720 1878 2795 παρὰ

218 2805 415 2874 μέντοι
460 2801 596 2865 τοὺς
646 2802 973 2876 οἰκτιρμοὺς
1017 2808 1120 2860 τοῦ
1179 2809 1333 2875 Θεοῦ,
1384 2807 1473 2862 καὶ
1523 2809 1622 2877 τήν
1668 2809 1874 2865 ἄφατον

219 2871 566 2968 αγαθότητα.
798 2871 807 2876 1
836 2871 846 2876 ⁷
1323 2871 1332 2875 1
1581 2871 1591 2877 ’
1717 2871 1728 2886 .

218 2985 483 3039 ΚΕΦΑΛ.
675 2979 832 3056 Περὶ
879 2985 1003 3037 τῶν
1053 2986 1171 3049 τῆς
1223 2986 1576 3057 μετανοίας
1620 2988 1869 3045 τόπων.

291 3069 390 3132 Εἲς
429 3069 696 3144 τέσσαρας
730 3067 787 3125 δέ
815 3070 988 3140 τάξεις
1028 3073 1080 3126 οἱ
1113 3077 1495 3144 μετανοοῦντες
1529 3073 1820 3151 διῄρηνται
1854 3097 1868 3110 ο

213 3157 292 3218 εἰς
345 3156 478 3220 τοὺς
555 3157 1025 3232 προσκλαίοντας,
1090 3161 1216 3222 τοὺς
1281 3160 1688 3237 ἀκροωμένους,
1744 3165 1871 3227 τοὺς

213 3246 648 3328 ὖπγπίπτονταε,
698 3249 790 3302 καὶ
833 3249 960 3310 τοὺς
1016 3253 1434 3322 συνισταμένους
1465 3270 1478 3284 ·
1545 3253 1634 3308 καὶ
1690 3275 1864 3328 προσ-

129 3337 134 3342 “
211 3332 504 3396 κλαίοντες
538 3335 634 3408 μὲν
686 3333 818 3390 εἰσιν
853 3336 904 3390 οἳ
953 3335 1054 3408 ἔξω
1082 3343 1184 3406 τῆς
1219 3338 1382 3413 θύρας
1425 3345 1524 3395 τοῦ
1573 3340 1864 3416 εὐκτηρίου

211 3425 527 3494 ἱστάμενοι,
569 3424 662 3478 καὶ
707 3425 847 3498 πρὸς
888 3429 996 3480 τῶν
1049 3425 1326 3482 εἰσιόντων
1375 3450 1435 3484 τε
1480 3430 1568 3484 καί
1619 3429 1864 3500 ἐξιόντων

212 3517 422 3566 πιστῶν
476 3512 649 3588 εὐχήν
695 3533 754 3568 τε
801 3513 1137 3586 αἰτούμενοι,
1169 3517 1256 3571 καὶ
1307 3519 1406 3587 τὴν
1452 3525 1551 3588 τῆς
1598 3520 1864 3595 ἁμαρτίας

211 3603 580 3676 συγχώρησιν
613 3619 626 3631 ⁸
685 3601 1022 3677 ἀκροώμενοι
1081 3601 1159 3670 δὲ,
1219 3607 1273 3660 οἱ
1328 3601 1480 3662 ἔνδον
1545 3616 1647 3679 τῆς
1700 3611 1863 3684 θύρας

209 3691 500 3764 ἱστάμενοι
549 3689 600 3744 ἐν
641 3695 725 3764 τῷ
779 3691 1064 3766 λεγομένῳ
1113 3695 1376 3766 Νάρθηκι,
1405 3697 1496 3751 καὶ
1543 3703 1650 3752 τῶν
1703 3699 1862 3754 θείων

213 3784 469 3854 rga-prin,
528 3779 621 3835 καὶ
678 3787 780 3850 τῆς
835 3789 1024 3850 κοινῆς
1082 3783 1434 3848 ἐπακούοντες
1491 3784 1863 3859 διδασκαλίας,

211 3870 312 3922 εἶθ’
375 3869 524 3922 οὕτω
585 3871 720 3940 μετᾶ
775 3873 1212 3945 κατηχουμένων
1267 3875 1643 3952 ἐξερχόμενοι.
1704 3882 1864 3932 Ὑπο-

215 3958 508 4018 πίπτοντες
569 3957 626 4012 δέ
685 3959 818 4013 εἰσιν
873 3961 925 4014 οἱ
988 3958 1139 4015 ἔνδον
1195 3969 1294 4031 τῆς
1351 3963 1648 4036 ἐκκλησίας
1720 3969 1864 4024 ἱστά-

218 4069 397 4119 μενοι,
451 4046 680 4101 κατόπιν
731 4045 789 4104 δὲ
837 4053 935 4103 τοῦ
982 4045 1256 4121 ἅμϐωνος,
1300 4054 1388 4106 καί
1438 4057 1572 4126 μετᾶ
1617 4062 1724 4111 τῶν
1767 4079 1860 4112 κα-

213 4135 584 4212 τηχουμένων
639 4137 729 4190 καὶ
806 4137 956 4192 οὗτοι
1027 4137 1272 4209 ἐξιόντες,
1327 4143 1489 4211 ἡνίκα
1552 4147 1634 4214 τὸ,
1709 4149 1866 4202 Ὅσοι

213 4224 655 4300 κατηχούμενοι,
706 4225 1052 4303 ἐκφωνηθείη
1084 4231 1232 4303 παρὰ
1272 4229 1372 4286 τοῦ
1403 4229 1656 4288 διακόνου
1687 4257 1700 4268 ·
1741 4256 1866 4290 συν-

216 4315 501 4386 ιστάμενοι
549 4312 626 4381 δὲ,
675 4315 726 4368 οἱ
772 4319 890 4377 τοῖς
938 4322 1150 4380 πιστοῖς
1187 4320 1282 4391 μὲν
1334 4324 1728 4396 συνευχόμενοι
1773 4323 1863 4379 καὶ

214 4401 667 4476 συμψάλλοντες,
715 4409 817 4472 τῆς
870 4402 926 4459 δὲ
973 4410 1082 4460 τῶν
1129 4409 1478 4482 αγιασμάτων
1523 4411 1862 4486 ἀπεχόμενο,

215 4493 614 4565 μεταλήψεως,
647 4489 845 4578 μέχρις
891 4490 977 4565 ἂν,
1007 4493 1294 4566 ἐξήκοντος
1323 4501 1423 4552 τοῦ
1467 4501 1860 4572 νενομισμένου

208 4581 446 4690 χρόνου,
475 4579 542 4634 τὸ
583 4579 793 4636 τέλειον
838 4580 1048 4646 αὐτοὺς
1083 4590 1186 4652 τῆς
1232 4586 1378 4648 θείας
1419 4583 1698 4661 ἐκδέξηται
1743 4609 1860 4646 κοι-

206 4691 432 4731 νωνιας.

516 4781 594 4832 Ζ.
635 4778 772 4866 ξρτι
813 4781 978 4866 κατα
1012 4782 1131 4866 τὴν
1175 4786 1302 4866 τῷν
1353 4785 1854 4866 μετανοούντων

277 4848 588 4928 διάθεσιν
636 4848 850 4928 ἔξεστι
895 4855 984 4922 τῷ
1021 4848 1372 4928 -ἐπισκόπῴ
1420 4856 1456 4926 ἢ
1505 4856 1780 4926 ἀνιέναι,
1821 4859 1857 4928 ἢ

274 4920 618 4976 ἐπιτεῖναι
661 4920 932 4984 τούτοις
959 4920 1045 4978 τὰ
1081 4920 1408 4999 ἐπιτίμιά.

276 5032 337 5082 '0
399 5027 472 5101 ιβ’
525 5032 628 5095 τῆς
687 5047 721 5082 α
791 5025 1022 5083 συνόδου
1077 5031 1252 5086 κανὼν
1328 5034 1520 5107 κριτήν
1578 5033 1858 5113 ἐφίστησιν

204 5113 656 5191 ἀπαραλόγιστον
705 5115 800 5172 τὸν
833 5113 1149 5189 ἐπίσκοπον,
1180 5120 1215 5188 ἢ
1268 5126 1452 5193 μειοῦν
1483 5122 1550 5178 τὰ
1587 5123 1855 5197 ἐπιτίμια,

202 5206 292 5260 καί
352 5205 880 5282 φιλανθρωπότερόν
925 5227 977 5260 τι
1032 5207 1401 5282 βοδλεύεσθαι,
1450 5217 1566 5275 τοῖς
1615 5214 1664 5286 ἐξ
1715 5215 1854 5270 εἱλι-

200 5298 418 5370 κρινοῦς
462 5293 708 5358 διανοίας
758 5301 1101 5370 μετανοοῦσι,
1134 5299 1224 5354 καί
1265 5306 1343 5372 τῷ
1381 5306 1478 5357 τοῦ
1521 5308 1654 5358 Θεοῦ
1702 5300 1856 5382 φόϐῳ

201 5385 382 5446 καλῶς
433 5385 942 5463 στοιχειουμέγοις,
1002 5387 1092 5440 καὶ
1149 5385 1402 5463 δάκρυσιν
1461 5391 1622 5446 αὐτὸν
1679 5394 1855 5449 ἱλεου-

201 5471 406 5548 μένοις,
437 5478 522 5531 καί
577 5477 680 5546 τήν
731 5473 794 5532 ἐκ
843 5480 954 5531 τῶν
1010 5474 1300 5550 ἐπιτιμίων
1349 5481 1586 5538 κάκωσιν
1626 5485 1852 5566 εὐχαρί-

198 5585 335 5626 στως
381 5566 738 5640 ὑπομένουσι,
774 5564 868 5620 καὶ
917 5565 1020 5631 τήν
1061 5569 1166 5620 τῶν
1213 5570 1428 5643 ἀγαθῶν
1474 5567 1640 5648 ἔργων
1692 5564 1849 5647 ἅσκη·

198 5675 274 5707 σν,
331 5655 450 5730 περὶ
507 5656 716 5719 παντὸς
771 5653 1160 5726 ποιουμένοις,
1216 5663 1536 5716 κοινωνοῦσι
1575 5660 1658 5722 -δὲ
1729 5673 1845 5725 τῶν

199 5741 353 5802 ὄντων
397 5752 515 5814 τοῖς
564 5745 888 5825 δεομένοις,
939 5743 1030 5800 καὶ
1081 5739 1229 5824 ἔργῳ
1283 5749 1373 5805 καὶ
1431 5755 1676 5832 σχήματι
1735 5763 1840 5833 τήν

1889 4683 1936 4748 D

1989 1987 2041 2059 «-
2071 2008 2174 2064 Dic
2227 1987 2290 2064 tn
2347 2005 2576 2078 primus
2627 2004 2858 2074 peccata
2914 2002 3035 2063 tua,
3096 1999 3154 2049 ut
3199 1987 3558 2062 jnstiﬂcsris.
3599 2005 3628 2036 ιι

1987 2098 2220 2164 Oneras
2259 2097 2319 2154 in
2347 2074 2643 2166 sequenti
2696 2092 2733 2144 7
2789 2103 2916 2160 cap.
2976 2085 3046 2140 46
3093 2095 3378 2138 canonem
3422 2074 3629 2149 synodi

1985 2187 2485 2261 Carthaginensis.

2057 2258 2361 2335 Secundus
2384 2293 2511 2346 syn.
2543 2271 2766 2332 Laodic.
2800 2283 2988 2326 canon
3017 2264 3080 2321 in
3128 2259 3372 2319 diversis
3417 2258 3630 2328 depre-

1985 2369 2199 2425 hensos
2225 2367 2472 2434 delictis,
2496 2372 2551 2421 et
2572 2377 2674 2436 per
2693 2356 3110 2416 confessionem
3134 2369 3200 2408 ac
3226 2346 3626 2422 paenitentiam

1987 2459 2158 2514 malis
2183 2456 2531 2530 oppositam,
2561 2453 2736 2508 vitam
2763 2449 3018 2504 futuram
3037 2440 3214 2516 priori
3234 2456 3303 2496 ex
3323 2438 3626 2504 diametro,

1986 2554 2050 2603 ut
2078 2547 2264 2610 aiunt.
2297 2543 2650 2602 contrariam
2680 2536 3074 2601 ostendentes,
3119 2536 3319 2587 sancta
3364 2542 3628 2584 commn-

1985 2639 2157 2696 nione
2198 2637 2406 2708 dignos
2453 2629 2653 2688 haberi
2693 2627 2943 2700 jndicat,
2976 2638 3090 2679 non
3141 2623 3389 2708 prepter-
3422 2631 3624 2672 eorum

1983 2728 2211 2784 virtutis
2239 2705 2527 2789 studium,
2567 2719 2668 2776 sed
2717 2719 2951 2789 propter
2987 2709 3091 2768 Dei
3136 2705 3540 2765 miserationes
3567 2707 3626 2759 et

1983 2814 2428 2875 inenarrabilem
2459 2809 2797 2868 bonitatem.

2333 2975 2484 3033 CAP.
2521 2973 2613 3028 VI.
2647 2972 2720 3028 De
2744 2965 3085 3043 pauitantia
3113 2962 3271 3018 locis.

2050 3087 2402 3144 Pmnitentes
2432 3085 2492 3139 in
2531 3084 2740 3154 quator
2781 3074 3016 3134 ordines
3063 3069 3530 3128 distribuuntur:
3563 3064 3624 3121 in

1979 3177 2280 3240 deﬂentes,
2331 3174 2652 3235 audientes,
2695 3167 3042 3231 snbstratos,
3100 3165 3159 3218 et
3213 3158 3622 3215 consistentes.

1976 3267 2046 3324 Et
2075 3267 2354 3322 deﬂentes
2385 3261 2622 3335 quidem
2654 3262 2814 3325 sunt,
2837 3255 2937 3328 qui
2967 3260 3126 3310 extra
3153 3246 3390 3306 sacrarii
3407 3245 3623 3335 ostium

1977 3361 2155 3424 stant,
2185 3358 2244 3410 et
2289 3333 2740 3424 ingredientium
2786 3349 2842 3402 et
2888 3338 3312 3414 egredientium
3360 3333 3620 3392 ﬁdelium

1973 3441 2426 3517 supplicationes
2458 3442 2680 3510 rogant,
2714 3440 2772 3492 et
2801 3431 3019 3506 peccati
3048 3426 3476 3486 remissionem.
3498 3425 3624 3479 An-

1974 3512 2200 3591 dientes
2243 3549 2394 3602 vero,
2453 3529 2552 3602 qui
2611 3529 2764 3584 intra
2819 3523 3032 3579 ostium
3090 3522 3314 3575 stantes
3377 3515 3437 3570 in
3495 3512 3620 3568 loco

1973 3623 2252 3680 Narthece
2299 3620 2475 3686 dicto,
2527 3632 2722 3675 sacras
2767 3612 3099 3683 Soriptnras
3145 3611 3204 3664 et
3249 3617 3619 3662 communem

1974 3711 2346 3784 disciplinam
2404 3707 2672 3773 audiunt,
2727 3701 2940 3758 deinde
2995 3713 3132 3754 cum
3189 3690 3620 3752 catechumenis

1975 3781 2370 3876 egrediuntur.
2403 3793 2694 3852 Snbstrati
2725 3800 2918 3847 autem
2954 3793 3110 3853 sunt,
3145 3785 3246 3858 qui
3277 3784 3426 3838 intra
3445 3781 3620 3838 eccle-

1973 3895 2122 3949 siam
2154 3896 2334 3960 stant,
2368 3903 2564 3944 verum
2619 3887 2750 3956 post
2795 3880 3129 3944 umbonem,
3176 3880 3234 3931 et
3281 3887 3414 3928 cum
3458 3879 3619 3928 cate-

1973 3981 2283 4037 chnmenis
2311 3983 2369 4035 et
2399 3977 2507 4048 ipsi
2556 3972 2956 4047 egrediuntur,
3004 3965 3240 4038 quando
3291 3980 3325 4018 a
3373 3960 3618 4017 diacono

1975 4071 2404 4144 pronuntiatur,
2437 4091 2465 4118 «
2516 4069 2898 4133 Quotcnnque
2945 4053 3367 4114 catechumeni.
3403 4072 3428 4102 ι
3461 4052 3616 4107 Con-

1973 4139 2246 4214 sistentes
2275 4172 2432 4222 vero,
2462 4154 2564 4225 qni
2593 4167 2726 4207 cum
2778 4147 3050 4203 ﬁdelibus
3098 4139 3271 4198 simul
3304 4144 3616 4211 precantur

1971 4254 2028 4304 et
2056 4251 2294 4308 canunt,
2328 4245 2425 4300 sed
2448 4261 2483 4299 a
2510 4245 2843 4298 sanctorum
2872 4232 3285 4290 communione
3305 4229 3614 4299 abstinent,

1973 4337 2175 4403 donec,
2233 4334 2470 4390 deﬁnito
2522 4335 2782 4399 tempore
2837 4322 3176 4394 adimpleto,
3235 4319 3307 4374 ad
3349 4321 3613 4374 sanctam

1969 4426 2440 4484 communionem
2473 4423 2700 4478 tandem
2732 4417 2901 4490 plene
2928 4413 3328 4472 admittantur.

1967 4745 2116 4808 CAP.
2161 4743 2286 4798 VII.
2339 4738 2490 4810 Quod
2532 4741 2708 4809 juxta
2760 4732 3152 4810 paenitentiam
3205 4728 3616 4810 dispositionem

2035 4797 2285 4890 episcopo
2327 4797 2514 4884 ιῖωηαε
2532 4797 2668 4866 ἰιιιδ
2725 4797 2809 4864 vel
2863 4807 3136 4861 remittere
3188 4797 3302 4856 vel'
3329 4797 3616 4856 extendere

2039 4892 2216 4947 liceat.

2049 5035 2438 5094 Duodecimus
2470 5036 2671 5105 prima;
2698 5048 2828 5104 syn,
2856 5044 3043 5085 canon
3083 5024 3370 5082 arbitrum
3391 5019 3611 5078 infalli-

1970 5130 2146 5187 bilem
2177 5129 2520 5202 episcOpnm
2560 5121 2882 5190 constituit,
2910 5121 2999 5175 vel
3030 5131 3226 5190 ptsnas
3259 5111 3610 5178 diminnere,

1967 5226 2024 5275 et
2054 5200 2372 5276 humanius
2415 5215 2636 5286 aliquid
2677 5217 2932 5268 statuere
2981 5209 3052 5263 de
3098 5204 3172 5260 iis
3218 5202 3321 5276 qui
3369 5200 3611 5259 sinceris

1966 5307 2402 5365 conditionibus
2470 5303 2862 5376 paenitentiam
2919 5301 3122 5370 agunt,
3181 5298 3238 5350 et
3285 5294 3343 5348 in
3403 5290 3610 5346 timore

1965 5398 2066 5455 Dei
2123 5404 2276 5454 recte
2326 5397 2624 5460 incedunt,
2673 5399 2730 5448 et
2776 5387 3048 5461 lacrytnis
3095 5401 3230 5442 eum
3289 5382 3604 5455 propit.nm

1965 5489 2205 5553 faciunt,
2265 5493 2322 5541 et
2380 5499 2681 5556 pmnarnm
2730 5479 3102 5537 alﬂictionem
3162 5476 3450 5550 patienter
3513 5492 3608 5532 sn-

1965 5580 2162 5648 beunt,
2238 5584 2297 5634 et
2377 5579 2655 5634 bonorum
2732 5588 2972 5641 operum
3046 5564 3400 5624 exsecutioni
3472 5568 3606 5620 ante

1959 5668 2158 5724 omnia
2187 5685 2422 5738 cperam
2452 5669 2612 5734 dant,
2652 5664 2724 5718 de
2753 5661 2920 5717 bonis
2968 5667 3157 5714 autem
3207 5652 3602 5725 indigentibus

1958 5759 2414 5832 communicant,
2444 5765 2504 5820 et
2530 5751 2966 5819 conversionem
2988 5753 3110 5806 tam
3140 5762 3200 5804 re
3217 5759 3388 5816 quam
3413 5742 3604 5815 specie
