4098 6332
267 316 339 378 21
452 280 463 289 “
1314 324 1753 408 SYNTAGMA
1794 325 2430 392 ALPHABETICUM.
2476 363 2550 373 —
2595 332 2684 390 M.
3601 331 3679 390 22

270 421 806 525 ἐξομολογουμένων
878 451 1172 509 σπουδαίαν
1248 454 1339 509 καὶ
1415 455 1744 532 θερμοτέραν
1819 458 1911 526 τὴν

2038 461 2279 517 tendum
2309 462 2356 517 si
2368 462 2783 520 confitentibus
2794 463 3008 519 seriam
3023 464 3479 520 etardentiorem
3500 464 3682 535 pani.

277 542 563 611 μετάνοιαν
641 540 1121 616 ἐπιδεικνυμένων,
1197 543 1377 607 αὐτοῖς
1458 546 1691 619 ἀρέσειεν
1758 545 1922 602 ἐλατ-

272 634 447 683 τῶσαι
494 632 628 693 τοὺς
682 632 991 705 ὁρισθέντας
1039 637 1146 689 τῶν
1195 633 1483 708 ἐπιτιμίων
1534 634 1790 710 χρόνους,
1822 643 1924 706 τῆς

273 716 325 772 ἐν
390 724 511 780 ταῖς
576 725 817 795 Γραφαῖς
875 721 1117 795 ἱστορίας
1173 719 1518 797 ἐγγυωμένης
1576 726 1734 797 ἡμῖν,
1792 724 1920 788 τοὺς

278 808 415 878 μετά
466 808 718 879 μείζονος
763 807 1310 885 ἐξομολογούμὲνους
1358 812 1550 883 πόνου,
1590 814 1778 869 θᾶττον
1819 815 1919 884 τήν

272 900 370 951 τοῦ
399 902 536 952 Θεοῦ
567 897 981 975 φιλανθρωπίαν
1011 895 1465 974 καταλαμϐάνειν.

346 988 473 1045 Ἐπὶ
526 985 584 1044 δὲ
631 993 732 1044 τοῦ
789 991 1094 1062 ἀγιωτάτου
1135 990 1481 1067 πατριάρχου
1530 999 1713 1048 Λουκᾶ
1755 1014 1919 1068 στρα-

275 1078 448 1150 τιώτῃ
498 1078 603 1132 τινὶ
661 1080 825 1155 φόνον
877 1079 1122 1135 ἑκούσιον
1174 1077 1451 1153 δράσαντι,
1499 1080 1791 1143 ἐπίσκοπός
1839 1105 1923 1147 τις

276 1166 363 1220 ἐπὶ
399 1167 609 1242 μετρίῳ
640 1169 777 1222 πάνυ
824 1173 998 1242 καιρῷ
1030 1169 1315 1245 ἐγγράφως
1346 1171 1497 1243 αὐτῷ
1524 1172 1623 1239 τήν
1669 1172 1917 1228 ἀθώωσιν

276 1252 504 1325 δέδωκε,
557 1257 647 1310 καὶ
694 1256 1097 1332 ἐγκαλούμενος
1154 1258 1302 1332 παρά
1350 1265 1450 1328 τῆς
1511 1258 1764 1330 συνόδου,
1825 1262 1917 1316 τὸν

276 1346 523 1419 παρόντα
572 1347 762 1402 κανόνα
810 1347 1109 1421 προέτεινεν
1145 1368 1157 1380 ·
1207 1347 1335 1404 ἀλλ’
1380 1349 1625 1419 ἤκουνεν,
1672 1352 1754 1406 ὅτι
1802 1354 1922 1414 τὸῖς

276 1434 626 1509 ἀρχιερεῦσιν
675 1433 837 1507 ἐδόθη
889 1438 985 1508 μὲν
1033 1435 1206 1506 αὔξειν
1258 1458 1317 1493 τε
1363 1439 1453 1492 καί
1505 1443 1688 1509 μειοῦν
1742 1440 1810 1495 τά
1862 1440 1922 1496 ἐκ

275 1526 383 1576 τῶν
412 1524 650 1577 κανόνων
700 1524 972 1597 ἐπιτίμια,
1005 1525 1067 1579 οὐ
1118 1528 1228 1599 μὴν
1266 1527 1591 1600 ἀνεξετάστφ
1630 1528 1719 1583 καὶ
1762 1531 1925 1605 ὑπερ-

280 1606 571 1686 ϐαλλούσῃ
644 1618 885 1690 χρῆσθαι
957 1613 1365 1691 συγκαταϐάσει.
1426 1620 1584 1674 Ὅθεν
1656 1621 1749 1675 τὸν
1829 1622 1923 1693 μὶν

281 1704 624 1773 στρατιώτην
667 1710 785 1767 τοῖς
827 1704 887 1760 ἐκ
921 1710 1028 1761 τῶν
1077 1707 1315 1761 κανόνων
1361 1704 1660 1780 ἐπιτιμίοις
1708 1712 1743 1779 ἡ
1795 1710 1923 1765 σύν-

2032 551 2276 606 teetiam
2309 551 2772 618 ostendentibus,
2804 551 2921 609 illis
2953 552 3142 623 placet
3171 552 3477 609 deﬁnitum
3498 569 3682 625 poena

2030 642 2264 711 tempus
2339 643 2642 709 minuere;
2702 641 3012 713 Scripturre
3081 640 3374 712 siquidem
3439 642 3681 698 historia

2032 729 2201 784 nobis
2231 729 2611 786 manifestum
2646 730 2909 793 faciente,
2943 732 3098 802 quod
3130 730 3229 802 qui
3258 731 3466 801 majori
3485 730 3678 787 labore

2030 819 2400 887 conﬁtentur,
2427 836 2527 878 eos
2547 819 2646 877 Dei
2671 819 3132 878 misericordiam
3156 820 3329 879 citius
3360 821 3682 894 apprehen-

2029 910 2189 969 dere.

2101 1000 2386 1071 Tempore
2450 1015 2620 1071 porro
2680 998 3042 1057 sanctissimi
3098 1000 3434 1071 patriarchae
3492 1000 3679 1069 Luca,

2030 1087 2213 1144 milite
2261 1090 2514 1159 quodam
2549 1089 2764 1145 caedem
2821 1089 3210 1144 voluntariam
3258 1089 3680 1156 committente,

2027 1178 2338 1247 episcopus
2368 1178 2606 1247 quidam
2632 1181 2760 1247 post
2778 1175 2943 1232 valde
2961 1176 3253 1232 modicum
3277 1182 3511 1249 tempus
3528 1176 3682 1234 datis

2029 1265 2262 1335 scriptis
2311 1263 2743 1320 absolutionem
2789 1264 2872 1319 illi
2920 1264 3227 1333 concessit,
3275 1270 3332 1320 et
3378 1281 3413 1320 a
3458 1266 3680 1335 synodo

2028 1354 2456 1419 condemnatus,
2515 1358 2852 1426 praesentem
2929 1370 3210 1410 canonem
3284 1354 3343 1408 in
3421 1354 3680 1409 medium

2028 1444 2263 1501 attulit:
2306 1448 2406 1501 sed
2431 1460 2775 1515 responsum
2826 1444 3070 1515 accepit,
3122 1444 3276 1515 quod
3325 1443 3682 1500 antistitibus

2029 1550 2365 1590 concessum
2416 1534 2526 1590 fuit
2592 1549 2881 1589 canonum
2932 1549 3133 1604 pcenas
3190 1532 3276 1588 vel
3332 1548 3542 1603 augere
3590 1532 3678 1588 vel

2030 1622 2314 1692 minuere,
2372 1639 2489 1680 non
2552 1626 2748 1678 autem
2815 1621 3173 1692 inexplorata
3240 1626 3297 1677 et
3373 1626 3677 1691 arrogante

2029 1713 2382 1771 demissione
2439 1713 2523 1769 uti
2542 1730 2557 1781 ;
2618 1712 2771 1769 unde
2827 1711 3073 1767 militem
3155 1711 3394 1783 quidam
3469 1711 3677 1783 pcenis,

281 1790 410 1855 οδος
460 1789 808 1849 καθυπὲϐαλε
838 1814 853 1826 ·
905 1795 996 1851 τὸν
1048 1794 1104 1851 δὲ
1145 1796 1405 1871 ἀρχιερέα
1453 1795 1603 1861 δίκας
1648 1798 1911 1876 ἀπῄτησεε

2031 1820 2172 1875 quas
2201 1820 2454 1861 canones
2483 1802 2740 1875 exigunt,
2764 1801 3020 1873 synodus
3039 1801 3312 1872 subjecit,
3333 1800 3406 1857 ab
3422 1800 3681 1857 antistite

279 1883 377 1951 τὴν
407 1881 461 1937 ἐν
497 1883 790 1958 ὡρισμένῳ
820 1890 991 1959 καιρῷ
1018 1893 1116 1956 τῆς
1148 1884 1486 1963 λειτουργίας
1515 1886 1812 1965 ἐπίσχεσιν.

350 2063 411 2115 '0
440 2060 500 2117 δὲ
548 2063 767 2133 Νόσσης
818 2062 983 2137 μέγας
1031 2071 1359 2142 Γρηγοριος,
1407 2064 1459 2121 ἐν
1501 2086 1579 2139 τῳ
1623 2068 1670 2142 γ’
1715 2067 1921 2137 κανόνι,

273 2152 400 2206 Ἐπί
448 2156 560 2207 τῶν
604 2151 998 2227 σπουδαιοτὲρᾳ
1044 2153 1427 2230 κεχρημένων,
1471 2158 1627 2233 φησί,
1673 2161 1742 2230 τῇ
1798 2156 1920 2213 ἐπι-

279 2247 516 2318 στροφῇ,
546 2241 636 2296 καὶ
680 2247 759 2314 τῷ
793 2243 896 2316 βίῳ
943 2240 1257 2299 δεικνύντων
1287 2246 1386 2313 τήν
1438 2246 1573 2318 πρὸς
1621 2247 1683 2301 τὸ
1723 2248 1918 2319 ἀγαθὸν

277 2329 561 2399 ἐπάνοδον,
591 2326 761 2401 ἔξεστι
810 2337 887 2402 τῷ
928 2332 1307 2405 οἰκονομοῦντι
1352 2335 1486 2407 πρὸς
1532 2336 1596 2391 τὸ
1644 2337 1918 2414 συμφὲρον

276 2426 558 2493 συντεμεῖν
588 2421 681 2475 τὸν
722 2421 945 2496 χρόνον,
976 2421 1064 2476 καὶ
1111 2424 1309 2497 τάχιον
1356 2422 1653 2479 ἀποδοῦναι
1698 2424 1917 2488 τούτοις

274 2511 371 2578 τήν
415 2510 736 2579 κοινωνίαν,
768 2511 918 2572 ὅπως
964 2510 1024 2565 ἃν
1070 2512 1168 2579 τήν
1217 2516 1314 2566 τοὺ⁹
1351 2514 1782 2585 θεραπευομένου
1827 2534 1919 2568 κα·

271 2600 530 2653 τάστασιν
572 2596 939 2671 δοκιμάσειεν.
990 2603 1194 2674 Ὥσπερ
1251 2603 1356 2677 γὰρ
1411 2602 1471 2656 τὸ
1526 2608 1641 2665 τοῖς
1701 2603 1914 2677 χοίροις

273 2688 485 2763 ῥίπτειν
534 2687 668 2750 τοὺς
722 2689 1054 2763 μαργαρίτας
1112 2690 1425 2760 ἀπείρηται,
1476 2690 1619 2747 οὕτω
1675 2693 1737 2748 τὸ
1785 2693 1917 2748 ἀπο-

268 2782 478 2851 στερεῖν
532 2778 630 2831 τοῦ
687 2775 876 2850 τιμίου
926 2780 1264 2852 μαργαρίτου
1319 2781 1410 2835 τὸν
1465 2778 1574 2850 ἤδη
1634 2778 1917 2855 ἄνθρωπον

270 2865 356 2922 διὰ
404 2874 510 2934 τῆς
555 2866 929 2940 καθαρότητός
977 2887 1036 2921 τε
1082 2868 1168 2923 καὶ
1218 2875 1321 2937 τῆς
1376 2868 1635 2933 ἀπαθείας
1684 2892 1913 2943 γενομε-

267 2978 381 3025 νον,
432 2960 547 3011 τῶν
593 2955 814 3011 ἀτόπων
863 2955 996 3010 ἐστι.
1050 2961 1334 3031 Πανταχοῦ
1380 2958 1482 3032 γὰρ
1538 2957 1593 3013 ἐν
1642 2958 1915 3032 πλημμε-

267 3042 526 3117 λήματπ
558 3043 691 3100 εἴδει
740 3047 901 3100 τοῦτο
948 3047 1181 3119 καθορῷ
1221 3048 1485 3119 προσήκει
1526 3049 1632 3122 πρὸ
1679 3049 1912 3117 πάντων,

269 3132 357 3190 οἶα
420 3133 568 3189 ἐστίν
627 3136 663 3203 ἡ
719 3138 816 3189 τοῦ
873 3135 1306 3209 θεραπευομένου
1363 3136 1615 3205 διάθεσις,
1675 3136 1764 3192 καὶ
1833 3140 1909 3211 μὴ

268 3224 363 3278 τὸν
397 3224 600 3299 χρόνον
650 3201 857 3278 οἴεσθαι
902 3201 1038 3297 πρὸς
1077 3201 1362 3299 θεραπείαν
1406 3201 1611 3299 ἀρκεῖν,
1653 3226 1757 3298 (τίς
1806 3201 1910 3302 γὰρ
1941 3201 1986 3270 c

266 3312 326 3366 ἃν
362 3312 425 3367 ἐκ
473 3317 572 3366 τοῦ
603 3314 808 3391 χρόνου
861 3311 1002 3374 ἴασις
1050 3312 1330 3390 γένοιτος)
1374 3312 1522 3369 ἀλλά
1563 3316 1662 3384 τήν
1711 3315 1913 3390 προαί-

265 3422 412 3475 ρεσιν
445 3406 545 3457 τοῦ
584 3403 770 3458 ἑαυτὸν
813 3400 886 3457 δι’
923 3402 1261 3481 ἐπιστροφῆς
1312 3403 1716 3477 θεραπεύοντος.
1760 3406 1912 3461 Ἐστι

263 3488 343 3558 δὲ,
398 3502 558 3568 φησι,
618 3489 853 3568 διαφορά
892 3512 977 3556 τις
1022 3491 1075 3548 ἐν
1130 3496 1210 3565 τῷ
1267 3491 1420 3570 λόγῳ
1469 3500 1569 3563 τῆς
1631 3495 1913 3567 μετανοίας

264 3580 496 3645 τοιαύτη
533 3598 546 3610 ·
606 3582 637 3634 ὁ
688 3581 786 3652 μὲν
843 3580 935 3658 ἀφ’
991 3572 1182 3636 ἑαυτοῦ
1237 3581 1375 3655 πρὸς
1427 3584 1527 3652 τήν
1577 3580 1912 3657 ἐξαγόρευσιν

262 3676 365 3737 τῆς
426 3668 696 3743 ἁμαρτίας
760 3671 1032 3744 ὁρμήσας,
1091 3668 1220 3725 αὐτὸ
1272 3671 1336 3725 τὸ
1400 3668 1782 3740 καταδέξασθαι
1841 3670 1912 3727 δι’

265 3756 472 3818 οἰκείας
515 3759 695 3831 ὁρμῆς
736 3759 978 3833 γενέσθαι
1017 3763 1127 3815 τῶν
1174 3758 1415 3835 κρυφίων
1453 3762 1786 3834 κατήγορος,
1835 3761 1910 3822 ὼς

265 3844 374 3915 ἤδη
426 3854 529 3913 τῆς
576 3846 859 3920 θεραπείας
906 3848 1224 3922 ἀρξάμενος,
1276 3848 1329 3903 ἐν
1373 3848 1911 3927 φιλανθρωποτέροις

267 3936 470 4008 γίνεται
502 3942 620 3997 τοῖς
660 3936 984 4009 ἐπιτιμίοις.
1018 3943 1074 3992 Ὁ
1112 3936 1169 3993 δί
1209 3938 1475 4014 φωραθεὶς
1505 3936 1591 3993 ἐπὶ
1630 3944 1708 4009 τῷ
1738 3944 1909 4010 κακῷ,

264 4027 298 4093 ἢ
335 4023 429 4080 διά
458 4046 605 4086 τινος
640 4027 870 4101 ὑποψίας
903 4028 939 4097 ἢ
980 4028 1305 4101 κατηγορίας
1340 4027 1702 4106 ἀπελεγχθεὶς
1743 4030 1908 4083 ἀκου-

265 4114 422 4177 σίως,
486 4114 539 4168 ἐν
594 4114 950 4189 ἐπιτεταμένῃ
1010 4118 1211 4189 γίνεται
1266 4118 1336 4188 τῇ
1394 4116 1718 4193 ἐπιστροφῇ,
1772 4118 1911 4173 ὥστε

176 4254 182 4260 ,
264 4205 660 4279 ωθαρισθὲντα
711 4202 782 4257 δι’
835 4200 1112 4277 ἀκριϐείας
1175 4206 1360 4272 αὐτὸν,
1421 4204 1593 4266 οὕτως
1656 4204 1745 4260 ἐπὶ
1806 4208 1906 4274 τὴν

262 4297 371 4346 τῶν
417 4294 775 4367 ἀγιασμάτων
813 4294 989 4349 ἐλθεῖν
1041 4293 1343 4352 κοινωνίαν.
1396 4296 1552 4365 Ζήτει
1597 4295 1686 4349 καὶ
1730 4294 1782 4349 ἐν
1828 4300 1907 4367 τῷ

266 4377 357 4452 λβ¹
389 4400 515 4457 κεφ.
566 4384 664 4434 τοῦ
710 4384 753 4436 Ε
796 4382 1076 4459 στοιχείου
1117 4380 1313 4437 κανόνα
1362 4385 1459 4436 τοῦ
1511 4380 1755 4457 μεγάλου
1803 4388 1909 4436 Βα-

263 4468 476 4523 σιλείου
520 4470 635 4542 πβ’,
675 4470 763 4524 καὶ
802 4468 857 4525 ἐν
892 4475 973 4542 τῷ
1010 4470 1088 4545 κγ’
1125 4490 1244 4548 κεφ.
1285 4474 1382 4525 τοῦ
1425 4476 1463 4524 Κ
1502 4469 1776 4545 στοιχείου
1815 4490 1908 4525 κα-

2032 1895 2342 1965 autemjus
2370 1892 2655 1965 exigebat,
2687 1907 2895 1963 nempe
2926 1891 2998 1946 ad
3032 1894 3322 1947 statutum
3355 1894 3583 1962 tempus
3603 1890 3676 1945 ab

2031 1982 2535 2040 administratione
2571 1981 3038 2053 suspensionem.

2102 2072 2346 2141 Magnus
2401 2071 2706 2142 Gregorius
2752 2070 3043 2142 Nyssenus
3092 2068 3153 2125 in
3209 2069 3380 2125 tertio
3436 2084 3677 2139 canone,

2030 2160 2127 2227 Iis,
2169 2160 2270 2232 qui
2299 2159 2656 2232 diligentiori
2687 2158 3062 2216 conversione
3093 2157 3185 2213 usi
3206 2157 3444 2223 fuerint,
3463 2157 3675 2229 inquit,

2029 2256 2086 2304 et
2115 2250 2227 2304 vita
2254 2249 2326 2305 ad
2364 2248 2422 2304 id
2452 2249 2609 2320 quod
2643 2247 2857 2305 bonum
2887 2252 2978 2303 est
3007 2247 3261 2303 reditum
3295 2245 3675 2313 ostenderint,

2027 2339 2162 2395 licet
2192 2338 2266 2405 ei,
2297 2337 2394 2409 qui
2432 2338 2751 2409 dispensat,
2784 2353 2888 2408 pro
2930 2336 3178 2393 utilitate
3194 2340 3425 2407 tempus
3445 2344 3678 2392 contra-

2028 2427 2184 2495 here,
2214 2432 2273 2483 et
2301 2426 2549 2483 celerius
2579 2425 2698 2482 illis
2729 2426 3206 2483 communionem
3226 2425 3489 2491 reddere,
3512 2433 3679 2496 prout

2023 2516 2174 2587 ejus,
2210 2515 2302 2571 cui
2336 2515 2565 2570 medela
2592 2514 2924 2579 adhibetur,
2956 2513 3428 2569 constitutionem
3461 2528 3679 2583 appro-

2025 2604 2195 2659 barit.
2229 2603 2736 2668 Quemadmodum
2767 2602 2922 2658 enim
2957 2601 3149 2673 porcis
3180 2599 3519 2672 margaritas
3540 2615 3673 2670 pro-

2014 2693 2195 2764 jicere
2228 2694 2457 2750 vetitum
2484 2697 2589 2758 est,
2620 2691 2704 2748 ita
2731 2699 2786 2747 et
2823 2691 3078 2763 pretiosa
3116 2689 3431 2759 margarita
3450 2687 3676 2761 privare

2023 2798 2181 2849 eum,
2212 2782 2313 2853 qui
2344 2783 2478 2853 jam
2519 2797 2623 2854 per
2679 2780 3086 2854 purgationem
3150 2784 3208 2834 et
3262 2777 3671 2835 alienationem

2023 2888 2057 2927 a
2086 2871 2225 2927 vitio
2292 2873 2480 2928 factus
2535 2874 2625 2928 est
2665 2870 2864 2939 homo,
2917 2868 3242 2925 absurdum
3287 2874 3394 2925 est.
3442 2866 3670 2938 Ubique

2022 2960 2179 3014 enim
2209 2958 2270 3015 in
2310 2958 2529 3029 peccati
2577 2958 2770 3031 specie
2808 2957 2916 3013 hoc
2957 2956 3282 3029 perspicere
3306 2959 3442 3012 ante
3479 2954 3674 3012 omnia

2022 3048 2309 3115 convenit,
2348 3047 2537 3119 qualis
2564 3052 2657 3104 est
2697 3046 2875 3114 illius,
2928 3047 3020 3102 cui
3068 3043 3292 3101 medela
3339 3043 3670 3112 adhibetur,

2022 3136 2347 3208 dispositio,
2397 3142 2456 3192 et
2507 3152 2625 3193 non
2673 3134 2747 3191 ad
2800 3134 3085 3191 medelam
3133 3132 3401 3190 sufficere
3438 3142 3668 3204 tempus

2022 3225 2375 3291 existimare,
2409 3225 2561 3295 (nam
2586 3240 2855 3297 quanam
2889 3222 3112 3278 medela
3150 3239 3184 3278 a
3212 3222 3361 3279 179
3411 3226 3668 3294 tempore

2022 3313 2085 3369 fit
2101 3316 2151 3384 ?)
2180 3315 2280 3370 sed
2312 3312 2468 3371 illius
2498 3312 2879 3379 affectionem,
2929 3310 3031 3384 qui
3092 3328 3193 3382 per
3237 3311 3669 3368 conversionem

2019 3403 2131 3460 sibi
2165 3403 2447 3460 medetur.
2470 3405 2571 3458 Est
2598 3417 2754 3472 vero,
2785 3400 3001 3473 inquit,
3042 3400 3310 3472 quasdam
3341 3398 3670 3456 diti‘ereutia

2020 3492 2081 3550 in
2122 3491 2475 3564 pmnitentie
2529 3492 2769 3559 ratione,
2837 3490 3166 3560 ejusmodi;
3225 3488 3326 3560 qui
3383 3488 3541 3544 enim
3597 3503 3667 3545 ex

2020 3583 2211 3653 seipso
2242 3580 2314 3636 ad
2346 3596 2585 3636 suorum
2610 3583 2978 3652 peccatorum
3005 3576 3429 3633 confessionem
3456 3575 3668 3647 impul-

2018 3689 2121 3728 sus
2148 3676 2256 3738 est,
2285 3687 2352 3727 eo
2383 3673 2536 3742 quod
2567 3687 2672 3727 sua
2718 3674 2925 3739 sponte
2971 3667 3332 3723 occultorum
3362 3670 3664 3723 accusator

2018 3778 2147 3818 esse
2201 3759 2466 3828 voluerit,
2525 3764 2589 3815 ut
2644 3760 2740 3829 qui
2793 3760 2916 3829 jam
2978 3756 3329 3813 medicinam
3387 3754 3663 3811 adhibere

2018 3850 2274 3920 coeperit,
2305 3846 2633 3904 mitioribus
2676 3846 2860 3916 poenis
2911 3846 3248 3901 mulctatur.
3310 3843 3417 3911 Qui
3466 3847 3662 3900 autem

2021 3939 2080 3993 in
2138 3937 2290 3992 malo
2348 3939 2743 4007 deprehensus
2799 3939 2907 4001 est,
2966 3934 3051 3988 vel
3113 3937 3349 4005 propter
3403 3931 3660 4005 aliquam

2018 4027 2414 4099 suspicionem
2428 4024 2513 4081 vel
2526 4024 2950 4081 accusationem
2968 4022 3228 4095 ingratiis
3239 4022 3538 4078 convictus
3549 4023 3662 4086 est,

2018 4117 2250 4188 longius
2290 4115 2374 4171 illi
2405 4115 2800 4170 conversionis
2832 4120 3058 4183 tempus
3078 4113 3272 4172 datur,
3296 4115 3361 4166 ut
3388 4111 3661 4182 deinceps

2018 4205 2266 4276 perfecte
2296 4209 2599 4276 purgatus,
2630 4203 2714 4258 sic
2743 4203 2816 4257 ad
2854 4205 3349 4257 sacramentorum
3398 4214 3663 4257 commu-

2017 4298 2249 4350 nionem
2301 4295 2661 4349 admittatur.
2711 4294 2942 4357 Quaaras
2992 4291 3046 4345 in
3076 4292 3147 4343 32
3193 4307 3315 4359 cap.
3367 4288 3569 4344 littera
3618 4287 3659 4342 E

2016 4399 2291 4438 canonem
2321 4382 2391 4438 82
2422 4383 2620 4452 magni
2651 4380 2869 4449 Basilii,
2924 4384 2979 4434 et
3010 4380 3067 4433 in
3116 4379 3187 4432 23
3229 4394 3334 4449 cap
3378 4376 3582 4433 litterae
3614 4375 3661 4431 K

2017 4472 2278 4543 ejusdem
2311 4471 2495 4527 sancti
2525 4485 2805 4526 canonem
2838 4469 2928 4536 61,
2979 4471 3036 4522 et
3066 4466 3123 4520 in
3153 4467 3189 4521 8
3227 4481 3353 4537 cap.
3387 4465 3591 4521 litteras
3620 4469 3661 4518 Σ

261 4558 394 4612 νόνα
442 4554 545 4611 τοῦ
580 4556 743 4612 aeto?»
779 4560 878 4629 ξεί,
916 4559 1009 4614 καὶ
1046 4558 1100 4615 ἐν
1144 4563 1224 4631 τῷ
1272 4560 1322 4628 η’
1368 4580 1489 4633 κεφ.
1527 4564 1625 4615 τοῦ
1667 4565 1706 4613 Σ
1757 4580 1902 4614 στοι-

2026 4561 2273 4631 ajusdem
2329 4574 2609 4615 canonem
2662 4558 2756 4625 70,
2814 4561 2872 4612 et
2926 4555 2987 4612 in
3031 4555 3102 4609 23
3158 4570 3285 4626 cap.
3344 4552 3549 4610 littere
3606 4552 3652 4608 K

264 4648 424 4721 χείου
464 4646 661 4701 κανόνα
696 4652 794 4703 τοῦ
832 4646 1001 4704 αὗτοῦ
1038 4649 1105 4718 o',
1132 4648 1224 4704 καὶ
1263 4648 1315 4704 ἐν
1348 4652 1430 4720 τῷ
1467 4649 1546 4723 κγ’
1581 4669 1701 4724 κεφ.
1737 4652 1833 4704 τοῦ
1865 4654 1907 4703 K

2026 4648 2276 4721 Gregorii
2307 4647 2728 4718 Thaumaturgi
2761 4664 2887 4702 can.
2921 4646 3007 4700 11.

264 4735 553 4811 στοιχείου
581 4735 772 4792 κανόνα
802 4738 1107 4813 Γρηγορίου
1136 4741 1235 4793 τοῦ
1265 4741 1692 4812 Θαυματουργοῦ
1726 4738 1810 4796 ια’.

333 4826 400 4883 Ὁ
451 4823 510 4881 δὲ
560 4827 704 4889 θεῖος
752 4827 1160 4902 Χρυσόστομος,
1208 4827 1262 4882 ἐν
1303 4832 1382 4898 τῷ
1534 4831 1640 4882 τῶν
1686 4825 1810 4900 περὶ
1840 4828 1912 4881 ἱε-

266 4914 519 4989 ρωσύνης
574 4911 748 4990 λόγῳ,
814 4917 940 4992 Οὐχ
991 4914 1207 4987 ἁπλῶς,
1261 4915 1418 4992 φησὶ,
1476 4916 1612 4980 πρὸς
1674 4916 1736 4969 τὸ
1799 4919 1909 4971 τῶν

264 5006 677 5078 ἁμαρτημάτων
735 5007 932 5079 μέτρον
1000 5005 1083 5061 δεῖ
1152 5006 1256 5074 τὴν
1315 5003 1590 5077 ἐπιτιμίαν
1667 5002 1907 5079 ἐπάγειν,

262 5093 409 5149 ἀλλά
456 5095 547 5150 καί
595 5098 694 5160 τῆς
743 5100 853 5150 τῶν
904 5096 1323 5169 ἁμαρτανόντων
1366 5095 1721 5168 στοχάζεσται
1769 5115 1909 5168 προ-

262 5185 542 5257 αιρέσεως,
584 5188 659 5257 μή
701 5206 838 5241 ποτε
877 5183 1044 5259 ῥάψαι
1081 5184 1143 5239 τὸ
1193 5181 1489 5260 διερρωγὸς
1542 5184 1901 5258 βουλόμενος,

260 5281 444 5348 χεῖρον
485 5276 548 5330 τὸ
594 5275 810 5350 σχίσμα
848 5276 1111 5349 ποιήσῃς,
1140 5274 1229 5331 καὶ
1279 5275 1580 5347 ἀνορθῶσαι
1628 5275 1691 5330 τὸ
1741 5294 1905 5329 κατα-

257 5366 539 5429 πεπτωκὸς
587 5364 935 5436 σπουδάζων,
988 5364 1209 5437 μείζονα
1260 5364 1463 5439 ἐργάσῃ
1521 5368 1620 5436 τήν
1669 5371 1899 5421 πτῶσιν.

256 5455 314 5509 Οἱ
362 5457 464 5531 γάρ
507 5457 744 5520 ἀσθενεῖς
780 5455 872 5511 καὶ
926 5450 1343 5533 διακεχυμένοι,
1390 5454 1479 5509 καί
1519 5456 1580 5509 τὸ
1618 5454 1785 5529 πλέον
1830 5455 1899 5525 τῇ

255 5553 347 5603 τοῦ
384 5549 591 5621 κόσμου
639 5546 927 5623 δεδεμένοι
979 5550 1183 5623 τρυφῇ,
1225 5540 1304 5602 ἔτι
1356 5547 1444 5602 καί
1493 5546 1579 5602 ἐπὶ
1630 5548 1767 5625 γένει
1806 5545 1898 5603 καὶ

256 5636 523 5715 δυναστείᾳ
588 5643 727 5722 μέγα
794 5642 1017 5721 φρονεῖν
1088 5630 1324 5715 ἔχοντες,
1395 5636 1572 5716 ἡρέμα
1642 5643 1738 5717 μὲν
1807 5634 1898 5693 καὶ

2089 4829 2269 4885 Divus
2317 4828 2490 4885 etiam
2539 4826 2986 4899 Cbrysostomus
3033 4826 3093 4882 in
3134 4827 3170 4880 2
3208 4825 3280 4882 de
3335 4822 3659 4881 sacerdotio

2018 4935 2305 4984 sermone,
2352 4917 2478 4974 Non
2534 4916 2901 4987 simpliciter,
2950 4917 3161 4988 inquit,
3193 4916 3264 4970 ad
3313 4913 3658 4971 delictorum

2016 5009 2261 5078 gradum
2295 5006 2572 5063 mulctam
2599 5011 2825 5078 oportet
2849 5010 3140 5073 statuere;
3173 5004 3273 5061 sed
3304 5002 3661 5073 exploranda

2017 5104 2102 5151 est
2153 5098 2517 5167 peccantium
2559 5095 2900 5164 dispositio:
2955 5110 3026 5150 ne
3067 5094 3209 5148 dum
3257 5108 3540 5148 consuere
3571 5090 3654 5148 vis

2016 5186 2172 5256 quod
2197 5190 2428 5255 ruptum
2468 5190 2578 5250 est,
2611 5185 2926 5240 scissuram
2969 5182 3312 5237 deteriorem
3352 5181 3560 5246 facias;
3591 5198 3659 5236 ac

2014 5274 2176 5342 dum,
2208 5276 2363 5345 quod
2391 5275 2617 5345 lapsum
2644 5282 2749 5338 est,
2780 5273 2998 5343 erigere
3023 5289 3089 5327 ac
3110 5271 3417 5326 emendare
3438 5272 3656 5337 studes,

2013 5369 2217 5419 casum
2262 5364 2454 5435 ipsum
2502 5363 2780 5432 majorem
2831 5361 3059 5416 reddas.
3108 5362 3254 5415 Nam
3291 5359 3392 5430 qui
3437 5358 3657 5421 inllrmi

2011 5456 2150 5510 sunt
2186 5470 2253 5510 ac
2283 5454 2531 5522 remissi,
2562 5458 2617 5508 et
2647 5468 2857 5522 magna
2885 5468 2952 5507 ex
2984 5457 3140 5523 parte
3184 5448 3388 5506 mundi
3431 5449 3656 5504 deliciis

2008 5541 2305 5615 illaqueati
2339 5587 2353 5613 ,
2387 5544 2606 5616 quique
2636 5559 2669 5596 ιι
2697 5542 2921 5611 generis
2977 5542 3235 5599 claritate
3286 5548 3339 5594 et
3379 5540 3653 5609 potentia,

2008 5633 2166 5692 unde
2194 5634 2422 5692 animos
2468 5646 2814 5703 magnopere
2853 5629 3082 5703 tollant,
3135 5630 3383 5687 habent:
3433 5627 3654 5685 sensim
