4098 6332
337 365 414 428 23
1627 365 1998 428 MATTHJEI
2043 364 2470 429 BLASTARIS
3662 367 3741 430 24

334 505 393 559 et
419 501 702 576 paulatim
728 518 759 558 a
786 503 1063 574 peccatis,
1087 503 1305 575 quibus
1321 502 1606 568 laborant,
1631 505 1835 575 pedem
1857 503 1993 560 refe-

2110 501 2247 558 κατά
2305 503 2500 578 μικρὰν
2559 503 2613 560 ἐν
2668 507 2751 568 οἷς
2809 501 3206 579 ἁμαρτάνουσιν
3271 501 3742 579 ἐπιστρεφόμενοι,

337 597 550 663 rentes,
572 592 708 649 licet
739 607 854 648 non
889 591 1144 664 penitus,
1167 595 1424 648 attamen
1446 596 1608 664 parte
1637 593 1833 665 aliqua
1867 610 1930 650 se
1957 611 1994 650 a

338 681 507 738 malis
549 680 792 738 liberare
840 690 1100 752 possunt.
1153 681 1214 736 Si
1261 697 1394 736 vero
1447 683 1807 752 repentinam
1863 681 1992 740 ani-

338 771 798 826 madversionem
830 769 1105 825 adhibeat
1151 767 1367 840 aliquis
1405 769 1494 826 vel
1544 771 1993 838 correctionem,

345 859 510 915 etiam
536 859 746 916 minori
768 859 1124 916 correctione
1153 864 1210 914 et
1239 858 1740 916 animadversione
1762 859 1894 915 illos
1917 859 1994 916 af-

338 948 512 1004 ﬁciet.
537 949 842 1005 Humanue
862 948 1018 1004 enim
1037 948 1293 1019 animus,
1317 952 1622 1022 postquam
1645 949 2000 1006 verecundiaa

335 1039 555 1096 limites
609 1039 902 1096 transilire
964 1043 1199 1094 coactus
1244 1044 1353 1107 est,
1383 1040 1444 1094 in
1522 1039 1994 1112 desperationem

346 1129 661 1198 dilabitur;
721 1139 772 1186 et
821 1145 1010 1202 neque
1055 1129 1286 1184 blandis
1334 1130 1522 1186 verbis
1580 1138 1758 1202 paret,
1809 1145 2000 1202 neque

343 1217 525 1274 minis
553 1218 825 1286 ﬂectitur,
867 1234 1056 1290 neque
1097 1217 1396 1274 beneﬁciis
1429 1224 1727 1275 movetur:
1761 1221 1864 1274 sed
1887 1219 2000 1274 ista

340 1305 567 1362 civitate
598 1309 784 1363 multo
835 1308 993 1379 pejor
1037 1307 1123 1373 fit,
1172 1307 1264 1362 cui
1309 1308 1665 1378 exprobrans
1713 1306 1997 1378 propheta

336 1394 520 1452 dixit:
561 1419 591 1447 «
633 1395 802 1452 Facta
831 1400 920 1452 est
948 1396 1052 1451 tibi
1105 1396 1431 1452 meretricia
1473 1397 1672 1459 facies,
1705 1395 1998 1468 depuduit

346 1491 402 1541 te
429 1487 704 1541 adversus
735 1501 960 1541 omnes.
994 1505 1026 1536 »
1055 1485 1337 1550 Quocirca
1376 1485 1562 1542 multa
1603 1487 1818 1557 pastori
1847 1501 1994 1555 Opus

347 1578 432 1631 est
459 1574 792 1646 prudentia,
829 1577 887 1629 et
917 1573 1078 1630 mille
1117 1573 1326 1643 oculis,
1377 1579 1446 1630 ut
1492 1575 1700 1630 animae
1733 1573 1994 1628 habitum

340 1662 602 1734 undique
639 1661 1088 1734 circumspiciat.
1137 1663 1638 1727 Quemadmodum
1688 1662 1844 1719 enim
1877 1659 1994 1716 ani-

339 1768 506 1808 mum
535 1751 902 1823 despondent
933 1750 1126 1812 multi,
1166 1757 1222 1807 et
1250 1751 1311 1807 in
1342 1768 1465 1808 suae
1495 1752 1700 1809 salutis
1732 1751 1992 1823 dispere-

337 1840 558 1898 tionem
617 1845 922 1912 proruunt,
981 1857 1048 1898 eo
1096 1841 1246 1912 quod
1310 1858 1424 1898 non
1484 1847 1729 1914 possunt
1787 1839 1994 1896 acerba

338 1929 766 1988 medicamenta
821 1932 1153 1998 sustinere;
1206 1932 1285 1987 ita
1345 1936 1481 1988 sunt
1534 1931 1821 2002 nonnulli,
1869 1928 1990 2000 quia

339 2019 490 2091 quod
506 2035 707 2090 pennas
721 2019 970 2091 peccatis
985 2035 1152 2092 pares
1164 2035 1280 2074 non
1293 2019 1592 2082 luerint,in
1605 2025 1996 2090 contemptum

339 2107 688 2165 dilabuntur
744 2115 801 2167 et
859 2109 1044 2166 multo
1087 2109 1400 2166 deteriores
1460 2111 1626 2182 ﬁunt,
1687 2115 1745 2166 et
1801 2112 1990 2182 majo-

339 2214 462 2254 rem
495 2201 774 2272 peccandi
805 2200 1099 2258 licentiam
1123 2199 1240 2256 sibi
1269 2200 1584 2258 vindicant.
1619 2201 1819 2275 Itaque
1843 2201 1992 2258 nihil

339 2286 544 2343 horum
572 2290 700 2346 sine
715 2291 984 2346 examine
1013 2291 1476 2362 praetereundum
1501 2296 1606 2360 est,
1631 2291 1770 2362 quin
1799 2291 1994 2348 omnia

339 2375 600 2435 studiose
631 2383 1063 2450 perscrutatum
1090 2399 1105 2448 ;
1137 2382 1257 2435 tum
1297 2379 1454 2434 enim
1499 2381 1735 2436 demum
1767 2387 1994 2452 oportet

341 2483 450 2522 sua
504 2468 697 2540 ipsius
754 2469 1012 2526 remedia
1067 2469 1355 2540 peccatori
1431 2469 1656 2540 afferre,
1733 2486 1808 2528 ne
1865 2471 1994 2526 fru-

340 2559 576 2633 stranea
613 2560 692 2615 sit
719 2559 848 2631 ejus
875 2574 1072 2632 opera.

409 2748 654 2817 Magnus
684 2759 818 2798 vero
852 2741 1190 2798 Baeilius'in
1220 2741 1290 2796 84
1331 2758 1572 2813 canone,
1621 2747 1756 2800 Haec
1796 2749 1990 2800 autem

337 2835 522 2902 omni,
580 2832 789 2904 inquit,
858 2831 1194 2899 scribimus,
1245 2835 1310 2886 ut
1356 2832 1710 2903 pcenitentiaa
1769 2834 1994 2890 fructus

340 2923 684 2998 probentur.
741 2921 867 2976 Non
928 2920 1084 2976 enim
1131 2920 1408 2991 temporis
1465 2922 1620 2978 circa
1687 2921 1834 2994 haec,
1893 2927 1992 2980 sed

340 3009 691 3086 pmnitentim
740 3011 1024 3066 rationem
1093 3008 1397 3065 habemus.
1448 3011 1607 3076 Quod
1663 3011 1711 3066 si
1771 3029 1804 3066 a
1868 3030 1992 3082 pro-

337 3099 481 3171 priis
513 3096 772 3154 moribus
803 3112 920 3152 non
961 3095 1131 3154 facile
1179 3096 1516 3166 avellantur,
1551 3101 1609 3154 et
1653 3099 1848 3155 carnis
1877 3115 1991 3156 vo-

339 3186 665 3260 luptatibus
695 3185 882 3258 potius
927 3201 1100 3256 quam
1136 3185 1378 3241 Domino
1417 3187 1635 3242 servire
1681 3187 1987 3255 voluerint,

2109 587 2344 646 δύναιντ¹
2391 593 2474 666 ἂν,
2506 593 2555 648 εἲ
2599 593 2687 649 καὶ
2739 594 2815 668 μὴ
2865 592 3076 665 τέλεον,
3119 590 3247 648 ἀλλ’
3295 591 3384 646 οὖν
3437 592 3498 646 ἐκ
3549 581 3748 666 μέρους

2105 685 2212 736 τῶν
2281 681 2626 762 κατεχόντων
2679 683 2880 748 αὐτοὺς
2931 682 3322 761 ἀπαλλαγῆναι
3381 686 3560 738 κακῶν
3619 682 3742 738 Ἐὰν

2108 767 2165 824 δὲ
2195 771 2388 846 ἀθρόον
2428 793 2512 834 τις
2559 771 2808 851 ἒπαγάγῃ
2842 773 2940 843 τήν
2985 769 3287 844 παίδευσιν,
3316 773 3405 826 καὶ
3443 779 3545 842 τῆς
3586 769 3744 826 ἐλάτ-

2103 880 2260 923 τονος
2308 862 2504 924 αὐτοὺς
2556 863 2912 938 ἀποστερήσει
2961 859 3295 924 παιδεύσεως
3338 881 3396 916 τε
3451 862 3540 914 καὶ
3591 857 3742 934 διορ-

2113 948 2330 1012 θώσεως
2364 969 2377 982 ·
2429 951 2581 1026 ψυχὴ
2629 951 2752 1025 γὰρ,
2802 949 3018 1006 ἐπειδάν
3076 951 3461 1024 ἀπερυθριάσαι
3516 951 3738 1024 βιασθῇ,

2109 1037 2185 1100 εἰς
2241 1037 2584 1094 ὰνελπιστίαν
2635 1037 2916 1112 ἐμπίπτει,
2972 1041 3060 1093 καὶ
3119 1036 3242 1094 οὕτε
3297 1037 3588 1112 προσηνέσι
3649 1037 3741 1093 λό-

2108 1146 2227 1199 γοις
2285 1125 2416 1182 εί⁹κει
2477 1125 2689 1196 λοιπὸν,
2747 1124 2870 1182 οὔτε
2923 1123 3173 1189 ἀπειλαῖς
3231 1126 3557 1200 λάμτιτεται,
3617 1127 3742 1181 οὔτε

2109 1213 2432 1290 εὐεργεσίαις
2495 1217 2873 1290 προτρέπεται,
2930 1215 3080 1271 ἀλλά
3147 1216 3354 1291 γίνεται
3411 1215 3553 1270 πολὺ
3624 1214 3743 1292 χεί-

2109 1323 2216 1378 ρων
2259 1311 2358 1373 τῆς
2407 1304 2622 1366 πόλεως
2675 1303 2906 1374 ἒκείνης,
2953 1307 3016 1374 ἣν
3077 1307 3106 1360 ὁ
3165 1307 3455 1381 πρδφήτης
3504 1305 3740 1374 κακίζων

2107 1391 2311 1470 ἔλεγεν.
2357 1395 2520 1468 ’Όψις
2559 1395 2768 1468 πόρνης
2813 1393 3020 1468 ἐγένετό
3067 1416 3174 1466 σοι,
3234 1395 3742 1468 ἀπηναισχύντησας

2105 1484 2240 1555 πρὸς
2298 1483 2521 1544 πάντας.
2566 1485 2661 1538 Διὰ
2714 1487 2874 1538 τοῦτο
2933 1482 3153 1553 πολλῆς
3208 1481 3292 1539 δεῖ
3344 1485 3603 1546 συνέσεως
3661 1487 3742 1555 τῷ

2104 1571 2342 1644 ποιμένι,
2388 1573 2479 1626 καὶ
2531 1572 2738 1647 μυρίων
2799 1571 3120 1652 ὀφθαλμῶν,
3179 1574 3316 1641 πρὸς
3370 1573 3432 1628 τὸ
3484 1593 3763 1647 περισκοη

2102 1665 2223 1716 πεῖν
2270 1660 2528 1716 πάντοθεν
2577 1663 2676 1730 τήν
2725 1667 2826 1730 τῆς
2874 1665 3062 1740 ψυχῆς
3106 1659 3234 1732 ἕξιν.
3267 1665 3470 1735 Ὥσπερ
3519 1661 3624 1736 γὰρ
3663 1662 3738 1724 εἰς

2101 1749 2360 1804 ἀπόνοιαν
2388 1749 2632 1824 αῖρονται
2673 1749 2902 1819 πολλοὶ,
2935 1751 3024 1806 καὶ
3062 1750 3140 1812 εἰς
3169 1747 3474 1826 ἀπόγνωσιν
3514 1759 3613 1822 τῆς
3645 1751 3738 1806 αὖ·

2101 1843 2210 1908 ῷν
2262 1838 2660 1895 καταπίπτουσι
2694 1839 2987 1915 σωτηρίας,
3018 1839 3127 1894 ἀπὸ
3171 1845 3269 1894 τοῦ
3318 1842 3394 1913 μή
3444 1837 3736 1911 δυνηθῆναι

2103 1931 2310 2002 πικρῶν
2370 1929 2694 2005 ἀνασχέσθαι
2770 1931 3093 2006 φαρμάκων,
3151 1929 3324 1991 οὕτως
3397 1929 3500 1984 είσί
3571 1950 3734 2001 τινες,

2103 2017 2180 2088 οἳ,
2231 2015 2319 2071 διὰ
2365 2019 2428 2073 τὸ
2483 2019 2558 2090 μή
2607 2015 2792 2072 δοῦναι
2840 2019 3110 2092 τιμωρίαν
3169 2023 3276 2072 τῶν
3325 2019 3736 2094 ἁμαρτημάτων

2102 2107 2449 2184 ἀντίρροπον,
2501 2108 2579 2171 είς
2629 2107 2926 2184 ὀλιγωρίαν
2986 2107 3351 2182 ἐκτρέπονται,
3399 2109 3490 2164 καὶ
3538 2107 3737 2182 πολλῷ

2101 2198 2340 2274 γίνονται
2399 2200 2651 2274 χείπους,
2709 2199 2797 2254 καὶ
2853 2201 2991 2274 πρὸς
3047 2203 3109 2254 τὸ
3171 2205 3354 2273 μεῖζον
3412 2199 3732 2274 ἁμαρτάνειν

2101 2289 2447 2363 προάγονται.
2505 2289 2625 2362 Χρῆ
2681 2289 2862 2344 τοίνυν
2913 2287 3080 2362 μηδὲν
3127 2289 3334 2344 τούτων
3391 2289 3734 2360 ἀνεξέταστον

2103 2378 2334 2452 ἀφεῖναι,
2383 2379 2532 2434 ἀλλά
2577 2379 2748 2434 πάντα
2796 2379 3270 2454 διερευνησάμενον
3319 2376 3583 2456 ἀκριϐῶς,
3614 2401 3738 2436 κατ-

2102 2467 2371 2539 αλλήλως
2427 2470 2494 2524 τά
2542 2475 2667 2544 παρ’
2717 2471 2910 2524 ἑαυτοῦ
2957 2470 3251 2544 προσάγειν
3299 2475 3377 2542 τῷ
3429 2489 3736 2545 προσερχο-

2105 2558 2274 2630 μένῳ,
2301 2555 2394 2612 ’ίνα
2429 2559 2502 2631 μή
2539 2557 2769 2631 μάταιος
2800 2557 2948 2632 αὐτῷ
2975 2555 3199 2634 γένηται
3230 2560 3264 2628 ἡ
3299 2557 3531 2630 σπουδή,

2170 2738 2227 2789 Ὀ
2277 2732 2335 2788 δὲ
2384 2737 2552 2812 μέγας
2595 2735 2900 2806 Βασίλειος,
2951 2735 3003 2791 ἐν
3061 2735 3154 2792 πδ¹
3198 2739 3402 2804 κανόνι,
3453 2739 3631 2792 Πάντα
3681 2734 3739 2791 δὲ

2100 2829 2268 2878 ταῦτα
2305 2825 2604 2900 γράφομεν,
2648 2825 2832 2903 φησὶν,
2875 2825 3014 2880 ὥστε
3049 2825 3176 2888 τοὺς
3218 2824 3460 2900 καρποὺς
3501 2823 3736 2899 δοκιμά-

2105 2915 2281 2982 ζεσθαι
2335 2919 2437 2981 τῆς
2497 2915 2804 2987 μετανοίας.
2857 2916 2932 2969 Ού
2989 2915 3093 2989 γὰρ
3149 2918 3366 2976 πάντως
3419 2921 3500 2987 τῷ
3556 2911 3736 2990 χρόνῳ

2099 3002 2352 3076 κρίνομεν
2387 3002 2456 3056 τά
2493 3007 2736 3071 τοιαῦτα,
2773 3001 2920 3058 ἀλλά
2957 3007 3036 3075 τῷ
3074 3005 3265 3078 τρόπῳ
3307 3007 3407 3069 τῆς
3448 3005 3736 3078 μετανοίας

2102 3091 2472 3168 προσέχομεν.
2533 3091 2654 3146 Ἐὰν
2715 3089 2773 3145 δὲ
2843 3089 3310 3155 δυσαποσπάστως
3381 3087 3554 3168 ἔχωσι
3625 3097 3732 3148 τῶν

2104 3176 2257 3232 ἰδίων
2305 3178 2466 3243 ἐθῶν,
2511 3179 2600 3234 καὶ
2652 3186 2770 3243 ταῖς
2824 3177 3048 3250 ἡδοναῖς
3105 3189 3205 3252 τῆς
3264 3183 3460 3257 σαρκὸς
3522 3181 3732 3256 μᾶλλον

338 3252 635 3348 vitamque
659 3252 727 3331 es
757 3252 1064 3348 Evangelia
1114 3274 1444 3330 institutam
1495 3291 1612 3331 non
1655 3252 1988 3345 admittant,

2107 3265 2376 3323 δουλεύειν
2424 3267 2704 3342 ἐθέλωσιν,
2754 3271 2790 3340 ἢ
2837 3274 2916 3340 τῷ
2969 3269 3168 3344 Κυρίῳ,
3219 3271 3308 3326 καὶ
3334 3252 3450 3341 ’τήν
3497 3252 3636 3326 κατὰ
3671 3271 3734 3327 τὸ

339 3365 500 3423 nulla
529 3369 617 3421 est
645 3363 814 3420 nobis
845 3379 980 3421 eum
1031 3363 1105 3420 iis
1136 3365 1464 3420 communis
1495 3364 1663 3422 ratio.
1699 3369 1814 3421 Nos
1837 3367 1991 3422 enim

341 3455 402 3512 in
448 3454 814 3512 inobediente
843 3457 900 3510 et
919 3453 1358 3510 contradicente
1381 3453 1595 3526 populo
1611 3455 1812 3510 audire
1833 3454 1993 3512 docti

338 3557 568 3611 sumus,
599 3563 630 3592 «
660 3541 912 3598 Servans
948 3554 1113 3597 serva
1139 3540 1396 3596 animam
1427 3544 1609 3596 tuam.
1646 3563 1675 3591 ››

410 3809 475 3866 In
535 3809 608 3864 85
661 3825 793 3866 vero
851 3809 1144 3866 antistites
1203 3813 1262 3866 et
1319 3826 1546 3881 omnes,
1608 3811 1710 3884 qui
1775 3813 1994 3868 habent

339 3898 559 3972 ligandi
591 3903 648 3954 et
677 3898 938 3954 solvendi
978 3902 1348 3970 potestatem,
1393 3899 1679 3967 hortatur,
1739 3917 1810 3956 ne
1862 3919 1990 3972 pec-

341 3987 614 4045 cantibus
637 3989 1021 4053 consentiant,
1053 3993 1111 4044 et
1139 3989 1615 4044 communionem
1649 3991 1992 4046 sustinendo

341 4094 473 4134 cum
503 4077 578 4134 iis
626 4076 726 4150 qui
777 4077 839 4131 in
888 4075 1141 4148 peccatis
1191 4081 1585 4148 perseverant,
1631 4078 1809 4134 simul
1858 4096 1992 4135 cum

340 4165 460 4223 illis
487 4173 763 4240 pereant;
805 4164 923 4221 imo
954 4170 1126 4222 noctu
1159 4169 1218 4222 et
1245 4166 1522 4234 interdiu,
1571 4171 1629 4222 et
1677 4167 1910 4238 publice
1937 4174 1996 4224 et

341 4255 612 4327 privatim
641 4254 788 4327 ipsis
817 4253 1140 4321 testiﬁcari,
1187 4270 1321 4310 cum
1379 4271 1580 4311 eorum
1638 4261 1832 4312 autem
1881 4259 1994 4313 im-

341 4342 732 4416 probitatibus
786 4359 901 4398 non
960 4342 1334 4411 consentire;
1392 4343 1510 4398 imo
1585 4360 1684 4400 eos
1755 4344 1991 4416 quidem

339 4431 676 4490 lucrifacere
725 4435 949 4504 optare,
981 4435 1038 4488 et
1079 4450 1112 4488 a
1157 4430 1296 4487 mali
1345 4431 1551 4505 laqueo
1600 4433 1840 4505 eripere.
1891 4435 1994 4491 Sin

341 4525 556 4590 autem,
587 4519 802 4592 inquit,
843 4519 952 4574 hoc
1004 4519 1192 4576 facere
1222 4537 1337 4576 non
1377 4537 1716 4592 possumus.
1768 4528 1995 4580 nostras

2099 3356 2434 3434 Εὐαγγέλιον
2497 3359 2642 3427 ζωὴν
2713 3359 2790 3431 μὴ
2857 3356 3302 3437 παραδέχωνται,
3359 3357 3536 3423 οὐδεὶς
3602 3363 3738 3432 ἡμῖν

2100 3446 2284 3508 κοινὸς
2322 3446 2458 3520 πρὸς
2495 3447 2696 3511 αὐτοὺς
2734 3445 2924 3522 λόγος.
2961 3452 3152 3522 Ἡμεῖς
3190 3449 3289 3523 γὰρ
3331 3449 3382 3504 ἐν
3426 3449 3545 3522 λαῴ
3581 3449 3738 3504 ἀπει-

2121 3536 2204 3588 θεῖ
2231 3535 2323 3590 καὶ
2353 3535 2686 3611 ἀντιλέγοντι
2714 3533 3073 3612 ’δεδιδάγμεθα
3104 3538 3342 3608 ἀκούειν,
3365 3541 3450 3595 ὅτι
3481 3563 3511 3593 ‹‹
3542 3540 3602 3596 Ὀ
3634 3540 3740 3594 σώ-

2103 3629 2207 3693 ζων
2237 3629 2380 3695 σῶζε
2407 3627 2508 3696 τὴν
2539 3630 2765 3681 σεαυτοῦ
2793 3627 2998 3702 ψυχήν.
3031 3649 3060 3679 ››

2171 3805 2256 3858 Ἐν
2304 3803 2362 3858 δὲ
2397 3809 2476 3878 τῷ
2523 3807 2604 3860 πε’
2652 3811 2901 3880 παραινεῖ
2947 3812 3064 3868 τοῖς
3113 3808 3424 3883 ἀρχιερεῦσι
3465 3809 3556 3862 καὶ
3603 3813 3733 3862 πᾶσι

2099 3897 2214 3955 τοῖς
2265 3891 2478 3965 δεσμεῖν
2529 3895 2619 3948 καὶ
2653 3894 2802 3949 λύειν
2849 3893 3068 3971 ἔχουσιν
3115 3896 3378 3969 ἐξουσίαν,
3427 3899 3503 3969 μή
3549 3918 3737 3952 συναι-

2097 3987 2204 4035 νεῖν
2249 3986 2370 4044 τοῖς
2421 3984 2845 4056 ἁμαρτάνουσιν,
2896 3983 2946 4038 έν
2995 3988 3074 4055 τῷ
3115 3991 3219 4054 τῆς
3273 3984 3559 4048 κοινωνίας
3618 3986 3737 4040 ἀνέ-

2101 4072 2292 4142 χεσθαι
2335 4075 2441 4125 τῶν
2489 4071 2850 4143 ἐπιμενόντων
2906 4077 3024 4134 ταῖς
3079 4073 3395 4148 ἁμαρτίαις,
3452 4075 3732 4130 κάντεῦθεν

2102 4158 2319 4220 τούτοις
2367 4160 2861 4216 συναπόλλυσθαι·
2921 4161 3070 4218 ἀλλά
3125 4161 3585 4238 διαμαρτύρασθαι
3639 4165 3735 4235 μὲν

2101 4246 2284 4309 αὐτοῖς
2335 4249 2526 4310 νυκτὸς
2581 4249 2671 4304 καὶ
2725 4251 2956 4326 ἡμέρας,
3007 4251 3096 4305 καὶ
3156 4249 3267 4323 ἰδίᾳ
3321 4251 3412 4306 καὶ
3469 4249 3734 4325 δημοσίᾳ,

2107 4337 2182 4408 μὴ
2234 4337 2629 4412 συναπάγεσθαι
2680 4335 2736 4392 δὲ
2781 4339 2988 4394 τούτων
3029 4341 3098 4413 τῇ
3147 4341 3402 4416 πονηρίᾳ,
3444 4340 3534 4395 καὶ
3576 4337 3738 4416 εὔχε-

2101 4427 2220 4480 σθαι
2276 4425 2370 4499 μὲν
2415 4425 2644 4488 τούτους
2694 4425 2966 4501 κερδᾶναι,
3006 4426 3098 4483 καῖ
3139 4432 3240 4494 τῆς
3280 4427 3510 4506 παγίδος
3560 4427 3737 4500 ἐξελέ-

2103 4517 2220 4568 σθαι
2250 4520 2346 4570 τοῦ
2377 4521 2644 4591 πονηροῦ.
2679 4517 2738 4570 Εἰ
2771 4513 2829 4572 δὲ
2863 4523 2938 4590 μή
2971 4519 3082 4572 οἶοί
3122 4538 3198 4580 τε,
3243 4518 3398 4590 φησὶ,
3429 4519 3733 4594 γενοίμεθα,

341 4608 549 4667 saltem
579 4607 804 4664 animas
858 4609 930 4663 ab
979 4612 1194 4664 aeterna
1241 4609 1726 4666 condemnatione
1773 4627 1993 4668 servare

2107 4602 2200 4666 τὰς
2251 4608 2380 4676 γοῦν
2436 4605 2638 4660 ἑαυτῶν
2697 4605 2878 4682 ψυχὰς
2933 4613 3034 4675 τῆς
3091 4604 3318 4661 αἰωνίου
3371 4606 3736 4681 κατακρίσεως

341 4699 709 4756 studeamus.

413 4877 568 4934 180
659 4875 1155 4948 Quadragesimus
1241 4885 1440 4932 sextus
1525 4876 1994 4950 Carthaginensis

341 4965 549 5040 synodi
581 4965 792 5021 mimos
823 4971 882 5020 et
911 4965 1172 5020 scenicos
1193 4972 1247 5019 et
1268 4981 1468 5021 omnes
1493 4966 1593 5034 qui
1614 4965 1994 5038 incomposite

341 5057 565 5124 vivunt,
597 5063 651 5109 et
676 5053 807 5110 aliis
848 5053 1130 5110 dissolute
1157 5053 1382 5110 vivendi
1431 5070 1658 5110 causam
1712 5056 1992 5126 praebent,

343 5144 794 5218 pmstig‘atores
825 5146 882 5197 et
915 5142 1244 5209 saltatores,
1295 5141 1436 5213 quin
1469 5146 1524 5196 et
1554 5146 1870 5213 apostatas,
1894 5161 1994 5216 qui

341 5229 854 5287 Christianismum
895 5230 1115 5287 scilicet
1159 5231 1544 5304 abnegarunt,
1575 5247 1678 5302 per
1707 5233 1994 5302 pmniten-

340 5320 485 5376 tiam
503 5335 564 5375 se
577 5320 650 5376 ad
673 5325 850 5376 Deum
874 5324 1295 5387 convertentes,
1314 5336 1425 5376 non
1449 5335 1576 5376 esse
1597 5321 1995 5378 amendandos

335 5407 520 5483 jubet,
577 5410 676 5464 sed
751 5408 822 5464 iis
881 5409 1074 5479 potius
1121 5409 1375 5464 dandam
1421 5425 1551 5464 esse
1596 5410 1840 5481 gratiam
1891 5427 1991 5466 seu

342 5503 709 5569 peccatorum
766 5497 1171 5554 remissionem
1240 5497 1754 5570 (quemadmodum
1830 5498 1995 5554 divus

342 5583 558 5642 Paulus
589 5585 690 5646 ait.
724 5607 753 5637 «
785 5586 982 5642 Gratia
1011 5586 1152 5642 salvi
1205 5585 1345 5642 facti
1395 5584 1576 5652 estis;
1614 5607 1635 5634 ι
1669 5587 1688 5656 )
1727 5592 1780 5643 el
1811 5589 1998 5644 conci-

345 5667 640 5733 liationem
681 5676 802 5733 sive
831 5675 1257 5733 absolutionem
1289 5691 1324 5732 a
1356 5688 1544 5746 pmna.

2099 4689 2492 4766 σπουδάσωμεν
2522 4694 2947 4768 περισώσασθαι.

2173 4875 2230 4927 '0
2278 4869 2336 4926 δὲ
2391 4878 2492 4942 τῆς
2551 4871 2604 4927 ἐν
2665 4871 2979 4950 Καρθαγένῃ
3036 4875 3122 4947 μς¹
3185 4873 3411 4948 μίμους,
3463 4874 3552 4929 καὶ
3608 4895 3738 4946 σκη-

2099 4960 2303 5031 νικοὺς,
2352 4961 2441 5016 καὶ
2488 4961 2690 5025 πάντας
2737 4961 2866 5024 τοὺς
2921 4961 3274 5037 πλημμελῶς
3329 4961 3596 5038 βιοῦντας,
3645 4964 3736 5020 καὶ

2102 5055 2218 5113 τοῖς
2249 5048 2441 5112 ἄλλοις
2481 5049 2690 5112 αίτίους
2727 5058 2830 5121 τῆς
2870 5049 3272 5126 διακεχυμένης
3316 5058 3480 5122 ζωῆς,
3517 5073 3740 5128 τερατο-

2103 5140 2297 5201 ποιούς
2332 5162 2388 5195 τε
2419 5141 2510 5195 καὶ
2552 5142 2852 5220 ὀρχηστὰς,
2884 5136 2963 5198 ἔτι
3002 5163 3064 5218 γε
3107 5145 3215 5215 μήν
3257 5142 3580 5213 ἀποστατάς,
3611 5142 3738 5206 τοὺς

2102 5230 2169 5282 τὰ
2201 5234 2538 5301 Χριστιανῶν
2581 5230 3013 5304 ἐξομοσαμένους
3053 5229 3292 5302 δηλαδὴ,
3323 5227 3413 5285 διά
3455 5233 3740 5304 μετανοίας

2103 5319 2240 5392 πρὸς
2307 5316 2440 5374 Θεὸν
2508 5317 2944 5397 ἐπιστρέφοντας,
3007 5323 3084 5395 μή
3162 5320 3578 5392 ἀποπέμπεσθαι
3651 5341 3738 5376 κε-

2107 5405 2274 5465 λεύει.
2305 5405 2452 5460 ἀλλὰ
2496 5407 2711 5478 μᾶλλον
2745 5405 2950 5463 διδόναι
2988 5409 3204 5470 τούτοις
3238 5411 3424 5483 χάριν,
3457 5409 3581 5474 ἤτοι
3611 5405 3736 5486 depe-

2107 5518 2186 5550 σιν
2236 5500 2346 5550 τῶν
2395 5495 2804 5568 ἡμαρτημένων
2852 5496 2952 5570 (ὥς
3001 5519 3104 5554 που
3161 5502 3238 5569 τῷ
3291 5497 3538 5570 μακαρίῳ
3587 5496 3734 5570 ε’ίρη-

2104 5607 2192 5639 ται
2226 5583 2449 5654 Παύλῳ,
2475 5585 2672 5658 Χαριτί
2702 5583 2820 5640 έστε
2852 5588 3225 5662 σεσωσμένοι),
3247 5586 3336 5642 καὶ
3365 5585 3732 5660 καταλλαγήν,

2105 5675 2228 5742 ἤτοι
2261 5673 2413 5728 λύσιν
2441 5677 2548 5729 τῶν
2582 5671 2893 5747 ἐπιτιμίων.
