4098 6332
352 365 430 426 25
1366 430 1371 434 ,
1395 361 1834 424 SYNTAGMA
1877 360 1998 423 AL]

2119 357 2518 420 tBETlCUM.
2567 391 2642 402 -—-
2691 358 2771 419 M.
3693 358 3770 420 26

354 499 605 556 ΚΕΦΑΛ.
670 503 749 551 H’.

419 569 744 638 τελευτῆς
794 566 1278 641 ἐφισταμένης,
1318 566 1452 641 τῆς
1487 567 1691 630 θείας,
1740 567 1996 641 ἀξιοῦσ-

421 643 524 694 θαι
571 625 982 702 κοινωνίας·
1035 625 1090 694 ἑξ
1141 625 1206 694 8E
1257 625 2002 710 ἀνακληθεῖεν,ταύτης

419 711 624 768 πάλιν
657 711 1060 791 ἀπέχεσθαι.

421 861 483 912 Ὦ
543 863 606 932 ιγ’
660 863 764 926 τῆς
821 860 873 910 α’
925 853 1148 911 συνόδου
1204 857 1378 912 κανὼν
1439 855 1570 919 τοὺς
1625 853 1706 913 ἔτι
1745 863 1860 920 τοῖς
1901 864 2002 926 τῆς

356 945 645 1018 μετανοίας
704 943 1006 1018 ἐπιτιμίοις
1067 944 1448 1020 ἐνεχομένους,
1507 945 1597 1000 καὶ
1653 946 1798 1014 νόσῳ
1857 943 2002 1017 δεινῇ

347 1035 854 1106 περιπεπτωκόται,
903 1036 1028 1089 ὅσον
1099 1035 1328 1101 εἰκάσαι,
1383 1035 1487 1103 τήν
1543 1033 1808 1108 ἇκδημίαν
1867 1034 2002 1089 ἐπα-

348 1123 646 1198 πειλούσῃ,
695 1129 792 1178 τοῦ
839 1123 1052 1178 τελείου
1108 1123 1198 1178 καὶ
1266 1125 1696 1199 ἀναγκαιοτάτου
1755 1123 1999 1204 ἐφοδίου,

349 1221 454 1282 τῆς
503 1217 614 1266 τῶν
664 1211 836 1285 ἁγίων
906 1213 1221 1285 μυστηρίων
1281 1214 1427 1291 φημὶ
1479 1212 1866 1287 μεταλήψεως,
1915 1234 2000 1268 κε-

350 1301 503 1356 λεύει
533 1303 611 1373 μή
655 1303 957 1375 στέρεσθαι,
996 1299 1145 1356 ἄλλα
1194 1302 1328 1374 μετὰ
1375 1299 1703 1374 δοκιμασίας
1746 1307 1842 1358 τοῦ
1889 1301 2002 1358 ἐπι-

347 1389 561 1444 σκόπου
593 1388 645 1443 ἐν
682 1395 801 1451 ταῖς
838 1387 1174 1450 τελευταίαις
1208 1389 1514 1460 ξᾶναπνοαῖς
1561 1390 1766 1445 τοότων
1812 1391 2000 1464 ἀξιοῦ-

346 1479 475 1531 σθαι
507 1497 522 1509 ·
574 1482 676 1552 τῇς
721 1479 883 1532 νόσου
927 1475 1005 1545 δὲ,
1065 1478 1111 1533 εί
1167 1479 1314 1534 οὕτω
1372 1474 1640 1551 συμϐαίη,
1694 1478 2002 1553 ῥαίσαντας,

343 1567 439 1621 καὶ
497 1567 634 1640 πρὸς
691 1568 792 1637 τήν
852 1567 1052 1640 ὑγίειαν
1113 1566 1445 1635 ἐπανιόντας,
1505 1575 1605 1636 τῆς
1669 1569 1765 1640 μὲν
1854 1570 2000 1631 θείας

343 1656 624 1733 εἴργεσθαι
671 1657 981 1726 κοινωνίας,
1029 1656 1081 1712 ἐν
1149 1661 1217 1731 τῇ
1272 1657 1431 1732 χώρᾳ
1494 1655 1551 1713 δὲ
1612 1656 1762 1720 αὖθις
1811 1666 2000 1728 στῆναι

341 1750 458 1801 τῶν
525 1745 806 1821 προτέρων
852 1745 1162 1820 ἐπιτιμίων,
1218 1743 1324 1809 ’ἕως
1392 1746 1450 1801 ἂν
1524 1748 1553 1802 ὁ
1616 1745 2001 1820 νενομισμένας

345 1834 527 1891 αὐτῶν
556 1836 759 1910 χρόνος
800 1835 1135 1910 ἐκμετρηθῇ.

417 1928 598 1979 Ta'uta
652 1926 742 1979 καὶ
801 1926 830 1980 ὁ
889 1925 968 2000 ς’
1019 1931 1121 1994 τῆς
1178 1925 1230 1980 ἐν
1282 1925 1514 2000 ’Δγκῦρᾳ
1562 1923 1879 1998 διορίζεται,
1924 1932 2004 2000 τῷ

343 2012 426 2070 ἔτι
472 2019 843 2087 μετανοοῦντι,
897 2014 944 2068 εἰ
989 2011 1238 2076 κίνδυνός
1297 2011 1658 2088 ἐπισυμϐαίη,
1705 2017 1794 2071 καὶ
1839 2036 2006 2093 προσ-

345 2101 507 2160 δοκία
559 2105 794 2160 θανάτου
833 2103 896 2160 ἔκ
943 2105 1128 2174 νόσου,
1176 2105 1211 2174 ἢ
1282 2103 1461 2174 ἄλλης
1529 2106 1746 2160 οίασοῦν
1801 2113 2010 2182 προφα-

345 2213 506 2257 σεως,
538 2197 737 2249 τοῦτον
767 2194 842 2255 είς
877 2192 1163 2248 κοινωνίαν
1204 2194 1324 2265 μὲν,
1354 2193 1482 2248 ἀλλ’
1514 2193 1600 2248 ἐπὶ
1641 2193 1753 2268 ὅρῳ
1801 2194 2007 2272 δεχθῆ-

341 2305 427 2338 ναι
456 2303 471 2314 ·
518 2283 614 2337 τὸν
667 2282 895 2338 θάνατον
950 2283 1051 2360 γὰρ
1101 2281 1394 2362 ἐκφυγόντι
1442 2289 1721 2339 κοινωνεῖν
1757 2287 1859 2341 οὐκ
1896 2286 2008 2360 ἐξέ-

343 2393 493 2440 σται,
549 2377 652 2426 τοῦ
711 2371 1022 2446 ὡρισμένου
1081 2373 1158 2444 μή
1246 2371 1532 2445 ἐξήκοντος
1616 2379 1813 2447 καιροῦ
1899 2380 2006 2431 τῶν

341 2461 666 2534 ἐπιτιμίων,

413 2551 478 2603 Ὀ
534 2547 594 2604 δὲ
639 2551 676 2602 ε’
721 2553 820 2604 τοῦ
883 2548 1125 2624 μεγάλου
1183 2549 1486 2625 Γρηγορῖου
1553 2551 1791 2622 Νύσσης.
1825 2554 1887 2609 Εἴ
1947 2553 2005 2610 δὲ

341 2658 452 2705 τις,
487 2638 643 2713 φησὶ,
678 2639 755 2710 μή
805 2636 1106 2711 πληρώσας
1148 2639 1240 2692 τὸν
1286 2637 1511 2712 χρόνον,
1539 2641 1631 2694 τὸν
1681 2639 1740 2696 ἐκ
1767 2647 1877 2696 τῶν
1909 2663 2004 2697 κα-

341 2728 522 2781 νόνων
569 2726 973 2802 ἀφωρισμένον,
1004 2725 1236 2797 ὲξοδεύει
1288 2733 1387 2782 τοῦ
1422 2728 1569 2802 βίου,
1597 2728 1805 2786 κελεύει
1833 2733 1867 2800 ἡ
1899 2737 2005 2786 τῶν

346 2817 607 2890 Πατέρων
663 2816 1066 2894 φιλανθρωπία,
1137 2817 1479 2894 μετασχόντα
1551 2825 1660 2874 τῶν
1737 2821 2006 2897 ἁγιασμά-

340 2927 478 2976 των,
514 2907 595 2978 μή
648 2907 803 2960 κενὸν
840 2911 939 2960 τοῦ
987 2905 1210 2985 ἐφοδίου
1257 2906 1395 2982 πρός
1443 2909 1541 2978 τὴν
1597 2909 1830 2986 ἐσχᾶτην
1873 2912 2006 2967 ὲκεί-

341 3015 442 3064 νην
505 2994 597 3050 καὶ
657 2997 870 3068 μακρὰν
923 2992 1242 3068 ἀποδημίαν
1298 2995 1670 3071 ἐκπεμφθῆναι
1731 3019 1744 3032 ·
1824 3002 1870 3055 εἰ
1947 2999 2002 3058 δὲ

349 3083 648 3158 μετασχὼν
694 3087 792 3138 τοῦ
851 3083 1187 3158 ἁγιάσματος
1245 3083 1410 3140 πάλιν
1441 3086 1515 3148 εἰς
1571 3088 1670 3155 τήν
1697 3090 1844 3158 ζωήν
1874 3090 2004 3145 ἐπςι-

2038 1824 2090 1890 Β

813 497 942 552 ’Ότι
994 493 1076 551 δεῖ
1130 495 1253 558 τοὺς
1319 492 1397 550 ἔτι
1442 499 1857 569 μετανοοῦντας,
1895 497 1995 564 τῆς

2119 495 2274 550 CAP.
2298 494 2448 551 Vill.
2473 495 2634 564 Quod
2681 498 2888 565 oportet
2915 497 3300 569 paenitentiam
3327 495 3507 569 adhuc
3526 500 3768 565 agentes.

2191 569 2435 623 instante
2468 572 2664 630 morte,
2687 569 2878 638 sancta
2905 567 3288 623 communione
3311 567 3644 638 participare
3673 585 3690 622 :
3719 568 3774 622 si

2185 639 2598 706 convaluerint,
2629 636 2739 694 illa
2769 654 2993 694 rursum
3021 636 3321 694 abstinere;

2189 854 2398 911 Primae
2456 873 2583 928 syn.
2647 873 2834 913 canon
2867 857 2954 921 13,
3013 857 3111 929 qui
3164 856 3514 929 pmnitentiss
3581 858 3769 929 pmnis

2108 944 2300 1000 adhuc
2328 945 2560 1001 obnoxii
2591 950 2751 1011 sunt,
2779 950 2837 1001 et
2866 946 2925 1000 in
2969 961 3201 1018 gravem
3244 946 3516 1002 morbum
3546 946 3769 1002 incide-

2113 1037 2274 1102 runt,
2307 1033 2408 1104 qui
2459 1049 2490 1089 e
2540 1034 2658 1088 vita
2715 1049 3020 1090 excessum
3075 1033 3334 1090 minitari
3387 1034 3674 1098 videatur,
3709 1039 3776 1089 ut

2113 1121 2325 1178 ultimo
2383 1128 2441 1178 et
2499 1122 2750 1178 maxime
2807 1123 3136 1179 necessario
3191 1125 3420 1192 viatico,
3469 1139 3770 1179 sacrorum

2113 1211 2524 1283 mysteriorum
2585 1211 2717 1266 dico
2767 1211 3228 1283 participatione,
3279 1229 3397 1268 non
3447 1212 3769 1284 priventur,

2103 1301 2314 1370 jubet;
2349 1301 2450 1356 sed
2485 1301 2541 1355 in
2572 1303 2832 1356 extremo
2873 1302 3085 1372 spiritu
3131 1318 3264 1356 cum
3313 1301 3600 1372 espiscOpi
3629 1319 3772 1357 cou-

2111 1405 2288 1445 sensu
2349 1389 2466 1444 illis
2523 1389 2686 1460 digni
2727 1390 3092 1460 judicentur.
3145 1391 3409 1446 Morbum
3458 1396 3683 1457 autem,
3712 1392 3764 1448 si

2109 1478 2192 1533 ita
2221 1478 2532 1550 contingit.
2562 1478 2868 1546 solventes,
2901 1487 2956 1534 et
3001 1479 3076 1534 ad
3109 1479 3361 1536 salutem
3392 1484 3763 1550 revertentes,

2111 1567 2312 1623 divina
2353 1567 2592 1640 quidem
2649 1568 3062 1626 communione
3118 1569 3326 1636 arceri,
3359 1569 3417 1624 in
3474 1567 3602 1626 loco
3632 1584 3767 1626 vero

2112 1656 2324 1712 iterum
2371 1657 2644 1713 constitui
2707 1657 2961 1728 priorum
3013 1674 3342 1730 pmnarum,
3387 1659 3570 1716 donec
3623 1675 3769 1730 prte-

2112 1745 2384 1802 stitutum
2418 1745 2533 1801 illis
2561 1751 2790 1818 tempus
2819 1746 3135 1819 impletum
3162 1746 3358 1803 fuerit.

2183 1931 2396 1986 Eadem
2426 1930 2596 1986 etiam
2625 1931 2660 1984 6
2689 1929 2750 1986 in
2799 1932 3026 2004 Ancyra
3077 1932 3278 2004 synodi
3325 1946 3514 1988 canon
3562 1931 3768 1986 decer-

2116 2020 2198 2076 nit
2232 2037 2246 2076 :
2277 2019 2337 2076 Si
2359 2021 2485 2092 jam
2525 2019 2926 2092 paenitentiam
2957 2019 3152 2091 agenti
3183 2019 3269 2076 vel
3302 2019 3654 2092 periculum,
3675 2021 3764 2076 vel

2116 2113 2322 2169 mortis
2379 2113 2731 2182 exspectatio
2761 2129 2829 2168 ex
2861 2111 3064 2167 morbo
3095 2109 3183 2165 vel
3227 2108 3426 2180 aliqua
3453 2108 3571 2165 alia
3597 2124 3768 2166 occa-

2112 2202 2277 2258 sione
2313 2200 2588 2269 evenerit,
2624 2203 2673 2257 is
2725 2202 2798 2258 ad
2847 2197 3322 2257 communionem
3365 2197 3622 2269 quidem,
3664 2197 3770 2253 sed

2113 2290 2224 2347 sub
2253 2289 2590 2346 deﬁnitione
2619 2290 2934 2362 recipiatur
2963 2305 2977 2344 :
3031 2287 3083 2344 ei
3123 2292 3344 2354 autem,
3375 2287 3478 2358 qui
3525 2290 3773 2342 mortem

2116 2379 2384 2446 evaserit,
2415 2380 2851 2436 communicare
2891 2395 3007 2434 non
3050 2375 3266 2446 licebit,
3299 2375 3628 2448 prastituto
3657 2391 3779 2446 pm-

2119 2483 2328 2524 narum
2362 2470 2624 2538 tempore
2655 2483 2769 2523 non
2801 2474 3054 2539 peracto.

2186 2557 2439 2621 Quintus
2467 2559 2644 2613 etiam
2677 2556 2873 2628 magni
2904 2555 3164 2628 Gregorii
3214 2554 3482 2627 Nysseni.
3517 2553 3576 2609 Si
3609 2554 3766 2625 quis,

2112 2645 2324 2716 inquit,
2351 2653 2578 2718 tempus
2599 2663 2634 2702 a
2654 2646 2978 2702 canonibus
3000 2648 3289 2700 statutum
3313 2659 3431 2699 non
3455 2659 3762 2714 peragens,

2112 2752 2144 2792 e
2165 2737 2277 2791 vita
2307 2736 2638 2798 excesserit,
2657 2736 2823 2808 jubet
2850 2735 3088 2792 Patrum
3123 2734 3462 2792 humanitas
3491 2732 3660 2788 illum
3681 2750 3767 2790 sa-

2111 2840 2340 2882 crorum
2382 2826 2785 2898 mysteriorum
2827 2824 3166 2897 participem
3206 2825 3445 2884 factum.
3472 2821 3668 2878 viatici
3693 2822 3764 2878 ad

2114 2912 2382 2970 ultimum
2406 2913 2576 2969 illum
2605 2918 2664 2988 et
2691 2913 2930 2984 longum
2971 2913 3301 2969 discessum
3345 2926 3599 2967 vacuum
3650 2927 3764 2966 non

2110 3001 2300 3059 emitti
2333 3019 2347 3056 :
2381 3002 2428 3057 si
2457 3018 2594 3059 vero
2627 3011 2936 3075 postquam
2967 3016 3268 3058 sacrorum
3309 2998 3544 3056 illorum
3587 2998 3768 3070 parti-

2109 3106 2246 3162 ceps
2267 3090 2380 3146 fuit
2401 3092 2470 3146 ad
2497 3091 2666 3147 vitam
2692 3089 3375 3159 revertatur,ordinatum
3391 3093 3622 3160 tempus
3645 3103 3766 3144 ma-

342 3171 563 3241 νὲλθοι,
610 3172 888 3245 ἀναμένειν
930 3175 1020 3226 τὸν
1066 3175 1397 3248 τεταγμένον
1453 3176 1674 3251 χρόνον,
1722 3177 1781 3233 ἐκ
1811 3179 1996 3254 ἐκείνῳ

2119 3189 2265 3249 neat,
2296 3180 2358 3236 in
2389 3181 2590 3238 eodem
2619 3180 2798 3254 gradu
2847 3180 3226 3247 constitutus,
3258 3177 3318 3234 in
3351 3193 3466 3250 quo
3504 3181 3627 3234 erat
3657 3186 3766 3232 an-

343 3265 428 3332 τῷ
492 3261 693 3335 βαθμῳ
745 3261 1057 3336 γενόμενον,
1088 3263 1134 3334 ᾦ
1192 3263 1256 3333 ἧν
1312 3265 1418 3337 πρὸ
1472 3271 1572 3335 τῆς
1611 3268 1727 3321 κατ’
1756 3267 1995 3344 ἀνάγκην

343 3346 604 3419 δοθείσης
635 3349 785 3421 αὐτῷ
815 3350 1125 3412 κοινωνίας.

413 3441 597 3492 Ταῦτα
651 3439 688 3508 ἡ
744 3441 852 3492 τῶν
929 3438 1179 3513 Πατέρων
1265 3439 1654 3518 φιλάνθρωπος
1737 3445 1998 3520 βούλεται

340 3527 573 3602 γνώμη,
631 3525 678 3581 εἰ
733 3524 1129 3602 προσπελάσειε
1175 3529 1237 3583 τὸ
1264 3530 1459 3604 ξχρεὼν
1514 3534 1593 3603 τῷ
1630 3527 1708 3588 ἔτι
1738 3537 1999 3610 καθαιρο-

343 3617 502 3688 μὲνῳ
558 3620 675 3704 τοῖς
723 3616 1030 3704 φαρμακοις
1086 3623 1186 3686 τῆς
1239 3619 1538 3691 μετανοίας,
1597 3620 1684 3676 καί
1742 3624 1776 3693 ἡ
1833 3625 1997 3704 κυρία

339 3709 602 3779 παρεῖναι
655 3703 827 3776 δοκεῖ,
877 3703 1118 3782 ἐφεῖσθαι
1163 3712 1280 3768 τοῖς
1332 3704 1737 3785 πρεσϐυτέροις,
1803 3719 1999 3771 κοινω-

341 3817 464 3848 νιαν
519 3795 667 3866 αὖτῷ
729 3793 1072 3868 μεταδοῦναι,
1133 3797 1207 3857 ὼς
1258 3798 1334 3868 μή
1405 3793 1715 3854 ἆποϐιῶναι
1791 3803 1994 3874 μηδένα

461 3886 478 3906 ,
581 3884 595 3902 ,
672 3889 694 3899 ..
783 3881 808 3900 ρ.
845 3883 870 3902 η
953 3885 964 3904 .
1169 3885 1184 3902 ν
1276 3884 1322 3902 ς.
1647 3890 1659 3904 ε
1759 3892 1769 3906 .
1941 3896 1953 3910 ,

339 3905 456 3958 παρ
533 3904 720 3944 αυτοις
779 3899 1060 3956 οεοεμενον
1095 3905 1107 3916 '
1156 3886 1565 3959 αναρρωσθέντα
1615 3886 1670 3943 δε
1700 3891 1864 3946 παλιν
1903 3915 1993 3950 τον

339 3975 524 4044 μήπω
575 3973 638 4026 τὸ
675 3976 773 4026 τοῦ
819 3977 1012 4046 καιροῦ
1059 3975 1464 4048 πεπληρωκότα
1531 3973 1828 4052 διάστημα,
1876 3990 1992 4046 τοῖς

335 4061 635 4136 προτέροις
693 4058 955 4115 ὑπόδικον
1013 4063 1144 4116 εἶναι
1194 4062 1283 4118 καὶ
1343 4065 1489 4140 παρᾶ
1537 4072 1646 4121 τῶν
1699 4067 1994 4143 πρεσϐυτέ-

335 4172 452 4226 ρων
509 4149 822 4224 περιμένειν
890 4157 992 4220 τῆς
1050 4153 1378 4228 συγγνώμης
1437 4156 1499 4209 τὸ
1568 4157 1840 4230 σύνθημα,
1898 4166 1993 4216 τοῦ

330 4239 552 4316 χρόνου
609 4235 825 4308 δηλαδή
883 4247 986 4308 τῆς
1043 4242 1350 4314 μετανοίας,
1386 4241 1519 4315 μετὰ
1563 4250 1662 4300 τοῦ
1692 4247 1864 4320 ῥύπου
1891 4257 1991 4319 τῆς

329 4329 618 4402 ἁμαρτίας
647 4325 1070 4399 δαπανηθέντος.
1741 4397 1752 4418 ⁸
1810 4399 1821 4410 ν

328 4457 608 4538 ΚΕΦΑᾼ.
641 4452 1040 4539 Θ;.¹“Οτετῶν
1080 4423 1990 4539 μετανοούντωνμτοίῗςθλογι-

407 4521 630 4602 σμοῦς
669 4521 1003 4602 δέχεσθαι,
1051 4521 1164 4602 καί
1208 4525 1393 4602 λύειν
1443 4529 1549 4582 καὶ
1601 4521 1869 4602 δεσμεῖν
1913 4521 1993 4589 τὰ

401 4597 882 4673 ᾖμαρτημῐνα,
952 4601 1098 4673 τοῖς
1147 4597 1546 4673 ἐπισκόποις
1591 4597 1816 4673 ἐδόθη,
1865 4607 1997 4661 κατ’

403 4664 792 4740 ἔπιτροπήν
825 4664 892 4722 δὲ
910 4668 1168 4723 τούτων
1190 4670 1470 4732 καὶτοῖς
1500 4664 1997 4750 πρεσϐυτέροις.

404 4779 472 4830 Ὁ
505 4773 586 4848 ς’
639 4779 742 4843 τῆς
788 4772 841 4828 ὲν
893 4773 1198 4851 Καρθαγὲνῃ
1244 4773 1470 4830 συνόδου
1527 4779 1704 4832 κανὼν
1764 4782 1863 4848 τήν
1903 4787 2000 4838 τοῦ

325 4863 655 4944 χρίσματος
685 4863 934 4933 ποίησιν,
963 4863 1064 4931 τὴν
1112 4867 1211 4918 τοῦ
1241 4864 1404 4939 ἁγίου
1437 4863 1624 4938 μύρομ
1655 4863 1870 4939 δηηιδὴ
1901 4891 1992 4926 τε-

325 4954 526 5023 λετὴν,
579 4951 670 5005 καὶ
718 4952 820 5021 τήν
869 4955 977 5006 τῶν
1026 4957 1207 5027 κορῶν
1257 4954 1568 5030 ἀφιέρωσιν,
1601 4953 1736 5010 κατά
1781 4977 1833 5011 τι
1888 4979 1991 5013 πα-

324 5042 498 5099 λαιὸν
557 5042 855 5116 γινομένην
902 5039 1041 5111 ἔθος,
1088 5043 1180 5097 καὶ
1231 5045 1332 5113 τὴν
1380 5049 1488 5098 τῶν
1552 5047 1988 5113 μεταννοούντων

323 5131 718 5206 κεταλλαγήν,
777 5130 913 5204 ὅπερ
969 5129 1108 5186 ἐστὶν
1164 5134 1198 5200 ἡ
1259 5135 1366 5187 τῶν
1434 5134 1720 5208 λογισμῶν
1775 5134 1992 5213 ἐξαγγε-

324 5221 444 5290 λία,
492 5221 586 5275 καὶ
645 5221 680 5287 ἡ
739 5223 849 5272 τῶν
910 5221 1158 5295 ψυχικῶν
1227 5220 1437 5295 ἱατρεία
1493 5223 1842 5296 τραυμείτων,
1901 5224 1992 5282 διὰ

317 5317 436 5366 τῶν
482 5316 588 5378 τῆς
651 5303 942 5382 μετανοίας
983 5306 1291 5382 ἐπιτιμίων,
1322 5312 1410 5365 καὶ
1440 5318 1543 5380 τῆς
1587 5313 1693 5386 πρὸ
1721 5314 1784 5367 τὸ
1813 5321 1990 5388 κρεῖτ-

318 5423 416 5455 τον
449 5398 798 5476 ἐπιστροφῆς
817 5397 988 5468 (οὕτω
1036 5399 1140 5472 γὰρ
1185 5400 1212 5453 ὁ
1263 5397 1552 5474 ἅνθρωπος
1595 5405 1677 5474 τῷ
1728 5408 1845 5474 Θεῷ
1900 5426 1990 5459 κα-

320 5489 746 5557 ταλλάττεται),
787 5490 954 5540 ταῦτα
993 5487 1164 5542 πάντα
1213 5491 1357 5564 πσρὰ
1395 5485 1784 5564 πρεσϐυτέροις
1835 5493 1992 5547 ἀπεί-

324 5599 467 5654 ρηκε
527 5577 824 5653 γίνεσθαιο
873 5581 988 5637 τοῖς
1065 5579 1166 5653 γὰρ
1239 5579 1583 5656 ἀρχιερεῦσιν
1664 5583 1698 5650 ἡ
1779 5582 2026 5638 τούτων·

321 5669 530 5724 ἀνεῖται
595 5665 898 5736 διοίκησις,
950 5666 1040 5722 ἅτε
1092 5662 1303 5740 δεσμεῖν
1350 5669 1441 5725 καὶ
1492 5668 1642 5725 λύειν
1691 5667 1988 5746 δεδυνημὲο

2113 3279 2369 3342 tequam,
2402 3270 2453 3326 ei
2484 3286 2554 3326 ex
2586 3270 2936 3327 necessitate
2961 3270 3101 3325 data
3144 3268 3254 3324 fuit
3283 3265 3759 3324 communicatio.

2178 3453 2308 3509 Ilaec
2338 3452 2577 3509 Patrum
2603 3451 2859 3508 humana
2886 3453 3014 3508 vult
3041 3449 3354 3518 sententia,
3385 3449 3438 3506 si
3470 3464 3630 3504 mors
3661 3464 3763 3519 ap-

2106 3542 2580 3614 propinquaverit
2609 3540 2715 3608 illi,
2774 3541 2875 3614 qui
2928 3540 3281 3614 pmuitentim
3313 3538 3756 3595 medicamentis

2103 3632 2294 3687 adhuc
2325 3634 2625 3703 purgatur,
2647 3635 2703 3685 et
2733 3647 3048 3702 supremus
3068 3631 3194 3686 dies
3220 3629 3442 3685 instare
3469 3628 3757 3695 videatur,

2105 3720 2460 3793 presbyteris
2516 3720 2754 3775 concedi
2812 3720 3290 3776 communionem
3338 3717 3424 3773 illi
3482 3715 3642 3784 dare,
3688 3721 3753 3770 ut

2104 3809 2304 3865 nullus
2336 3809 2406 3864 ab
2434 3811 2518 3864 eis
2549 3809 2761 3881 ligatus
2793 3809 3055 3866 discedat
3085 3826 3100 3864 :
3133 3809 3182 3864 si
3215 3823 3347 3864 vero
3378 3823 3582 3863 rursus
3612 3822 3757 3862 con-

2103 3898 2361 3966 valuerit,
2380 3899 2660 3970 temporis
2690 3899 2878 3969 spatio
2901 3899 3156 3955 nondum
3181 3900 3431 3969 peracto,
3455 3895 3748 3969 prioribus

2103 3989 2288 4058 pomis
2316 3988 2630 4043 obnoxium
2679 4004 2846 4054 esse;
2877 4007 2912 4043 a
2959 3985 3310 4060 presbyteris
3355 4002 3487 4041 vero
3536 3985 3750 4040 remis-

2103 4079 2288 4136 sionis
2319 4077 2675 4149 promissum
2706 4083 3062 4150 exspectare,
3089 4076 3367 4148 temporis
3397 4075 3620 4133 scilicet
3650 4091 3758 4146 μω·

2102 4167 2385 4234 nitentire,
2419 4183 2554 4222 cum
2586 4167 2808 4238 peccati
2843 4168 3045 4222 sordes
3074 4166 3418 4238 dissipatur.

2104 4467 2292 4540 181
2342 4468 2500 4524 CAP.
2562 4468 2658 4526 IX.
2731 4469 2881 4537 Quod
2945 4471 3324 4540 pwnitentium
3395 4469 3754 4540 con/mione:

2027 4563 2076 4628 Ι)
2177 4539 2439 4628 accipere,
2579 4539 2805 4628 πρίοσι-ε.
2849 4545 2903 4596 et
2938 4539 3757 4628 ligareipeccatoresuepircopis

2178 4611 2538 4668 corraditur:
2595 4612 2822 4668 illorum
2885 4611 3008 4668 vero
3085 4611 3347 4668 consensu
3409 4613 3580 4667 etiam
3633 4626 3758 4681 pre-

2179 4684 2430 4754 abuteris.

2181 4788 2390 4844 Sextus
2425 4788 2902 4862 Carthaginensis
2933 4789 3138 4862 synodi
3187 4805 3374 4847 canon
3421 4785 3760 4843 chrismatis

2107 4878 2551 4944 coniectionem,
2585 4895 2792 4950 nempe
2830 4878 3018 4934 sancti
3067 4877 3354 4950 unguenti
3384 4875 3760 4932 administra-

2107 4965 2348 5028 tionem,
2371 4971 2430 5022 et
2459 4967 2780 5038 puellarum
2805 4969 3320 5036 consecrationem,
3337 4967 3506 5038 juxta
3529 4979 3750 5020 morem

2101 5057 2406 5127 antiquum
2435 5055 2667 5120 factam,
2693 5063 2750 5113 et
2773 5056 3171 5130 penitentiam
3195 5056 3719 5114 reconciliationem
3741 5083 3758 5110 ι

2101 5160 2226 5215 quae
2257 5152 2342 5201 est
2386 5148 2821 5203 confessionum
2870 5145 3257 5214 denuntiatio,
3291 5150 3348 5202 et
3375 5147 3582 5202 animis
3612 5142 3746 5199 vul-

2102 5249 2322 5300 nerum,
2385 5252 2484 5307 per
2543 5237 2894 5308 poenitentia!
2953 5251 3176 5306 poenas,
3225 5239 3283 5290 et
3345 5236 3417 5291 ad
3481 5235 3536 5290 id
3593 5233 3747 5305 quod

2104 5325 2314 5380 melius
2361 5331 2450 5382 est
2497 5326 2931 5383 conversionem
2985 5325 3214 5382 medela
3277 5326 3375 5394 (ita
3431 5323 3586 5380 enim
3639 5323 3756 5379 Deo

2100 5413 2508 5472 reconciliatur
2538 5416 2750 5483 homo).
2776 5415 2973 5470 omnia
3015 5413 3137 5470 haec
3176 5430 3210 5469 a
3240 5411 3594 5486 presbyteris
3624 5411 3747 5466 fieri

2103 5502 2413 5572 prohibuit.
2441 5506 2651 5561 Horum
2684 5504 2897 5560 etenim
2925 5503 3354 5560 administratio
3385 5501 3744 5559 antistitibus

2100 5592 2458 5660 conceditur,
2503 5595 2719 5667 quippe
2751 5592 2850 5664 qui
2884 5591 3100 5664 ligandi
3123 5596 3180 5648 et
3215 5591 3472 5649 solvendi
3503 5598 3750 5663 potesta-

2100 5681 2217 5735 tem
2266 5679 2566 5752 habentes,
2599 5680 2995 5755 apostolorum
3044 5684 3245 5754 typum
3287 5681 3501 5752 ferunt,
3534 5678 3748 5753 quibus
