4098 6332
269 305 346 363 27
1533 316 1915 379 MATTHIEI
1961 299 2393 382 BLASTARlS
3590 335 3669 394 23

263 437 448 538 talem
503 444 841 538 potestatem
900 447 1188 503 concessit
1235 448 1517 505 Christus.
1567 451 1754 515 Quare
1803 451 1904 523 qui

2040 472 2151 520 etc,
2181 451 2350 508 τύπον
2399 454 2617 531 φέρουσι
2667 463 2775 513 τῶν
2820 457 3169 530 ἂποστόλων,
3221 464 3303 525 οἷς
3356 464 3454 533 τήν
3521 464 3667 538 ἐξου-

267 526 396 582 eine
425 529 681 601 episcopi
714 548 1007 589 concensu
1040 537 1433 594 confessiones
1476 539 1781 595 hominum
1812 554 1919 595 ex-

267 615 489 687 cipiunt
545 623 769 676 sacradi
825 624 1114 693 monachi,
1167 627 1313 682 male
1369 628 1590 683 faciunt
1655 639 1712 684 et
1756 628 1923 684 valde

268 706 631 778 periculose;
683 726 868 782 neque
918 713 1073 770 enim
1132 716 1414 784 solvendi,
1466 733 1650 789 neque
1701 717 1920 789 ligandi

270 793 612 853 facultatem
647 798 903 870 habent;
939 803 1120 859 multo
1153 806 1337 876 magis
1363 821 1495 863 vero
1528 806 1752 878 profani
1792 822 1924 863 mo-

267 882 441 938 nachi
467 902 483 953 ;
514 885 630 942 illis
662 889 819 945 enim
852 891 1088 948 omnino
1120 894 1483 965 permittere,
1515 899 1582 950 ut
1603 895 1926 951 confessio-

274 987 379 1027 nes
437 972 743 1033 hominum
806 980 1094 1052 excipiant
1138 991 1193 1037 et
1243 982 1522 1054 judicent,
1558 998 1925 1056 nequaquam

273 1060 499 1118 licitum
531 1068 638 1122 est.
670 1066 781 1123 Sed
813 1073 870 1124 et
900 1071 1184 1140 septimus
1214 1072 1621 1143 poenitentium
1667 1072 1928 1130 reconci-

272 1148 595 1224 liationem,
649 1157 697 1210 si
741 1158 811 1212 de
857 1159 975 1213 vita
1043 1159 1457 1232 periclitentur,
1489 1161 1614 1217 sine
1657 1153 1927 1233 episcopi

272 1243 565 1311 permissu
639 1248 1002 1320 presbyteros
1060 1252 1244 1306 facere
1302 1259 1563 1322 oportere
1632 1269 1750 1308 non
1802 1252 1928 1307 exi-

274 1331 495 1390 elimat.

347 1422 562 1480 Eadem
595 1427 770 1484 etiam
805 1431 872 1484 46
902 1431 1221 1486 decernens
1246 1449 1258 1484 :
1282 1432 1339 1485 Si
1361 1446 1489 1486 vero
1511 1431 1684 1496 absit,
1712 1431 1923 1502 inquit,

277 1510 607 1584 episcopus,
631 1521 687 1570 et
716 1517 768 1573 is
799 1520 895 1589 qui
927 1518 1325 1589 pcenitentiam
1359 1520 1472 1590 agit
1504 1518 1561 1573 in
1594 1518 1920 1590 periculum

282 1600 571 1659 adductus
592 1605 688 1673 sit,
714 1605 876 1661 illum
902 1607 1231 1664 reconciliet
1251 1608 1570 1679 presbyter.
1587 1608 1792 1671 Quaere
1815 1612 1872 1663 et
1891 1609 1926 1661 8

284 1705 411 1760 cap.
462 1692 668 1748 litterze
715 1695 777 1763 K,
808 1704 860 1751 el
904 1696 964 1751 in
1013 1697 1076 1750 31
1128 1713 1255 1769 cap.
1291 1696 1375 1751 lit.
1428 1700 1466 1750 E
1513 1712 1643 1752 can.
1677 1697 1746 1751 40
1794 1713 1922 1768 syn.

276 1781 778 1839 Neocmsarieusis.
1338 1796 1345 1804 '

276 1990 430 2060 Quod
493 1990 743 2046 civilibus
793 1998 981 2062 postea
1026 1991 1230 2059 legibus
1279 1990 1697 2047 humanioribus
1738 1992 1918 2045 visum

887 2065 1167 2135 suppliciis
1190 2065 1291 2119 uti.

349 2248 497 2311 Quin
530 2249 704 2304 etiam
726 2249 1074 2305 vetustiores
1096 2249 1249 2322 leges
1278 2249 1338 2304 in
1370 2249 1708 2319 humanius,
1726 2254 1783 2305 et
1802 2266 1917 2305 non

277 2339 448 2410 quale
486 2341 651 2411 prius
700 2339 1046 2407 habuerunt,
1074 2338 1384 2409 judicium,
1413 2339 1472 2395 in
1520 2340 1679 2395 dicta
1724 2340 1915 2411 legum

272 2428 518 2499 repetita
586 2429 919 2484 recensione
1003 2432 1473 2498 commutantur;
1546 2429 1675 2500 ipsa
1762 2428 1918 2483 enim

274 2517 515 2589 abrogat
548 2535 764 2574 morem
798 2519 998 2574 statim
1031 2518 1417 2574 interficiendi
1450 2534 1547 2573 cos
1578 2519 1676 2590 qui
1707 2518 1768 2572 in
1800 2534 1920 2573 ma-

273 2607 405 2677 gnis
437 2606 781 2662 criminibus
812 2606 1157 2678 deprehensi
1198 2612 1358 2663 sunt.
1391 2610 1712 2679 Imperator
1740 2608 1919 2674 enim,

275 2697 375 2766 qui
433 2695 604 2752 istam
663 2697 969 2768 repetitam
1026 2696 1438 2752 correctionem
1499 2696 1651 2763 fecit,
1691 2696 1920 2752 nullum

274 2801 500 2854 eorum,
532 2802 659 2858 quae
716 2790 858 2841 sunt
910 2787 968 2839 in
1027 2784 1266 2858 digestis
1321 2784 1408 2840 vel
1463 2784 1744 2840 institutis
1785 2801 1923 2840 cru-

276 2873 404 2929 dele
440 2872 793 2946 supplicium
824 2873 1125 2945 probavit;
1168 2888 1355 2945 neque
1403 2873 1554 2928 enim
1585 2873 1774 2944 capite
1802 2872 1919 2944 ple-

277 2969 430 3017 ctere
460 2962 733 3028 decrevit,
765 2978 951 3034 neque
998 2961 1289 3033 lapidibus
1337 2962 1601 3030 obruere,
1630 2961 1737 3017 vel.
1758 2978 1925 3018 com-

278 3050 510 3116 burere,
541 3051 629 3105 vel
659 3051 893 3123 laqueos
936 3049 1272 3117 intendere;
1321 3049 1624 3122 prohibuit
1652 3049 1830 3106 etiam
1863 3050 1921 3105 in

276 3140 456 3194 maris
512 3139 904 3210 profunditate
969 3140 1427 3195 suﬂ‘ocationem.
1492 3140 1651 3195 Licet
1726 3143 1917 3194 autem

278 3191 572 3298 ᾇᾶἑειιαιῖ
592 3191 900 3299 agite;
934 3191 1102 3285 at};
1125 3191 1338 3309 tua.
1351 3191 1696 3299 ’ᾘιίςῖιᾲζιᾷιιο
1732 3191 1921 3298 ἇιῖιέιζ
1952 3191 1998 3260 ο

285 3334 402 3373 non
435 3323 652 3385 tamen,
683 3318 896 3389 inquit,
932 3319 1281 3382 mortiferas,
1306 3318 1406 3372 scd
1439 3316 1632 3372 solum
1664 3316 1932 3389 relegari,

284 3405 373 3462 vel
434 3406 495 3461 in
554 3424 845 3463 carcerem
902 3407 1143 3475 includi,
1184 3407 1483 3463 oculorum
1537 3406 1931 3475 eﬂ'ossionem,

291 3511 504 3551 manus
538 3496 1055 3566 abscissionem,et
1111 3496 1285 3551 aliam
1345 3495 1602 3565 corporis
1659 3495 1931 3566 injuriam

292 3585 435 3656 pati,
492 3601 617 3658 qua
674 3587 1065 3643 conversionis
1122 3585 1614 3658 opportunitatem
1669 3584 1778 3652 illi,
1835 3585 1935 3657 qui

294 3677 627 3745 puniendus
676 3683 782 3745 est,
838 3676 1113 3749 temporis
1160 3678 1495 3734 extensione
1556 3677 1826 3744 prabeat.
1880 3682 1937 3732 et

293 3764 412 3822 illis
442 3770 543 3837 qui
569 3767 717 3839 lapsi
756 3772 895 3823 sunt
943 3767 1425 3840 resipiscentiam.
1459 3768 1747 3825 Omnibus
1776 3768 1932 3824 enim

291 3856 643 3911 novellarum
676 3856 904 3928 legibus
933 3856 1248 3913 humanius
1289 3858 1518 3914 videtur
1548 3859 1933 3929 praecedentes

287 3947 447 4016 leges
478 3947 865 4018 interpretari,
898 3950 955 3999 et
998 3948 1081 4002 sic
1133 3949 1450 4003 sententias
1501 3948 1656 4003 ferri.
1692 3949 1750 4003 Si
1802 3965 1932 4003 vero

291 4037 444 4107 leges
475 4037 675 4093 civiles
726 4036 1145 4092 humanitatem
1196 4038 1337 4092 adeo
1384 4046 1705 4104 exerceant,
1750 4038 1930 4093 multo

289 4129 479 4199 magis
525 4127 949 4184 ecclesiastica}.
985 4133 1268 4201 Docemur
1314 4128 1468 4181 enim
1502 4143 1535 4181 a
1575 4127 1931 4182 Christiano-

287 4232 420 4270 rum
471 4233 707 4288 corpore
753 4218 1087 4273 exscindere
1134 4215 1451 4285 haereticos,
1503 4219 1561 4271 ut
1608 4219 1665 4270 et
1705 4230 1801 4273 eos
1831 4215 1928 4287 qui

287 4306 562 4361 absurdis
587 4310 859 4362 tenentur
887 4305 1234 4361 criminibus
1258 4348 1272 4373 ,
1308 4304 1513 4376 punire
1538 4320 1671 4361 vero
1702 4322 1816 4359 non
1847 4305 1929 4358 di-

285 4394 559 4461 dicimus,
584 4398 678 4450 sed
729 4395 1083 4451 incurabiles
1138 4393 1253 4465 legi
1300 4392 1465 4450 civili.
1501 4394 1745 4461 tradere,
1788 4398 1852 4449 ut
1892 4412 1925 4448 a

284 4483 719 4555 magistratibus
745 4482 919 4539 illatae
949 4485 1229 4540 adversus
1251 4498 1348 4539 eos
1370 4483 1667 4538 sententiae
1697 4497 1927 4539 exsecu-

283 4572 429 4630 tioni
460 4575 829 4630 mandentur.

286 4752 441 4810 182
471 4756 620 4813 CAP.
654 4757 722 4813 X.
757 4758 830 4813 De
879 4758 949 4812 iis
996 4758 1091 4829 qui
1135 4756 1373 4827 impuris
1428 4755 1564 4811 cibis
1617 4761 1932 4819 vescuntur.

357 4844 606 4902 Sanctus
680 4847 993 4919 Gregorius
1068 4847 1537 4917 Thaumaturgu‘s
1612 4845 1673 4900 iu
1742 4844 1932 4915 primo

285 4949 394 4988 suo
440 4951 679 5006 canone,
707 4936 832 4992 Non
880 4951 1038 5008 gave,
1069 4935 1279 5006 inquit,
1329 4934 1496 4990 affert
1541 4935 1850 4999 damnum,
1880 4934 1929 4989 si

286 5022 611 5094 prohibitos
641 5025 697 5080 in
740 5026 1000 5081 barbaris
1034 5025 1212 5093 cibos,
1243 5024 1331 5079 vel
1364 5026 1537 5079 etiam
1588 5039 1713 5093 quas
1762 5022 1930 5078 idolis

285 5112 706 5176 sacrificantur,
757 5115 1134 5188 degustarent
1180 5112 1411 5185 captivi,
1457 5121 1692 5185 propter
1738 5126 1931 5167 neces-

285 5201 517 5257 sitatem
537 5208 594 5259 et
621 5204 737 5259 vim
769 5204 1127 5277 corporalem
1152 5207 1360 5259 natura
1380 5203 1576 5258 cibum
1601 5200 1928 5256 necessario

286 5290 564 5363 exigente.
600 5294 725 5363 [pse
764 5294 920 5350 enim
948 5293 1137 5365 inquit
1167 5294 1455 5358 Servator,
1490 5312 1518 5340 ‹‹
1552 5290 1676 5345 Non
1708 5305 1835 5360 quae
1866 5288 1924 5343 in

288 5386 548 5438 ventrem
608 5384 829 5439 intrant
878 5383 1258 5455 coinquinant
1315 5380 1638 5443 hominem,
1669 5379 1769 5435 sed
1802 5394 1926 5448 qua!

288 5472 683 5544 egrediuntur.
719 5493 745 5523 ι
785 5473 957 5544 [gitur
1029 5472 1123 5541 qui
1182 5470 1343 5528 cibos
1422 5469 1684 5539 impuros
1731 5483 1927 5522 come-

287 5562 482 5635 derint
521 5563 718 5618 minus
767 5562 1108 5633 puniuntur,
1142 5562 1192 5616 si
1242 5558 1704 5627 servitutisjugo
1758 5556 1918 5612 labo-

281 5661 469 5716 tanles
499 5659 556 5710 et
579 5652 824 5725 legitimi
854 5650 1117 5708 alimenti
1158 5648 1359 5721 inopia
1406 5647 1613 5704 vetitos
1656 5645 1814 5702 cibos
1843 5651 1921 5702 te-

2031 539 2148 594 σίαν
2200 540 2402 613 ταύτην
2462 544 2490 598 6
2547 548 2788 620 Χριστὸς
2836 548 3192 625 ἐνεχείρισεν·
3237 548 3375 607 ὥστε
3409 554 3461 607 οἱ
3492 554 3669 632 χωρὶς

2031 628 2333 705 ἐπιτροπῆς
2366 632 2663 689 ἐπισκόπου
2713 633 2995 713 δεχόμενει
3044 638 3334 715 λογισγοὺς
3374 628 3667 716 ἆνθρήῶπων

2031 717 2321 791 ἱερωμένοι
2356 724 2595 798 μοναχοὶ
2625 730 2804 783 κακῶς
2836 733 3077 796 ποιοῦσι,
3107 730 3197 784 καὶ
3230 728 3351 785 λίαν
3399 728 3671 785 ἐπικινδύ-

2029 828 2139 869 νως
2165 829 2178 842 ⁸
2214 806 2337 866 οὔτε
2354 814 2457 888 γὰρ
2491 813 2661 886 λύειν,
2703 813 2827 872 οὕτε
2874 819 3090 893 δεσμεῖν
3132 814 3353 899 ἔχουσιν
3407 821 3670 894 ἐξουσίαν,

2032 897 2232 971 πολλῷ
2265 898 2322 956 δὲ
2377 901 2588 975 μᾶλλον
2645 906 2697 960 οἱ
2742 906 2943 983 ἀνίεροι
2991 897 3225 985 μοναχοί
3258 929 3270 942 ·
3320 909 3534 973 τούτοις
3565 911 3672 985 γὰρ

2033 988 2123 1042 καὶ
2153 988 2215 1045 16
2254 990 2537 1067 ἐπιτρέψαι
2583 991 2731 1056 ὅλως
2783 996 3086 1072 λογισμοὺς
3134 1000 3432 1069 ἀνθρώπων
3483 998 3669 1055 ἀναδέ-

2033 1081 2225 1153 χεσθαι
2281 1082 2371 1135 καὶ
2426 1085 2622 1158 κρίνειν
2677 1085 2872 1155 ἥκιστα
2934 1088 3172 1161 θεμιτόν.
3241 1089 3419 1146 Ἀλλὰ
3476 1089 3564 1143 καὶ
3640 1090 3668 1144 6

2032 1163 2269 1240 ἕϐδομος
2323 1172 2422 1240 τήν
2503 1172 2857 1252 καταλλαγήν
2922 1181 3031 1232 τῶν
3116 1179 3541 1252 μετανοούντων,
3620 1176 3666 1231 εἰ

2034 1256 2156 1331 περὶ
2186 1259 2285 1326 τήν
2337 1263 2482 1330 ζωὴν
2527 1260 2946 1336 κινδυνεύουσιν,
2996 1267 3097 1321 οὐκ
3153 1265 3318 1322 οἷέται
3389 1265 3496 1321 δεῖν
3541 1264 3667 1327 τοὺς

2034 1342 2430 1424 πρεσϐυτέρους
2471 1357 2670 1419 ποιεῖν,
2702 1354 3004 1428 ἐπισροπῆς
3037 1353 3160 1411 ἄνευ
3218 1360 3314 1410 τοῦ
3349 1355 3669 1412 ἐπισκόπου.

2105 1438 2285 1489 Ταῦτα
2321 1439 2411 1491 καὶ
2460 1440 2489 1493 6
2542 1446 2631 1514 μγ¹
2678 1438 3076 1515 διοριζόμενος,
3120 1442 3181 1498 Εἰ
3221 1441 3277 1497 δέ
3314 1442 3525 1511 ἄπεστι,
3572 1465 3673 1522 φη-

2034 1522 2139 1592 σὶν,
2185 1525 2212 1578 ὁ
2257 1524 2576 1599 ἐπίσκοπος,
2622 1529 2713 1584 καὶ
2762 1532 2789 1584 6
2860 1531 2910 1586 ἐν
2960 1532 3216 1604 μετανοίᾳ
3264 1531 3340 1586 ὥν
3389 1530 3440 1586 ἐν
3490 1533 3674 1607 χρόνῳ

2031 1609 2285 1668 κινδύνου
2360 1618 2669 1691 γεγένηται,
2726 1618 3143 1676 καταλλαττέτω
3217 1624 3408 1676 τοῦτον
3479 1622 3566 1675 καὶ
3644 1622 3673 1675 ὁ

2031 1697 2417 1778 πρεσϐύτερος.
2451 1708 2611 1776 Ζήτει
2641 1708 2816 1762 καὶτὸ
2862 1709 2911 1778 η’
2954 1729 3072 1786 κεφ.
3121 1712 3219 1764 τοῦ
3276 1715 3323 1766 Κ
3371 1711 3670 1785 στοιχείου,

1949 1823 1997 1890 Β
2032 1793 2122 1845 καὶ
2151 1792 2204 1847 ἐν
2234 1798 2311 1866 τῷ
2341 1793 2424 1849 λα’
2453 1816 2572 1873 κεφ.
2604 1800 2701 1852 τοῦ
2748 1802 2791 1854 Ε
2839 1799 3116 1874 στοιχείου
3155 1800 3354 1854 κανόνα
3387 1802 3439 1873 μ’
3486 1802 3584 1870 τῆς
3616 1799 3669 1855 ἐν

2026 1886 2412 1957 Νεοκαισαρείᾳ
2437 1885 2685 1962 συνόδου.

2025 1994 2168 2073 ’Ότι
2220 1993 2485 2073 καὶτοῖς
2528 1998 2917 2073 πολιτικοῖς
2952 1998 3230 2073 ὕστερον
3276 1998 3518 2073 νόμοις
3566 2021 3664 2072 φι-

2102 2061 2652 2148 λανθρωπότερον
2697 2067 2885 2138 ἔδοξε
2914 2075 3058 2132 ταῖς
3107 2061 3471 2145 τιμωρίαις
3507 2061 3664 2147 κεχ-

2099 2137 2362 2207 ρῆσθαμ

2101 2238 2277 2296 Ἀλλὰ
2322 2242 2411 2297 καὶ
2457 2245 2509 2298 oi.
2555 2241 2909 2322 πρεσϐύτεροι
2955 2253 3064 2303 τῶν
3106 2249 3290 2322 νόμων
3338 2249 3428 2303 ἐπὶ
3482 2251 3543 2304 τὸ
3592 2270 3671 2326 φι-

2029 2326 2502 2407 λανθρωπότερον,
2534 2333 2621 2388 καὶ
2652 2334 2757 2411 οὐχ
2788 2335 2863 2396 ὡς
2912 2337 3063 2412 εἶχον
3108 2334 3371 2411 πρότερον
3417 2340 3668 2413 κρίσεως,

2027 2415 2080 2472 ἐν
2109 2421 2179 2491 τῇ
2207 2418 2477 2495 λεγομένῃ
2511 2427 2621 2477 τῶν
2668 2424 2850 2496 νόμων
2900 2424 3254 2500 ἀνακαθάρσει
3305 2422 3674 2498 μεταὸἐϐλην-

2027 2528 2161 2562 ται·
2224 2508 2428 2582 ἀναιρεῖ
2484 2512 2588 2587 γὰρ
2645 2511 2779 2583 αὕτη
2845 2514 2908 2569 τὸ
2965 2514 3124 2577 εὐθὺς
3172 2515 3507 2590 ἀναιρεῖσθαι
3548 2517 3672 2579 τούς

2034 2595 2296 2671 μεγάλοις
2349 2596 2660 2662 ἐαλῶκότας
2708 2600 3070 2676 ἐγκλήμασιν.
3132 2608 3189 2659 'O
3244 2604 3344 2681 γὰρ
3388 2607 3487 2674 τήν
3546 2605 3672 2660 ἀνα-

2032 2687 2287 2759 κάθαρσιν
2368 2689 2569 2757 ταύτην
2676 2688 2996 2763 συνθέμενος
3091 2691 3344 2767 βασιλεὺς
3417 2691 3671 2766 οὐδεμίαν

2034 2777 2111 2827 οῶ
2170 2773 2221 2828 ἐν
2280 2781 2402 2838 τοῖς
2473 2774 2741 2852 διγέστοις
2789 2781 2824 2849 ἢ
2878 2784 2998 2841 ταῖς
3058 2777 3352 2854 διατάξεσιν
3396 2781 3673 2857 ἀπάνθρωο

2032 2884 2132 2918 πον
2165 2865 2361 2933 ποινὴν
2391 2869 2707 2940 προσήκατο
2741 2886 2754 2901 °
2807 2868 2932 2923 οὔτε
2988 2868 3092 2945 γὰρ
3139 2869 3378 2946 κεφαλῆς
3429 2870 3674 2947 ἀφαιρεῖν

2033 2949 2328 3024 ἐθέσπισεν,
2377 2951 2502 3008 οὔτε
2552 2953 2892 3028 καταλεύειν,
2941 2957 2977 3026 ἢ
3030 2957 3217 3031 καίειν,
3249 2960 3283 3029 ἢ
3318 2959 3524 3034 βρόχον
3566 2959 3677 3032 ἐξαο

2033 3062 2223 3097 πτειν·
2286 3044 2549 3115 ἀπείρηκε
2606 3043 2663 3100 δὲ
2712 3047 2799 3101 καὶ
2865 3048 2965 3117 τήν
3014 3047 3066 3102 ἐν
3126 3054 3207 3122 τῷ
3268 3057 3368 3120 τῆς
3401 3051 3676 3122 θαλάττης

2038 3134 2541 3217 βυθῷγπνιγμονήν.
2597 3134 2659 3191 Εἰ
2707 3133 2765 3190 δέ
2811 3135 2900 3191 καὶ
2944 3138 3209 3213 ὑποσχεῖν
3259 3160 3409 3201 τινας
3453 3138 3675 3217 κεφαλι-

2040 3219 2135 3281 κάς
2173 3216 2281 3276 ἔσθ’
2313 3221 2401 3276 ὅτε
2456 3220 2665 3277 κελεύει
2722 3226 2935 3291 ποινὰς,
2993 3225 3121 3281 ἀλλ’
3176 3227 3238 3282 οὗ
3293 3229 3390 3291 τὰς
3443 3216 3680 3300 θανατη-

2041 3310 2243 3384 φόρους
2278 3309 2479 3373 ἐκείνας
2512 3313 2666 3389 φησὶ,
2713 3315 2777 3369 τὸ
2825 3314 2882 3370 δὲ
2925 3315 3261 3390 ὑπερορίσαι,
3292 3319 3327 3389 ἢ
3381 3317 3434 3374 ἐν
3492 3321 3680 3394 εἱρκτῇ

2042 3399 2370 3474 περιορίσαι,
2414 3403 2514 3470 τὴν
2574 3407 2682 3457 τῶν
2731 3403 3032 3481 ὀφθαλμῶν
3079 3404 3342 3480 ἐκκοπὴν,
3374 3409 3472 3476 τὴν
3518 3408 3683 3485 ἀφαί-

2044 3508 2184 3559 ρεσιν
2215 3497 2315 3559 τῆς
2347 3491 2557 3564 χειρὸς,
2588 3492 2677 3546 καὶ
2706 3494 2805 3562 τήν
2846 3490 3023 3565 ἄλλην
3082 3495 3205 3571 περὶ
3247 3497 3309 3551 τὸ
3358 3501 3520 3570 σῶμα
3562 3499 3683 3553 λώ-

2042 3574 2169 3649 ϐην,
2200 3579 2235 3647 ἢ
2290 3576 2488 3634 δύναιτ’
2519 3580 2578 3634 ἂν
2624 3583 2715 3636 καὶ
2762 3581 3093 3662 ἐπιστροφῆς
3141 3586 3330 3659 καιρὸν
3379 3593 3678 3662 παρασχεῖν

2041 3672 2121 3739 τῷ
2172 3671 2595 3746 τιμωρουμέγῳ.
2653 3675 2721 3744 τῇ
2769 3676 2867 3726 τοῦ
2931 3672 3135 3751 χρόνου
3201 3675 3518 3750 παρατάσει,
3591 3680 3681 3732 καὶ

2039 3761 2145 3812 τῶν
2196 3758 2564 3834 ἐπταισμένων
2618 3761 2925 3834 μετάνοιαν.
2988 3768 3122 3816 ilict
3180 3763 3285 3840 γὰρ
3328 3769 3447 3827 τοῖς
3486 3766 3678 3838 νόμοις

2038 3852 2146 3902 τῶν
2173 3853 2375 3923 νεαρῶν
2410 3851 2496 3904 ἐπὶ
2525 3851 2587 3905 τὸ
2618 3851 3126 3927 φιλανθρωπότερον
3175 3851 3326 3908 δοκεῖ
3367 3857 3495 3917 τοὺς
3538 3875 3678 3929 προ-

2044 3936 2309 4002 λαϐόντας
2349 3941 2739 4015 ἑρμηνεύεσθαι
2788 3942 3015 4014 νόμους,
3067 3945 3156 3997 καὶ
3212 3944 3353 4000 οὕτω
3397 3945 3490 4006 τὰς
3542 3947 3674 4000 ἀπο-

2040 4031 2226 4106 φάσεις
2257 4031 2515 4105 γίνεσθαι.
2554 4031 2616 4089 Εἰ
2656 4029 2715 4086 δὲ
2762 4032 2814 4086 οἱ
2862 4031 3143 4087 πολιτικοὶ
3174 4035 3334 4105 νόμοι
3386 4034 3528 4089 οὕτω
3580 4056 3676 4109 με·

2037 4128 2389 4177 ταποιοῦνται
2447 4121 2879 4201 φιλανθρωπίας,
2937 4122 3135 4195 πολλῷ
3188 4123 3401 4195 μᾶλλον
3459 4126 3509 4178 οἱ
3576 4131 3674 4194 τῆς

2034 4210 2360 4282 Ἐκκλησίας
2396 4232 2408 4244 ·
2460 4213 2737 4268 ἐκκόπτειν
2787 4212 2886 4285 γὰρ
2935 4216 3029 4266 τοῦ
3079 4212 3331 4285 σώματος
3378 4217 3483 4267 τῶν
3535 4215 3672 4288 Χρι-

2036 4313 2260 4361 στιανῶν
2313 4307 2439 4366 τοὺς
2496 4301 2800 4378 αἱρετικοὺς
2839 4299 3217 4376 δεδιδάγμεθα,
3274 4304 3407 4375 πρὸς
3471 4299 3528 4356 δὲ
3584 4302 3673 4357 καὶ

2032 4397 2159 4457 νοὺς
2214 4390 2443 4455 ἇῖὸποις
2510 4390 2863 4469 ἐνεχομένους
2926 4390 3259 4464 ἐγκλήμασι,
3319 4395 3675 4466 τιμωρεῖσθαι

2035 4481 2092 4539 δὲ
2135 4485 2196 4538 οὐ
2250 4485 2664 4557 μεμαθήκαμεν,
2713 4479 2840 4536 ἀλλ’
2887 4481 3231 4554 ἀμεταθέτως
3298 4479 3548 4561 ἔχοντας’
3597 4490 3676 4557 τῷ

1959 4569 2005 4633 D
2035 4573 2308 4646 πολιτικῴ
2336 4573 2492 4646 νόμῳ
2538 4568 2916 4647 παραδιδόναι,
2949 4574 3023 4632 ὡς
3078 4570 3214 4643 πρὸς
3254 4576 3361 4627 τῶν
3395 4572 3675 4648 ἀρχόντων

2030 4665 2123 4727 τὰς
2154 4670 2273 4719 κατ’
2294 4665 2471 4719 αὐτῶν
2502 4661 2797 4737 ἀπόφάσεις
2827 4660 3160 4740 ἐκφέρεσθαι,

2250 4756 2509 4810 ΚΕΦΔΛ.
2539 4759 2592 4808 I'.
2624 4749 2780 4825 Περὶ
2814 4751 3478 4829 μιαροφαγησάντων.

2112 4843 2177 4901 '0
2233 4843 2387 4920 ἅγιος
2442 4842 2743 4917 Γρηγόριος
2797 4841 2825 4894 ὁ
2890 4839 3310 4914 Θαυματουργὸς
3368 4841 3421 4895 ἐν
3491 4847 3570 4915 τῷ
3645 4865 3678 4899 α

2040 4933 2243 4999 κανόνι,
2291 4932 2368 4989 Οὐ
2427 4933 2645 5005 βαρεῖαν
2708 4928 2946 5003 ἐμποιεῖ,
2979 4929 3133 5003 φησὶ,
3184 4930 3285 4999 τὴν
3348 4927 3581 5004 βλάϐην,
3629 4934 3676 4988 εί

2038 5026 2146 5076 τῶν
2190 5020 2240 5074 ἐν
2301 5024 2416 5083 τοῖς
2467 5015 2760 5095 βαρϐάροις
2819 5018 3283 5092 ἃπηγορευμένων
3347 5020 3674 5095 βρωμάτων,

2039 5112 2074 5180 ἢ
2132 5112 2221 5164 καὶ
2276 5108 2655 5166 εἰδωλοθύτων
2714 5106 2998 5182 ἐγεύσαντο
3056 5108 3108 5161 οἱ
3165 5106 3547 5183 αἰχμάλωτοι,
3602 5109 3673 5167 δι’

2038 5200 2269 5275 ἀνάγκην
2326 5202 2416 5254 καὶ
2471 5198 2592 5273 βίαν
2651 5197 2992 5271 σωματικὴν,
3039 5203 3140 5266 τῆς
3204 5196 3413 5270 φύσεως
3465 5208 3674 5279 τραφῇ.

2034 5309 2122 5342 ναι
2173 5288 2520 5364 βιαζομένης.
2580 5284 2750 5349 Δῦτὸς
2806 5285 2908 5361 γὰρ
2964 5275 3182 5360 εἴρηκε,
3233 5284 3262 5338 6
3313 5288 3531 5360 Σωτὴρ,
3580 5275 3674 5344 ⁷ὅτι

2036 5401 2065 5430 ‹‹
2088 5378 2164 5434 Οὐ
2191 5378 2257 5432 τὰ
2294 5377 2717 5450 εἰσπορευόμενα
2746 5376 2821 5440 εἷς
2850 5378 2947 5446 τήν
2992 5373 3209 5431 κοιλίαν
3251 5381 3435 5429 κοινοῖ
3462 5379 3554 5431 τὸν
3588 5375 3673 5433 ἄν·

2035 5467 2273 5539 θρωπον,
2314 5465 2462 5521 ἀλλὰ
2514 5466 2582 5521 τὰ
2637 5465 3055 5540 ἐκπορευόμενα.
3110 5484 3137 5515 ι
3177 5461 3274 5517 Διά
3328 5485 3387 5537 γε
3440 5467 3548 5536 μὴν
3571 5468 3670 5535 τὴν

2035 5555 2398 5635 μιαροφαγίαν
2439 5557 2676 5625 ἡττόνως
2743 5554 3252 5627 ἐπιτιμηθήσονται,
3314 5554 3359 5606 εὶ
3415 5555 3504 5607 καὶ
3567 5561 3666 5622 τῆς

2030 5645 2427 5719 νενομισμένης
2504 5652 2711 5723 τροφῆς
2792 5642 2993 5718 ἀπορίᾳ
3089 5646 3199 5697 τῶν
3288 5639 3663 5717 ἀπειρημένων
