4098 6332
373 343 457 406 29
1401 349 1825 412 SYNTAGMA
1866 352 2022 412 ALP

2146 349 2502 414 BETICUM.
2553 384 2628 396 -—
2674 352 2748 410 Μ.
3705 353 3784 411 30

376 477 608 550 ἥψαντο,
653 473 910 540 δουλείας
987 476 1132 553 ζυγῷ
1195 479 1547 553 πιεζόμενοιο
1607 479 1654 535 εἰ
1704 478 1761 535 δὲ
1813 483 2024 568 τρυφὴν

2146 484 2396 555 tigerunt
2429 499 2442 538 :
2471 482 2588 539 sint
2615 499 2745 538 vero
2770 482 2929 538 luxui
2961 481 3212 538 maxime
3239 482 3447 538 deditit
3471 483 3560 538 sin
3591 487 3650 540 et
3677 499 3782 540 vo-

375 566 502 640 περὶ
539 567 794 629 πλείονος
840 567 1165 640 ποιούμενοι
1214 569 1305 623 καὶ
1353 567 1708 646 ἀδδηφαγίαν,
1741 567 1866 626 οὐδὲ
1917 566 2023 624 τῶν

379 657 810 730 μεμολυσμένων
857 657 1188 734 ἀπέσχοντο,
1240 656 1652 732 διαϐέϐληνται,
1686 660 1771 717 διὸ
1825 660 1892 730 δὴ
1936 664 2026 717 καὶ

377 743 741 825 σφοδρότερον
801 747 1314 820 ἐπιτιμηθήσονται.
1376 753 1534 822 Ζήτει
1595 753 1683 806 καὶ
1743 752 1796 806 ἐν
1857 755 1936 823 τῷ
1984 770 2029 806 α’

375 857 498 914 κεφ.
530 841 626 892 τοῦ
657 843 698 894 Δ
749 840 1031 914 στοιχείου
1075 841 1268 895 κανόνα
1316 841 1358 911 ζ’
1384 845 1483 907 τῆς
1532 840 1584 896 ἐν
1616 840 1850 916 ’Δγκόρᾳ
1892 863 2025 896 συν-

377 923 532 983 όδου.

490 1038 750 1094 ΚΕΦΑΛ.
791 1041 900 1095 IA'.
936 1038 1090 1111 Περὶ
1135 1037 1356 1110 μίμων
1396 1039 1505 1094 καί
1545 1044 1900 1110 σκηνικῶν.

451 1127 510 1180 Ὀ
569 1128 644 1200 ξγ⁹
687 1135 786 1198 τῆς
846 1127 898 1183 ἐν
979 1127 1279 1202 Καρθαγὲνῃ
1353 1127 1576 1184 συνόδου
1651 1131 1824 1184 κανὼν
1899 1131 2025 1192 τοὺς

381 1217 594 1288 μίμους
638 1219 726 1272 καί
786 1217 1102 1286 σκηνικοὺς,
1150 1217 1210 1272 ἐκ
1249 1225 1350 1287 τῆς
1394 1217 1694 1290 ἒλληνικῆς
1753 1220 2028 1294 ὡρμημέ-

378 1326 505 1366 νους
564 1307 878 1380 θρησκείας,
935 1307 1024 1362 καὶ
1085 1308 1536 1381 βαπτισαμὲνους,
1595 1310 1672 1380 μή
1729 1307 2029 1383 ἀναγκάζε-

379 1397 507 1449 σθαι
539 1395 692 1458 αὖθις
722 1401 994 1470 παρεγγυᾷ
1027 1397 1130 1452 ὑπὸ
1171 1401 1270 1451 τοῦ
1318 1395 1500 1469 δήμου
1537 1398 1605 1452 τὰ
1648 1401 1746 1465 τῆς
1792 1398 2027 1460 παλαιᾶς

383 1483 630 1558 μετιέναι
678 1486 886 1552 κακίας,
933 1485 978 1540 εἰ
1027 1488 1117 1542 καὶ
1163 1484 1346 1561 ὥσπερ
1406 1508 1460 1542 τι
1515 1485 1891 1562 λειτούργημα
1934 1489 2025 1542 καὶ

378 1575 755 1649 ἀπαραίτητον
789 1573 950 1649 χρὲος
1000 1575 1088 1630 καί
1127 1575 1343 1636 ἄκοντες
1386 1574 1633 1632 εἷλκοντο
1680 1582 1848 1632 ταῦτα
1906 1575 2025 1630 ἐπι-

379 1661 716 1732 δείκνυσθαι,
751 1666 888 1719 κατά
922 1685 974 1719 τι
1022 1665 1253 1721 παλαιὸν
1303 1664 1446 1735 ἔθος,
1474 1665 1528 1720 ἐν
1575 1671 1692 1728 ταῖς
1744 1665 2023 1741 μεγίσταις

376 1753 474 1808 καὶ
529 1753 768 1826 μάλιστα
821 1757 929 1808 τῶν
985 1751 1222 1821 πόλεων,
1253 1751 1379 1809 ἔνθα
1433 1755 1524 1810 καὶ
1577 1756 1642 1810 τὰ
1695 1754 1890 1828 θέατρα
1936 1756 2020 1824 ἦν.

2137 572 2388 640 racitati,
2447 588 2636 644 neque
2694 572 2766 626 ab
2813 571 3058 643 impuris
3115 569 3548 640 abstinuerunt,
3598 572 3789 643 pmnia

2137 661 2367 716 obnoxii
2400 666 2575 716 sunt:
2610 677 2726 731 qua
2757 664 2990 732 propter
3018 663 3076 715 et
3102 659 3348 728 graviori
3373 659 3655 731 supplicio
3673 676 3777 731 pu-

2139 751 2389 805 nientur.
2411 752 2612 817 Quaere
2631 749 2807 804 etiam
2841 749 2898 804 in
2933 749 2957 803 1
2983 747 3170 817 capite
3201 748 3402 805 litteras
3427 750 3471 804 A
3499 763 3781 805 canonem

2135 840 2170 892 7
2199 843 2515 913 Ancyrana
2542 837 2762 910 synodi.

2471 1038 2629 1094 CAP.
2662 1037 2763 1092 XI.
2795 1037 2869 1092 De
2893 1038 3076 1092 mimi:
3107 1043 3161 1091 et
3189 1035 3438 1092 scenicis.

2207 1127 2678 1200 Carthaginensis
2707 1142 2832 1195 syn.
2871 1125 2942 1178 63
2985 1127 3175 1181 "canon
3226 1124 3436 1182 mimos
3484 1129 3544 1181 et
3589 1127 3781 1182 sceni-

2137 1235 2235 1273 cos
2267 1235 2336 1272 ex
2363 1217 2688 1272 Graecorum
2723 1213 3125 1286 superstitione
3154 1228 3459 1270 conversos
3497 1218 3557 1269 et
3586 1215 3782 1287 bapti-

2135 1316 2291 1364 zatos
2323 1325 2355 1363 a
2383 1305 2598 1377 populo
2628 1305 2935 1376 antiquam
2963 1303 3242 1358 malitiam
3274 1319 3480 1358 rursus
3507 1303 3782 1361 exhibere

2135 1398 2260 1470 cogi
2293 1397 2629 1461 interdicit;
2661 1395 2792 1451 licet
2829 1398 3110 1464 tanquam
3150 1394 3409 1450 ol‘licium
3455 1394 3694 1466 aliquod
3723 1401 3782 1453 et

2134 1485 2526 1543 inexcusabile
2568 1485 2828 1541 debitum
2885 1484 3057 1540 etiam
3106 1483 3270 1539 inviti
3329 1484 3402 1539 ad
3455 1499 3525 1540 ea
3581 1485 3780 1544 munia

2129 1577 2294 1646 juxta
2321 1575 2624 1648 antiquam
2653 1573 2910 1645 aliquam
2950 1572 3434 1629 consuetudinem
3465 1573 3778 1631 traheban-

2131 1672 2246 1734 tur,
2280 1666 2337 1721 in
2389 1664 2611 1736 magnis
2656 1662 2979 1736 presertim
3027 1661 3384 1728 civitatibus,
3419 1661 3516 1718 ubi
3549 1661 3780 1720 theatra

2132 1757 2383 1813 fuerunt.
2432 1755 2746 1810 Mimorum
2798 1769 2965 1823 porro
3007 1756 3064 1808 et
3110 1751 3500 1820 scenicorum,
3543 1751 3638 1823 qui
3688 1751 3778 1808 di-

377 1845 504 1896 Τῶν
539 1839 609 1909 δὴ
639 1841 823 1914 μίμων
867 1843 956 1896 καὶ
999 1847 1292 1914 σκηνικῶν,
1323 1848 1430 1900 τῶν
1482 1842 1712 1920 διάφορα
1755 1843 2022 1919 πρόσωπα

2146 1862 2326 1902 Icrsss
2392 1845 2616 1902 scilicet
2691 1857 2970 1915 personas
3027 1841 3337 1896 imitantur
3392 1847 3449 1897 et
3501 1840 3780 1897 simulant

380 1929 606 2000 δηλαδὴ
688 1931 1044 2006 μιμουμένων
1123 1933 1213 1988 καὶ
1299 1933 1741 2008 ὑποκρινομένοιν
1807 1937 2032 2006 (σκηνὴν

378 2021 490 2094 γάρ
551 2021 773 2094 λέγουσι
831 2022 930 2088 την
980 2020 1308 2096 ὑπόκρισιν),
1337 2023 1465 2084 τοὺς
1511 2023 1606 2097 μὲν
1661 2025 1750 2080 ὑπ’
1781 2021 1903 2097 ὄψιν
1934 2030 2031 2080 τοῦ

379 2107 660 2183 βασιλέως
729 2113 898 2163 ταῦτα
974 2107 1461 2183 ὑποκρινομένους,
1517 2110 1767 2182 ἐντίμους
1841 2108 2031 2187 ἔχουσι

373 2205 484 2267 τῆς
513 2197 794 2262 πολιτείας
828 2199 878 2252 οἱ
910 2196 1070 2269 νόμοι
1103 2217 1117 2231 '
1151 2196 1204 2252 o'i
1233 2219 1298 2274 γε
1328 2200 1436 2271 μὴν
1467 2199 1519 2254 ἐν
1565 2200 1897 2275 πανηγύρεσι
1943 2189 2037 2257 καἱ

376 2286 582 2360 δήμων
613 2285 813 2349 ἄλλαις
840 2289 1081 2357 συνάξεσι
1112 2286 1330 2364 γέλωτα
1358 2294 1474 2350 τοῖς
1515 2291 1684 2363 ὁρῶσι
1731 2295 2032 2354 κινοῦντες,

370 2384 498 2442 τοῖς
555 2377 642 2433 ἐπὶ
703 2377 907 2454 κόρῥης
963 2378 1264 2451 ῥαπίσμασι
1320 2379 1411 2433 καὶ
1475 2383 1784 2459 ψοφήμασι,
1843 2381 2028 2455 ἄτιμοι

373 2474 502 2530 τοῖς
533 2467 730 2540 νόμοις
763 2465 1098 2542 λογίζονται.

450 2561 613 2628 Ζήτει
666 2556 720 2612 ἐν
767 2561 846 2628 τῷ
893 2560 945 2627 η’
973 2578 1096 2634 κεφ.
1123 2562 1221 2611 τοῦ
1273 2564 1310 2610 Δ
1358 2561 1638 2636 στοιχείου
1687 2562 1877 2615 κανόνα
1917 2554 2032 2635 ρκθ¹

371 2655 480 2716 τῆς
510 2645 567 2702 ἐν
615 2645 928 2722 Καρθαγένῃ
979 2643 1226 2716 συνόδου,
1259 2646 1347 2701 καὶ
1391 2646 1443 2701 ἐν
1491 2652 1571 2720 τῷ
1612 2650 1658 2703 α’
1697 2671 1817 2723 κεφ.
1849 2656 1946 2706 τοῦ
1991 2661 2030 2709 Θ

372 2735 667 2812 στοιχείου
694 2737 886 2791 κανόνα
904 2737 981 2790 να¹
1007 2743 1108 2806 τῆς
1139 2738 1184 2800 ς’
1214 2734 1463 2793 συνόδου.

672 2844 930 2900 ΚΕΦΛΛ.
975 2845 1077 2898 lB'.
1120 2841 1276 2915 Περί
1319 2840 1726 2914 μισθώσεως.

1087 2933 1321 3006 Νόμομ

452 3024 582 3078 Ἐάν
625 3023 802 3098 χωρὶς
832 3020 1012 3084 αἰτίας
1052 3022 1357 3095 καταλείπῃ
1388 3023 1480 3077 τὸν
1527 3023 1694 3098 ἀγρὸν
1744 3027 1773 3080 ὁ
1827 3030 2034 3100 μισθω-

373 3113 639 3184 σάμενος,
697 3115 803 3180 πρὸ
869 3109 1319 3185 συμπληρώσεως
1375 3116 1470 3167 τοῦ
1525 3115 1755 3188 χρόνου,
1813 3115 2032 3173 δίδωσιν

373 3199 518 3255 ὅλου
548 3203 646 3254 τοῦ
679 3200 882 3274 χρόνου
913 3200 1007 3255 τὸν
1039 3201 1248 3270 μισθόν.

452 3294 512 3345 '0
547 3289 962 3362 μισθωσάμενος
1000 3286 1173 3344 ’ίππον
1202 3287 1289 3345 ἐπὶ
1339 3289 1402 3344 τὸ
1455 3291 1713 3363 βαστάσαι
1741 3313 1793 3348 τι
1835 3291 2029 3370 δῆλον,

373 3380 472 3436 καὶ
523 3381 820 3454 βαρύτερον
879 3379 1080 3440 ἐπιθεὶς
1147 3379 1236 3434 καὶ
1298 3377 1538 3455 βλάψας,
1595 3381 1837 3457 ἐνέχεται
1900 3387 2032 3463 ὑπὲρ

373 3477 482 3538 τῆς
517 3465 753 3544 βλάϐης.

454 3559 580 3615 Ἐὰν
637 3560 916 3638 χρήσηταί
966 3579 1048 3620 τις
1095 3555 1254 3630 ’ίππῳ
1311 3554 1416 3622 ἕως
1467 3559 1772 3635 ὡρισμένου
1834 3563 2031 3640 τόπου,

379 3651 524 3725 ὑπὲρ
579 3649 638 3704 δὲ
690 3653 883 3703 τοῦτον
931 3647 1199 3726 ἀπενέγκῃ
1253 3647 1288 3717 ἢ
1347 3648 1560 3725 πέμψῃ,
1597 3655 1698 3721 τήν
1748 3648 2026 3726 συμϐᾶσαν

375 3741 468 3797 ἐπ’
515 3740 666 3810 αὖτῷ
718 3735 932 3811 βλάϐην
963 3737 999 3806 ἢ
1041 3739 1290 3808 θάνατον,
1320 3739 1413 3793 τὸν
1467 3741 1814 3814 χρησάμενον
1875 3744 2028 3816 ὁρᾷν,

374 3833 470 3886 καὶ
501 3832 565 3885 τὸ
595 3831 830 3901 ἀζήμιον
859 3830 1130 3884 ποιεῖσθαι
1158 3831 1256 3883 τοῦ
1283 3829 1474 3902 κυρίου
1506 3833 1608 3884 τοῦ
1633 3829 1828 3888 ἵππου.

452 3993 530 4046 Οὐ
581 3988 801 4046 δύναται
850 3986 1101 4045 ἐκϐαλεῖν
1145 3988 1344 4044 ἄκοντα
1391 3992 1480 4046 τὸν
1537 3992 1948 4064 μισθωσάμενον
1996 3996 2024 4048 ὁ

378 4083 684 4157 μισθώσας,
714 4081 821 4154 πρὸ
846 4083 941 4134 τοῦ
969 4077 1278 4153 ὡρισμένου
1311 4081 1534 4154 χρόνου,
1565 4081 1662 4136 κᾶν
1707 4081 1880 4144 ἄλλος
1929 4080 2026 4140 αδ-

370 4175 475 4227 τοῦ
522 4169 757 4225 πλείονα
813 4169 1078 4243 εἶσαγάγῃ
1141 4169 1491 4241 μισθώματα,
1538 4170 1628 4224 καὶ
1693 4169 1752 4226 ἂν
1818 4171 2022 4244 εὐγνω-

377 4266 528 4336 μονῇ
560 4258 760 4321 ἐκεῖνος
788 4259 912 4332 περὶ
959 4259 989 4313 ὃ
1020 4255 1356 4334 ὡμολόγησε
1388 4255 1567 4314 δοῦναι
1612 4259 1889 4334 μίσθωμα.

685 4388 934 4439 ΚΕΦΛΓ.
976 4383 1075 4440 Il".
1119 4383 1277 4457 Περὶ
1331 4384 1710 4454 μνηστείας.

1077 4489 1325 4563 Νόμος.

2132 1935 2392 2008 (scenam
2433 1933 2590 1990 enim
2621 1931 3057 1990 simulationem
3105 1929 3342 2001 vocant)
3371 1945 3470 1985 eos
3513 1928 3774 2001 quidem,

2133 2026 2233 2097 qui
2256 2027 2314 2082 in
2345 2023 2713 2098 imperatoris
2731 2026 3045 2094 conspectu
3075 2020 3196 2076 haec
3216 2019 3516 2087 simulant,
3536 2019 3776 2077 honora-

2134 2117 2280 2173 biles
2311 2115 2581 2187 judicant
2609 2113 2766 2185 leges
2795 2111 3034 2178 civiles;
3065 2110 3167 2184 qui
3197 2127 3328 2167 vero
3364 2110 3425 2166 in
3455 2124 3772 2182 congrega-

2133 2206 2388 2262 tionibus
2434 2208 2492 2259 et
2528 2202 2659 2260 aliis
2708 2199 3057 2273 populorum
3096 2199 3482 2257 conventibus
3547 2197 3770 2254 mutuis

2133 2294 2471 2350 verberibus
2501 2291 2687 2347 risum
2733 2289 3153 2362 spectatoribus
3199 2298 3448 2357 movent,
3479 2304 3514 2345 a
3542 2286 3772 2360 legibus

2133 2385 2383 2441 infames
2403 2381 2764 2454 judicantur.

2204 2575 2403 2635 Quaere
2431 2568 2490 2625 in
2519 2569 2554 2622 8
2583 2568 2770 2636 capite
2813 2564 3001 2619 littera
3045 2568 3082 2614 Δ
3115 2578 3246 2618 can.
3283 2563 3385 2618 l29
3437 2561 3774 2634 Carthagin.

2135 2675 2288 2730 syu.,
2320 2663 2378 2713 et
2407 2656 2466 2713 in
2498 2655 2682 2728 primo
2712 2651 2900 2724 capite
2940 2651 3138 2707 litteras
3167 2657 3208 2704 Θ
3247 2667 3376 2707 can.
3407 2651 3472 2707 51
3505 2655 3648 2708 sext.
3681 2667 3776 2723 sy-

2134 2747 2291 2804 nodL

2575 2852 2730 2909 CAP.
2763 2849 2883 2906 XII.
2915 2852 2993 2906 De
3019 2848 3337 2906 elocutione.

2862 2941 3043 3007 Leges.

2206 3034 2264 3090 Si
2293 3033 2608 3089 conductor
2636 3034 2772 3086 ante
2790 3034 3025 3101 tempus
3049 3026 3455 3084 conductionis
3484 3026 3780 3098 expletum

2136 3124 2264 3182 sine
2295 3139 2475 3179 causa
2505 3121 2751 3176 fundum
2783 3118 3124 3187 deseruerit,
3153 3117 3332 3173 totius
3373 3115 3648 3188 temporis
3691 3131 3781 3172 re-

2059 3232 2103 3297 c
2141 3215 2328 3270 ditum
2359 3211 2648 3286 persolvit.

2209 3304 2270 3360 Si
2300 3303 2436 3375 quis
2465 3316 2678 3374 equum
2713 3296 3054 3356 conduxerit
3082 3298 3152 3353 ad
3189 3300 3416 3352 certum
3457 3310 3605 3352 onus
3645 3309 3777 3367 por-

2137 3394 2400 3460 tandum,
2425 3406 2678 3463 eumque
2724 3386 2971 3459 graviori
3021 3403 3195 3442 onere
3233 3385 3511 3457 imposito
3549 3383 3778 3450 luserit,

2136 3499 2205 3538 ex
2235 3484 2450 3539 damno
2480 3485 2724 3537 tenetur.

2206 3571 2267 3628 Si
2298 3571 2428 3643 quis
2457 3571 2528 3626 ad
2560 3570 2754 3626 locum
2785 3581 2972 3638 usque
3003 3565 3371 3638 designatum
3414 3561 3778 3620 commodato

2135 3661 2420 3732 acceperit
2445 3675 2687 3731 equum,
2721 3659 2872 3715 ultra
2901 3664 3095 3714 autem
3143 3654 3309 3711 illum
3341 3652 3429 3708 vel
3469 3651 3651 3724 egerit
3689 3650 3777 3710 vel

2135 3751 2379 3818 miserit,
2410 3753 2482 3807 de
2514 3753 2729 3806 damno
2765 3750 2853 3806 vel
2907 3753 3111 3814 morte,
3143 3762 3267 3816 quas
3313 3743 3396 3798 illi
3444 3741 3779 3812 contingere

2133 3840 2378 3911 possint,
2403 3840 2610 3896 viderit
2631 3840 2774 3911 ipse,
2798 3839 2898 3912 qui
2931 3842 3134 3894 mutuo
3165 3834 3389 3904 accepit
3413 3851 3428 3902 ;
3461 3837 3537 3900 et,
3563 3838 3627 3888 ut
3641 3831 3774 3902 equi

2132 3929 2406 3986 dominus
2433 3929 2730 3986 indemnis
2759 3930 2857 3997 sit,
2887 3943 3085 3985 curare
3111 3931 3357 3982 tenetur.

2204 4025 2442 4076 Locator
2469 4025 2603 4075 ante
2649 4019 3034 4076 constitutum
3080 4021 3314 4087 tempus
3361 4013 3772 4069 conductorem

2131 4110 2374 4166 invitum
2405 4111 2611 4181 ejicere
2641 4126 2756 4165 non
2789 4113 2994 4181 potest,
3024 4107 3157 4162 licet
3195 4105 3345 4162 alius
3395 4103 3644 4174 majores
3675 4100 3774 4155 illo

2131 4199 2352 4254 dederit
2381 4199 2723 4269 pensiones;
2746 4199 2793 4254 si
2827 4197 3076 4253 libenter
3103 4194 3276 4251 etiam
3310 4193 3669 4265 pensionem,
3702 4190 3774 4245 de

2133 4304 2250 4359 qua
2279 4289 2428 4360 pacti
2459 4292 2624 4357 sunt,
2649 4287 2893 4344 dederit.

2440 4393 2594 4450 18³
2622 4392 2777 4450 CAP.
2809 4391 2959 4448 Xlll.
2992 4393 3064 4448 De
3091 4389 3460 4462 sponsalibus.

2889 4500 3018 4555 Lex.

446 4583 512 4639 Ὁ
552 4583 652 4650 τήν
707 4577 841 4635 ἰδίαν
890 4582 1130 4654 μνηστὴν
1168 4581 1275 4653 πρὸ
1312 4587 1412 4650 τῆς
1447 4576 1615 4652 ἥϐης,
1643 4580 1767 4652 ἤτοι
1812 4587 1906 4638 τοῦ
1953 4574 2026 4660 ιγ’

2203 4588 2310 4653 Qui
2366 4604 2530 4644 suam
2588 4605 2865 4661 sponsam
2927 4593 3062 4644 ante
3118 4591 3368 4654 aetatem,
3429 4584 3650 4640 scilicet
3706 4583 3772 4638 13

367 4673 610 4752 χρόνου,
644 4668 882 4749 φθείρας,
916 4670 962 4724 εἰ
997 4671 1094 4743 μὶν
1125 4671 1177 4724 οἱ
1215 4677 1316 4738 τῆς
1348 4673 1516 4746 κόρης
1557 4679 1736 4747 γονεῖς
1777 4672 1838 4728 οὐ
1889 4675 2025 4750 βούη

2146 4693 2440 4745 annorum,
2472 4677 2654 4744 vitiat,
2685 4677 2735 4733 si
2782 4678 3018 4749 quidem
3067 4675 3310 4748 virginis
3359 4677 3622 4746 parentes
3655 4672 3772 4728 hanc

367 4761 573 4817 λονται
622 4760 722 4828 τήν
769 4758 1023 4830 τοιαύτην
1069 4755 1322 4815 διαλῦσαι
1369 4761 1685 4832 μνηστείαν,
1716 4763 2020 4835 ἀναμενέτω

363 4854 471 4907 τοῦ
521 4850 710 4924 γάμου
754 4849 846 4902 τὸν
889 4847 1112 4926 χρόνον.
1153 4848 1217 4906 Εἰ
1264 4846 1320 4903 δὲ
1365 4846 1453 4903 διὰ
1500 4853 1598 4918 τήν
1656 4852 1855 4929 φθορὰν
1907 4849 2025 4906 δια-

367 4939 536 4995 λῦσαι
574 4935 892 5011 βούλονται,
923 4935 1413 5012 ἀπαρεμποδίστως
1454 4939 1486 5007 ἡ
1537 4959 1760 5008 τοιαυτη
1814 4938 2023 4995 λυέσθω

370 5026 664 5103 μνηστεία,
712 5024 804 5080 καὶ
863 5025 890 5078 ὁ
941 5025 1170 5103 φθορεὺς
1223 5033 1322 5096 τῆς
1381 5023 1518 5088 ἰδίας
1575 5026 1739 5082 αὐτοῦ
1789 5029 2024 5085 ὑποστά-

363 5141 508 5182 σεως
565 5118 629 5173 τὸ
683 5115 871 5190 τρίτον
931 5116 1090 5190 μέρος
1135 5120 1215 5188 τῷ
1275 5115 1424 5192 μέρει
1473 5115 1674 5172 διδότω
1701 5125 1802 5188 τῆς
1832 5119 2020 5195 κόρης.

346 5211 534 5288 ’Ζήτει
564 5207 656 5262 καὶ
685 5208 749 5262 τὸ
785 5207 845 5260 ιε’
875 5225 993 5282 κιφ.
1022 5210 1118 5261 τοῦ
1151 5213 1187 5260 Γ
1217 5208 1518 5282 στοιχείου.

701 5318 962 5370 ΚΕΦΔΛ.
1003 5314 1103 5369 ΙΔ’.
1139 5313 1296 5387 Περὶ
1349 5313 1683 5389 μοιχείας.

453 5410 500 5462 Ο
566 5403 790 5472 Νύσσης
853 5399 1025 5476 μέγας
1099 5404 1396 5477 Γρηγόριος
1446 5405 1500 5457 ἓν
1558 5409 1638 5476 τῷ
1692 5402 1765 5459 δι’
1818 5405 2018 5472 κανόνι,

2131 4765 2425 4838 sponsalia
2477 4765 2792 4823 dissolvere
2854 4765 3078 4834 nolunt,
3129 4763 3487 4821 matrimonii
3542 4769 3772 4832 tempus

2129 4859 2438 4926 exspectet.
2471 4855 2570 4911 Sin
2623 4871 2754 4911 vero
2803 4861 3036 4928 propter
3091 4852 3519 4925 corruptionem
3568 4849 3772 4906 volunt

2129 4943 2463 5005 dissolvere.
2511 4945 2634 5000 sine
2681 4945 3096 5014 impedimento
3144 4941 3431 5013 ejusmodi
3480 4939 3770 5012 sponsalis

2127 5031 2537 5100 dissolvantur,
2593 5037 2650 5089 et
2704 5039 3003 5106 corruptor
3069 5031 3352 5103 suiipsius
3428 5026 3768 5086 substantia:

2128 5121 2356 5176 tertiam
2391 5127 2611 5192 partem
2641 5122 2884 5194 virginis
2913 5123 3062 5193 parti
3100 5121 3215 5176 det.
3243 5120 3444 5185 Quaere
3485 5126 3540 5174 et
3569 5117 3641 5173 15
3669 5132 3765 5172 ca-

2127 5214 2233 5280 put
2254 5209 2458 5269 iltterie
2490 5215 2550 5266 Γ.

2573 5318 2725 5374 CAP.
2758 5318 2900 5374 XIV.
2935 5320 3013 5375 De
3039 5317 3330 5375 adulterio.

2197 5406 2444 5476 Magnus
2467 5407 2777 5480 Gregorius
2799 5408 3164 5482 Nyssenusin
3188 5409 3360 5465 tertio
3380 5409 3508 5479 ejus
3520 5420 3762 5474 canone,

361 5501 584 5570 Ἥρεσε,
640 5492 799 5568 φησί,
849 5492 957 5546 τισί
1010 5494 1120 5546 τῶν
1175 5487 1588 5566 ἀκριϐεστέρων,
1636 5493 1724 5549 καί
1771 5495 1833 5549 τὸ
1887 5496 2019 5549 κατὰ

2146 5497 2368 5562 ηεοιιὶῒ,
2401 5497 2610 5568 inquit,
2643 5499 3015 5555 subtiliorum
3042 5500 3317 5556 nonnulis
3363 5501 3537 5554 etiam
3587 5498 3761 5554 forni-

356 5587 461 5655 τήν
507 5583 768 5658 πορνείαν
824 5579 1223 5654 πλημμέλημκ
1263 5581 1518 5655 μοιχείαν
1571 5583 1702 5638 εἶναι
1752 5584 2014 5658 νομίζειν,

2121 5586 2367 5641 cationis
2397 5592 2694 5657 peccatum
2720 5590 3072 5645 adulterium
3095 5607 3221 5646 esse
3250 5590 3601 5655 existimare,
3624 5605 3757 5659 quo-

358 5674 502 5731 διότι
564 5670 667 5747 μία
734 5671 880 5727 ἐστίν
940 5673 976 5740 ἠ
1033 5667 1267 5742 νόμιμος
1345 5671 1570 5746 συζυγία
1645 5674 1732 5730 καὶ
1801 5675 2011 5752 γυναικί

2146 5672 2273 5729 liam
2309 5691 2425 5732 una
2447 5679 2535 5732 est
2562 5676 2822 5748 legitima
2851 5680 3209 5752 conjunctio,
3240 5689 3294 5738 et
3327 5677 3590 5736 mulieris
3618 5693 3752 5737 cum
