4098 6332
245 330 319 392 31
1521 343 1890 406 ΜΑΤἸἪΙΕΙ

2014 343 2367 406 .ASTABIS
3560 339 3636 402 32

243 463 467 550 viro,et
514 467 619 525 viri
649 486 780 526 cum
832 472 1094 530 muliere.
1127 477 1420 548 Quidquid
1471 495 1602 550 ergo
1651 496 1765 534 non
1805 482 1894 536 est

2014 477 2144 550 πρὸς
2197 471 2504 550 ἄνδρα,καὶ
2561 472 2712 549 ἀνδρὶ
2769 474 2904 550 πρὸς
2957 479 3205 550 γυναῖκα.
3261 477 3368 528 Πᾶν
3436 473 3527 528 οὖν
3578 493 3642 530 το

243 534 592 628 1egitimum,
615 564 704 616 est
733 561 972 620 omnino
1001 563 1111 637 legi
1143 569 1496 625 contrarium
1523 588 1538 637 ;
1561 576 1618 626 et
1649 571 1748 642 qui
1772 585 1886 624 non

248 643 423 702 habet
467 651 787 721 proprium,
821 651 996 710 habet
1043 656 1282 714 omnino
1328 659 1606 714 alienum.
1655 659 1888 715 Homini

247 736 405 791 enim
453 753 628 794 unaa
680 744 792 797 Deo
841 745 975 798 data
1021 750 1108 800 est
1153 747 1505 814 auxiliatrix,
1557 751 1615 804 et
1661 748 1888 806 mulieri

250 841 434 883 unum
464 829 797 899 appositum
828 837 918 888 est
946 839 1144 905 caput.
1177 835 1324 908 Ergo
1372 838 1422 893 si
1467 837 1602 910 quis
1650 840 1886 910 quidem

248 918 546 985 proprium
581 935 678 974 vas
707 936 880 976 suum
902 923 990 993 (ut
1018 923 1584 998 divinus'Apostolus
1603 927 1889 1000 nominat)

249 1003 362 1060 sibi
392 1005 500 1076 ipsi
549 1010 892 1078 possederit,
933 1013 984 1068 ei
1031 1012 1118 1068 lex
1167 1020 1389 1072 naturae
1433 1018 1662 1086 justum
1715 1034 1888 1074 usum

249 1097 530 1151 concedit.
565 1097 624 1153 Si
655 1099 784 1170 quis
813 1107 1002 1157 autem
1038 1112 1197 1160 extra
1228 1105 1524 1178 proprium
1575 1123 1890 1164 conversus

250 1184 446 1251 fuerit,
470 1187 576 1241 erit
605 1190 840 1245 omnino
874 1191 930 1245 in
961 1191 1180 1261 alieno;
1231 1195 1286 1250 id
1335 1200 1527 1252 autem
1577 1197 1890 1269 unicuique

251 1274 506 1330 alienum
529 1283 636 1346 est,
661 1280 813 1348 quod
863 1298 978 1336 non
1029 1292 1114 1338 est
1163 1285 1484 1356 proprium,
1506 1287 1730 1344 etiamsi
1764 1287 1890 1343 nul-

253 1363 372 1417 lurn
403 1365 706 1422 dominum
735 1369 791 1422 in
826 1371 1086 1428 confesso
1117 1373 1344 1431 habeat.
1375 1375 1501 1431 Non
1550 1377 1717 1449 longe
1753 1394 1890 1448 ergo

256 1462 549 1522 apeccato
605 1457 872 1513 aduletrii
921 1461 1358 1519 fornicationem
1416 1464 1632 1521 distare
1691 1467 1762 1522 ab
1819 1467 1893 1522 iis

251 1541 348 1610 qui
396 1558 516 1598 rem
573 1545 747 1615 paulo
803 1547 1142 1619 diligentius
1187 1553 1542 1622 examinant,
1593 1560 1892 1612 ostensum

251 1643 356 1707 est,
383 1656 516 1696 cum
549 1642 704 1698 dicat
730 1644 905 1700 etiam
935 1663 1101 1704 sacra
1127 1649 1441 1722 Scriptura.
1467 1649 1548 1708 Ne
1578 1653 1792 1708 multus
1811 1653 1894 1709 sis

252 1740 383 1780 cum
415 1725 622 1783 aliena.
659 1729 770 1784 Sed
803 1730 936 1800 quia
965 1749 1000 1788 a
1035 1733 1303 1790 Patribus
1350 1735 1712 1810 indulgentia
1742 1754 1896 1810 quea-

2005 565 2082 638 μή
2115 565 2374 638 νόμιμον,
2405 563 2718 638 παράνομον
2765 565 3000 634 πάντως,
3049 563 3140 618 καὶ
3195 563 3224 618 6
3271 565 3346 635 μή
3397 563 3458 617 τὸ
3508 560 3646 618 ἴδιον

1994 649 2141 730 ἔχων
2193 649 2408 722 δηλαδῆ
2467 653 2530 707 τὸ
2573 651 2870 728 ἀλλότριον
2913 649 3032 730 ἔχει
3067 671 3081 683 ·
3120 655 3199 724 τῷ
3244 653 3346 727 γάρ
3377 651 3645 726 ἀνθρώπῳ

1999 740 2100 814 μία
2130 739 2342 798 δέδοται
2390 743 2539 818 παρὰ
2588 746 2685 798 τοῦ
2733 746 2868 798 Θεοῦ
2924 743 3150 816 βοηθὸς,
3180 741 3270 796 καὶ
3319 743 3390 814 τῇ
3435 740 3644 816 γυναικὲ

2001 829 2097 903 μία
2153 830 2493 908 έφήρμοσται
2561 831 2794 910 κεφαλή.
2854 829 3093 900 Οὔκοῢν,
3151 829 3196 884 εἷ
3258 831 3352 904 μέν
3427 851 3510 890 τις
3581 828 3644 884 τὸ

1996 920 2138 977 ἴδιον
2189 921 2350 977 αὐτοῦ
2393 925 2602 994 σκεῦος,
2649 923 2826 985 καθὼς
2885 921 3142 996 ὀνομάζει
3191 922 3219 976 ὁ
3285 923 3428 982 θεῖος
3481 919 3646 978 Ἀπό-

1999 1009 2194 1072 στολος
2247 1011 2423 1083 ἑαυτῷ
2473 1013 2760 1082 κτήσαιτο,
2793 1017 3074 1088 συγχωρεῖ
3119 1013 3147 1066 6
3185 1013 3352 1084 νόμος
3399 1018 3502 1080 τῆς
3549 1010 3645 1087 φύ-

1997 1121 2132 1162 σεως
2189 1099 2288 1168 τήν
2338 1097 2550 1156 δικαίαν
2601 1109 2824 1177 χρῆσιν.
2857 1103 2922 1159 Εἰ
2973 1100 3031 1157 δέ
3065 1123 3149 1168 τις
3203 1097 3304 1174 ἔξω
3360 1107 3456 1156 τοῦ
3505 1098 3644 1157 ἰδίου

1995 1189 2250 1265 τραπείη,
2300 1189 2352 1244 ἐν
2393 1190 2678 1264 ἀλλοτρίῳ
2724 1191 2938 1254 πάντως
2985 1195 3302 1267 γενήσεται·
3353 1189 3644 1266 ἀλλότριον

1998 1277 2056 1335 δὲ
2084 1281 2294 1354 ἑκάστῳ
2325 1287 2426 1337 πᾶν
2476 1283 2540 1336 τὸ
2594 1283 2671 1354 μὴ
2711 1279 2884 1350 ’ίδιον,
2917 1283 3013 1336 κᾶν
3069 1285 3146 1356 μή
3197 1280 3642 1356 ὁμολογούμενον

1998 1367 2102 1445 ἔχῃ
2135 1370 2226 1424 τὸν
2266 1371 2596 1444 κυριεύοντα.
2631 1371 2842 1426 Οὐκοῦν
2892 1370 2954 1426 ού
2997 1370 3186 1446 πόῤῥω
3225 1373 3319 1426 τοῦ
3356 1373 3493 1426 κατὰ
3544 1373 3645 1439 τὴν

2003 1458 2265 1536 μοιχείαν
2313 1459 2810 1533 πλημμελήματος
2867 1461 2956 1515 καὶ
3025 1462 3060 1529 ἡ
3114 1461 3335 1535 πορνεία
3394 1465 3504 1522 ςοῖς
3556 1461 3646 1514 τὸν

1999 1544 2382 1623 ἀκριϐέστερον
2458 1547 2762 1620 ἐξετάζουσι
2831 1548 3098 1624 λογισμὸν
3163 1546 3406 1624 ἐδείχθη,
3457 1549 3648 1624 λεγοό-

2000 1657 2100 1706 σης
2126 1639 2348 1708 καὶτῆς
2381 1637 2523 1701 θείας
2573 1643 2815 1718 Γραφῆς,
2846 1641 2937 1708 Μὴ
2986 1637 3161 1700 πολὺς
3205 1637 3324 1693 ’ίσθι
3363 1641 3497 1715 πρὸς
3547 1639 3650 1694 ἀλ-

2001 1726 2240 1800 λοτρίαν.
2295 1728 2449 1797 Πλὴν
2503 1727 2633 1784 ἀλλ’
2676 1725 2866 1797 ἐπειδὴ
2912 1733 3030 1791 τοῖς
3085 1727 3482 1802 ἀσθενεστέροις
3529 1727 3651 1802 ἐγέ-

251 1815 384 1870 dam
411 1831 690 1873 concessa
730 1819 841 1874 fuit
868 1821 1366 1892 imbecillioribus,
1400 1825 1484 1882 vel
1525 1827 1894 1884 administra-

2014 1817 2122 1872 νετό
2172 1837 2257 1878 τις
2319 1815 2464 1892 παρά
2544 1823 2652 1872 τῶν
2713 1816 2964 1892 Πατέρων
3023 1817 3422 1896 συμπεριφορά,
3473 1815 3650 1872 ε’ίτουν

249 1903 332 1960 tio
387 1907 442 1959 et
501 1906 800 1976 demissio,
857 1909 1194 1966 distinctum
1271 1918 1359 1970 est
1435 1920 1730 1986 peccatum
1789 1916 1898 1973 hac

255 1995 510 2065 generali
544 1996 856 2067 divisione,
890 2003 1038 2071 quod
1085 2003 1388 2060 fornicatio
1418 2006 1654 2076 quidem
1685 2005 1901 2062 dicitur

255 2081 520 2138 libidinis
569 2084 842 2156 expletio,
884 2105 1015 2158 qua:
1056 2092 1124 2144 tit
1169 2091 1294 2147 sine
1332 2091 1452 2149 ulla
1499 2093 1748 2166 alicujus
1792 2095 1898 2152 viri

261 2171 515 2242 injuria;
547 2173 895 2232 adulterium
945 2194 1098 2245 vero,
1138 2180 1362 2236 insidia:
1411 2187 1467 2237 et
1509 2183 1744 2254 injuria,
1775 2200 1899 2255 quae

265 2260 433 2318 alteri
487 2261 610 2319 viro
667 2264 1008 2323 inferuntur.
1042 2268 1374 2326 Universale
1424 2272 1596 2328 etiam
1655 2278 1745 2328 est
1772 2275 1900 2344 ejus

266 2351 607 2420 remedium,
641 2359 766 2410 uta
797 2357 1076 2413 concitata
1123 2359 1181 2414 in
1233 2360 1522 2432 ejusmodi
1578 2362 1902 2435 voluptates

267 2439 426 2497 rabie
448 2457 548 2512 per
578 2445 976 2514 paenitentiam
1013 2445 1186 2504 homo
1218 2467 1396 2522 purus
1426 2450 1729 2508 efﬁciatur.
1756 2453 1898 2521 Quo-

267 2529 424 2585 niam
458 2537 652 2587 autem
685 2534 758 2588 ab
804 2534 876 2590 iis
927 2535 1026 2608 qui
1077 2537 1450 2595 fornicatione
1497 2541 1702 2611 polluti
1741 2544 1899 2608 sunt,

262 2618 476 2688 injuria
507 2620 702 2692 aliqua
732 2639 866 2678 cum
899 2623 1008 2680 hoc
1035 2631 1266 2697 peccato
1297 2644 1410 2684 non
1453 2633 1542 2686 est
1571 2630 1898 2698 commissa,

261 2712 572 2781 propterea
617 2711 860 2783 duplum
917 2715 1313 2772 conversionis
1365 2721 1596 2790 tempus
1643 2720 1714 2776 iis
1758 2735 1902 2790 prae-

262 2799 551 2870 scriptum
601 2807 710 2868 est,
761 2803 862 2873 qui
906 2803 1192 2875 adulterio
1231 2807 1517 2878 inquinati
1565 2814 1727 2878 sunt,
1759 2825 1900 2881 quo-

260 2885 418 2942 niam
451 2888 688 2959 duplum
719 2895 808 2946 est
837 2907 1036 2948 eorum
1065 2900 1366 2965 peccatum
1395 2914 1408 2964 ;
1443 2913 1621 2953 unum
1664 2898 1900 2970 quidem

259 2976 318 3032 in
349 2977 557 3034 illicita
587 2979 900 3052 voluptate,
935 2983 1180 3040 alterum
1209 2991 1423 3054 autem,
1457 2987 1611 3058 quod
1653 2988 1712 3045 in
1743 2988 1902 3060 inju-

261 3065 366 3133 ria,
399 3083 524 3138 quae
575 3070 743 3126 alteri
798 3072 882 3138 ﬁt,
915 3075 1196 3130 consistit.
1235 3075 1376 3140 Quia
1420 3077 1598 3148 igitur
1640 3078 1740 3151 qui
1791 3079 1902 3135 for-

259 3157 546 3214 nicatione
573 3159 776 3231 polluti
824 3167 982 3226 sunt,
1016 3168 1148 3234 post
1178 3181 1381 3220 novem
1411 3183 1595 3222 annos
1639 3183 1902 3224 commu-

259 3247 433 3303 nione
463 3247 618 3320 digni
635 3251 994 3320 judicantur,
1017 3253 1286 3310 adulterii
1319 3263 1620 3326 peccatum
1641 3262 1900 3328 tempore

259 3335 606 3406 duplicatur,
658 3339 730 3394 ad
765 3341 1081 3397 octodecim
1139 3359 1326 3399 annos
1371 3349 1768 3415 protractum;
1821 3362 1906 3402 sc-

259 3425 520 3482 cundum
551 3425 838 3500 inquinati
871 3434 1064 3486 autem
1105 3431 1564 3503 dispositionem,
1597 3433 1684 3490 vel
1729 3433 1904 3491 citius

261 3515 348 3569 vel
381 3515 600 3572 tardius
644 3517 794 3574 sacri
829 3521 1088 3588 mysterii
1139 3521 1498 3594 participatio
1548 3524 1902 3581 conceditur.

263 3605 462 3669 Quaere
489 3606 658 3661 etiam
682 3607 937 3677 primum
960 3609 1088 3680 ejus
1109 3626 1387 3666 canonem
1415 3611 1474 3666 in
1497 3611 1688 3682 primo
1719 3612 1907 3682 capite

261 3689 463 3747 litterae
491 3696 558 3748 A.

332 3780 580 3853 Magnus
612 3785 862 3842 Basilius
895 3787 954 3843 in
981 3789 1053 3842 58
1080 3804 1210 3844 can.
1244 3789 1568 3846 adulterum
1602 3807 1704 3862 per
1731 3791 1904 3862 quin-

261 3869 447 3926 decim
479 3889 661 3929 annos
688 3893 718 3927 ιι
751 3879 1160 3935 communione
1190 3879 1362 3948 ejicit.

338 3960 660 4018 Vicesimus
689 3967 1006 4038 Ancyranae
1037 3986 1164 4041 syn.
1199 3988 1353 4038 can.,
1385 3971 1632 4026 adulteri
1665 3974 1720 4026 et
1749 3970 1909 4026 adul-

262 4053 396 4104 teras
427 4066 658 4119 ponam
690 4055 759 4109 ad
789 4062 1013 4126 septem
1044 4075 1228 4115 annos
1254 4061 1622 4126 contrahens,
1654 4066 1783 4133 post
1811 4061 1910 4118 ho-
1948 4104 1953 4108 .

266 4152 399 4191 rum
439 4137 822 4210 expletionem
876 4146 1028 4215 quod
1077 4146 1396 4216 perfectum
1453 4156 1540 4204 est
1587 4147 1718 4204 illos
1765 4159 1911 4206 asse“

267 4227 364 4297 qui
391 4227 630 4298 dignum
663 4235 876 4288 censet.

331 4315 737 4388 Sexagesimus
792 4323 1012 4392 primus
1059 4340 1193 4380 vero
1241 4330 1575 4382 sanctorum
1627 4327 1914 4400 apostolo-

265 4420 417 4472 rum,
443 4420 579 4464 eum
611 4409 710 4480 qui
758 4410 1184 4483 fornicationis,
1217 4416 1307 4470 vel
1356 4415 1647 4486 adulterii,
1678 4417 1767 4472 vel
1819 4417 1911 4473 ali-

262 4496 434 4566 cujus
464 4495 617 4554 alius
647 4500 949 4569 prohibita;
979 4503 1223 4559 actionis
1265 4506 1571 4563 manifesto
1614 4507 1912 4563 convictus

2009 1905 2300 1978 οἰκονομία
2347 1906 2439 1960 καὶ
2501 1902 2914 1980 συγκατάϐασις,
2962 1903 3204 1982 διεκρίθη
3263 1906 3325 1962 τὸ
3384 1906 3649 1982 πλημμέ-

2009 1993 2167 2068 λημα
2215 1999 2283 2068 τῇ
2332 2000 2518 2070 γενικῇ
2571 1995 2831 2071 διαιρέσει
2875 1997 3071 2071 ταύτῃ,
3119 1997 3193 2058 ὡς
3248 1998 3496 2071 πορνείαν
3549 1999 3644 2072 μὲν

2012 2084 2262 2160 λέγεσθαι
2307 2087 2404 2154 τήν
2459 2088 2636 2164 χωρὶς
2681 2083 2894 2148 ἀδικίας
2943 2087 3126 2164 ἑτέρου
3183 2087 3478 2162 γινομένην
3540 2090 3648 2142 τινὶ

2006 2181 2108 2244 τῆς
2153 2174 2446 2248 ἐπιθυμίας
2508 2173 2876 2250 ἐκπλήρωσιν,
2929 2175 3178 2251 μοιχείαν
3246 2173 3326 2248 δὲ,
3369 2177 3472 2246 τήν
3530 2175 3648 2232 ἐπι-

2008 2258 2215 2334 ϐουλήν
2241 2283 2301 2318 τε
2347 2263 2437 2318 καὶ
2486 2262 2695 2320 ἀδικίαν
2723 2268 2821 2320 τοῦ
2867 2263 3188 2339 ἀλλοτρίου.
3232 2265 3330 2320 Καὶ
3376 2265 3647 2336 καθολικὴ

2013 2351 2106 2425 μέν
2157 2352 2268 2408 ἐστι
2327 2349 2528 2424 ταύτης
2591 2353 2866 2429 θεραπεία,
2920 2355 2984 2409 τὸ
3042 2361 3141 2424 τῆς
3199 2353 3473 2426 έμπαθοῦς
3522 2354 3653 2411 λύσ-

2010 2463 2132 2512 σης,
2163 2449 2262 2512 τῆς
2301 2441 2425 2516 περῖ
2473 2443 2568 2505 τὰς
2619 2443 2874 2506 τοιαύτας
2921 2440 3138 2514 ἡδονὰς,
3166 2446 3401 2519 καθαρὸν
3451 2445 3510 2500 έκ
3559 2465 3658 2519 με-

2006 2530 2296 2604 ταμελείας
2340 2533 2582 2604 γενέσθαι
2630 2533 2726 2588 τὸν
2783 2530 3094 2606 ἄνθρωπον.
3145 2534 3298 2590 Ἐπεὶ
3349 2531 3408 2589 δὲ
3448 2531 3554 2590 τῶν
3604 2533 3656 2589 ἐν

2007 2621 2236 2694 πορνείᾳ
2285 2619 2663 2692 μολυνθέντων
2707 2619 2888 2677 ἀδικία
2928 2644 3011 2684 τις
3067 2625 3137 2696 τῇ
3199 2623 3440 2698 ἁμαρτίᾳ
3485 2624 3655 2699 ταύτῃ

2009 2709 2072 2766 οὐ
2120 2709 2554 2783 καταμέμικται,
2595 2708 2686 2766 διὰ
2731 2716 2896 2767 τοῦτο
2945 2709 3246 2767 διπλασίων
3299 2711 3506 2786 ὡρίσθη
3559 2720 3662 2782 τῆς

2007 2797 2343 2875 ἐπιστροφῆς
2375 2798 2404 2853 6
2440 2799 2642 2874 χρόνος
2672 2802 2790 2861 τοῖς
2820 2797 2872 2854 ἐν
2927 2799 3153 2874 μοιχείᾳ
3185 2801 3508 2874 μιανθεῑσιν,
3541 2799 3659 2856 ἐπεὶ

2007 2888 2100 2943 καὶ
2147 2885 2318 2956 διπλῆ
2376 2889 2598 2951 τούτοις
2658 2891 2694 2959 ἡ
2737 2889 3001 2963 ἁμαρτία,
3045 2889 3144 2962 μία
3201 2891 3316 2963 μὲν,
3367 2892 3506 2946 κατά
3560 2893 3658 2961 τὴν

2007 2979 2240 3050 ἄθεσμον
2287 2975 2512 3047 ἡδονήν,
2562 2977 2715 3051 ἑτέρα
2763 2973 2842 3048 δὲ,
2891 2979 2926 3046 ἡ
2985 2977 3117 3033 κατά
3171 2979 3270 3046 τήν
3325 2981 3424 3033 τοῦ
3479 2976 3658 3034 ἀλλο-

2007 3067 2162 3141 τρίου
2212 3064 2424 3122 ἀδικίαν
2464 3067 2846 3138 σσνισταμένη.
2879 3067 3031 3124 Ἐπεὶ
3075 3066 3258 3122 τοίνυν
3309 3067 3361 3122 οἱ
3418 3064 3473 3122 έν
3517 3085 3658 3140 πορ-

2009 3154 2129 3226 νείᾳ
2218 3153 2572 3228 μολυνθέντες
2648 3153 2720 3210 δι’
2776 3154 2909 3210 ἐτῶν
2969 3155 3116 3210 ἐννέα
3195 3161 3294 3225 τῆς
3377 3158 3660 3216 κοινωνίας

2012 3243 2309 3314 ἀξιοῦνται,
2343 3247 2378 3314 ἡ
2419 3245 2558 3302 κατὰ
2604 3245 2704 3313 τὴν
2752 3243 3004 3320 μοιχείαν
3055 3246 3297 3318 αμαρτία
3351 3249 3430 3317 τῷ
3473 3244 3660 3320 χρόνῳ

2012 3329 2445 3404 διπλασιάζεται,
2500 3335 2576 3394 εἰς
2622 3331 2898 3388 δεκαοκτὼ
2973 3333 3204 3408 χρόνους
3271 3333 3656 3407 ἐκτεινομένη·

2010 3423 2146 3497 πρὸς
2195 3419 2252 3477 δὲ
2302 3424 2400 3492 τήν
2447 3427 2544 3478 τοῦ
2596 3421 2962 3496 μολυνθέντος
3011 3419 3268 3492 διάθεσιν,
3370 3425 3591 3494 θᾶττον,
3624 3424 3660 3494 ἢ

2005 3507 2366 3592 βραδύτερον,
2419 3513 2454 3580 ἡ
2526 3515 2623 3566 τοῦ
2683 3510 2884 3586 ἀγαθοῦ
2949 3509 3208 3583 μετουσία
3267 3516 3659 3586 συγχωρεῖται.

2012 3601 2172 3668 Ζήτει
2221 3601 2311 3655 καί
2368 3600 2459 3656 τὸν
2510 3600 2556 3654 α’
2583 3598 2780 3654 τούτου
2827 3599 3023 3654 κανόνα
3069 3597 3122 3652 έν
3169 3602 3249 3670 τῷ
3291 3603 3342 3653 α⁴
3377 3597 3663 3677 κεφαλαίῳ

2011 3693 2108 3760 τοῦ
2137 3693 2182 3746 Α
2214 3691 2516 3766 στοιχείου.

2085 3781 2146 3835 Ὁ
2196 3775 2254 3833 δὲ
2296 3779 2457 3854 μέγας
2511 3778 2810 3849 Βασίλειος,
2843 3778 2896 3832 ἐν
2943 3783 3023 3851 τῷ
3069 3781 3150 3847 νη’
3179 3777 3366 3832 κανόνι
3414 3777 3506 3832 τὸν
3547 3797 3667 3848 μοι-

2017 3868 2116 3943 χόν
2146 3869 2220 3930 εἰς
2252 3866 2537 3923 δεκαπέντε
2565 3865 2658 3936 ἔτη
2690 3876 2788 3936 τῆς
2819 3867 3104 3930 κοινωνίας
3135 3861 3415 3924 ἐκϐάλλει.

2088 3965 2144 4014 Ὀ
2177 3959 2232 4016 δὲ
2291 3969 2390 4030 τῆς
2438 3963 2490 4014 ἐν
2545 3961 2786 4034 ’Λγκύρᾳ
2839 3962 2884 4015 κ’
2923 3961 3096 4015 κανὼν
3153 3964 3248 4014 τοῦ
3308 3963 3514 4031 μοιχοῦ
3572 3959 3661 4012 καὶ

2015 4057 2116 4120 τῆς
2195 4048 2532 4126 μοιχαλίδος
2585 4053 2647 4105 τὸ
2706 4049 2979 4122 ἐπιτίμιον
3040 4051 3236 4124 μέχρις
3295 4049 3338 4118 ζ’
3381 4045 3662 4109 συστείλας

2018 4138 2194 4207 ἔτους,
2229 4141 2362 4212 μετά
2407 4141 2504 4209 τὴν
2554 4140 2758 4195 τούτων
2802 4140 3124 4214 ἐκμέτρησιν
3175 4139 3266 4192 καὶ
3312 4141 3408 4191 τοῦ
3443 4133 3659 4190 τελείου

2017 4236 2203 4306 τυχεῖν
2237 4228 2432 4293 αὖτοὺς
2463 4230 2625 4303 ἀξιοῖ.

2087 4321 2155 4376 ⁸⁸0
2176 4341 2235 4396 γε
2278 4321 2386 4392 μὴν
2420 4321 2494 4393 Ea’
2519 4323 2626 4374 τῶν
2673 4318 2842 4394 ἁγίων
2891 4316 3214 4373 ἀποστόλων
3263 4317 3355 4371 τὸν
3404 4315 3493 4370 ἐπὶ
3535 4335 3658 4387 μοι·

2021 4413 2167 4488 χεὶᾳ,
2207 4411 2242 4481 ἤ
2303 4409 2548 4486 πορνείᾳ,
2602 4409 2636 4479 ἢ
2684 4407 2982 4481 οἲᾳδήποτε
3037 4408 3378 4482 ἀπειρημένῃ
3451 4405 3661 4480 πράξει,

2019 4506 2262 4580 φανερῶς
2330 4499 2676 4577 ἐλεγχθέντα,
2729 4501 2806 4574 μή
2875 4497 2958 4553 ὅτι
3042 4518 3104 4574 γε
3181 4495 3257 4560 εἷς
3338 4495 3662 4568 ἱερωσύνην,

262 4585 454 4656 fuerit,
485 4603 601 4643 non
659 4588 850 4645 solum
900 4591 961 4647 in
1020 4593 1428 4662 sacerdotium,
1461 4596 1562 4651 sed
1612 4611 1799 4669 neque
1845 4595 1902 4652 in

2014 4589 2144 4646 ἀλλ’
2203 4586 2326 4645 οὐδὲ
2383 4589 2459 4652 εἰς
2533 4586 2742 4664 κλῆρον
2812 4585 3068 4666 ἔρχεσθαι
3121 4585 3184 4640 τὸ
3243 4583 3470 4640 σύνολον
3524 4603 3658 4655 συγ-

263 4673 479 4731 clerum
511 4677 752 4736 omnino
779 4681 1104 4750 promoveri
1134 4684 1416 4740 concedit.

333 4765 582 4822 Octavus
621 4766 1101 4827 Neocesariensis
1149 4787 1278 4845 syn.
1329 4789 1539 4840 canon,
1569 4773 1906 4830 adulterata

267 4853 462 4910 uxoris
495 4856 789 4928 maritum,
824 4859 882 4914 in
929 4861 1334 4932 cujuscunque
1382 4863 1599 4935 gradus
1655 4862 1915 4920 ministeo

263 4940 426 4998 rium
467 4944 622 5000 184
682 4951 1061 5017 constituere,
1089 4967 1203 5004 non
1262 4967 1389 5006 esse
1439 4951 1766 5025 legitimum
1801 4952 1915 5008 edi'

263 5032 388 5087 cit:
444 5051 610 5090 sacro
669 5053 802 5094 vero
863 5039 1066 5095 ordine
1123 5039 1438 5110 initiatum,
1485 5042 1535 5096 si
1596 5056 1736 5100 uxor
1786 5040 1914 5128 ejus

263 5124 592 5182 adulterata
650 5127 749 5196 sit,
819 5127 909 5183 vel
965 5128 1126 5185 illius
1205 5131 1628 5186 consuetudine
1684 5124 1915 5204 sejungi

261 5214 449 5286 jubet,
477 5215 565 5270 vel
599 5216 852 5286 separari
888 5235 1006 5274 non
1051 5218 1331 5275 volentem
1384 5219 1702 5277 sacerdotio
1749 5235 1913 5276 amo-

265 5303 403 5359 veri.
436 5303 581 5359 Nam
615 5306 846 5376 polluta:
891 5309 1298 5378 conjunctione
1345 5309 1776 5365 contaminatus
1803 5325 1910 5364 non

267 5399 357 5450 est
377 5395 893 5466 dignus,impurus
924 5414 1055 5452 cum
1089 5400 1183 5466 sit,
1211 5415 1356 5470 pura
1383 5405 1440 5454 et
1469 5403 1668 5454 sancta
1699 5404 1909 5470 myste-

269 5485 355 5540 ria
410 5490 782 5542 contrectare.
815 5487 929 5542 Etsi
981 5489 1136 5542 enim
1186 5488 1306 5544 viro
1357 5487 1490 5544 licet
1539 5487 1664 5544 sine
1695 5485 1909 5542 discri—

269 5577 426 5631 mine
477 5577 857 5633 adulteratam
907 5578 1188 5648 accipere,
1241 5585 1298 5634 et
1345 5583 1646 5650 peccatum
1694 5576 1910 5632 condo-

268 5683 408 5724 nare
442 5685 455 5724 :
488 5669 730 5726 sacratis
755 5675 953 5728 autem
981 5667 1093 5725 hoc
1123 5685 1238 5726 non
1268 5668 1620 5732 conceditur,
1653 5668 1822 5738 juxta
1848 5666 1912 5722 18

2061 4698 2168 4734 ωοε
2179 4701 2213 4734 ι.

2061 4701 2105 4734 ω
2145 4698 2213 4734 ει.

2015 4697 2058 4754 χ
2087 4699 2144 4822 ⁸8
2193 4763 2250 4822 δὲ
2302 4768 2356 4838 η’
2385 4773 2484 4836 τῆς
2527 4765 2576 4821 ἐν
2625 4764 3015 4838 Νεοκαισαρείᾳ
3061 4761 3290 4818 συνόδου
3337 4762 3513 4817 κανὼν
3571 4759 3662 4814 τὸν

2021 4864 2120 4928 τῆς
2171 4856 2558 4931 μοιχευθείσης
2605 4855 2858 4933 γυναικός
2908 4852 3095 4930 ἄνδρα,
3133 4854 3195 4908 οὐ
3260 4851 3484 4925 θεμιτὸν
3533 4851 3666 4905 εἶναι

2023 4946 2261 5016 θεσπίζει
2311 4947 2386 5010 εἰς
2448 4947 2742 5023 ὑπηρεσίαν
2803 4943 3150 5016 οἱουδήτινος
3208 4942 3344 4999 ἴέναι
3411 4943 3662 5018 βαθμοῦο

2021 5039 2114 5097 τὸν
2169 5038 2226 5096 δὲ
2279 5039 2598 5116 ἱερωμένον,
2646 5047 2746 5109 τῆς
2811 5036 3062 5115 γυναικὸς
3131 5037 3296 5092 αὐτοῦ
3355 5030 3666 5108 μοιχευθεί-

2025 5152 2148 5202 σης,
2174 5129 2208 5200 ἢ
2247 5127 2567 5206 διαζυγῆναι
2607 5130 2804 5200 ταύτης
2853 5126 3084 5198 κελεύει,
3117 5127 3151 5196 ἢ
3206 5127 3282 5198 μὴ
3333 5121 3668 5198 βουλόμενον

2025 5220 2345 5290 ἀποστῆναι,
2403 5225 2502 5288 τῆς
2585 5217 2880 5292 ἱερωσύνης
2949 5216 3288 5294 ἀφίστασθαι.
3348 5210 3672 5284 Μολυνόμεν-

2022 5329 2111 5370 νος
2170 5307 2274 5383 γὰρ
2330 5312 2400 5380 τῇ
2465 5314 2562 5374 τῆς
2616 5306 2995 5380 μεμιασμένης
3043 5303 3261 5379 ὁμιλίᾳ,
3319 5302 3420 5356 οὐκ
3474 5300 3536 5355 ἃν
3583 5297 3664 5368 είη

2023 5395 2254 5469 δίκαιος,
2316 5398 2616 5470 ἀκάθαρτος
2684 5395 2782 5468 ὢν,
2839 5399 2968 5458 τῶν,
3027 5395 3276 5466 καθαρῶν
3338 5395 3432 5445 καῖ
3504 5387 3668 5462 ἁγίων

2025 5485 2338 5558 μυστηρίων
2391 5484 2736 5564 ἐφάπτεσθαι.
2775 5483 2836 5538 Εἰ
2879 5485 2981 5557 γάρ
3028 5483 3117 5536 καὶ
3159 5475 3325 5550 ἔξεστι
3380 5481 3455 5548 τῷ
3513 5473 3666 5549 ἀνδρὶ

2022 5570 2317 5635 ἀκινδύνως
2379 5570 2681 5646 λαμϐάνειν
2752 5573 2854 5640 τήν
2933 5571 3335 5645 μοιχευθεῖσαν,
3390 5565 3477 5619 καί
3529 5584 3664 5636 συγ-

2024 5667 2227 5739 χωρεῖν
2283 5660 2346 5716 τό
2408 5661 2727 5738 ἁμάρτημα,
2781 5659 2930 5717 ἀλλὰ
2991 5663 3108 5723 τοῖς
3164 5656 3452 5736 ἱερωμένοι
3509 5655 3668 5706 τοῦτο
