4098 6332
369 343 446 403 35

1633 346 2008 408 ΜΑΤΊἮιΕῐ
2053 343 2484 408 BLASTARIS

3683 339 3762 400 36

368 473 562 529 dotem
593 473 804 532 habere
833 492 847 531 :
881 479 936 532 et
965 477 1035 532 ad
1069 477 1198 545 hoc,
1223 476 1274 534 si
1306 477 1456 534 ﬁlios
1487 493 1604 534 non
1632 479 1862 542 habeat.
1888 488 1984 536 tan

2119 479 2218 547 τήν
2251 481 2450 552 προῖκα
2474 493 2486 507 '
2523 472 2613 528 καὶ
2644 473 2779 548 πρὸς
2809 474 3044 542 τούτοις,
3067 473 3113 528 εἷ
3143 469 3340 533 παῖδας
3373 473 3448 547 μή
3483 471 3759 548 ἕχοι,τοσ-

369 564 495 616 tum
527 563 788 635 accipere
817 579 887 620 ex
934 565 1050 622 alia
1089 565 1284 622 uxoris
1332 566 1682 636 substantia,
1723 575 2012 642 quantum

369 650 520 707 dotis
567 653 738 708 tertia
787 669 922 724 pars
981 670 1110 712 esse
1156 657 1548 728 cognoscitur,
1601 662 1664 715 ut
1711 659 1836 728 ejus
1885 673 2012 729 pro-

369 740 602 810 prietati
629 746 688 798 et
717 744 823 801 dos
851 753 906 801 et
937 763 970 800 a
999 745 1168 803 nobis
1199 748 1440 804 deﬁnita
1475 764 1640 819 poena
1663 747 2010 820 applicetur.

367 831 424 884 Si
452 831 608 887 enim
641 832 792 890 ﬁlios
823 834 1097 892 habuerit
1135 852 1202 893 ex
1233 839 1362 908 ejus
1392 839 1774 908 matrimonio,
1805 843 1864 894 et
1903 839 2016 893 do-

366 922 484 975 tem
515 919 806 994 aliamque
839 923 1103 981 mulieris
1147 927 1538 985 substantiam
1587 928 1724 986 ﬁliis
1773 948 2014 990 conser—

368 1008 508 1078 vari,
557 1013 616 1065 et
659 1009 744 1067 ita
799 1013 1130 1070 adulterum
1189 1014 1447 1088 legitime
1511 1019 1836 1076 convictum
1898 1039 2014 1080 una

365 1113 500 1168 cum
558 1115 734 1156 uxore
785 1103 1000 1173 puniri.
1031 1103 1098 1158 Et
1145 1104 1192 1161 si
1241 1106 1474 1176 quidem
1517 1123 1751 1166 uxorem
1802 1110 2014 1168 habeat

365 1187 606 1256 adulter,
639 1206 766 1246 eam
798 1195 855 1248 et
885 1193 1075 1248 dotem
1105 1199 1164 1249 et
1194 1199 1328 1251 ante
1359 1196 1592 1268 nuptias
1635 1199 2010 1258 donationem

364 1279 663 1350 accipere:
716 1279 892 1338 aliam
933 1299 1066 1339 vero
1117 1285 1313 1340 mariti
1353 1286 1770 1358 substantiam,
1803 1291 1850 1346 si
1893 1293 2012 1347 sint

363 1365 597 1436 quidem
651 1369 1031 1426 ascendentes
1078 1370 1167 1428 vel
1216 1373 1636 1431 descendentes
1693 1393 1880 1448 usque
1937 1381 2006 1435 ad

363 1453 600 1510 tertium
630 1455 904 1528 gradum,
929 1457 1060 1514 illos
1084 1475 1214 1516 eam
1233 1460 1492 1534 accipere
1517 1480 1532 1532 ;
1555 1463 1646 1520 sin
1670 1469 1866 1522 autem
1893 1485 2005 1524 non

361 1542 502 1610 sint,
531 1560 661 1602 eam
696 1545 838 1602 ﬁsco
869 1547 1210 1618 adjudicari.

366 1737 378 1774 :
430 1724 726 1782 Adulteris
753 1727 1072 1784 verberatis
1103 1736 1161 1784 et
1193 1729 1377 1786 tonsis
1429 1745 1598 1786 nares
1649 1731 2006 1788 abscinden-

2122 571 2280 622 οὖτον
2330 559 2631 637 λαμϐάνειν
2678 561 2738 617 ἐκ
2767 566 2879 634 [τῆς
2919 561 3097 634 ἄλλης
3128 569 3228 632 τῆς
3256 563 3508 636 γυναικὸς
3537 569 3758 635 περιου-

2121 657 2262 727 σίας,
2295 656 2420 710 ὅσον
2450 660 2550 723 τῆς
2577 651 2802 727 προικὸς
2831 652 2894 707 τὰ
2927 650 3106 727 τρίτον
3135 651 3296 727 μέρος
3329 653 3465 706 εἶναι
3496 653 3755 726 γινώσκε-

2119 767 2206 801 ται
2231 765 2244 776 ·
2278 745 2417 799 ὥστε
2445 749 2514 818 τῇ
2545 743 2709 798 αὐτοῦ
2741 739 3025 813 δεσποτεία
3054 741 3143 796 καὶ
3165 743 3263 810 τὴν
3293 746 3494 815 προῖκα
3535 743 3627 797 καὶ
3655 744 3754 811 τὴν

2120 840 2246 907 παρ’
2282 837 2442 906 ἡμῶν
2489 833 2790 907 ὁρισθεῖσαν
2839 832 3038 900 ποινὴν
3067 834 3523 906 προσκυροῦσθαι.
3559 831 3620 888 Ei
3651 832 3753 909 γὰρ

2119 921 2316 984 παῖδας
2347 921 2468 997 ἔχοι
2500 920 2559 976 ἐκ
2587 924 2682 976 τοῦ
2712 919 2880 988 αὐτῆς
2911 918 3268 990 συνοικεσίου,
3300 920 3392 976 καὶ
3423 922 3522 991 τὴν
3553 925 3755 996 προῖκα

2121 1013 2209 1068 καὶ
2249 1013 2349 1082 τὴν
2395 1009 2574 1083 ἄλλην
2621 1017 2722 1080 τῆς
2775 1009 3024 1085 ρυναικὸς
3069 1009 3380 1080 περιουσίαν
3435 1015 3550 1072 τοῖς
3599 1011 3754 1065 παισί

2121 1100 2498 1182 φυλάττεσθαι,
2532 1099 2621 1156 καὶ
2669 1099 2814 1156 οὕτω
2854 1099 2947 1154 τὸν
2991 1101 3194 1174 μοιχὸν
3223 1099 3476 1174 νομίμως
3515 1098 3756 1177 ἐλεγχό-

2125 1213 2304 1265 μενον,
2337 1187 2450 1264 ἅμα
2481 1195 2550 1266 τῇ
2581 1191 2795 1266 γυναικὶ
2842 1191 3222 1264 τιμωρεῖσθαι.
3257 1191 3356 1245 Καὶ
3400 1191 3445 1244 εἰ
3493 1191 3588 1264 μὲν
3637 1188 3755 1266 ἔχει

2121 1283 2148 1336 ὁ
2185 1287 2382 1357 μοιχὸς
2413 1282 2680 1356 γαμετὴν,
2713 1281 2816 1349 τὴν
2872 1283 3076 1355 προῖκα
3131 1279 3222 1334 καὶ
3278 1281 3380 1349 τὴν
3419 1282 3524 1354 πρὸ
3571 1281 3756 1356 γάμου

2119 1366 2324 1444 δωρεὰν
2356 1369 2492 1443 αὐτῇ
2523 1368 2936 1444 περισώζεσθαι,
2968 1368 3067 1436 τήν
3106 1364 3164 1421 δὲ
3211 1364 3388 1438 ἄλλην
3429 1370 3526 1424 τὸῦ
3561 1367 3756 1444 ἀνδρὸς

2118 1457 2285 1527 αὐτῆς
2333 1455 2664 1530 περιουσίαν,
2699 1453 2746 1510 εἷ
2795 1454 2889 1528 μέν
2922 1455 3055 1510 εἰσιν
3099 1451 3332 1518 ἀνιόντες
3374 1457 3409 1528 ἢ
3458 1457 3748 1526 κατιόντες,

2113 1543 2218 1609 ἕως
2262 1547 2447 1622 τρίτου
2499 1547 2714 1623 βαθμοῦ
2759 1545 2960 1616 ταύτην
3011 1540 3309 1619 λαμϐάνειν
3355 1545 3584 1610 αὐτούς·
3617 1546 3663 1602 εί
3695 1545 3760 1602 δὲ·

2118 1639 2218 1710 μή,
2251 1637 2685 1708 προσκυροῦσθαι
2715 1633 2915 1705 ταύτην
2941 1639 3021 1707 τῷ
3053 1632 3325 1708 δημοσίῳ.

2182 1728 2250 1784 O't
2293 1725 2508 1801 μοιχοὶ,
2535 1725 2874 1798 τυπτόμενοι
2920 1725 3010 1778 καὶ
3059 1725 3474 1800 κουρευόμενοι,
3533 1725 3748 1802 ῥινοκο-

359 1815 476 1868 tur.
510 1815 860 1872 Internuntii
904 1832 1034 1873 vero
1083 1825 1133 1872 et
1177 1817 1345 1890 impii
1395 1818 1692 1891 hujusque
1730 1821 1985 1876 facinori:

2111 1815 2441 1870 πείσθωσαν·
2493 1814 2546 1868 οἱ
2595 1810 2651 1868 δὲ
2693 1812 2848 1887 μέσοι
2894 1811 2987 1868 καὶ
3037 1814 3300 1888 ὑπουργοὶ
3340 1817 3438 1870 τοῦ
3493 1817 3748 1870 τοιούτου

359 1903 692 1960 administri
723 1906 1004 1962 verberati
1036 1910 1095 1962 et
1125 1907 1276 1963 tonsi
1302 1907 1360 1962 in
1393 1913 1736 1980 perpetuum
1769 1910 1998 1967 mittan-

358 1996 453 2059 tur
479 1993 766 2051 exsilium.

425 2081 572 2146 Quin
631 2083 807 2138 etiam
856 2087 913 2138 et
961 2085 1031 2140 32
1079 2084 1303 2140 novella
1369 2085 1737 2154 imperatoris
1789 2087 1997 2142 Leonis

351 2184 640 2241 congruas
672 2189 872 2244 pmnas
903 2173 1179 2256 adulteriis
1201 2173 1340 2229 viris
1361 2179 1420 2230 et
1444 2174 1728 2230 adulteris
1761 2177 1998 2232 feminis

355 2259 576 2314 statuit.

421 2346 740 2403 Tricesima
769 2353 967 2404 octava
996 2365 1127 2405 vero
1159 2351 1386 2406 novella
1407 2350 1734 2407 adulterum
1759 2356 1816 2407 et
1835 2351 1997 2407 adul-

350 2438 533 2489 teram
570 2436 798 2491 narium
831 2437 1190 2492 abscissione
1221 2439 1409 2509 punit,
1441 2443 1499 2494 et
1528 2439 1807 2509 decernit,
1839 2441 1994 2510 quod

352 2521 597 2581 maritus
627 2524 902 2580 adulterae
926 2525 1116 2581 dotem
1149 2527 1445 2596 lucretur;
1479 2527 1641 2582 illam
1694 2534 1886 2584 autem
1935 2529 1993 2583 in

351 2613 707 2668 monasterio
753 2613 992 2682 includi,
1031 2631 1136 2670 nec
1185 2621 1378 2671 tamen
1424 2616 1668 2672 invitam
1717 2601 1992 2690 tonderi,

350 2716 478 2772 qum
510 2718 646 2758 vero
678 2703 824 2759 ultra
855 2705 1050 2760 dotem
1092 2709 1233 2760 sunt
1264 2705 1572 2761 facultates
1601 2707 1727 2776 ejus
1758 2708 1907 2762 ﬁlios
1938 2715 1994 2764 et

349 2793 770 2848 monasterium
821 2795 1122 2863 dividere;
1173 2796 1261 2850 sin
1304 2800 1498 2852 autem
1535 2813 1649 2852 non
1701 2799 1876 2854 habet
1920 2800 1992 2854 li-

347 2881 686 2954 beros,ejus
713 2889 985 2954 parentes
1025 2886 1108 2941 vel
1149 2885 1294 2943 alios
1341 2905 1411 2944 ex
1451 2891 1579 2960 ejus
1627 2890 1987 2962 cognatione.

419 3057 584 3115 Actio
624 3058 913 3115 aldulterii
952 3059 1300 3132 intenditur,
1343 3079 1458 3119 non
1508 3063 1700 3119 solum
1741 3064 1814 3119 ob
1846 3063 1988 3136 legi-

352 3147 510 3203 tima
544 3149 737 3204 uxoris
774 3157 1094 3222 struprum,
1129 3152 1228 3206 sed
1261 3151 1434 3207 etiam
1484 3167 1658 3224 super
1689 3153 1988 3208 matrimo-

349 3237 538 3305 nium,
570 3239 725 3310 quod
765 3205 1228 3297 consistere,
1261 3205 1470 3313 potest,
1494 3205 1985 3314 vetrillegitimum,
2017 3205 2064 3274 θ

347 3329 406 3382 et
433 3327 754 3399 sponsalia,
783 3333 841 3384 et
869 3331 1346 3387 concubinatum.

414 3416 520 3481 Qui
567 3417 898 3475 adulterum
939 3420 1350 3492 cumfpropria
1397 3436 1577 3476 uxore
1603 3421 1664 3476 in
1696 3421 1822 3492 ipso
1854 3427 1984 3477 actu

339 3505 742 3578 deprehendit,
795 3509 846 3564 si
894 3509 1196 3582 contingat
1242 3527 1375 3567 eum
1420 3511 1702 3578 occidere,
1753 3529 1866 3567 non
1922 3517 1986 3566 ut

339 3595 634 3652 homicida
663 3597 904 3668 punitur
935 3615 949 3666 ;
1001 3599 1059 3653 in
1091 3616 1200 3655 sua
1229 3601 1385 3656 enim
1421 3600 1654 3672 propria
1700 3600 1874 3656 domo
1922 3602 1979 3656 in

334 3684 463 3756 ipso
494 3689 627 3740 actu
659 3687 893 3742 maritus
925 3687 1259 3744 adulterum
1313 3689 1639 3746 interﬁcere
1687 3693 1892 3761 potest,
1925 3696 1982 3745 et

335 3772 504 3828 illum
545 3775 842 3830 scenicum
889 3775 976 3830 vel
1009 3777 1312 3834 infamem.
1359 3777 1582 3834 Maritis
1629 3783 1820 3834 autem
1862 3796 1975 3834 non

331 3863 671 3918 conceditur
699 3863 992 3921 adulteras
1022 3882 1160 3922 suas
1193 3882 1398 3923 uxores
1425 3868 1769 3923 interﬁcere.

397 4039 647 4098 Diversae
679 4041 890 4098 deinde
919 4043 1077 4116 leges
1113 4045 1351 4116 jubent,
1384 4047 1686 4103 mulierem
1721 4064 1834 4104 non
1869 4050 1972 4104 ali-

327 4136 413 4187 ter
447 4133 822 4188 condemnari
872 4138 938 4190 ut
991 4135 1340 4206 adulteram,
1381 4153 1551 4207 quam
1605 4154 1708 4209 per
1745 4149 1974 4210 apertas

323 4219 716 4292 probationes,
769 4222 826 4278 id
879 4225 988 4284 est,
1030 4239 1134 4294 per
1177 4225 1438 4296 quinque
1489 4232 1664 4282 testes
1705 4227 1972 4296 jurantcs

325 4329 388 4368 se
415 4312 630 4370 vidisse
659 4313 717 4370 in
757 4314 886 4388 ipso
935 4321 1068 4372 actu
1113 4317 1238 4374 ﬁeri
1278 4317 1659 4374 adulterium.
1713 4320 1827 4374 Hac
1875 4337 1974 4374 ra-

323 4405 482 4460 tione
510 4420 619 4461 nec
648 4423 853 4464 omnes
878 4414 1125 4480 possunt
1153 4410 1421 4466 adulterii
1457 4411 1747 4466 actionem
1781 4411 1969 4466 inten-

323 4493 477 4562 dere,
519 4496 620 4552 sed
675 4497 934 4569 quinque
974 4497 1162 4554 solum
1213 4516 1498 4572 personae,
1549 4501 1814 4567 maritus,
1863 4517 1966 4572 pa-

2107 1900 2455 1976 ἀσεϐήματος
2490 1903 2793 1980 γεγονότες,
2821 1901 3150 1975 τυπτόμενοι
3199 1903 3291 1958 καὶ
3336 1904 3746 1980 κουρευόμενοι,

2109 1991 2343 2064 διηνεκεῖ
2372 1993 2922 2072 παραπεμφθήτωσαν
2953 1989 3151 2065 ἒξορίᾳ.

2179 2082 2353 2139 ’Δλλᾶ
2397 2083 2487 2138 καὶ
2533 2086 2568 2152 ἡ
2612 2079 2701 2157 λβ¹
2730 2083 2894 2156 νεαρὰ
2935 2085 3033 2137 τοῦ
3075 2079 3346 2154 βασιλέως
3381 2081 3610 2146 Λέοντος
3653 2085 3746 2145 τὰς

2106 2173 2486 2246 προσηκούσας
2518 2172 2708 2230 ποινὰς
2741 2168 3032 2244 διορίζεται
3076 2175 3198 2231 τοῖς
3242 2177 3468 2244 μοιχοῖς
3507 2171 3594 2225 καὶ
3627 2178 3744 2234 ταῖς

2111 2259 2450 2335 μοιχαλίσιν.

2175 2355 2237 2405 Ἦ
2290 2347 2346 2404 δὲ
2385 2348 2474 2420 λη’
2505 2351 2667 2422 ῥινῶν
2713 2347 2922 2422 ἐκτομῇ
2965 2349 3054 2402 τὸν
3112 2349 3313 2424 μοιχὸν
3345 2350 3435 2404 καὶ
3466 2351 3562 2419 τήν
3619 2371 3740 2424 μοι-

2108 2437 2314 2513 χαλίδα
2355 2440 2598 2508 κολάζει,
2649 2437 2738 2492 καὶ
2787 2435 3099 2509 διορίζεται,
3141 2439 3233 2494 τὸν
3283 2440 3385 2511 μὲα
3431 2436 3596 2513 ἄνδρα
3641 2448 3740 2510 τῆς

2109 2530 2494 2603 μοιχευθείσης
2562 2525 2860 2602 κερδαίνειν
2915 2529 3016 2598 τὴν
3070 2532 3290 2602 προῖκα,
3348 2530 3512 2598 αὑτήν
3575 2528 3628 2582 3':
3690 2530 3740 2583 ἐν

2108 2620 2460 2692 μοναστηρίῳ
2517 2617 2940 2694 περιορίζεσθαι,
2971 2616 3062 2672 καὶ
3116 2616 3350 2673 ἄκουσαν
3399 2621 3476 2690 μή
3523 2619 3741 2674 ἀποκεί-

2107 2711 2284 2782 ρεσθαι
2310 2729 2323 2742 ·
2373 2711 2442 2765 τὰ
2484 2707 2540 2763 δὲ
2581 2715 2682 2778 τῆς
2727 2709 2958 2783 προικὸς
3003 2704 3246 2763 ἐπέκεινα
3293 2709 3590 2784 πράγματα
3616 2707 3740 2772 τοὺς

2102 2797 2299 2859 παῖδας
2351 2796 2517 2867 αὑτῆς
2566 2799 2656 2853 καὶ
2701 2799 2763 2852 τὸ
2822 2799 3188 2870 μοναστήριον
3239 2794 3630 2871 διανέμεσθαι·

2101 2884 2310 2942 παίδων
2345 2889 2422 2961 μή
2472 2881 2664 2958 ὄντων,
2693 2885 2820 2950 τοὺς
2869 2885 3060 2962 γονέας
3107 2885 3274 2956 αὐτῆς
3313 2885 3349 2956 ἢ
3406 2888 3542 2942 κατᾶ
3589 2887 3740 2964 γένος

2101 2975 2292 3038 ἄλλως
2325 2977 2724 3050 προσήκοντας.

2171 3067 2234 3122 Ἡ
2282 3067 2509 3140 μοιχεία
2555 3065 2618 3120 οὐ
2669 3065 2832 3138 μόνον
2881 3063 2969 3120 ἐπὶ
3017 3066 3192 3144 φθορᾷ
3227 3067 3475 3139 νομίμου
3499 3074 3742 3141 γαμετῆς

2101 3159 2346 3226 κινεῖται,
2378 3152 2528 3210 ἀλλὰ
2573 3155 2661 3210 καὶ
2704 3153 2793 3209 ἐπὶ
2840 3151 3160 3226 ἀσυστάτου,
3189 3155 3282 3210 καὶ
3329 3155 3586 3229 ἀθεμίτου
3635 3157 3736 3231 γά-

2105 3265 2232 3318 μου,
2263 3244 2352 3298 καὶ
2387 3243 2695 3318 μνηστείας,
2725 3243 2816 3298 καὶ
2846 3243 3256 3316 παλλακισμοῢ.
3648 3256 3652 3260 “

2165 3428 2227 3479 Ὁ
2283 3425 2376 3478 τὸν
2437 3424 2636 3496 μοιχὸν
2699 3421 2833 3494 μετᾶ
2879 3429 2982 3491 τῆς
3033 3419 3170 3484 ἰδίας
3200 3423 3450 3494 γυναικὸς
3495 3423 3547 3478 ἐν
3599 3444 3733 3496 συμ-

2091 3512 2275 3587 πλοκῇ
2328 3506 2674 3580 καταλαϐὼν,
2733 3510 2821 3564 ἐὰν
2879 3506 3063 3585 συμϐῇ
3124 3512 3287 3566 αὐτὸν
3344 3511 3572 3579 ἀνελεῖν,
3629 3514 3728 3566 οὑκ

2091 3601 2363 3656 εὐθύνεται
2415 3601 2488 3663 ὡς
2531 3597 2860 3676 ἀνδροφόνος
2885 3620 2899 3632 ·
2935 3601 2986 3653 ἐν
3040 3603 3193 3674 μόνῳ
3235 3601 3339 3676 γὰρ
3383 3606 3462 3672 τῷ
3493 3599 3614 3674 ἰδίῳ
3645 3599 3724 3655 οἷ’-

2089 3713 2169 3764 κῳ
2222 3691 2304 3746 ἐπ’
2347 3692 2654 3764 αὐτοφώρῳ
2731 3689 2948 3745 δύναται
3011 3691 3253 3764 φονεύειν
3303 3692 3396 3744 τὸν
3451 3693 3653 3770 μοιχὸν
3696 3692 3724 3744 ὁ

2089 3783 2244 3856 ἀνὴρ,
2273 3781 2364 3834 καὶ
2411 3785 2600 3834 τοῦτον
2653 3779 2910 3850 σκηνικὸν
2957 3779 2992 3848 ἢ
3041 3777 3236 3853 ἄτιμον
3282 3777 3428 3835 ὄντα.
3461 3778 3539 3835 Οὐ
3579 3779 3725 3835 δέδιιο

2085 3896 2170 3928 ται
2224 3872 2278 3928 δὲ
2317 3878 2432 3934 τοῖς
2475 3869 2692 3945 ἀνδράσι
2742 3872 2978 3950 φονεύειν
3029 3873 3122 3932 τὰς
3185 3873 3570 3950 μοιχευθεῖσας
3620 3875 3720 3926 αὐ-

2083 3969 2188 4018 τῶν
2219 3969 2493 4038 γυναῖκας.

2155 4053 2414 4127 Διάφοροι
2473 4050 2530 4106 δὲ
2585 4051 2748 4124 νόμοι
2826 4049 3154 4120 θεσπίζουςι,
3219 4054 3294 4124 μὴ
3372 4049 3560 4110 ἄλλως
3614 4058 3714 4119 τήν

2083 4148 2310 4218 γυναῖκα
2363 4144 2743 4216 μοιχευθεῖσαν
2783 4141 3208 4214 κατακρίνεσθαι,
3252 4141 3297 4194 εἰ
3358 4141 3434 4213 μή
3477 4138 3566 4194 διὰ
3611 4160 3706 4216 φα.

2079 4236 2248 4306 νερῶν
2328 4230 2672 4299 ἀποδείξεων,
2731 4229 2996 4298 τουτέστι,
3055 4227 3142 4283 διὰ
3213 4227 3366 4284 πέντε
3423 4229 3714 4303 μαρτύρων

2079 4321 2394 4392 ὁμνυόντων
2432 4318 2564 4374 ἰδεῖν
2614 4319 2697 4373 ἐπ’
2736 4318 3038 4396 αὐτοφώρῳ
3083 4320 3181 4388 τὴν
3230 4318 3483 4393 μοιχείαν
3525 4317 3715 4374 τελου-

2079 4407 2270 4482 μένην.
2304 4408 2448 4464 Κατὰ
2493 4411 2655 4462 τοῦτο
2705 4408 2809 4482 γὰρ
2859 4406 2987 4462 οὖδέ
3025 4408 3224 4470 πάντες
3267 4405 3516 4461 δύνανται
3553 4411 3715 4461 κινεῖν

2074 4498 2136 4552 τὸ
2189 4501 2289 4564 τῆς
2350 4495 2600 4571 μοιχείας
2656 4493 2929 4570 ἔγκλημα,
2987 4495 3139 4550 ἀλλὰ
3193 4497 3460 4571 πρόσωπα
3519 4497 3713 4550 πέντε·

321 4587 408 4640 ter
435 4586 582 4657 ejus,
609 4586 806 4659 frater,
839 4593 1103 4660 patruus,
1134 4589 1457 4648 avunculus
1490 4607 1506 4659 ;
1537 4589 1622 4647 ita
1649 4591 1804 4648 enim
1835 4606 1963 4646 ma-

2107 4588 2231 4662 νήρ,
2263 4589 2442 4662 πατὴρ
2472 4587 2663 4656 αὐτῆς,
2695 4584 2956 4664 ἀδελφὸς,
2987 4587 3132 4649 θεῖος
3164 4586 3301 4660 πρὸς
3329 4589 3552 4661 πατρὸς,
3572 4587 3715 4645 θεῖος

321 4673 412 4746 gis
468 4675 762 4732 credibilis
811 4677 876 4732 ﬁt
925 4679 1268 4750 quaestionis
1325 4684 1658 4752 prietextus.
1709 4680 1770 4735 Si
1830 4696 1964 4735 vero

319 4763 441 4819 sint
469 4765 760 4838 peregrini
799 4769 898 4838 qui
929 4774 1227 4837 accusant,
1261 4771 1309 4824 si
1341 4765 1578 4842 quidem
1612 4771 1964 4826 demonstra-

319 4852 538 4908 tionem
608 4856 893 4925 adferant,
946 4859 1174 4913 narium
1229 4859 1590 4916 abscissione
1637 4861 1966 4931 puniuntur

320 4941 568 4999 adulteri
603 4967 618 5011 ;
646 4945 736 5000 sin
769 4950 961 5002 autem
991 4952 1228 5018 propter
1259 4947 1599 5003 inimicitias
1631 4947 1962 5003 accusatio-

319 5045 452 5085 nem
483 5029 762 5088 detulisse
803 5035 1246 5104 convincantur,
1287 5035 1400 5108 ipsi
1431 5037 1700 5092 eamdem
1733 5053 1959 5108 pmnam

318 5119 596 5179 subeunt.
629 5121 840 5179 Mulier
868 5130 1085 5195 autem,
1115 5141 1240 5196 qua:
1271 5141 1333 5181 se
1359 5124 1677 5182 adulteram
1708 5127 1836 5197 ipsa
1874 5126 1960 5181 fa-

317 5212 490 5281 tetur,
525 5227 637 5266 non
671 5215 1093 5270 condemnatur
1124 5233 1139 5284 ;
1181 5216 1334 5286 quod
1367 5215 1544 5272 etiam
1593 5232 1802 5272 novum
1853 5219 1957 5271 est.

391 5297 496 5363 Qui
525 5301 671 5356 duas
705 5318 912 5360 uxores
953 5303 1150 5373 habet,
1199 5306 1526 5360 verberetur
1559 5321 1572 5358 :
1618 5305 1860 5375 expulsa
1887 5305 1960 5360 ab

320 5386 445 5460 ipso
513 5405 688 5446 uxore
751 5393 1186 5465 superinducta,
1243 5398 1301 5450 et
1355 5393 1555 5450 liberis
1610 5411 1697 5464 .ex
1743 5410 1810 5450 ea
1859 5409 1959 5450 na-

319 5477 420 5534 tis.

391 5566 500 5631 Qui
532 5568 677 5625 duas
706 5567 920 5626 habere
967 5587 1177 5627 uxores
1227 5571 1616 5644 praesumpsil,
1647 5588 1762 5629 non
1810 5571 1956 5644 lege;

321 5657 423 5718 sed
469 5655 621 5715 facto
669 5659 922 5734 consilii,
971 5659 1242 5718 adulterii
1291 5661 1576 5736 supplicio
1624 5663 1956 5734 subjicitur.

2073 4679 2208 4752 πρὸς
2281 4679 2512 4753 μητρός,
2571 4677 2714 4732 οὕτω
2782 4677 2884 4751 γὰρ
2947 4674 3298 4750 εὖπιστοτέρα
3357 4677 3392 4745 ἡ
3447 4675 3712 4750 πρόφασις

2072 4771 2172 4834 τῆς
2204 4767 2456 4836 ζητήσεω
2487 4766 2710 4841 γίνεται.
2743 4764 2807 4820 Εἰ
2839 4761 2897 4818 δὲ
2926 4763 3065 4835 ξένοι
3097 4764 3200 4819 εἶεν
3249 4765 3300 4818 οἱ
3345 4766 3713 4838 κατηγοροῦν-

2071 4876 2182 4927 τες,
2213 4854 2259 4909 εἷ
2285 4856 2379 4928 μὶν
2411 4853 2812 4928 ἀποδείξουσιν,
2843 4853 3050 4927 ἐκτομῇ
3080 4859 3186 4908 τῶν
3221 4853 3381 4927 ῥινῶν
3417 4855 3467 4906 οἱ
3519 4851 3710 4926 μοιχοὶ

2069 4949 2474 5019 τιμωροῦνται·
2525 4945 2584 4999 ἂν
2667 4941 2722 4998 δὲ
2777 4941 3180 5016 ἀπελεγχθῶσι,
3231 4940 3299 4996 δι’
3357 4937 3555 5016 ἔχθραν
3609 4942 3708 5009 τήν

2069 5034 2412 5109 κατηγορίαν
2452 5031 2834 5103 πεποιηκότες,
2868 5030 3017 5084 οὗτοι
3065 5031 3164 5099 τήν
3206 5034 3467 5098 τοιαύτην
3516 5031 3710 5099 ποινὴν

2073 5122 2434 5196 ὑπομένουσιν
2471 5143 2484 5156 ⁸
2543 5121 2672 5177 ἀλλ’
2714 5116 2838 5175 οὒδὶ
2893 5117 3028 5188 αὐτή
3166 5120 3300 5194 γυνή
3361 5116 3710 5194 ὁμολογοῦσα

2075 5214 2442 5290 μοιχευθῆναι
2470 5208 2905 5278 καταδικάζεται,
2936 5207 3069 5283 ὅπερ
3100 5209 3189 5262 καὶ
3220 5202 3332 5263 ἔστι
3362 5210 3569 5264 καινόν.

2141 5303 2197 5356 '0
2255 5300 2350 5356 δύο
2421 5301 2656 5376 γαμετὰς
2711 5293 2854 5372 ἔχων
2930 5298 3248 5353 τυπτέσθω·
3303 5296 3703 5371 ἐκδιωκομένης

2067 5393 2195 5465 παρ’
2243 5390 2406 5445 αὐτοῦ
2459 5395 2559 5460 τῆς
2613 5387 2929 5444 ἐπεισάκτου
2987 5385 3262 5462 γυναικὸς,
3299 5387 3430 5460 μετὰ
3477 5392 3584 5441 τῶν
3615 5407 3707 5442 τε-

2067 5479 2309 5554 χθέντων
2345 5476 2396 5552 ἒξ
2425 5478 2594 5547 αὐτῆς
2621 5473 2851 5532 παίδων.

2085 5594 2092 5602 ·
2137 5568 2193 5622 '0
2247 5565 2342 5622 δύο
2398 5567 2634 5642 γαμετὰς
2689 5554 2836 5638 ἔχειν
2891 5563 3164 5636 πειραθεὶς
3214 5563 3276 5617 οὐ
3322 5563 3499 5638 νόμῳ,
3554 5562 3702 5620 ἀλλὰ

2069 5659 2258 5738 φᾶκτῳ
2305 5655 2695 5731 προαιρέσεως,
2730 5653 3009 5716 ὑπόκειται
3053 5655 3134 5724 τῷ
3171 5657 3272 5722 τῆς
3319 5655 3574 5731 μοιχείας
3607 5653 3700 5732 ἐγ·-
