4098 6332
353 371 432 438 31
1312 375 1319 379 ’
1367 375 1804 438 SYNTAGMA
1847 372 2471 438 ALPHABETIGUM.
2516 408 2596 421 —
2635 377 2730 438 M.
3674 375 3753 441 38

353 507 624 580 κλήματι.
668 510 727 561 Ὀ
786 508 883 581 μὲν
938 508 1038 582 γὰρ
1100 511 1234 580 μετά
1290 507 1576 582 ἐλευθέρας
1632 505 1998 580 συμπλακεὶς,

2128 507 2216 573 )ui
2247 507 2395 564 enim
2427 524 2558 564 cum
2609 508 2835 578 liberta,
2887 509 3111 564 vivente
3153 509 3342 582 ipsius
3380 527 3575 582 uxore,
3625 530 3744 570 rem

353 597 540 668 ζώσης
565 604 668 666 τῆς
705 599 874 652 αὐτοῦ
907 599 1178 671 γυναικὸς,
1210 597 1286 659 ὡς
1333 597 1533 670 πόρνος
1571 598 1948 671 κατακρίνεται
1981 612 2000 630 ⁶

349 687 384 742 ὁ
421 684 482 740 δὲ
525 687 666 742 κατὰ
711 685 893 762 γάμου
941 687 1224 742 κοινωνίαν
1277 683 1530 762 δευτέραν
1577 686 1872 762 ἀγόμενος,
1924 685 2000 746 ὡς

355 775 562 849 μοιχὸς
590 781 940 851 τιμωρεῖται.

426 859 645 920 Εἰδέναι
705 861 764 918 δὲ
820 861 919 934 δεῖ,
971 863 1056 919 ὅτι
1112 864 1217 920 εἰσὶ
1273 865 1544 938 πρόσωπα
1600 863 2000 938 ἁμαρτάνοντα,

351 952 445 1007 καὶ
497 952 600 1008 οὔκ
655 952 965 1010 εὖθύνονται
999 976 1013 988 ο
1073 955 1103 1009 ὁ
1155 973 1434 1030 μοιχευων
1483 957 1586 1023 τήν
1640 958 1868 1029 γυναῖκα
1902 956 2000 1006 τοῦ

353 1040 680 1098 ἆποδούλου
729 1043 916 1115 αὐτοῦ,
965 1045 1056 1099 καὶ
1099 1045 1128 1098 ὁ
1183 1043 1461 1118 μοιχεύων
1511 1042 1862 1118 πολύφθορον
1911 1041 2002 1096 καὶ

353 1130 695 1185 πολύκοιτον
741 1130 1034 1206 ὕπανδρον,
1089 1137 1168 1204 τῷ
1221 1135 1321 1196 τῆς
1383 1131 1635 1206 μοιχείας
1695 1128 2002 1206 ἐγκλήματι

352 1220 469 1294 οὐχ
517 1220 822 1292 ὑπόκειται,
865 1221 910 1275 εἰ
953 1223 1030 1294 μὴ
1076 1225 1159 1294 τῷ
1199 1227 1300 1290 τῆς
1345 1221 1595 1294 πορνείας
1629 1241 1643 1254 υ
1694 1220 1784 1274 καὶ
1829 1219 1858 1272 ὁ
1907 1219 2002 1292 μὲν

387 1311 495 1385 νήρ
546 1315 867 1384 τιμωρεῖται
900 1310 975 1372 ὡς
1021 1311 1246 1385 μοιχὸς,
1277 1312 1312 1380 ἡ
1363 1307 1422 1365 δὲ
1460 1312 1595 1386 γυνὴ
1643 1309 1744 1364 οὐκ
1790 1307 2004 1363 εὐθύνε-

347 1419 467 1466 ται,
500 1397 592 1452 ὅτε
639 1397 870 1453 ἄκουσαν
916 1397 1006 1453 καὶ
1059 1393 1428 1472 βεϐιασμένην
1475 1397 1644 1468 αὐτὴν
1691 1396 1840 1472 χειρὶ
1878 1416 2005 1469 κρα-

346 1488 526 1561 τήσῃ,
560 1487 607 1540 εἰ
649 1488 739 1541 καὶ
788 1487 923 1556 αὖτή
972 1485 1290 1562 ἐρυθριῶσα,
1322 1487 1385 1542 τὸ
1428 1486 1652 1563 γεγονὸς
1703 1484 1858 1548 εὐθὺς
1907 1483 2005 1538 οὐκ

348 1575 654 1652 ἀνήγγειλε
681 1573 763 1648 τῷ
793 1574 947 1651 ἀνδρὶ
977 1576 1168 1646 αὐτῆς.

352 1760 616 1811 ΚΕΦΔΛ.
661 1759 766 1810 ΙΕ’.
802 1755 961 1830 Περὶ
1006 1753 1479 1830 μοναστηρίων
1519 1754 1626 1809 καὶ
1669 1756 1999 1826 μοναχῶν.

2109 595 2302 666 habet,
2355 601 2418 651 ut
2473 598 2785 653 fornicator
2829 599 3270 656 condemnatur.
3313 600 3420 664 Qui
3453 601 3508 658 in
3541 603 3748 658 matri—

2110 686 2306 742 monio
2325 688 2640 744 secundam
2669 689 3141 746 communionem
3176 689 3404 762 recipit,
3427 695 3492 746 ut
3521 691 3748 748 adulter

2109 777 2371 847 punitur.

2181 863 2338 921 Scire
2377 871 2570 920 autem
2609 872 2853 937 oportet,
2901 867 3054 938 quod
3103 873 3244 924 sunt
3291 884 3573 938 personas,
3619 887 3750 942 quae

2110 959 2372 1025 peccant,
2416 954 2570 1011 τεο
2619 961 2674 1010 et
2721 971 2837 1011 non
2885 959 3260 1028 corriguntur
3300 975 3315 1012 :
3371 975 3601 1031 nempe,
3653 960 3757 1032 qui

2111 1044 2263 1100 servi
2293 1045 2383 1099 sui
2424 1061 2663 1100 uxorem
2701 1045 2984 1101 adulterio
3014 1047 3194 1116 vitiat,
3226 1053 3283 1102 et
3317 1047 3419 1118 qui
3469 1049 3749 1105 feminam

2110 1134 2231 1187 viro
2253 1132 2599 1203 subjectam,
2635 1150 2760 1203 quae
2793 1151 2906 1190 non
2941 1151 3152 1205 paucos
3202 1137 3272 1191 ad
3322 1136 3751 1206 impudicitiam

2112 1221 2330 1288 allexit,
2360 1227 2570 1276 etcum
2607 1221 2810 1277 multis
2840 1223 3175 1291 concubuit,
3207 1229 3462 1296 stuprat,
3484 1225 3758 1282 adulterii

2111 1309 2345 1365 crimini
2377 1326 2491 1366 non
2542 1309 2998 1380 subjicitur,lsed
3047 1311 3454 1370 fornicationis
3501 1319 3757 1371 tantum.

2113 1399 2182 1454 Et
2224 1399 2311 1454 vir
2353 1400 2586 1471 quidem
2636 1408 2908 1470 tanquam
2959 1399 3189 1456 adulter
3238 1404 3496 1473 punitur,
3546 1403 3760 1460 mulier

2111 1503 2245 1543 vero
2285 1503 2397 1545 non
2434 1487 2767 1559 corrigitur,
2798 1489 3035 1560 quando
3075 1489 3320 1546 invitam
3356 1495 3415 1548 et
3442 1492 3756 1564 impulsam

2108 1575 2278 1631 illam
2309 1579 2364 1632 vi
2387 1575 2608 1646 vicerit,
2643 1576 2775 1633 licet
2817 1577 2918 1633 illa
2966 1579 3340 1647 erubescens,
3391 1581 3600 1638 marito
3646 1597 3756 1638 suo

2112 1667 2263 1734 quod
2297 1665 2510 1720 factum
2541 1668 2654 1731 est,
2687 1665 2882 1721 statim
2917 1682 3030 1723 non
3061 1669 3521 1726 annuntiaverit.

2324 1753 2480 1809 CAP.
2513 1755 2639 1810 XV.
2673 1755 2745 1810 De
2769 1758 3116 1812 monasteriis
3143 1765 3194 1814 et
3234 1761 3541 1815 monac/tis.

423 1850 484 1898 '0
526 1849 629 1912 τῆς
683 1841 986 1918 λεγομένης
1035 1843 1260 1916 πρώτης
1316 1843 1406 1897 καὶ
1465 1839 1716 1916 δευτέρας
1775 1839 2002 1896 συνόδου

2183 1844 2389 1898 Prima:
2419 1851 2472 1899 et
2519 1844 2786 1899 secundas
2834 1845 2997 1900 dictas
3045 1846 3252 1917 synodi
3299 1863 3482 1904 canon
3533 1847 3757 1920 primus

349 1931 538 1988 κανὼν
569 1936 787 2008 πρῶτος
838 1935 914 2004 μή
960 1930 1150 2003 ἐξεῖναι
1182 1931 1388 1988 κελεύει
1441 1933 1802 2006 μοναστήριον
1853 1931 2003 1986 οἰκο-

351 2019 556 2096 δομεῖν
608 2022 733 2076 ἄνευ
786 2022 1015 2096 γνώμης
1063 2025 1161 2077 τοῦ
1217 2019 1540 2092 ἒπὶσκόπου,
1596 2022 1696 2089 τήν
1751 2020 2003 2074 εἰωθυῖαν

352 2110 631 2184 πρότερον
661 2107 1040 2171 ἐπιτελοῦντος
1073 2110 1266 2185 εὐχὴν,
1297 2109 1348 2164 ἐν
1377 2106 1582 2186 βρεϐίῳ
1608 2107 1665 2163 δέ
1697 2107 1823 2164 αὒτό
1855 2129 1911 2162 τε
1941 2109 2003 2162 τὸ

357 2201 731 2272 μοναστήριον
779 2197 1162 2276 ἐγγράφεσθαι,
1211 2200 1297 2252 καὶ
1349 2200 1446 2252 ὅσα
1493 2200 1628 2272 πρὸς
1678 2202 1776 2253 τοῦ
1820 2195 2006 2270 δειμα-

357 2287 532 2362 μένου
579 2286 730 2359 αὓτῷ
781 2289 1101 2367 ἀφιέρωται,
1144 2289 1234 2342 καὶ
1281 2289 1343 2342 τὸ
1394 2283 1612 2362 βρέὸιον
1657 2293 1736 2359 τῷ
1785 2285 2006 2340 ἐπισκό-

351 2400 450 2450 πῳ
535 2379 1054 2452 προσαποτίθεσθαι,
1141 2379 1216 2438 ὡς
1304 2377 1497 2450 μηκέτι
1581 2374 1834 2431 δύνασθαι
1915 2377 2007 2429 τὸν

352 2469 737 2543 ἅφιερώσαντα
788 2463 928 2522 ἔστιν
977 2469 1012 2522 ἓι
1050 2468 1260 2522 τούτων
1309 2470 1459 2530 αὖθις
1513 2467 1860 2538 ἐξιδιοῦσθαι.
1917 2469 2006 2520 Ὠν

352 2559 463 2634 γὰρ
511 2555 843 2629 ἂπεξένωσεν
901 2558 1091 2612 ἑαυτὸν
1146 2555 1234 2612 διὰ
1287 2561 1386 2623 τῆς
1447 2564 1619 2629 μονῆς
1671 2557 1877 2618 ἀναθεὶς
1927 2559 2006 2627 τῷ

354 2651 503 2720 Θεῷ,
535 2650 654 2707 πῶς
701 2649 818 2708 οἷός
859 2667 937 2716 τε,
969 2649 1064 2701 οἷα
1109 2645 1399 2717 δεσπότης,
1431 2652 1596 2701 ταῦτα
1644 2643 1867 2714 διέπειν,
1901 2646 2012 2719 οὐχ

355 2737 517 2798 ὅπως
548 2739 641 2791 καί
690 2734 886 2798 ἄλλοις
919 2733 1373 2810 διαπιπράσκειν;
1425 2736 1487 2790 οὐ
1521 2739 1630 2808 μὴν
1679 2734 1802 2790 οὐδὲ
1841 2736 2010 2809 ἡγού-

360 2848 526 2902 μενον
559 2828 746 2882 ἑαυτὸν
777 2827 981 2896 ταύτης
1029 2825 1089 2896 ἐᾷ
1119 2825 1434 2881 καθιστάναι
1465 2828 1608 2900 παρὰ
1656 2827 1884 2903 γνώμην
1914 2829 2012 2880 τοῦ

355 2915 690 2985 ἐπισκόπου,
736 2913 854 2971 οὐδ’
895 2911 1083 2990 ἕτερον
1140 2915 1250 2969 ἄνθ’
1307 2915 1498 2970 ἑαυτοῦ
1547 2914 2010 2990 προχειρίζεσθαι.

359 3007 428 3063 Εἰ
461 3006 567 3080 γάρ
587 3007 654 3060 τὰ
677 3004 985 3080 ἀνθρώποις
1019 3002 1374 3081 δεδωρημένα
1395 3004 1494 3060 οὐκ
1522 3002 1598 3059 ἔνι
1621 3003 1796 3080 χωρὶς
1829 3003 2014 3080 εὐπρο-

359 3095 559 3152 σώπου
598 3094 771 3158 αἰτίας
808 3097 901 3152 τὸν
950 3092 1335 3170 δωρησάμενον
1384 3089 1695 3163 ἀναλαϐεῖν,
1729 3089 1913 3168 σχολῇ
1956 3115 2016 3171 γε

363 3190 482 3240 τῶν
511 3181 938 3258 ἂνατεθειμένων
968 3188 1082 3255 Θεῷ
1111 3185 1210 3254 τήν
1242 3183 1539 3258 κυριότητα
1570 3185 1598 3239 ὁ
1629 3183 1844 3248 ἀναθεὶς
1876 3182 2015 3239 ἰδιο-

2111 1932 2405 1988 interdicit
2463 1935 2884 1988 monasterium
2957 1936 3244 1992 tediticare
3313 1937 3536 2008 absque
3601 1937 3760 2010 epis-

2111 2021 2241 2092 copi
2276 2023 2582 2087 sententia,
2617 2021 2874 2078 debitam
2900 2024 3088 2094 primo
3111 2024 3569 2082 benedictionem
3601 2043 3761 2096 pera-

2111 2109 2299 2180 gentis
2333 2126 2346 2175 ;
2381 2110 2438 2164 in
2472 2110 2627 2164 brevi
2657 2115 2850 2166 autem
2885 2117 2942 2166 et
2970 2111 3162 2183 ipsum
3213 2115 3632 2171 monasterium
3661 2115 3753 2171 in-

2111 2198 2310 2264 scribi,
2359 2203 2415 2254 et
2465 2215 2824 2270 quaecunque
2857 2218 2890 2254 a
2927 2201 3226 2256 conditore
3273 2203 3354 2258 illi
3404 2204 3748 2274 donantur;

2112 2291 2170 2342 et
2202 2287 2366 2343 breve
2410 2288 2466 2342 in
2499 2287 2723 2343 aedibus
2771 2289 3200 2360 episcopalibus
3245 2293 3470 2362 reponi,
3520 2298 3584 2348 ut
3635 2311 3748 2349 non

2118 2377 2298 2448 possit
2328 2376 2425 2432 ille
2454 2377 2555 2446 qui
2594 2378 2901 2448 dedicavit,
2935 2379 3036 2434 illa
3056 2380 3114 2434 in
3140 2383 3438 2452 proprium
3461 2399 3629 2438 usum
3654 2385 3756 2439 ite-

2116 2481 2246 2520 rum
2290 2470 2641 2521 convertere.
2683 2466 2817 2530 Quae
2866 2468 3019 2522 enim
3073 2469 3180 2524 sibi
3222 2471 3353 2540 quis
3403 2472 3762 2540 abjudicavit

2119 2571 2219 2626 per
2250 2555 2664 2611 monasterium
2715 2558 2824 2612 Deo
2874 2557 3170 2626 addicens,
3204 2561 3494 2630 quomodo
3547 2567 3788 2631 potest,

2119 2661 2184 2698 ac
2223 2643 2272 2698 si
2315 2644 2507 2700 adhuc
2554 2653 2704 2700 esset
2750 2645 3046 2716 dominus,
3095 2647 3196 2703 illa
3243 2648 3655 2705 administrare
3701 2655 3759 2705 et

2120 2732 2249 2788 aliis
2279 2733 2633 2790 divendere?
2657 2734 2773 2790 Nec
2803 2735 2980 2791 etiam
3030 2737 3369 2793 monasterii
3419 2740 3756 2809 praefectum

2121 2824 2342 2895 absque
2389 2823 2643 2895 episcopi
2689 2825 2980 2880 sententia
3027 2825 3193 2881 illum
3241 2825 3497 2896 seipsum
3537 2828 3758 2883 consti-

2121 2917 2305 2979 tuere,
2337 2928 2442 2968 nec
2473 2912 2652 2968 alium
2681 2914 2810 2983 ejus
2829 2913 2951 2970 loco
2968 2913 3218 2987 deligere
3243 2916 3484 2987 patitur.
3503 2917 3757 2985 Etenim,

2125 3001 2174 3057 si
2225 3017 2351 3074 quis
2422 3001 2647 3056 homini
2703 3001 2995 3074 quispiam
3048 3003 3292 3076 largitus
3347 3008 3456 3072 est,
3508 3005 3763 3076 amplius

2126 3091 2353 3146 auferre
2372 3091 2498 3146 sine
2525 3107 2722 3159 causa,
2755 3091 2856 3163 qui
2888 3091 3141 3161 donavit,
3172 3091 3328 3149 haud
3361 3100 3549 3166 potest
3579 3111 3595 3161 ;
3644 3111 3761 3166 quo

2119 3181 2272 3251 jure,
2305 3195 2430 3252 quas
2461 3178 2576 3236 Deo
2623 3180 2888 3237 dedicata
2933 3185 3092 3250 sunt,
3123 3180 3182 3237 in
3214 3199 3382 3238 suam
3433 3185 3766 3254 possessio-

363 3273 686 3342 ποιήσεται,
719 3243 794 3332 ὡς
851 3243 1202 3346 προσηγορία
1262 3243 1398 3344 μόνῃ
1454 3243 1544 3324 καὶ
1605 3271 1681 3344 μή
1741 3243 2014 3346 πράγματι

2129 3286 2285 3339 nem,
2309 3270 2408 3341 qui
2426 3269 2681 3340 donavit,
2713 3269 2921 3343 rapiat,
2945 3275 3224 3342 tanquam
3253 3272 3486 3329 nomine
3505 3277 3760 3344 tantum,

363 3363 472 3430 τήν
500 3358 802 3438 ἀφοσίωσιν
831 3360 987 3417 εἶναι.

443 3451 510 3507 Ὅ
541 3447 604 3504 δὲ
647 3445 728 3504 κδ’
753 3455 856 3518 τῆς
906 3447 949 3503 δ’
979 3444 1204 3504 συνόδου
1250 3449 1451 3515 κανὼν,
1481 3442 1561 3503 ἔτι
1610 3445 1666 3504 δὲ
1712 3451 1798 3504 καὶ
1839 3455 1938 3520 τῆς
1972 3450 2021 3514 ς’

369 3541 400 3594 ὁ
435 3540 554 3612 μθ’,
606 3539 673 3592 τά
719 3533 856 3608 ἅπαξ
907 3530 1300 3611 καθιερωθέντα
1348 3539 1708 3610 μοναστήρια,
1739 3539 1875 3594 κατὰ
1919 3539 2018 3608 τήν

367 3629 606 3705 γνώμην
639 3632 736 3683 τοῦ
786 3627 1104 3695 ἐπισκόπου,
1137 3627 1196 3682 ὃν
1245 3621 1366 3690 ἔθος
1405 3626 1575 3706 εὐχήν
1625 3625 2019 3700 προκαταϐάλ-

371 3719 569 3774 λεσθαι
615 3724 717 3786 τῆς
766 3713 1108 3790 οἰκοδομίας,
1151 3713 1333 3791 ὥσπερ
1376 3717 1495 3772 τινα
1546 3717 1796 3790 θεμέλιον
1853 3717 2022 3792 ἀρῥα-

371 3814 472 3883 γῆ,
523 3806 874 3860 ἐπιτάττουσι
927 3807 1102 3879 μένειν
1145 3804 1222 3866 εἰς
1269 3806 1331 3860 τὸ
1375 3803 1618 3875 διηνεκὲς
1669 3810 2022 3880 μοναστήρια,

369 3897 466 3952 καὶ
525 3895 595 3950 τά
650 3895 994 3971 προσήκοντα
1047 3895 1264 3956 τούτοις
1318 3893 1614 3971 πράγματα
1663 3893 2023 3970 φυλάττεσθαι

370 3988 736 4058 ἆνεκποὶητα,
812 3985 901 4040 καὶ
971 3986 1165 4058 μηκέτι
1239 3984 1478 4060 γίνεσθαι
1546 3990 1712 4042 ταῦτα
1786 3989 2024 4060 κοσμικὰ

370 4077 690 4149 καταγώγια
722 4093 735 4106 ’
781 4074 910 4137 τοὺς
960 4072 1017 4130 δέ
1058 4077 1220 4128 τοῦτο
1253 4075 1330 4147 μὴ
1379 4078 1679 4150 τηροῦντας
1725 4082 2024 4138 κανονικῶς

371 4165 720 4236 εὐθύνεσθαι,
793 4163 1126 4239 ἱερωμένους
1215 4164 1309 4235 μὶν
1393 4162 1606 4234 δηλαδή
1696 4166 2028 4248 καθαιρέσει,

373 4253 610 4316 λαίῖκοὺς
649 4250 708 4308 δὲ
755 4249 1244 4327 ὓποϐαλλομὲνους
1295 4255 1605 4326 ἀφορισμῷ.
1641 4257 1796 4326 Ζήτει
1843 4257 1934 4311 καὶ
1973 4255 2027 4312 ἐν

367 4349 456 4419 τῷ
493 4345 564 4420 ιβ’
611 4363 733 4414 κεφ,
764 4347 862 4398 τοῦ
909 4345 952 4400 E
981 4342 1254 4419 στοιχείου
1299 4344 1498 4398 κανόνα
1545 4347 1611 4412 ιζ’
1662 4351 1763 4414 τῆς
1809 4347 1853 4414 ζ’
1899 4367 2025 4400 συν-

373 4434 539 4492 ὁδου.

446 4526 517 4580 '0
567 4521 628 4577 δὲ
676 4519 876 4592 ταύτης
919 4527 966 4576 κ’
1015 4521 1116 4577 οὐκ
1163 4519 1333 4578 οἴεται
1381 4519 1490 4576 δεῖν
1539 4520 1645 4577 ἀπό
1687 4543 1749 4601 γε
1793 4527 1891 4578 τοῦ
1937 4527 2026 4579 νῦν

2131 3375 2248 3416 non
2279 3373 2337 3413 re
2369 3357 2520 3414 facta
2547 3358 2756 3415 fuisset
2785 3360 3070 3416 dedicatio
3089 3361 3118 3414 ?

2198 3449 2524 3506 Vicesimus
2571 3456 2813 3521 quartus
2859 3467 2985 3524 syn.
3033 3467 3088 3506 ιν
3135 3469 3343 3521 canon,
3392 3470 3563 3526 porro
3611 3463 3663 3511 et
3706 3463 3763 3511 v't

2130 3538 2336 3612 synodi
2367 3539 2457 3606 49,
2504 3553 2632 3610 quae
2680 3538 2857 3594 semel
2895 3541 3062 3610 juxta
3109 3543 3363 3614 episcopi
3406 3544 3764 3603 voluntatem

2130 3632 2467 3684 consecrata
2497 3631 2636 3682 sunt
2667 3628 3044 3695 monasteria,
3075 3645 3206 3685 cum
3230 3636 3388 3687 esset
3406 3637 3763 3690 consuetudo

2132 3717 2524 3790 precationem
2543 3715 2888 3788 praemittere
2899 3717 3577 3792 exstructioni,tanquam
3593 3725 3768 3793 quod-

2132 3807 2266 3863 dam
2309 3807 2756 3862 fundamentum
2795 3806 3188 3879 infrangibile,
3221 3815 3497 3881 perpetuo
3531 3829 3765 3868 manere

2134 3895 2480 3953 monasteria
2498 3895 2790 3962 ordinant,
2809 3899 2866 3950 et
2885 3912 3129 3968 res,quse
3150 3896 3224 3952 ad
3245 3913 3312 3954 ea
3333 3900 3761 3970 pertinent,non

2133 3985 2475 4042 alienandas
2505 3985 2742 4050 servari,
2774 4000 2958 4056 eaque
3001 4001 3114 4040 non
3147 3986 3398 4058 amplius
3431 3989 3552 4044 fieri
3585 4007 3766 4046 samu—

2132 4075 2277 4130 laria
2306 4072 2637 4130 habitacula
2667 4090 2680 4128 :
2715 4089 2811 4129 eos
2857 4078 3074 4144 autem,
3105 4075 3206 4146 qui
3253 4076 3360 4132 hoc
3410 4095 3526 4134 non
3564 4081 3765 4134 obser-

2133 4169 2272 4220 vant
2299 4163 2578 4219 canonice
2615 4163 2831 4234 puniri,
2863 4168 3124 4220 sacratos
3151 4165 3389 4236 quidem
3419 4167 3769 4239 depositioni

2135 4252 2527 4325 subjiciendos
2557 4267 2720 4322 esse;
2750 4251 2929 4308 laicos
2957 4269 3088 4308 vero
3127 4257 3532 4326 segregationi.
3566 4260 3768 4324 Quaere

2134 4343 2311 4399 etiam
2359 4342 2416 4396 in
2445 4341 2515 4397 l2
2543 4357 2666 4412 cap.
2700 4339 2786 4396 lit.
2835 4342 2878 4396 E
2926 4357 3206 4399 canonem
3252 4343 3319 4399 17
3367 4345 3626 4416 septimis
3671 4364 3772 4418 sy-

2135 4430 2295 4487 nodi.

2206 4518 2394 4590 Hujus
2423 4534 2557 4575 vero
2586 4519 2657 4574 20
2684 4533 2904 4575 canone
2935 4518 3148 4575 dehinc
3177 4520 3544 4579 interdicitur
3562 4523 3775 4598 duplex

373 4611 552 4668 διπλᾶ
589 4610 822 4685 γίνεσθαι
873 4613 1228 4685 μοναστήρια,
1260 4611 1352 4666 καὶ
1397 4616 1514 4676 τοῖς
1565 4617 1832 4688 μοναχοῖς
1881 4609 2014 4689 ἔγγι-

2135 4607 2553 4664 monasterium
2585 4609 2642 4664 in
2673 4607 2880 4664 iisdem
2911 4609 3152 4680 uadibus,
3179 4614 3238 4666 et
3259 4626 3436 4682 prope
3459 4615 3774 4670 monachos

377 4723 483 4756 στα
540 4699 640 4762 τὰς
700 4699 1035 4774 μοναζούσας
1108 4699 1280 4756 οἰκεῖν
1310 4718 1324 4732 ⁸
1402 4697 1710 4756 σκανδάλου
1766 4703 1868 4778 γὰρ
1937 4700 2029 4756 καὶ

372 4789 816 4865 προσκόμματος
862 4793 982 4850 τοῖς
1031 4787 1274 4852 πολλοῖς
1315 4784 1489 4843 α’ίτιον
1533 4790 1695 4844 τοῦτό
1743 4810 1825 4865 γε.
1867 4789 2027 4846 Ἀλλ’

375 4880 534 4940 ὅσοις
564 4873 729 4951 ἤρεσε
777 4879 915 4948 μετὰ
959 4881 1066 4930 τῶν
1116 4873 1272 4931 ἰδίων
1321 4875 1685 4948 ἀποτάξασθαι
1734 4881 2026 4953 συγγενῶν,

375 4968 430 5022 οἱ
497 4967 596 5039 μὲν
641 4962 828 5040 ἄνδρες
871 4963 949 5026 εἷς
1000 4961 1234 5042 ἀνδρῶν,
1283 4967 1338 5020 αἱ
1398 4962 1455 5020 δὲ
1507 4971 1754 5041 γυναῖκες
1803 4966 1883 5032 εἰς
1927 4990 2026 5042 γυ-

372 5061 585 5113 ναικῶν
646 5054 950 5125 εἰσίτωσαν,
1008 5056 1163 5131 φησὶ,
1221 5057 1580 5129 μοναστήρια.
1637 5057 1712 5110 Τὰ
1780 5054 1837 5112 δὲ
1894 5056 2027 5136 ἄχρι

373 5147 468 5202 καὶ
519 5147 764 5220 τήμερον
817 5140 1167 5218 διαρκέσαντα
1225 5142 1396 5200 διπλᾶ
1458 5147 1822 5220 μοναστήρια,
1881 5146 2029 5203 αἰδοῖ

373 5239 478 5291 τοῦ
539 5234 691 5289 ταῦθ’
749 5231 924 5295 οὕτως
977 5231 1122 5308 ἔχειν
1187 5235 1544 5298 τυπώσαντος
1599 5233 1744 5289 θείου
1820 5237 2028 5311 Πατρὸς

378 5326 546 5398 ἡμῶν
603 5321 915 5396 Βασιλείου,
975 5322 1486 5395 οἰκονομείσθωσαν,
1544 5323 1618 5385 ὡς
1695 5323 1896 5387 ἐκεῖνός
1965 5345 2028 5400 γε

377 5411 724 5470 ὂιατάσσεται
758 5431 771 5443 ’
855 5409 1258 5468 συνδιαιτᾶσθαι
1329 5409 1386 5468 δὲ
1449 5412 1542 5468 καὶ
1617 5416 2026 5491 συναναστρέφεο

375 5505 498 5558 σθαι
535 5500 823 5578 μοναχοὺς
870 5500 1220 5576 μοναστρίαις
1252 5501 1318 5554 ού
1357 5499 1460 5572 δεῖ,
1493 5502 1584 5557 ἅτε
1636 5498 1903 5579 βλαϐερὸν
1937 5501 2025 5558 καὶ

373 5591 635 5666 ἀθέμιτον
665 5609 682 5624 ⁶
734 5587 862 5646 οὔτε
907 5589 1217 5667 παρρησίαν
1264 5591 1400 5666 πρὸς
1457 5589 1620 5653 αὐτὰς
1677 5588 1843 5667 ἔχειν,
1905 5590 2027 5648 οὕτε

374 5680 494 5740 ῗόία
538 5680 931 5761 προσομιλεῖν,
984 5681 1064 5756 μὴ
1118 5679 1202 5738 ὅτι
1260 5682 1398 5738 κατά
1447 5681 1613 5764 μόνας
1669 5683 1858 5746 αὐταῖς
1906 5702 2024 5740 συν-

2140 4695 2458 4752 monacbas
2488 4696 2748 4753 habitare
2781 4713 2795 4752 :
2835 4695 2981 4752 illud
3011 4697 3164 4753 enim
3219 4699 3478 4755 scandali
3507 4707 3564 4757 et
3593 4703 3776 4759 clien-

2137 4785 2318 4842 sionis
2348 4802 2587 4842 causam
2631 4785 2830 4842 multis
2877 4787 3105 4857 praebet.
3157 4788 3267 4843 Sed
3317 4789 3770 4864 quibuscunque

2138 4873 2355 4945 placuit
2389 4892 2525 4930 cum
2575 4874 2823 4946 prapriis
2853 4875 3117 4946 cognatis
3139 4877 3384 4948 §mundo
3416 4881 3773 4949 renuntiare,

2139 4963 2243 5019 viri
2274 4963 2512 5035 quidem
2561 4963 2621 5019 in
2654 4964 2930 5032 virorum,
2965 4964 3192 5020 feminae
3242 4982 3371 5022 vero
3419 4966 3480 5024 in
3528 4969 3772 5026 femina-

2138 5069 2289 5124 rum,
2321 5054 2531 5126 inquit,
2559 5053 2912 5110 monasleria
2939 5053 3364 5127 ingrediantur.
3406 5059 3544 5123 Quae
3572 5067 3770 5116 autem

2137 5141 2444 5215 hucusque
2481 5148 2824 5214 permanent
2869 5142 3122 5215 duplicia
3169 5148 3540 5216 monasteria,
3588 5149 3770 5205 divini

2137 5230 2322 5287 nostri
2355 5233 2543 5287 Patris
2577 5231 2774 5288 Basilii
2820 5231 2940 5287 haec
2982 5231 3066 5288 ita
3103 5248 3166 5289 se
3195 5233 3404 5292 habere
3447 5238 3773 5293 ordinantis

2137 5319 2470 5386 reverentia,
2537 5321 3040 5389 administrentur,
3091 5325 3264 5392 prout
3317 5323 3443 5395 ipse
3501 5325 3774 5381 instituit.

2137 5407 2325 5464 Simul
2353 5423 2486 5464 vero
2517 5411 2720 5480 degere
2737 5413 2794 5465 et
2811 5409 3026 5464 versari
3049 5411 3364 5468 monachos
3383 5417 3439 5468 et
3461 5415 3775 5470 monachae

2136 5513 2252 5554 non
2283 5502 2544 5570 oportet;
2577 5498 2794 5570 quippe
2832 5496 3219 5568 periculosum
3242 5505 3300 5556 et
3329 5501 3600 5559 illicitum
3635 5503 3778 5560 illud

2134 5589 2242 5642 est.
2274 5584 2472 5658 Neque
2504 5585 2620 5642 illis
2649 5586 3004 5642 concedatur
3033 5583 3285 5649 licentia.
3320 5593 3385 5644 ut
3412 5589 3584 5646 simul
3605 5591 3777 5647 collo-

2134 5675 2236 5753 qui
2276 5680 2510 5748 queant,
2551 5689 2740 5748 neque
2787 5690 2905 5732 una
2947 5690 3079 5732 cum
3129 5675 3245 5733 illis
3285 5677 3477 5734 cibum
3527 5685 3776 5752 capere;
