4098 6332
443 397 522 456 39
1713 386 2091 452 ΜΑΤΤΗΑΞΙ
2134 386 2582 467 ΒιΑεφΑιιιε,

3763 395 3847 454 40

437 533 496 586 et
523 543 652 601 quae
701 527 828 583 vitae
876 525 1202 582 necessaria
1231 541 1264 580 a
1291 525 1431 580 viris
1460 497 1532 580 ad
1565 525 1860 598 regulares
1903 526 2077 582 femi-

2191 523 2388 578 εσθίειν
2419 543 2431 554 ·
2507 525 2574 577 τὰ
2650 521 2707 577 δέ
2785 543 2848 598 γε
2925 528 3266 601 κομιζόμενα
3341 535 3458 593 ταῖς
3535 535 3841 592 κανονικαῖς

439 635 545 674 nas
573 617 929 683 deferuntur,
962 619 1124 671 extra
1153 619 1377 686 portam
1398 613 1520 670 haec
1545 614 1792 686 accipiat
1819 615 2086 687 praetecta

437 723 571 764 cum
593 706 708 763 alia
735 704 928 762 vetula
958 704 1262 761 monacha.
1295 703 1354 760 Si
1393 703 1526 776 quis
1557 703 1733 760 etiam
1761 704 2086 760 monachus

441 795 774 854 necessario
793 795 1022 866 negotio
1042 797 1347 866 cognatam
1374 809 1540 850 suam
1563 796 1747 848 visere
1773 793 2083 850 vehemen-

437 889 526 942 ter
557 883 870 952 desiderat,
895 885 1174 955 praesente
1213 881 1484 954 prafecta
1525 897 1658 938 cum
1689 897 1756 938 ea
1786 879 2084 954 colloqua-

435 976 536 1030 tur
561 975 764 1046 exiguo
803 979 858 1029 et
905 971 1060 1028 brevi
1091 985 1383 1040 sermone,
1415 973 1472 1026 et
1494 969 1685 1026 statim
1729 971 1802 1026 ab
1831 985 1900 1026 ea
1928 985 2084 1026 rece-

434 1061 560 1118 dat.

505 1239 728 1305 Quatus
756 1256 812 1296 tv
843 1238 1049 1311 synodi
1097 1254 1281 1294 canon
1333 1238 1753 1294 monasterium
1802 1236 2083 1293 aediﬁcare

431 1329 522 1388 vel
573 1328 883 1386 oratoriam
939 1329 1204 1396 domum,
1253 1331 1464 1400 praeter
1519 1327 1770 1382 civitatis
1827 1325 2080 1399 episcOpi

432 1417 804 1485 sententiam,
837 1415 1214 1473 inhonestum
1236 1415 1396 1471 ducit
1426 1432 1441 1484 ;
1494 1413 1812 1471 monachos
1860 1419 2078 1480 autem,

431 1507 534 1581 qui
581 1506 805 1563 sincere
840 1509 898 1561 et
925 1521 1044 1562 non
1091 1507 1370 1577 pratextu
1419 1504 1798 1560 monasticam
1851 1502 2078 1574 elegere

429 1597 631 1666 vitam,
671 1595 822 1651 187
875 1595 1137 1666 quietem
1184 1611 1296 1650 non
1343 1594 1530 1650 obiter
1557 1593 1775 1651 habere
1797 1591 1991 1660 jubet,
2021 1593 2079 1646 et

429 1687 539 1744 soli
556 1687 788 1759 jejunio
819 1691 879 1742 et
907 1685 1154 1742 orationi
1175 1701 1402 1754 vacare,
1423 1688 1480 1740 et
1499 1685 1561 1740 in
1584 1685 1802 1756 quibus
1831 1681 2081 1738 ordinati

429 1779 572 1832 sunt
600 1775 744 1831 locis
774 1773 998 1831 fortiter
1020 1789 1408 1846 perseverare.
1426 1773 1534 1836 Qui
1554 1772 1737 1844 igitur
1758 1772 1837 1826 ita
1857 1771 2076 1838 vivunt,

431 1879 666 1968 aequum
695 1871 860 1922 esset.
897 1867 964 1918 ut
992 1879 1112 1935 pra
1137 1862 1266 1918 aliis
1297 1861 1602 1917 monachis
1625 1858 1931 1932 privilegia
1949 1873 2072 1914 sor-
2109 1903 2158 1968 Β

431 1955 692 2012 tiantur:
723 1954 929 2010 cedant
987 1953 1372 2009 nihilominus
1425 1951 1597 2008 etilli
1651 1950 1902 2022 regionis
1952 1949 2078 2020 epi-

435 2058 642 2118 seOpo,
674 2041 1168 2114 quemadmodum
1201 2041 1430 2098 clericis
1473 2039 1640 2111 jubet
1688 2040 1800 2108 lex,
1832 2043 1889 2095 et
1937 2037 2080 2093 nihil

433 2131 790 2191 sacerdotale
818 2139 1226 2202 exsequantur,
1259 2131 1318 2185 in
1351 2129 1527 2185 aliam
1568 2129 1858 2198 regionem
1892 2127 2080 2183 disce-

431 2224 655 2289 dentes,
687 2221 907 2292 absque
936 2220 1194 2292 episcopi
1221 2217 1479 2290 pacilicis
1499 2223 1558 2273 et
1585 2215 2080 2272 commendatitiis

425 2312 658 2369 litteris.
695 2311 801 2374 Qui
834 2311 1066 2382 prepria
1097 2309 1438 2378 relinquunt
1469 2307 1847 2373 monasteria,
1880 2309 1938 2361 et
1984 2305 2072 2358 ci-

425 2401 630 2458 vitates
662 2400 1020 2471 negligenter
1050 2403 1108 2452 et
1138 2398 1468 2453 inordinate
1496 2397 1990 2464 circumcursanl,
2020 2397 2076 2448 et

428 2488 816 2548 ecclesiastica
846 2493 904 2542 et
923 2487 1114 2541 civilia
1144 2485 1376 2557 negotia
1411 2485 1770 2556 perturbant,
1795 2489 1860 2538 ut
1889 2498 2077 2553 neque

437 2579 633 2636 divina
655 2595 688 2632 ιι
719 2577 870 2644 suis,
890 2592 1079 2646 neque
1099 2576 1359 2630 humana
1379 2575 1703 2629 secundum
1727 2573 2078 2628 convenien-

434 2673 553 2725 tem
591 2668 850 2725 ordinem
901 2665 1300 2721 administrari
1350 2665 1593 2731 sinant;
1638 2679 1763 2733 quae
1795 2665 1865 2718 ad
1896 2662 2076 2716 vitam

433 2756 660 2814 scilicet
687 2761 950 2828 spectant
979 2772 1012 2810 a
1053 2754 1238 2820 laicis,
1271 2771 1305 2808 a
1336 2753 1636 2808 monachis
1658 2757 1846 2808 autem
1879 2756 1937 2805 et
1967 2750 2075 2805 cle-

431 2845 566 2904 ricis
597 2863 662 2902 ea
691 2861 815 2916 quae
832 2849 975 2900 sunt
993 2844 1110 2900 Deo
1129 2843 1389 2898 dedicata
1414 2861 1429 2910 ;
1463 2841 1570 2896 hos
1600 2839 1686 2896 vel
1717 2841 1929 2896 invitos
1952 2855 2073 2894 mo-

429 2933 700 2992 nasteriis
731 2933 955 2990 includi
979 2933 1166 3004 jubet,
1191 2931 1301 2987 nisi
1328 2931 1566 3002 quidam
1591 2931 1662 2985 ad
1687 2929 2072 2985 necessariam

431 3027 622 3084 forsan
679 3024 940 3080 civilium
990 3022 1356 3096 negotiorum
1421 3021 1988 3078 administrationem
2042 3037 2076 3075 a

433 3113 690 3171 civitatis
720 3113 992 3184 episcopo
1034 3111 1262 3167 veniam
1314 3109 1611 3166 consecuti
1642 3109 1786 3177 sint,
1813 3109 1911 3180 qui
1961 3108 2074 3165 sci.

432 3204 570 3260 licet
615 3219 646 3260 e
701 3200 926 3260 clericis
967 3205 1026 3257 et
1067 3199 1234 3257 laicis
1289 3205 1429 3256 tunc
1485 3199 1898 3255 exsistentibus
1955 3197 2076 3252 haec

2193 611 2454 686 ἀναγκαῖα
2483 616 2578 668 τοῦ
2629 613 2750 685 βίου
2781 615 2918 688 πρὸς
2966 618 3074 668 τῶν
3118 613 3350 694 ἀνδρῶν,
3383 616 3576 688 ἔξωθεν
3623 624 3724 688 τῆς
3755 619 3845 671 θύ-

2194 721 2292 775 ρας
2331 704 2366 772 ἡ
2413 703 2692 777 ¹ἡγουμένη
2741 706 2912 758 ταῦτα
2958 701 3432 780 παραλαμϐανὲτω
3489 709 3606 781 μεθ’
3655 709 3843 781 ἒτέρας

2198 791 2522 868 μοναστρίας
2569 793 2756 867 γραός.
2799 793 2864 850 Et
2913 789 2970 849 δὲ
3014 795 3104 849 καὶ
3150 799 3258 850 τῶν
3305 801 3559 872 μοναχῶν
3606 819 3691 861 τις
3735 798 3836 865 τὴν

2193 883 2310 936 καθ’
2340 884 2478 956 αἷμα
2520 883 2902 958 προσήκουσαν
2955 880 3087 939 ἰδεῖν
3121 884 3243 960 περέ
3291 887 3549 942 πλείστου
3595 891 3834 942 ποιεῖται

2191 969 2487 1045 ἀναγκαίου
2571 973 2888 1047 πράγματος
2959 972 3105 1048 πέρι,
3182 978 3281 1040 τῆς
3355 977 3669 1051 ἡγουμένης
3748 975 3840 1031 ὑπ’

2193 1058 2315 1133 ὄψιν
2363 1059 2533 1135 ταύτῃ
2591 1059 3006 1136 προσομιλείτω
3055 1061 3126 1117 δι’
3183 1063 3387 1142 ὀλίγων
3447 1065 3536 1120 καὶ
3590 1069 3837 1141 σμικρῶν

2193 1147 2394 1223 λόγων,
2426 1150 2516 1204 καὶ
2545 1149 2758 1226 ταχέως
2789 1151 3174 1226 δποχωρείτω.

2265 1242 2321 1292 '0
2348 1235 2405 1292 δὲ
2437 1235 2482 1292 δ’
2512 1245 2610 1307 τῆς
2637 1237 2680 1293 δ’
2716 1237 2947 1295 συνόδου
2998 1242 3176 1296 κανὼν
3207 1245 3568 1318 μοναστήριον
3619 1240 3838 1299 οἰκοδο-

2195 1332 2314 1400 μεῖν
2415 1327 2701 1404 εὐκτήριον
2731 1329 2830 1384 οὐκ
2874 1329 2926 1384 ἐν
2960 1329 3116 1403 καλῷ
3162 1330 3390 1395 τίθεται,
3421 1333 3568 1408 παρὰ
3611 1333 3838 1408 γνώμην

2191 1419 2288 1469 τοῦ
2344 1422 2444 1485 τῆς
2501 1415 2719 1480 πόλεως
2775 1417 3074 1476 ἐπισκόπου
3107 1441 3122 1452 ·
3172 1423 3280 1475 τῶν
3333 1421 3521 1494 μέντοι
3572 1422 3832 1498 μονάχῶν

2188 1501 2316 1566 τοὺς
2373 1501 2688 1579 εἰλικρινῶς
2738 1505 2828 1562 καὶ
2885 1508 2963 1582 μὴ
3022 1510 3379 1583 προσχήματι
3443 1510 3536 1564 τὸν
3615 1511 3832 1586 μονήρη

2194 1594 2478 1664 μετιόντας
2513 1593 2652 1670 βίον,
2685 1597 2784 1666 τήν
2829 1595 3063 1676 ἡσυχίαν
3099 1598 3175 1672 μὴ
3226 1597 3277 1654 ἐν
3326 1600 3584 1675 παρέργῳ
3631 1601 3834 1654 τιθέναι

2189 1682 2421 1751 κελεύει,
2455 1683 2590 1759 μόνῃ
2635 1705 2694 1740 τε
2742 1688 3096 1762 προσανέχειν
3143 1691 3212 1760 τῇ
3263 1689 3482 1761 νηστείᾳ
3529 1691 3619 1746 καὶ
3667 1709 3836 1764 προσ-

2191 1773 2354 1845 ευχῇ,
2404 1773 2494 1827 καὶ
2544 1772 2596 1827 ἐν
2643 1774 2726 1837 οἷς
2774 1775 3104 1847 ἀπετάξαντο
3157 1775 3349 1838 τόποις
3395 1784 3832 1854 προσκαρτερεῖν.

2189 1861 2252 1915 Οἱ
2361 1865 2388 1875 ⁸
2501 1861 2528 1882 “
2757 1867 2782 1880 ’⁸
2857 1885 2877 1906 ο
3225 1863 3239 1886 ‘
3341 1868 3368 1886 τ
3510 1867 3522 1884 “
3779 1874 3802 1884 “’

2291 1881 2420 1936 γουν
2467 1883 2610 1918 ουτω
2663 1863 2909 1936 βιουντ.ς
2959 1863 3161 1920 δίκαιοι
3209 1867 3270 1921 ἂν
3318 1888 3418 1922 ειεν
3469 1887 3536 1922 τα
3575 1863 3836 1942 πρεσϐεια

2188 1951 2324 2004 κατὰ
2351 1954 2457 2006 τῶν
2483 1948 2671 2007 ἄλλων
2722 1951 2972 2027 φέρεσθαι
3004 1959 3267 2033 μοναχῶν
3301 1975 3314 1988 ’
3369 1955 3608 2012 ὑπείκειν
3643 1957 3832 2030 μέντοι

2189 2038 2278 2092 καὶ
2334 2040 2558 2103 τούτους
2613 2045 2692 2113 τῷ
2749 2041 3009 2118 ἐγχωρίῳ
3066 2043 3368 2117 ἐπισκόπῳ,
3426 2042 3608 2120 ὥσπερ
3666 2047 3836 2114 νόμος

2187 2133 2302 2190 τοῖς
2349 2127 2660 2206 κληρικοῖς,
2691 2131 2780 2185 ναὶ
2833 2129 3004 2203 μηδὲν
3055 2133 3324 2208 ἱερατικὸν
3372 2133 3646 2209 πράττειν,
3695 2136 3831 2208 πρὸς

2189 2216 2370 2290 ἑτέραν
2429 2217 2756 2294 ἀπαίροντας
2813 2218 3104 2293 ἐπαρχίαν,
3158 2223 3332 2296 χωρὶς
3397 2221 3736 2292 άπολυτικῆς
3796 2225 3832 2293 ἢ

2188 2308 2513 2376 συστατικὴς
2558 2311 2656 2361 τοῦ
2703 2307 2998 2362 ἐπισκόπου
3047 2317 3279 2384 γραφῆς.
3321 2309 3456 2372 Τοός
3505 2333 3568 2384 γε
3617 2314 3726 2385 μὴν
3767 2311 3836 2364 τὰ

2192 2393 2306 2450 ἴδια
2360 2395 2871 2469 καταλιμπάνοντας
2936 2401 3287 2471 μονασνήρια,
3341 2400 3430 2454 καὶ
3487 2400 3583 2464 τὰς
3639 2400 3830 2462 πόλεις

2189 2483 2499 2562 ἀδιαφόρως
2544 2487 2631 2540 καὶ
2663 2485 2906 2548 ἀτάκτως
2951 2489 3284 2560 περιϊόντας,
3313 2489 3404 2542 καὶ
3451 2491 3517 2542 τὰ
3563 2497 3664 2558 τῆς
3713 2492 3833 2544 Ἐκ-

2188 2573 2442 2644 κλησίας,
2496 2576 2631 2650 πρὸς
2691 2573 2748 2629 δὲ
2801 2576 2890 2629 καὶ
2946 2576 3013 2630 τὰ
3069 2576 3328 2632 πολιτικᾶ
3385 2575 3834 2655 διαταράσσονῖςις

2187 2664 2504 2738 πράγματα,
2536 2665 2610 2725 ὡς
2665 2667 2804 2736 μήτε
2831 2663 2897 2718 τὰ
2949 2666 3068 2720 θεῖα
3107 2665 3258 2740 μέρει
3305 2665 3384 2736 τῷ
3433 2667 3660 2738 ἑαυτῶν,
3696 2670 3835 2740 μήτε

2185 2751 2252 2806 τε
2297 2753 2604 2826 ἀνθρώπινα
2646 2755 2782 2808 κατά
2830 2775 2894 2828 γε
2937 2754 3039 2823 τὴν
3085 2757 3468 2827 προσήκουσαν
3515 2758 3660 2830 τάξιν
3700 2755 3838 2811 ἐῶν-

2183 2862 2279 2902 τας
2329 2837 2734 2916 διενεργεῖσθαι,
2769 2843 2872 2897 ὑπὸ
2921 2841 3128 2898 λαϊκῶν
3166 2844 3260 2917 μὲν
3307 2845 3373 2899 τὰ
3421 2846 3676 2919 βιωτικὰ,
3731 2847 3835 2902 ὑπὸ

2187 2926 2243 2983 δὲ
2277 2934 2538 3004 μοναχῶν
2579 2929 2668 2985 καὶ
2710 2928 2997 3006 κληρικῶν
3043 2931 3110 2986 τὰ
3137 2936 3217 3004 τῷ
3266 2931 3382 3005 Θεῷ
3427 2932 3835 3008 ἀνατεθειμένα,

2184 3017 2416 3078 τούτους
2471 3019 2562 3072 καί
2624 3016 2854 3082 ἄκοντας
2917 3024 3032 3082 τοῖς
3113 3020 3499 3097 μοναστηρίοις
3577 3022 3836 3096 ἐγκλείειν

2185 3105 2418 3176 κελεύει,
2468 3105 2518 3161 εἷ’
2569 3109 2642 3180 μή
2691 3128 2833 3170 τινες
2883 3108 2986 3184 ἄρα
3025 3109 3100 3172 εἷς
3145 3109 3448 3167 πολιτικῶν
3499 3112 3836 3188 πραγμάτων

2185 3196 2476 3271 ἀναγκαίαν
2527 3194 2796 3270 διοίκησιν
2847 3197 3188 3272 ἐπιτραπεῖεν
3233 3201 3380 3274 παρά
3425 3204 3522 3256 τοῦ
3571 3207 3671 3270 τῆς
3725 3201 3833 3254 πό-
3897 3201 3901 3207 ’

431 3295 642 3352 melius
691 3293 1104 3375 administrare
1153 3299 1387 3348 norunt.
1444 3291 1707 3348 Decernit
1753 3291 1953 3361 etiam,
2013 3294 2077 3344 ut

2191 3285 2331 3348 λεως
2389 3285 2706 3354 ἐπισκόπου,
2767 3288 2858 3342 ἅτε
2909 3293 3018 3342 τῶν
3073 3293 3370 3358 τηνικαῦτα
3433 3289 3718 3366 κληρικῶν
3794 3289 3829 3360 ἢ

433 3383 629 3441 nullus
675 3400 878 3440 servus
907 3399 942 3438 a
969 3383 1451 3438 monasteriorum
1497 3380 1784 3452 praefectis
1827 3379 1898 3434 ad
1945 3394 2075 3434 mo-

435 3474 724 3530 nasticam
790 3473 964 3529 vitam
1033 3470 1400 3538 admittatur,
1448 3473 1656 3542 praeter
1715 3467 1938 3524 domini
1985 3467 2076 3524 sui

421 3563 802 3629 voluntatem,
851 3577 923 3616 ne
992 3576 1204 3617 nomen
1251 3559 1350 3615 Dei
1403 3558 1884 3631 blasphematur;
1941 3573 2074 3612 eum

429 3669 587 3723 vero,
619 3651 719 3722 qui
747 3649 902 3708 hanc
931 3649 1332 3705 definitionem
1368 3648 1814 3720 transgreditur,
1845 3662 2076 3702 excom-

433 3741 852 3800 municandum
885 3753 1010 3796 esse
1042 3755 1056 3792 :
1089 3737 1340 3794 civitatis
1369 3753 1538 3810 porro
1580 3737 1918 3808 episcopum
1945 3751 2074 3792 eam

434 3834 719 3906 oportere,
779 3845 951 3901 quam
1005 3844 1113 3899 par
1166 3830 1277 3894 est,
1333 3826 1816 3882 monasteriorum
1877 3841 2076 3882 curam

432 3934 649 3992 gerere,
682 3931 754 3973 ne
801 3932 998 3972 rerum
1048 3916 1120 3970 ad
1168 3914 1297 3970 illos
1348 3915 1762 3986 pertinentium
1816 3914 2077 3970 molestia

435 4005 856 4066 monachorum
906 4004 1246 4077 perturbent
1297 4003 1567 4075 quietem.
1603 4005 1796 4069 Quaere
1828 4004 1900 4057 22
1923 4007 1980 4058 et
2005 4004 2074 4057 25

427 4096 619 4170 capita
647 4094 856 4152 litterae
886 4094 946 4149 E.

431 4387 506 4444 De
531 4383 689 4442 modo
722 4397 826 4454 quo
855 4381 1036 4452 accipi
1081 4377 1279 4434 debent
1322 4377 1416 4434 illi
1462 4375 1559 4448 qui
1605 4375 1827 4432 tonderi
1864 4374 2072 4431 volunt.

502 4549 697 4604 Canon
745 4548 939 4611 autem
980 4542 1047 4597 43
1089 4538 1318 4595 concilii
1367 4537 1534 4607 sexti,
1567 4535 1936 4601 Conceditur,
1981 4533 2070 4588 in-

2187 3374 2387 3430 λαϊκῶν
2445 3375 2841 3452 ἀσφαλέστερον
2895 3381 3060 3431 ταῦτα
3121 3375 3378 3432 διαθεῖναι
3451 3381 3526 3452 μὴ
3607 3380 3830 3452 ἀμαθῶς

2183 3459 2427 3539 ἔχοντες.
2461 3465 2764 3520 Ἐπιτάττει
2821 3462 2878 3520 δὲ
2919 3466 3006 3520 καὶ
3063 3463 3269 3539 μηδένα
3317 3464 3514 3521 δοῦλον
3563 3467 3690 3530 τοὺς
3721 3471 3832 3522 τῶν

2189 3551 2568 3627 μοναστηρίων
2619 3559 2963 3629 προεστῶτας
3011 3553 3348 3630 εἷ’σδέχεσθαι
3407 3555 3494 3610 ἐπὶ
3551 3557 3612 3611 τὸ
3667 3557 3833 3630 μονά-

2185 3662 2274 3696 σαι
2331 3642 2475 3717 παρᾶ
2530 3643 2760 3716 γνώμην
2819 3641 2920 3698 τοῖ’)
2977 3641 3117 3698 ἰδίου
3175 3644 3461 3717 δεσπότου,
3503 3643 3595 3700 τίνσι
3645 3647 3722 3718 μή
3768 3646 3832 3700 τὸ

2185 3731 2361 3804 ὄνομα
2387 3735 2484 3786 τοῦ
2529 3736 2662 3786 Θεοῦ
2694 3733 3116 3810 βλασφημῆται,
3147 3735 3238 3788 τὸν
3287 3732 3344 3788 δὲ
3385 3735 3478 3789 τὸν
3533 3736 3658 3808 ὅρον
3707 3756 3837 3790 του-

2182 3821 2298 3876 τονὶ
2354 3817 2777 3897 παραϐαίνοντα,
2837 3823 3204 3894 ἀκοινώτητον
3267 3824 3398 3878 εἶναι
3432 3843 3444 3858 ⁸
3506 3825 3600 3879 τόν
3660 3845 3723 3901 γε
3765 3822 3835 3891 δὴ

2181 3916 2284 3980 τῆς
2342 3909 2558 3972 πόλεως
2610 3911 2903 3966 ἐπίσκοπον
2959 3919 3163 3987 χρῆναι
3222 3915 3322 3982 τήν
3383 3912 3603 3968 δέουσαν
3657 3919 3831 3967 ποιεῖ-

2186 4000 2306 4053 σθαι
2363 3999 2620 4074 πρόνοιαν
2675 4005 2782 4054 τῶν
2847 4001 3252 4075 μοναστηρίων,
3309 4000 3404 4056 ’ίνα
3463 4003 3539 4074 μή
3595 4006 3664 4076 τῇ
3720 4006 3828 4055 τῶν

2184 4090 2494 4162 προσόντων
2540 4088 2726 4149 αὐτοῖς
2784 4089 3012 4164 όχκήσει
3068 4089 3400 4166 πραγμάτων
3462 4093 3828 4164 συνταραστη-

2183 4179 2270 4230 ταί
2299 4181 2416 4238 τοῖς
2451 4181 2718 4252 μοναχοῖς
2748 4177 2810 4232 τὸ
2859 4175 3190 4256 φιλήσυχον.
3221 4181 3380 4249 Ζήτει
3423 4179 3486 4234 τὸ
3516 4180 3603 4254 κβ⁹
3648 4179 3736 4233 καὶ
3769 4181 3832 4234 τὸ

2184 4287 2244 4321 κε
2287 4286 2406 4344 me.
2440 4271 2534 4320 τοῦ
2563 4269 2604 4322 E
2639 4266 2942 4341 στοιχείου.

2187 4375 2342 4447 Περὶ
2393 4377 2508 4428 τοῦ
2564 4379 2698 4435 πῶς
2753 4375 2884 4449 χρὴ
2935 4371 3250 4449 δέχεσθαι
3299 4373 3452 4438 τοὺς
3511 4373 3831 4438 θέλοντας

2781 4447 3229 4521 ἀποκαρῆναι.

2253 4534 2309 4589 Ὀ
2359 4532 2416 4588 δὲ
2467 4537 2560 4610 μγ¹
2605 4541 2706 4604 τῆς
2735 4538 2782 4598 ς’
2833 4532 3062 4590 συνόδου
3111 4533 3310 4606 κανὼν,
3355 4536 3468 4590 Οὐκ
3518 4534 3830 4611 ἀπείρηται,

433 4639 580 4713 quit,
613 4635 794 4693 cuivis
822 4631 1174 4701 Christiano,
1206 4628 1436 4686 etiamsi
1467 4628 1714 4700 graviter
1745 4623 2074 4697 deliquerit,

2191 4621 2343 4702 φησὶ,
2401 4623 2560 4678 παντὶ
2629 4623 2956 4696 Χριστιανῷ,
3013 4623 3102 4678 καὶ
3175 4621 3387 4699 μεγάλα
3461 4624 3830 4698 ἡμαρτηκότι,

429 4732 642 4784 statum
677 4722 1059 4780 monasticum
1089 4717 1342 4791 ingredi,
1375 4717 1475 4788 qui
1499 4717 1678 4774 vitam
1701 4715 1936 4786 quidem
1961 4729 2076 4786 pm-

433 4814 794 4874 nitentialem
825 4813 1097 4868 accurate
1123 4807 1292 4862 nobis
1315 4809 1722 4878 repraesentat:
1758 4821 1892 4860 nam
1915 4803 2074 4858 velut

433 4905 705 4963 columna
733 4900 996 4974 quaedam
1028 4895 1432 4970 paenitentiam
1463 4899 1698 4950 externo
1728 4893 1956 4962 habitu,
1988 4891 2069 4948 vi-

433 4999 552 5062 ctu,
586 4991 963 5062 moribusque
985 4984 1280 5058 exprimit,
1316 4992 1488 5054 atque
1521 4987 1750 5038 nosmet
1777 4981 1905 5052 ejus
1927 4996 2076 5036 sem-

434 5099 538 5156 per
566 5094 856 5138 memores
887 5079 1140 5150 praastat.
1176 5073 1373 5143 Neque
1402 5087 1536 5126 vero
1577 5075 1678 5125 aut
1727 5069 2072 5126 delictorum

434 5168 774 5234 multitudo,
807 5171 908 5221 aut
933 5161 1108 5218 etiam
1131 5158 1471 5230 magnitudo
1492 5157 1954 5229 desperationem
1979 5173 2080 5211 no-

434 5259 528 5316 bis
551 5259 749 5312 creet:
804 5267 990 5322 neque
1029 5249 1236 5304 modus
1267 5246 1494 5302 vivendi
1548 5245 1822 5316 cuiquam
1865 5245 2076 5314 obstet,

436 5345 752 5421 quominus
781 5342 937 5396 hunc
966 5344 1086 5394 tam
1119 5341 1354 5410 gratum
1393 5337 1500 5392 Deo
1532 5351 1774 5407 scopum
1811 5332 2080 5406 attingat.

436 5435 592 5493 Dixit
619 5434 774 5490 enim
805 5428 1070 5485 Salvator
1101 5429 1336 5482 noster:
1372 5444 1400 5476 α
1444 5423 1612 5478 Illum
1646 5421 1745 5493 qui
1769 5423 1837 5477 ad
1872 5435 1965 5478 me
1992 5436 2088 5478 ve-

439 5525 550 5596 nit,
579 5521 921 5593 nentiquam
946 5515 1176 5586 ejiciam
1209 5515 1380 5572 foras.
1416 5535 1446 5564 ››

507 5615 704 5671 Ganon
741 5609 878 5665 vero
914 5605 1007 5674 40,
1054 5604 1348 5673 Quamvis,
1390 5603 1603 5676 inquit,
1652 5602 1828 5659 hosce
1875 5599 1976 5673 qui
2013 5605 2080 5658 ut

436 5705 553 5768 Deo
583 5701 995 5778 jungersntur,
1021 5693 1145 5768 jam
1195 5692 1369 5750 rebus
1415 5691 1794 5750 saecularibus
1839 5690 2076 5762 longam

2183 4715 2284 4783 τὴν
2339 4709 2638 4786 μοναδικήν
2693 4711 2968 4788 μετελθεῖν
3019 4711 3323 4784 πολιτείαν,
3375 4714 3499 4784 ἥτις
3547 4717 3685 4788 ἡμῖν
3733 4716 3833 4784 τήν

2185 4802 2237 4858 ἐν
2299 4803 2558 4875 μετανοίᾳ
2608 4805 2752 4872 ζωὴν
2802 4804 2894 4856 σὺν
2955 4797 3205 4876 ἀκριϐείᾳ
3263 4802 3634 4878 στηλογραφεῑ
3669 4822 3681 4833 ·
3738 4803 3832 4856 οἷά

2181 4914 2267 4955 τις
2309 4892 2410 4968 γὰρ
2463 4891 2642 4964 στήλη
2673 4894 2773 4962 τήν
2824 4895 3114 4966 μετάνοιαν
3160 4895 3299 4967 ἡμῖν
3327 4897 3406 4966 τῷ
3453 4891 3641 4964 ἔξωθεν
3685 4894 3833 4967 σχή-

2185 5001 2338 5056 ματι,
2385 4983 2474 5037 καὶ
2517 4987 2594 5055 τῷ
2637 4983 2762 5058 βίῳ,
2807 4982 2895 5036 καὶ
2952 4987 3068 5042 τοῖς
3125 4982 3311 5051 ἤθεσιν
3364 4984 3684 5060 ὑπογράφει,
3738 4982 3828 5036 καὶ

2183 5071 2384 5142 ταύτης
2439 5071 2521 5126 ἀεὶ
2585 5071 2889 5146 μεμνῆσθαι
2955 5073 3370 5146 παρασκευάζει.
3432 5073 3520 5140 Μὴ
3581 5070 3716 5140 δῆτα
3791 5073 3826 5138 ἡ

2183 5165 2292 5217 τῶν
2347 5160 2700 5232 πταισμάτων
2759 5159 2974 5230 πληθὺς
3027 5158 3116 5215 καὶ
3175 5162 3238 5217 τὸ
3301 5162 3465 5237 βάρος
3518 5160 3827 5235 ἀπόγνωσιν

2183 5252 2318 5324 ἡμῖν
2367 5249 2664 5322 ἐμποιείτω
2699 5269 2711 5283 ·
2766 5247 2908 5322 μηδέ
2931 5270 3012 5312 τις
3055 5252 3256 5322 τρόπος
3303 5248 3559 5323 ἐμποδὼν
3592 5249 3828 5324 γενέσθω

2183 5339 2292 5395 τινὶ
2320 5339 2457 5414 πρὶς
2488 5341 2587 5408 τὴν
2618 5344 2716 5396 τοῦ
2768 5337 3057 5412 θεοφιλοῦς
3087 5341 3284 5396 τούτου
3331 5344 3536 5394 σκοποῦ
3566 5336 3828 5409 ἀποπλή-

2187 5449 2376 5501 ρωσιν.
2405 5433 2460 5482 ’0
2507 5429 2607 5504 γαρ
2659 5428 2852 5502 Σωτὴρ
2897 5429 3058 5502 ἡμῶν
3101 5426 3286 5505 εἴρηκε
3318 5446 3334 5462 ⁶
3383 5428 3485 5482 Τὸν
3525 5428 3827 5503 ἐρχόμενον

2185 5519 2323 5594 πρός
2357 5537 2424 5590 με
2455 5517 2518 5571 οὐ
2554 5517 2629 5590 μή
2653 5511 2870 5572 ἐκϐάλω
2900 5511 3021 5586 ἔξω,
3644 5577 3652 5587 ,

2255 5610 2313 5663 Ὀ
2345 5605 2402 5663 δὲ
2449 5613 2526 5682 μ’,
2561 5608 2622 5665 Εἰ
2670 5610 2760 5664 καὶ
2808 5608 2872 5664 τὸ
2919 5607 3224 5666 κολλᾶσθαι
3257 5612 3394 5682 Θεῷ,
3440 5611 3595 5686 φησὶ,
3643 5607 3830 5664 πολλᾶ

2186 5697 2400 5778 χαίρειν
2447 5697 2713 5774 πρότερον
2754 5705 2870 5766 τοῖς
2919 5704 3016 5756 τοῦ
3061 5697 3185 5776 βίου
3234 5699 3535 5776 φράσαντας
3576 5697 3828 5776 πράγμασ
