4098 6332
161 385 242 470 ιιι

161 541 223 588 σι,
267 519 354 584 τῆς
431 519 624 574 ἐκεῖθεν
713 517 1114 594 μακαριότητος
1190 516 1579 592 κληρονόμους
1638 511 1749 570 οἶδε
1779 517 1830 585 Α

158 613 320 674 ποιεῖν,
369 605 489 662 ἀλλ’
544 607 901 678 ἀνεξετάστως
959 605 1022 662 οὐ
1081 605 1238 662 δέον·
1291 604 1417 661 οὐδὲ
1471 605 1618 678 παρᾶ
1659 605 1755 658 τὸν

157 698 450 768 προσήκοντα
507 693 686 767 δήπου
761 703 862 766 τῆς
922 694 1148 764 ἡλικίας
1206 695 1419 769 καιρὸν,
1473 691 1602 756 τοὺς
1657 691 1752 748 τόν

163 786 333 858 μονήρη
392 785 505 861 βίον
557 785 940 860 αἱρουμένους,
985 786 1080 840 τὸν
1134 789 1234 854 τῆς
1281 790 1457 856 μονῆς
1513 801 1752 857 προστα-

156 877 318 928 τοῦντα
373 873 684 948 προσίεσθαι
741 871 842 931 δεῖ.
887 877 975 944 Τῷ
1044 870 1104 928 δὲ
1157 871 1530 940 πλατυνθῆναι
1600 890 1755 946 περι-

158 967 308 1037 φανῶς
348 966 442 1034 τὴν
476 959 774 1033 εὐσέϐειαν,
813 967 895 1036 τῷ
933 963 1178 1038 περιόντι
1223 969 1324 1031 τῆς
1382 961 1610 1038 χάριτος
1654 965 1752 1016 τοῦ

159 1055 286 1120 Θεοῦ,
311 1052 392 1106 καὶ
437 1049 693 1123 δεκαέτης
735 1047 808 1106 ὤν
866 1071 949 1112 τις
1008 1053 1086 1123 μή
1127 1045 1555 1122 ἀποϐεϐλήσθω,
1589 1050 1754 1123 μόνον

156 1140 192 1194 εἰ
217 1142 326 1202 τοὺς
353 1141 585 1215 τρόπους
627 1136 1017 1214 συμϐαίνοντας
1065 1137 1190 1215 ἔχοι
1233 1143 1313 1212 τῷ
1353 1137 1752 1217 ἐπαγγέλματι,

156 1231 219 1301 μή
249 1230 322 1284 δτι
347 1231 429 1284 καὶ
459 1232 524 1285 τὸ
555 1228 776 1286 δέκατον
805 1229 1182 1304 παριππεύσας
1221 1227 1363 1290 ἔτος.

207 1319 258 1372 '0
308 1316 361 1373 δὲ
405 1321 442 1374 ε’
477 1325 580 1389 τῆς
631 1319 934 1396 λεγομένης
975 1321 1078 1374 ΔΒ¹
1121 1316 1350 1372 συνόδου
1395 1317 1598 1384 κανὼν,
1626 1315 1755 1379 τοὺς

148 1410 214 1476 τῷ
241 1410 452 1480 μονήρει
493 1408 820 1483 προσιόντας
871 1405 998 1482 βίῳ,
1029 1403 1116 1462 ἐπὶ
1145 1404 1382 1482 τριετίαν
1421 1405 1472 1460 ἐν
1515 1409 1582 1478 τῇ
1613 1407 1756 1480 μονῇ

147 1492 496 1568 δοκιμάζεσθαι
575 1495 890 1572 διωρίσατο,
939 1497 1040 1565 τήν
1097 1496 1369 1568 κοσμικὴν
1439 1493 1758 1570 περικειμέ-

143 1605 246 1648 νους
294 1580 368 1640 ἔτι
421 1585 667 1657 στολήν·
721 1585 1021 1660 ἀξιόχρεων
1076 1583 1135 1640 δὲ
1182 1585 1282 1654 τὴν
1333 1583 1388 1638 ἐν
1429 1583 1608 1657 τούτῳ
1657 1585 1758 1638 τοῦ

139 1673 320 1748 Ledaeo
347 1676 466 1750 περὶ
521 1675 582 1731 τὸ
630 1673 956 1752 ἐπάγγελμα
999 1675 1250 1748 πρόθεσιν
1297 1671 1757 1747 ἐπιδειξαμένους,

139 1768 407 1830 τηνικαῦτα
461 1764 530 1820 τὸ
579 1765 880 1839 μοναχικὸν
939 1763 1322 1841 ἀμφιέννυσθαι
1389 1768 1608 1840 σχῆμα.
1655 1761 1759 1823 Τὰς

137 1850 222 1926 γάρ
270 1853 524 1924 ἀκρίτους
573 1853 664 1908 καὶ
731 1851 1127 1925 ἀδοκιμάστους
1187 1851 1457 1928 ἀποταγάς
1513 1851 1589 1915 ὡς
1643 1849 1762 1907 ἐπί-

139 1962 226 1994 παν
256 1941 403 2015 ἴσμεν
460 1943 536 2014 τῇ
590 1945 700 1996 τῶν
762 1945 1018 2016 μονα-χῶν
1066 1940 1280 2014 εὐταξίᾳ
1328 1939 1760 2014 λυμαινομένας.

140 2033 190 2086 Οἱ
217 2037 341 2106 γοῦν
366 2036 662 2107 προπετῶς
691 2029 914 2093 ἑαυτοὺς
956 2034 1038 2102 τῷ
1087 2032 1314 2104 μονήρει
1355 2027 1762 2104 ἓπιῤῥίπτοντες

140 2121 246 2193 βίῳ,
277 2123 363 2176 καὶ
393 2123 538 2196 πρὸς
566 2121 631 2175 τὸ
659 2119 836 2195 τραχὺ
880 2119 1166 2192 μετέπειτα
1207 2119 1300 2174 καὶ
1349 2118 1604 2174 ἐπίπονον
1667 2121 1768 2184 τῆς

134 2209 390 2280 ἀσκήπως
441 2209 792 2276 ἀπειπόντες,
821 2208 910 2264 ἐπὶ
963 2209 1054 2264 τὸν
1114 2210 1448 2287 φιλὸσαρκον
1497 2208 1586 2263 καὶ
1647 2207 1769 2264 ὑλι-

135 2306 215 2352 κὸν
262 2301 380 2375 βίον
427 2299 644 2360 ἀθλίως
693 2297 856 2353 πάλιν
907 2296 1420 2375 ἔπαναστρέιρουσιν.
1457 2297 1518 2352 Εἰ
1569 2294 1628 2352 δέ
1685 2316 1768 2357 τις

138 2391 242 2462 περί
302 2388 573 2443 πλείστου
621 2386 888 2457 πεποίητο
943 2387 1008 2439 τά
1044 2393 1146 2455 τῆς
1178 2381 1460 2446 εὐλαϐείας
1501 2385 1589 2440 καὶ
1641 2386 1772 2460 ἀρε-

1791 1898 1837 1962 Β

131 2486 218 2546 τῆς
249 2480 320 2542 ὡς
349 2482 410 2534 τὸ
442 2478 659 2555 φθάσαν
689 2481 788 2532 τοῦ
833 2477 954 2550 βίου
1001 2481 1100 2530 τοῦ
1150 2475 1455 2549 μέλλοντος
1501 2475 1770 2550 ὑπάρχειν

134 2567 400 2642 ἐχέγγυον,
473 2569 570 2622 καὶ
638 2568 666 2620 6
745 2566 1097 2638 ἑξαμηνιαῖος
1173 2567 1484 2644 ἀποχρήσει
1559 2566 1770 2633 καιρός·

129 2658 276 2713 Ἀλλ’
306 2657 429 2712 οὐδὲ
458 2663 578 2712 τῶν
612 2657 1084 2730 εἰσπραττομένων
1131 2652 1208 2710 ἔτι
1256 2658 1320 2710 τὸ
1369 2654 1622 2729 δόκιμον,
1654 2659 1772 2716 τοῖς

135 2747 262 2817 νόσῳ
315 2744 768 2821 περιπεπτωκόσι
815 2743 1027 2818 βαρείᾳ,
1058 2745 1158 2812 τὴν
1206 2740 1488 2798 τελείωσιν
1549 2743 1774 2818 ὑπερθε-

132 2836 236 2889 τέον
288 2839 386 2891 τοῦ
434 2836 760 2910 σχήματος.
807 2832 942 2895 Τοὺς
993 2831 1050 2887 δὶ
1099 2832 1244 2907 παρὰ
1291 2837 1459 2888 ταῦτα
1509 2829 1775 2904 δρῶντας,

132 2925 213 2978 τόν
240 2946 296 2980 τε
319 2932 422 2994 τῆς
456 2929 641 2998 μονῆς
672 2921 1058 2998 ἐξηγούμενον,
1090 2923 1259 2999 φημὶ,
1290 2921 1380 2976 καὶ
1416 2922 1510 2976 τὸν
1563 2920 1775 2997 εἶσαγό-

141 3035 304 3084 μενον,
331 3016 427 3070 τὸν
464 3014 572 3086 μὲν
615 3018 716 3080 τῆς
749 3011 929 3087 ἀρχῆς
959 3009 1260 3078 ἐκπίπτειν,
1293 3010 1382 3066 καὶ
1421 3011 1522 3079 τὴν
1583 3010 1778 3064 ὑποτα-

135 3105 225 3175 γὴν
283 3103 732 3178 ὗπεισὲρχεσθαι,
764 3102 856 3156 τὸν
885 3097 942 3154 δὲ
989 3100 1066 3162 εἰς
1119 3099 1300 3174 ἑτέραν
1355 3101 1524 3173 μονὴν
1572 3098 1780 3172 ἀπάγε-

133 3193 262 3262 σθαι,
298 3189 470 3264 μηδὲν
505 3196 615 3259 τῆς
643 3183 921 3264 ἀκριϐείας
955 3187 1272 3267 ὑφιεμένην.

1119 379 1551 444 SYNTAGMA
1593 377 2234 442 ALPHABETICUM.
2281 415 2358 425 —
2402 382 2492 442 M.

1861 515 2278 580 valedixerunt,
2339 515 2506 572 istius
2539 515 2836 573 felicitatis
2871 518 2963 574 hic
2994 519 3305 592 participes
3325 521 3513 578 facere

1863 621 2096 677 aequum
2117 604 2216 673 sit,
2256 609 2315 661 at
2342 619 2473 662 vero
2501 605 2726 678 absque
2765 608 3031 664 examine
3063 609 3307 667 minime
3335 626 3510 682 cpor-

1864 700 1972 750 tet:
2003 694 2122 750 imo
2142 709 2250 750 nec
2269 693 2426 750 citua
2444 693 2705 751 debitum
2729 697 2915 754 atatis
2945 697 3207 770 tempnis
3235 698 3391 767 illos,
3413 697 3516 772 qui

1865 785 2042 840 vitam
2075 783 2392 840 solitariam
2423 799 2592 856 agere
2637 784 2902 858 cupiunt,
2935 804 2969 842 a
2998 791 3268 860 prefecto
3306 804 3516 846 mona-

1864 873 2023 929 sterii
2053 872 2285 929 admitti
2313 874 2400 929 {as
2430 876 2536 929 est.
2570 873 2986 933 Verumtamen
3018 880 3084 934 ut
3111 877 3387 949 praeiere
3407 895 3517 935 au-

1864 968 2072 1034 geatur
2100 961 2306 1032 pietas,
2338 961 2830 1029 superabundanti
2851 964 3048 1036 gratia
3067 965 3174 1022 Dei
3208 966 3383 1024 etiam
3412 967 3520 1023 de-

1866 1050 2082 1106 cimum
2106 1049 2292 1107 astatis
2309 1066 2528 1106 annum
2549 1066 2728 1123 agens
2745 1068 2816 1108 ne
2846 1053 3162 1124 rejiciatur,
3199 1056 3519 1114 dummodo

1865 1138 2075 1211 dignos
2105 1138 2460 1212 professione
2499 1157 2690 1197 mores
2721 1142 3009 1213 praebeat;
3057 1144 3176 1202 imo
3200 1161 3307 1202 nec
3335 1143 3388 1202 is
3409 1150 3520 1218 qui

1867 1226 2158 1282 decimum
2189 1225 2381 1282 adhuc
2419 1234 2750 1284 currentem
2784 1227 2978 1285 habet.

1935 1314 2152 1388 Synodi
2209 1330 2342 1372 vero
2387 1315 2582 1387 prima
2639 1325 2696 1373 et
2741 1319 3014 1374 secundae
3063 1318 3228 1377 dictas
3259 1336 3451 1377 canon
3479 1320 3516 1375 5

1865 1421 1966 1462 eos
1995 1403 2092 1477 qui
2142 1407 2212 1460 ad
2247 1404 2660 1462 monachatum
2701 1407 3006 1476 accedunt,
3056 1424 3158 1480 per
3197 1409 3520 1466 triennium

1866 1495 1928 1550 in
1985 1492 2362 1562 monasterio,
2391 1498 2549 1550 veste
2579 1493 2813 1566 quidem
2858 1495 3120 1552 saeculari
3151 1497 3344 1554 adhuc
3373 1497 3519 1553 ami-

1868 1589 2017 1652 ctos,
2046 1583 2379 1656 probandos
2403 1584 2673 1640 decrevit.
2717 1585 2970 1658 Equum
2998 1591 3196 1645 tamen
3217 1603 3344 1646 esse
3366 1587 3525 1658 judi-

1869 1673 2039 1743 cavit,
2060 1679 2124 1729 ut
2153 1672 2252 1744 qui
2272 1688 2374 1744 per
2402 1673 2458 1728 id
2489 1673 2772 1746 temporis
2814 1675 2996 1732 animi
3028 1677 3122 1734 sul
3155 1677 3520 1750 propositum

1869 1763 1944 1820 de
1974 1762 2327 1834 professione
2345 1763 2896 1835 demonstraverint,
2925 1770 3050 1823 tum
3079 1768 3318 1824 demum
3353 1767 3525 1824 babi-

1869 1856 1996 1908 tum
2051 1853 2444 1908 monasticum
2501 1857 2828 1910 assumant.
2887 1855 3240 1914 Indiscretas
3277 1857 3431 1914 enim
3462 1860 3520 1913 et

1871 1942 2013 1999 citra
2058 1943 2462 2014 probationem
2519 1944 2703 2002 factas
2744 1945 3204 2003 renuntiationes
3231 1951 3296 2004 ut
3325 1947 3514 2020 pluri-

1873 2049 2037 2090 mum
2077 2033 2266 2091 ordini
2315 2035 2640 2092 mouastico
2691 2036 3048 2108 perniciosas
3077 2053 3206 2095 esse
3235 2039 3530 2110 comperi-

1875 2139 2026 2180 mus.
2059 2123 2275 2180 Idcirco
2329 2123 2432 2195 qui
2479 2129 2701 2181 temere
2747 2126 2808 2182 in
2860 2130 3080 2183 statum
3112 2127 3526 2183 monachorum

1877 2229 2007 2268 sese
2033 2213 2326 2286 ingerunt,
2357 2213 2526 2286 paulo
2567 2220 2700 2285 post
2735 2215 2930 2287 ipsum
2963 2217 3070 2289 pia:
3099 2216 3530 2274 exercitationis

1881 2302 2136 2358 laborem
2185 2307 2539 2370 recusantes,
2600 2319 2834 2360 rursum
2886 2305 2957 2359 ad
3008 2307 3230 2375 gratam
3275 2305 3432 2360 carni
3465 2321 3532 2358 ac

1881 2389 2212 2445 szecularem
2246 2390 2420 2446 vitam
2449 2391 2657 2447 misere
2680 2393 2880 2448 reverti
2900 2391 3107 2448 solent.
3133 2394 3193 2450 Si
3225 2393 3358 2465 quis
3378 2392 3532 2449 188

1881 2495 2014 2534 vero
2042 2495 2416 2551 summepere
2459 2481 2517 2536 in
2550 2480 2643 2535 his
2671 2497 2797 2551 quas
2843 2482 2914 2536 ad
2946 2482 3284 2552 religionem
3319 2501 3383 2538 ac
3425 2482 3532 2536 vir-

1881 2573 2065 2625 tutem
2105 2570 2416 2640 pertinent,
2473 2575 2657 2625 emet
2719 2571 3059 2637 exercuerit,
3119 2572 3262 2628 adeo
3323 2579 3378 2627 ut
3411 2571 3528 2626 vita

1885 2664 2150 2714 anteacta
2177 2657 2380 2712 futurae
2414 2674 2527 2713 non
2551 2675 2698 2714 vana
2727 2661 2966 2730 sponsio
2997 2661 3191 2728 fuerit,
3226 2659 3311 2716 vel
3345 2677 3527 2716 seme-

1885 2751 2004 2804 stre
2031 2751 2264 2818 tempus
2316 2747 2586 2803 sutticiet.
2627 2748 2907 2805 Ceterum
2943 2765 3046 2805 nec
3076 2748 3173 2819 iis,
3209 2749 3309 2822 qui
3345 2749 3534 2805 adhuc

1887 2835 2289 2908 probationem
2311 2841 2550 2907 agentes
2567 2836 2626 2892 in
2650 2853 2884 2908 gravem
2907 2839 3174 2895 morbum
3196 2837 3437 2895 incideri
3448 2857 3479 2894 ιι
3490 2843 3531 2906 t,

1887 2924 2109 2982 ordinis
2137 2925 2569 2981 consummatio
2591 2925 2911 2982 differenda
2939 2931 3047 2983 est.
3071 2927 3180 2993 Qui
3201 2943 3336 2984 vero
3365 2943 3535 2984 secus

1889 3012 2148 3080 fecerint,
2188 3018 2329 3086 puta
2365 3015 2451 3069 vel
2477 3015 2806 3085 prefectum
2838 3016 3198 3087 monasterii,
3226 3017 3314 3073 vel
3346 3018 3540 3072 eandi-

1888 3102 2106 3169 datum,
2138 3101 2310 3158 illum
2355 3103 2595 3174 quidem
2627 3103 2908 3176 regimine
2936 3105 3199 3162 excidam
3229 3105 3451 3172 statuit,
3484 3111 3542 3162 et

1889 3191 2111 3248 subditi
2162 3191 2562 3249 conditionem
2611 3193 2827 3260 subire,
2878 3193 3035 3251 hunc
3065 3199 3259 3252 autem
3289 3195 3351 3251 in
3383 3195 3540 3252 aliud

1807 3252 1852 3320 θ
1890 3282 2308 3337 monasterium
2353 3281 2586 3352 abduci,
2643 3281 2744 3337 ubi
2776 3252 2922 3338 nihil
2981 3284 3188 3356 rigoris
3229 3283 3540 3341 monastici

133 3479 280 3554 Περὶ
319 3483 448 3534 τῶν
485 3476 710 3554 χωρὶς
757 3475 960 3554 exilii;
1003 3476 1492 3554 16-pova'xtx6v
1535 3471 1786 3547 ἔνδυμα

631 3543 1010 3623 περιϐἷϐλη
1031 3543 1273 3620 μένων.

206 3641 266 3697 Εἰ
322 3640 381 3696 δέ
434 3663 523 3702 τις
582 3641 681 3695 καὶ
728 3645 832 3709 τῆς
879 3637 1114 3713 τριετίας
1173 3637 1322 3698 ἐντὸς
1378 3639 1441 3692 τὸ
1489 3636 1788 3710 μοναχικὸν

139 3731 223 3786 καέ
283 3731 464 3806 χωρὶς
541 3730 731 3804 εὐχῶν
811 3723 1016 3801 ἔνδυμα
1070 3722 1488 3802 περιϐάλλοιτο,
1549 3722 1790 3798 μεγάλας

143 3821 314 3893 ὑφέξει
373 3819 631 3888 δίκας,εῗ
691 3813 1058 3872 ἀποδύσασθαι
1113 3821 1276 3872 τοῦτο
1337 3813 1659 3889 βουληθείη,
1717 3812 1792 3874 ὡς

146 3911 346 3979 παίζων
378 3907 644 3984 ἄντικρυς
681 3906 732 3961 ἐν
763 3906 827 3960 ού
857 3910 1108 3967 παικτοῖς
1129 3925 1142 3938 ·
1177 3904 1263 3959 καὶ
1314 3901 1456 3958 ἆίκων
1502 3904 1603 3978 γὰρ
1634 3904 1796 3956 τοῦτο

144 3995 580 4071 περιϐεϐλῆσθαι
612 3997 1095 4071 ἀναγκασθήσεται.

210 4093 268 4144 Ὀ
321 4085 378 4142 δὲ
441 4088 494 4162 β’
545 4084 755 4155 ταύτης
829 4085 906 4156 μή
967 4082 1268 4157 ἀποκείρειν
1342 4083 1616 4136 ὁντιναοῦν
1679 4077 1799 4133 ἐπι-

142 4182 389 4250 σκήπτει,
446 4177 544 4232 καὶ
603 4177 672 4230 τὸ
733 4175 1031 4248 μοναχικὸν
1085 4179 1281 4248 σχῆμα
1336 4169 1687 4248 περιτιθέναι,
1735 4167 1796 4222 ἃν

142 4270 217 4339 μὴ
275 4267 552 4342 πρότερον
616 4266 646 4318 ὁ
710 4261 930 4336 μέλλων
988 4262 1147 4318 αὐτὸν
1207 4261 1288 4322 εἷς
1346 4259 1618 4336 ὑποταγὴν
1657 4253 1803 4332 ἔχειν

133 4359 304 4430 παρῇ,
331 4355 379 4428 ᾧ
439 4357 548 4424 τῆς
609 4357 857 4426 ψυχικῆς
903 4350 1068 4406 αὐτοῦ
1110 4349 1388 4423 σωτηρίας
1425 4347 1673 4421 μελήσει,
1703 4365 1804 4399 κα-

137 4443 249 4507 λῶς
324 4444 494 4506 αὐτὸς
571 4441 846 4518 πρότερον
920 4439 1099 4516 ἔργοις
1177 4440 1276 4507 τὴν
1347 4437 1546 4511 ἀρετὴν
1633 4434 1802 4504 ἀσκη-

134 4535 268 4604 θεὶς,
315 4534 414 4590 καὶ
478 4533 605 4592 οἷος
663 4530 802 4605 πρὸς
853 4529 1054 4600 ταύτην
1125 4528 1215 4582 καὶ
1278 4525 1405 4588 τοὺς
1477 4525 1580 4582 ὑπὸ
1643 4527 1806 4602 χεῖρα

135 4619 361 4696 ἐνάγειν.

200 4711 342 4774 Τοὺς
407 4711 610 4784 μέντοι
671 4703 762 4762 διὰ
809 4706 965 4761 νόσον
1009 4705 1045 4774 ἢ
1086 4703 1266 4774 λύπην
1315 4698 1794 4776 ἀποκειρομένους.

135 4798 210 4876 ἐφ’
269 4801 318 4872 ᾦ
379 4796 551 4869 δόξαν
616 4795 786 4868 μόνον
849 4789 1134 4855 εὐλαϐείας
1179 4790 1415 4848 ἐντεῦθεν
1474 4791 1798 4860 κτήσασθαι,

136 4875 217 4944 καὶ
263 4888 318 4946 ἐν
367 4893 496 4951 τοῖς
553 4883 724 4946 ἰδίοις
761 4883 915 4946 αὖθις
944 4880 1369 4960 παρεδρεύοντας
1399 4878 1594 4943 οἷ’κοις,
1631 4875 1801 4950 μηδὲν

142 4979 302 5049 μέλον
360 4977 564 5038 αὐτοῖς
628 4977 743 5030 τῶν
799 4972 1103 5041 ἀσκητικῶν
1157 4967 1402 5046 ἱδρώτων
1461 4969 1551 5023 καὶ
1601 4967 1808 5031 πόνων,

137 5068 365 5130 τούτους
422 5067 528 5140 μὲν
590 5063 672 5126 εἷς
733 5061 1006 5136 ὑποταγὴν
1057 5060 1109 5114 ἰν
1154 5055 1504 5132 μοναστηρίῳ
1534 5057 1810 5124 καθιστᾷν,

142 5155 192 5208 ἐν
249 5157 296 5228 ᾦ
343 5153 408 5210 ἂν
442 5156 473 5210 ὁ
507 5153 820 5212 ἐπίσκοπος
871 5147 1180 5224 δοκιμάσῃ*
1220 5150 1312 5203 τὸν
1373 5144 1430 5200 δὲ
1480 5141 1812 5218 παραλόγως

144 5245 308 5300 αὐτὸν
389 5241 772 5318 ἀποκείραντα
845 5239 1235 5312 καθαιρεῖσθαι,
1311 5237 1405 5290 οἷα
1476 5239 1583 5290 τῶν
1653 5231 1812 5286 θείων

145 5330 473 5407 παραϐάτην
533 5329 811 5400 κανόνων,
860 5327 953 5382 καὶ
1017 5329 1116 5396 τήν
1193 5325 1502 5399 μοναχικήν
1571 5319 1812 5394 εὐταξίαν

148 5423 480 5500 συγχέοντα.
518 5421 626 5475 Διά
654 5417 762 5492 γὰρ
787 5417 881 5475 τὰς
913 5415 1165 5490 ἀκρίτους
1205 5416 1402 5474 ταύτας
1447 5411 1540 5467 καὶ
1588 5408 1818 5484 ἐπισφα-

149 5513 258 5574 λεῖς
306 5513 679 5587 ἀποκάρσεις,
735 5501 888 5582 ὕϐρις
937 5506 1034 5579 μὲν
1091 5505 1170 5577 τῷ
1221 5507 1506 5579 μοναχικῷ
1553 5501 1817 5575 προστρί-

149 5595 295 5656 ϐεται
347 5585 663 5676 βίῳ,ἽΘεὸν
713 5593 774 5650 δὲ
825 5593 1263 5672 βλασφημεῖσθαι
1314 5585 1630 5672 συμϐαίνει.
1664 5585 1818 5646 Ἀλλ’

153 5689 274 5748 ούδὶ
303 5693 334 5747 ὁ
363 5692 470 5760 τὴν
511 5688 692 5763 τρίχα
745 5685 882 5760 πρὸς
927 5687 1045 5746 ταῖς
1100 5681 1434 5745 τελευταίαις
1495 5679 1818 5740 ἀναπνοαῖς,

485 5793 760 5853 Peraea.
801 5789 918 5850 Gn.
960 5782 1184 5850 CXLV.

1893 3369 2234 3426 remittitur.

1978 3468 2052 3524 De
2081 3469 2149 3522 iis
2179 3469 2275 3539 qui
2303 3469 2506 3542 absque
2535 3471 2788 3598 precibus
2809 3476 3172 3600 Inuizasticum
3203 3472 3454 3529 habitum

2597 3559 2654 3598 ιη
2696 3559 2810 3598 uun
2844 3587 2856 3599 .

2597 3559 2856 3599 mauum.

1967 3625 2312 3698 Quicunque
2339 3644 2474 3683 vero
2505 3628 2660 3685 intra
2686 3629 3000 3688 triennium
3033 3631 3423 3689 monasticum
3448 3631 3546 3687 ha-

1899 3715 2088 3770 bitum
2111 3715 2421 3786 etquidem
2446 3718 2670 3789 absque
2701 3720 2967 3789 precibus
2989 3721 3198 3786 induit,
3223 3736 3546 3793 prmgraves

1899 3819 2098 3875 pmnae
2147 3803 2290 3871 luet,
2322 3806 2640 3863 dummodo
2697 3809 2866 3865 illum
2910 3826 3120 3866 rursus
3150 3825 3356 3867 exuere
3383 3809 3542 3878 velit,

1899 3895 2179 3965 tauquam
2210 3909 2340 3950 cum
2369 3894 2544 3951 rebus
2568 3896 2774 3952 ludens
2808 3898 3052 3954 minime
3085 3897 3329 3954 ludicris
3353 3915 3367 3965 ;
3390 3912 3557 3970 coge-

1902 3987 1999 4036 tur
2026 3981 2180 4037 enim
2214 3982 2284 4037 ad
2314 3982 2582 4040 habitum
2614 3985 2796 4042 istum
2825 3987 2914 4042 vel
2939 3987 3140 4043 nolens
3169 3986 3558 4042 induendum.

1972 4074 2148 4128 Cavet
2203 4072 2376 4128 etiam
2432 4071 2591 4129 illius
2646 4076 2847 4147 synodi
2891 4091 3076 4131 canon
3119 4075 3177 4142 2,
3227 4091 3298 4131 ne
3355 4080 3560 4131 tonsus

1907 4160 2152 4232 quilibet
2182 4163 2400 4216 amictu
2452 4165 2780 4220 monacbali
2812 4169 3036 4230 utatur,
3073 4165 3186 4221 nisi
3216 4164 3382 4237 prius
3411 4164 3564 4220 adsit

1907 4251 2009 4320 qui
2044 4249 2210 4306 illum
2243 4253 2300 4306 in
2339 4252 2700 4323 subjectione
2749 4259 2918 4327 atque
2959 4255 3166 4312 salutis
3195 4253 3401 4312 animae
3431 4255 3562 4325 ejus

1908 4349 2112 4398 curam
2163 4341 2376 4399 habere
2427 4344 2618 4412 debet,
2659 4345 2784 4418 ipse
2841 4346 3080 4418 quidem
3131 4346 3256 4417 jam
3311 4350 3448 4401 ante
3501 4345 3561 4400 in

1911 4430 2188 4502 operibus
2227 4432 2395 4488 bonis
2427 4433 2694 4504 praselare
2723 4438 3092 4506 exercitatus,
3125 4433 3565 4506 discipulosque

1911 4536 2048 4577 suos
2076 4522 2146 4576 ad
2180 4523 2447 4581 virtutem
2473 4525 2755 4582 incitandi
2776 4527 3020 4599 peritus.

1838 4615 1879 4680 D

1979 4691 2088 4756 Qui
2121 4708 2253 4748 vero
2281 4693 2372 4751 vel
2409 4695 2597 4752 morbi
2619 4697 2705 4753 vel
2736 4697 2926 4754 luctus
2949 4714 3126 4754 causa
3153 4697 3565 4765 detondentur,

1908 4784 1976 4836 ut
2025 4797 2232 4854 nempe
2262 4786 2478 4842 famam
2533 4787 2720 4843 solum
2755 4788 2984 4860 pietatis
3026 4788 3348 4860 acquirant.
3399 4792 3457 4844 et
3505 4787 3565 4843 in

1909 4870 2161 4943 propriis
2199 4873 2420 4930 adibus
2449 4891 2652 4932 rursus
2699 4877 3039 4941 mansitant,
3076 4877 3358 4949 religiosae
3396 4891 3566 4931 exer—

1921 4960 2213 5018 citationis
2270 4963 2516 5020 sudores
2543 4974 2596 5020 et
2628 4965 2852 5022 labores
2885 4965 3027 5022 nihil
3069 4971 3360 5033 curantes,
3395 4964 3568 5020 hosce

1922 5051 2032 5106 sub
2065 5052 2373 5124 disciplina
2393 5054 2832 5111 constituendos
2861 5055 3116 5112 decernit
3140 5055 3196 5109 in
3219 5054 3570 5110 monasterio

1921 5141 1981 5196 in
2024 5159 2138 5214 quo
2200 5145 2505 5216 episcopus
2559 5143 2843 5214 voluerit;
2877 5145 3042 5200 illum
3091 5149 3282 5200 autem
3315 5145 3414 5216 qui
3445 5142 3572 5198 sine

1922 5247 2103 5288 causa
2140 5238 2325 5289 semet
2353 5232 2570 5299 tondet,
2595 5236 2869 5304 tanquam
2900 5233 3237 5290 violatorem
3267 5247 3566 5289 sacrorum

1924 5336 2216 5378 canonum
2251 5327 2308 5377 et
2335 5321 2556 5377 ordinis
2577 5323 2877 5378 monastici
2897 5323 3392 5388 conturbatorem,
3413 5335 3570 5376 com-

1927 5411 2206 5466 munione
2230 5411 2596 5483 privandum.
2639 5411 2782 5468 Nam
2809 5415 3044 5482 propter
3065 5411 3422 5483 promiscuae
3440 5406 3576 5464 illas

1925 5503 1984 5556 et
2012 5500 2265 5556 incertas
2297 5505 2570 5558 tonsuras
2609 5499 2930 5571 ignominia
2966 5501 3096 5556 vitae
3127 5498 3459 5557 monasticae
3479 5495 3574 5553 af-

1926 5589 2191 5658 fricatur,
2243 5589 2361 5646 imo
2417 5594 2475 5646 et
2532 5589 2713 5644 Deum
2747 5587 3136 5661 blasphemari
3178 5587 3476 5658 contingit.
3510 5589 3579 5640 At

1925 5693 2062 5738 vero
2109 5691 2214 5732 nec
2269 5675 2366 5731 ille
2420 5675 2521 5748 qni
2550 5675 2610 5732 in
2639 5678 2894 5733 extremo
2936 5674 3147 5745 halitu,
3179 5679 3246 5731 ut
3273 5669 3577 5730 monachis
