4098 6332
552 405 632 464 43
1833 407 2182 471 ΜᾹΤΤΗλΕ

2296 413 2553 475 tLASTA
2564 416 2683 479 RlS
3861 427 3931 490 44

550 552 673 591 mos
701 539 810 602 est,
845 550 1108 592 rasuram
1137 536 1376 607 patitur,
1404 536 1537 593 licet
1558 554 1626 594 ex
1662 540 2041 609 respiratione
2071 544 2182 600 sola

2310 544 2386 610 ὥς
2436 570 2497 623 γε
2554 547 2621 619 δή
2681 559 2954 629 μοναχοῖς
3007 551 3152 627 ἔθος,
3212 560 3522 635 ἆποκαρεῖς,
3563 564 3731 617 εἶκαὶ
3789 563 3929 635 μόνῳ

551 627 816 682 nondum
877 626 991 681 vita
1030 627 1264 682 functus
1315 644 1439 685 esse
1487 630 1775 700 credatur,
1807 635 1865 685 et
1893 650 2023 703 quae
2054 635 2206 693 fiunt

547 715 790 770 minime
822 715 1023 783 sentit,
1047 716 1258 786 dignus
1290 721 1379 774 est
1407 718 1506 789 qui
1528 727 1682 776 veste
1704 721 2032 779 monachali
2054 726 2206 780 ami-

547 805 748 860 ciatur.
783 804 897 860 Sed
945 805 1213 861 habitum
1263 807 1597 863 saecularem
1638 825 1957 873 resumere,
1991 817 2093 868 aut
2122 813 2205 869 vi-

546 899 664 949 tam
694 909 899 950 rursus
952 894 1243 964 publicam
1297 911 1467 967 agere
1518 896 1630 967 ipsi
1672 900 2041 972 concedetur,
2084 887 2202 958 nisi

545 982 714 1037 malit
743 982 1175 1053 injunctionum
1234 984 1482 1041 vinculis
1510 987 1743 1057 subjici.
1784 991 2200 1048 Verumtamen

543 1070 639 1141 iis,
665 1071 764 1143 qui
790 1075 1010 1128 temere
1028 1072 1293 1128 habitum
1315 1075 1734 1132 monachorum
1757 1078 2067 1149 arripiunt,
2090 1079 2201 1137 hoc

542 1176 658 1215 non
682 1161 1063 1230 permittitur.

610 1249 809 1306 Canon
866 1255 1057 1307 autem
1091 1252 1156 1319 19
1212 1253 1418 1321 synodi
1466 1255 1731 1327 septimae
1789 1258 2062 1314 omnibus
2096 1259 2198 1330 qui

539 1339 857 1397 solitariam
876 1341 1053 1397 vitam
1076 1341 1135 1396 in
1166 1342 1289 1396 aede
1321 1341 1517 1414 aliqua
1544 1361 1713 1401 sacra
1736 1362 1906 1416 agere
1928 1349 2196 1420 cupiunt,

538 1440 597 1485 ut
625 1447 726 1502 per
780 1431 1040 1502 pecunia:
1099 1429 1470 1503 largitionem
1529 1435 1942 1492 admissionem
1975 1438 2036 1495 in
2067 1454 2193 1493 eam

537 1527 636 1577 aut
692 1519 930 1575 omnino
1016 1520 1074 1574 in
1133 1521 1399 1577 ordinem
1485 1521 1946 1581 ecclesiasticum
2014 1526 2198 1598 impe-

535 1616 711 1677 trent,
760 1626 1003 1682 prorsus
1059 1610 1373 1666 interdicit.
1432 1612 1655 1685 Quippe
1710 1614 1865 1671 hand
1914 1615 2052 1672 lices
2082 1617 2196 1672 Deo

534 1700 750 1755 servire
779 1703 839 1754 et
877 1714 1250 1756 mammonae.
1302 1703 1422 1755 Imo
1470 1701 1641 1772 cujus
1678 1703 2027 1775 principium
2072 1723 2193 1777 pro.

532 1789 673 1844 bum
695 1804 812 1844 non
843 1795 950 1857 est,
974 1788 1301 1845 secundum
1343 1806 1625 1861 maguum
1675 1793 1980 1862 Basiliam,
2014 1795 2191 1852 etiam

2314 638 2392 705 τῷ
2442 635 2693 692 ἀναπνεῖν
2748 642 2811 695 τὸ
2872 645 2949 715 μὴ
3023 648 3212 720 νεκρὸς
3279 650 3411 703 εἶναι
3481 651 3796 720 πιστεύεται,
3845 653 3926 705 καὶ

2308 722 2375 777 τὰ
2414 721 2497 779 ἐπ’
2525 726 2672 799 αὐτῷ
2707 728 3012 806 τελούμενα
3045 736 3309 808 μηδόλως
3341 741 3536 807 συνεὶς,
3568 742 3686 803 οἶός
3732 740 3789 795 τέ
3826 739 3927 794 ἐστι

2308 812 2407 880 τὴν
2443 819 2749 892 μοναχικήν
2779 819 3134 896 περιδυθῆναι
3166 824 3388 899 στολὴν,
3419 830 3509 884 καὶ
3546 830 3645 899 τὴν
3671 829 3926 904 κοσμικὴν

2306 900 2460 996 eluet:
2507 903 2843 996 ἐνδόσασθαι,
2872 910 2908 980 ἢ
2941 911 2995 967 ἐν
3043 918 3122 987 τῷ
3163 917 3355 991 κόσμῳ
3403 917 3607 994 διάγειν
3653 900 3928 996 συγχώρη-

2308 992 2550 1082 θήσεται,
2583 995 2630 1050 εἰ
2675 999 2753 1069 μή
2809 998 3074 1074 βούλοιτο
3113 1001 3336 1078 δεσμοῖς
3378 992 3665 1082 ἐπιτιμίων
3699 992 3934 1075 ὑποϐλη-

2306 1081 2488 1169 θῆναι.
2522 1084 2595 1138 Οὐ
2642 1087 2750 1159 μὴν
2805 1088 2933 1145 οὐδὲ
2970 1096 3087 1154 τοῖς
3132 1092 3193 1149 ἐκ
3229 1081 3554 1169 προπετείας
3600 1098 3661 1152 τὸ
3709 1114 3925 1169 μοναχι·

2305 1168 2397 1223 κὸν
2431 1174 2624 1245 σχῆμα
2655 1178 3081 1251 πιριτιθεμὲνοις
3108 1168 3281 1238 τοῦτοί
3300 1181 3607 1255 δοθήσεται,

2372 1262 2430 1315 Ὁ
2488 1259 2545 1314 δὲ
2620 1264 2689 1316 ιθ¹
2744 1272 2847 1334 τῆς
2904 1271 2943 1335 ζ’
2992 1267 3222 1326 συνόδου
3296 1273 3579 1350 ἀπειρήκει
3635 1272 3926 1329 παντάπασι

2300 1348 2417 1411 τοῖς
2444 1350 2535 1437 τὸν
2566 1353 2783 1427 μονήρη
2819 1356 2937 1430 βίον
2983 1357 3035 1413 ἐν
3078 1362 3315 1433 σεμνείῳ
3356 1348 3631 1436 μετελθεῖν
3673 1360 3924 1437 προθεμὲ·

2300 1457 2434 1505 νοις,
2464 1435 2554 1493 διὰ
2611 1444 2917 1515 χρημάτων
2966 1449 3065 1517 τήν
3113 1448 3192 1512 εἷς
3239 1451 3369 1507 αὐτὸ
3399 1454 3668 1508 ποιεῖσθαι
3696 1449 3922 1506 εἰσέλεῦ-

2301 1546 2407 1597 σιν,
2439 1525 2565 1584 ἀλλ’
2597 1528 2710 1585 οὐδ’
2739 1532 2816 1594 είς
2845 1530 3027 1609 ἕτερον
3057 1538 3325 1611 ἱερατικόν
3365 1562 3418 1596 τι
3465 1542 3647 1618 τάγμα
3668 1561 3683 1574 ·
3733 1540 3795 1594 οὗ
3831 1537 3925 1614 γὰρ

2300 1618 2415 1706 οῖόν
2461 1638 2520 1674 τε
2547 1622 2676 1694 ,Θεῷ
2723 1621 3000 1682 δουλεύειν
3049 1629 3140 1685 καὶ
3193 1638 3455 1705 μαμωνᾷο
3498 1635 3587 1690 καὶ
3627 1634 3688 1689 οὗ
3720 1635 3753 1703 ἡ
3785 1630 3921 1706 ἀρχῆ

2299 1705 2586 1796 ἀδόκιμος,
2635 1714 2769 1767 κατὰ
2842 1714 2936 1770 τὸν
2992 1717 3155 1794 μέγαν
3220 1722 3523 1796 Βασίλειον,
3569 1724 3660 1779 καὶ
3713 1721 3774 1777 τὸ
3827 1722 3922 1774 πᾶν

2298 1790 2641 1866 ἀπόϐλητον.
2670 1803 2769 1856 Τὸν
2809 1800 2865 1858 δὲ
2914 1809 3073 1862 τοῦτο
3118 1805 3578 1886 διαπραττόμενον
3625 1811 3919 1873 ἐπίσκοπον,

532 1877 728 1949 ipsum
784 1881 974 1934 totum
1027 1878 1474 1950 repudiandum.
1525 1880 1881 1953 Episcopum
1943 1899 2072 1940 vero
2103 1888 2182 1942 vel

2297 1884 2338 1976 ἢ
2372 1885 2697 1976 ᾑγούμενον,
2737 1892 2773 1962 ἢ
2830 1893 3131 1950 παύσασθαι
3186 1877 3395 1954 κελεύει
3421 1877 3480 1970 ’ἢ
3529 1890 3919 1970 καθαιρεῖσθαι*

531 1967 820 2035 abbatem,
871 1967 973 2038 qui
1032 1967 1185 2022 istud
1235 1969 1670 2039 perpetraverit,
1704 1975 1801 2026 aut
1832 1987 2061 2028 cessare
2094 1977 2189 2029 aut

530 2056 740 2128 deponi
791 2057 980 2126 jubet.
1034 2057 1315 2112 Craterum
1372 2058 1421 2112 si
1483 2059 1665 2115 abbas
1723 2061 2030 2116 sacerdotii
2086 2078 2184 2117 ex-

530 2161 662 2217 pers
694 2145 868 2200 fuerit
909 2146 1089 2216 (quod
1138 2146 1265 2200 ﬁeri
1295 2162 1450 2218 saepe
1480 2148 1791 2219 videmus),
1826 2166 1858 2204 e
1890 2155 2184 2207 monaste-

528 2236 613 2291 rio
644 2234 876 2307 expelli,
906 2241 965 2289 et
1004 2236 1063 2290 in
1095 2235 1250 2291 aliud
1298 2235 1509 2291 deduci
1569 2238 1952 2307 subjectionis
1983 2257 2182 2297 causa.

528 2325 775 2381 Easdem
826 2340 1029 2396 poenas
1076 2325 1242 2381 dabit
1270 2331 1329 2381 et
1358 2326 1683 2397 abbatissa,
1717 2344 1845 2398 quae
1876 2328 2016 2399 talia
2047 2346 2185 2386 ausa

528 2413 720 2470 fuerit.

599 2503 967 2574 Quaecunque
994 2506 1187 2559 autem
1232 2506 1501 2576 parentes
1542 2520 1609 2560 ex
1648 2504 1963 2562 liberorum
2006 2507 2183 2565 haere-

528 2592 707 2650 ditate
763 2593 1114 2649 monasterio
1156 2594 1448 2663 dedicant,
1500 2598 1757 2664 repetere
1787 2612 1992 2652 rursus
2024 2597 2180 2654 haud

528 2683 698 2743 licet;
722 2685 1139 2739 consecrantur
1160 2682 1318 2739 enim
1351 2683 1485 2754 Deo,
1519 2682 1641 2739 sive
1661 2683 1714 2738 is
1741 2685 1839 2755 qui
1862 2685 2097 2755 obtulit,
2116 2686 2180 2743 in

528 2771 878 2829 monasterio
927 2778 1178 2839 maneat,
1227 2771 1348 2827 sive
1393 2771 1529 2827 inde
1554 2772 1844 2829 discedat:
1889 2773 2001 2828 nisi
2034 2776 2181 2833 forte

526 2863 654 2933 ejus
682 2860 783 2932 qui
841 2859 1195 2916 monasterio
1240 2860 1509 2932 praesidet
1554 2862 1725 2931 culpa
1771 2861 1967 2930 fuerit,
2024 2865 2177 2934 quod

528 2950 636 3006 iste
667 2950 989 3005 recesserit.

605 3037 759 3093 I89
790 3037 1031 3095 Concilii
1075 3054 1230 3106 vero,
1285 3039 1441 3110 quod
1476 3037 1728 3109 primum
1761 3043 1820 3096 et
1849 3040 2173 3097 secundum

527 3132 784 3196 vocatur,
843 3143 1027 3183 canon
1087 3143 1325 3183 numero
1380 3132 1602 3199 sextus,
1635 3128 1924 3199 Monachi,
1954 3129 2173 3200 inquit,

529 3216 676 3274 nihil
717 3217 1014 3289 proprium
1074 3215 1284 3271 habere
1323 3216 1556 3282 debent,
1605 3221 1806 3288 utpote
1853 3217 1954 3288 qui
1994 3233 2169 3288 prop-

538 3311 628 3363 ter
682 3285 858 3361 vitam
916 3305 976 3360 in
1022 3303 1249 3361 Christo
1307 3285 1741 3361 abseconditam
1772 3285 2013 3362 mortui
2045 3285 2186 3365 facti
2216 3285 2267 3353 (ἶ

540 3402 677 3453 sunt
724 3394 963 3451 mundo.
1030 3394 1123 3451 Sic
1178 3393 1332 3450 enim
1390 3393 1454 3448 B.
1517 3395 1704 3450 Lucas
1760 3410 1859 3452 eos
1917 3395 2018 3467 qui
2056 3395 2186 3451 vitae

538 3487 870 3543 monasticae
901 3484 1144 3541 formam
1179 3484 1490 3555 dederunt,
1519 3483 1751 3541 eminus
1781 3484 1950 3541 nobis
1981 3501 2187 3556 reprae-

536 3579 798 3644 sentans,
846 3573 1147 3641 Fidelium,
1188 3573 1285 3644 ait,
1345 3589 1515 3629 nemo
1545 3588 1746 3629 eorum
1776 3574 1874 3644 qui
1923 3573 2185 3644 possides

536 3665 650 3733 bat,
683 3663 1001 3735 quidquam
1033 3679 1206 3718 suum
1255 3678 1385 3718 esse
1414 3663 1662 3730 dicebat,
1694 3664 1795 3718 sed
1848 3663 2046 3718 omnia
2076 3661 2186 3717 illi-

534 3756 700 3808 erant
751 3751 1105 3808 communia.
1164 3749 1328 3806 Unde
1384 3750 1484 3821 qui
1543 3752 1720 3805 vitam
1776 3749 2093 3805 solitariam
2132 3767 2186 3805 a-

534 3856 670 3913 gere
722 3839 943 3910 volunt,
1003 3839 1164 3910 prius
1211 3839 1366 3895 bona
1421 3856 1527 3895 sua
1582 3840 1905 3910 disponere,
1959 3844 2016 3894 et
2049 3857 2179 3912 qut-

534 3933 647 3988 bus
705 3930 879 3986 velint
926 3929 1189 4000 personis
1238 3930 1632 3985 transmittere
1673 3929 1827 3998 licet,
1860 3930 2032 3984 modo
2065 3948 2180 3986 non

533 4022 651 4077 sint
702 4020 831 4091 jure
886 4018 1038 4075 civili
1096 4019 1418 4091 prohibita,
1477 4024 1541 4074 ut
1607 4018 1881 4085 haeretici,
1934 4025 1992 4073 et
2062 4022 2183 4075 nati

531 4111 732 4183 spurii.
779 4111 1089 4182 Postquam
1146 4110 1301 4165 enim
1350 4108 1594 4180 professi
1626 4109 1860 4177 fuerint,
1897 4109 2181 4165 bonorum

527 4202 788 4259 omnium
819 4201 888 4256 ad
923 4200 1338 4255 monasterium
1363 4199 1491 4269 ejus
1521 4197 1921 4253 etdominium
1946 4200 2181 4267 transit,

526 4306 715 4363 neque
774 4290 952 4347 ullam
1012 4289 1082 4345 de
1165 4288 1337 4344 rebus
1399 4286 1649 4358 propriis
1719 4302 1915 4343 curam
1983 4304 2180 4360 gerere

524 4380 613 4437 vel
669 4380 975 4452 disponere
1040 4378 1124 4434 eis
1180 4376 1530 4448 permissum
1582 4379 1692 4432 est.
1749 4376 1807 4432 Si
1867 4377 1999 4448 quis
2047 4395 2181 4434 vero

523 4469 951 4543 possessionem
1008 4466 1347 4538 quampiam
1395 4466 1455 4521 in
1528 4466 1793 4538 preprios
1856 4482 1999 4521 usus
2054 4483 2182 4523 ver-

520 4565 654 4615 tens
727 4556 1213 4628 deprehendatur.
1291 4571 1420 4612 eam
1490 4553 1823 4611 monasterii
1873 4555 2178 4626 praefectus

2296 1971 2341 2025 εἰ
2372 1969 2758 2064 δὲλῖερωσύνης
2814 1980 2842 2033 ὁ
2891 1982 3191 2055 ἡγούμενος
3240 1969 3485 2063 ἀμοιρὸῖ,
3528 1969 3919 2064 προϐέϐληνται

2295 2062 2399 2134 γὰρ
2439 2060 2547 2117 ἔσθ’
2578 2066 2665 2119 ὅτε
2722 2069 2809 2121 καὶ
2860 2067 2919 2123 ἐκ
2968 2072 3254 2143 τοιούτων,
3282 2080 3383 2129 τοῦ
3429 2075 3792 2150 μοναστηρίου
3837 2071 3919 2124 ἐκ·

2295 2145 2615 2224 ϐάλλεσθαι,
2646 2155 2734 2209 καὶ
2786 2157 2954 2232 ἒτέρῳ
3008 2163 3144 2236 πρὸς
3190 2163 3467 2239 ὑποταγὴν
3515 2161 3918 2243 παραδίδοσθαι.

2292 2244 2459 2295 Τοῦτο
2508 2239 2567 2296 δὲ
2610 2244 2701 2297 καὶ
2759 2247 3041 2322 ἡγουμένη
3100 2257 3322 2307 τοιαῦτα
3367 2253 3697 2328 τολμήσασα
3754 2251 3915 2327 ὑφέξει

2291 2330 2353 2383 τὸ
2386 2328 2684 2406 ἐπιτίμιον.

2360 2512 2535 2568 ’Ἀττα
2565 2510 2622 2568 δὲ
2653 2515 2704 2568 οἱ
2747 2522 2924 2591 γονεῖς
2955 2517 3016 2573 ἐκ
3045 2524 3141 2574 τοῦ
3171 2520 3382 2600 κλήρου
3439 2531 3550 2582 τῶν
3605 2520 3812 2581 παίδων
3854 2520 3916 2590 τῇ

2292 2604 2435 2674 μονῇ
2507 2602 2878 2679 ἀφορίζουσιν,
2952 2606 3198 2687 ἀφαιρεῖν
3285 2610 3437 2677 αὖθις
3504 2616 3610 2672 οὐκ
3692 2607 3917 2681 ἕξεστιν’

2286 2687 2584 2766 ἀφιέρωται
2624 2692 2728 2769 γὰρ
2760 2698 2840 2767 τῷ
2887 2700 3005 2769 Θεῷ
3049 2695 3146 2753 κᾶν
3180 2720 3239 2755 τε
3281 2701 3414 2777 μένῃ
3465 2701 3519 2758 ἐν
3553 2707 3634 2776 τῷ
3665 2715 3923 2776 μοναστη“

2290 2776 2417 2852 ρίφ›
2445 2778 2542 2834 κείν
2585 2801 2645 2837 τε
2691 2781 2880 2858 ἐξέλθῃ
2914 2786 2942 2840 ὁ
2970 2790 3138 2842 ταῦτα
3163 2776 3538 2866 προσενεγκὼν
3560 2814 3573 2827 ·
3607 2791 3653 2847 εἰ
3706 2788 3781 2863 μή
3829 2783 3923 2857 ἄρα

2287 2867 2425 2942 πρὸς
2481 2873 2578 2924 τοῦ
2635 2873 2944 2947 ἡγουμένου
3000 2877 3036 2946 ἡ
3095 2875 3241 2933 αἲτία
3305 2876 3550 2955 συμϐαίη
3606 2882 3704 2952 τῆς
3762 2876 3924 2949 μονῆς

2284 2961 2482 3013 τοῦτον
2516 2958 2903 3038 ὑποχωρῆσαι.

2357 3046 2419 3104 Ὀ
2476 3044 2533 3102 δὲ
2588 3055 2633 3112 ς’
2687 3057 2788 3119 τῆς
2866 3050 3168 3128 λεγομένης
3234 3059 3459 3132 πρώτης
3520 3060 3612 3117 καὶ
3683 3054 3926 3125 δευτέρας

2283 3132 2535 3226 συνόδου,
2567 3138 2630 3193 O't
2692 3142 2955 3216 μοναχοὶ,
2993 3145 3150 3220 φησὶ,
3181 3145 3338 3201 οὐδὲν
3394 3147 3542 3203 ἴδιον
3601 3142 3750 3226 ἔχειν
3795 3136 3929 3226 5??"

2296 3222 2506 3298 λουσιν,
2564 3227 2657 3283 ἅτε
2723 3232 3076 3304 νεκρωθὲντες
3146 3239 3225 3308 τῷ
3287 3237 3482 3311 κόσμῳ
3566 3222 3671 3294 διὲῐ
3728 3233 3824 3298 τῆν
3880 3223 3928 3278 ἐν

2296 3319 2515 3388 Χριστῷ
2569 3319 2950 3393 κεκρυμμένην
3010 3325 3179 3394 ζωήν.
3221 3324 3375 3380 Οὕτω
3432 3327 3537 3402 γὰρ
3586 3328 3614 3382 ὁ
3674 3320 3927 3398 μακάριος

2295 3408 2506 3466 Λουκᾶς
2562 3405 2690 3468 τοὺς
2744 3410 2846 3479 τὴν
2907 3409 3206 3484 μοναδικήν
3252 3415 3535 3471 πολιτείαν
3561 3413 3925 3472 τυπώσανταςν

2296 3489 2500 3564 δήλους
2548 3496 2686 3567 ἡμῖν
2734 3496 3017 3574 πόρῥωθεν
3060 3504 3338 3574 καθιστὰς,
3372 3509 3488 3560 Τῶν
3536 3497 3926 3563 πιστευσάντων

2294 3579 2489 3659 ἔφησεν
2539 3581 2717 3647 οὐδείς
2769 3608 2821 3642 τι
2845 3592 2953 3643 τῶν
2983 3589 3342 3667 ὑπαρχόντων
3374 3593 3523 3668 αὖτῷ
3555 3591 3740 3668 ἔλεγεν
3798 3581 3928 3639 ἴδιον

2295 3671 2446 3743 εἶναι,
2496 3673 2624 3730 ἀλλ’
2651 3676 2719 3745 ἧν
2775 3676 2960 3741 αὐτοῖς
3002 3666 3206 3737 ἅπαντα
3253 3683 3424 3740 κοινά.
3466 3666 3672 3742 ’Ένθεν-
3712 3697 3795 3733 τοι
3842 3666 3927 3723 καῖ

2291 3766 2410 3824 τοῖς
2470 3763 2720 3836 μονάζειν
2776 3764 3052 3823 ἐθέλουσιν
3110 3764 3276 3841 ἔξεστι
3332 3773 3457 3849 περὶ
3504 3780 3617 3831 τῶν
3660 3756 3926 3849 ὑπαρχόν·

2291 3871 2399 3906 των
2459 3851 2642 3916 αὐτοῖς
2695 3851 3024 3913 διατίθεσθαι
3088 3860 3375 3936 πρότερον,
3402 3865 3492 3918 καὶ
3553 3866 3635 3926 οἷς
3685 3858 3745 3914 ἂν
3796 3848 3923 3928 βοθ⁸

2293 3939 2484 3996 λοιντο
2525 3946 2692 3998 ταῦτα
2738 3948 3190 4021 παραπέμπεσθαι
3246 3953 3589 4025 προσώποις,
3624 3951 3700 4026 μὴ
3762 3958 3925 3997 γεκω·

2292 4029 2548 4103 λυμένοις
2602 4035 2746 4109 παρᾶ
2787 4039 2886 4090 τοῦ
2928 4036 3276 4110 νόμου,λοῖον
3322 4042 3617 4115 αἱρετικοῖς
3664 4038 3698 4107 ἢ
3748 4030 3926 4086 νόθοις

2289 4120 2466 4177 παισί.
2529 4121 2676 4176 Μετὰ
2733 4124 2837 4199 γάρ
2894 4145 2981 4180 τοι
3036 4127 3100 4181 τὸ
3162 4148 3390 4201 μονασαι
3446 4136 3556 4186 τῶν
3618 4122 3924 4205 προσόντων

2289 4207 2477 4270 αὐτοῖς
2524 4209 2738 4267 πάντων
2785 4214 2849 4268 τὸ
2895 4218 3255 4291 μοναστήριον
3295 4214 3412 4293 ἔχει
3455 4222 3559 4290 τήν
3608 4210 3923 4292 κυριότηταν

2288 4297 2375 4351 καὶ
2433 4294 2590 4354 οὐδὲν
2646 4300 2770 4376 περὶ
2825 4306 2934 4357 τῶν
2992 4304 3207 4360 οἰκείων
3257 4308 3560 4381 φροντίζειν
3616 4308 3653 4377 ἢ
3712 4293 3923 4381 διατάξε-

2286 4386 2467 4441 τεσθαι
2525 4387 2739 4453 τούτοις
2794 4380 3376 4469 παρακεχώρηται.γῇ
3422 4394 3477 4453 δέ
3531 4420 3617 4463 τις
3646 4380 3920 4472 φωραθείη

2287 4482 2480 4547 κτῆσιν
2556 4481 2844 4550 ἡντιναοῦν
2916 4481 3419 4561 ἰδιοποιησάμενος,
3484 4490 3687 4557 ταύτην
3745 4477 3839 4553 μὲν
3896 4465 3924 4519 ὁ

2287 4566 2599 4655 ᾕγρῦμενος
2653 4577 2755 4640 τῆς
2813 4573 3068 4646 μονῆς,ἢ
3125 4576 3154 4629 ὁ
3208 4582 3311 4645 τῆς
3369 4578 3559 4655 χώρας
3609 4572 3924 4655 antas-ouo“

521 4653 624 4706 aut
669 4648 838 4704 istius
891 4645 999 4701 looi
1044 4644 1355 4717 episcopus
1411 4642 1668 4715 recipiat,
1701 4647 1761 4723 et»
1789 4659 1985 4699 coram
2017 4643 2172 4699 mul-

2296 4649 2485 4710 ίιιιιϐὼνλ
2525 4659 2614 4712 καὶ
2669 4642 2957 4732 πωλήσας,
2990 4642 3218 4719 πολλῶν
3266 4642 3567 4742 *μαρτύρων
3628 4661 3713 4718 ἐπ’
3745 4650 3923 4742 ὅψεσίζ

518 4739 598 4799 tis
651 4736 901 4795 testibus
961 4733 1300 4803 divendens,
1348 4737 1411 4788 ut
1463 4749 1528 4788 ea
1587 4733 1811 4789 ratione
1862 4733 2169 4788 calumnias

517 4846 756 4886 causam
805 4827 992 4893 evitet,
1033 4829 1092 4881 et
1138 4824 1491 4895 pauperibus
1527 4839 1616 4879 .ac
1698 4823 1988 4879 mendicis
2044 4824 2171 4879 dis-

514 4919 753 4975 tribuat.
816 4921 1003 4988 Atque
1069 4916 1305 4985 insuper
1361 4929 1494 4970 eum
1561 4913 1658 4985 qui
1717 4913 1889 4969 talem
1949 4931 2171 4986 posses.

515 5009 757 5074 sionem,
821 5008 900 5062 uti
959 5004 1211 5059 Ananias
1285 5004 1414 5071 iste,
1496 5003 1792 5074 surripere
1855 5006 2166 5062 meditatus

511 5103 620 5165 est,
660 5096 857 5153 debita
912 5093 1264 5150 correctione
1293 5093 1556 5165 castiget.
1592 5093 1755 5149 Hisce
1805 5097 2000 5150 autem
2033 5113 2166 5151 om-

510 5188 686 5242 nibus
706 5189 763 5241 et
794 5182 1139 5239 monialium
1159 5182 1405 5238 societas
1428 5181 1674 5238 obnoxia
1700 5181 1827 5237 erit.

577 5276 753 5330 Porro
810 5277 1007 5329 autem
1054 5271 1290 5327 concilii
1363 5271 1505 5326 sexti
1555 5287 1741 5327 canon
1811 5271 1873 5326 41
1922 5273 2160 5329 omnino

504 5362 894 5436 periculosum
944 5377 1074 5418 esse
1125 5361 1351 5417 censuit
1410 5366 1467 5415 et
1523 5361 1896 5417 temerarium
1952 5379 1986 5417 a
2041 5365 2160 5417 vita

499 5456 773 5525 victuque
828 5451 1124 5507 communi
1176 5451 1460 5518 recedere,
1510 5466 1575 5506 ac
1627 5448 1824 5505 statim
1881 5459 2063 5507 semet
2096 5452 2154 5506 in

500 5548 749 5617 angusta
827 5539 1038 5614 cellula
1100 5540 1420 5610 includere,
1487 5540 1715 5611 sibique
1797 5541 1939 5598 adeo
2008 5542 2155 5613 ipsis

497 5635 627 5692 vita
682 5631 958 5704 solitariae
1004 5633 1265 5687 auctores
1339 5644 1486 5687 esse.
1565 5629 1805 5702 Oportet
1873 5630 2027 5687 enim
2092 5631 2150 5687 in

2275 4744 2374 4813 τήν
2431 4745 2670 4803 ἐντεῦθεν
2731 4731 2999 4821 διαϐολὴν
3058 4731 3489 4829 φυλαττόμενος,
3534 4748 3790 4829 πτωχοῖς
3835 4731 3926 4792 καὶ

2279 4831 2507 4907 ἀπόροις
2557 4833 2923 4912 διανειμάτω·
2979 4841 3071 4896 τὸν
3131 4839 3189 4897 δὲ
3255 4845 3356 4913 τὴν
3421 4846 3681 4913 τοιαύτην
3735 4832 3926 4896 κτῆσιν

2279 4922 2394 4977 κατ’
2440 4921 2638 4981 ἐκεῖνον
2710 4929 2804 4983 τὸν
2850 4931 3098 4987 Ἀνανίαν
3173 4931 3448 5005 ὑποσυλᾷν
3524 4925 3922 5007 μελετήσαντα,

2275 5018 2353 5087 τῷ
2384 5019 2715 5090 προσήκοντι
2746 5018 3008 5094 ἐπιτιμίῳ
3041 5027 3451 5102 σωφρονισατω.
3484 5025 3714 5080 Τούτοις
3762 5010 3921 5066 πᾶτίν

2279 5103 2573 5170 ὑπεύθυνος
2597 5109 2687 5163 καὶ
2719 5110 2752 5179 ἡ
2784 5114 2892 5166 τῶν
2928 5117 3279 5185 μοναζουσῶν
3308 5110 3452 5170 ἔσται
3485 5110 3705 5193 φατρίαι

2342 5287 2399 5375 ΤΟ
2427 5281 2487 5375 δὲ
2519 5289 2612 5360 μα’
2642 5294 2743 5359 τῆς
2783 5290 2828 5353 ς’
2858 5289 3087 5349 συνόδου
3138 5291 3405 5375 σφαλερὸν
3457 5297 3705 5372 ἡγήσατο
3738 5275 3911 5375 παντη

2268 5371 2356 5470 ἰαὶ
2426 5373 2641 5470 ίὶαμὸν,
2688 5379 2814 5440 τοὺς
2892 5387 2987 5452 τῆς
3058 5366 3334 5457 κοσμικῆς
3418 5366 3915 5470 ἀνα-κεχωρηκότας

2265 5457 2646 5549 ᾅρτιδιαίτης
2702 5466 2924 5532 ἑαυτοὺς
2971 5470 3126 5534 εὐθὺς
3183 5470 3235 5527 ἐν
3292 5472 3514 5547 οἰκίστῳ
3577 5457 3911 5549 βραχυτάτῳ

2262 5544 2663 5639 ἐγκλείεινριαὶ
2721 5553 2901 5633 σφίσιν
2955 5562 3139 5622 αὐτοῖς
3195 5561 3439 5639 γίνσσθαι
3483 5544 3587 5617 τοῦ.
3616 5544 3911 5639 ίμο-ντξροξς

2265 5635 2388 5709 βίου
2463 5640 2798 5715 καθηγηταῖς.
2860 5652 2953 5703 Δεῖ
3018 5649 3125 5723 γὰρ
3192 5632 3454 5725 πρότερον
3529 5647 3583 5704 ἐν
3652 5632 3909 5725 ἀδελςιῶν

497 5724 870 5793 monasterio,
951 5719 1048 5778 ubi
1096 5736 1310 5793 magna
1366 5724 1454 5777 est
1512 5719 1751 5777 fratrum
1802 5720 2148 5797 frequentia,

2296 5724 2526 5786 γλειόνων
2580 5736 2814 5811 σεμνείῳ
2867 5736 2930 5796 τδ
2985 5716 3106 5813 τῆς-
3147 5716 3424 5826 ὑπέταγίῖγς
3474 5738 3763 5827 γινόμενον
3814 5716 3880 5772 ἐπ
