4098 6332
231 436 306 499 45
1251 450 1684 516 SYNTAGMA
1727 455 2355 521 ALPHABETICUM.
2401 491 2480 505 —
2521 462 2612 521 M.
2933 479 2936 486 '
3549 463 3627 526 46

230 569 460 641 τριετίαν
515 569 880 642 ἐνδείξασθαι’
939 576 1054 632 εἶτα
1104 577 1187 658 ἐφ’
1233 577 1413 656 ἕτερον
1469 579 1556 640 ἕνα
1600 588 1871 662 προσμεί-

1985 590 2248 648 animum
2296 593 2367 649 ad
2413 579 2804 650 ohediendum
2854 599 3262 668 comparatum
3311 613 3412 670 per
3457 597 3628 657 trien'

231 677 409 718 ναντας
460 660 684 736 χρόνον,
734 661 858 718 ἔνθα
914 662 980 734 δὴ
1029 667 1120 721 καὶ
1177 669 1582 728 ἐπικλείσασθαι
1631 660 1874 745 εἵλοντο,

229 747 310 800 καὶ
356 754 458 816 τῆς
521 755 673 823 σφῶν
732 753 962 828 γνώμης
1016 756 1360 830 ἀμεταθέτως
1413 760 1560 837 ἔχειν
1620 764 1874 841 ἄντικρυς

228 834 602 912 ἐλεγχθείσης,
653 842 730 904 ὡς
779 845 843 899 οὗ
891 852 1048 916 κενῆς
1095 846 1198 924 ἄρα
1256 847 1439 923 δόξης,
1490 853 1618 910 ἀλλ’
1674 856 1873 932 ἀρετῆς

231 923 395 1001 ἒιρέσει
443 930 620 1005 ταύτῃ
676 929 880 1009 διάγειν
937 937 989 990 οἱ
1045 941 1288 995 τοιοῦτοι
1339 943 1708 1017 προῄρηνται,
1757 947 1874 1018 μετ’

229 1012 522 1087 ἐπιτροπῆς
569 1023 668 1073 τοῦ
713 1021 845 1076 κατᾶ
892 1025 991 1094 τήν
1039 1027 1226 1102 χώραν
1276 1027 1596 1096 ἐπισκόπου,
1637 1032 1876 1090 ἐπικλει-

230 1104 482 1174 σαμένους
527 1108 731 1180 μὲνειν,
763 1110 853 1164 καὶ
901 1114 1094 1185 μηκέτι
1147 1121 1244 1171 τοῦ
1294 1117 1540 1174 οἶκίσκου
1590 1124 1652 1178 τὸ
1697 1125 1871 1196 παρᾶ-

226 1211 322 1245 παν
377 1191 605 1267 ἐξιέναι,
663 1195 714 1252 εἴ
779 1202 966 1271 μήπου
1043 1207 1164 1259 κατ⁹
1229 1205 1470 1282 ἀνάγκην
1543 1205 1870 1268 ἐκδιασθεῖέν

222 1299 354 1352 τινα,
403 1281 534 1352 ἤτοι
592 1283 684 1341 διὰ
723 1291 910 1359 κοινὴν
959 1295 1058 1346 τοῦ
1106 1291 1243 1349 λαοῦ
1293 1281 1658 1367 λυσιτέλειαν,
1697 1300 1732 1370 ἢ
1784 1299 1874 1357 διὰ

225 1369 394 1465 νόσον,
425 1372 563 1428 ὅσον
595 1374 696 1430 οὐκ
722 1373 831 1446 ἤδη
861 1381 962 1449 τήν
994 1385 1092 1436 τοῦ
1137 1384 1366 1440 θανάτου
1397 1390 1576 1465 ψῆφον
1631 1389 1873 1464 μῃνύου-

226 1477 310 1512 σαν
347 1455 566 1517 ἔσεσθαι
603 1482 617 1496 ·
673 1463 821 1522 ἀλλὰ
869 1469 959 1522 καὶ
1014 1471 1140 1527 τὸτε
1192 1474 1268 1546 μή
1326 1475 1450 1530 ἄνευ
1493 1455 1730 1552 γνώμης
1773 1483 1872 1535 τοῦ

223 1545 538 1638 ἐπισκόπου.
590 1551 658 1608 Εἰ
711 1555 816 1628 γὰρ
867 1552 936 1624 δὴ
995 1545 1201 1622 ἄλλως
1237 1557 1469 1634 ἔξελθεῖν
1511 1545 1872 1638 βουληθεῖεν,

223 1633 303 1689 καὶ
352 1635 592 1702 ἄκοντας
639 1639 884 1698 εἴσωθεῖν
931 1644 1008 1706 εἷς
1054 1648 1144 1702 τὸν
1190 1648 1432 1707 οἰκίσκον
1481 1651 1682 1710 ἐκεῖνον
1733 1657 1870 1730 χρὴ,

223 1723 303 1816 καί
350 1727 620 1816 ica-palm;
677 1731 1069 1808 καθειργνύειν,
1119 1736 1194 1798 ὡς
1248 1741 1442 1810 μηκέτι
1493 1739 1684 1816 ῥᾳδίαν
1734 1723 1872 1800 ὲῗνάὶ

223 1815 358 1887 σφίσι
384 1821 489 1886 τήν
523 1813 713 1888 ἔξοδον
745 1839 758 1853 ·
809 1822 1033 1896 προσέτι
1061 1827 1154 1880 καὶ
1183 1829 1457 1898 νηστείαις
1503 1829 1699 1896 αὖτοὺς
1733 1834 1872 1889 ὑπο-

225 1896 458 1995 ϐαλλειν,
519 1907 616 1962 καὶ
696 1905 1143 1988 σκληραγωγίαις
1217 1896 1600 1995 κατατρύχειν,
1659 1921 1734 1983 ὡς
1809 1921 1872 1978 ἂν

225 1991 351 2083 οὕτω
401 1996 767 2068 θεραπευθείη
814 1999 878 2054 τᾶ
925 2008 1026 2072 τῆς
1071 2003 1298 2077 γνώμης
1346 1991 1528 2062 αύτῶν
1569 2007 1870 2083 εὐμετάϐο-

223 2081 323 2176 λον.
356 2109 384 2176 ιι
417 2084 624 2150 Οὕδεές
653 2089 781 2164 γὰρ,
813 2093 977 2164 φησὶν
1010 2093 1040 2146 ὁ
1091 2096 1310 2168 Τωτὴρ,
1345 2095 1532 2171 βαλὼν
1578 2081 1677 2170 τῆν
1706 2107 1869 2176 χεῖρα

223 2171 293 2226 ἐπ’
346 2173 612 2248 ἄροτρον,
675 2182 766 2232 καί
824 2182 1077 2254 στραφεὶς
1135 2183 1212 2246 εἰς
1267 2185 1334 2239 τὰ
1393 2187 1594 2256 ὀπίσω,
1653 2187 1868 2256 εὔθετός

223 2263 347 2316 ἐστιν
381 2265 457 2326 εἰς
485 2268 592 2335 τὴν
629 2267 909 2342 βασιλείαν
941 2275 1050 2325 τῶν
1085 2275 1350 2348 οὐρανῶν.
1382 2303 1401 2327 ι

767 2358 920 2433 Περὶ
960 2358 1328 2434 ἐρημιτῶν.

285 2445 338 2495 Ὀ
385 2441 442 2498 δὲ
487 2445 586 2518 μβ¹
635 2444 766 2506 τοὺς
823 2443 1155 2521 λεγομένους
1204 2451 1487 2526 ἐρημίτας,
1524 2457 1613 2512 καὶ
1667 2453 1870 2526 μέλανα

227 2535 630 2605 περικειμένους
675 2534 890 2606 ἱμάτια,
921 2536 1014 2600 τάς
1063 2560 1120 2594 τε
1150 2541 1326 2613 κόμας
1373 2544 1460 2599 ἐπὶ
1492 2545 1637 2602 πολὺ
1686 2549 1868 2602 καθει-

229 2615 424 2690 μένους,
473 2621 570 2676 καὶ
618 2618 830 2697 ἀνδρῶν
892 2627 1088 2700 μεταξὺ
1149 2630 1236 2684 καὶ
1295 2639 1569 2708 γυναικῶν
1626 2635 1870 2711 ἀναστρε·

226 2713 502 2786 φομένους,
560 2711 656 2766 καὶ
712 2713 776 2766 τὸ
847 2713 1052 2771 οἲκεῖον
1115 2718 1432 2796 ἐπάγγελμα
1508 2720 1866 2800 καθυϐριζον-

223 2819 328 2868 τας,
357 2801 589 2864 τούτους
642 2797 772 2868 ἤτοι
817 2803 914 2866 τὰς
959 2805 1134 2878 κόμας
1184 2809 1392 2865 κελεύει
1438 2812 1732 2888 περιελεῖν,
1777 2815 1868 2871 καὶ

225 2895 404 2960 σχῆμα
454 2891 776 2967 μοναχικὸν
834 2891 1161 2966 ἀνῃρῆσθαι,
1210 2899 1298 2951 καῖ
1358 2897 1412 2954 ἐν
1469 2903 1868 2978 φροντιστηρίῳ

232 2983 490 3052 μοναχοῖς
547 2977 1044 3056 συγκαταλεγῆναι,
1101 2984 1136 3054 ἢ
1198 2987 1276 3059 μή
1335 2990 1692 3064 αἱρουμένους
1757 2998 1868 3049 τῶν

227 3064 424 3120 πόλεων
485 3066 912 3137 ἀπελαύνεσθαι,
960 3072 1050 3126 καὶ
1107 3076 1242 3148 πρὸς
1296 3077 1392 3140 τὰς
1449 3081 1683 3153 ἐρημίας
1731 3081 1866 3138 ἁπο-

227 3153 540 3226 πὲμπεσθαι,
587 3156 644 3228 ἐξ
695 3158 770 3212 ὧν
829 3161 919 3215 καὶ
973 3163 1072 3231 τὴν
1123 3163 1436 3240 ἐπωνυμίαν
1485 3171 1694 3233 ἑαυτοῖς
1744 3175 1870 3247 ψευ-

229 3241 322 3307 δῶς
346 3248 749 3307 ἀνεπλασαντο,

1983 680 2144 737 nium
2188 683 2489 739 ostendere
2541 701 2555 740 :
2607 684 2814 740 deinde
2863 701 3084 740 annum
3139 685 3316 742 alium
3349 688 3407 743 in
3459 705 3627 745 man-

1977 769 2273 838 siuncula,
2298 771 2358 827 in
2384 787 2498 843 qua
2527 769 2752 828 includi
2774 771 3103 840 voluerunt,
3126 773 3426 846 degentes,
3449 777 3624 832 etfir-

1983 873 2143 915 mum
2165 861 2345 916 animi
2368 861 2460 917 sui
2473 861 2837 934 propositum
2865 861 3030 932 plene
3054 877 3122 919 ac
3133 862 3374 920 ﬁrmiter
3393 865 3628 922 demon-

1983 951 2253 1018 strantes,
2281 949 2423 1006 adeo
2461 954 2526 1006 ut
2556 951 2679 1020 jam
2709 966 2828 1006 non
2875 965 3041 1007 vane
3087 949 3306 1022 glorias,
3359 954 3462 1010 sed
3510 955 3626 1010 vir-

1981 1034 2124 1092 tutis
2175 1037 2363 1108 gratia
2407 1038 2587 1097 vitam
2633 1038 2798 1096 illam
2856 1040 3112 1111 proﬁteri
3177 1048 3624 1112 praesumantur,

1981 1139 2115 1182 cum
2169 1142 2453 1183 consensu
2505 1127 2678 1184 istius
2727 1127 2841 1184 loci
2887 1127 3147 1200 episcopi
3191 1127 3450 1187 inclusos
3497 1148 3630 1188 ma-

1981 1231 2139 1280 nere,
2173 1231 2362 1288 neque
2391 1217 2525 1272 dein
2557 1233 2626 1272 ea
2654 1217 2756 1272 illa
2787 1218 3095 1274 mansione
3125 1218 3390 1290 amplius
3409 1221 3623 1293 egredi,

1981 1303 2098 1359 nisi
2165 1305 2308 1361 forte
2369 1309 2572 1376 urgeat
2621 1305 2959 1374 necessitas,
3007 1307 3094 1363 vel
3150 1310 3386 1379 propter
3463 1325 3628 1367 com-

1981 1408 2221 1450 munem
2255 1393 2455 1465 populi
2487 1393 2816 1465 utilitatem,
2859 1395 2946 1453 vel
2993 1397 3286 1467 ejusmodi
3331 1397 3622 1468 morbum,

1980 1481 2078 1552 qui
2109 1485 2356 1538 mortem
2397 1487 2624 1538 tantum
2675 1499 2792 1540 non
2840 1483 3064 1542 instare
3119 1484 3377 1554 indicat;
3421 1488 3519 1542 sed
3570 1496 3628 1545 et

1978 1573 2119 1626 tunc
2149 1571 2390 1642 quidem
2421 1587 2537 1627 non
2567 1571 2696 1628 sine
2727 1587 3019 1628 consensu
3049 1572 3326 1644 episcopi.
3356 1573 3465 1640 Qui
3490 1591 3624 1634 vero

1980 1657 2126 1716 alias
2153 1662 2228 1715 ob
2267 1675 2466 1717 causas
2513 1660 2668 1718 exire
2713 1661 2938 1731 volunt,
2980 1661 3064 1718 vel
3113 1661 3327 1718 invitos
3368 1661 3428 1718 in
3471 1663 3625 1722 dicta

1981 1748 2288 1804 mansione
2315 1749 2566 1805 coerceri
2598 1753 2843 1820 oportet,
2875 1747 3194 1822 undeipsis
3225 1763 3521 1820 nunquam
3547 1752 3624 1808 fa-

1979 1837 2110 1894 cilis
2143 1837 2217 1894 sit
2264 1838 2478 1906 exitus;
2528 1842 2703 1910 atque
2733 1850 3008 1910 praeterea
3049 1837 3294 1910 jejuniis
3343 1837 3620 1912 afﬂigere,

1981 1935 2038 1982 et
2084 1927 2542 1984 correctionibus
2608 1943 2923 1997 macerare,
2985 1929 3067 1984 ita
3115 1931 3181 1983 ut
3251 1927 3361 1982 hac
3398 1929 3622 1988 ratione

1979 2013 2304 2086 corrigatur
2333 2015 2514 2071 animi
2537 2030 2741 2070 eorum
2759 2014 3174 2072 inconstantia.
3205 2017 3420 2077 «Nemo
3440 2020 3620 2086 enim,

1980 2102 2171 2174 inquit
2226 2102 2490 2159 Salvator
2539 2109 2760 2172 noster,
2824 2105 2923 2178 qui
2972 2120 3211 2164 manum
3257 2115 3450 2165 aratro
3503 2109 3620 2163 im-

1983 2192 2164 2259 misit,
2208 2197 2265 2247 et
2313 2198 2512 2261 postea
2558 2199 2785 2265 tergum
2837 2193 3022 2264 vertit,
3054 2195 3262 2268 dignus
3308 2201 3397 2256 est
3442 2213 3620 2269 regno

1981 2281 2280 2337 scelerum.
2315 2302 2346 2331 ››

2615 2373 2689 2430 De
2715 2374 2980 2432 ercmitz's.

2046 2464 2190 2516 Tum
2239 2475 2425 2517 canon
2475 2461 2545 2516 42
2592 2462 2864 2519 eremitas
2912 2463 3015 2535 qui
3081 2473 3374 2534 vocantur,
3442 2471 3618 2540 quot-

1977 2555 2120 2622 quot:
2161 2550 2342 2623 nigris
2391 2552 2650 2609 vestibus
2693 2552 2903 2620 induti,
2955 2559 3012 2609 et
3059 2557 3368 2626 promissis
3412 2558 3618 2612 admo—

1977 2641 2116 2695 dum
2145 2641 2372 2710 capillis
2422 2657 2555 2698 cum
2605 2641 2744 2697 viris
2793 2647 2852 2698 et
2901 2643 3246 2700 mulieribus
3293 2651 3618 2716 versantur,

1976 2746 2154 2801 eoque
2176 2729 2592 2801 professionem
2625 2747 2792 2786 suam
2841 2731 3246 2802 dehonestent,
3295 2735 3471 2792 hosce
3518 2742 3620 2790 aut

1979 2820 2184 2890 positis
2250 2819 2430 2875 comis
2494 2820 2664 2891 jubet
2741 2820 3000 2878 habitum
3066 2823 3456 2880 monasticum
3515 2842 3618 2880 su-

1977 2924 2153 2978 mere,
2211 2914 2268 2964 et
2330 2909 2391 2964 in
2448 2910 2755 2965 mansione
2819 2908 3018 2982 aliqua
3083 2911 3238 2967 inter
3301 2913 3618 2968 monachos

1975 2999 2196 3068 referri,
2229 3004 2350 3070 aut,
2381 3000 2431 3055 si
2459 2991 2570 3054 hoc
2596 3001 3010 3069 recusaverint,
3055 3016 3124 3056 ex
3162 3002 3408 3058 urbibus
3457 3003 3616 3074 pelli,

1977 3092 2034 3143 et
2079 3087 2150 3141 ad
2199 3101 2414 3141 eremos
2464 3085 2742 3157 ablegari,
2793 3087 2947 3142 unde
3005 3087 3150 3143 falso
3189 3088 3302 3143 sibi
3347 3089 3615 3145 denomi-

1977 3177 2272 3232 nationem
2300 3175 2664 3230 at‘llnxerunt.

287 3334 345 3435 :0
391 3333 473 3435 δὲ.
501 3337 622 3435 pf"
650 3337 888 3435 μήτε-ἐν
937 3339 1170 3417 ἀνδρῴῳ
1221 3349 1568 3423 μοναστηρίῳ
1623 3357 1871 3427 γυναῖκα,

2057 3360 2262 3417 Adhaec
2327 3375 2516 3418 canon
2573 3359 2642 3414 47
2692 3373 2879 3431 neque
2962 3360 3268 3418 mulierem
3327 3363 3614 3435 permittit

230 3425 356 3494 μήτε
407 3427 515 3496 μὴν
585 3423 754 3502 ἄνδρα
814 3427 866 3484 ἐν
925 3433 1234 3507 γυναικείῳ,
1289 3434 1500 3492 κελεύει
1572 3439 1869 3500 καθεύδειν.

233 3512 418 3574 Παντὸς
445 3513 549 3588 γὰρ
609 3513 911 3573 σκανδάλου
946 3519 1036 3574 καὶ
1085 3525 1514 3598 προσκόμματος
1563 3527 1872 3605 ἁνωτὲρους

229 3599 354 3654 εἶναι
399 3599 482 3656 δεῖ
526 3603 666 3666 τοὺς
709 3605 964 3677 πιστοὺς,
1005 3609 1093 3663 καὶ
1138 3610 1372 3682 μάλιστὰ
1417 3635 1476 3689 γε
1521 3617 1649 3679 τοὺς
1701 3639 1870 3690 μονα-

231 3689 374 3762 χοῦς,
425 3695 517 3747 καὶ
577 3693 720 3768 πρὸς
774 3698 838 3750 τὸ
894 3695 1176 3774 εὔσχημον
1231 3723 1319 3757 και
1378 3703 1734 3781 εὐπρόσεδρον
1790 3713 1872 3782 τῷ

235 3779 401 3852 Κυρίῳ
449 3779 544 3837 τὸν
610 3783 814 3839 ἑαυτῶν
875 3786 996 3860 βίον
1057 3788 1354 3862 ῥυθμίζειν,
1411 3794 1500 3847 καὶ
1560 3779 1868 3854 διευθύνειν.

233 3869 340 3928 Τοῖς
387 3865 444 3922 δὲ
503 3869 591 3931 εἷς
649 3874 814 3925 τοῦτο
871 3873 1090 3948 τόλμης
1149 3877 1291 3933 ἰοῦσι
1341 3879 1632 3953 κληρικοῖς
1679 3906 1736 3940 τε
1781 3885 1869 3940 καὶ

235 3956 430 4018 Animi;
461 3956 785 4035 ἀφορισμοῦ
813 3961 905 4016 καὶ
935 3960 1142 4041 ἀμφοῖν
1169 3973 1416 4040 τιμᾶται.

297 4133 352 4189 Ὀ
397 4135 453 4189 δὲ
499 4140 592 4209 κβσ
638 4144 740 4208 τῆς
789 4143 829 4208 ζ’
879 4141 1106 4198 συνόδου
1155 4147 1498 4222 ἱερωμένως,
1556 4153 1646 4205 καί
1704 4156 1785 4216 οἷς
1841 4156 1870 4210 ὁ

240 4220 345 4293 βίος
423 4227 792 4301 μονότρὸπος,
861 4230 1183 4304 ἐπιπλήττει
1259 4241 1376 4293 κατ’
1455 4239 1591 4296 ἰδίαν
1669 4245 1871 4318 γυναιξὶ

239 4315 609 4386 συνεσθίουτιν,
653 4316 700 4370 εἰ
747 4320 836 4373 καὶ
883 4324 1001 4375 καθ’
1048 4326 1187 4397 αἷμα
1231 4328 1448 4390 τούτοις
1494 4331 1648 4386 αὗται
1696 4354 1874 4406 προσ-

241 4403 463 4470 ήκουσιν,
519 4405 590 4463 Εἰ
648 4403 707 4461 δὲ
764 4409 964 4472 ταύτας
1022 4413 1367 4478 συνδείπνους
1425 4416 1607 4490 δεήσει
1665 4419 1871 4496 λαϐεῖν,

243 4489 563 4586 μήιᾶλλως-
589 4494 624 4563 ἢ
666 4497 950 4586 ⁸θεοιρόριιυν
999 4506 1392 4579 συμπαρόντων
1439 4507 1664 4586 ἀνδρῶν,
1695 4513 1731 4582 ἢ
1779 4489 1869 4569 καί

239 4579 418 4650 τιμίων
472 4582 569 4638 καὶ
631 4582 876 4643 εὖλαϐὦν
954 4597 1248 4666 γυναικῶν,
1301 4594 1394 4650 ’ίνα
1447 4597 1539 4652 καὶ
1606 4600 1734 4656 αὐτὸ
1809 4604 1873 4658 τὸ

1977 3451 2038 3506 in
2096 3450 2352 3507 virorum
2415 3449 2796 3515 monasterio,
2847 3465 3032 3520 neque
3087 3453 3145 3508 in
3204 3451 3474 3508 muliebri
3522 3453 3612 3506 vi-

1979 3556 2111 3596 rum
2160 3538 2428 3595 dormire.
2487 3538 2644 3593 Citra
2712 3539 3057 3594 scandalum
3124 3541 3278 3596 enim
3335 3556 3508 3596 omne
3562 3549 3620 3597 et

1979 3628 2397 3686 oti'endiculum
2459 3627 2660 3682 ﬁdeles
2728 3641 2855 3682 esse
2919 3628 3103 3696 decet,
3189 3629 3438 3685 maxime
3485 3645 3618 3684 vero

1980 3717 2336 3784 monachos;
2378 3721 2555 3788 atque
2611 3718 2682 3772 ad
2747 3717 2806 3772 id
2875 3717 3030 3787 quod
3097 3718 3369 3773 decorum
3419 3723 3508 3772 est
3561 3722 3620 3773 et

1979 3806 2224 3863 Domino
2271 3810 2522 3876 gratum,
2563 3806 2740 3862 vitam
2788 3821 2951 3862 suam
2985 3822 3323 3876 componere
3369 3823 3435 3860 ac
3471 3806 3618 3861 diri-

1980 3912 2132 3969 gere.
2152 3898 2284 3952 illos
2306 3901 2521 3962 autem,
2543 3897 2643 3968 qui
2665 3897 2954 3952 contraire
2979 3898 3104 3952 ausi
3124 3896 3482 3963 fuerint,tam
3507 3897 3614 3950 cle-

1981 3987 2132 4042 ricos
2191 4003 2368 4058 quam
2433 3985 2635 4053 laicos,
2691 3985 3287 4042 excommunicatione
3344 3991 3620 4056 utrosque

1981 4076 2132 4132 ferit.

2051 4165 2464 4220 Verumtamen
2499 4165 2706 4236 synodi
2740 4164 2998 4234 septimm
3029 4180 3216 4220 canon
3245 4165 3316 4217 2'3
3355 4162 3621 4218 sacerdo-

1982 4259 2085 4320 tes,
2128 4271 2230 4308 nec
2261 4271 2376 4308 non
2407 4257 2464 4307 et
2491 4253 2622 4308 illos
2645 4253 2744 4324 qui
2789 4254 2968 4308 vitam
3017 4257 3198 4324 agunt
3242 4252 3620 4307 monasticam

1981 4343 2202 4413 plectit,
2235 4343 2570 4412 quicunque
2611 4342 2880 4412 privatim
2928 4357 3062 4396 cum
3112 4341 3452 4396 mulieribus
3491 4356 3622 4394 con-

1979 4431 2269 4500 vivantur,
2301 4431 2569 4502 quamvis
2601 4445 2734 4485 cum
2756 4430 2902 4502 ipsis
2940 4430 3228 4500 sanguine
3251 4429 3466 4500 junctae
3503 4432 3624 4484 fue-

1984 4520 2118 4575 rint.
2152 4519 2210 4576 Si
2241 4535 2371 4574 vero
2403 4519 2572 4575 hasce
2603 4519 2864 4575 convivio
2891 4519 3153 4590 excipere
3195 4534 3358 4590 opus,
3403 4534 3473 4572 ne
3518 4519 3623 4573 hoc

1981 4609 2214 4681 quidem
2241 4609 2364 4678 ﬁat,
2399 4609 2506 4664 nisi
2535 4608 2914 4680 pascentibus
2947 4607 3086 4664 viris
3117 4607 3328 4662 divinis
3379 4607 3532 4662 190
3555 4625 3622 4662 ac

241 4673 494 4771 τραπέζης
538 4671 732 4736 αὐταῖς
768 4676 860 4730 καί
909 4677 1059 4734 ἀλῶν
1106 4689 1385 4740 κοινωνεῖν
1425 4687 1560 4762 πρὸς
1609 4689 1871 4768 ὠφέλειαν

1985 4695 2268 4753 matronis
2317 4696 2656 4753 venerandis
2713 4711 2778 4751 ac
2826 4694 3138 4767 religiosis,
3171 4696 3313 4751 adeo
3359 4703 3420 4750 ut
3466 4697 3622 4764 ejus-

243 4753 318 4826 εἴη
371 4764 774 4834 πνευματικήν.
828 4789 858 4818 ‹‹
910 4765 1038 4824 Ε’ίτε
1091 4771 1195 4847 γὰρ
1253 4771 1477 4842 ἐσθίετε,
1535 4753 1719 4854 φησὶν,
1769 4780 1876 4836 ε’ίτε

242 4847 422 4916 πίνετε,
471 4847 592 4906 ε’ίτε
639 4873 691 4906 τι
740 4859 970 4924 ποιεῖτε,
1015 4857 1192 4915 πάντα
1249 4861 1326 4924 εἰς
1374 4847 1558 4937 δόξαν.
1587 4847 1875 4925 τοῦγΘεοῢ

244 4942 474 4994 ποιεῖτε*
537 4964 568 4994 »
631 4964 664 4994 α
725 4943 904 4998 Πάντα
964 4968 1058 5018 μοι
1115 4947 1340 5022 ἔξεστιν,
1397 4953 1525 5010 ἀλλ’
1581 4956 1644 5010 ού
1699 4960 1874 5015 πάντα

242 5026 500 5118 συμφέρει.
535 5053 567 5082 u
622 5029 802 5086 Ἀλλὰ
845 5037 935 5088 καί
980 5034 1283 5113 λογισμοὺς
1329 5043 1602 5118 καθαίρειν
1652 5047 1874 5102 κελευό-

284 5133 298 5142 ,
441 5115 469 5138 ν
661 5118 676 5134 η
815 5119 829 5140 ι
1321 5135 1344 5146 ..
1493 5115 1501 5118 '

247 5115 386 5202 μεθα,
431 5139 606 5194 ηγουν
655 5119 962 5192 εκπλυνειν,
1009 5125 1046 5194 ἢ
1092 5129 1372 5202 κκθαιρειν
1421 5128 1547 5200 ἤτοι
1595 5132 1872 5192 καταϐάλ-

247 5197 368 5292 λειν,
419 5207 508 5260 καὶ
594 5209 668 5280 μή
729 5207 822 5279 ἐᾷν
901 5213 1094 5277 αὐτοὺς
1151 5219 1314 5288 ἡμῶν
1386 5223 1871 5292 κατεξανίστασθαι.

247 5287 635 5372 Ὀδοιποροῦντι
684 5293 744 5352 δέ
789 5320 900 5355 τινι
945 5301 1174 5375 τούτων,
1214 5309 1306 5362 καὶ
1348 5312 1425 5382 μὴ
1475 5312 1795 5388 εὐπορούντι

248 5386 546 5458 κιναχθείη,
579 5387 673 5442 καὶ
725 5386 778 5444 ἐν
825 5387 1140 5470 πανδοχείῳ
1166 5396 1455 5454 καταλύειν
1501 5386 1872 5482 οὒκ-ἀπείρηϋέ

249 5485 344 5535 ται,
393 5479 490 5543 τῆς
551 5475 748 5551 χρείας
806 5479 971 5535 αὐτὸν
1033 5487 1476 5560 κατεπειγούσης,
1537 5491 1697 5563 μόνον
1773 5475 1876 5548 σω-

253 5557 444 5655 ςσρὸνως
487 5564 576 5618 καὶ
639 5566 758 5639 μετ’
817 5565 1122 5633 εὐλαϐείας.
1166 5575 1226 5628 Oi
1264 5557 1470 5648 ’μέντοι
1529 5557 1737 5655 γυναιξὶ
1781 5583 1873 5638 καὶ

250 5644 432 5711 τέκνοις
484 5657 770 5726 συζῶντες,
829 5657 919 5713 καὶ
995 5659 1136 5715 κατὰ.
1185 5665 1389 5738 κόσμον
1469 5669 1733 5742 βιοῦντες,
1809 5673 1872 5728 οὗ

253 5737 538 5796 κωλύονται
587 5744 794 5817 γυναιξὶ
841 5749 1160 5809 συνεσθίειν.
1219 5737 1299 5809 Ού
1348 5737 1480 5833 ’γδιρ⁷
1510 5737 1874 5833 διαϐέϐληται

1985 4787 2120 4841 dem
2151 4801 2365 4842 mensis
2413 4801 2480 4841 ac
2508 4785 2650 4841 salis
2698 4783 3148 4841 communicatio
3195 4783 3314 4840 illis
3350 4784 3410 4839 in
3461 4783 3626 4838 utili-

1984 4880 2163 4932 tatem
2197 4875 2560 4947 spirilualem
2593 4876 2777 4931 cedat.
2811 4897 2842 4925 ‹‹
2892 4875 3022 4930 Sive
3068 4874 3224 4930 enim
3282 4873 3622 4938 comedetis,

1983 4965 2194 5038 inquit,
2217 4966 2334 5022 sive
2365 4965 2595 5031 bibatis,
2630 4981 2728 5019 seu
2753 4963 2976 5019 faciatis
3023 4963 3267 5036 aliquid,
3298 4961 3498 5018 omnia
3552 4962 3624 5017 ad

1985 5053 2084 5109 Dei
2116 5053 2357 5126 gloriam
2391 5055 2576 5110 facite.
2608 5074 2636 5102 ι»
2668 5053 2736 5108 Et
2769 5069 2781 5106 :
2817 5073 2846 5104 ‹‹
2901 5052 3110 5108 Omnia
3142 5051 3280 5106 mihi
3330 5051 3524 5119 licent,
3569 5056 3626 5105 at

1984 5159 2099 5198 non
2131 5145 2328 5198 omnia
2357 5143 2688 5214 expediunt.
2727 5163 2754 5192 ››
2787 5141 2909 5197 imo
2949 5146 3006 5196 et
3043 5142 3204 5211 ipsas
3251 5141 3624 5210 cogitationes

1984 5249 2229 5304 purgare
2275 5234 2570 5302 iubemur.
2629 5232 2846 5287 scilicet
2911 5236 3009 5286 aut
3058 5229 3274 5295 eluere,
3329 5235 3428 5284 aut
3478 5246 3618 5299 pur-

1983 5338 2140 5394 gare,
2173 5337 2272 5377 seu
2307 5327 2688 5394 prosternere,
2721 5337 2910 5391 neque
2959 5321 3288 5390 permittere
3332 5326 3396 5374 ut
3436 5320 3626 5373 denuo

1983 5411 2042 5465 in
2075 5428 2178 5466 nos
2198 5415 2524 5481 assurgant.
2555 5411 2655 5466 Sin
2705 5424 2838 5464 vero
2883 5408 3090 5463 horum
3146 5407 3362 5478 aliquis
3389 5407 3504 5462 iter
3532 5407 3618 5461 fa-

1983 5499 2118 5567 ciat,
2181 5500 2510 5571 nesciatque
2562 5497 2799 5553 ubinam
2849 5496 3102 5568 hospitio
3165 5496 3510 5568 excipiatur,
3559 5495 3611 5550 ei

1981 5589 2137 5646 haud
2155 5589 2524 5645 interdictum
2541 5587 2702 5644 estin
2714 5586 3007 5658 publicam
3021 5585 3256 5642 domum
3276 5586 3625 5641 descendere

1984 5678 2324 5736 necessitate
2355 5695 2491 5735 eum
2522 5681 2783 5751 urgente,
2817 5677 2990 5733 modo
3017 5675 3230 5740 sobrie,
3257 5679 3315 5730 et
3344 5691 3477 5730 cum
3509 5675 3625 5730 cir-

1981 5769 2411 5842 cumspectione
2465 5783 2593 5826 sese
2648 5772 2828 5840 gerat.
2887 5768 3166 5822 Ceterum
3232 5763 3273 5819 ii
3329 5763 3429 5835 qui
3485 5777 3620 5820 cum
