4098 6332
429 431 506 492 47
1708 428 2086 491 ΜΑΤΤΗιΕΙ

2208 428 2558 492 ,ΑΞΤΔΒῙΒ
3750 421 3830 483 48

433 565 711 621 uxoribus
742 581 807 620 ac
840 564 1036 620 liberis
1060 565 1182 619 suis
1232 581 1348 619 una
1404 563 1688 632 habitant,
1739 567 2073 623 saecularem

2208 568 2368 636 τοῦτο,
2419 562 2463 617 εἷ
2519 563 2633 635 μετ’
2664 560 3011 639 εὐχαριστίας
3056 565 3158 628 τῆς
3205 559 3340 633 πρὸς
3387 560 3516 615 Θεὸν
3565 564 3831 637 γίγνοιτο,

428 656 603 711 vitam
628 659 960 727 sequentes,
1001 671 1136 710 cum
1168 654 1442 710 uxoribus
1491 656 1782 712 convivari
1833 657 2073 712 minime

428 745 832 818 prohibentur.
892 745 1010 802 Hoc
1054 745 1211 801 enim
1280 744 1454 817 culpa
1514 749 1702 812 vacat,
1754 746 2073 802 dummodo

429 834 529 890 ﬁat
564 851 699 890 cum
745 835 1073 906 gratiarum
1115 850 1270 907 erga.
1330 834 1515 890 Deum
1565 834 1814 903 actione,
1853 840 1911 890 et
1956 851 2072 891 non

426 940 557 979 cum
589 922 1134 995 gesticulationibus
1165 922 1435 992 scenicis,
1468 927 1570 979 aut
1608 923 1884 980 satanicis
1935 940 2073 979 can-

2181 656 2272 709 καί
2306 656 2383 727 μὴ
2437 652 2573 726 μετά
2608 651 2914 724 θυμελικῶν
2962 645 3431 722 ἐπιτηδευμάτων,
3474 652 3566 705 καὶ
3615 672 3834 707 σατανι-

2181 747 2291 798 κῶν
2338 742 2615 815 ᾀσμάτων,
2663 739 2755 796 καὶ
2801 743 3073 816 πορνικῶν
3119 736 3495 815 λογισμᾶτων,
3548 742 3631 804 οἷς
3673 738 3832 814 ἐπέρ-

2182 851 2340 908 χεται
2370 834 2406 901 ἡ
2458 830 2774 910 προφητική
2806 828 2909 903 ἀρά
2937 847 2951 862 ·
2986 854 3014 881 ιι
3047 826 3179 883 Οὐαὶ
3211 828 3264 882 οἱ
3318 829 3451 901 μετά
3482 829 3711 905 κιθάρας
3738 839 3830 893 καὶ

2182 917 2495 995 ψαλτηρίου
2522 920 2614 976 τὸν
2648 919 2795 974 οἶνον
2826 916 3089 985 πίνοντες,
3124 939 3149 971 ι
3180 916 3271 971 καὶ
3301 917 3368 972 τά
3399 917 3544 986 ἑξῆς.

424 1011 580 1078 ticis,
610 1020 665 1068 et
692 1012 1191 1070 modulationibus
1222 1012 1589 1080 meretriciis,
1619 1030 1747 1084 qua:
1792 1012 2119 1069 maledictio
2163 1012 2364 1068 isthmc
2396 1010 2733 1084 prophetica
2780 1009 3185 1082 prosequitur:
3221 1031 3250 1059 «ι
3286 1009 3376 1063 Va:
3435 1007 3553 1065 illis
3612 1009 3708 1081 qui
3742 1007 3817 1064 ad

426 1100 711 1157 citharam
775 1106 832 1158 et
879 1101 1215 1173 psallerium
1270 1102 1473 1158 vinum
1507 1102 1739 1170 bibunt,
1773 1123 1802 1152 »
1835 1105 1891 1157 et
1912 1118 2038 1173 qua:
2061 1107 2413 1173 sequuntur.

499 1189 771 1252 Qninimo
798 1205 987 1262 neque
1035 1190 1320 1261 permittit
1376 1189 1607 1245 concilii
1657 1189 2075 1261 Carthaginen-

430 1278 514 1334 sis
571 1296 701 1334 can.
757 1280 828 1334 38
887 1279 1207 1336 monachos
1262 1284 1361 1335 aut
1417 1278 1656 1336 clericos
1701 1279 1945 1352 impune
2000 1279 2073 1333 ad

428 1369 679 1442 virgines
706 1370 793 1426 vel
825 1369 1029 1425 viduae
1070 1371 1180 1426 Deo
1219 1372 1584 1425 consecratas
1614 1371 1914 1439 accedere,
1948 1368 2078 1424 abs-

431 1475 544 1530 que
589 1473 879 1514 consensu
927 1457 1205 1530 episcopi,
1238 1464 1356 1527 aut,
1407 1474 1473 1514 eo
1523 1458 1786 1526 absente,
1837 1456 2079 1530 presby-

429 1549 537 1603 teri
587 1546 838 1617 alicujus
884 1563 898 1599 :
951 1562 1055 1603 nec
1096 1551 1239 1602 tunc
1268 1546 1501 1618 quidem
1544 1546 1708 1604 solos
1755 1561 1889 1602 cum
1937 1542 2079 1599 solis

430 1636 674 1705 versari,
723 1634 823 1691 sed
863 1635 951 1692 vel
999 1635 1226 1691 clericis
1263 1636 1416 1702 aliis,
1464 1635 1555 1691 vel
1587 1634 1933 1693 Christianis
1982 1634 2083 1689 ho-

436 1725 620 1780 nestis
650 1742 717 1780 ac
748 1724 1033 1795 religiosis
1064 1727 1476 1797 praesentibus,
1510 1730 1574 1782 ut
1601 1725 1841 1782 tollatur
1887 1724 2080 1779 omnis

434 1813 712 1887 suspicio.
753 1835 781 1865 «
832 1813 987 1870 Citra
1043 1814 1385 1872 scandalum
1416 1816 1594 1883 enim,
1628 1816 1708 1872 ait
1739 1815 2082 1892 Apostolus,

438 1907 621 1959 estote
655 1910 709 1960 et
752 1902 973 1959 Judaais
1027 1907 1084 1959 et
1112 1904 1327 1961 Graecis
1365 1910 1424 1961 et
1476 1904 1743 1961 Ecclesiae
1776 1904 1893 1961 Dei.
1929 1924 1957 1953 ››
1987 1901 2085 1957 Ju-

440 1995 649 2049 bemur
676 1994 819 2050 adeo
852 1994 1220 2065 suspiciones
1271 1994 1452 2051 malas
1483 1996 1716 2062 evitare,
1760 1995 1920 2050 falsae
1950 1992 2087 2047 licet

434 2083 673 2139 fuerint.

718 2271 789 2326 De
819 2273 1056 2326 transitu
1096 2286 1124 2326 ε
1143 2272 1481 2326 monasterio
1529 2268 1598 2323 ad
1617 2267 1791 2323 aliud.

513 2434 708 2490 Canon
743 2438 935 2488 autem
963 2433 1275 2489 vicesimus
1317 2432 1538 2504 primus
1583 2429 1790 2501 synodi
1828 2427 2083 2499 septimae

446 2525 593 2579 haud
623 2523 909 2593 permittit
929 2522 1285 2578 monachum
1319 2525 1420 2576 aut
1451 2518 1758 2575 monialem
1791 2515 2082 2588 propriam

441 2614 702 2669 deserere
740 2611 1121 2679 mansionem,
1153 2616 1212 2666 et
1249 2611 1308 2665 in
1346 2610 1521 2666 aliam
1554 2625 1619 2664 se
1668 2607 1948 2664 conferre.
1982 2604 2083 2661 Sin

440 2718 570 2758 vero
591 2701 701 2756 hoc
742 2701 862 2757 ﬁeri
914 2700 1233 2773 contingat,
1277 2699 1570 2755 laudabile
1619 2714 1750 2753 esse
1792 2694 2088 2752 existimat

442 2795 498 2845 et
520 2789 762 2862 quidem
813 2790 1212 2845 necessarium
1258 2788 1430 2845 hosce
1469 2786 1723 2860 hospitio
1776 2784 1984 2854 excipi,
2016 2798 2088 2837 ne

441 2879 587 2934 forte
615 2878 995 2935 saecularibus
1025 2881 1081 2934 et
1130 2878 1457 2948 promiscue
1493 2875 1821 2932 viventibus
1868 2888 1931 2928 se
1976 2872 2086 2926 im-

446 2967 689 3023 miscere
717 2970 1039 3039 cogantur;
1073 2966 1227 3022 haud
1258 2970 1456 3023 tamen
1474 2963 1653 3037 recipi
1685 2963 1812 3020 sine
1844 2977 2089 3018 consen-

442 3072 510 3112 su
544 3070 787 3111 suorum
816 3055 1237 3125 praefectorum.

520 3145 670 3199 Tum
717 3158 905 3200 canon
960 3144 994 3198 3
1058 3144 1258 3217 synodi
1297 3143 1496 3216 prima:
1548 3145 1605 3199 et
1643 3140 1932 3207 secundae,
1966 3155 2091 3210 quas

449 3236 710 3298 vocatur,
769 3232 1358 3289 excommunicationi
1441 3232 1773 3303 prmfectum
1833 3226 2093 3299 subjicit,

451 3325 551 3395 qui
583 3321 952 3393 aufugientes
985 3321 1326 3387 monachos,
1359 3320 1461 3392 qui
1485 3321 1558 3376 ad
1589 3319 1735 3376 ovile
1760 3333 1934 3373 suum
1964 3332 2091 3387 per-

448 3413 661 3479 tinent,
692 3426 806 3466 non
858 3426 991 3466 cum
1045 3409 1350 3482 diligentia
1391 3408 1781 3482 requisiverit,
1828 3409 1885 3461 et
1930 3419 2092 3460 ovem

2106 2126 2153 2191 Β

2252 1184 2391 1243 Οὐδὲ
2449 1187 2476 1240 6
2532 1191 2633 1255 τῆς
2691 1184 2742 1239 ἐν
2801 1185 3121 1261 Καρθαγένῃ
3195 1180 3424 1238 συνόδου
3485 1183 3578 1253 λη’
3649 1185 3831 1239 κανὼν

2183 1275 2365 1354 ἐφίησι
2426 1279 2693 1349 μοναχοῖς
2748 1275 2783 1344 ἢ
2844 1274 3133 1349 κληρικοῖς
3191 1268 3362 1334 ἀδεῶς
3421 1273 3641 1327 εἰσιέναι
3697 1273 3838 1347 πρὸς

2184 1362 2507 1437 παρθένους,
2539 1364 2575 1434 ἢ
2609 1363 2812 1437 χήρας,
2844 1362 2901 1416 αἳ
2951 1359 3018 1431 δὴ
3056 1365 3136 1432 τῷ
3166 1363 3282 1432 Θεῷ
3327 1359 3705 1435 καθιέρωνται,
3734 1360 3838 1415 τοῦ

2187 1450 2485 1507 ἐπισκόπου
2539 1453 2617 1526 μὴ
2664 1451 3107 1530 ἐπιτετραφότος,
3144 1449 3179 1519 ἢ
3228 1453 3326 1504 τοῦ
3373 1444 3758 1525 πρεσϐυτέρου,
3791 1450 3839 1504 εἶ

2188 1539 2390 1603 ἐκεῖνος
2445 1541 2610 1615 ἀπῄει
2645 1561 2659 1574 ·

2191 1628 2565 1707 ἐντυγχάνειν,
2613 1627 2758 1684 ἀλλὰ
2805 1628 3085 1702 παρόντων
3122 1626 3158 1689 ἢ
3206 1624 3491 1699 κληρικῶν
3536 1627 3758 1701 ἐτέρων,
3802 1627 3840 1696 ἢ

2190 1721 2524 1792 Χριστιανῶν
2571 1716 2799 1790 ἐντίμων
2854 1716 2945 1771 καὶ
2991 1710 3262 1783 εὐλαϐῶν,
3310 1712 3448 1769 ὥστε
3503 1719 3676 1771 πᾶσαν
3736 1717 3844 1772 ὑπ-

2193 1806 2350 1881 οψίαν
2407 1808 2821 1883 περιαιρεῖσθαι.
2887 1829 2913 1856 υ
2974 1805 3348 1880 Ἀπρόσκοποι
3403 1805 3526 1879 γὰρ,
3586 1805 3754 1883 φησὶν
3814 1808 3843 1860 6

2192 1894 2552 1964 ³Δπόστολος,
2611 1894 2819 1972 γίνεσθε
2875 1896 2963 1950 καὶ
3030 1891 3340 1963 Ἰουδαίοις,
3414 1892 3504 1947 καὶ
3576 1892 3844 1965 Ἕλλησι,

2193 1987 2283 2043 καὶ
2338 1991 2408 2060 τῇ
2467 1984 2765 2057 Ἐκκλησία
2814 1988 2912 2040 τοῦ
2969 1988 3103 2039 Θεοῦ
3137 2002 3150 2015 ·

2196 2076 2440 2150 πονηρὰς
2500 2071 2806 2149 ὑπολήψεις
2861 2072 3331 2150 προστετάγμεθα,
3390 2070 3486 2126 κᾶν
3553 2071 3655 2126 ὦσι
3711 2076 3842 2146 ψευ-

2192 2163 2321 2227 δεῖς.

2721 1539 2867 1596 ἀλλὲι
2922 1540 3011 1594 καὶ
3067 1537 3190 1593 τότε
3250 1539 3326 1611 μή
3390 1538 3591 1612 μόνους
3648 1540 3839 1613 μόναις

3216 2007 3236 2034 ι
3301 1980 3418 2037 ἐπεὶ
3474 1982 3689 2061 φεύγειν
3748 1983 3847 2046 τὰς

2190 2273 2347 2346 Περὶ
2401 2264 2826 2343 μεταϐάσεως
2879 2269 3024 2346 ἀπὸ,
3065 2272 3529 2346 μοναστηρίου
3578 2269 3670 2332 εἷς
3725 2291 3846 2344 μο-

2821 2344 3211 2415 ναστήριον.

2262 2436 2320 2488 Ὀ
2353 2431 2410 2487 δὲ
2440 2438 2524 2487 κα⁰
2568 2439 2670 2503 τῆς
2721 2435 2761 2501 ζ’
2792 2431 3020 2488 συνόδου
3068 2432 3167 2488 οὐκ
3205 2432 3477 2508 ἐπιτρέπει
3530 2433 3771 2507 μοναχὸν
3806 2433 3843 2501 ἢ

2199 2524 2524 2597 μονάστριαν
2584 2524 2686 2591 τήν
2744 2520 2942 2576 οἰκείαν
3002 2521 3423 2592 καταλιμπάνειν
3496 2524 3690 2593 μονὴν,
3751 2521 3845 2575 καὶ

2194 2613 2271 2675 εἷς
2319 2613 2501 2686 ἑτέραν
2549 2611 2784 2668 ἀπιέναι.
2836 2605 3058 2684 Σύμϐἀν
3116 2608 3171 2665 δὲ
3222 2612 3389 2680 οὕτω,
3448 2609 3849 2685 ξενοδοχεῖσθαι

2198 2703 2315 2776 μὲν,
2360 2702 2435 2763 ὡς
2478 2701 2796 2777 ἀναγκαῖον,
2844 2697 2913 2754 δι’
2959 2698 3178 2754 ἐπαίνου
3224 2700 3450 2768 τίθεται,
3479 2698 3574 2754 ’ίνα
3624 2701 3700 2772 μή
3749 2720 3851 2754 κο-

2197 2795 2417 2864 σμικοῖς
2446 2790 2537 2845 καὶ
2566 2786 2879 2866 ἀδιαφόρως
2912 2790 3121 2864 βιοῦσιν
3161 2784 3492 2843 ἐκϐιασθεῖεν
3530 2786 3795 2862 συμμίξαι
3830 2807 3848 2821 ·

2195 2873 2711 2955 προσλαμϐάνεσθαι
2761 2874 2818 2932 δὲ
2844 2876 2906 2932 οὐ
2951 2875 3088 2946 δῆτα
3112 2875 3236 2933 ἄνευ
3277 2877 3505 2951 γνώμης
3551 2881 3658 2932 τῶν
3699 2880 3850 2952 σφῶν

2205 2966 2549 3043 ἡγουμένων.

2270 3148 2326 3202 Ὀ
2357 3145 2414 3201 δὲ
2444 3153 2494 3221 γ’
2531 3151 2632 3215 τῆς
2674 3143 2979 3220 λεγομένης
3028 3144 3254 3219 πρώτης
3295 3146 3384 3200 καὶ
3436 3141 3683 3219 δευτέρας
3726 3166 3850 3200 συν-

2201 3232 2334 3290 όδου
2363 3234 2657 3312 ἀφορισμῷ
2686 3235 2778 3289 τὸν
2807 3234 3107 3309 ἡγούμενον
3158 3233 3504 3305 ὑποτίθησιν,
3532 3234 3578 3288 εἰ
3612 3235 3688 3308 μή
3734 3233 3855 3289 ἐπι-

2204 3322 2389 3399 μελῶς
2431 3322 2728 3394 ἀναζητοίη
2775 3320 2904 3385 τοὺς
2953 3329 3052 3392 τῆς
3110 3324 3304 3378 ἑαυτοῦ
3360 3323 3600 3397 ποίμνης
3658 3321 3857 3378 ἀποδι-

2202 3412 2533 3491 δράσκοντας
2587 3413 2890 3486 μοναχοὺς,
2939 3412 3030 3466 καὶ
3072 3413 3208 3486 πρὸς
3261 3412 3351 3467 τὸν
3397 3412 3543 3486 ἱερὸν
3598 3411 3852 3487 ἐπανάγει

458 3500 780 3555 morbidam
815 3500 1256 3556 medicamentis
1286 3503 1548 3555 curatam
1571 3497 1643 3553 ad
1675 3510 1907 3553 sacrum
1939 3494 2090 3550 clau-

2208 3503 2394 3575 σηκὸν,
2442 3507 2512 3577 τῇ
2556 3499 2897 3576 καταλλήλῳ
2940 3502 3195 3576 θεραπείᾳ
3242 3502 3305 3557 τὸ
3353 3503 3644 3573 νενοσηκὸς
3693 3500 3856 3579 ἐπιρ-

458 3596 646 3645 strum
713 3589 1021 3646 reduxerit.
1089 3589 1235 3645 Nam
1305 3589 1350 3644 si
1419 3587 1807 3643 animantium
1875 3583 2100 3639 ratione

460 3679 782 3734 carentium
837 3684 1053 3749 pastor,
1100 3678 1199 3750 qui
1248 3693 1385 3749 erga
1440 3691 1674 3749 gregem
1735 3671 2099 3744 negligenter

459 3785 587 3825 sese
616 3768 787 3840 gerit,
808 3772 962 3823 certo
1003 3767 1141 3833 luat,
1196 3767 1463 3839 quisquis
1510 3766 1702 3822 ovium
1751 3763 1960 3818 Christi
2002 3778 2095 3816 sa-

454 3856 632 3911 lutem
666 3873 782 3927 prae
811 3856 1076 3911 socordia
1102 3855 1428 3927 vilipendit,
1448 3853 1652 3925 quidni
1693 3849 2099 3922 indeprecabi-

452 3945 536 4000 les
585 3961 784 4016 poenas
833 3943 1040 3999 dabit?
1085 3943 1404 4000 Monachus
1462 3958 1592 3997 vero
1642 3941 1725 3997 ita
1774 3944 2093 4003 revocatus,

450 4037 498 4091 si
558 4051 624 4090 eo
668 4036 859 4091 redire
923 4036 1297 4103 recusaverit,
1358 4035 1512 4090 unde
1563 4031 1854 4099 discessit,
1913 4031 1964 4086 si
2017 4030 2097 4086 ita

448 4125 722 4196 episcopo
766 4123 956 4180 visum
993 4125 1184 4194 fuerit,
1218 4123 1634 4196 segregabitur.

525 4304 669 4359 Dein
731 4319 918 4358 canon
967 4305 1209 4372 quartus
1263 4300 1641 4366 monachum,
1697 4300 1794 4371 qui
1869 4297 2097 4370 propria

459 4394 762 4450 mansione
793 4392 989 4448 relicta
1012 4391 1072 4448 in
1103 4391 1277 4447 aliam
1326 4406 1390 4446 se
1417 4390 1660 4457 confert,
1707 4388 1792 4445 vel
1823 4387 1880 4443 in
1932 4388 2097 4444 habi-

453 4482 645 4538 taculo
676 4481 943 4537 saeculari
976 4480 1226 4552 turpiter
1253 4485 1636 4543 comessatur,
1670 4479 1866 4551 ipsum
1903 4477 2094 4543 illum,

452 4577 509 4627 et
538 4570 637 4643 qui
662 4571 1000 4642 susceperit,
1033 4574 1312 4640 utrosque
1334 4569 1745 4626 communione
1784 4567 2097 4638 privandcs

456 4662 742 4729 decernit,
774 4662 959 4717 donec
991 4660 1040 4715 is
1069 4660 1168 4731 qui
1196 4660 1521 4727 recesserit,
1557 4659 1612 4713 in
1655 4657 2094 4724 monasterium,

455 4753 611 4824 quod
659 4751 917 4823 improbe
957 4748 1227 4817 deseruit,
1277 4749 1453 4804 fuerit
1500 4764 1785 4805 reversus.
1817 4747 1913 4803 Sin
1968 4762 2098 4802 vero

2208 3594 2383 3669 ῥωνὺς
2436 3587 2732 3667 πρόϐατον.
2785 3589 2850 3645 Ei
2902 3589 3006 3666 γὰρ
3052 3591 3081 3645 6
3139 3592 3297 3660 ζώων
3355 3591 3569 3666 ἀλόγων
3616 3593 3851 3665 ποιμήν,

2206 3681 2427 3756 ἀμελῶς
2483 3681 2608 3756 περὶ
2680 3680 2746 3736 τὸ
2817 3678 3076 3753 ποίμνιον
3149 3677 3505 3753 διακείμενος,
3579 3679 3852 3755 τιμωρίαν

2206 3772 2511 3849 ἀναγκαίως
2569 3769 2785 3844 ὑπέχει,
2836 3770 2864 3823 ὁ
2919 3774 3026 3823 τῶν
3085 3773 3181 3825 τοῦ
3237 3773 3474 3843 Χριστοῦ
3530 3768 3857 3845 θρεμμάτων

2202 3865 2301 3931 τήν
2354 3860 2628 3936 σωτηρίαν
2677 3858 2801 3932 περὶ
2852 3857 3150 3933 ἐλαχίστου
3202 3855 3274 3912 δι’
3327 3857 3528 3913 οἰκείαν
3575 3859 3859 3933 ῥᾳστώνην

2202 3952 2505 4024 τιθέμενος,
2538 3952 2653 4009 πῶς
2699 3947 2800 4002 οὐκ
2837 3946 3206 4018 ἀπαραίτητον
3259 3946 3718 4023 εἰσπραχθήσεται
3768 3945 3858 4001 δί-

2205 4060 2347 4110 κην,
2380 4039 2641 4094 ’Δπειθῶν
2684 4033 2743 4091 δὲ
2788 4036 2816 4090 ὁ
2864 4033 3302 4110 ἀνακαλούμενος
3351 4038 3591 4112 μοναχὸς
3636 4035 3859 4091 ἐπανιέ-

2203 4148 2289 4182 ναι
2321 4126 2439 4181 ὅθεν
2471 4123 2607 4195 δῆτα
2634 4125 2725 4179 καὶ
2756 4123 3051 4196 ἐξελήλυθε
3099 4125 3235 4201 πρὸς
3263 4129 3360 4180 τοῦ
3392 4124 3693 4180 ἐπισκόπου
3743 4125 3854 4199 ἀφ-

2205 4217 2398 4291 ορισθή
2408 4235 2577 4270 σεται.

2275 4307 2337 4361 Ὀ
2369 4301 2426 4359 δὲ
2455 4301 2499 4358 δ’
2543 4304 2637 4359 τὸν
2686 4299 2995 4377 ἀποδράντα
3038 4309 3137 4373 τῆς
3186 4300 3325 4367 ἰδίας
3378 4311 3551 4376 μονῆς
3609 4303 3856 4382 μοναχὸν

2204 4396 2295 4449 καὶ
2342 4395 2479 4470 πρὸς
2537 4394 2717 4468 ἑτέραν
2783 4392 3304 4470 μετακεχωρηκότα,
3362 4395 3398 4463 ἢ
3459 4392 3535 4456 είς
3592 4392 3859 4467 κοσμικὸν

2206 4483 2453 4557 ἆσέμνως
2481 4481 2893 4556 είσκωμάσαντα
2938 4482 3310 4558 καταγώγιον,
3343 4482 3508 4538 αὐτόν
3537 4502 3596 4537 τε
3643 4483 3734 4537 καὶ
3763 4481 3861 4537 τὸν

2205 4578 2397 4629 τοῦτον
2484 4569 2884 4646 ὑποδεξάμενον
2959 4571 3337 4647 ἀφωρισμένον
3415 4573 3546 4628 εἶναι
3621 4569 3859 4644 κελεύει,

2203 4660 2309 4725 ἕως
2358 4661 2420 4717 ἂν
2470 4663 2498 4716 6
2557 4661 2938 4738 ἀποφοιτήσας
2987 4661 3123 4737 πρὸς
3171 4662 3271 4730 τὴν
3322 4663 3514 4735 μονὴν,
3561 4661 3626 4729 ἧς
3673 4666 3859 4727 κακῶς

2208 4748 2551 4822 ἐξελήλυθεν,
2609 4750 2871 4824 ἓπανήκῃ.
2908 4747 2971 4804 Ei
3027 4749 3209 4822 μέντοι
3260 4752 3289 4804 6
3346 4757 3446 4820 τῆς
3497 4753 3687 4826 χώρας
3731 4749 3857 4805 ἐπί-

454 4841 629 4897 istius
674 4840 783 4897 loci
830 4840 1136 4911 episcopus
1185 4839 1497 4894 monachos
1545 4838 1829 4909 quosdam
1885 4836 2090 4907 pietate

2208 4861 2434 4910 σκοπος,
2485 4838 2626 4894 ἔστιν
2686 4836 2776 4901 οὓς
2831 4842 2940 4893 τῶν
2996 4837 3081 4893 ἐπ’
3136 4834 3396 4912 εὐλαϐείᾳ
3448 4841 3862 4914 σεμνυνομένων

459 4932 548 4998 (ut
577 4930 656 5000 ﬁt)
689 4930 1047 5001 percelebres
1091 4930 1162 4983 de
1215 4927 1517 4984 mansione
1558 4926 1791 5000 propria
1840 4925 2097 4980 eximens

460 5022 521 5073 in
553 5019 683 5073 aliis
739 5019 1125 5085 constituerit,
1160 5023 1223 5073 ut
1271 5017 1562 5073 mansioni
1612 5017 1848 5088 praesint
1900 5014 2099 5085 (modo

462 5116 722 5179 utr-asque
752 5108 837 5162 illi
869 5108 1142 5179 episcopo
1174 5108 1446 5178 subjecta:
1479 5107 1740 5175 fuerint),
1774 5103 1861 5159 vel
1891 5104 2103 5158 domus

464 5198 705 5252 tutelam
738 5198 821 5251 eis
862 5197 1219 5253 commiserit
1262 5214 1274 5251 :
1311 5197 1500 5252 isthoc
1547 5195 1781 5266 quidem
1825 5209 1955 5246 cum
2008 5207 2105 5247 eos

467 5288 567 5360 qui
600 5288 951 5357 suscipiunt,
972 5294 1090 5344 tum
1114 5288 1430 5343 monachos
1458 5288 1616 5358 ipsos
1640 5284 1808 5357 culpa
1837 5282 1994 5339 omni
2020 5299 2106 5336 va-

466 5395 606 5435 cuos
639 5382 894 5449 praestat.

537 5468 683 5531 Quin
716 5467 831 5521 imo
880 5484 1063 5522 canon
1110 5468 1179 5521 80
1220 5468 1425 5540 synodi
1473 5467 1946 5538 Carthaginensis
1985 5469 2105 5541 epi-

464 5573 707 5629 scopum
740 5557 933 5627 puniri
963 5558 1105 5625 vult,
1139 5558 1235 5628 qui
1260 5559 1610 5613 monachum
1646 5557 1903 5615 alienum
1926 5561 2106 5616 susci-

465 5648 568 5720 pit,
604 5646 747 5701 ιθι
805 5650 976 5718 atque
1021 5648 1092 5701 ad
1143 5647 1386 5718 gradum
1431 5646 1757 5704 clericalem
1808 5666 2107 5719 promove-

468 5739 563 5805 rit,
597 5740 697 5795 aut
721 5736 969 5810 alicujus
1001 5754 1063 5794 ex
1098 5736 1343 5815 propriis
1383 5738 1748 5794 monasteriis
1801 5740 2106 5812 prmfectu-

2215 4933 2492 5007 μοναχῶν,
2524 4928 2584 4983 ἐκ
2630 4934 2730 4997 τῆς
2779 4928 2980 4982 ἑαυτῶν
3029 4926 3298 5005 εἰληφὼς,
3331 4929 3407 4990 εἷς
3455 4930 3639 5004 ἑτέραν
3693 4928 3860 5005 ἐγκα-

2212 5022 2495 5089 ταστήσειε
2541 5015 2865 5094 προστασίαν
2928 5023 3119 5089 μονῆς,
3178 5018 3266 5072 καὶ
3325 5016 3646 5098 ἀμφοτέρων
3704 5018 3861 5091 αὐτῷ

2216 5104 2587 5179 ὑποκειμένων
2645 5101 2859 5174 δηλαδὴ
2909 5107 3017 5157 τῶν
3076 5109 3272 5178 μονῶν,
3331 5104 3367 5174 ἢ
3435 5108 3522 5159 καὶ
3583 5106 3857 5179 κοσμικὴν

2215 5195 2389 5250 οἰκίαν
2441 5192 2714 5263 ἐπιτηρεῖν
2771 5189 3093 5267 διορίσαιτο,
3150 5198 3309 5249 τοῦτο
3364 5193 3456 5248 καὶ
3523 5194 3651 5257 τοὺς
3719 5194 3861 5248 ὑπο-

2216 5281 2547 5358 δεχομένους
2621 5282 2712 5337 καὶ
2788 5282 2915 5344 τοὺς
2993 5283 3269 5357 μοναχοὺς
3339 5282 3649 5344 ἀνευθύνους
3725 5282 3858 5337 εἶναι

2215 5376 2389 5427 ποιεῖ.

2284 5461 2341 5515 Ὀ
2392 5457 2451 5513 δὲ
2495 5465 2548 5513 π’
2591 5462 2693 5524 τῆς
2750 5458 2802 5514 ἐν
2860 5461 3169 5537 Καρθαγένῃ
3227 5459 3453 5516 συνόδου
3507 5460 3858 5535 ἐπιτιμᾶσθαι

2212 5552 2305 5604 τὸν
2337 5547 2630 5603 ἐπίσκοπον
2676 5547 2840 5618 ἀξιοῖ,
2874 5550 2935 5613 ’ὸς
2982 5551 3072 5605 τὸν
3102 5548 3395 5629 ἀλλότριον
3447 5548 3857 5629 ὑποδεχόμενος

2220 5637 2464 5715 μοναχὸν
2506 5634 2583 5698 εἷς
2636 5637 2843 5712 βαθμὸν
2884 5641 3172 5709 καθίστησι
3217 5638 3451 5712 κλήρου,
3482 5640 3519 5710 ἢ
3565 5642 3655 5693 καὶ
3699 5642 3866 5715 ἡγου-

2219 5728 2425 5808 μενείαν
2475 5725 2682 5782 οἰκείου
2743 5728 3131 5808 μοναστηρίου,
3186 5726 3311 5784 ἄνευ
3368 5727 3707 5803 ἀπολυτικῆς
3760 5727 3862 5788 τοῦ
