4098 6332
238 417 308 476 49
1257 414 1673 475 SYNTAGMA
1720 415 2352 482 ALPHABETICUM.
2407 455 2470 464 —
2520 422 2600 481 M.
3545 417 3624 475 50

238 547 436 602 οἰκείου
490 547 786 602 ἐπισκόπου
847 553 1082 624 γραφῆς.
1122 545 1218 600 Καὶ
1275 547 1366 601 τὸν
1429 547 1522 618 μὲν
1579 545 1868 602 ἐπίσκοπον

1988 569 2110 608 ram
2140 575 2156 622 ;
2189 555 2407 626 absque
2440 555 2644 610 litteris
2700 553 3050 608 dimissoriis
3079 552 3332 623 episcopi
3366 550 3620 621 regionis

236 637 297 708 τῇ
330 642 426 690 τοῦ
477 635 621 690 ἰδίου
673 637 811 691 λαοῦ
861 634 1003 713 έφείς
1040 633 1296 704 κοινωνίᾳ
1326 635 1414 689 καὶ
1446 635 1630 708 μόνον,
1663 638 1876 712 ἑτέρους

236 727 370 798 αὐτῷ
427 726 636 782 κελεόει
700 730 776 799 μή
833 732 1146 781 κοινωνεῖν·
1195 728 1286 780 τὸν
1345 723 1402 780 δὲ
1461 729 1722 806 μοναχὸν,
1778 732 1875 782 τοῦ

233 817 433 890 κλήρου
477 817 512 885 ἢ
570 823 670 886 τῆς
718 814 1074 890 ἡγουμενείας
1120 814 1420 870 ἐκπίπτειν.
1465 817 1622 886 Ζήτει
1674 817 1764 872 καὶ
1811 819 1874 871 τὸ

234 907 412 982 ς’κεφ.
444 911 545 960 τοῦ
605 909 656 962 Α
707 905 1006 984 στοιχείου,
1027 907 1115 959 καὶ
1171 903 1222 959 ἐν
1283 906 1330 958 Θ¹
1379 924 1497 981 κεφ.
1553 905 1651 960 τοῦ
1711 905 1874 961 αὐτοῦ

229 996 498 1070 στοιχείου
556 995 756 1050 κανόνα
811 1003 894 1070 κγ’
920 997 1019 1059 τῆς
1077 993 1123 1048 δ’
1165 991 1414 1062 συνόδου,
1445 993 1534 1048 καὶ
1580 992 1632 1048 έν
1676 999 1756 1066 τῷ
1811 997 1872 1049 ιθ¹

230 1090 458 1161 κερ.τοῦ
506 1092 546 1140 Γ
597 1085 872 1163 στοιχείου
923 1085 1118 1139 κανόνα
1168 1084 1242 1152 ιη’
1277 1089 1377 1152 τῆς
1424 1087 1464 1150 ζ’
1504 1079 1754 1153 συνόδου,
1781 1081 1870 1135 καὶ

229 1174 285 1227 τὸ
336 1176 411 1228 κθ’
455 1195 582 1252 κειρ.
638 1175 735 1230 τοῦ
791 1176 832 1230 Ε
887 1171 1198 1247 στοιχείου·
1253 1169 1329 1226 ἔτι
1397 1167 1454 1226 δὲ
1521 1171 1608 1225 καὶ
1669 1173 1731 1225 τὸ
1790 1169 1871 1245 λγ¹

228 1264 302 1316 καί
362 1264 421 1316 τὸ
483 1267 532 1318 κ’
592 1285 713 1341 κειρ.
759 1268 857 1318 τοῦ
909 1269 948 1317 Κ
1017 1261 1316 1336 στοιχείου,
1375 1261 1464 1315 καὶ
1537 1260 1589 1315 ἐν
1642 1264 1723 1330 τῷ
1783 1257 1870 1333 λβ¹

226 1371 333 1426 κερ.
389 1356 490 1406 τοῦ
572 1352 736 1408 αὐτοῦ
805 1349 1083 1426 στοιχείου
1132 1349 1329 1404 κανόνα
1389 1354 1427 1418 ζ’
1485 1355 1586 1418 τῆς
1652 1345 1694 1402 δ’
1752 1368 1871 1401 συν-

231 1436 362 1498 ὁδου.

287 1531 344 1587 '0
385 1526 444 1584 δὲ
501 1531 572 1606 ιγ’
626 1536 725 1599 τῆς
779 1528 832 1584 ἰν
889 1528 1100 1604 Γάγγρᾳ
1158 1523 1381 1581 συνόδου
1437 1531 1518 1598 τῷ
1573 1525 1868 1598 ἁναθέματι

227 1617 569 1692 παραπέμπει
654 1620 780 1680 τοὺς
853 1619 1012 1672 τέκνα
1085 1612 1338 1692 ἔχοντας,
1422 1615 1511 1670 καὶ
1598 1616 1868 1692 προφάσει

225 1707 490 1778 ἀσκήσεως
563 1713 730 1764 ταῦτα
797 1706 1011 1782 χαίρειν
1078 1705 1302 1777 ἐῶντας,
1353 1707 1443 1760 καὶ
1495 1708 1570 1778 μή
1630 1707 1698 1761 τά
1765 1712 1868 1773 τῆς

226 1793 514 1860 θεοσεϐείας
575 1798 664 1852 καὶ
709 1797 912 1865 λοιπῆς
960 1796 1156 1870 ἄρετῆς
1205 1795 1576 1866 ἑξασκοῦντας,
1627 1795 1763 1869 πρὸς
1812 1792 1870 1847 δὲ

1987 643 2248 699 alterius.
2278 644 2348 698 Et
2376 643 2648 715 episcopo
2673 643 2905 712 quidem
2957 658 3089 696 cum
3126 639 3287 710 plebe
3327 656 3433 693 sua
3467 655 3621 694 com-

1986 732 2279 788 municare
2328 733 2625 804 permittit,
2685 737 2740 787 et
2789 731 3155 787 solummodo
3200 733 3354 784 vetat
3402 743 3473 782 ne
3520 727 3614 782 alii

1984 837 2117 876 cum
2173 821 2297 890 ipso
2350 838 2466 876 una
2522 819 2956 876 communicent
3016 835 3028 871 :
3090 816 3437 872 monachum
3487 831 3620 870 vero

1982 907 2134 963 clero
2164 913 2266 964 aut
2311 911 2650 980 praafectura
2707 909 2968 964 excidere
2999 906 3141 962 vult.
3176 909 3378 972 Quaere
3421 921 3548 975 cap.
3579 905 3616 958 6

1982 996 2182 1052 litterae
2215 1000 2279 1058 A,
2311 1006 2370 1053 et
2400 999 2458 1051 iu
2493 1014 2620 1064 cap.
2665 998 2699 1050 9
2737 997 2996 1068 ejusdem
3034 994 3303 1051 elementi
3337 1007 3620 1049 canonem

1978 1087 2049 1141 23
2078 1087 2285 1157 synodi
2318 1093 2561 1158 quartas,
2591 1091 2647 1141 et
2677 1087 2735 1142 in
2769 1103 2892 1156 cap.
2939 1086 3003 1139 19
3051 1085 3253 1139 litterae
3297 1087 3330 1134 Γ
3384 1098 3512 1138 can.
3550 1082 3614 1136 18

1979 1175 2236 1244 septimae
2276 1176 2498 1247 synodi,
2558 1186 2612 1229 et
2665 1192 2790 1246 cap.
2861 1176 2932 1229 29
2991 1175 3032 1228 E
3079 1174 3301 1228 litteris.
3378 1173 3616 1240 Insuper

1977 1263 2108 1320 vide
2143 1280 2271 1336 cap.
2325 1266 2394 1320 33
2452 1272 2508 1320 et
2535 1266 2606 1318 20
2635 1264 2720 1321 lit.
2754 1264 2819 1335 K,
2869 1269 2926 1319 et
2960 1264 3017 1318 in
3067 1279 3192 1332 cap.
3252 1263 3321 1316 32
3357 1261 3613 1331 ejusdem

1978 1352 2091 1408 litt.
2125 1371 2252 1410 can.
2282 1355 2312 1408 7
2333 1353 2566 1410 concilii
2597 1355 2804 1426 quarti.

2048 1532 2284 1590 Concilii
2334 1533 2690 1606 Gangrensis
2737 1550 2922 1590 canon
2975 1534 3036 1587 13
3093 1547 3192 1587 eos
3243 1529 3612 1586 anathemate

1979 1624 2260 1694 percellit,
2285 1624 2386 1696 qui
2418 1623 2627 1680 liberos
2673 1639 2809 1679 suos
2860 1623 2962 1692 pia)
2994 1619 3416 1677 exercitationis
3465 1635 3611 1689 prae—

1979 1718 2136 1769 textu
2168 1730 2284 1769 non
2315 1721 2538 1780 curant,
2561 1721 2616 1769 et
2643 1713 2700 1768 in
2731 1713 2803 1768 iis
2834 1729 2958 1783 qu
2987 1713 3060 1766 ad
3098 1710 3436 1780 religionem
3478 1707 3611 1761 reli-

1978 1819 2236 1876 quasque
2263 1804 2504 1860 virtutes
2537 1803 2846 1875 pertinent,
2880 1801 3123 1857 minime
3159 1799 3455 1863 erudiunt,
3495 1796 3610 1850 imo

222 1885 297 1940 καὶ
341 1887 406 1940 τὰ
455 1891 542 1958 τῷ
600 1887 706 1960 βίῳ
753 1885 995 1959 αὐτάρκη
1044 1883 1388 1958 πορίζοντας,
1421 1886 1509 1937 οἱα
1540 1883 1664 1957 περὶ
1713 1880 1866 1937 πλεί·

374 1973 471 1994 κ..Λ
632 1976 644 1992 ε
771 1973 819 1994 ’Χ
853 1970 904 1994 ’ρ
1291 1972 1306 1994 1
1426 1993 1433 1994 ,
1521 1972 1564 1994 ,,\,
1623 1971 1645 1988 ν
1681 1993 1724 1994 ην
1766 1992 1801 1994 ,ν

1983 1909 2166 1963 neque
2195 1893 2322 1948 vitae
2353 1893 2677 1951 necessaria
2706 1892 2821 1948 illis
2855 1893 3127 1964 prtebent,
3161 1888 3329 1960 quasi
3373 1883 3611 1941 maximi

1983 1983 2002 1994 .
2630 1991 2639 1994 _
3257 1972 3604 1994 .-.μμ

223 1995 333 2028 στου
370 1973 534 2044 δῆθεν
586 1976 687 2043 τὴν
737 1970 1022 2029 εὐλάϐεια-ι
1072 1972 1436 2045 ποιουμένους
1477 1972 1566 2026 καὶ
1612 1971 1865 2042 ἄσκησιν,

221 2064 295 2116 καὶ
353 2065 428 2136 μὴ
483 2063 609 2135 ἐξὸν
662 2063 937 2136 σωτηρίας
985 2061 1179 2123 αὐτοὺς
1235 2060 1287 2116 έν
1327 2066 1407 2133 τῷ
1457 2059 1650 2133 κόσμῳ
1678 2058 1866 2114 ἐπιτυ-

221 2158 338 2225 χεῖν.
374 2155 524 2224 Φησὶ
564 2153 671 2228 γὰρ
704 2153 731 2208 ὁ
769 2149 932 2226 μέγας
967 2151 1180 2212 Παῦλος
1208 2169 1222 2184 ο
1259 2175 1285 2202 ι(
1318 2151 1389 2206 Ei’
1431 2169 1514 2210 τις
1546 2155 1654 2204 τῶν
1686 2147 1864 2218 ἰδίων,

219 2243 296 2295 καὶ
326 2243 576 2315 μάλιστα
605 2246 714 2296 τῶν
745 2240 964 2295 οἰκείων
993 2240 1054 2294 οὐ
1085 2244 1330 2314 προνοεῖ,
1363 2239 1518 2302 οὗτος
1549 2241 1649 2308 τήν
1683 2241 1865 2294 πίστιν

221 2327 435 2402 ἤρνηται
485 2331 589 2386 καὶ
640 2325 780 2386 ἔστιν
830 2329 1062 2384 ἀπίστου
1105 2328 1326 2403 χείρων.
1364 2352 1392 2379 ››
1445 2329 1540 2384 Καὶ
1591 2329 1716 2402 περὶ
1757 2329 1865 2384 τῶν

219 2426 391 2494 χηρῶν
436 2419 890 2492 διαταττόμενος,
922 2443 948 2470 ‹‹
1004 2419 1047 2473 εἰ
1097 2418 1580 2494 έτεκνοτρόφησαν,
1624 2443 1652 2468 ››
1696 2437 1862 2490 προσ·

217 2511 416 2579 τίθησι’
453 2510 548 2565 καὶ
616 2514 734 2570 ταῖς
794 2507 1242 2585 ἁφηλικεστέραις
1299 2509 1393 2568 τάς
1443 2505 1565 2569 νέας
1600 2508 1864 2583 σωφρονί-

221 2603 310 2665 ζειν
368 2603 689 2676 παρεγγυᾷ,
739 2595 1069 2673 φιλάνδρους
1128 2598 1287 2662 εἶναι,
1335 2593 1723 2673 φιλοτέκνους·
1775 2596 1863 2650 καὶ

218 2683 260 2738 ἐν
300 2685 496 2749 ἄλλοις
549 2693 676 2750 τοῖς
717 2685 950 2761 πατράσι
1013 2685 1228 2763 τρέφειν
1258 2683 1585 2755 ἐπισκήπτει
1617 2686 1682 2739 τὰ
1711 2685 1867 2741 τέκνα

216 2774 259 2827 ἐν
305 2776 527 2848 παιδείᾳ
595 2775 683 2829 καὶ
739 2774 990 2845 νουθεσίᾳ
1065 2774 1295 2848 Κυρίου.
1355 2774 1444 2835 Ὦς
1495 2770 1610 2828 ἔστι
1668 2771 1867 2861 δεινὸν,

217 2864 368 2937 Θῆρας
423 2865 522 2937 μὲν
583 2865 707 2924 τοὺς
759 2863 1049 2939 σφετέρους
1097 2861 1371 2935 σκύμνους
1418 2860 1632 2938 τρέφειν
1671 2882 1730 2916 τε
1776 2860 1866 2919 καὶ

217 2955 495 3023 περιέπειν,
561 2953 657 3006 καὶ
737 2951 905 3028 μέχρι
986 2950 1214 3004 θανάτου
1287 2950 1495 3005 τούτων
1580 2948 1866 3023 προκινδυ-

217 3043 391 3110 νεύειν,
449 3041 784 3115 ἀνθρώπους
870 3037 927 3094 δὲ
1003 3039 1094 3093 καὶ
1170 3041 1270 3107 τὴν
1342 3043 1451 3094 τῶν
1531 3041 1735 3112 θηρίων
1815 3039 1867 3095 ἐν

214 3132 376 3205 τούτῳ
434 3130 802 3205 παρελαύνειν
860 3129 1145 3202 ὠμότητα.
1208 3126 1380 3186 Ἀλλά
1434 3133 1514 3200 τῷ
1564 3127 1674 3199 ἤδη
1736 3132 1866 3184 ἁπο-

215 3223 508 3296 κειραμένῳ
605 3219 703 3274 οὐκ
783 3219 988 3295 ἐφεῖται
1073 3223 1172 3286 τῆς
1245 3221 1354 3270 τῶν
1425 3218 1628 3271 τέκνων
1699 3219 1863 3292 χάριν

220 3309 522 3382 ἐπιμελείας
572 3309 677 3376 τὴν
743 3308 914 3380 μονὴν
987 3305 1096 3378 ἐᾷν,
1154 3307 1246 3361 καὶ
1301 3305 1691 3380 ἐπιχωριάζειν
1748 3311 1865 3369 τοῖς

219 3398 266 3453 ἐν
306 3405 381 3471 τῷ
421 3400 632 3472 κόσμῳ
657 3416 670 3427 ’
716 3396 945 3469 μελήσει
985 3395 1087 3471 γὰρ
1133 3399 1212 3467 τῷ
1251 3399 1389 3467 Θεῷ,
1422 3399 1500 3466 τῷ
1550 3395 1713 3467 πατρῖ
1759 3398 1867 3450 τῶν

223 3492 454 3569 ὀρῳανῶν
531 3491 629 3546 καὶ
697 3493 858 3566 κριτῇ
923 3492 1028 3543 τῶν
1098 3492 1314 3562 χηρῶν,
1372 3489 1461 3544 καὶ
1531 3494 1630 3558 τῆς
1687 3489 1866 3544 τούτω

222 3583 488 3655 προνοίας.

282 3680 334 3728 '0
381 3671 436 3728 δὲ
479 3670 551 3726 ιδ’
602 3673 702 3724 τοῦ
749 3667 1082 3740 ἆναθέματος
1131 3666 1291 3737 ἄξίοῖ,
1341 3667 1430 3721 καὶ
1477 3671 1586 3721 τῶν
1627 3664 1861 3738 παίδων,

227 3761 329 3814 ὅσοι
379 3757 654 3837 προφάσει
682 3763 789 3825 τῆς
821 3755 1128 3824 ἀσκήσεως,
1161 3755 1239 3826 μὴ
1287 3753 1376 3808 δια
1416 3762 1584 3828 τιμῆς
1613 3755 1740 3815 τοὺς
1791 3755 1869 3810 οἰ-

224 3852 386 3910 κείους
443 3847 687 3922 πατέρας
745 3841 961 3918 ἄγουσι,
1021 3841 1162 3915 μηδὲ
1227 3840 1586 3918 γηροϐοσκεῖν
1650 3845 1870 3916 αἱροῦν-

224 3959 297 3991 ται
321 3959 333 3969 ·
367 3937 496 3992 αλλ’
527 3937 913 4008 ἀπρονοήτους
962 3933 1088 3987 ἐῶσι
1139 3932 1364 3993 πιστούς
1411 3953 1469 3986 τε
1499 3932 1678 4000 ὄντας,
1710 3931 1744 4001 ἢ
1778 3933 1867 3987 καὶ

224 4029 486 4089 ἀπίστους.
563 4023 950 4100 Προτιμητέον
1046 4023 1253 4094 μέντοι,
1331 4023 1480 4097 φησί,
1558 4022 1866 4077 παντάπασι

225 4120 310 4184 τὴν
365 4114 668 4182 εὐσέϐειαν,
703 4115 825 4167 ὅταν
894 4115 944 4166 οἱ
1003 4111 1217 4166 ἄπιστοι
1269 4120 1448 4184 γονεῖς
1483 4109 1697 4182 δηλαδὴ
1732 4115 1864 4186 πρὸς

227 4210 309 4274 τήν
366 4207 578 4261 οἰκείαν
637 4198 953 4258 δυσσέϐειαν
1008 4201 1134 4262 τοὺς
1183 4199 1380 4262 παῖδας
1419 4198 1596 4256 ἕλκειν
1636 4207 1863 4277 πειρῶν-

229 4317 321 4354 ται.
351 4301 408 4352 '0
459 4296 519 4350 δὲ
573 4297 661 4360 ιϐ’,
697 4294 762 4349 Εἴ
795 4313 900 4361 τις,
933 4292 1090 4364 φησί,
1141 4296 1248 4346 τῶν
1293 4293 1725 4365 παρθενευὸντων
1774 4289 1864 4361 δῆ-

228 4387 300 4439 θεν
357 4385 446 4440 διὰ
503 4386 601 4439 τὸν
664 4383 862 4454 Κύριον
899 4382 1282 4455 κατεπαίροιτο
1315 4386 1418 4435 τῶν
1447 4381 1867 4455 γεγαμηκότων,

229 4476 452 4548 ἁνάῦεμα
483 4474 652 4529 ἔστω.

711 4652 869 4726 Περὶ
925 4656 1384 4724 μοναζουσῶν.

291 4746 348 4802 Ὀ
401 4743 459 4800 δὲ
509 4746 598 4816 με’
659 4749 759 4811 τῆς
817 4744 860 4805 ς’
914 4739 1142 4795 συνόδου
1199 4739 1404 4795 κωλύει
1461 4742 1556 4802 τὰς
1605 4741 1870 4814 κείρεσθαι

235 4834 533 4902 μελλούσας
584 4836 694 4888 τῶν
741 4831 1034 4905 γυναικών,
1085 4828 1492 4904 λαμπροτέραις
1561 4830 1870 4902 κοσμουμέ·

233 4944 310 4985 νας
382 4923 638 4992 στολαῖς,
695 4923 778 4994 τῷ
855 4922 1224 4995 θυσιαστηρίῳ
1287 4923 1672 4996 προσάγεσθαι,
1717 4919 1872 4992 κάκεῖ

239 5016 321 5083 μέν
374 5017 473 5084 τὴν
538 5012 810 5091 φλυαρίαν
873 5010 1074 5082 ἐκείνην
1139 5008 1504 5086 περιδύεσθαι,
1565 5007 1872 5065 ἐνδιδύσκε-

237 5105 346 5157 «an
377 5102 434 5158 δὲ
461 5103 533 5157 τὰ
560 5106 671 5157 τῶν
704 5104 963 5175 μοναχῶν
996 5096 1191 5178 ἅμφια.
1224 5101 1484 5175 Ταραχήν
1525 5099 1627 5175 γὰρ
1675 5098 1872 5174 ἐπεγεί-

241 5213 308 5266 ρει
326 5192 485 5248 τουτο
515 5197 588 5259 τῆ
620 5196 802 5267 ψυχῇ,
834 5192 909 5253 ὡς
957 5191 1324 5265 ἀποσπωμὲνῃ
1373 5194 1478 5244 τῶν
1524 5195 1620 5244 τοῦ
1661 5191 1870 5264 κόσμου

239 5282 422 5350 ἡδέων.

302 5378 354 5423 Ὸ
411 5371 467 5427 δὲ
530 5375 618 5446 μς’
669 5372 762 5432 τὰς
839 5371 931 5425 τὸν
1002 5370 1295 5440 ἀσκητικὼ
1370 5369 1691 5444 αἱρουμένας
1752 5369 1870 5442 βίον

243 5460 522 5536 ἀπροίτους
580 5462 837 5536 βούλεται
898 5461 1073 5532 μένειν
1130 5459 1179 5513 ἐν
1238 5462 1307 5532 τῇ
1350 5463 1508 5532 μονῇ.
1547 5461 1874 5533 Ἀπαραιτή-

245 5571 329 5602 του
360 5548 414 5604 δὲ
444 5551 635 5628 χρείας
665 5547 1115 5622 τατεπειγούσης,
1152 5551 1264 5620 μετ’
1313 5546 1562 5621 εὐλογίας
1612 5548 1699 5601 καὶ
1752 5548 1872 5602 ἐπι-

248 5647 447 5710 τροπῆς
487 5648 588 5708 τῆς
618 5640 970 5716 προεστώσης
999 5636 1308 5712 ἐξέρχεσθαι
1332 5658 1343 5669 ·
1395 5638 1480 5692 καὶ
1529 5636 1651 5692 τότε
1693 5636 1874 5710 μέντοι

255 5729 323 5798 μὴ
373 5729 560 5800 μόνας,
595 5728 740 5784 ἀλλὰ
786 5733 1366 5803 συμπαρομαρτουσῶν
1412 5727 1597 5788 αὐταῖς
1645 5746 1875 5801 πρεσου-

1978 1982 2221 2038 fecerint
2267 1984 2543 2053 pietatem
2589 1991 2760 2054 atque
2803 1979 3299 2044 exercitationem,
3347 1980 3402 2032 et
3451 1972 3609 2028 haud

1975 2071 2196 2143 possint
2252 2073 2310 2128 in
2353 2072 2563 2128 saeculo
2595 2071 2834 2127 salutem
2905 2068 3199 2140 indipisci.
3280 2065 3430 2121 Dicit
3458 2063 3614 2119 enim

1974 2177 2226 2232 magnus
2276 2161 2538 2218 Paulus:
2603 2185 2624 2210 ι
2679 2162 2739 2217 Si
2797 2160 2925 2232 quis
2984 2174 3241 2225 suorum,
3281 2164 3336 2212 et
3364 2152 3618 2210 maxime

1973 2248 2426 2308 domesticorum
2441 2268 2641 2307 curam
2676 2267 2790 2306 non
2822 2251 3016 2319 habet,
3041 2249 3211 2304 tidem
3233 2246 3343 2301 iste
3361 2240 3611 2315 negavit,

1971 2344 2028 2394 et
2053 2338 2273 2395 inﬁdeli
2296 2342 2457 2413 pejor
2494 2347 2599 2398 est.
2634 2363 2663 2390 ι)
2706 2342 2856 2396 Tum
2888 2340 2959 2394 de
3009 2337 3200 2394 viduis
3250 2332 3608 2408 praecipiens,

1973 2449 2004 2479 «
2034 2427 2351 2496 Siliberos,
2399 2433 2620 2502 adjicit,
2667 2432 3088 2495 educaverunt;
3131 2451 3160 2478 ››
3193 2429 3604 2492 matronasque

1965 2516 2418 2588 jubetjuniores
2475 2521 2800 2585 instituere,
2846 2520 2917 2574 ad
2963 2517 3204 2573 maritos
3270 2515 3602 2582 liberosque

1972 2623 2109 2662 suos
2183 2608 2531 2678 diligendos;
2593 2617 2764 2681 atque
2821 2608 2960 2664 alibi
3020 2612 3212 2679 patres
3261 2605 3602 2661 adhortatur

1975 2696 2126 2752 ﬁlios
2149 2715 2286 2753 suos
2317 2700 2377 2754 in
2399 2699 2705 2772 disciplina
2735 2703 2791 2754 et
2822 2698 2910 2769 pia
2941 2695 3336 2752 admonitione
3375 2691 3605 2749 Domini

1974 2786 2240 2844 educare.
2291 2789 2477 2853 Quam
2522 2789 2669 2845 mira
2707 2805 2798 2844 res
2855 2792 2946 2844 est
2995 2789 3142 2842 feras
3209 2801 3346 2841 suos
3393 2783 3618 2838 catulos

1974 2875 2150 2946 alere,
2203 2877 2408 2946 fovere,
2469 2888 2523 2935 et
2587 2879 2659 2935 ad
2730 2883 2975 2935 mortem
3036 2892 3220 2949 usque
3277 2873 3618 2938 defendere;

1975 2963 2240 3022 homines
2270 2983 2402 3022 vero
2435 2968 2584 3024 feras
2616 2969 2776 3040 ipsas
2827 2969 2934 3024 hac
2965 2984 3073 3023 sua
3115 2965 3331 3021 feritate
3368 2963 3617 3018 vincere.

1975 3052 2441 3126 Haudquaquam
2473 3061 2665 3113 tamen
2696 3058 2831 3114 inde
2879 3057 3118 3112 detonso
3153 3068 3496 3111 concessum
3529 3054 3618 3106 est

1976 3143 2286 3200 liberorum
2338 3147 2728 3203 curandorum
2787 3163 2966 3204 causa
3014 3144 3378 3201 mansionem
3443 3157 3609 3199 suam

1977 3233 2260 3301 deserere,
2311 3240 2366 3290 et
2419 3252 2552 3290 cum
2620 3235 2998 3292 saecularibus
3059 3233 3420 3299 conversari;
3498 3231 3615 3287 Deo

1896 3293 1940 3359 C
1978 3324 2134 3378 enim
2165 3293 2319 3381 cura:
2343 3326 2473 3393 erit,
2506 3327 2603 3396 qui
2639 3334 2798 3396 pater
2818 3331 2904 3380 est
2931 3325 3326 3396 orphanorum
3357 3293 3418 3380 et
3439 3321 3616 3393 judex

1972 3413 2304 3482 viduarum,
2329 3414 2577 3471 istorum
2617 3415 2904 3471 educatio.

2044 3685 2325 3741 Cmterum
2358 3702 2544 3742 canon
2580 3686 2642 3741 14
2675 3687 2932 3756 ejusdem
2965 3684 3170 3754 synodi
3223 3685 3434 3740 liberos
3472 3699 3613 3737 ana-

1973 3772 2230 3828 themate
2256 3775 2573 3843 condignos
2607 3779 2829 3840 censet,
2859 3778 3146 3845 quotquot
3185 3770 3614 3828 exercitationis

1974 3868 2247 3933 prastextu
2285 3869 2553 3933 parentes
2593 3881 2733 3920 suos
2763 3865 2978 3920 honore
3012 3881 3125 3920 non
3162 3865 3614 3934 prosequuntur,

1973 3952 2231 4023 nequein
2257 3959 2551 4008 senectute
2575 3954 2723 4009 alere
2748 3955 2945 4010 volunt
2971 3955 3317 4025 ;sed|inopes
3342 3953 3500 4024 ipsos
3525 3951 3619 4004 de-

1974 4047 2194 4110 serunt,
2215 4043 2334 4096 sint
2367 4042 2564 4098 {Meles
2595 4045 3086 4100 sintvcinlideles.
3118 4043 3394 4098 Pietatem
3425 4050 3618 4097 tamen

1973 4147 2110 4201 erga
2125 4133 2300 4187 Deum
2317 4133 2554 4187 omnino
2579 4133 3065 4203 praeferendam,si
3081 4132 3310 4204 quando
3328 4137 3614 4202 parentes,

1973 4221 2239 4276 inﬁdeles
2279 4221 2521 4289 scilicet,
2556 4224 2625 4278 ad
2669 4241 2836 4279 suam
2870 4223 3271 4278 inﬁdelitatem
3306 4223 3453 4279 ﬁlios
3488 4237 3617 4291 per—

1973 4311 2203 4366 trahere
2233 4320 2534 4367 conentur.
2572 4313 2746 4368 Porro
2777 4318 2968 4369 autem
3022 4314 3086 4366 19
3116 4329 3320 4368 canon.
3353 4312 3412 4366 Si
3460 4311 3613 4381 quis,

1974 4400 2076 4466 ait,
2133 4417 2334 4456 eorum
2394 4401 2491 4471 qui
2554 4408 2786 4473 propter
2843 4402 3152 4457 Dominum
3219 4401 3613 4473 virginitatem

1976 4493 2229 4557 servant,
2263 4489 2546 4546 adversus
2597 4491 2939 4561 eonjugatos
2994 4506 3114 4546 sese
3169 4489 3424 4556 extollat,
3474 4504 3617 4543 ana-

1982 4577 2182 4632 thema
2211 4582 2358 4634 esto.

2599 4669 2672 4722 De
2701 4668 3053 4724 monialibus.

2053 4755 2270 4826 Synodi
2294 4756 2527 4826 quidem
2551 4762 2723 4812 sexta
2741 4773 2927 4813 canon
2952 4758 3020 4816 45
3034 4761 3210 4824 vetat,
3237 4772 3308 4811 ne
3325 4754 3622 4820 mulieres,

1982 4848 2293 4914 antequam
2326 4847 2694 4916 tondeantur,
2727 4847 3048 4918 splendidis
3089 4846 3344 4902 vestibus
3401 4851 3617 4899 ornatae

1981 4933 2052 4988 ad
2092 4931 2272 4988 altare
2295 4934 2596 5001 sistantur,
2632 4935 2826 5006 ibique
2848 4935 3242 5007 superﬂuitate
3290 4934 3402 4989 ista
3448 4934 3617 5005 depo-

1980 5022 2094 5077 sita
2123 5021 2467 5078 indumenta
2517 5024 2878 5080 monachalia
2917 5029 3242 5081 assumant.
3294 5023 3411 5079 Hoc
3459 5025 3614 5080 enim

1981 5111 2188 5166 turbas
2228 5111 2286 5166 in
2334 5111 2529 5168 animo
2588 5113 2716 5181 ciet,
2772 5119 3052 5186 tanquam
3108 5131 3143 5169 a
3198 5112 3419 5169 deliciis
3442 5113 3618 5184 hujus

1983 5201 2187 5255 mundi
2222 5217 2370 5272 agre
2402 5202 2620 5258 avulso.

2057 5381 2192 5436 Dein
2222 5399 2404 5439 canon
2435 5387 2504 5439 46
2535 5386 2778 5441 feminas
2809 5403 2935 5458 qua:
2977 5387 3151 5442 vitam
3198 5386 3419 5458 eligunt
3463 5404 3617 5441 asce-

1982 5471 2158 5526 ticam
2174 5471 2233 5526 in
2251 5477 2598 5530 monasterio
2617 5477 2928 5530 mansitare
2946 5476 3134 5544 jubet,
3160 5491 3342 5546 neque
3358 5493 3617 5547 unquam

1983 5555 2118 5612 inde
2148 5559 2321 5614 exire.
2355 5561 2414 5615 Si
2447 5578 2558 5630 qua
2605 5566 2797 5615 tamen
2844 5566 3042 5634 urgeat
3072 5564 3387 5618 necessitas
3437 5562 3623 5618 inevi-

1984 5645 2199 5715 tabilis,
2225 5665 2354 5704 cum
2389 5650 2790 5706 benedictione
2816 5666 2879 5704 ac
2903 5653 3281 5722 permissione
3312 5651 3617 5708 abbatissa}

1983 5737 2178 5806 egredi
2217 5744 2313 5793 :et
2343 5750 2460 5796 tum
2501 5739 2733 5810 quidem
2766 5757 2880 5798 non
2910 5759 3012 5813 per
3041 5760 3102 5798 se
3154 5741 3324 5809 solas,
3357 5744 3456 5799 sed
3487 5758 3619 5798 cum
