4098 6332
410 421 483 480 δι
1599 377 1602 380 ’
1682 404 2069 471 murem
2112 406 2544 473 BLASTARIS

3727 412 3808 473 52

413 556 577 609 astate
615 548 1023 624 grandioribus
1071 549 1174 603 aut
1222 542 1528 619 praecipuis
1569 540 2087 614 monialium,qui,

2204 541 2354 613 ίδων,
2385 543 2422 613 ἢ
2479 543 2546 599 τὰ
2591 548 2782 617 πρῶτα
2826 550 2934 600 τῶν
2984 544 3039 600 ἐν
3083 550 3153 619 τῇ
3205 549 3343 619 μονῇ
3381 549 3681 622 φερουσῶν,
3713 544 3805 599 καὶ

412 644 482 698 de
512 642 657 712 ipsis
677 639 1106 711 respondeant;
1143 634 1389 691 maxime
1418 649 1553 690 vero
1584 633 1633 689 si
1656 632 1845 689 adhuc
1891 636 2061 689 tene-

415 747 491 791 ra
549 729 736 786 aetatis
790 727 1023 794 fuerint,
1084 726 1186 797 qui
1250 723 1437 780 oculis
1504 722 1757 779 incautis
1814 721 2059 793 laqueus

414 819 655 891 quidem
687 822 774 874 est
803 816 960 872 haud
995 815 1163 869 facile
1196 812 1652 884 praetereundus.
1702 811 1849 868 Nam
1899 810 2060 866 hisce

414 910 533 966 illis
584 915 783 981 prater
829 907 1095 961 innatam
1153 902 1336 959 animi
1384 901 1619 958 feminei
1668 901 2060 957 lubricitatem

416 997 670 1055 multum
701 997 771 1052 ad
798 995 1141 1066 pravitatem
1167 991 1394 1047 confert
1432 991 1560 1061 ipsa
1601 991 1901 1060 juventus.
1951 990 2056 1044 Sed

417 1103 523 1144 nec
580 1086 869 1142 ullatenus
912 1088 1075 1139 extra
1130 1080 1550 1136 monasterium
1599 1082 1932 1152 pernoctare
1978 1077 2062 1134 eis

418 1176 794 1250 permissum.
846 1171 1148 1229 Monachis
1196 1186 1353 1237 vero,
1402 1173 1645 1240 urgente
1698 1168 2062 1236 necessitate,

418 1283 553 1323 cum
602 1263 1006 1322 benedictione
1077 1258 1329 1331 praefecti
1404 1259 1579 1315 etiam
1652 1275 1753 1330 per
1806 1275 1871 1314 se
1922 1257 2064 1314 solis

419 1355 616 1428 egredi
648 1354 815 1420 licet;
849 1353 991 1424 quin
1030 1350 1150 1406 imo
1185 1349 1482 1404 interdum
1509 1351 1565 1404 et
1593 1352 1755 1404 extra
1804 1348 2065 1404 mansio-

421 1462 554 1503 nem
585 1448 942 1518 pernoctare.
968 1442 1099 1497 Haec
1129 1442 1324 1495 autem
1355 1438 1424 1493 de
1453 1437 1687 1493 feminil
1722 1438 1879 1493 dicta
1924 1441 2067 1509 puta

418 1535 492 1591 ob
521 1538 754 1589 aetatem
788 1535 1050 1587 teneram
1081 1526 1393 1597 suspectis,
1424 1542 1539 1580 non
1572 1526 1644 1580 de
1684 1525 1777 1585 iis,
1815 1542 2065 1596 quarum

422 1622 583 1680 nulla
624 1625 714 1677 est
760 1619 849 1677 vel
897 1619 972 1673 ob
1015 1620 1244 1672 aetatem
1289 1614 1380 1670 vel
1411 1614 1755 1684 probitatem
1788 1615 2063 1684 suspicio.

496 1713 649 1768 I92
700 1708 967 1779 Praecipit
1022 1709 1216 1762 autem
1294 1702 1527 1760 concilii
1596 1704 2069 1775 Carthaginensis

422 1817 602 1860 canon
637 1801 708 1855 44
737 1813 935 1855 sacras
963 1794 1221 1867 virgines
1251 1812 1284 1848 a
1315 1794 1656 1864 parentibus
1684 1796 2004 1865 separatas,
2034 1809 2069 1848 a

2171 631 2428 706 μάλιστα,
2470 634 2517 688 εἲ
2566 633 2684 689 νέαν
2730 633 2955 710 ἄγουσιν
3006 634 3204 691 ἐκεῖναι
3237 637 3350 705 ,τήν
3395 632 3640 705 ἡλικίαν,
3680 633 3807 702 ἥτις

2166 722 2257 776 καὶ
2306 722 2641 802 ἀφυλάκτοις
2688 718 3000 799 ὀφθαλμοῖς
3052 725 3219 802 παγίς
3249 724 3387 779 ἐστιν
3420 723 3528 798 οὐχ
3562 718 3808 797 ὑπερϐῆ-

2165 830 2254 869 ναι
2303 811 2461 888 ῥᾳδία
2487 833 2500 847 ’
2543 814 2633 868 καὶ
2683 812 2873 874 αὐταῖς
2923 814 3165 884 ταύταις,
3195 816 3330 888 πρὸς
3361 818 3440 885 τῷ
3478 814 3633 890 φύσει
3681 810 3808 868 ὀλι-

2170 905 2354 977 σθηρῷ
2401 906 2498 958 τοῦ
2541 903 2847 979 γυναικείου
2904 906 3281 979 φρονήματος,
3317 904 3454 980 μέγα
3509 899 3671 977 μέρος
3729 903 3807 964 είς

2168 993 2356 1048 κακίαν
2400 993 2491 1047 καὶ
2529 995 2564 1061 ἡ
2603 993 2791 1063 νεότης
2832 988 3229 1065 συμϐἅλλεται.
3261 991 3420 1048 Ἀλλ’
3448 990 3574 1047 οὐδὲ
3618 992 3812 1055 νυκτὸς

2170 1076 2271 1152 ἔξω
2323 1087 2498 1156 μεῖναι
2545 1088 2642 1151 τῆς
2694 1084 2864 1154 μονῆς
2902 1088 3181 1158 συγχωρεῖ
3224 1082 3287 1138 τὸ
3330 1082 3600 1156 παράπαν.
3639 1079 3709 1137 O'i
3749 1101 3813 1156 γε

2175 1174 2284 1246 μὴν
2340 1173 2575 1251 μοναχοὶ
2629 1174 2815 1248 χρείας
2873 1172 3324 1247 κατεπειγούσης,
3377 1175 3493 1245 μετ⁹
3551 1170 3809 1245 εὐλογίας

2171 1266 2267 1318 τοῦ
2314 1261 2648 1337 ἡγουμένου,
2677 1263 2765 1316 καὶ
2815 1263 2933 1316 καθ’
2982 1263 3202 1326 ἑαυτοὺς
3252 1264 3495 1336 προϊέναι
3556 1260 3656 1315 οὐκ
3693 1259 3811 1334 εἴρ-

2172 1373 2383 1429 γονται,
2433 1352 2655 1426 προσέτι
2702 1351 2792 1406 καὶ
2839 1358 2940 1421 τῆς
2993 1358 3167 1423 μονῆς
3214 1350 3365 1412 ἐκτὸς
3413 1349 3554 1405 ἔστιν
3594 1351 3654 1404 οὗ
3693 1347 3811 1404 δια-

2172 1446 2536 1515 νυκτερεῦσαι.
2593 1444 2767 1496 Ταῦτα
2823 1438 2880 1495 δὲ
2936 1439 3148 1515 εἷ’ρηται
3213 1441 3336 1515 περὶ
3386 1445 3501 1495 τῶν
3555 1440 3823 1495 ὑπόπτων

2174 1529 2266 1586 διὰ
2318 1531 2417 1598 τὴν
2474 1531 2704 1600 νεότητα
2752 1534 3040 1604 γυναικῶν,
3073 1529 3134 1584 οὐ
3188 1531 3294 1602 μὴν
3346 1527 3665 1585 ἄνυπόπτων
3725 1526 3819 1582 διὰ

2175 1627 2246 1698 γῆ
2258 1639 2353 1694 ρας
2384 1621 2470 1674 καὶ
2504 1620 2723 1694 ἀρετήν.

2245 1712 2307 1767 Ὀ
2355 1706 2413 1763 δὲ
2459 1712 2559 1774 τῆς
2598 1707 2650 1764 ἐν
2700 1709 3010 1785 Καρθαγένῃ
3049 1706 3137 1782 μδ¹
3169 1710 3262 1771 τὰς
3310 1709 3455 1783 ἱερὰς
3494 1707 3821 1777 ἐπισκήπτει

2173 1800 2495 1873 παρθένους,
2545 1802 2653 1852 τῶν
2711 1799 2956 1874 πατέρων
3036 1797 3436 1873 χωριζομένας,
3490 1798 3576 1873 ὑφ’
3632 1797 3706 1850 ὧν
3764 1795 3824 1850 ἐν

425 1890 639 1963 quibus
683 1885 1129 1959 diligentissime
1178 1883 1581 1949 servabantur,
1630 1883 1906 1954 episcopi,
1954 1882 2065 1943 vel,

2201 1886 2444 1965 ισιραλείᾳ
2491 1885 2836 1962 διετηροῦντο
2881 1891 2950 1961 τῇ
2993 1891 3090 1942 τοῦ
3149 1887 3449 1943 ἐπισκόπου
3505 1885 3735 1960 προνοίᾳ
3784 1888 3822 1957 ἧ

425 1982 525 2037 illo
553 1979 811 2047 absente,
837 1974 1153 2047 presbyteri
1177 1972 1530 2046 providentia
1549 1971 2069 2029 venerabilioribus

426 2067 663 2126 feminis
675 2064 1120 2123 cohabitationis
1133 2062 1323 2135 gratia
1351 2061 1765 2129 commendari,
1780 2066 1878 2116 aut
1897 2065 2071 2117 etiam

398 2177 403 2183 ν
422 2158 688 2230 juniores
718 2153 895 2212 simul
928 2153 1189 2210 habitare
1225 2168 1240 2207 :
1281 2151 1425 2207 adeo
1477 2154 1537 2206 ut
1588 2150 1765 2206 simul
1804 2149 2072 2218 viventes,

429 2248 652 2320 seipsas
674 2246 916 2302 invicem
944 2243 1253 2299 observent
1294 2241 1574 2297 continuo
1614 2256 1680 2295 ac
1729 2240 2075 2308 custodiant,

430 2352 617 2408 neque
672 2334 788 2390 huc
843 2331 1103 2403 illucque
1175 2330 1510 2401 devagando
1596 2329 2078 2387 existimationem

432 2443 498 2484 ac
529 2426 899 2482 honestatem
930 2419 1200 2478 Ecclesiae
1231 2419 1462 2475 laedant.
1480 2418 1900 2476 Verumtamen
1925 2420 2076 2490 apud

436 2532 541 2573 nos
563 2515 688 2585 jam
719 2510 967 2569 exolevit
996 2508 1599 2582 promiscuavirorum
1619 2509 2082 2580 feminarumque

342 2630 345 2633 ν
431 2605 732 2677 juniorum
794 2600 1099 2669 habitatio,
1159 2597 1428 2670 quamvis
1476 2598 1666 2654 adhuc
1722 2598 1783 2654 in
1829 2598 2084 2655 Ecclesia

439 2696 648 2752 Latina
677 2695 960 2749 servetur.

508 2783 770 2842 Posthac
816 2797 1006 2838 canon
1075 2780 1179 2835 126
1229 2778 1520 2850 episcopo,
1569 2782 1627 2834 et
1667 2779 1904 2849 quidem
1952 2778 2082 2845 soli,

443 2889 661 2932 munus
718 2869 1035 2928 committit
1091 2867 1348 2939 virgines
1385 2867 1637 2937 velandi,
1689 2867 1839 2923 haud
1887 2872 2082 2925 tamen

440 2968 543 3020 ent
569 2959 849 3017 25mtatis
890 2974 1138 3027 annum,
1179 2957 1287 3012 nisi
1317 2956 1465 3012 forte
1505 2961 1708 3029 urgeat
1746 2958 2083 3016 necessitas.

440 3054 797 3124 Abrogatum
826 3052 1023 3105 autem
1052 3052 1145 3103 est
1173 3046 1362 3102 isthoc
1384 3045 1539 3101 dicto
1568 3063 1789 3104 canone
1835 3050 1907 3104 40
1942 3064 2087 3105 con-

442 3141 562 3198 cilii
592 3138 898 3209 sexti,quo
947 3135 1281 3193 decernitur
1338 3134 1510 3192 etiam
1558 3136 1759 3193 decem
1796 3154 2084 3194 annorum

444 3245 655 3303 pueros
684 3225 1021 3298 puellasque
1052 3225 1373 3282 detonderi.

514 3315 889 3373 Anathemati
939 3318 1134 3371 autem
1183 3312 1385 3370 subdit
1443 3313 1674 3370 concilii
1735 3315 2088 3387 Gangrensis
2119 3298 2162 3365 (ἶ

447 3423 634 3465 canon
681 3405 748 3460 15
795 3402 1070 3459 mulieres
1132 3400 1288 3470 illas,
1347 3418 1471 3473 quea
1514 3410 1747 3474 prepter
1793 3405 2087 3476 pietatem,

448 3510 624 3566 quam
642 3496 874 3565 putant,
893 3507 1122 3547 comam
1139 3492 1692 3562 tondent,quatenus
1709 3492 2091 3564 subjectionis

449 3586 780 3660 symbolum
804 3584 1127 3641 dissolvent
1151 3600 1164 3651 ;
1198 3584 1684 3655 quemadmodum
1707 3585 1921 3642 alicubi
1951 3588 2095 3643 dicit

448 3675 758 3749 Apostolus
790 3693 805 3731 :
849 3696 873 3726 ι
907 3674 1208 3730 Mulierem
1256 3678 1484 3745 oportet
1507 3679 1850 3745 potestatem
1883 3677 2094 3734 habere

451 3781 630 3838 super
657 3767 849 3837 caput,
882 3763 1115 3835 signum
1143 3761 1364 3818 scilicet
1392 3762 1770 3833 subjectionis
1801 3782 1919 3821 suae
1960 3783 2094 3839 erga

451 3854 664 3922 virum,
687 3870 790 3910 seu
812 3852 1021 3908 crines.
1046 3872 1075 3901 »
1107 3852 1175 3906 Et
1204 3867 1411 3907 rursus
1440 3869 1459 3905 :
1496 3873 1525 3902 ‹‹
1546 3853 1605 3908 Si
1653 3853 1883 3909 mulieri
1928 3861 2096 3927 turpe

445 3945 524 4001 sit
561 3943 789 4000 tonderi
820 3942 911 3999 vel
935 3942 1082 4010 radi,
1114 3941 1355 3998 veletur.
1376 3963 1405 3991 »
1437 3941 1505 3997 Et
1537 3959 1550 3996 :
1594 3965 1622 3992 ‹‹
1658 3942 1889 4012 Mulier,
1925 3946 1973 4000 ei
2005 3962 2097 4002 οο.

448 4049 607 4089 mam
639 4032 777 4099 alat,
807 4031 993 4103 gloria
1030 4030 1146 4102 ipsi
1182 4038 1269 4086 est
1300 4049 1314 4098 ;
1344 4045 1515 4087 coma
1542 4032 1700 4087 enim
1737 4032 1791 4088 ei
1843 4035 1981 4089 data
2009 4039 2097 4090 est

453 4141 564 4196 pro
609 4122 975 4179 velamine.»
1033 4121 1152 4176 [mo
1201 4128 1407 4176 natura
1463 4122 1607 4176 adeo
1668 4124 1828 4179 novit
1869 4140 2094 4180 comam

456 4211 804 4270 mulieribus
831 4210 1176 4283 peculiarius
1206 4215 1554 4281 competere,
1581 4217 1648 4267 ut
1683 4228 1983 4285 nunquam
2013 4215 2097 4270 eis

456 4301 750 4359 calvitium
808 4301 973 4356 ferat.
1007 4299 1202 4357 Nihilo
1252 4305 1449 4355 tamen
1512 4300 1700 4355 secius
1736 4301 1944 4358 mulier
1973 4319 2101 4375 quae

459 4394 637 4449 vitam
695 4391 1076 4448 monasticam
1124 4391 1319 4462 elegit,
1360 4392 1535 4446 etiam
1583 4390 1816 4448 nolente
1873 4395 2100 4465 merito,

457 4482 822 4539 tondebitur.

744 4590 818 4645 De
845 4586 1130 4645 monachis
1149 4604 1214 4644 ac
1241 4585 1580 4644 monialibus
1612 4588 1799 4661 lapsis.
1878 4600 1893 4607 “

536 4754 734 4811 Canon
818 4750 1166 4822 Gangrenais
1240 4750 1471 4807 concilii
1522 4767 1766 4808 numero
1823 4753 1888 4808 19
1959 4754 2112 4812 viros

463 4843 851 4913 feminasque,
903 4840 1002 4913 qui
1064 4839 1458 4911 virginitatem
1518 4841 1780 4911 professi,
1842 4844 2112 4914 quamvis

465 4933 617 4991 stola
635 4931 781 4990 laica
803 4930 995 4987 adhuc
1042 4929 1232 4985 induti
1286 4929 1523 4997 fuerint,
1556 4930 1771 4987 nedum
1821 4932 1974 4987 inter
2015 4931 2113 4989 in-

466 5022 661 5081 clusos
691 5020 997 5086 relati,aut
1017 5017 1218 5074 habitu
1250 5019 1571 5074 monastico
1602 5020 1887 5088 amicti,si
1914 5026 2112 5078 votum

470 5109 885 5168 suumirritum
912 5109 1171 5174 fecerint,
1192 5111 1251 5163 et
1269 5106 1340 5162 ad
1363 5108 1600 5177 nuptias
1615 5107 1913 5180 legitimas
1950 5112 2115 5167 defle-

470 5200 683 5263 xerint,
716 5197 1082 5270 digamorum
1123 5196 1468 5265 definitioni,
1508 5196 1629 5253 sive
1679 5215 1859 5269 poenae
1901 5198 2114 5271 subjici

473 5290 751 5346 decernit.

548 5378 791 5451 Magnus
841 5377 1013 5433 etiam
1080 5375 1327 5432 Basilius
1377 5392 1597 5432 canone
1635 5380 1816 5444 sexto,
1869 5377 2115 5434 Canoni-

475 5485 702 5536 corum,
761 5467 864 5537 ait,
919 5466 1350 5533 fornicationes,
1406 5481 1611 5537 nempe
1657 5464 2001 5521 clericorum
2059 5469 2117 5521 et

480 5556 897 5617 monachorum
930 5561 986 5611 et
1014 5571 1215 5612 earum
1247 5572 1373 5627 quae
1394 5571 1462 5611 ex
1492 5554 1741 5609 femineo
1772 5569 1909 5609 sexu
1952 5570 2114 5609 exer-

391 5661 394 5664 ’
477 5647 741 5707 citationi
774 5663 835 5703 se
856 5646 1095 5714 dedunt,
1122 5661 1225 5717 pro
1258 5644 1633 5700 matrimonio
1666 5642 1906 5699 minime
1957 5659 2121 5714 repu-

479 5739 588 5799 tari
617 5738 997 5811 oportet.Non
1022 5735 1180 5793 enim
1211 5734 1271 5791 id
1293 5733 1449 5805 apud
1481 5748 1587 5789 nos
1618 5732 1926 5794 obtinebit,
1962 5733 2113 5804 quod

2177 1982 2275 2036 τοῦ
2331 1972 2719 2051 πρεσϐυτέρου,
2752 1974 3046 2051 ἂποδήμου
3097 1974 3249 2039 ὄντος
3293 1977 3522 2047 ἐκείνου,
3568 1981 3687 2038 ταῖς
3734 1997 3823 2030 τι.

2184 2071 2479 2145 μιωτέραις
2559 2068 2765 2144 γυναιξὶ
2848 2069 3232 2143 παρατίθεσθαι
3309 2066 3385 2129 εἷς
3468 2066 3780 2138 συνοίκησιν

2181 2162 2217 2231 ἢ
2243 2158 2415 2219 πάσας
2462 2159 2557 2220 τὰς
2603 2157 2864 2232 νεωτέρας
2905 2159 3046 2231 ὁμοῦ
3102 2163 3366 2213 συνοικεῖν
3392 2176 3405 2190 ⁸
3435 2158 3528 2212 ’ίνα
3584 2161 3826 2226 συζῶσαι

2184 2245 2450 2317 διηνεκῶς
2489 2242 2667 2324 ἔχοιεν
2700 2244 2953 2317 ἀλλήλας
2985 2248 3111 2321 ὁρᾷν
3144 2247 3234 2302 καὶ
3275 2245 3570 2322 διατηρεῖν,
3600 2248 3687 2302 καὶ
3745 2248 3830 2318 μὴ

2182 2336 2315 2412 τῇδε
2369 2338 2585 2392 κάκεῖσε
2640 2340 2944 2410 περιιοῦσαι
3018 2339 3118 2407 τήν
3190 2338 3468 2411 ὑπόληψιν
3531 2333 3834 2411 βλάπτοιεν

2185 2428 2275 2483 καὶ
2320 2427 2614 2499 εὐκοσμίαν
2662 2432 2762 2496 τῆς
2806 2424 3160 2497 Ἐκκλησίας.
3194 2426 3352 2483 Ἀλλ’
3381 2427 3415 2496 ἡ
3471 2431 3580 2482 τῶν
3635 2425 3854 2481 νεωτέ-

2188 2537 2295 2592 ρων
2341 2513 2547 2590 ἀνδρῶν
2595 2537 2654 2571 τε
2707 2516 2797 2571 καὶ
2853 2520 3124 2591 γυναικῶν
3154 2512 3336 2593 ἐφ’ένὶ
3395 2514 3701 2585 συνοίκησις
3742 2512 3834 2569 οἷ’-

2186 2626 2288 2678 κῳ,
2327 2606 2454 2679 παρ’
2496 2607 2631 2676 ἡμῖν
2676 2605 2773 2677 μὶν
2816 2603 2869 2659 ἐν
2917 2608 2996 2675 τῷ
3036 2603 3172 2667 τέως
3220 2602 3523 2677 ἣμέληται,
3568 2604 3716 2679 παρὰ
3778 2599 3842 2657 δὲ

2185 2700 2301 2757 τοῖς
2333 2696 2590 2758 Λατίνοις
2632 2693 2795 2750 εἲσέτι
2828 2692 3175 2773 φυλάττεται.

2258 2788 2320 2843 Ὀ
2353 2783 2409 2840 δὲ
2440 2786 2552 2861 ρκς¹
2578 2785 2658 2856 τῷ
2697 2784 2976 2857 έπισκόπφ
3021 2784 3111 2838 καὶ
3167 2785 3316 2857 μόνῳ
3361 2783 3456 2846 τὰς
3502 2785 3664 2858 κόρας
3723 2804 3824 2856 με-

2187 2876 2617 2950 τασχηματίζειν
2691 2873 2999 2943 ἀνατίθησι,
3055 2872 3202 2943 πλὴν
3277 2874 3353 2946 μὴ
3433 2873 3539 2945 πρὸ
3597 2876 3705 2926 τῶν
3761 2893 3825 2927 κε

2193 2966 2346 3035 ἐτῶν,
2406 2965 2453 3020 εἰ
2509 2965 2694 3037 μήπου
2768 2961 2838 3017 δι’
2894 2962 3154 3038 ἀνάγκην.
3212 2967 3380 3018 Τοῦτο
3452 2959 3511 3017 δὲ
3566 2961 3838 3035 ἀνῄρηται

2190 3056 2338 3130 παρὰ
2403 3057 2499 3109 τοῦ
2575 3052 2864 3127 εἰρημένου
2932 3053 2985 3125 μ’
3032 3053 3253 3113 κανόνος
3316 3058 3416 3121 τῆς
3493 3052 3537 3116 ς’
3585 3048 3837 3120 συνόδου,

2193 3144 2459 3203 δεκαετεῖς
2534 3140 2910 3217 διοριζομένου
2994 3141 3371 3216 ἀποκείρεσθαι
3445 3142 3535 3196 καὶ
3608 3139 3837 3216 ἄρῥενας

2197 3231 2289 3287 καὶ
2319 3229 2562 3301 θηλείας.

2271 3325 2328 3376 '0
2361 3317 2418 3374 δὲ
2478 3320 2540 3373 ιε’
2579 3324 2679 3388 τῆς
2730 3317 2782 3373 ἐν
2832 3318 3041 3393 Γάγγρᾳ
3086 3315 3318 3373 συνόδου
3364 3317 3462 3381 τὰς
3500 3316 3589 3373 διὰ
3615 3323 3842 3392 νομιζο-

2192 3408 2367 3484 ³μένην
2427 3403 2729 3463 θεοσέϐειαν
2786 3407 3217 3480 ἀποκειραμένας
3274 3411 3382 3462 τῶν
3411 3410 3678 3480 γυναικῶν
3711 3406 3846 3461 ὑπο-

2195 3499 2396 3558 ϐάλλει
2428 3498 2507 3573 τῷ
2536 3500 2848 3571 ἀναθέματι,
2881 3499 2995 3554 ἀνθ’
3036 3499 3107 3553 ὧν
3139 3497 3479 3572 παραλύουσι
3524 3500 3586 3553 τὸ
3633 3493 3846 3571 σύμϐο-

2202 3594 2297 3647 λον
2329 3598 2428 3659 τῆς
2479 3589 2785 3663 ὑποταγῆς’
2822 3587 2896 3652 ὥς
2935 3591 3042 3644 πού
3102 3610 3264 3667 φησιν
3302 3590 3330 3643 ὁ
3362 3588 3725 3657 Ἀπόστολος,
3758 3586 3845 3643 ὅτι

2203 3706 2231 3734 ‹‹
2262 3678 2496 3758 Ὀφείλει
2525 3681 2561 3748 ἡ
2592 3680 2723 3754 γυνὴ
2756 3677 2993 3752 ἐξουσίαν
3034 3672 3181 3753 ἔχειν
3221 3676 3309 3732 ἐπὶ
3351 3685 3451 3747 τῆς
3482 3677 3751 3757 κεφαλῆς,
3782 3680 3846 3733 τὸ

2203 3775 2430 3842 σημεῖον
2462 3765 2680 3839 δηλαδὴ
2719 3774 2818 3836 τῆς
2861 3769 2996 3843 πρὸς
3034 3767 3125 3822 τὸν
3175 3764 3338 3842 ἄνδρα
3388 3768 3685 3840 ὑποταγῆς,
3720 3765 3847 3836 ἤτοι

2201 3862 2295 3922 τὰς
2325 3859 2548 3934 τρίχας’
2575 3886 2597 3912 ι
2635 3857 2725 3912 καὶ
2755 3855 2909 3920 αὖθις
2930 3876 2943 3888 ·
2982 3878 3007 3910 α
3042 3855 3104 3912 Ei
3134 3856 3363 3931 αἰσχρὸν
3404 3856 3617 3931 γυναικὶ
3643 3857 3705 3911 τὸ
3735 3856 3849 3911 κεί-

2207 3950 2394 4023 ρασθαι
2452 3947 2486 4015 ἢ
2545 3946 2821 4017 ξυρᾶσθαι,
2868 3942 3262 3999 καλυπτέσθω·
3308 3946 3436 4000 καί·
3493 3967 3519 3998 α
3566 3945 3706 4012 Γυνὴ
3758 3944 3847 3999 ἐάν

2203 4044 2372 4110 κομᾷ,
2422 4036 2548 4107 δόξα
2598 4036 2734 4111 αὐτῇ
2787 4035 2952 4106 ἐστιν,
3004 4035 3090 4093 ὅτι
3147 4039 3182 4105 ἡ
3240 4037 3388 4110 κόμη
3450 4036 3565 4092 ἀντὶ
3623 4030 3851 4109 περιϐο-

2206 4129 2364 4185 λαίου
2423 4124 2637 4182 δέδοται
2713 4125 2872 4200 αὐτῇ.
2936 4149 2964 4176 ››
3024 4125 3122 4180 Καὶ
3170 4127 3203 4194 ἠ
3265 4130 3424 4198 φύσις
3485 4126 3586 4198 γὰρ
3645 4124 3849 4178 οἰκεῖον

2208 4216 2381 4274 εἰδυῖα
2431 4218 2531 4285 τὴν
2604 4217 2786 4289 κόμην
2855 4222 2973 4276 ταῖς
3032 4215 3291 4288 γυναιξῖν,
3351 4212 3477 4270 οὐδὲ
3549 4213 3852 4292 φαλάκρω-

2213 4304 2287 4378 μα
2338 4305 2559 4366 ταύταις
2624 4301 2928 4378 ἐργάζεται.
2992 4307 3054 4358 Ἦ
3124 4303 3309 4375 μέντοι
3371 4298 3662 4374 μοναδικὴν
3723 4299 3851 4355 ἑλο-

2214 4395 2346 4468 μένη
2404 4392 2707 4461 πολιτείαν,
2761 4391 2853 4447 καὶ
2918 4391 3142 4454 ἄκοντος
3216 4395 3314 4446 τοῦ
3386 4387 3597 4465 ἀνδρὸς,
3644 4391 3852 4445 ἀποκα-

2212 4486 2455 4558 ρήσεται.

2296 4587 2452 4663 Περὶ
2496 4594 2805 4662 μοναχῶν
2848 4585 3136 4663 ἀρῥένων
3177 4587 3283 4642 καὶ
3325 4585 3615 4656 θηλειῶν
3656 4585 3764 4640 έκ-

2790 4672 2797 4677 ’
2828 4661 3229 4715 πιπτόντων.

2290 4753 2348 4804 '0
2405 4746 2461 4803 δὲ
2514 4748 2577 4802 ιθ¹
2606 4754 2705 4818 τῆς
2752 4746 2805 4802 ἐν
2835 4748 3072 4825 Ἀγκύρᾳ
3120 4745 3347 4802 συνόδου
3392 4747 3519 4810 τοὺς
3566 4747 3858 4821 παρθενίαν

2215 4838 2713 4913 ἐπαγγειλαμένους
2795 4834 2992 4912 ἄνδρας
3069 4857 3126 4892 τε
3180 4838 3269 4892 καὶ
3326 4842 3608 4913 γυναῖκας,
3659 4835 3859 4905 λαϊκήν

2216 4928 2538 5003 ἀμπεχόνην
2597 4922 2675 4982 ἔτι
2740 4926 3173 5002 περικειμένους,
3211 4929 3288 4999 μή
3346 4927 3528 4999 μέντοι
3587 4927 3854 5003 ἀποταξα-

2223 5016 2410 5089 μένους
2470 5016 2558 5070 καὶ
2621 5016 2920 5090 μοναχικὸν
2981 5014 3428 5091 ἐπανῃρημένους
3474 5012 3695 5089 ἔνδυμα,
3724 5004 3859 5070 τοῖό-

2218 5128 2364 5176 τους,
2404 5106 2501 5174 τήν
2557 5103 2883 5181 ἐπαγγελίαν
2927 5105 3288 5176 ήθετηκότας,
3340 5105 3429 5158 καὶ
3484 5105 3619 5179 πρὸς
3678 5105 3858 5179 γάμον

2220 5192 2566 5257 ἒκκλίναντας
2594 5194 2854 5266 νόμιμον,
2886 5197 2965 5265 τῷ
2992 5198 3103 5247 τῶν
3145 5191 3392 5270 διγάμων
3440 5195 3555 5267 ὅρῳ
3599 5193 3690 5248 καὶ
3739 5191 3855 5246 ἐπι.

2220 5281 2393 5355 τιμίῳ
2424 5277 2829 5338 ὑποϐάλλεσθαι
2860 5279 3175 5356 διορίζεται.

2292 5374 2346 5427 Ὀ
2385 5369 2443 5426 δὲ
2504 5370 2664 5446 μέγας
2722 5370 3026 5443 Βασίλειος,
3057 5370 3108 5427 έν
3164 5375 3241 5442 τῷ
3288 5378 3331 5435 ς’
3359 5372 3562 5439 κανόνι,
3594 5372 3697 5431 Τάς
3748 5375 3855 5425 τῶν

2221 5464 2512 5516 κανονικῶν
2588 5460 2863 5537 πορνείας,
2930 5459 3087 5536 φησὶ,
3152 5458 3435 5534 κληρικῶν
3497 5456 3711 5529 δηλαδή
3768 5458 3859 5513 καὶ

2227 5550 2625 5625 μοναχῶν,καὶ
2680 5554 2787 5603 τῶν
2847 5548 3188 5623 ἀσκουμένων
3246 5556 3343 5605 τοῦ
3400 5550 3598 5620 θήλεος
3655 5548 3855 5621 γένους,

2220 5639 2295 5699 εἰς
2344 5638 2521 5712 γάμον
2570 5636 2632 5690 οὐ
2678 5638 2789 5711 χρή
2839 5639 3309 5713 καταλογίζεσθαι.
3343 5640 3416 5694 Οὐ
3447 5639 3547 5714 γὰρ
3578 5637 3713 5691 κατά
3767 5639 3859 5691 τὸν

2219 5724 2446 5806 λέγοντα
2503 5726 2790 5785 πολιτικὸν
2838 5730 2927 5786 καὶ
2978 5729 3059 5806 ἐφ’
3087 5730 3253 5805 ἥμῖνλ
3274 5730 3418 5787 ἔσται
3459 5732 3651 5803 νόμον,
3685 5729 3767 5783 δτι
3825 5730 3855 5781 ὁ
