4098 6332
228 393 299 452 53
1241 395 1394 455 SYN
1405 393 1674 454 TAGMA
1720 397 1880 457 ALP.

1997 397 2355 462 BETIGUM.
2404 432 2479 441 —
2523 399 2602 458 Μ.
3550 397 3628 460 54

233 529 361 602 πρὸς
393 527 674 602 ἐλευτέραν
729 527 1017 596 εἰσελθὼν,
1062 530 1139 602 μὴ
1187 528 1566 600 ποιησαμένην
1615 529 1784 602 πόρον
1817 527 1876 583 is.

1997 532 2044 588 in
2071 532 2204 602 jure
2233 531 2388 588 civili
2416 531 2700 588 habetur:
2733 509 2839 598 Qui
2883 533 2955 588 ad
2996 531 3236 588 liberam
3283 531 3628 605 ingreditur,

230 624 325 674 τοῦ
356 617 498 675 ἰδίου
528 621 816 693 σώματος,
851 620 916 676 οὐ
947 617 1260 688 παλλακὴν,
1292 616 1439 674 ἀλλά
1465 620 1704 692 γαμετὴν
1728 614 1876 693 ἔχειν

229 707 396 767 δοκεῖ.
434 708 611 768 Ἀλλὰ
658 710 823 766 παντὶ
852 711 1041 784 τρόπῳ
1089 708 1319 780 διασπᾷν
1371 706 1544 765 αὐτῶν
1590 711 1689 779 τήν
1719 711 1877 764 συνά-

230 820 399 872 φειαν,
473 801 518 854 εἰ
583 802 672 855 καὶ
756 801 1033 875 αἱροῦνται
1109 805 1211 867 τῆς
1284 794 1486 868 ἡδονῆς
1561 797 1876 866 ἀπολαύειν,

225 885 415 957 ἐπειδή
474 909 537 962 γε
590 892 691 957 τῆς
753 894 925 961 τιμῆς
979 887 1378 943 ἐκπεπτώκασι.
1422 891 1590 941 Τοῦτο
1639 887 1738 962 γὰρ
1787 886 1876 941 καὶ

223 981 292 1049 τῇ
359 977 664 1050 Ἐκκλησία
722 977 1030 1050 λυσιτελὲς,
1086 975 1541 1050 ἀνακοπτομένων
1606 977 1696 1031 καὶ
1767 981 1874 1031 τῶν

222 1065 438 1120 λοιπῶν
498 1069 573 1140 μή
629 1071 858 1123 τοιαῦτα
935 1065 1168 1140 τολμᾷν,
1228 1068 1314 1121 καὶ
1392 1071 1509 1128 τοῖς
1587 1067 1880 1138 αἱρετικοῖς

219 1157 346 1210 καθ’
391 1158 554 1228 ἡμῶν
597 1156 660 1212 οὐ
710 1154 872 1211 δώσει
923 1151 1118 1226 λαϐἡν,
1151 1156 1226 1218 ὡς
1277 1153 1366 1209 διὰ
1411 1155 1510 1223 τήν
1556 1158 1653 1209 τοῦ
1695 1155 1877 1227 ἀμαρ-

217 1245 401 1299 τάνειν
481 1243 665 1303 ἄδειαν
742 1246 1139 1318 ἐπισπωμένων
1224 1245 1360 1316 πρὸς
1445 1244 1665 1306 ἑαυτοὺς
1748 1245 1876 1305 τοὺς

221 1334 272 1405 ἐξ
354 1334 542 1407 ἑτέρας
628 1337 938 1410 θρησκείας,
1019 1335 1275 1412 ἐφιέντων
1358 1333 1542 1396 αὐτοῖς
1627 1333 1874 1407 ἐμμένειν

221 1428 287 1496 τῇ
350 1426 616 1499 ἁμαρτίᾳ,
674 1425 766 1481 καὶ
817 1427 943 1487 τοὺς
1007 1427 1278 1500 ἀθέσμους
1337 1425 1550 1500 γάμους
1628 1426 1704 1496 μὴ
1761 1445 1874 1479 κω·

224 1513 495 1569 λυόντων.

291 1606 381 1658 Ἐν
441 1601 500 1657 δὲ
554 1609 636 1676 τῷ
691 1605 781 1674 ιη’,
845 1603 908 1660 Ei
963 1603 1052 1659 καὶ
1111 1606 1165 1658 οἱ
1221 1604 1274 1658 ἐν
1335 1603 1566 1679 ’Δγκύρᾳ
1623 1602 1874 1677 Πατέρες,

219 1693 377 1764 φησί,
457 1692 554 1755 τὰς
628 1693 1038 1756 ἐκπεπτωκυίας
1112 1695 1246 1767 μετὰ
1322 1695 1382 1749 τὸ
1454 1692 1877 1768 ἐπαγγείλασθαι

217 1781 590 1854 παρθενεύειν,
619 1784 756 1838 κατα
797 1784 929 1844 τοὺς
980 1781 1244 1858 διγάμους
1293 1781 1645 1856 ἐπιτιμᾶσθτι
1689 1780 1878 1855 κεκρί-

213 1892 398 1941 nan,
454 1870 585 1926 ἀλλ’
642 1871 759 1927 ἐπεί
817 1873 902 1927 τοί
959 1893 1018 1946 γε
1071 1873 1138 1927 τά
1182 1879 1282 1941 τῆς
1328 1872 1684 1943 Ἐκκλησίας,
1743 1875 1877 1928 Θεοῦ
1913 1903 1958 1966 Β

214 1962 428 2033 χάριτι,
481 1959 831 2031 ἐπιδέδωκεν,
880 1965 969 2017 οἷα
1023 1959 1358 2036 μοιχαλίδας
1415 1959 1624 2016 δίκαιον
1680 1959 1879 2022 ταύτας

219 2049 578 2119 κολάζεσθαι,
606 2050 666 2105 ἐκ
707 2048 982 2124 διαφόρων
1032 2050 1496 2126 ἐπιχειρημάτων
1540 2051 1630 2104 τὸν
1682 2049 1882 2109 οἰκεῖον

219 2141 639 2208 κατασκευάζων
684 2140 879 2217 λόγον.
933 2142 1172 2204 Ἐκείνας
1231 2139 1296 2197 δέ
1351 2162 1550 2220 φαμεν,
1593 2142 1669 2207 αἳ,
1701 2143 1794 2195 τὸν
1847 2162 1893 2204 ις

217 2231 246 2299 ἢ
289 2236 364 2298 ιζ’
393 2232 600 2305 χρόνον
629 2227 977 2302 ἂμείϐουσαι,
1009 2233 1110 2300 τήν
1158 2231 1395 2308 ἀγαμίαν
1424 2231 1682 2292 ἑκουσίως
1728 2232 1882 2304 ὼμο·⁵

211 2318 508 2394 λογτςκασι,
569 2320 758 2375 πολλά
811 2322 1021 2396 χαίρειν

213 2410 317 2478 μὴν
357 2408 424 2470 ’άς
461 2409 834 2484 προσάγουσιν
865 2411 918 2464 οἱ
966 2417 1166 2486 γονεῖς,
1197 2409 1232 2479 ἢ
1265 2411 1352 2464 καὶ
1400 2411 1451 2464 οἱ
1497 2407 1686 2472 ἄλλως
1718 2430 1882 2484 προσ-

212 2502 468 2566 ήκοντες,
529 2497 792 2570 βιωτικόν
844 2519 895 2552 τι
951 2497 1188 2554 ἐντεῦθεν
1253 2497 1432 2576 σφίσιν
1492 2497 1678 2561 αὐτοῖς
1736 2496 1882 2552 διοι-

210 2586 498 2659 κούμενοι,
563 2587 638 2658 μή
700 2587 1055 2662 εὐποροῦντες
1115 2588 1284 2661 τυχὸν
1345 2589 1446 2654 τήν
1509 2587 1641 2662 ὑπὲρ
1702 2585 1876 2642 αὑτῶν

206 2675 468 2730 ἀποτίσαι
521 2680 747 2751 προῖκα.
803 2675 1006 2739 Ταύτας
1078 2674 1146 2746 δὴ
1216 2679 1313 2737 τὰς
1388 2678 1464 2749 μή
1544 2676 1878 2752 ὁρμηθείσας

206 2763 440 2834 οἴκοθεν,
497 2765 562 2818 οὐ
614 2763 696 2819 δεῖ
751 2762 951 2838 ῥᾳδίως
999 2762 1418 2840 προσδέχεσθαι,
1465 2762 1568 2829 ἕως
1615 2764 1674 2820 ἃν
1721 2786 1872 2842 φανε-

210 2859 310 2927 ρῶς
345 2857 458 2923 τὴν
495 2850 635 2907 ἰδίαν
664 2855 845 2909 αὐτῶν
878 2853 1259 2927 ἐρευνήσωμεν
1288 2857 1539 2928 γνώμην.
1595 2854 1754 2912 Ἀλλ’
1784 2857 1876 2927 ἐπὶ

207 2949 309 2998 τῶν
376 2947 746 3016 μοναζουσῶν
797 2943 887 2997 καί
947 2943 1292 3015 ἀσκουμένων
1348 2949 1509 2998 τοῦτο
1571 2945 1667 2998 οὐκ
1718 2944 1875 3000 εἶ’ωθε

209 3031 458 3103 γίνεσθαι
496 3048 511 3061 ⁸
546 3029 645 3091 κᾶν
672 3030 777 3104 γὰρ
808 3029 861 3084 ἐν
914 3030 1099 3099 ἥττονι
1129 3035 1228 3096 τῆς
1275 3031 1580 3105 ὁρισθείσης
1627 3036 1707 3103 τῷ
1737 3032 1878 3106 ἁγίῳ

207 3121 289 3174 καὶ
321 3119 525 3192 ἁπαλῇ
579 3121 715 3173 πάνυ
867 3119 1058 3190 ἡλικία
1096 3122 1195 3189 τήν
1245 3122 1515 3191 κοσμικὴν
1567 3121 1874 3179 ἀπόθωνται

205 3211 395 3284 τρίχα,
449 3204 648 3282 βεϐαία
696 3206 843 3264 ἔσται
891 3209 978 3264 καὶ
1031 3208 1108 3274 εἷς
1147 3209 1208 3263 τὸ
1258 3211 1378 3280 ἑξῆς
1425 3208 1602 3265 αὐτῶν
1647 3213 1682 3280 ἠ
1728 3211 1867 3284 ὁμο-

209 3297 395 3374 λογία.

276 3482 364 3536 Ἑν
404 3476 470 3533 δὲ
519 3483 599 3549 τῷ
651 3479 738 3548 ιθ’,
790 3475 1030 3552 Ἀνδρῶν
1081 3477 1158 3547 δὲ,
1193 3478 1380 3555 φησὶν,
1433 3477 1738 3554 ὁμολογίαν
1781 3479 1880 3539 οὐκ

207 3569 477 3645 ἔγνωμεν,
506 3568 659 3638 πλὴν
709 3568 754 3622 εἰ
793 3570 868 3642 μή
901 3590 1044 3632 τινες
1099 3571 1326 3631 ἑαυτοὺς
1376 3574 1456 3641 τῷ
1485 3569 1720 3645 τάγματι
1769 3576 1877 3632 τῶν

213 3659 566 3730 μοναζὸντων
622 3656 1129 3732 ἐγκατηρίθμησαν,
1184 3658 1383 3720 θ’ίτινες
1437 3660 1572 3714 κατὰ
1629 3661 1691 3714 τὸ
1751 3681 1882 3715 σιω-

212 3753 469 3822 πώμενον
519 3747 741 3804 δοκοῦσι
793 3751 893 3817 τὴν
945 3748 1185 3826 ἀγαμίαν
1234 3748 1662 3828 παραδέχεσθαι.
1708 3751 1883 3807 Ἀλλᾶ

213 3841 295 3894 καὶ
350 3838 598 3898 τούτους
653 3838 958 3912 ἐρωτᾶσθαι
1017 3846 1284 3912 προσῆκε,
1336 3842 1425 3892 καί
1483 3845 1729 3916 φανερῶς
1780 3843 1880 3909 τήν

213 3927 452 4000 ἀγαμίαν
503 3924 828 3998 ὁμολογεῖν,
871 3923 983 3991 ἵνα,
1036 3924 1127 3980 ἐάν
1177 3926 1480 3999 ψεύσωνται
1529 3930 1629 3996 τὴν
1683 3930 1885 4000 ὁμολο-

216 4018 344 4090 γέαν,
375 4018 462 4075 ὡς
512 4015 864 4088 πορνεύοντες
915 4015 1336 4087 ἐπιτιμηθὼσιν.
1374 4017 1545 4071 Ἀλλά
1594 4039 1656 4091 γε
1701 4019 1790 4072 καί
1831 4023 1882 4074 oi

221 4107 292 4174 μή
323 4106 658 4173 ποιήσαντες
704 4105 948 4179 μοναχοὶ
995 4105 1255 4175 τοιαύτην
1305 4107 1636 4182 ὁμολογίαν,
1684 4107 1882 4182 ῥακεν-

220 4191 365 4248 δύται
424 4193 598 4264 μόνον
647 4196 954 4268 γεγονότες,
1004 4196 1475 4271 μεταμφιάσασθαι
1526 4197 1614 4250 καὶ
1665 4197 1743 4259 εἰς
1785 4199 1884 4272 γάς

223 4305 316 4354 μον
348 4284 538 4339 ἐλθεῖν
563 4283 626 4337 ού
655 4280 919 4341 δύνανται.

289 4376 375 4429 Ἐν
440 4369 504 4424 δὲ
557 4376 637 4441 τῷ
795 4373 897 4441 τὴν
952 4373 1239 4447 παρθενίαν
1301 4375 1743 4448 ὁμολογήσασαν,
1792 4379 1880 4432 καί

222 4462 566 4532 ἀθετήσασαν
624 4461 726 4530 τὴν
787 4460 1150 4538 ἐπαγγελίαν,
1207 4465 1297 4518 τὸν
1359 4466 1558 4538 χρόνον
1624 4470 1722 4519 τοῦ
1796 4465 1886 4528 ἐπὶ

223 4559 317 4620 τῆς
375 4551 644 4624 μοιχείας
709 4553 1108 4625 ἁμαρτήματος
1183 4552 1492 4623 ἐκπληροῦν
1567 4556 1730 4624 ἀξιοῖ,
1790 4551 1882 4624 ἔτη

1140 2320 1387 2376 εἰποῦσαι
1439 2322 1518 2392 τῷ
1576 2321 1739 2396 γάμῳ
1771 2337 1784 2350 ·
1861 2341 1889 2374 o

1987 637 2115 691 quas
2145 620 2401 691 corporis
2430 621 2522 676 sui
2554 625 2842 692 quaestum
2884 637 2997 678 non
3043 622 3196 689 fecit,
3229 623 3376 678 haud
3409 638 3627 678 concu-

1987 709 2184 764 binam
2232 710 2358 777 iste,
2411 711 2511 765 sed
2564 727 2800 766 uxorem
2861 711 3073 768 habere
3119 711 3366 768 videtur.
3419 713 3627 768 Verum

1985 799 2322 855 omnimodo
2345 801 2536 870 potius
2557 801 2828 856 dirimere
2849 801 3111 872 ipsorum
3134 801 3626 872 conjunctionem,

1987 889 2214 944 etiamsi
2239 888 2420 944 velint
2439 889 2734 960 voluptate
2763 889 2876 945 ista
2920 890 3051 960 frui,
3099 891 3373 962 quoniam
3426 889 3629 946 honori

1986 994 2093 1033 suo
2142 978 2496 1035 exciderunt.
2547 978 2678 1049 [Hoc
2726 979 2881 1035 enim
2925 980 3192 1036 Ecclesia:
3245 979 3384 1036 utile
3431 980 3625 1047 fuerit,

1985 1067 2126 1122 dum
2174 1067 2360 1122 caeteri
2401 1084 2473 1123 ne
2520 1067 2654 1122 talia
2697 1069 2968 1135 audeant,
3026 1069 3131 1124 hoc
3180 1076 3348 1139 pacto
3396 1069 3628 1124 inhibe-

1987 1159 2182 1221 antur,
2215 1172 2401 1226 neque
2420 1157 2654 1212 dabitur
2684 1155 2966 1213 baareticis
3003 1161 3302 1213 adversum
3336 1175 3441 1214 nos
3462 1175 3628 1225 ansa,

1987 1245 2154 1316 quasi
2185 1262 2287 1316 per
2317 1246 2612 1301 licentiam
2646 1247 2922 1318 peccandi
2954 1248 3188 1303 alterius
3231 1254 3398 1304 sectis
3429 1247 3629 1302 homi-

1987 1349 2090 1389 nes
2133 1335 2204 1389 ad
2254 1339 2482 1390 nosmet
2521 1336 2905 1403 traheremus,
2959 1338 3340 1408 permittendo
3391 1337 3626 1408 quidem

1984 1422 2139 1494 ipsos
2168 1423 2226 1479 in
2249 1423 2474 1481 delictis
2505 1442 2889 1497 perseverare,
2942 1431 2999 1483 et
3044 1427 3336 1499 legitimas
3390 1430 3628 1499 nuptias

1985 1513 2228 1570 minime
2252 1507 2628 1586 prohibendo.

2059 1604 2304 1673 Insuper
2361 1604 2419 1658 in
2488 1621 2706 1680 canone
2769 1606 2855 1675 18,
2913 1606 3180 1672 Quamvis
3246 1607 3460 1674 Patres,
3525 1607 3626 1671 ait,

1985 1693 2271 1763 Ancyrani
2302 1693 2554 1765 virgines
2578 1699 2703 1764 post
2724 1699 2921 1750 votum
2955 1696 3239 1752 castitatis
3270 1695 3463 1768 lapsas
3497 1713 3630 1752 cum

1985 1781 2240 1852 digamis
2262 1782 2434 1852 juxta
2463 1784 2793 1854 puniendas
2824 1786 3214 1853 decreverint;
3256 1787 3392 1856 quia
3439 1791 3631 1842 tamen

1987 1870 2085 1926 Dei
2117 1871 2301 1940 gratia
2324 1873 2446 1941 jam
2483 1874 2662 1928 crevit
2696 1872 2969 1942 Ecclesia,
3018 1874 3193 1931 hasce
3237 1875 3632 1931 adulterarum

1999 1960 2186 2031 pmnis
2236 1961 2445 2033 subjici
2502 1979 2735 2034 (equum
2797 1963 2991 2034 ibique
3057 1964 3230 2021 variis
3277 1965 3637 2035 argumentis

1997 2048 2149 2105 hanc
2168 2051 2511 2106 sententiam
2543 2068 2708 2107 suam
2739 2053 3064 2108 confirmat.
3100 2054 3210 2109 Eas
3240 2057 3433 2109 autem
3477 2053 3639 2109 intel-

1995 2133 2255 2205 ligimus,
2285 2152 2415 2208 quas
2453 2152 2587 2192 cum
2620 2139 2908 2193 decimum
2934 2144 3158 2195 sextum
3191 2143 3290 2195 aut
3320 2139 3637 2212 septimum

1996 2225 2186 2280 astatis
2228 2242 2449 2282 annum
2501 2231 2936 2300 transegerunt,
2981 2229 3352 2284 matrimonio
3397 2245 3636 2300 prorsus

1993 2313 2394 2370 renuntiantes
2422 2321 2627 2388 sponte
2656 2333 2759 2372 sua
2787 2317 3112 2373 castitatem
3155 2319 3427 2390 professas
3458 2323 3630 2374 sunt:

1994 2419 2109 2458 non
2156 2419 2288 2460 vero
2331 2405 2496 2475 istas,
2546 2423 2695 2477 quas
2748 2411 3014 2478 parentes
3075 2407 3165 2463 vel
3223 2408 3428 2464 affines
3490 2424 3637 2464 one-

1990 2499 2147 2561 runt,
2169 2494 2444 2550 smeulare
2472 2495 2769 2568 quidpiam
2801 2495 3008 2551 exinde
3037 2497 3274 2552 sibimet
3312 2513 3628 2569 procuran-

1991 2586 2104 2649 tes,
2136 2600 2268 2640 cum
2303 2585 2411 2655 ipsi
2447 2586 2594 2641 forte
2627 2603 2741 2643 non
2772 2586 3021 2643 habeant
3051 2589 3204 2644 198
3237 2589 3390 2644 unde
3422 2606 3523 2661 pro
3559 2591 3630 2647 iis

1991 2673 2287 2729 elocandis
2343 2675 2535 2730 dotem
2607 2677 2959 2748 persolvant.
3029 2677 3211 2733 Hasce
3263 2677 3459 2749 igitur,
3505 2695 3633 2750 quas
3699 2701 3704 2707 ι

1990 2764 2148 2817 motu
2180 2763 2412 2835 proprio
2443 2780 2558 2819 non
2605 2765 2891 2833 feruntur,
2924 2765 3088 2821 facile
3127 2765 3432 2822 admittere
3475 2765 3631 2823 haud

1989 2850 2172 2910 decet.
2206 2853 2388 2907 donec
2420 2859 2614 2924 aperte
2651 2854 2938 2925 prepriam
2986 2853 3246 2924 ipsarum
3277 2857 3628 2912 sententiam

1989 2942 2332 3007 perscrutati
2363 2941 2664 2998 fuerimus.
2697 2943 2774 2998 De
2807 2942 3158 2999 monialibus
3197 2947 3392 2999 tamen
3430 2949 3487 3000 et
3515 2945 3629 3000 vir-

1987 3027 2242 3100 ginibus,
2272 3047 2396 3101 qua!
2425 3031 2735 3089 asceticam
2788 3033 2966 3089 vitam
3016 3033 3379 3102 profitentur,
3412 3035 3469 3089 id
3512 3051 3627 3091 non

1986 3119 2225 3174 obtinet.
2281 3122 2551 3188 Quamvis
2597 3122 2752 3177 enim
2801 3122 2860 3177 in
2925 3123 3137 3178 minori
3193 3123 3385 3180 adhuc
3454 3139 3625 3195 quam

1987 3209 2339 3265 sanctusille
2379 3210 2466 3265 vir
2501 3210 2846 3278 definivit,et
2864 3213 3178 3268 admodum
3210 3212 3424 3270 tenella
3465 3217 3628 3269 tate

1894 3279 1946 3343 (ἶ
1977 3296 2198 3352 crinem
2230 3299 2564 3356 saecularem
2596 3300 2987 3372 deposuerint,
3025 3302 3083 3357 in
3117 3305 3416 3373 posterum
3445 3317 3628 3374 usque

1989 3384 2158 3441 ﬁrma
2180 3387 2289 3441 erit
2317 3387 2576 3458 ipsarum
2608 3388 2906 3460 professio.

2060 3474 2291 3530 Canone
2330 3481 2522 3532 autem
2565 3479 2650 3545 19,
2712 3479 2997 3546 Virorum,
3055 3478 3266 3550 inquit,
3308 3480 3626 3552 professio-

1989 3578 2121 3619 nem
2179 3580 2296 3619 non
2354 3567 2643 3634 novimus,
2695 3567 2807 3624 nisi
2866 3576 3153 3639 quatenus
3207 3569 3626 3626 monachorum

1990 3651 2178 3708 ordini
2201 3659 2384 3710 semet
2405 3661 2817 3724 annumerant,
2834 3658 2930 3728 qui
2954 3658 3191 3727 quidem
3213 3659 3386 3713 tacite
3430 3659 3629 3713 viden-

1991 3752 2082 3798 tur
2129 3745 2456 3801 ccelibalum
2522 3747 2830 3817 suscipere.
2893 3749 3000 3801 Sed
3071 3752 3269 3803 tamen
3340 3751 3397 3804 et
3460 3748 3630 3803 hosce

1991 3836 2373 3905 interrogatos
2403 3842 2623 3905 oportet
2653 3840 2850 3907 aperte
2872 3837 3205 3892 cmlibatum
3239 3838 3513 3906 profiteri,
3545 3842 3627 3905 ut,

1991 3923 2040 3978 si
2072 3926 2306 3994 quando
2336 3926 2750 3995 professionem
2784 3927 2978 3980 datam
3015 3925 3238 3995 fallant,
3273 3931 3336 3981 ut
3379 3926 3633 3982 fornica-

1993 4014 2170 4068 tionis
2203 4016 2280 4068 rei
2308 4013 2643 4084 puniantur.
2667 4019 2783 4070 lmo
2808 4031 2931 4070 vers
2959 4016 3251 4082 monachi,
3279 4016 3398 4086 qui,
3423 4018 3632 4087 pannis

1991 4107 2218 4158 tantum
2240 4103 2446 4169 induti,
2471 4104 2642 4158 talem
2666 4105 3078 4174 professionem
3097 4107 3354 4160 nondum
3375 4107 3633 4163 fecerint.

1995 4210 2182 4263 neque
2214 4199 2440 4249 mutare
2464 4194 2728 4249 habitum
2761 4199 3023 4264 possunt,
3059 4212 3246 4266 neque
3279 4197 3349 4251 ad
3401 4198 3634 4267 nuptias

1995 4285 2322 4353 procedere.

2066 4372 2128 4427 In
2154 4374 2367 4429 ϐονθτο
2381 4391 2506 4428 can.
2523 4391 2649 4430 eam
2663 4391 2793 4445 quae
2810 4374 3202 4446 virginitatem
3224 4375 3485 4446 professa
3524 4379 3633 4444 est,

1993 4467 2050 4516 et
2083 4480 2115 4516 a
2154 4463 2539 4534 promissione
2571 4463 2755 4535 lapsa,
2793 4464 3064 4519 adulterii
3104 4464 3368 4519 criminis
3406 4468 3637 4534 tempus

1995 4552 2313 4624 adimplere
2343 4570 2572 4624 aequum
2623 4570 2751 4608 esse
2803 4559 3015 4620 censet,
3057 4570 3238 4608 annos
3291 4552 3507 4609 scilicet
3547 4553 3632 4609 15.

229 4638 444 4710 δηλαδὴ
497 4641 574 4693 ιε’.
619 4640 694 4694 Τὸ
725 4640 855 4695 αὐτὸ
902 4643 991 4696 καὶ
1036 4641 1125 4696 ἐπὶ
1169 4647 1276 4698 τῶν
1326 4645 1692 4715 μοναζόντων,
1727 4643 1880 4720 φησὶ,

1997 4641 2149 4696 idem
2181 4641 2350 4696 etiam
2375 4642 2432 4696 in
2465 4642 2536 4698 iis
2567 4643 2664 4714 qui
2709 4642 3092 4698 monasticam
3152 4643 3326 4698 vitam
3387 4643 3628 4714 professi

227 4734 485 4806 γινέσθω.

297 4819 481 4875 Ἀλλά
530 4817 622 4873 καὶ
656 4821 684 4873 ὁ
735 4820 876 4894 ἱερὸς
908 4821 1296 4896 Χρυσόστομος
1344 4823 1395 4878 ἐν
1444 4826 1512 4898 τῇ
1565 4823 1701 4896 πρὸς
1750 4823 1885 4878 Θεό-

234 4907 404 4985 δωρον
566 4909 861 4983 ἐπιστολῇ,
909 4913 1005 4966 Τὸν
1055 4913 1158 4989 γάρ
1215 4915 1294 4986 τῷ
1341 4912 1668 4988 ἐπουρανίῳ,
1727 4915 1884 4990 φησὶ,

236 5000 567 5078 συναφθέντα
615 5000 856 5076 νυμφίῳ,
886 5005 1080 5056 τοῦτον
1135 5002 1232 5074 μὲν
1286 5004 1517 5079 ἀφεῖναι,
1565 5003 1781 5077 γυναικί
1829 5000 1884 5058 δὲ

236 5090 418 5145 ἑαυτὸν
472 5090 725 5163 συνάψαι,
781 5089 1034 5165 μοιχείας
1085 5091 1196 5146 ἐστί
1249 5099 1496 5166 πρᾶγμα,
1544 5090 1639 5146 κᾶν
1695 5093 1885 5166 μυριά-

237 5200 314 5240 κις
344 5179 511 5234 αὐτὸν
545 5181 609 5232 σὺ
639 5179 819 5253 γάμον
869 5178 1044 5251 καλῇς
1079 5199 1091 5211 '
1149 5180 1361 5252 μᾶλλον
1405 5180 1461 5235 δὲ
1507 5183 1594 5234 καὶ
1631 5183 1882 5254 μοιχείας

238 5271 395 5322 τοῦτο
420 5269 838 5344 χαλεπώτερον,
865 5268 978 5338 ὅσῳ
1021 5270 1277 5342 κρείττων
1328 5272 1630 5344 ἀνθρώπων
1657 5273 1685 5324 ὁ
1732 5273 1879 5331 Θεὸς.

245 5355 302 5409 Εἰ
349 5357 453 5428 γάρ
502 5358 538 5424 ἡ
603 5358 739 5431 γυνή
784 5359 884 5410 τοῦ
936 5352 1072 5410 ἰδίου
1123 5357 1375 5428 σώματος
1421 5356 1519 5411 οὐκ
1567 5357 1882 5429 ἐξουσιάζει,

246 5440 364 5497 ἀλλ’
393 5445 421 5496 ὁ
454 5445 610 5516 άνῆρ,
642 5443 839 5516 πολλῷ
887 5441 1100 5516 μᾶλλον
1140 5446 1191 5498 o't
1222 5446 1272 5500 ἐν
1317 5450 1532 5518 Χριστῷ
1563 5451 1756 5515 ζῶντες
1788 5443 1890 5500 οῦκ

249 5530 304 5584 ἂν
334 5533 436 5586 εἶεν
462 5533 616 5588 αὐτοὶ
645 5536 743 5588 τοῦ
773 5534 1028 5606 σώματος
1057 5533 1232 5589 αὐτῶν
1260 5536 1462 5608 κύριοι.

313 5623 376 5677 Ὀ
428 5619 482 5676 δὲ
530 5619 618 5694 μδ¹
644 5628 744 5691 τῆς
791 5624 829 5683 ς’
856 5620 1088 5677 συνόδου
1133 5622 1224 5677 τὸν
1273 5622 1472 5679 ἁλόντα
1520 5623 1741 5698 πορνείᾳ
1793 5646 1891 5696 μο-

253 5711 436 5781 ube,
476 5711 564 5766 καί
616 5711 947 5786 μεταμελείᾳ
995 5713 1132 5787 μετά
1189 5717 1349 5770 τοῦτο
1397 5714 1744 5791 χρησάμενον
1801 5717 1892 5768 καί

1991 4737 2148 4800 sunt,
2171 4750 2352 4788 canon
2386 4733 2544 4799 dicit,
2578 4736 2694 4789 fiat.

2063 4822 2239 4876 Porro
2269 4829 2323 4875 et
2364 4828 2603 4879 sanctus
2635 4823 3080 4895 Chrysostomus
3137 4825 3194 4877 in
3254 4823 3511 4877 secunda
3559 4825 3631 4878 ad

1990 4909 2358 4964 Theodorum
2391 4910 2655 4981 epistola,
2689 4911 2905 4967 cmlesti
2937 4928 3172 4982 sponso,
3217 4910 3431 4980 inquit,
3458 4911 3632 4980 junc-

1991 5003 2141 5062 tum,
2177 4998 2341 5053 illum
2378 5000 2614 5070 quidem
2648 5001 2991 5072 relinquere,
3025 4999 3252 5055 mulieri
3284 5005 3478 5055 autem
3507 5017 3632 5057 sese

1990 5089 2348 5160 conjungere
2379 5089 2726 5145 adulterium
2759 5098 2865 5156 est,
2891 5089 3023 5144 licet
3067 5087 3280 5144 millies
3324 5090 3631 5144 matrimo—

1993 5182 2153 5234 nium
2197 5185 2257 5234 tu
2303 5182 2423 5250 ipse
2480 5182 2587 5236 hoc
2628 5198 2812 5237 voces.
2882 5181 3026 5236 lllud
3079 5181 3233 5235 enim
3275 5188 3360 5236 est
3402 5181 3631 5236 adulte-

1993 5271 2075 5322 rio
2109 5274 2270 5325 tanto
2323 5271 2579 5342 gravius,
2612 5276 2830 5342 quanto
2889 5271 3229 5326 hominibus
3287 5270 3492 5325 melior
3546 5274 3634 5324 est

1991 5363 2162 5414 Deus.
2198 5361 2255 5414 Si
2278 5363 2433 5415 enim
2468 5362 2678 5415 mulier
2718 5362 2934 5432 proprii
2991 5360 3245 5430 corporis
3299 5376 3412 5414 non
3463 5360 3633 5415 habet

1993 5453 2360 5518 potestatem,
2393 5452 2489 5506 sed
2523 5452 2626 5517 vir,
2663 5449 2846 5505 multo
2880 5451 3060 5520 magis
3114 5450 3173 5517 ii,
3207 5451 3306 5519 qui
3365 5450 3422 5502 in
3477 5448 3631 5503 Chri.

1995 5546 2080 5594 sto
2105 5539 2318 5606 vivunt,
2351 5558 2461 5596 non
2495 5547 2631 5596 sunt
2661 5539 3151 5611 propriicorporis
3181 5539 3421 5593 domini.

2066 5632 2248 5684 Sextae
2292 5646 2419 5701 syn,
2461 5631 2529 5684 44
2579 5628 2927 5683 monachum
2978 5625 3376 5683 fornicationis
3433 5626 3630 5680 convi-

1998 5724 2179 5786 ctum,
2206 5723 2264 5774 et
2286 5719 2624 5791 poenitentia
2650 5721 2708 5772 et
2736 5717 3102 5775 confessione
3132 5730 3326 5781 usum,
3371 5713 3630 5769 clemen-
