4098 6332
428 318 508 377 55
1678 331 2050 394 ΜΑΤΤΗλΕΙ

2199 333 2393 397 ASTA
2404 335 2528 396 RIS
3741 337 3822 398 56

432 448 553 543 tius
577 450 796 543 aliquid
827 469 1028 525 agens,
1052 471 1166 511 non
1192 458 1377 530 magis
1403 475 1572 530 quam
1598 462 1944 521 fornicantes
1964 481 2066 537 pu-

2199 465 2601 540 ιὲξομοογήσει,
2675 462 3183 543 φιλανθρωπότερόν
3252 468 3305 522 τί
3380 474 3578 535 ποιῶν,
3650 466 3819 541 μηδὲν

433 535 545 594 niri
568 538 750 608 jubet.
801 542 989 614 Atque
1027 543 1182 600 hunc
1230 548 1463 616 quidem
1513 566 1817 622 canonem,
1857 535 2073 626 quippe

430 634 561 696 post
578 626 723 684 alios
752 630 990 698 editum,
1014 648 1083 687 ex
1113 635 1384 692 omnibus
1406 637 1652 694 arbitror
1674 640 2073 700 retinendum.

429 716 631 780 Quaere
669 721 728 772 et
756 719 819 773 11
853 724 1030 791 caput
1058 721 1169 777 litt.
1202 727 1256 790 Γ,
1281 729 1339 779 et
1375 725 1434 780 in
1469 728 1534 780 12
1563 728 1748 799 capite
1798 729 2003 787 litteras
2036 737 2074 785 A

432 820 710 861 canonem
733 807 766 862 4
793 809 1001 879 synodi
1033 815 1273 881 quartae,
1305 818 1362 869 et
1393 814 1451 871 in
1486 815 1552 870 12
1581 817 1767 888 capite
1798 818 2001 876 litteras
2035 825 2073 876 E

436 908 719 951 canonem
754 895 821 950 17
841 897 1049 970 synodi
1085 902 1140 954 7.

1157 1177 1336 1248 Leges.

504 1262 853 1319 Monasteria
875 1279 991 1320 non
1013 1264 1089 1320 ita
1113 1264 1460 1337 alienantur,
1484 1271 1548 1324 ut
1568 1277 1793 1325 sacrata
1816 1271 2077 1328 formain

430 1351 720 1422 privatum
742 1356 961 1409 statum
1009 1355 1474 1423 transformetur,
1507 1356 1768 1430 alioquin
1819 1365 2073 1430 potesta-

432 1444 551 1495 tem
584 1439 798 1496 habent
855 1441 1106 1513 episcopi
1154 1442 1485 1501 vindicandi
1544 1450 1600 1501 et
1656 1446 1715 1502 in
1774 1448 2077 1518 pristinam

433 1529 679 1586 formam
713 1530 1051 1587 reducendi.

503 1621 580 1676 Ex
617 1621 712 1676 131
732 1620 1047 1677 Justiniani
1078 1621 1302 1679 novella
1341 1610 1551 1680 ‘discas
1609 1626 1872 1698 quidem,
1922 1629 2079 1700 quod

433 1709 663 1782 regulas
692 1725 821 1781 qua
851 1727 885 1767 a
913 1711 1321 1782 fundatoribus
1367 1711 1426 1768 in
1477 1715 1847 1772 monasteriis
1909 1716 2078 1789 ﬁunt,

434 1799 527 1872 pie
547 1798 845 1870 suscipere
866 1799 1099 1867 debent,
1116 1799 1230 1856 nisi
1255 1801 1584 1859 canonibus
1604 1805 2038 1862 contrariantur
2059 1828 2074 1876 ;

432 1887 551 1944 illis
579 1887 734 1944 enim
780 1903 898 1945 non
943 1888 1078 1945 licet
1127 1889 1384 1947 locorum
1441 1891 1745 1965 episcopos
1796 1896 2077 1952 canonico

427 1979 562 2049 jure
581 1978 804 2051 privare
833 1978 897 2035 in
926 1981 1314 2050 monasteriis,
1344 1999 1468 2053 qua:
1491 1983 1562 2039 ab
1587 1983 1661 2039 iis
1691 1985 2074 2043 aediﬁcantur.

433 2067 631 2139 Neque
662 2067 950 2126 antistites
982 2069 1335 2127 monasteria
1360 2071 1713 2129 aediﬁcantes
1761 2076 2072 2131 succeden-

433 2161 522 2213 tes
564 2155 853 2215 antistites
896 2158 1005 2214 sub
1047 2174 1219 2230 pmna
1266 2158 1524 2232 obligare
1581 2167 1849 2233 possunt,
1890 2180 2079 2235 neque

435 2244 624 2301 ullum
650 2246 804 2303 circa
833 2263 927 2303 res
955 2248 1242 2318 ejusmodi
1270 2248 1368 2318 jus
1424 2249 1673 2315 habere;
1724 2253 2080 2309 convertitur

431 2333 587 2392 enim
616 2335 819 2408 iniqua
846 2337 1168 2410 segregatio
1199 2337 1261 2393 in
1288 2337 1524 2395 illorum
1550 2340 1760 2412 capita.

505 2606 826 2679 Episcopus
865 2606 1135 2663 abbatem
1165 2604 1255 2662 vel
1304 2605 1827 2664 archimandritam
1876 2608 2079 2664 unius-

436 2698 724 2768 cujusque
757 2696 1092 2753 monasterii
1131 2712 1247 2751 non
1290 2696 1530 2751 omnino
1579 2697 1903 2752 secundum
1945 2713 2080 2769 gra-

434 2787 547 2841 dus
586 2790 955 2857 promoveat;
976 2786 1074 2841 sed
1105 2801 1277 2856 quem
1314 2784 1399 2840 vel
1430 2801 1634 2841 omnes
1666 2785 1961 2852 monachi,
1991 2785 2079 2843 vel

433 2875 534 2948 qui
561 2875 817 2932 melioris
839 2874 1308 2945 existimationis,
1339 2875 1641 2947 elegerint,
1675 2892 1850 2947 super
1897 2878 2078 2932 Evan-

434 2964 586 3037 gelio
616 2963 899 3036 iurantes,
929 2964 1086 3036 quod
1118 2981 1232 3020 non
1277 2979 1379 3036 per
1427 2964 1746 3021 amicitiam
1806 2966 1894 3021 vel
1949 2982 2080 3037 gra-

436 3054 577 3110 tiam
599 3052 764 3109 illum
795 3053 1114 3126 elegerunt,
1145 3054 1245 3111 sed
1278 3055 1433 3126 quod
1474 3061 1690 3112 norunt
1731 3056 1897 3112 illum
1953 3074 2081 3114 esse

436 3143 572 3200 ﬁdei
594 3149 781 3210 rectas,
812 3148 871 3200 et
898 3144 1030 3200 vitas
1078 3147 1271 3212 castis,
1330 3148 1389 3200 et
1444 3144 1945 3202 administratione
1989 3147 2076 3202 di-

435 3249 640 3306 gnum,
670 3237 729 3291 et
757 3234 855 3304 qui
886 3233 1307 3290 monachorum
1355 3232 1730 3306 disciplinam
1760 3239 1820 3291 et
1848 3252 2079 3293 omnem
2109 3216 2156 3286 (ἶ

438 3322 781 3379 monasterii
804 3327 1022 3379 statum
1044 3324 1329 3379 custodire
1342 3324 1545 3395 possit.
1579 3324 1791 3380 Eadem
1813 3325 1989 3382 etiam
2010 3327 2082 3383 de

440 3411 755 3468 mulierum
787 3412 1155 3469 monasteriis
1184 3420 1237 3468 et
1268 3412 1585 3469 asceteriis.

510 3502 666 3558 194
694 3501 1021 3559 Centesima
1058 3502 1331 3558 vicesima
1378 3501 1549 3558 tertia
1577 3518 1732 3569 vero,
1763 3503 1824 3560 In
1885 3505 2081 3560 omni-

438 3591 567 3660 bus,
599 3591 809 3663 inquit,
850 3591 1240 3660 monasteriis,
1288 3607 1416 3663 quai
1462 3591 1727 3649 coanohia
1781 3599 2083 3664 vocantur,

432 3684 604 3753 juxta
633 3681 865 3753 regulas
894 3680 1565 3751 monasticasjubemus,
1593 3685 1658 3736 ut
1688 3682 1749 3736 in
1772 3698 1891 3738 una
1910 3684 2083 3741 domo

439 3786 643 3829 omnes
663 3770 949 3839 habitent,
972 3774 1030 3826 et
1057 3769 1449 3827 communiter
1468 3771 1780 3826 comedunt
1798 3775 1856 3828 et
1877 3772 1935 3827 in
1967 3789 2085 3829 una

440 3862 614 3917 domo
643 3877 847 3917 omnes
876 3858 1186 3932 separatim
1217 3859 1527 3923 dormiant,
1587 3864 1653 3916 ut
1682 3860 1938 3918 vicissim
1969 3862 2083 3919 sibi

438 3949 583 4021 ipsis
629 3954 798 4006 castas
827 3950 951 4005 vita
983 3949 1311 4021 exemplum
1341 3949 1676 4005 exhibeant.
1709 3949 1844 4006 Haec
1886 3957 2083 4008 autem

441 4039 641 4098 omnia
667 4042 727 4096 et
749 4039 819 4096 de
850 4038 1162 4097 mulierum
1194 4038 1563 4096 monasteriis
1583 4038 1983 4097 observentur.

513 4226 695 4298 Caput
725 4231 914 4282 autem
944 4224 1073 4297 ejus
1103 4222 1398 4280 decimum
1419 4222 1712 4295 quintum,
1741 4222 1867 4281 Non
1891 4223 2086 4296 ingre-

441 4314 654 4383 dietur,
683 4313 893 4386 inquit,
926 4314 1165 4370 omnino
1205 4328 1393 4386 neque
1442 4310 1653 4368 mulier
1720 4313 1781 4369 in
1826 4313 2083 4369 virorum

442 4402 885 4472 monasterium,
926 4417 1115 4475 neque
1160 4400 1248 4457 vir
1294 4401 1354 4457 in
1414 4400 1753 4471 mulierum,
1801 4401 1887 4457 vel
1934 4418 2085 4474 prm-

442 4496 604 4551 textu
633 4493 927 4549 memoriae
957 4491 1208 4563 alicujus
1257 4489 1494 4557 mortui,
1532 4489 1636 4560 qui
1679 4488 1802 4545 illic
1861 4492 2086 4562 positus

2173 551 2342 609 πλέον
2403 558 2510 609 τῶν
2568 555 2941 629 πορνευόντων
3015 554 3363 629 ἐπιτιμᾶσθαι
3432 556 3663 613 κελεύει.
3724 558 3824 612 Οἶ-

2180 664 2279 716 μαι
2345 642 2522 698 τοίνυν
2599 644 2813 698 τουτονὶ
2871 644 2962 698 τὸν
3034 645 3230 701 κανόνα.
3304 644 3536 711 δεόντως
3603 651 3820 721 κρατεῖν

2179 734 2277 786 οἷα
2344 735 2454 786 τῶν
2534 729 2722 787 ἄλλων
2803 733 3264 809 μεταγενέστερον.
3347 737 3504 806 Ζήτει
3582 735 3671 790 καὶ
3756 742 3822 791 τὸ

2180 822 2247 875 ια’
2304 843 2424 899 κεφ.
2488 825 2585 876 τοῦ
2646 828 2683 876 Γ
2759 822 3058 898 στοιχείου,
3117 823 3206 878 καὶ
3282 823 3337 879 ἐν
3411 828 3493 897 τῷ
3553 826 3626 900 ιβ’
3696 845 3821 902 κειρ.

2176 912 2274 965 τοῦ
2333 918 2368 964 Δ
2439 909 2716 988 στοιχείου
2790 911 2989 965 κανόνα
3045 909 3091 966 δ’
3143 914 3243 978 τῆς
3318 910 3360 966 δ’
3423 911 3673 981 συνόδου,
3731 916 3825 966 καί

2178 998 2232 1053 ἐν
2283 1003 2362 1072 τῷ
2424 1000 2497 1074 ιβ’
2555 1019 2677 1078 κειρ.
2701 1004 2804 1055 τοῦ
2836 1005 2878 1057 Ε
2935 1000 3212 1077 στοιχείου
3261 1003 3452 1057 κανόνα
3512 1002 3574 1071 ιζ’
3625 1009 3726 1071 τῆς
3778 1005 3827 1071 ζ’

2181 1084 2432 1145 συνόδου.

2886 1178 3119 1253 Νόμομ

2254 1264 2575 1335 Ἐκποίησις
2634 1266 3003 1342 μοναστηρίου
3064 1269 3140 1339 μή
3200 1268 3449 1343 γινέσθω,
3506 1267 3588 1345 ἐφ’
3663 1268 3708 1338 ᾧ
3764 1270 3830 1323 τὸ

2180 1355 2452 1428 ἱερατικὸν
2508 1363 2705 1430 σχῆμα
2761 1357 2838 1419 εἰς
2901 1355 3181 1428 ἰδιωτικὴν
3255 1357 3831 1433 μετασχηματίζεσθαι

2185 1441 2485 1519 διαγωγὴν,
2518 1443 2633 1500 ἐπεὶ
2663 1444 2839 1501 ἄδειαν
2889 1440 3111 1523 ἔχουσιν
3145 1449 3198 1502 οἱ
3247 1446 3533 1503 ἐπίσκοποι
3572 1444 3831 1518 ἐκδικεῖν,

2183 1533 2276 1590 καὶ
2306 1535 2383 1597 εἷς
2411 1536 2476 1590 τὸ
2505 1535 2769 1612 πρότερον
2800 1535 3082 1612 ἐπανάγειν
3117 1544 3331 1613 σχῆμα.

2256 1625 2397 1679 Ἀπὸ
2454 1622 2513 1680 δὲ
2568 1627 2667 1689 τῆς
2722 1624 2840 1699 ρλα⁹
2903 1625 3331 1683 Ἰουστινιανείου
3383 1632 3571 1702 νεαρᾶς
3642 1629 3832 1703 γνοίης

2186 1713 2266 1784 ἃν,
2299 1715 2383 1769 ὅτι
2410 1714 2477 1768 τὰ
2520 1713 2780 1788 γινόμενα
2819 1715 2964 1790 παρὰ
2992 1718 3099 1770 τῶν
3141 1714 3425 1790 κτητόρων
3467 1714 3519 1771 ἒν
3564 1723 3679 1779 τοῖς
3724 1738 3833 1791 μο-

2181 1802 2501 1876 ναστηρίοις
2561 1804 2763 1859 τυπικὰ
2822 1803 3061 1878 στέργειν
3123 1803 3457 1883 ὀφείλουσιν,
3516 1807 3562 1861 εἰ
3640 1809 3833 1880 μήπου

2185 1895 2302 1950 τοῖς
2350 1893 2567 1948 κανόσιν
2630 1890 3041 1948 ἐναντιοῦνται·
3101 1893 3163 1949 οὐ
3216 1893 3317 1970 γὰρ
3375 1891 3573 1965 ἔξεστιν
3645 1896 3836 1958 αὐτοῖς

2189 1980 2462 2056 ἀπείργειν
2517 1979 2643 2042 τοὺς
2696 1979 3000 2056 ἐγχωρίους
3067 1981 3394 2045 ἐπισκόπους
3450 1987 3558 2038 τῶν
3616 2004 3839 2039 κανονι-

2188 2073 2298 2124 κῶν
2346 2066 2573 2124 δικαίων
2620 2068 2674 2124 ἒν
2719 2075 2836 2133 τοῖς
2879 2071 3006 2143 παρ’
3048 2071 3227 2127 αὐτῶν
3277 2071 3618 2146 κτιζομένοις
3666 2093 3836 2145 μονα-

2191 2160 2458 2234 στηρίοις.
2509 2155 2649 2216 Οὐδὲ
2697 2161 2748 2215 οἱ
2793 2159 3158 2234 ἀνεγείροντες
3215 2160 3494 2236 ἀρχιερεῖς
3554 2164 3836 2235 μοναστή-

2191 2269 2280 2322 ρια
2336 2247 2687 2318 ἐπισκήπτειν
2743 2250 2856 2320 μετ’
2914 2248 3194 2322 ἐπιτιμίου
3246 2248 3496 2305 δύνανται
3549 2255 3667 2312 τοῖς
3718 2252 3838 2324 μετ’

2190 2337 2383 2399 αὖτοὺς
2442 2338 2777 2416 ἀρχιερεῦσι,
2839 2336 2971 2411 μηδ’
3028 2339 3208 2395 ὁτιοῦν
3268 2339 3345 2402 είς
3400 2344 3566 2395 ταῦτα
3625 2338 3832 2395 δίκαιον

2190 2420 2336 2500 ἔχειν
2368 2444 2380 2458 ·
2419 2426 2703 2505 στρέφεται
2729 2427 2831 2503 γὰρ
2865 2430 2894 2482 ὁ
2940 2426 3258 2502 παράλογος
3289 2428 3595 2506 ἀφορισμὸς
3632 2428 3709 2493 εἷς
3734 2430 3834 2492 τὰς

2189 2513 2401 2570 ἐκείνων
2435 2514 2696 2594 κεφαλάς.

2260 2607 2316 2661 Ὀ
2375 2604 2668 2667 ἐπίσκοπος
2734 2605 2829 2661 τὸν
2900 2601 3069 2660 ἆϐὗᾶν
3124 2608 3158 2676 ἢ
3232 2608 3327 2661 τὸν
3403 2607 3836 2682 ἀρχιμανδρίτην

2191 2694 2415 2750 ἑκάστου
2477 2694 2843 2768 μοναστηρίου
2896 2696 2973 2767 μὴ
3032 2695 3250 2757 πάντως
3299 2697 3434 2751 κατὰ
3486 2697 3576 2751 τὸν
3626 2698 3837 2772 βαθμὸν

2190 2780 2611 2857 προϐαλλέσθω,
2644 2784 2773 2841 ἀλλ’
2802 2786 2860 2840 ὃν
2890 2787 2942 2840 o't
2976 2788 3212 2861 μοναχοί
3248 2787 3444 2848 πάντες
3475 2787 3509 2857 ἢ
3544 2788 3596 2841 οἱ
3645 2787 3842 2843 εὐϋπό-

2193 2875 2397 2945 ληπτοι
2446 2873 2822 2948 ἐπιλέξωνται,
2874 2874 2959 2930 ἐπὶ
3010 2879 3117 2929 τῶν
3170 2874 3517 2950 Εὐαγγελίων
3566 2875 3841 2952 λέγοντες,

2191 2964 2266 3027 ὡς
2313 2964 2375 3019 οὐ
2426 2961 2514 3018 διὰ
2562 2963 2748 3040 φιλίαν
2798 2966 2832 3035 ἢ
2881 2965 3046 3039 χάριν
3096 2963 3258 3019 αὐτὸν
3308 2963 3648 3036 ἐπελέξαντο,
3693 2966 3843 3022 ἀλλᾶ

2189 3054 2547 3127 γινώσκοντες
2594 3053 2752 3108 αὐτὸν
2804 3051 3116 3127 ὀρθόδοξον,
3147 3056 3236 3109 καὶ
3289 3053 3559 3131 σώφρονα,
3599 3055 3688 3109 καὶ
3740 3061 3842 3123 τῆς

2194 3138 2515 3214 διοικήσεως
2561 3143 2731 3213 ἄξιον,
2777 3142 2869 3197 καὶ
2917 3140 3213 3216 δυνάμενον
3273 3142 3505 3219 φυλάξαι
3564 3145 3666 3212 τὴν
3723 3143 3843 3199 ἐπι-

2194 3228 2409 3305 στήμην
2466 3236 2574 3286 τῶν
2638 3236 2924 3306 μοναχῶν,
2980 3232 3071 3287 καὶ
3127 3233 3227 3301 τήν
3296 3236 3394 3286 τοῦ
3475 3233 3841 3307 μοναστηρίου

2192 3321 2533 3380 κατάστασιν.
2578 3322 2653 3377 Τὰ
2699 3321 2834 3376 αὐτὰ
2892 3322 2983 3377 καὶ
3033 3322 3157 3396 περῖ
3215 3325 3324 3377 τῶν
3371 3321 3689 3399 γυναικείων
3737 3344 3839 3396 μο-

2195 3411 2502 3486 ναστηρίων
2532 3410 2623 3466 καὶ
2647 3410 3017 3487 ἀσκητηρίων.

2262 3501 2324 3555 Ἡ
2359 3497 2416 3554 δὲ
2465 3503 2606 3573 ρκγ’,
2641 3501 2729 3557 Ἐν
2778 3501 2943 3555 ἅπασι
2996 3497 3054 3555 δὲ
3100 3504 3218 3562 τοῖς
3275 3499 3681 3574 μοναστηρίυις,
3731 3523 3838 3579 φη.

2194 3588 2300 3660 σίν,
2350 3590 2483 3665 ἅπερ
2530 3588 2825 3644 καλοῦνται
2874 3584 3146 3659 κοινόϐια,
3186 3586 3483 3662 κελεύομεν
3530 3592 3668 3644 κατὰ
3712 3590 3842 3655 τοὺς

2196 3681 2528 3755 μοναχικοὺς
2574 3679 2815 3751 κανόνας,
2849 3679 2900 3734 ἐν
2952 3679 3027 3733 ἑνὶ
3079 3678 3219 3751 οἴκῳ
3271 3680 3470 3740 πάντας
3517 3679 3709 3751 οἰκεῖν,
3750 3681 3842 3735 καὶ

2194 3772 2388 3832 κοινῶς
2432 3769 2737 3845 τρὲερεσθαί,
2784 3768 2875 3822 καὶ
2921 3764 2977 3822 ἐν
3026 3767 3101 3822 ἑνὶ
3149 3766 3285 3841 οἴκῳ
3340 3768 3543 3828 πάντας
3602 3788 3845 3843 κεχωρι-

2195 3861 2403 3934 σμένως
2442 3860 2741 3931 καθεύδειν,
2775 3860 2912 3916 ὥστε
2959 3856 3261 3933 ἀμοιϐαδὸν
3311 3858 3588 3929 ἀλλήλοις
3636 3881 3845 3935 μαρτυ-

2195 3950 2313 4025 ρίαν
2342 3959 2441 4021 τῆς
2489 3953 2770 4027 σώφρονος
2813 3947 3094 4024 διαγωγῆς
3143 3949 3403 4025 παρέχειν
3444 3948 3659 4011 αὐτούς.
3691 3953 3847 4005 Ταῦ-

2192 4061 2257 4094 τα
2289 4038 2346 4095 δὲ
2374 4041 2547 4095 πάντα
2596 4040 2686 4094 καὶ
2732 4038 2857 4114 περὶ
2894 4040 2962 4093 τὰ
3006 4043 3115 4094 τῶν
3161 4041 3430 4113 γυναικῶν
3482 4036 3843 4116 φυλάττεσθαι

2198 4130 2560 4203 μοναστήρια.

2264 4218 2338 4273 Τὸ
2399 4216 2457 4272 δὲ
2516 4218 2573 4272 ιε’
2628 4218 2831 4288 ταύτης
2901 4215 3216 4294 κεφάλαιον,
3275 4215 3387 4271 Οὐκ
3462 4214 3845 4286 εἰσελεύσεται,

2195 4308 2380 4384 φησὶν,
2430 4304 2553 4363 οὔτε
2597 4308 2733 4382 γυνὴ
2784 4307 3120 4361 παντάπασιν
3167 4304 3243 4366 εἰς
3293 4302 3503 4379 ἀνδρῶν
3565 4306 3847 4376 μοναστή-

2198 4416 2334 4471 ριον,
2386 4393 2510 4451 οὔτε
2552 4397 2685 4470 ἀνὴρ
2726 4394 2805 4458 εἷς
2853 4399 3180 4471 γυναικεῖον,
3212 4392 3248 4463 ἢ
3300 4393 3565 4472 προφάσει
3618 4395 3847 4467 μνήμης

2191 4487 2340 4550 τινὸς
2389 4483 2812 4556 τελευτήσαντος
2857 4485 3129 4539 κάνταῦθα
3175 4483 3454 4557 κειμένου,
3504 4482 3539 4551 ἢ
3588 4479 3677 4536 διά
3727 4504 3846 4538 τινα

443 4587 553 4651 est,
585 4580 674 4639 vel
703 4579 878 4639 aliam
902 4582 973 4637 ob
1011 4595 1279 4647 causam;
1330 4593 1514 4649 neque
1552 4578 1604 4633 si
1652 4577 1787 4649 quis
1844 4579 2079 4635 fratrem

2199 4575 2373 4650 ἑτέραν
2406 4574 2576 4629 αἰτίαν
2613 4594 2626 4607 ·
2661 4572 2787 4630 οὐδὲ
2816 4571 2870 4629 εἷ’
2894 4594 2975 4636 τις
3008 4570 3242 4651 ἀδελφὸν
3285 4572 3456 4650 τυχὸν
3488 4571 3524 4640 ἢ
3572 4569 3842 4648 ἀδελφὴν,

444 4678 609 4745 forte,
656 4673 746 4731 vel
790 4687 1071 4739 sororem,
1121 4670 1207 4726 vel
1254 4668 1508 4740 aliquem
1539 4683 1609 4723 ex
1655 4684 1762 4723 suo
1784 4684 1990 4739 genere
2030 4668 2088 4723 in

446 4765 799 4825 monasterio
854 4779 916 4821 se
958 4762 1171 4818 habere
1221 4760 1444 4815 dixerit.
1503 4758 1629 4821 Non
1669 4762 1759 4814 est
1813 4758 1969 4814 enim
2028 4758 2086 4813 in

443 4858 615 4916 terris
645 4853 909 4929 cognatio
941 4849 1265 4918 monachis,
1297 4850 1501 4919 utpote
1530 4847 1631 4919 qui
1681 4847 1969 4903 caelestem
2002 4846 2086 4901 vi-

443 4951 564 5005 tam
593 4943 851 5003 aemulati
879 4944 1036 4997 sunt.
1069 4939 1287 4996 Deinde
1316 4952 1500 5009 neque
1547 4936 1653 4991 viri
1683 4935 1741 4991 in
1770 4934 2088 4991 mulierum

446 5033 938 5094 monasteriorum
970 5027 1254 5101 sepuleris
1280 5030 1659 5099 reponantur,
1678 5040 1867 5096 neque
1889 5022 2091 5080 mulie-

445 5140 541 5182 ros
569 5125 626 5179 in
661 5123 746 5178 vir
766 5137 916 5177 trum
950 5117 1315 5175 monasteriis
1346 5115 1747 5182 inhumentur,
1792 5128 1863 5169 ne
1909 5128 1979 5168 ex
2027 5129 2092 5168 eo

443 5219 668 5274 naturae
700 5211 770 5268 ad
809 5210 1064 5280 seipsam
1111 5208 1279 5264 detur
1331 5221 1650 5279 regressus,
1683 5208 1750 5258 ut
1796 5218 1923 5274 quae
1975 5217 2092 5257 non

446 5305 537 5361 fas
562 5306 655 5360 est
683 5307 835 5374 agat,
865 5305 923 5357 et
967 5297 1214 5355 delicate
1243 5311 1305 5353 se
1350 5299 1534 5368 gerat,
1580 5298 1639 5350 et
1690 5291 1875 5358 ludat,
1913 5296 1971 5347 et
2003 5308 2090 5347 res

447 5392 673 5452 divinas
706 5389 921 5463 injuria
949 5387 1185 5445 afﬁciat.

522 5482 583 5540 Si
615 5498 730 5555 qua
760 5479 968 5538 mulier
1015 5485 1207 5537 autem
1255 5477 1316 5533 in
1372 5473 1687 5531 mulierum
1745 5468 2094 5525 monasterio

447 5570 779 5643 sepelienda
809 5570 888 5627 sit
913 5569 1128 5640 (virum
1182 5566 1336 5623 enim
1384 5580 1500 5620 non
1551 5563 1638 5616 fas
1684 5572 1810 5614 esse
1851 5555 2090 5628 judica-

448 5661 631 5735 mus),
660 5661 790 5722 illos
841 5658 1032 5719 solum
1080 5656 1180 5729 qui
1226 5654 1439 5712 lectum
1489 5650 1681 5708 ferunt
1725 5652 1779 5702 et
1820 5645 2088 5714 fossuras,

2202 4666 2238 4734 ἤ
2283 4686 2400 4720 τινα
2442 4670 2549 4720 τῶν
2599 4664 2658 4719 ἐκ
2703 4669 2800 4719 τοῦ
2850 4663 3038 4739 γένους
3089 4658 3232 4740 ἔχειν
3270 4661 3325 4718 ἐν
3372 4667 3451 4735 τῷ
3485 4663 3845 4735 μοναστηρίῳ

2202 4757 2410 4831 φήσειε.
2466 4754 2761 4830 Συγγένεια
2806 4754 2910 4828 γὰρ
2955 4758 3076 4816 τοῖς
3126 4756 3391 4826 μοναχοῖς
3436 4750 3525 4807 ἐπὶ
3582 4758 3686 4826 γῆς
3746 4752 3848 4807 οὐκ

2201 4838 2334 4906 ἔστι,
2377 4849 2494 4904 τοῖς
2531 4864 2591 4917 γε
2636 4842 2726 4899 τὸν
2783 4841 2835 4898 ἐν
2895 4841 3148 4917 οὐρανοῖς
3206 4841 3490 4912 ζηλώσασι
3553 4839 3693 4915 βίον.
3740 4840 3847 4895 Καὶ

2205 4934 2345 5005 μήτε
2375 4929 2581 5007 ἄνδρες,
2614 4931 2666 4986 ἐν
2716 4930 3009 5008 γυναικείῳ
3061 4929 3412 5005 μοναστηρίῳ
3440 4929 3634 5006 τάφοις
3684 4948 3847 4983 κατα-

2199 5021 2543 5090 τιθέσθωσαν,
2606 5022 2745 5093 μήτε
2798 5024 3048 5095 γυναῖκες
3107 5017 3158 5074 ἐν
3227 5016 3509 5092 ἀνδρικοῖς
3577 5038 3849 5091 μοναστη-

2203 5110 2342 5185 ρίοις
2398 5111 2928 5185 κατορυττὲσθωσαν,
2982 5106 3078 5163 ’ίνα
3158 5109 3234 5182 μὴ
3294 5105 3533 5177 πάροδος
3606 5107 3846 5162 ἐντεῦθεν

2201 5202 2417 5275 γένοιτο
2465 5205 2534 5273 τῇ
2585 5200 2737 5276 φύσει
2780 5198 2920 5273 πρὸς
2982 5198 3199 5271 ἑαυτὴν,
3250 5196 3285 5251 ἃ
3346 5197 3422 5271 μὴ
3484 5197 3640 5269 θέμις
3693 5194 3846 5271 δρᾷν,

2199 5293 2403 5364 τρυφᾷν
2452 5310 2509 5343 τε
2558 5289 2647 5344 καὶ
2696 5287 2930 5358 παίζειν,
2968 5287 3058 5342 καὶ
3106 5287 3175 5342 τὰ
3221 5288 3338 5342 θεῖα
3382 5286 3676 5361 πράγματα
3721 5305 3847 5340 κατ-

2200 5377 2499 5453 αισχόνειν.

2273 5464 2432 5523 Ἀλλ’
2464 5466 2510 5520 εἰ
2541 5465 2628 5522 καὶ
2659 5468 2791 5539 γυνή
2826 5488 2910 5528 τις
2960 5466 3011 5521 ἐν
3045 5466 3335 5541 γυναικείῳ
3385 5464 3672 5519 θάπτεσθαι
3708 5461 3843 5535 μὲλ-

2202 5554 2293 5611 λοι
2328 5556 2697 5628 μοναστηρίῳ,
2744 5552 2934 5630 (ἄνδρα
2983 5555 3082 5630 γὰρ
3115 5555 3218 5609 οὐκ
3259 5555 3443 5627 εὐαγὲς
3487 5553 3617 5607 εἶναι
3664 5552 3845 5625 κρίνο-

2205 5646 2344 5719 μεν),
2389 5642 2517 5707 τοὸς
2575 5645 2674 5714 τὴν
2727 5643 2923 5718 κλίνην
2983 5643 3243 5722 φέροντας
3301 5643 3524 5718 μόνους,
3570 5642 3656 5696 καὶ
3718 5639 3844 5703 τοὺς
