4098 6332
279 419 353 478 57
1296 415 1719 480 SYNTAGMA
1763 413 2415 476 ALPHABETICUM.
2459 445 2538 455 —
2581 409 2662 470 M.
3207 365 3214 375 ’
3599 399 3680 458 58

285 551 572 625 ὀρύξαντας
628 552 908 626 εἰσφοιτᾷν
957 551 1038 606 ἐπ’
1095 550 1224 606 αὐτό
1252 570 1264 583 ’
1307 549 1394 604 καὶ
1449 549 1548 611 τὰς
1609 549 1702 622 μὶν
1757 566 1925 621 μονα-

2059 546 2111 600 Id
2145 545 2289 600 illud
2323 544 2613 611 accedere,
2645 546 2702 597 et
2752 540 3024 596 mulieres
3078 537 3313 611 quidem
3362 530 3683 642 monachus

285 641 386 716 χᾶς
443 640 498 696 έν
556 646 640 712 τῷ
701 639 828 712 ἰδίῳ
869 639 1044 712 μένειν
1092 637 1452 714 καταγωγίῳ·
1487 639 1662 710 μόνην
1717 633 1775 691 δὲ
1830 637 1928 704 τὴν

288 733 529 804 θυρωρὸν
576 731 667 784 καὶ
717 731 820 798 τὴν
855 732 1186 803 ἡγουμένην,
1219 727 1265 783 ε’ί
1293 749 1356 803 γε
1389 725 1712 802 βουληθείη,
1745 729 1934 800 παρεῖ-

285 841 369 874 ναι
411 825 531 874 τοῖε
574 819 890 894 γινομένοις
917 838 930 850 ·
961 819 1052 873 καὶ
1102 821 1292 873 θᾶττον
1345 815 1583 880 ἐκείνους
1617 814 1934 876 τελέσαντας

285 913 352 964 τό.
398 909 525 982 περὶ
572 909 674 978 τήν
723 907 902 976 ὁσίαν,
933 907 1088 972 εὐθὺς
1135 907 1372 975 ἀπιέναι,
1407 909 1548 980 μήτε
1577 905 1932 976 θεασαμένους

286 1000 430 1060 τινας
481 1001 594 1053 τῶν
657 1001 1030 1070 μοναζουσῶν,
1074 1000 1212 1070 μήτε
1263 996 1351 1051 ὑπ’
1399 995 1578 1052 αὐτῶν
1632 995 1934 1058 θεαθέντας.

288 1091 451 1164 Τρίτα
500 1085 560 1142 δὲ
615 1091 909 1149 ποιοῦντας
965 1087 1056 1142 καὶ
1129 1084 1334 1156 ἔννατα,
1385 1083 1458 1148 ὥς
1517 1106 1581 1158 γε
1637 1081 1703 1154 δὴ
1764 1084 1934 1156 νόμος

289 1177 342 1233 ἒν
393 1176 684 1232 τεθνεῶσίν
759 1174 925 1244 ἐστιν,
972 1177 1060 1230 καὶ
1136 1175 1454 1237 ἀκολούθως
1511 1173 1934 1247 τεσσαρακοστᾶ,

289 1268 376 1321 καὶ
438 1265 612 1321 λοιπὰ
668 1265 806 1320 κατὰ
863 1263 989 1327 τοὺς
1041 1266 1399 1340 τεταγμένους
1456 1261 1682 1338 καιροὺς
1716 1262 1932 1336 μνημό-

290 1377 444 1422 συνα,
476 1354 524 1410 εἰ
576 1355 671 1427 μὲν
716 1359 1020 1429 γυναικεῖον
1063 1353 1148 1424 εἴη
1201 1355 1262 1408 τὸ
1317 1354 1705 1426 μοναστήριον,
1751 1355 1932 1427 γυναῖ-

288 1467 384 1508 κας
417 1439 631 1499 ἅπαντα
660 1444 912 1516 πράττειν
940 1463 952 1474 ·
987 1443 1034 1498 εί
1065 1441 1122 1498 δὲ
1151 1441 1418 1517 ἀνδρῷον,
1450 1438 1665 1515 ἄνδρας.

357 1627 452 1693 Μὴ
511 1621 728 1684 πολλὰς
784 1621 842 1678 δέ
899 1623 1037 1678 εἶναι
1082 1623 1179 1686 τὰς
1219 1623 1295 1686 εἰς
1338 1623 1402 1678 τὸ
1435 1623 1796 1696 μοναστήριον
1827 1621 1936 1675 εἰσ-

292 1713 474 1784 όδους,
505 1712 654 1768 ἀλλᾶ
685 1711 810 1786 μίαν
838 1714 873 1784 ἢ
902 1710 1000 1768 δύυ
1048 1713 1242 1792 τυχὸν,
1273 1711 1553 1788 ἐφεστάναι
1584 1732 1642 1766 τε
1688 1715 1758 1785 τῇ
1790 1709 1938 1783 πύλῃ

289 1802 484 1878 ἄνδρας
529 1801 905 1876 γεγηρακότας
951 1803 1038 1857 καὶ
1091 1803 1394 1880 σώφρονας,
1435 1799 1594 1876 οἵπερ
1643 1797 1766 1854 οὔτε
1822 1804 1938 1860 τοῖς

291 1897 561 1967 μοναχοῖς
617 1893 1069 1970 συγχωρήσουσιν
1117 1890 1368 1967 έκφοιτᾷν
1416 1895 1513 1945 τοῦ
1565 1889 1933 1962 μοναστηρίου

289 1983 466 2056 χωρὶς
524 1980 758 2056 γνώμης
835 1982 930 2034 τοῦ
1000 1978 1334 2054 ἡγουμένου,
1387 1974 1510 2032 οὕτε
1577 1982 1693 2037 τοῖς
1744 1975 1933 2049 ἔξωθεν

283 2070 460 2135 ἀδεῶς
504 2069 748 2146 γίνεσθαι
791 2069 931 2126 κατὰ
965 2070 1028 2124 τὸ
1071 2070 1434 2144 μοναστήριον
1479 2067 1689 2140 νύκτωρ
1738 2087 1797 2122 τε
1843 2067 1932 2120 καὶ

292 2161 409 2234 μεθ’
448 2160 683 2234 ἡμέραν·

361 2255 419 2305 Ὀ
451 2249 529 2314 εἰς
561 2249 658 2304 τὸν
709 2248 1016 2323 μοναχικὸν
1055 2248 1354 2324 ἐρχόμενος
1399 2247 1538 2322 βίον,
1572 2247 1618 2302 εἰ
1660 2248 1757 2320 μὲν
1787 2247 1933 2322 γνώ-

289 2360 456 2415 ριμος
503 2337 617 2410 εἴη,
678 2339 764 2393 δτι
842 2336 1072 2412 οὐδεμιᾷ
1138 2339 1420 2394 ὑπόκειται
1493 2338 1664 2412 τύχῃ,
1722 2339 1932 2404 τοῦνον,

291 2427 492 2484 ὁπόταν
543 2425 820 2501 δοκιμάσῃ
871 2428 900 2482 ὁ
947 2428 1274 2501 ἡγούμενος,
1306 2427 1369 2483 τὸ
1402 2427 1703 2505 μοναχικὸν
1742 2427 1935 2499 σχῆμα

289 2512 716 2591 περιϐαλλέτω·
751 2516 800 2572 εἴ
847 2515 904 2572 δὲ
946 2517 1240 2593 ἄγνωστος,
1291 2518 1367 2580 εἰς
1410 2516 1646 2593 τριετίαν
1704 2514 1933 2588 δοκιμα-

291 2605 452 2677 ζὲτῳ,
484 2606 576 2661 καὶ
625 2607 672 2662 εἰ
721 2605 867 2676 ἄξιος
915 2607 1150 2683 κριθείη,
1194 2607 1584 2682 ἀποκειρέσθω,
1618 2604 1787 2679 μηδὲν
1829 2601 1936 2659 δεμ

288 2695 378 2748 νὸν
411 2697 606 2750 παθεῖν
637 2695 1011 2771 ὑφορώμενος,
1044 2697 1090 2750 εἰ
1129 2695 1368 2772 ὄχλησις
1402 2697 1536 2770 μετά
1581 2701 1750 2750 ταῦτα
1797 2715 1938 2766 συμ-

291 2779 420 2855 ϐαίη
484 2788 644 2856 Ζήτει
709 2785 881 2858 νόμον
939 2785 1028 2840 καὶ
1077 2786 1129 2841 ἐν
1180 2791 1262 2860 τῷ
1315 2788 1387 2860 ιβ’
1417 2807 1536 2861 κεφ.
1566 2790 1664 2840 τοῦ
1711 2789 1756 2844 Δ
1792 2805 1938 2838 στοι-

291 2874 473 2948 χείου.

361 2965 607 3038 Προνοίᾳ
653 2969 750 3019 τοῦ
807 2963 1110 3020 ἐπισκόπου
1171 2967 1310 3038 μήτε
1366 2965 1597 3039 μοναχοί
1650 2965 1789 3036 μήτε
1840 2982 1939 3034 μο-

291 3053 544 3128 νάστριαι
592 3057 729 3108 κατά
773 3054 870 3116 τὰς
919 3054 1114 3118 πόλεις
1158 3056 1647 3130 περιερχέσθωσαν,
1678 3052 1822 3108 ἀλλὰ
1854 3047 1943 3104 διὰ

291 3145 402 3196 τῶν
460 3142 899 3218 ἆποκρισταρίων
956 3145 1052 3206 τὰς
1111 3144 1422 3220 ἃποκρίσεις
1468 3143 1644 3199 αὐτῶν
1695 3143 1945 3198 ποιείτω-

293 3251 410 3300 σαν,
446 3230 500 3286 ὲν
541 3237 662 3294 τοῖς
715 3234 1102 3307 μοναστηρίοις
1150 3235 1414 3307 μένοντες.
1447 3235 1605 3304 Ζήτει
1652 3232 1740 3287 καὶ
1789 3232 1840 3287 ἐν
1866 3237 1944 3304 τῷ

297 3325 340 3389 ζ’
371 3341 497 3397 κεφ.
527 3326 628 3376 τοῦ
659 3324 700 3378 Κ
731 3321 1036 3398 στοιχείου.

364 3409 438 3465 Εἴ
481 3430 566 3471 τις
601 3415 710 3466 τῶν
783 3416 1040 3486 μοναχῶν
1083 3414 1147 3468 τὸ
1205 3414 1570 3488 μοναστήριον
1625 3412 1940 3468 καταλιπὼν

294 3497 374 3560 εἰς
417 3501 683 3573 κοσμικὸν
741 3501 995 3574 μετέλθοι
1027 3501 1166 3577 βίον,
1198 3501 1355 3565 οὗτος
1393 3506 1492 3572 τῆς
1534 3502 1810 3578 στρατείας
1851 3501 1940 3557 καὶ

292 3594 395 3656 τῆς
455 3595 648 3661 τιμῆς,
706 3589 758 3645 εἴ
826 3611 947 3645 τινα
1019 3590 1306 3662 ἐκτήσατο,
1363 3593 1668 3667 γυμνωθεὶς
1725 3597 1940 3667 πρῶτον

295 3679 433 3751 πρὸς
478 3682 576 3733 τοῦ
625 3678 902 3756 ἐγχωρίου
949 3679 1248 3736 ἐπισκόπου
1285 3681 1374 3737 κοὶ
1406 3685 1501 3736 τοῦ
1529 3679 1820 3758 ἄρχοντος,
1852 3682 1942 3736 αὖ-

296 3767 378 3828 θις
429 3770 552 3839 μεθ’
595 3767 669 3822 ὧν
719 3769 1052 3840 ἐπεκτήσατο
1100 3771 1437 3847 πραγμάτων
1467 3770 1518 3825 έν
1562 3776 1642 3844 τῷ
1674 3792 1941 3844 μοναστη-

297 3856 400 3930 ρίῳ
427 3857 521 3911 καὶ
551 3855 698 3912 ἄκων
729 3853 1111 3930 ἐμϐαλλέσθω.

365 3948 432 4002 Οἱ
491 3946 586 4002 τὸν
639 3950 859 4023 μονήρη
909 3948 1024 4022 βίον
1075 3949 1475 4024 ἐπανῃρημένοι
1526 3948 1648 4006 οὕτε
1683 3971 1941 4026 κουρατο-

289 4033 574 4106 ρούουσιν,
634 4031 756 4088 οὔτε
831 4034 1294 4110 ἐπιτροπεύουσιν,
1344 4035 1465 4092 οὔτε
1535 4035 1685 4098 δίκας
1745 4037 1938 4112 ἐτέρων

287 4121 566 4197 λέγουσιν,
600 4120 714 4177 οὐδ’
773 4123 832 4178 ἂν
891 4130 1162 4200 συγγενεῖς
1219 4122 1349 4179 ὦσιν
1383 4127 1436 4180 o't
1475 4127 1569 4188 τὰς
1602 4125 1752 4189 δίκας
1785 4124 1940 4206 ἔχον·

287 4230 404 4282 τες,
435 4209 590 4280 πλὴν
615 4211 748 4281 ὑπὲρ
791 4214 892 4282 τῆς
936 4210 1075 4276 ίδίας
1113 4214 1202 4268 καί
1255 4235 1427 4286 μονης
1463 4221 1658 4288 μονῆς,
1690 4215 1781 4270 καὶ
1816 4217 1940 4271 τότε

288 4297 596 4354 συναινέσει
623 4303 720 4354 τοῦ
747 4300 1088 4376 ἡγουμένου.

363 4389 492 4442 Ἐὰν
541 4389 786 4464 μοναχὸς
832 4389 1107 4466 καταλίπῃ
1149 4391 1210 4447 τὸ
1261 4390 1398 4447 ἴδιον
1434 4396 1818 4468 μονασττςριον,
1849 4394 1938 4449 καὶ

286 4477 366 4540 εἷς
423 4475 611 4552 ἕτερον
670 4477 826 4552 ἔλθῃ,
867 4478 923 4534 εἴ
973 4501 1089 4536 τινα
1144 4481 1441 4558 πράγματα
1497 4483 1551 4536 ἐν
1608 4482 1688 4556 τῷ
1742 4489 1936 4558 καιρῷ,

284 4569 407 4625 καθ’
446 4567 510 4621 ’ὸν
559 4565 624 4621 τὸ
655 4571 1020 4645 μοναστηριον
1068 4570 1486 4642 καταλέλοιπεν,
1534 4567 1680 4648 ἔχειν
1719 4577 1935 4650 φανείη,

2040 638 2099 692 in
2135 636 2366 708 proprio
2399 651 2629 690 manere
2659 631 3024 697 habitaculo;
3058 629 3242 686 solam
3277 632 3476 682 autem
3505 624 3681 680 ostia-

2041 727 2189 782 riam
2209 730 2268 782 et
2297 723 2648 780 abbatissam
2681 721 3003 788 rectricem,
3031 720 3083 776 si
3104 718 3260 786 velit,
3291 719 3572 773 interesse
3609 714 3682 769 iis

2042 832 2172 887 quae
2201 815 2350 870 fiunt
2377 831 2392 872 :
2429 817 2487 868 et
2517 812 2665 878 illos,
2697 827 2826 866 cum
2879 812 3134 882 primum
3172 805 3475 878 exsequias
3504 819 3685 876 quam

2041 903 2342 959 celerrime
2391 901 2755 974 perfecerint,
2822 899 3014 955 statim
3063 901 3349 966 recedere,
3403 910 3508 950 nec
3547 891 3685 948 ullis

2043 1011 2077 1050 a
2125 1009 2188 1049 se
2232 992 2374 1048 visis
2422 988 2786 1058 monialium,
2826 1005 3014 1060 neque
3062 987 3134 1042 iis
3166 989 3238 1043 ab
3293 1000 3492 1042 earum
3549 979 3688 1038 ullis

2043 1081 2388 1154 conspectis.
2419 1079 2610 1135 Tertio
2639 1095 2772 1134 vero
2808 1081 2866 1134 et
2915 1093 3066 1134 nono
3123 1077 3218 1133 die
3257 1072 3686 1136 convenientes,

2044 1176 2218 1244 prout
2246 1171 2305 1226 in
2339 1174 2701 1225 mortuorum
2723 1167 3012 1238 exsequiis
3047 1183 3174 1222 mos
3212 1163 3486 1232 obtinuit,
3517 1177 3688 1234 porro

2044 1271 2098 1316 et
2126 1265 2260 1332 post
2289 1259 2679 1332 quadraginta
2701 1257 2826 1314 dies
2850 1257 3161 1313 memorias
3179 1271 3376 1312 eorum
3403 1255 3471 1310 ad
3504 1257 3688 1309 statu-

2046 1355 2175 1405 tum
2203 1353 2436 1420 tempus
2466 1347 2779 1404 celebrant.
2809 1345 2870 1400 Si
2901 1344 3216 1402 mulierum
3267 1344 3342 1400 sit
3393 1351 3688 1400 monaste-

2043 1441 2216 1505 rium,
2236 1439 2432 1494 omnia
2452 1437 2704 1493 faciunto
2726 1435 3018 1504 mulieres,
3051 1435 3142 1491 sin
3175 1442 3372 1492 autem
3403 1437 3686 1496 virorum,

2045 1529 2173 1586 viri.

2117 1617 2242 1674 Non
2288 1616 2502 1673 multos
2551 1631 2676 1671 esse
2722 1614 2782 1670 in
2831 1613 3252 1670 monasterium
3323 1612 3540 1682 aditus,
3587 1613 3689 1668 sed

2047 1723 2226 1762 unum
2257 1711 2357 1762 aut
2387 1705 2630 1762 alterum
2681 1706 2901 1774 forsan,
2944 1708 3000 1760 et
3033 1705 3263 1760 adstare
3300 1704 3500 1776 janu
3537 1703 3691 1759 viros

2047 1814 2214 1853 senes
2243 1801 2301 1852 et
2329 1801 2553 1864 cautos,
2576 1795 2676 1868 qui
2707 1797 2940 1868 quidem
2983 1812 3174 1867 neque
3221 1792 3540 1850 monachos
3571 1795 3693 1849 abs-

2047 1904 2156 1958 que
2200 1886 2448 1957 prsafecti
2502 1884 2797 1942 voluntate
2842 1883 3035 1956 egredi
3082 1883 3444 1956 permittant,
3503 1899 3690 1953 neque

2047 1976 2316 2047 impunes
2355 1980 2517 2030 extra
2581 1975 3004 2031 monasterium
3047 1977 3390 2046 pernoctare
3451 1978 3508 2028 et
3557 1989 3686 2044 per-

2044 2082 2296 2122 nnanere.

2115 2250 2220 2316 Qui
2244 2249 2565 2306 monachus
2587 2265 2712 2304 esse
2733 2247 2892 2312 velit,
2919 2248 2969 2304 si
3002 2247 3229 2320 quidem
3262 2247 3334 2302 de
3355 2261 3423 2301 eo
3448 2246 3690 2313 constet,

2043 2338 2204 2410 quod
2228 2337 2373 2394 nulli
2406 2339 2650 2394 fortuna
2679 2337 3002 2394 conditioni
3037 2337 3338 2408 subjectus
3375 2337 3474 2404 sit,
3496 2333 3685 2401 illum,

2045 2429 2281 2501 quando
2305 2429 2724 2484 examinaverit
2746 2429 3075 2500 praefectus,
3134 2427 3524 2484 monasticum
3582 2425 3688 2482 ha-

2047 2519 2230 2574 bitum
2254 2519 2498 2586 induat;
2531 2518 2623 2574 sin
2667 2524 2858 2574 autem
2911 2535 3026 2575 non
3074 2522 3319 2588 constet,
3365 2532 3468 2589 per
3507 2515 3688 2573 trien-

2047 2607 2210 2663 nium
2243 2608 2538 2679 probetur,
2583 2611 2642 2664 et
2686 2609 2739 2664 si
2793 2609 3005 2680 dignus
3058 2611 3389 2674 censeatur,
3449 2605 3686 2662 tondea-

2045 2697 2160 2763 tur,
2193 2696 2337 2752 nihil
2358 2713 2531 2770 grave
2549 2697 2668 2769 pati
2707 2705 3034 2768 suspectus,
3084 2696 3133 2753 si
3183 2701 3312 2767 post
3351 2695 3472 2750 haec
3515 2710 3686 2765 nego-

2048 2785 2196 2841 tium
2219 2787 2454 2859 aliquod
2487 2787 2780 2843 acciderit.
2816 2789 3016 2854 Quasre
3045 2787 3230 2860 legem
3277 2787 3336 2842 in
3393 2786 3461 2840 12
3501 2785 3686 2854 capite

2049 2876 2264 2933 littera
2294 2883 2349 2931 A.

2119 2966 2386 3038 EpiscOpi
2418 2968 2803 3040 praecentione
2833 2983 3020 3040 neque
3039 2969 3308 3026 monachi
3339 2985 3525 3042 neque
3565 2985 3688 3024 mo-

2050 3055 2248 3110 nachae
2281 3072 2380 3126 per
2409 3056 2668 3114 civitates
2697 3059 2988 3126 oberrent,
3018 3059 3116 3114 sed
3156 3074 3259 3132 per
3289 3059 3690 3131 apocrisiarios

2052 3145 2459 3215 responsiones
2479 3162 2614 3201 suas
2645 3146 2804 3214 dent,
2837 3147 2897 3202 in
2930 3147 3292 3206 monasteriis
3315 3147 3434 3204 suis
3463 3164 3690 3220 perma-

2053 3237 2277 3290 nentes.
2311 3235 2508 3301 Quzere
2535 3236 2715 3292 etiam
2745 3235 2804 3291 in
2825 3237 2861 3288 7
2891 3237 3078 3309 capite
3099 3237 3302 3295 litteras
3331 3243 3394 3294 Κ.

2125 3413 2183 3469 Si
2225 3413 2355 3485 quis
2383 3414 2698 3470 monachae
2739 3417 3156 3473 monasterium
3188 3417 3510 3492 reliquerit,
3544 3425 3602 3476 et
3629 3423 3690 3478 in

2049 3501 2384 3558 saecularem
2417 3503 2590 3558 vitam
2625 3505 2943 3572 transierit,
2974 3505 3085 3562 iste
3125 3506 3334 3563 militia
3375 3516 3429 3564 et
3471 3509 3690 3568 honore

2045 3590 2120 3662 (si
2150 3606 2321 3662 quem
2352 3591 2643 3666 habuerit)
2665 3595 2952 3666 spoliatus
2983 3596 3173 3668 primo
3204 3613 3238 3650 ιι
3267 3594 3378 3653 1οοί
3421 3599 3689 3674 episcopo

2047 3688 2105 3741 et
2134 3687 2422 3756 praefecto,
2445 3687 2654 3746 deinde
2683 3705 2816 3745 cum
2866 3690 2937 3746 iis
2983 3707 3127 3763 quas
3184 3691 3440 3764 possidet
3489 3694 3684 3764 rebus,

2047 3773 2107 3830 in
2140 3776 2494 3832 monasterio
2525 3777 2612 3833 vel
2641 3779 2858 3836 invitus
2886 3781 3234 3838 detineatur.

2117 3957 2221 4020 Qui
2249 3959 2628 4016 monasticam
2658 3969 3045 4034 susceperunt
3065 3964 3266 4035 vitam,
3296 3982 3486 4038 neque
3513 3985 3686 4027 cura-

2048 4049 2200 4102 tores
2225 4046 2383 4112 tiant,
2419 4065 2605 4122 neque
2647 4057 2888 4122 tutores,
2953 4071 3142 4128 neque
3179 4056 3424 4114 aliorum
3477 4076 3686 4117 causas

2049 4141 2242 4205 agant,
2266 4152 2454 4207 neque
2474 4139 2523 4194 si
2545 4141 2776 4212 cognati
2807 4142 2946 4212 sint,
2969 4145 3068 4216 qui
3091 4144 3255 4201 litem
3301 4147 3538 4217 habent,
3572 4149 3685 4205 nisi

2050 4239 2153 4294 pro
2182 4239 2288 4280 suo
2317 4225 2440 4282 solo
2470 4230 2840 4302 monasterio,
2882 4237 2940 4289 et
2975 4239 3114 4290 tunc
3155 4251 3391 4309 quoque
3435 4238 3687 4309 praefecti

2049 4326 2359 4370 CODBGDBU.

2118 4402 2176 4455 Si
2208 4403 2531 4462 monachus
2561 4409 2862 4481 proprium
2917 4413 3334 4471 monasterium
3387 4413 3689 4488 reliquerit

2047 4493 2106 4546 et
2132 4490 2189 4546 in
2222 4491 2378 4547 aliud
2409 4495 2724 4566 transierit,
2747 4515 3130 4575 quascunque
3160 4521 3250 4560 res
3282 4521 3384 4578 per
3421 4506 3480 4562 id
3541 4513 3686 4562 tem-

2052 4597 2180 4651 pus,
2213 4597 2329 4653 quo
2361 4589 2777 4644 monasterium
2809 4590 3131 4664 reliquerit,
3157 4594 3372 4652 habere
3399 4595 3688 4652 videbitur

282 4662 366 4729 τῷ
393 4657 610 4732 πρώτῳ
667 4658 1032 4733 μοναστηρίῳ,
1064 4659 1140 4723 εἷς
1181 4661 1211 4716 ’ὀ
1241 4659 1482 4732 εἰσῆλθε,
1531 4660 1696 4716 ταῦτα
1753 4661 1935 4742 διαφέ-

2059 4671 2112 4730 td
2148 4675 2583 4748 monasterium,
2616 4680 2675 4734 in
2715 4681 2868 4751 quod
2901 4683 2973 4738 ab
3018 4682 3181 4740 initio
3229 4686 3525 4756 ingressus
3575 4693 3684 4757 est,

284 4767 398 4822 ρειν
430 4745 752 4820 κελεύομεν.

357 4836 802 4912 ’Δπαγορεύομεν
839 4843 953 4900 τοῖς
999 4843 1220 4914 γονεῦσι
1266 4841 1394 4904 τοὺς
1450 4839 1647 4904 παῖδας
1691 4861 1930 4917 μοναχι-

279 4929 378 4984 κὸν
429 4925 866 5002 ἐπιλεγομένους
927 4929 1042 5002 βίον
1097 4930 1157 4984 ἐκ
1221 4937 1327 4986 τῶν
1408 4933 1610 5007 εύαγῶν
1679 4933 1932 5012 ἀφέλκειν

281 5016 702 5091 μοναστηρίων,
807 5019 906 5086 τῆς
947 5015 1086 5080 ἰδίας
1133 5020 1328 5083 αὐτοὺς
1379 5020 1686 5078 ἀποκλείειν
1728 5023 1934 5100 κληρο-

275 5105 506 5180 νομίας,
539 5105 588 5160 εἷ
637 5107 726 5160 καὶ
754 5105 904 5162 αἰτία
948 5129 1033 5172 τις
1079 5111 1185 5185 πρὸ
1223 5131 1321 5166 του
1351 5117 1656 5188 μοναχικοῦ
1685 5135 1932 5189 παρηκο-

277 5195 528 5266 λούθησε
560 5193 707 5270 βίου.

349 5283 415 5342 Ὁ
470 5282 694 5355 μέλλων
740 5283 960 5340 εἰσιέναι
1015 5284 1089 5348 εἰς
1120 5291 1484 5361 μοναστήριον
1515 5287 1835 5346 διατιθέσθω
1865 5292 1932 5346 τὰ

274 5377 398 5430 κατ’
442 5373 610 5430 αὐτὸν
659 5375 766 5448 πρὸ
804 5381 906 5445 τῆς
957 5372 1165 5432 εἰσόδου
1195 5379 1361 5434 αὐτοῦ
1387 5398 1400 5410 ·
1442 5377 1558 5434 ἐπεὶ
1587 5385 1925 5455 προσκυροῦ-

273 5485 363 5520 ταί
414 5467 500 5536 τῷ
539 5463 897 5538 μονασοηρίῳ
943 5464 1012 5520 τᾶ
1059 5463 1220 5520 αὐτοῦ
1258 5469 1447 5538 πάντα,
1483 5469 1529 5523 εἷ’
1557 5471 1646 5524 καὶ
1698 5472 1775 5542 μὴ
1826 5470 1929 5544 ῥη-

272 5560 388 5616 τῶς
437 5555 658 5632 φήσειεν
707 5553 1008 5630 εἰσαγαγεῖν
1060 5554 1211 5624 αὐτὰ,
1243 5558 1335 5612 καὶ
1385 5555 1562 5613 οὐκέτι
1614 5557 1762 5614 ἔσται
1810 5561 1928 5614 κατ’

275 5642 468 5700 οὐδένα
494 5644 700 5719 τρόπον
733 5645 923 5718 κύριος
953 5645 1152 5701 αὐτῶν.

347 5733 410 5790 Ὀ
459 5731 547 5786 ἐπὶ
600 5735 756 5788 παισὶ
809 5735 1044 5807 μονάσας
1087 5732 1305 5792 δύναται
1353 5738 1442 5794 καὶ
1499 5738 1634 5811 μετᾶ
1660 5739 1722 5794 τὸ
1756 5741 1926 5812 μονά-

2041 4777 2140 4819 eas
2172 4763 2459 4835 pertinere
2475 4763 2778 4834 jubemus.

2116 4853 2265 4911 195
2295 4855 2698 4914 interdicimus
2719 4862 3078 4933 parentibus,
3095 4879 3168 4920 ne
3180 4863 3332 4921 filios
3345 4881 3485 4922 suos
3506 4865 3684 4924 vitam

2045 4941 2424 4998 monasticam
2453 4944 2732 5016 eligentes
2762 4964 2796 5003 a
2825 4949 3044 5008 sanctis
3075 4951 3438 5008 monasteriis
3458 4953 3686 5012 abstra-

2042 5027 2208 5099 hant,
2256 5029 2343 5085 vel
2401 5031 2734 5092 haereditate
2781 5055 2886 5093 sua
2921 5038 3054 5096 illos
3100 5041 3504 5111 submoveant,
3549 5045 3679 5102 licet

2042 5123 2176 5174 ante
2205 5116 2382 5176 vitam
2413 5123 2800 5182 monasticam
2829 5144 3008 5186 causa
3036 5129 3236 5202 aliqua
3264 5133 3590 5190 accesserit.

2113 5305 2218 5371 Qui
2251 5309 2667 5366 monasterium
2709 5309 3012 5382 ingressus
3058 5316 3170 5382 est,
3219 5331 3348 5386 quas
3397 5332 3506 5373 sua
3543 5323 3684 5374 sunt

2041 5398 2174 5448 ante
2199 5394 2530 5466 ingressum
2561 5400 2689 5470 ejus
2719 5403 2980 5468 testetur,
3012 5403 3287 5472 quoniam
3315 5420 3520 5462 omnes
3551 5407 3680 5477 ejus

2039 5480 2344 5540 facultates
2375 5487 2446 5540 ad
2471 5488 2891 5543 monasterium
2941 5489 3374 5560 adjudicantur,
3406 5493 3514 5549 etsi
3562 5511 3679 5552 non

2037 5586 2306 5641 expresse
2336 5576 2588 5631 afﬁrmet
2609 5593 2671 5632 se
2692 5575 3245 5649 illasintroduxisse,
3283 5596 3386 5637 nec
3431 5581 3680 5654 amplius

2036 5660 2156 5716 ullo
2190 5664 2361 5720 modo
2390 5666 2502 5720 erit
2532 5664 2764 5721 illarum
2797 5666 3090 5724 dominus.

2107 5751 2235 5821 Qui,
2267 5768 2400 5811 cum
2442 5753 2650 5813 habent
2693 5754 2930 5828 liberos,
2969 5756 3294 5817 monachus
3326 5759 3412 5830 ﬁt,
3437 5758 3490 5816 ei
3518 5757 3674 5827 licet,
