4098 6332
399 414 479 474 59
1681 442 2034 505 MATTHJE

2162 440 2392 503 LASTA
2402 442 2523 504 RIS

3733 453 3815 513 60

398 553 487 648 vel
514 559 827 628 postquam
861 568 1279 625 monasterium
1312 570 1611 643 ingressus
1632 580 1740 647 est,
1762 578 1916 636 bona
1936 596 2034 637 sua

2162 594 2245 628 σαι
2305 572 2506 632 διελεῖν
2561 580 2660 648 τήν
2718 577 2904 635 οὐσίαν
2963 581 3133 638 αὐτοῦ
3205 589 3322 648 τοῖς
3399 582 3557 648 ἰδίοις
3631 587 3812 641 παισὶν

397 639 553 699 inter
582 644 733 702 filios
763 666 903 707 suos
935 653 1209 727 dividere,
1264 639 1438 717 unam
1488 675 1705 735 partem
1725 639 1866 724 Isibi
1913 670 2055 726 reti-

399 746 565 825 nens,
589 750 761 806 quam
796 740 972 797 etiam
1004 748 1357 804 monasterio
1388 752 1729 825 despondet.

468 820 534 919 Si
560 827 884 884 monachus
916 830 1221 891 intestatus
1244 820 1542 912 moriatur,
1564 847 1705 899 tunc
1729 845 1899 903 liberi
1923 848 2050 919 ejus

518 911 793 1009 intestato
841 917 1249 981 'hareditatem
1303 910 1607 1002 accipient,
1650 933 1759 990 hoc
1808 941 1916 1004 est,
1948 910 2052 1009 per

398 1000 697 1059 falcidiam
720 1004 928 1079 legem,
955 1011 1181 1085 reliqua
1200 1032 1331 1072 vero
1355 1000 1705 1079 monasterio
1729 1000 2046 1084 donantur.

468 1185 844 1256 Imperatoris
909 1195 1118 1250 Leonis
1176 1199 1422 1273 novella,
1464 1207 1784 1263 secundum
1827 1209 2046 1267 dictum

393 1273 603 1343 synodi
626 1290 931 1348 canonem,
963 1282 1149 1341 tilium
1194 1289 1428 1356 quidem
1472 1293 1671 1351 decem
1715 1314 1902 1355 annos
1933 1317 2046 1356 na-

394 1369 515 1417 tum
549 1369 971 1426 monasterium
994 1370 1220 1444 ingredi
1239 1378 1424 1450 jubet,
1450 1387 1507 1438 et
1526 1387 1913 1444 monasticum
1947 1389 2047 1446 ha-

398 1451 585 1507 bitum
619 1453 883 1527 induere,
917 1478 1029 1516 non
1063 1470 1260 1521 autem
1309 1471 1381 1526 de
1412 1472 1580 1530 bonis
1640 1475 1763 1531 suis
1819 1479 2043 1548 testari,

396 1539 579 1635 donec
611 1544 678 1598 16
706 1545 796 1601 vel
820 1549 887 1603 17
915 1567 1099 1608 annos
1121 1554 1395 1627 attigerit.
1429 1562 1695 1620 Arbitror
1738 1566 1920 1635 enim,
1954 1539 2046 1626 in;

394 1631 541 1701 quit,
571 1636 725 1706 quod
748 1637 834 1693 vel
851 1638 924 1694 ob
945 1639 1097 1697 hanc
1121 1646 1406 1704 rationem
1431 1668 1680 1724 magnus
1709 1631 1962 1714 Basilius
1983 1659 2044 1716 in

394 1736 502 1776 suo
546 1724 792 1779 ascetico
856 1728 1003 1786 libro
1062 1732 1169 1789 hoc
1233 1736 1426 1809 ipsum
1474 1748 1700 1813 tempus
1747 1749 2041 1819 statuerit,

395 1809 547 1905 quod
572 1809 727 1905 nihil
757 1818 930 1885 vetat,
961 1818 1103 1890 quin
1134 1822 1243 1879 hac
1271 1828 1435 1883 atate
1463 1828 1534 1884 de
1562 1809 1688 1886 s—uis
1718 1832 1886 1889 bonis
1908 1809 2043 1905 pos;

399 1895 518 1953 sint
554 1899 891 1961 deliberare.

477 2076 777 2170 Monachis
827 2086 1041 2158 duplex
1072 2106 1221 2162 opus
1263 2110 1392 2150 esse
1439 2103 1683 2169 oportet,
1730 2100 1816 2156 vel
1862 2103 2045 2170 sacris

409 2165 724 2238 Scripturis
752 2176 1017 2246 occupari
1047 2184 1103 2234 et
1132 2180 1189 2235 in
1246 2183 1318 2238 iis
1363 2165 1592 2257 semper
1639 2165 1923 2260 meditari,
1956 2191 2045 2249 vel

409 2269 534 2324 qua
557 2260 870 2317 monachos
900 2264 1107 2323 decent
1137 2286 1416 2329 manuum
1438 2277 1801 2347 operationes
1821 2280 2043 2339 subire.

405 2344 545 2402 Nam
572 2348 838 2421 cogitatio
858 2368 1002 2425 vaga
1032 2358 1089 2410 et
1115 2357 1300 2416 otiosa
1328 2344 1625 2421 nihil'boni
1657 2367 1944 2437 producit.

474 2528 703 2603 Laicus,
726 2537 785 2590 et
816 2536 1062 2595 maxime
1082 2542 1373 2611 scenicus,
1412 2545 1498 2603 vel
1547 2548 1877 2617 fornicator,
1911 2568 2040 2624 por-

398 2620 530 2673 tans
559 2620 643 2674 vel
673 2620 912 2681 imitans
942 2632 1330 2689 monasticam
1364 2640 1421 2689 et
1452 2644 1716 2694 sanctum
1748 2620 2037 2710 habitum,

394 2711 769 2801 corporaliter
796 2716 1131 2786 punitur,et
1159 2720 1231 2776 ab
1263 2724 1552 2795 episcopis
1580 2731 1638 2782 et
1680 2729 2039 2801 magistrati-

393 2797 504 2864 bus
537 2799 863 2873 relegatur;
896 2810 963 2862 ut
988 2809 1084 2879 qui
1129 2808 1307 2869 alicui
1356 2813 1759 2873 ecclesiastica
1782 2797 2038 2875 vconsti-

391 2887 866 2951 tutioniilludere
897 2897 1227 2958 meditatur.
1261 2903 1461 2968 Quare
1481 2890 1539 2960 et
1578 2906 1637 2959 in
1686 2907 1754 2962 33
1794 2924 1921 2979 cap.
1946 2906 2035 2963 lit-

388 2980 523 3043 tera
550 2983 609 3036 Ε.
642 2983 827 3045 Quare
856 2985 1026 3043 etiam
1048 2987 1106 3043 in
1138 2990 1206 3044 43
1237 3008 1364 3063 cap.
1398 2992 1600 3049 littera
1633 2999 1693 3051 E.

708 3163 863 3220 CAP.
903 3168 1052 3225 XVI.
1085 3172 1160 3227 De
1186 3176 1370 3229 sancto
1400 3175 1705 3247 unguenda.

2161 662 2447 737 φυλάττων
2507 667 2679 740 ἑαυτῷ
2740 670 2903 743 μέρος
2958 670 3037 742 ἓν,
3086 672 3115 727 ὃ
3170 673 3263 728 καὶ
3317 677 3398 747 τῷ
3459 675 3809 752 μοναστηρίῳ

2156 755 2220 829 ἀρ
2232 756 2409 827 μόζει.

2231 847 2355 903 Ἐὰν
2398 845 2677 910 ἀδιάθετος
2707 851 2739 904 ὁ
2791 852 3031 923 μονάσας
3057 850 3383 928 τελεῆτήσῃ,
3413 856 3535 911 τότε
3584 858 3636 911 οἱ
3683 863 3805 912 παῖ-

2161 931 2247 990 δες
2304 935 2469 992 αὐτοῦ
2534 938 2802 1012 λήψονται
2851 943 2953 1009 τὴν
2996 941 3049 1012 ἐξ
3079 942 3368 999 ἃδιαθέτου
3406 944 3804 1019 κληρονομίαν,

2158 1022 2485 1081 τουτέστιτὸ
2516 1024 2824 1104 φαλκίδιον,
2856 1028 2947 1084 καὶ
2994 1031 3060 1085 τά
3107 1029 3279 1087 λοιπᾶ
3323 1029 3536 1088 δίδοται
3583 1033 3662 1107 τῷ
3696 1055 3803 1108 μο-

2158 1115 2461 1188 ναστηρίῳ.

2226 1202 2290 1257 Ἡ
2331 1199 2388 1256 δὲ
2442 1205 2602 1278 νεαρὰ
2657 1209 2754 1259 τοῦ
2815 1206 3083 1280 βασιλέως
3138 1206 3369 1273 Λέοντος
3429 1207 3656 1277 δεκαετῆ
3708 1213 3807 1285 μὲν
3886 1226 3889 1229 ’

2156 1289 2375 1347 εἰσιέναι
2419 1294 2482 1347 τὸ
2543 1296 2908 1368 μοναστήριον
2975 1298 3069 1352 τὸν
3141 1296 3311 1353 παῖδα
3383 1299 3615 1369 κελεύει,
3664 1302 3805 1357 κατᾶ

2154 1382 2244 1437 τὸν
2297 1383 2523 1457 ῥηθέντα
2579 1391 2679 1454 τῆς
2737 1388 2784 1450 ς’
2830 1384 3053 1443 συνόδου
3108 1388 3329 1463 κανόνα,
3358 1391 3447 1444 καί
3505 1390 3567 1446 τὸ
3623 1413 3801 1463 μονα-

2155 1473 2312 1545 χικὸν
2372 1480 2567 1549 σχῆμα
2616 1470 2937 1548 λαμϐάνειν,
2973 1478 3048 1549 μὴ
3113 1479 3296 1551 μέντοι
3345 1480 3434 1534 καὶ
3467 1477 3777 1536 διατίθεσθα

2153 1562 2277 1635 περὶ
2337 1568 2444 1617 τῶν
2519 1562 2757 1638 οἰκείων,
2802 1564 3000 1643 μέχρις
3054 1565 3115 1622 ἂν
3172 1569 3200 1622 ὁ
3264 1569 3328 1633 ις’
3382 1568 3418 1638 ἢ
3480 1571 3544 1639 ιζ’
3601 1569 3797 1645 ἐπιστῇ

2151 1649 2371 1725 χρόνος.
2406 1653 2569 1725 Οἶμαι
2628 1654 2753 1730 γὰρ,
2787 1655 2942 1728 φησὶ,
2972 1652 3062 1711 διὰ
3114 1659 3276 1712 τοῦτο
3331 1658 3421 1713 καὶ
3480 1660 3570 1713 τὸν
3628 1658 3796 1734 μὲγαν

2151 1740 2434 1797 Βασίλειον
2502 1741 2717 1797 τουτονὶ
2772 1743 2864 1798 τὸν
2922 1746 3123 1819 χρόνον
3183 1745 3359 1820 ὁρίσαι
3412 1747 3464 1801 ἐν
3513 1750 3582 1821 τῇ
3622 1749 3793 1813 ἀσκη-

2150 1830 2277 1905 τικῇ
2328 1835 2491 1887 αὐτοῦ
2544 1828 2850 1907 βίϐλῳ,ὠς
2900 1832 3067 1907 μηδὲν
3115 1832 3372 1909 ἐμποδὼν
3423 1834 3589 1907 οὔσης
3634 1859 3798 1909 τηνι-

2071 1928 2118 1993 Β
2148 1926 2318 1975 καῦτα
2374 1926 2474 1988 τῆς
2528 1920 2754 1993 ἡλικίας
2785 1924 2861 1986 εἰς
2917 1926 2980 1980 τὸ
3019 1927 3143 2000 περὶ
3170 1930 3276 1982 τῶν
3312 1926 3526 1982 οἰκείων
3562 1929 3799 2003 βουλεύ-

2154 2012 2366 2070 σεισθαι.

2227 2105 2316 2155 Δεῖ
2345 2098 2402 2155 δὲ
2432 2098 2662 2158 διπλοῦν
2692 2104 2754 2159 τὸ
2782 2099 2938 2181 ἔργον
2965 2111 3080 2167 τοῖς
3115 2112 3381 2182 μοναχοῖς
3418 2108 3576 2176 εἶναι,
3608 2109 3643 2179 ἢ
3673 2114 3794 2172 ταῖς

2155 2190 2322 2251 θείαις
2371 2188 2779 2266 ἐνασχολεῖσθαι
2825 2199 3083 2272 Γραφαῖς,
3143 2196 3233 2251 καὶ
3278 2195 3497 2259 ταύταις
3564 2196 3647 2252 ἀεὶ
3697 2220 3794 2271 με-

2155 2272 2336 2349 λετᾷν,
2368 2277 2403 2346 ἢ
2434 2278 2500 2333 τὰ
2540 2285 2811 2354 μοναχοῖς
2860 2281 3140 2355 πρέποντα
3181 2280 3472 2358 ἐργόχειρα
3529 2281 3792 2357 μετιέναι.

2155 2364 2375 2421 Διάνοια
2419 2366 2525 2444 γὰρ
2578 2367 2749 2441 μάτην
2801 2369 3150 2445 σχολάζουσα
3193 2369 3347 2427 οὐδὲν
3378 2370 3437 2427 ἂν
3497 2377 3602 2428 τῶν
3661 2375 3795 2451 ἀγα.

2152 2457 2258 2510 θῶν
2287 2454 2567 2515 ἀποτέκοι.

2222 2548 2447 2618 Λαῖκὸς,
2477 2548 2566 2603 καὶ
2626 2548 2864 2622 μάλιστα
2912 2552 3188 2621 σκηνικὸς,
3218 2551 3254 2620 ἢ
3299 2552 3544 2624 πόρνοις,
3575 2574 3792 2629 κεχρη-

2153 2637 2310 2711 μένος
2338 2639 2374 2707 ἢ
2409 2638 2747 2713 μιμούμενος
2784 2640 2846 2695 τὸ
2897 2642 3193 2717 μοναχικὸν
3240 2643 3331 2698 καὶ
3378 2643 3533 2719 ἅγιον
3567 2651 3785 2723 σχῆμα,

2147 2730 2473 2800 σωματικῶς
2544 2733 2892 2803 τιμωρεῖται,
2949 2729 3040 2784 καὶ
3114 2729 3405 2807 ἐξορίζεται
3469 2734 3605 2809 πρὸς
3677 2738 3787 2789 τῶν

2144 2815 2454 2871 ἐπισκόπων
2507 2817 2598 2871 καὶ
2653 2820 2761 2872 τῶν
2821 2818 3139 2893 ἀρχόντων·
3189 2820 3449 2884 ὡσαύτως
3504 2821 3595 2877 καὶ
3625 2822 3653 2877 ὁ
3683 2822 3785 2895 ἐμ-

2141 2906 2328 2976 παῖξαι
2407 2904 2699 2980 βουληθεὶς
2772 2905 3090 2979 οἱανδήτινα
3161 2908 3622 2981 ἐκκλησιαστικην
3689 2932 3781 2966 κα-

2139 2995 2412 3052 τάστασιν.
2444 2996 2600 3066 Ζήτει
2646 2996 2736 3050 καὶ
2783 2993 2836 3051 ἔν
2867 3002 2948 3069 τῷ
2988 2997 3076 3074 λγ’
3107 3019 3227 3073 κεφ.
3260 3004 3354 3055 τνῦ
3400 3002 3442 3058 E
3475 3001 3773 3078 στοιχείουο

2136 3084 2294 3155 Ζήτει
2322 3082 2413 3138 καὶ
2444 3083 2496 3139 ἐν
2521 3088 2602 3156 τῷ
2635 3086 2702 3158 ιγ’
2723 3105 2841 3162 κεφ.
2870 3090 2967 3141 τοῦ
2998 3093 3038 3142 Ε
3065 3087 3365 3164 στοιχείου.

2311 3176 2567 3231 ΚΕΦΑΛ.
2610 3175 2734 3249 ις’.
2776 3175 2931 3251 Περὶ
2971 3182 3086 3232 τοῦ
3126 3178 3320 3252 ἁγίου
3363 3180 3592 3255 μύρου.

458 3249 658 3313 Quare
684 3252 746 3309 in
775 3255 810 3309 9
854 3258 1040 3329 capite
1086 3260 1264 3329 huius
1310 3262 1510 3321 littera
1550 3283 1831 3325 canonem
1869 3269 2022 3325 deci-

2206 3266 2364 3334 Ζήτει
2421 3263 2472 3318 ἐν
2521 3267 2602 3336 τῷ
2632 3266 2675 3319 θ’
2700 3249 2938 3342 κεφ.τοῦ
2985 3249 3252 3341 παρόντος
3295 3249 3574 3348 στοιχείου
3616 3272 3771 3329 κανόο

387 3352 547 3393 mum
578 3346 806 3399 sextum
836 3349 1040 3418 synodi
1071 3349 1421 3423 Carthagin.‘
1462 3358 1520 3411 et
1549 3355 1605 3411 in
1640 3357 1665 3411 1
1699 3357 1888 3428 capite
1936 3360 2028 3414 lit-

385 3430 519 3483 tera
550 3435 589 3483 Β
619 3448 748 3487 can.
782 3433 850 3488 48
880 3438 1087 3509 synodi
1117 3438 1472 3497 Laodicena.

731 3636 1207 3699 I981NITIUM
1248 3644 1583 3701 LlTTERzE
1622 3649 1686 3703 Ν.

383 3725 535 3781 CAP.
590 3730 632 3782 l.
693 3729 768 3782 De
811 3730 1168 3858 temptarunt.
1198 3733 1569 3802 adiﬁcatione
1630 3742 1683 3793 et
1750 3754 2029 3794 consecra-

1143 3819 1288 3858 zone.

1143 3819 1288 3860 ιονιε.

455 3887 656 3950 Quare
686 3892 751 3942 l2
779 3897 949 3960 caput
980 3890 1180 3947 littera
1223 3898 1281 3949 E.

385 4010 537 4070 CAP.
701 4014 853 4091 Quod
905 4032 1016 4091 non
1061 4026 1271 4087 oportet
1338 4023 1489 4075 intra
1560 4023 1753 4091 templi
1796 4023 2036 4079 ambitu‘

447 4083 697 4164 convivia
716 4087 860 4164 ﬁeri,
889 4088 971 4142 vel
1015 4083 1289 4164 cauponas
1306 4107 1437 4152 esse,
1479 4093 1558 4147 vel
1588 4083 1800 4164 aliquid
1838 4111 2035 4151 venum

457 4159 676 4236 exporgi,
706 4157 790 4211 vel
808 4157 1131 4227 jumentum’
1153 4162 1357 4236 absque
1386 4157 1702 4220 necessitate
1734 4166 2030 4236 mtroduci,

454 4227 538 4281 vel
565 4229 809 4299 aliquem
836 4245 962 4285 cum
987 4247 1117 4288 cum
1143 4227 1377 4290 muliere
1392 4250 1732 4306 permanere.

456 4426 655 4489 Quare
688 4426 754 4480 15
782 4432 956 4499 caput
988 4427 1212 4486 littera.
1246 4432 1309 4487 E.

383 4532 537 4590 CAP.
579 4531 674 4589 Ill.
706 4535 784 4590 De
804 4534 1399 4615 infantibusexpositis
1416 4540 1505 4615 vel
1533 4540 1599 4615 de
1645 4542 1845 4615 quibus
1872 4543 2032 4599 dubi-

811 4611 980 4674 tatur,
1008 4626 1082 4664 απ
1105 4610 1374 4681 baptizatz'
1397 4611 1636 4681 fuerint.

456 4694 655 4777 Quare
672 4695 744 4750 29
772 4701 947 4769 caput
977 4697 1177 4756 littera
1204 4704 1265 4772 I‘,
1310 4705 1367 4757 et
1418 4702 1477 4757 in
1534 4704 1792 4761 secundo
1840 4704 2028 4777 capite

380 4783 586 4840 littera
608 4774 674 4840 B.
1528 4856 1532 4860 ,

877 4876 1031 4933 CAP.
1075 4877 1164 4933 IV.
1198 4880 1272 4936 De
1292 4880 1527 4952 jejunio.

450 4963 798 5021 Sanctorum
834 4966 1225 5039 apostolorum
1246 4970 1318 5024 69
1338 4986 1521 5027 canon
1544 4971 1749 5028 ﬁdeles
1770 4973 2026 5038 Quadra-

380 5053 660 5125 gesimale
690 5058 922 5126 tempus
953 5062 1088 5112 ante
1118 5064 1389 5115 sanctum
1437 5062 1622 5116 Pasba
1672 5060 1817 5116 nihil
1853 5060 2019 5133 quid-

380 5158 558 5213 quam
588 5144 764 5199 studii
816 5146 1174 5203 remittentes
1206 5149 1430 5219 jejunio
1469 5150 1803 5207 incumbere
1853 5149 2025 5219 jubet

379 5236 437 5287 et
456 5232 851 5302 continentia,
884 5234 943 5290 in
984 5237 1327 5293 memoriam
1346 5239 1583 5310 quidem
1606 5254 1883 5295 revocans
1901 5239 2024 5294 dies

377 5320 531 5387 illos,
566 5321 621 5374 in
656 5321 870 5391 quibus
901 5323 1418 5397 Dominusjejunio
1467 5327 1788 5384 instructus
1835 5328 2026 5399 quoad

384 5410 1094 5480 humanitatem,hostem
1130 5420 1396 5472 nostrum
1416 5418 1614 5489 cepit:
1663 5433 1831 5488 porro
1868 5420 1925 5472 et
1970 5417 2029 5471 in

374 5497 576 5570 quovis
609 5507 817 5570 quarto
842 5503 934 5558 die
956 5510 1015 5560 et
1035 5508 1350 5562 Parasceve
1374 5506 1833 5576 uniuscujusque
1871 5510 2030 5561 cate-

378 5603 586 5646 rarum
635 5591 776 5647 anni
823 5593 1303 5664 septimanarum,
1348 5594 1613 5649 similiter
1680 5594 1945 5664 jejunare
1980 5596 2036 5650 et

380 5677 567 5736 aridis
600 5681 772 5737 vesci.
806 5681 926 5738 Illis
956 5684 1303 5754 autem,qui
1329 5684 1391 5738 in
1423 5683 1517 5738 his
1566 5683 1845 5739 omnibus
1878 5683 2037 5753 jeju-

385 5774 553 5832 nium
583 5787 703 5832 non
726 5770 992 5845 tolerant,
1022 5772 1248 5833 clericis
1292 5773 1554 5848 quidem,
1586 5773 2030 5846 depositionem,

2058 4646 2107 4710 D

2135 3373 2198 3407 να
2231 3356 2297 3415 ις’
2325 3359 2425 3421 τῆς
2478 3351 2530 3407 ἐν
2586 3353 2898 3429 Καρθαγένῃ
2955 3353 3208 3426 συνόδου,
3239 3359 3327 3414 καὶ
3364 3359 3419 3414 ἐν
3468 3364 3548 3433 τῷ
3576 3362 3625 3415 α’
3654 3381 3773 3441 κεφ.

2135 3445 2232 3495 τοῦ
2289 3446 2326 3494 Β
2383 3440 2661 3516 στοιχείου
2717 3444 2908 3498 κανόνα
2968 3446 3063 3517 μη⁰
3088 3452 3189 3517 τῆς
3229 3446 3282 3503 ἐν
3332 3445 3621 3523 Λαοδικείᾳ
3644 3440 3768 3507 συν·

2139 3527 2289 3586 ὁδου.

2529 3627 2709 3678 ΑΡΧΗ
2748 3629 2872 3678 ΤΟΥ
2907 3628 2957 3681 Ν
2995 3630 3374 3685 ΣΤΟΙΧΕΙΟΥ.

2143 3733 2396 3783 ΚΕΦΑΛ.
2448 3729 2528 3784 Α’.
2581 3730 2734 3804 Περὶ
2803 3735 2971 3808 ναῷν
3039 3731 3411 3808 οἰκοδομῆς
3466 3757 3574 3792 και
3630 3740 3778 3793 καθ-

2783 3804 3139 3875 ιερώσεως.

2213 3889 2370 3957 Ζήτει
2398 3888 2461 3942 τὸ
2497 3890 2566 3963 ιβ’
2592 3910 2711 3967 κεφ.
2741 3894 2838 3945 τοῦ
2869 3895 2911 3946 Ε
2941 3892 3244 3967 στοιχείου.

2351 4040 2355 4045 ὓ
2491 4015 2501 4027 ι
2549 4016 2571 4034 υ
2784 4014 2797 4033 9
2923 4022 2945 4032 ν
2991 4012 3033 4052 »1.
3068 4015 3091 4034 εκ
3261 4021 3285 4031 -ι
3456 4028 3481 4038 ...,
3611 4026 3623 4044 κ

2146 4017 2404 4070 ΚΕΦΑΛ.
2447 4019 2521 4071 Β.
2583 4021 2693 4069 Οτι
2734 4035 2805 4069 ου
2846 4012 2944 4069 δει
2988 4034 3170 4073 εδοον
3207 4041 3331 4074 των
3371 4044 3485 4077 του
3524 4045 3643 4080 νεω
3682 4048 3781 4081 πε·-

2216 4083 2507 4167 ριόόλιιιν
2568 4086 2906 4167 συμπόσια
2963 4088 3289 4167 γίνεσθαι,
3348 4095 3382 4162 ἢ
3430 4097 3779 4167 ’καπηλεῖα

2215 4154 2411 4227 εἶναι,
2450 4154 2486 4226 ἤ
2536 4178 2597 4211 τι
2654 4154 2831 4240 κατ’.
2863 4154 3212 4240 ἐμπορίαν⁸
3246 4154 3701 4240 προτίθεσθαι,
3741 4171 3775 4239 ἤ

2216 4235 2461 4315 κτῆγος
2531 4230 2744 4318 χωρὶς
2806 4230 3095 4319 ἀνάγκης
3160 4230 3470 4311 εἰσάγειν,
3630 4230 3779 4296 τίνὰ

2220 4300 2379 4372 μετὰ
2415 4300 2724 4375 γυναικὸς
2763 4300 3180 4375 καταμένειν.

2215 4427 2373 4495 Ζήτει
2401 4423 2463 4479 τό
2499 4428 2561 4480 ιε’
2590 4446 2711 4501 κεφ.
2742 4431 2839 4481 τοῦ
2872 4434 2910 4483 Ε
2940 4432 3245 4504 στοιχείου.

2144 4532 3557 4621 ΚΕΦΑΛ.ΩΙ”ζξ1ερξνηπίωνηέκτιθεμίὲνων,ἤ
3598 4543 3783 4621 ἀμφι-

2402 4599 2862 4678 ϐαλλομένων,
2902 4607 2957 4662 εἰ
2997 4599 3512 4681 ἐϐαπτίσθησαν.

2205 4695 2364 4764 Ζήτει
2409 4692 2471 4748 τὸ
2509 4694 2590 4748 κΘ¹
2620 4714 2741 4771 κεφ.
2782 4700 2879 4750 τοῦ
2926 4702 2965 4751 Γ
3017 4700 3320 4776 στοιχείου,
3351 4702 3441 4756 καὶ
3475 4703 3537 4756 τὸ
3578 4704 3628 4778 β’
3656 4725 3778 4781 κεφ.

2133 4787 2230 4839 τοῦ
2261 4784 2304 4840 Β
2336 4782 2635 4858 στοιχείου.

2478 4878 2731 4930 ΚΕΦΔΛ.
2773 4875 2843 4931 Δ’.
2886 4876 3047 4950 Περὶ
3085 4880 3419 4948 νηστείας.

2204 4963 2261 5017 Ὀ
2291 4962 2367 5033 ξθ¹
2416 4966 2525 5017 τῶν
2580 4960 2752 5037 ἁγίων
2812 4963 3135 5020 ἀποστόλων
3182 4969 3361 5024 κανὼν
3409 4970 3500 5025 τὸν
3547 4971 3655 5046 πρὸ
3680 4977 3780 5028 τοῦ

2134 5051 2292 5127 ἁγίου
2380 5052 2574 5126 Πάσχα
2643 5054 3216 5129 τεσσαρακονθήμερον
3298 5061 3523 5135 χρόνον,
3606 5060 3780 5133 μηδὲν

2134 5138 2376 5210 σπουδῆς
2436 5139 2563 5202 τοὺς
2640 5141 2864 5204 πιστοὺς
2928 5143 3190 5215 ἀνιέστας,
3248 5148 3470 5221 νηστείᾳ
3544 5151 3779 5221 θεσπίζει

2135 5228 2491 5307 προσανέχειν
2544 5230 2634 5283 καὶ
2684 5228 2984 5304 ἐγκρατείᾳ,
3041 5233 3119 5295 είς
3179 5238 3403 5309 μνήμην
3477 5237 3619 5313 ἄγων
3672 5246 3782 5295 τῶν

2137 5322 2361 5392 ἡμερῶν
2410 5316 2587 5388 δήπου
2643 5318 2872 5389 ἐκείνων,
2925 5318 2976 5375 ἐν
3045 5326 3132 5386 αἷς
3188 5324 3216 5378 ὁ
3285 5325 3504 5400 Κύριος,
3566 5329 3785 5401 νηστείᾳ

2142 5410 2482 5484 φραξάμενος
2530 5410 2665 5463 κατὰ
2700 5410 2763 5463 τὸ
2812 5410 3174 5486 ἀνθρώπινον,
3215 5415 3305 5470 τὸν
3355 5415 3621 5492 ἡμέτερον
3667 5418 3782 5474 εἷλε

2143 5497 2412 5569 πολέμιον
2441 5516 2454 5529 ο
2500 5496 2561 5550 οὐ
2615 5500 2722 5569 μὴν
2768 5496 2915 5556 ἁ).λὰ
2960 5503 3047 5557 καὶ
3099 5508 3269 5559 πᾶσαν
3300 5506 3528 5579 τετράδα
3557 5508 3648 5561 καὶ
3680 5513 3788 5562 Πα-

2146 5587 2410 5662 ρασκευὴν
2453 5584 2682 5655 ἑκάστης
2734 5591 2842 5642 τῶν
2892 5588 3077 5647 ἄλλων
3126 5596 3223 5647 τοῦ
3270 5592 3510 5649 ἐνιαυτοῦ
3542 5591 3783 5669 ἑϐδομά-

2149 5675 2280 5742 δων,
2311 5674 2361 5745 ἐξ
2419 5672 2540 5746 ἴσης
2598 5673 2825 5733 ἐκείναις
2880 5678 2932 5735 ἐν
2979 5682 3199 5754 νηστείᾳ
3256 5679 3455 5758 διάγειν
3506 5687 3595 5741 καὶ
3635 5689 3786 5760 ξηρο-

2150 5764 2335 5845 φαγίᾳ.
2393 5770 2515 5827 Τοῖς
2568 5787 2631 5843 γε
2687 5770 2797 5841 μὴν
2877 5769 2975 5827 οὐκ
3038 5772 3394 5847 ἀνεχομένοις
3450 5773 3503 5833 ἐν
3560 5776 3781 5842 ταύταις
