4098 6332
243 348 308 410 οι
1265 349 1690 412 SYNTAGMA
1732 350 2371 412 ALPHABETICUM.
2417 384 2494 397 —
2540 351 2613 410 N.
3560 343 3639 403 62

245 480 465 542 ἀπάσαις
508 479 815 550 νηστεύειν,
866 481 1156 557 κληρικοῖς
1217 483 1313 554 μὲν
1367 483 1700 555 καθαίρεσιν,
1762 480 1892 536 λαϊο

2010 482 2166 540 laicis
2189 499 2342 554 vero,
2374 482 2832 556 segregationem
2864 478 3096 552 inﬂigit,
3119 475 3234 533 nisi
3256 473 3406 548 quis,
3428 472 3642 546 inquit,

244 573 354 631 κοῖς
407 567 466 624 δὲ
520 568 834 647 ἁφορισμὸν
894 568 1138 642 ἐπισείει,
1197 571 1242 626 εἰ
1294 573 1486 642 μήπου
1538 590 1640 639 τις,
1699 571 1891 647 φησὶν,

247 659 479 730 ἀσθενείᾳ
532 660 784 734 κάτοχος
840 658 914 715 ὢν
968 659 1222 736 εἴργεται.
1263 665 1326 716 Ἢ
1382 662 1486 736 γὰρ
1535 662 1757 733 νηστεία
1802 659 1892 716 διὰ

247 749 561 804 ταπείνωσιν
635 749 984 819 ἐπινενόηται
1065 757 1166 819 τῆς
1250 752 1561 826 σφριγώσης
1643 751 1841 827 σαρκός
1872 767 1886 780 ·

246 835 442 906 ταύτης
493 835 552 891 δὲ
599 837 742 908 νόσῳ
789 837 1239 908 κατασταλείσης,
1288 838 1350 892 οὐ
1395 837 1537 892 πάνυ
1592 859 1679 893 τυι
1735 839 1892 910 ἀναγ-

246 927 418 990 καῖον,
447 921 512 976 τὸ
558 922 784 994 νηστεία
812 923 1015 992 ταύτην
1063 920 1338 995 δαμάζειν.
1371 924 1516 984 Τοὺς
1563 927 1691 1000 γοῦν
1741 924 1892 977 ἀσθε-

255 1015 348 1072 ad»:
379 1005 638 1084 ἔχοντας,
667 1010 758 1065 καὶ
788 1013 888 1079 τήν
919 1011 969 1081 ἐξ
1001 1011 1208 1087 ἰχθύων
1238 1010 1446 1082 ἐδωδὴν
1474 1011 1888 1087 προσιεμένους,

246 1097 502 1174 ἄγνωμον
536 1101 614 1171 μή
668 1101 1006 1174 συγγνώμης
1047 1103 1334 1176 τυγχάνειν
1364 1121 1380 1134 ·
1428 1105 1602 1174 κρεῶν
1651 1097 1710 1156 δὲ
1742 1099 1888 1162 ὅλως

244 1188 503 1260 ἅψασθαι,
563 1185 716 1243 οὐδὲν
792 1187 1079 1264 διενήνοχε
1156 1186 1485 1257 δυσσεϐείας,
1553 1189 1598 1245 εἰ
1673 1190 1763 1245 καὶ
1827 1189 1890 1244 τὸ

243 1273 462 1329 λοίσθιά
510 1295 595 1336 τις
643 1275 846 1346 πνέων,
885 1280 956 1349 τῇ
1017 1277 1322 1352 μεταλήψει
1377 1279 1585 1333 τούτων
1644 1275 1888 1351 ἀναρῥω-

243 1367 434 1433 σθῆναι
466 1361 638 1420 δοκεῖ.
673 1366 762 1421 Ἐν
815 1367 912 1438 μὲν
941 1387 1026 1421 τοι
1067 1373 1184 1429 τοῖς
1216 1363 1459 1422 Σάϐὅασι
1505 1368 1596 1422 καὶ
1631 1373 1750 1429 ταῖς
1782 1374 1890 1423 Κυ-

243 1457 458 1528 ριακαῐς
499 1453 600 1507 τού
647 1455 1245 1529 τεσσαρακονθημέρου,
1294 1457 1638 1530 ἀφθονωτέρα
1689 1459 1894 1530 κεχρῆ-

246 1543 354 1595 σθαι
387 1547 576 1618 τροφῇ
624 1543 1062 1617 συγκεχώρηται,
1094 1545 1228 1600 κατὰ
1272 1545 1364 1600 τὸν
1401 1549 1473 1618 ξς¹
1519 1543 1890 1600 ἀποστολικὸν

244 1631 462 1702 κανόνα,
493 1630 557 1684 ’ὀν
585 1631 674 1686 καὶ
719 1633 872 1702 ζήτει
903 1632 954 1687 ἐν
986 1639 1064 1705 τῷ
1110 1633 1192 1704 λζ’
1223 1654 1342 1712 κεφ.
1371 1639 1470 1690 τοῦ
1513 1642 1552 1690 Κ
1583 1634 1889 1708 στοιχείου.

245 1725 459 1798 κυρίως
489 1721 552 1780 δὲ
598 1728 634 1796 ἡ
668 1729 774 1801 πρὸ
815 1731 914 1782 τοῦ
951 1729 1104 1804 ἁγίου
1153 1730 1346 1806 Πάσχα
1373 1731 1460 1785 καὶ
1514 1729 1654 1802 μόνη
1705 1747 1892 1784 τεσσα-

245 1815 666 1889 μκονθημερος
708 1818 930 1886 νηστεία
975 1818 1397 1891 νενομοθέτηται
1431 1840 1443 1852 ·
1502 1819 1548 1873 εἰ
1597 1819 1702 1894 γὰρ
1754 1818 1888 1886 ἦσαν

1999 571 2402 630 imbecillitate
2429 574 2726 637 detentus,
2755 571 3128 643 impediatur.
3157 564 3454 637 Jejunium
3486 561 3643 619 enim

2001 662 2397 718 introductum
2445 662 2553 717 fuit
2599 664 2834 734 propter
2872 657 3196 714 libidinosa
3225 652 3416 710 carnis
3445 651 3648 708 humi-

2001 752 2328 818 liationem;
2361 767 2491 808 eam
2531 767 2666 808 vero
2698 767 2800 823 per
2842 748 3106 804 morbum
3138 746 3264 816 jam
3295 743 3644 814 subjectam,

2003 859 2117 898 non
2137 843 2374 898 omnino
2397 857 2636 898 necesse
2655 839 3006 911 eritjejunio
3027 837 3303 909 afﬂigere.
3322 835 3432 890 Eos
3453 835 3644 889 autem

2003 932 2104 1003 qui
2159 931 2311 988 male
2366 949 2430 988 se
2481 929 2716 1000 habent,
2771 928 2874 985 sed
2928 935 3120 984 tamen
3177 923 3422 995 piscium
3480 936 3643 978 csum

2001 1021 2343 1087 admittunt,
2378 1021 2646 1091 iniquum
2679 1023 2770 1075 est
2798 1017 3025 1074 veniam
3049 1031 3164 1070 non
3187 1011 3502 1084 consequi:
3525 1025 3649 1068 car-

2003 1109 2176 1166 nibus
2205 1126 2337 1166 vero
2368 1109 2660 1166 ullatenus
2691 1107 2842 1164 vesci
2873 1104 3019 1162 nihil
3054 1106 3225 1176 plane
3255 1101 3450 1158 minus
3469 1115 3645 1173 quam

2000 1199 2284 1270 impium;
2316 1198 2434 1255 imo
2473 1198 2742 1269 quamvis
2781 1195 2992 1267 aliquis
3021 1191 3226 1250 lethali
3254 1189 3643 1246 morbolabo-

2001 1305 2136 1344 rans
2165 1288 2266 1344 illo
2295 1288 2450 1344 victu
2489 1291 2677 1344 semet
2718 1285 3143 1342 convaliturum
3193 1277 3525 1352 speraverit.
3577 1279 3642 1333 In

1999 1377 2267 1434 Sabbatis
2304 1379 2542 1450 quidem
2572 1381 2630 1432 et
2660 1376 2868 1432 diebus
2901 1371 3222 1430 Dominicis
3253 1385 3354 1442 per
3381 1368 3646 1434 Quadra-

1999 1467 2282 1539 gcsimam
2301 1467 2473 1540 paulo
2493 1465 2728 1537 largiori
2751 1464 2882 1520 cibo
2906 1462 2992 1520 uti
3013 1461 3307 1518 indultum
3327 1459 3457 1526 fuit,
3476 1459 3650 1530 juxta

1999 1573 2128 1613 can.
2177 1557 2565 1627 apostolicum
2601 1557 2675 1612 66
2713 1570 2888 1626 quem
2936 1551 3069 1608 vide
3114 1551 3176 1606 in
3234 1565 3362 1620 cap.
3419 1547 3490 1603 27
3547 1547 3652 1603 lit-

2001 1651 2136 1702 terae
2158 1647 2221 1702 Κ.
2275 1646 2486 1702 Stricta
2523 1650 2716 1702 autem
2757 1642 3045 1715 loquendo
3089 1639 3456 1695 sanciebatur
3499 1653 3649 1708 qua-

1999 1736 2268 1807 draginta
2279 1735 2806 1806 dierumjejunium
2823 1737 2958 1788 ante
2972 1745 3206 1787 sacrum
3223 1725 3646 1798 Pascha,idque

1998 1826 2208 1882 solum.
2240 1825 2465 1897 Quippe
2500 1825 2548 1880 si
2580 1832 2699 1880 tum
2731 1823 2849 1879 alia
2868 1820 3280 1886 obtinuissent,
3299 1815 3642 1888 neutiquam

244 1903 327 1958 καὶ
355 1901 569 1978 ἕτεραι,
599 1901 841 1977 ἐμνήσθη
889 1903 950 1960 ἂν
981 1906 1238 1963 κάκείνων
1288 1908 1317 1962 ὁ
1362 1908 1560 1966 κανών.
1613 1906 1766 1974 Πλὴν
1797 1909 1888 1960 καί

2010 1887 2284 1970 tacuisset.
2311 1887 2519 1970 canon.
2577 1913 2728 1968 191
2801 1910 3216 1966 Verumtamen
3273 1920 3371 1963 eos
3428 1905 3530 1976 qui
3579 1903 3640 1962 in

244 1993 376 2047 κατᾶ
423 1993 529 2055 τὰς
577 1991 750 2056 ἄλλας
806 1997 1132 2069 νηστίμους,
1179 2001 1288 2052 τῶν
1338 1997 1502 2072 ἁγίων
1542 1995 1888 2062 ἀποστόλων,

247 2082 412 2156 φημί,
463 2089 570 2151 τῆς
614 2087 932 2156 κοιμήσεως
976 2093 1075 2156 τῆς
1121 2087 1280 2164 ἁγίας
1324 2087 1610 2149 Θεοτόκου,
1658 2085 1746 2140 καὶ
1793 2091 1891 2154 τῆς

247 2174 488 2245 Χριστοῦ
551 2173 874 2242 Γεννήσεως,
933 2171 1108 2239 οὐδεὶς
1152 2177 1209 2230 εὖ
1265 2196 1500 2253 φρονων,
1562 2175 1740 2248 οἶμαι,
1795 2195 1892 2244 νη-

246 2260 518 2314 σιεόουσιν
550 2258 908 2336 ἐγκαλέσειεν.

309 2351 482 2420 Ζήτει
507 2349 602 2404 καὶ
651 2349 704 2405 ἐν
749 2355 830 2424 τῷ
879 2351 959 2423 λζ’
1002 2374 1123 2433 κεφ.
1148 2359 1246 2410 τοῦ
1297 2361 1337 2410 Κ
1366 2354 1646 2430 στοιχείου
1690 2356 1782 2410 τὸν
1831 2356 1892 2410 ιε’

245 2440 449 2494 κανόνα
475 2442 578 2494 τοῦ
609 2439 768 2514 ἁγίου
798 2441 1002 2516 Πέτρου
1031 2442 1459 2520 Ἀλεξανδρείας.

311 2529 369 2584 ’0
404 2525 470 2583 δὲ
520 2525 747 2592 δέκατος
793 2535 893 2586 τοῦ
921 2533 1189 2605 Τιμοθέου
1241 2533 1641 2609 ’Δλεξανδρείας
1671 2533 1725 2590 ἐν
1775 2539 1894 2596 ταῖς

245 2618 348 2692 πρὸ
400 2623 508 2673 τοῦ
562 2619 758 2694 Πάσχα
801 2622 1090 2694 νηστίμοις
1140 2622 1346 2697 ἡμέρας
1392 2627 1482 2680 καὶ
1530 2623 1681 2680 οἴνου
1729 2644 1896 2697 μετα-

247 2703 558 2782 λαμϐάνειν
606 2710 696 2765 καὶ
745 2709 935 2766 ἐλαίου
983 2709 1188 2769 δικαιοῖ
1231 2715 1322 2770 τὸν
1369 2715 1472 2770 ὑπὸ
1527 2715 1690 2770 νόσου
1747 2713 1896 2769 ἐκτε-

243 2799 480 2868 τηκότα,
510 2798 604 2852 καὶ
637 2801 714 2872 μὴ
763 2799 1164 2873 παραπλησίως
1193 2809 1312 2866 τοῖς
1361 2802 1579 2874 ἄλλοις,
1607 2811 1710 2874 τῆς
1749 2825 1898 2859 νενο-

245 2886 525 2960 μισμένης
585 2881 806 2962 ἔχεσθαι
863 2890 1219 2968 ξηροφαγίας,
1275 2891 1402 2948 ἀλλ’
1462 2895 1537 2954 ὼς
1612 2894 1904 2968 ὑπομεῖναι

244 2972 562 3047 δεδύνηται,
595 2976 631 3047 ἢ
664 2979 894 3050 ἑκάστης
942 2980 1250 3055 καταλύειν,
1285 2984 1320 3053 ἢ
1372 2985 1497 3058 παρ’
1540 2985 1774 3057 ἡμέραν,
1804 3005 1901 3039 κα-

241 3069 304 3119 τὰ
327 3067 438 3136 τήν
473 3065 742 3138 ἐπίκρισιν
787 3071 835 3142 ᾧ
882 3071 1246 3145 προσανέθετο
1275 3075 1376 3142 τήν
1427 3072 1747 3148 οἴκονομίαν
1793 3079 1899 3129 τῶν

245 3153 472 3210 οἰκείων
523 3155 826 3232 λογισμῶν.
858 3162 1014 3231 Ζήτει
1061 3161 1150 3216 καὶ
1179 3163 1243 3217 τὸ
1273 3164 1344 3217 κε’
1391 3182 1510 3240 κεφ.
1543 3166 1640 3219 τοῦ
1689 3169 1727 3218 Γ
1757 3183 1903 3218 στοι-

246 3265 430 3322 χειου.

323 3340 384 3390 Ὁ
429 3331 493 3389 δὲ
537 3341 640 3404 τῆς
685 3335 739 3390 ἐν
791 3339 998 3413 Γάγγρᾳ
1054 3337 1282 3397 συνόδου
1334 3343 1404 3412 ιη’
1451 3341 1650 3408 κανὼν,
1703 3339 1770 3396 Εἴ
1821 3361 1904 3401 τις

253 3422 361 3478 τῶν
423 3423 804 3498 ἀσκουμένων,
849 3428 1003 3502 φησί,
1059 3429 1234 3505 χωρὶς
1289 3431 1526 3506 ἀνάγκης
1583 3435 1902 3504 σωματικῆς

262 3513 753 3588 ὖπερήφανεόοιτο,
813 3516 903 3570 καὶ
970 3519 1065 3580 τὰς
1139 3517 1581 3594 παραδεδομένας
1651 3519 1903 3590 νηστείας

253 3602 326 3664 εἰς
353 3604 424 3657 τὸ
455 3603 637 3656 κοινὸν
685 3605 774 3658 καὶ
825 3603 1234 3683 φυλαττομένας
1271 3609 1376 3664 ὑπὸ
1422 3616 1522 3678 τῆς
1573 3609 1898 3680 Ἐκκλησίας

252 3690 557 3766 παραλύοι,
593 3692 1048 3769 ὑποικουροῦντος
1080 3687 1131 3752 ἐν
1159 3696 1307 3769 αὐτῷ
1336 3697 1548 3755 τελείου
1600 3699 1897 3772 λογισμοῦ,

248 3781 498 3856 ἀνάθεμα
553 3780 713 3842 ἔστω.
774 3785 871 3840 Καὶ
926 3787 954 3840 ὁ
1016 3787 1108 3860 μὲν
1171 3790 1257 3860 μα’
1310 3792 1410 3854 τῆς
1464 3788 1518 3844 ἐν
1596 3790 1898 3865 Καρθαγένῃ

246 3870 488 3927 συνόδου
524 3873 724 3941 κανὼν,
754 3875 969 3946 νήστεις
1016 3878 1146 3932 εἶναι
1177 3875 1388 3933 κελεύει
1433 3881 1560 3941 τοὺς
1607 3877 1898 3942 τελοῦντας

245 3961 310 4014 τα
355 3958 468 4016 τοῦ
540 3962 932 4040 θυσιαστηρίου
1004 3967 1128 4040 ἅγια
1198 3963 1479 4030 διακόνους
1535 3969 1621 4023 καὶ
1697 3968 1892 4042 ἱερέας,

247 4055 374 4121 μιᾶς
423 4050 775 4124 ἐξῃρημένης
829 4051 1062 4123 ἐτησίως
1112 4057 1342 4132 ἡμέρας,
1395 4059 1513 4113 καθ’
1558 4060 1624 4128 ἦν
1675 4061 1736 4113 τὸ
1799 4066 1890 4113 Κυ-

247 4141 438 4210 ριακὸν
495 4139 822 4196 ἐπιτελεῖται
894 4139 1126 4212 δεῖπνον,
1183 4153 1284 4215 τῆς
1361 4145 1603 4222 μεγάλης
1678 4145 1892 4218 δηλαδή

248 4229 536 4300 πέμπτης.
586 4231 738 4287 Μετᾶ
789 4232 894 4308 γὰρ
939 4234 1038 4302 τὴν
1085 4237 1426 4308 σωματικήν,
1467 4238 1536 4292 τὰ
1585 4245 1684 4308 τῆς
1733 4258 1890 4292 πνευ-

249 4321 516 4387 ματικῆς,
545 4319 621 4378 ὡς
663 4315 829 4390 ἔοικε,
853 4325 1063 4402 τροφῆς
1105 4321 1414 4383 ἐπετέλουν.
1450 4325 1620 4381 Ἀλλὰ
1668 4328 1755 4380 καὶ
1791 4323 1892 4396 δή·

249 4403 351 4481 λης
397 4407 570 4482 ὀψίας
616 4409 931 4466 οὑτινοσοῦν
977 4411 1423 4488 τελευτήσαντος,
1454 4416 1501 4471 εἰ
1553 4417 1646 4490 μὲν
1699 4417 1800 4472 εἶεν
1841 4419 1892 4472 οἱ

245 4496 311 4551 τα
365 4500 508 4574 ἅγια
577 4496 862 4564 τελοῦντες
927 4503 1162 4572 νήστεις,
1220 4505 1376 4580 φησὶ,
1441 4506 1634 4579 μόναις
1702 4506 1891 4581 εὐχαῖς

2001 2003 2131 2058 aliis
2186 2003 2492 2074 jejunandi
2546 2001 2931 2072 temporibus,
2993 2001 3132 2070 puta
3186 1994 3403 2068 vigiliis
3454 1997 3647 2052 sanet.

2003 2097 2212 2164 apost.,
2245 2091 2557 2166 sepulturae
2585 2093 2648 2149 Β.
2679 2091 2942 2162 Deiparas
2971 2092 3030 2146 et
3057 2085 3394 2144 Nativitatis
3435 2081 3650 2140 Christi

2001 2182 2315 2251 abstinent,
2345 2184 2604 2256 prudens
2630 2198 2822 2249 nemo,
2853 2179 3012 2253 quod
3043 2193 3192 2250 reor,
3223 2175 3552 2249 redarguet.

2073 2367 2274 2434 Quare
2318 2367 2498 2425 etiam
2545 2367 2608 2423 in
2636 2367 2708 2423 37
2746 2381 2876 2438 cap.
2926 2364 3128 2421 litters:
3168 2367 3211 2417 Κ
3256 2375 3536 2419 canonem
3575 2359 3643 2415 15

2003 2458 2062 2514 S.
2085 2455 2240 2514 Petri
2269 2455 2526 2529 episcopi
2556 2454 2933 2512 Alexandria.

2077 2545 2348 2603 Decimus
2375 2544 2663 2601 Timothei
2699 2541 3073 2601 Alexandrini
3102 2556 3290 2598 canon
3329 2538 3391 2595 in
3431 2538 3640 2594 diebus

2002 2635 2213 2709 jejunii
2269 2639 2406 2692 ante
2452 2635 2676 2692 Pascha
2723 2633 2924 2690 morbo
2973 2629 3258 2688 laboranti
3301 2627 3422 2684 vini
3465 2631 3640 2698 atque

2009 2727 2118 2784 olei
2149 2742 2326 2782 usum
2355 2723 2646 2796 indulget,
2679 2739 2864 2795 neque
2893 2723 3068 2778 hosce
3097 2719 3250 2776 sicut
3278 2717 3422 2774 alios
3443 2717 3518 2774 ad
3547 2731 3644 2772 xe-

2011 2815 2346 2888 rophagiam
2387 2813 2447 2870 id
2481 2817 2572 2869 est
2597 2813 2793 2869 cibum
2837 2810 3068 2867 aridum
3118 2813 3464 2876 tenuemque
3493 2804 3645 2862 obli-

2010 2910 2143 2978 gat;
2175 2904 2277 2962 sed
2322 2903 2534 2974 potius,
2575 2906 2640 2958 ut
2685 2900 2931 2958 tolerare
2976 2901 3218 2974 queant,
3245 2893 3330 2952 vel
3369 2895 3648 2966 cujusque

2011 2994 2124 3052 diei
2161 2990 2452 3064 jejunium
2494 2988 2739 3058 solvere,
2787 2988 2874 3044 vel
2906 2987 3117 3046 alterni
3155 2985 3442 3055 cujusque
3485 2983 3646 3054 juxta

2010 3080 2416 3136 discretionem
2464 3079 2616 3150 ejus,
2665 3078 2758 3134 cui
2809 3075 3187 3134 consiliorum
3217 3089 3456 3132 suorum
3497 3073 3648 3143 regi-

2013 3182 2148 3223 men
2179 3165 2486 3224 commisit.
2520 3167 2657 3224 Vide
2673 3165 2821 3224 et25
2851 3180 2979 3236 cap.
2998 3163 3200 3220 littera
3230 3166 3290 3217 Γ.

2082 3345 2278 3402 Canon
2308 3350 2505 3404 autem
2537 3347 2604 3403 18
2633 3346 2863 3404 concilii
2894 3343 3247 3417 Gangrensis
3285 3342 3406 3398 hac
3435 3340 3650 3398 habet:

2012 3435 2072 3492 Si
2115 3434 2249 3507 quis
2287 3452 2487 3492 eorum
2536 3435 2639 3508 qui
2670 3435 2904 3508 pietatis
2948 3432 3341 3490 exercitationi
3388 3429 3648 3499 student,

2009 3524 2232 3596 absque
2259 3525 2518 3596 corporis
2544 3524 2835 3597 exigentis
2870 3522 3207 3589 insolescat,
3246 3524 3306 3579 et
3335 3519 3560 3592 jejunis
3587 3519 3648 3574 in

2009 3629 2320 3670 commune
2347 3614 2566 3670 tradita
2603 3619 2660 3670 et
2689 3615 2760 3670 ab
2799 3613 3060 3670 Ecclesia
3097 3612 3399 3670 observata
3435 3609 3646 3666 dissol-

2007 3707 2120 3768 vat,
2178 3702 2347 3775 idque
2396 3707 2622 3760 maturo
2663 3703 2908 3760 consilio
2960 3701 3377 3759 interveniente
3426 3700 3645 3768 fecerit,

2005 3790 2316 3846 anathema
2344 3795 2490 3846 esto.
2523 3789 2765 3861 Insuper
2791 3806 2978 3847 canon
3012 3789 3076 3844 41
3110 3787 3312 3859 synodi
3335 3785 3648 3858 Carthagi-

2005 3881 2208 3936 nensis
2239 3879 2500 3936 diaconis
2529 3883 2586 3936 et
2613 3879 3017 3936 sacerdotibus
3046 3880 3418 3934 sacramenta
3446 3875 3650 3932 altaris

1999 3972 2236 4040 jejunos
2267 3970 2558 4026 celebrare
2596 3969 2876 4041 praecipit,
2917 3976 3149 4040 excepto
3200 3983 3315 4024 uno
3354 3966 3493 4023 anni
3533 3966 3645 4036 die,

2003 4075 2117 4130 quo
2161 4061 2335 4117 Cmna
2385 4058 2682 4114 Dominica
2727 4057 3072 4126 celebratur,
3105 4057 3388 4114 nimirum
3435 4070 3649 4126 magna

2005 4149 2144 4206 feria
2173 4153 2401 4220 quarta.
2451 4147 2599 4204 Nam
2636 4151 2767 4219 post
2807 4147 3007 4205 cibum
3046 4145 3374 4220 coporalem
3413 4161 3540 4217 qua
3569 4145 3644 4200 ad

2002 4237 2370 4310 spiritualem
2431 4237 2744 4309 pertinent,
2795 4239 2860 4292 ut
2907 4237 3149 4306 videtur,
3205 4235 3637 4292 ministrabant.

2002 4328 2128 4384 Imo
2167 4327 2404 4400 quando
2435 4327 2567 4398 quis
2612 4330 2878 4398 tempore
2918 4326 3374 4398 postmeridiano
3421 4341 3453 4382 ο
3498 4325 3644 4382 vivis

2003 4417 2266 4484 discedit,
2309 4415 2422 4473 nisi
2452 4415 2515 4472 hi
2543 4416 2643 4487 qui
2696 4415 3033 4472 ministrant
3077 4415 3358 4488 impransi
3399 4415 3640 4484 fuerint,

2003 4521 2186 4575 sacra,
2222 4505 2436 4577 inquit,
2465 4506 2825 4562 orationibus
2863 4505 3006 4562 solis
3035 4507 3269 4562 faciant.
3303 4505 3422 4562 Hoc
3449 4508 3647 4562 autem

249 4582 642 4641 ἔκτελείτωσαν
692 4591 880 4645 ταῦτα.
939 4593 1106 4646 Τοῦτο
1166 4590 1224 4647 δὲ
1280 4593 1342 4648 τὸ
1398 4597 1487 4648 νῦν
1540 4593 1668 4669 ἔχον
1747 4599 1892 4670 παρὰ

374 4680 402 4691 φ
603 4675 616 4694 ⁷
761 4679 771 4694 Ι
1153 4681 1165 4694 Ι
1393 4685 1406 4694 ι
1478 4687 1492 4694 ρ
1556 4691 1578 4694 μ.
1664 4687 1688 4694 --
1873 4685 1886 4694 ι

2010 4594 2172 4651 hodie
2198 4609 2327 4651 eam
2357 4595 2431 4650 ob
2461 4611 2701 4652 causam
2744 4611 2862 4650 non
2901 4595 3146 4661 obtinet,
3177 4595 3333 4666 quod
3362 4595 3504 4666 quid
3535 4593 3648 4651 sibi

246 4680 511 4730 τοσοῦτον
557 4675 622 4730 οὐ
666 4679 979 4750 πράττεται,
1025 4681 1264 4754 παρόσον
1317 4685 1410 4738 καὶ
1467 4687 1604 4758 ⁴ἡμῖν
1659 4687 1743 4741 ὅτι
1801 4685 1891 4741 καὶ

248 4763 420 4838 λέγειν
471 4765 744 4838 ἠγνόηται
775 4786 790 4799 ·
844 4767 990 4825 ἀλλὰ
1018 4767 1114 4826 δύο
1159 4774 1380 4834 κανόνες
1420 4771 1576 4845 δίκην
1622 4775 1696 4836 ὡς
1727 4775 1895 4832 εἰπεῖν

251 4855 430 4928 τούτῳ
459 4853 728 4931 λαχόντες
760 4857 974 4936 σχολὴν
1007 4859 1150 4936 ἄγειν
1182 4859 1650 4937 ἐπιτετιμήκασιν.

317 4946 376 5000 Ὀ
410 4945 510 5018 μὲν
560 4946 664 5020 γὰρ
713 4951 758 5002 ν’
805 4955 904 5016 τῆς
951 4947 1002 5003 ἐν
1049 4948 1340 5024 Λαοδικείᾳ
1384 4952 1609 5009 συνόδου
1659 4957 1735 5028 μή
1788 4953 1894 5010 δεῖν

249 5036 408 5112 οησὶ,
460 5032 514 5089 ἐν
561 5039 630 5109 τῇ
677 5035 804 5111 ἁγίᾳ
857 5043 1255 5114 τεσσαρακοστῇ
1300 5044 1368 5114 τῇ
1430 5043 1679 5118 ὑστεραίᾳ
1733 5041 1890 5099 £680-

255 5121 383 5192 μάὂι
437 5123 541 5190 τήν
598 5123 854 5197 πέμπτην
916 5123 1086 5197 λύειν,
1138 5127 1622 5206 πολυτελεστέροις
1675 5130 1890 5204 δηλαδή

256 5209 508 5282 βρώμασι
551 5209 954 5283 κεχρημένους,
1000 5215 1088 5268 καὶ
1137 5215 1270 5286 ὅλην
1327 5217 1563 5272 ἐντεῦθεν
1622 5221 1722 5290 τὴν
1771 5242 1893 5276 τεσ-

254 5299 590 5372 σαρακοστήν
627 5299 915 5373 ἀτιμάζειν
945 5317 961 5332 ’
1012 5299 1158 5358 ἀλλὰ
1201 5311 1375 5361 πᾶσαν
1405 5306 1460 5361 ἐν
1503 5308 1722 5380 νηστείᾳ
1765 5308 1892 5365 διιέ-

253 5407 337 5440 ναι
364 5387 457 5442 καὶ
483 5389 814 5466 ξηροφαγίᾳ,
846 5388 1003 5452 ἐκτὸς
1045 5388 1254 5465 δηλαδή
1286 5400 1393 5451 τῶν
1445 5395 1496 5452 ἐν
1533 5399 1702 5472 ταύτῃ
1751 5396 1890 5454 Σαϐ-

255 5469 432 5531 εάτων
459 5478 547 5533 καὶ
583 5485 888 5553 Κυριακων.
1145 5470 1148 5472 ⁷

333 5566 393 5619 Ὀ
443 5563 494 5622 δὲ
541 5571 620 5623 κθ’
659 5566 758 5633 τῆς
783 5568 861 5642 ς’
895 5566 1116 5624 συνόδου
1159 5575 1326 5627 ταῦτνὶ
1383 5597 1462 5642 τε,
1511 5576 1586 5639 ὡς
1632 5574 1750 5652 ἔχει
1798 5577 1890 5632 λέ-

261 5656 416 5726 ξεως,
468 5654 648 5729 δίεισι,
708 5659 802 5714 καί
858 5659 1204 5734 προσεπάγει,
1253 5664 1328 5724 ὡς
1375 5666 1428 5719 οἱ
1473 5668 1608 5721 θεῖοι
1662 5667 1894 5742 Πατέρες

2003 4683 2140 4740 velit
2168 4684 2526 4755 ignoramus.
2575 4684 2790 4741 Verum
2821 4685 2938 4740 duo
2960 4700 3215 4741 moones
3241 4688 3300 4740 et
3346 4700 3522 4756 prope
3550 4682 3647 4738 di-

1999 4774 2186 4830 xerim
2215 4774 2420 4830 merito
2446 4774 2659 4846 jejunii
2689 4775 3185 4833 intermissionem
3206 4778 3499 4832 taxarunt.

2075 4956 2222 5013 Nam
2252 4957 2481 5014 concilii
2514 4957 2820 5015 Laudiceni
2867 4973 3053 5014 canon
3091 4957 3181 5026 50,
3226 4956 3355 5016 Non
3395 4961 3642 5032 oportet,

2002 5045 2211 5118 inquit,
2261 5048 2320 5102 in
2371 5048 2577 5103 ultima
2619 5048 3087 5121 Quadragesimez
3126 5049 3454 5120 septimana
3501 5049 3648 5106 feria

2005 5141 2225 5207 quarta)
2249 5137 2540 5206 jejunium
2585 5136 2827 5204 solvere,
2863 5139 3073 5193 utendo
3117 5136 3344 5195 scilicet
3372 5139 3519 5196 cibis
3547 5139 3645 5194 de-

2004 5223 2360 5290 licatoribus,
2394 5225 2654 5296 adeoque
2695 5229 2874 5281 totam
2917 5226 3436 5299 Quadragesimam
3467 5227 3645 5283 debo-

2004 5317 2253 5379 nestare,
2308 5313 2410 5369 sed
2468 5313 2662 5385 potius
2718 5319 2950 5386 tempus
3005 5315 3514 5386 Quadragesimale
3579 5315 3640 5371 in

1995 5401 2224 5471 jejunio
2273 5401 2546 5472 victuque
2581 5402 2745 5458 arido
2775 5402 3068 5476 integrum
3117 5407 3458 5478 transigere,
3491 5404 3638 5460 Sab-

2005 5487 2152 5543 batis
2183 5495 2375 5544 tamen
2403 5495 2461 5544 et
2489 5487 2804 5544 Dominicis
2825 5491 3030 5546 deibus
3059 5492 3330 5563 exceptis.

2073 5577 2265 5631 Canon
2297 5594 2428 5634 vero
2471 5574 2958 5636 undetricesimus
3003 5583 3231 5640 concilii
3260 5583 3404 5640 sexti
3434 5581 3634 5638 eadem
3735 5625 3746 5634 .

2003 5682 2190 5738 usque
2211 5671 2491 5734 recenset,
2505 5667 2930 5740 etsuperaddit,
2944 5671 3435 5742 quemadmodum
3447 5667 3638 5724 sancti
