4098 6332
426 415 502 476 63
1695 417 2069 477 MATTH/El
2117 417 2546 480 BLASTARIS
3751 421 3830 479 64

501 554 694 610 Patres
712 569 915 624 graves
937 555 1009 608 ob
1033 570 1235 609 causas
1252 570 1316 609 eo
1340 555 1618 626 temporis
1632 551 2067 624 dispensatione

2217 553 2248 604 ι’
2283 552 2456 614 αἰτίας
2493 552 2621 614 ἴσως
2674 552 2978 614 λυσιτελεῖς
3007 557 3085 624 τῷ
3132 553 3254 608 τότε
3284 559 3465 626 καιρῷ
3509 557 3576 626 τῇ
3614 553 3828 608 οἰκονο-

428 642 546 698 ista
585 643 674 698 usi
722 647 878 697 sunt.
933 643 1047 698 Nos
1093 649 1284 698 tamen
1337 643 1789 714 haudquaquam
1846 647 2071 714 oportet

428 731 818 804 apostolorum
862 737 918 788 et
966 733 1198 788 Patrum
1250 734 1587 788 traditiones
1637 733 1932 803 abrogare.
1979 735 2070 788 In-

428 823 558 879 nuit
585 841 717 879 vero
748 824 970 878 dictum
1001 824 1383 894 apostolicum
1417 839 1688 880 canonem
1721 824 1792 877 69
1829 828 1885 878 et
1916 824 2071 881 hunc

431 914 629 986 ipsum
660 912 888 968 concilii
924 913 1250 969 Laodiceni.

501 1020 653 1075 CAP.
698 1023 764 1074 V.
815 1020 965 1087 Quod
1003 1037 1120 1105 non.
1154 1022 1336 1104 decent
1368 1021 1427 1076 in
1471 1021 1723 1078 Sabbatis
1769 1029 1864 1077 aut
1900 1023 1994 1078 Do-

979 1110 1198 1148 mmwzs
1223 1109 1502 1164 Jejunare.

505 1182 703 1246 Quaere
729 1197 853 1251 cap.
888 1182 958 1235 37
986 1181 1187 1236 littera:
1221 1187 1282 1236 K.

432 1286 584 1342 CAP.
622 1287 715 1342 VI.
765 1288 914 1354 Quod
957 1289 1265 1356 ieiunantes
1294 1306 1325 1343 a
1375 1289 1508 1344 cibis
1557 1291 1830 1345 abstinere
1859 1291 2070 1359 debent,

658 1359 804 1414 haud
835 1369 1016 1414 tamen
1046 1363 1202 1430 quasi
1232 1363 1291 1414 in
1320 1376 1373 1414 se
1403 1361 1849 1416 exsecrabilibus.

506 1447 650 1502 Vide
678 1448 858 1518 9cap.
892 1448 1092 1504 litterae
1126 1449 1188 1508 Β,
1239 1454 1295 1504 et
1331 1450 1504 1505 etiam
1547 1451 1604 1506 in
1635 1454 1669 1505 2
1697 1467 1820 1524 cap.
1864 1451 2074 1509 litterae

432 1535 476 1590 E
509 1553 790 1592 canonem
821 1537 892 1592 33
923 1539 1116 1609 magni
1150 1537 1370 1596 Basilii.

882 1719 1036 1774 I98
1067 1719 1220 1774 CAP.
1259 1720 1372 1776 VII.
1408 1720 1639 1792 Detege.

512 1809 628 1864 Lex
656 1813 745 1864 est
774 1825 1081 1865 commune
1113 1815 1500 1882 praeceptum:
1533 1814 1785 1868 virorum
1820 1815 2072 1885 pruden-

2179 642 2278 712 μία
2329 643 2496 716 ταύτῃ
2547 641 2873 717 ἐχρήσαντο.
2925 647 3090 716 Ἡμῖν
3139 640 3198 696 δὲ
3251 643 3352 697 οὐκ
3396 643 3691 716 ἀναγκαῖον
3738 643 3833 702 τὰς

2175 729 2544 793 ἀποπολικᾶς
2603 732 2696 786 καὶ
2753 733 3018 806 πατρικὰς
3075 733 3280 788 ἀθετεῖν
3339 729 3689 806 παραδόσεις,
3741 731 3833 785 τὸν

2178 820 2403 894 ῥηθέντα
2433 821 2806 893 αἰνιττόμενος
2839 823 2914 892 ξθ¹
2945 821 3309 876 ἀποστολικὸν
3347 822 3562 894 κανόνα,
3600 823 3691 876 καὶ
3739 821 3831 876 τὸν

2175 916 2274 978 τῆς
2307 909 2360 963 ἐν
2395 908 2693 982 Λαοδεκείᾳ
2723 909 2951 966 συνόδου
2982 910 3218 966 τουτονί.

2181 1021 2413 1071 ΚΕΦΔΛ
2455 1021 2527 1073 E'.
2563 1020 2710 1086 ξὈτι
2751 1018 2822 1071 ού
2865 1015 2967 1072 δεῖ
3003 1016 3347 1086 νηστεύειν
3385 1019 3446 1072 ἐν
3481 1023 3625 1080 τοῖς
3667 1014 3831 1072 Σάϐ-

2548 1085 2698 1143 ϐασι
2738 1091 2843 1144 καὶ
2887 1094 3035 1150 ταῖς
3067 1085 3466 1164 ίΚυριακαῖς.

2250 1179 2408 1246 Ζήτει
2439 1179 2502 1232 τὸ
2537 1177 2616 1247 λζ’
2646 1177 2939 1255 κεφάλαιον
2968 1183 3064 1234 τοῦ
3099 1187 3141 1232 Κ
3172 1177 3468 1253 στοιχείου.

2245 1289 2496 1360 ΚῌΦΑΛ.
2534 1286 2626 1360 ς’.
2668 1288 2802 1340 Ὅτι
2839 1284 2996 1360 τοὺς
3035 1287 3479 1360 νηστεύοντας
3520 1285 3644 1359 οὐχ
3683 1287 3767 1360 ᾡς

2183 1352 2571 1428 βδελυκτῶν
2638 1362 2763 1410 τῶν
2830 1352 3206 1430 βρωμάτων
3271 1352 3644 1432 ἀπέχεσθαί
3705 1355 3826 1412 δεῖ.

2250 1445 2407 1514 Ζήτει
2435 1446 2497 1499 τὸ
2547 1447 2589 1498 θ’
2636 1446 2829 1523 κεφαλ.
2863 1452 2960 1501 τοῦ
2993 1455 3030 1502 Β
3080 1446 3384 1521 στοιχείου,
3433 1448 3522 1502 καὶ
3571 1448 3621 1502 έν
3665 1451 3745 1519 τῷ
3778 1450 3833 1520 β’

2177 1554 2296 1612 κεφ.
2346 1535 2441 1588 τοῦ
2493 1541 2532 1590 Ε
2581 1535 2860 1611 στοιχείου
2909 1537 3000 1591 τὸν
3050 1540 3140 1612 κγ’
3185 1537 3380 1592 κανόνα
3429 1541 3530 1593 τοῦ
3582 1536 3830 1613 μεγάλου

2180 1621 2431 1678 Βασιλείο
2445 1645 2496 1680 υ.

2583 1720 2840 1772 ΚΕΦΑΛ.
2885 1716 2952 1772 Ζ’.
2999 1715 3153 1789 Περὶ
3192 1717 3422 1790 νόμου.

2252 1801 2440 1874 Νόμος
2472 1801 2583 1858 ἐστὶ
2615 1804 2794 1859 κοινὸν
2823 1804 3188 1880 παράγγελμα
3217 1826 3230 1839 ·
3284 1803 3570 1884 φρονίμων
3620 1805 3830 1882 ἀνδρῶν

434 1901 588 1957 tium
611 1901 880 1970 placitum
903 1918 916 1954 :
949 1900 1288 1957 delictorum
1312 1919 1446 1958 cum
1471 1903 1924 1961 voluntariorum
1947 1909 2072 1962 tum

2215 1893 2408 1966 όγμα⁶
2469 1894 2728 1948 ἑκουσίων
2781 1896 2871 1949 καὶ
2923 1895 3191 1950 ἀκουσίων
3252 1897 3658 1971 ἁμαρτημάτων
3715 1897 3833 1952 ἐπι-

437 1989 956 2046 involuntariorum
987 1993 1261 2048 correctio
1281 1998 1384 2047 aut
1406 1993 1796 2063 reprehensio,
1829 1995 2074 2052 civitatis

437 2094 748 2134 commune
791 2085 1060 2150 pactum:
1093 2085 1179 2136 est
1227 2079 1483 2136 divinum
1522 2082 1841 2138 inventum‘.
1878 2085 2074 2140 Virtus

435 2167 582 2238 legis
611 2173 699 2224 est
722 2168 949 2238 jubere,
981 2173 1193 2239 vetare,
1229 2172 1579 2240 permittere,
1613 2172 1840 2244 punire.

507 2259 683 2329 Leges
733 2274 848 2313 non
897 2259 967 2315 de
1015 2258 1410 2330 singularibus
1451 2261 1737 2331 feruntur,
1769 2264 1870 2318 sed
1920 2281 2076 2320 com-

435 2347 715 2403 muniter.

503 2437 974 2510 Jurisprudentia
1002 2440 1286 2510 ajustitia
1317 2457 1528 2498 nomen
1560 2442 1764 2512 habet;
1797 2447 1886 2500 est
1913 2446 2069 2501 enim

429 2543 524 2583 ars
552 2528 690 2584 boni
717 2531 773 2583 et
800 2528 972 2600 aequi.

507 2619 585 2673 De
616 2618 685 2672 iis
714 2634 842 2688 qua:
874 2619 1240 2690 frequentius
1269 2621 1603 2691 obtingunt,
1634 2640 1746 2678 non
1787 2640 1913 2694 quae
1939 2641 2071 2695 per—

437 2721 585 2773 raro,
620 2703 776 2776 leges
814 2706 1013 2761 inferri
1060 2711 1318 2777 oportet:
1372 2708 1611 2764 minime
1640 2711 1711 2766 de
1753 2710 1825 2766 iis
1874 2712 2069 2777 rebus,

436 2796 650 2867 quibus
679 2811 796 2850 uno
843 2799 1072 2852 tantum
1105 2797 1164 2852 in
1199 2813 1337 2853 casu
1386 2799 1641 2855 accidere
1689 2801 1882 2855 datur.
1923 2801 2066 2857 Nam

432 2883 797 2953 legislatores
827 2884 984 2940 haud
1013 2888 1321 2941 attendunt
1350 2887 1528 2942 semel
1559 2893 1614 2942 et
1638 2889 1748 2945 bis.

503 2974 682 3045 Leges
757 2975 1117 3046 primigenize
1191 2975 1249 3030 in
1318 2977 1616 3048 sequiores
1690 2980 2069 3051 decocuntur,

433 3062 879 3120 constitutiones
909 3080 1042 3121 vero
1087 3067 1432 3122 recentiores
1481 3068 1755 3139 majorem
1787 3067 1902 3124 vim
1933 3068 2071 3124 obti-

433 3156 572 3207 nent
601 3168 775 3222 quam
809 3154 967 3224 prius
996 3154 1143 3210 latae.

502 3241 583 3297 De
612 3242 826 3312 quibus
870 3243 960 3298 lex
1005 3244 1163 3301 nulla
1213 3246 1537 3316 conscripta
1583 3251 1689 3313 est,
1721 3246 1894 3318 longa
1929 3263 2068 3303 con-

431 3327 678 3383 suetudo
714 3343 814 3398 per
859 3330 1185 3402 complures
1234 3350 1419 3388 annos
1469 3336 1843 3405 comprobata
1890 3335 2068 3390 vicem

431 3415 579 3487 legis
609 3419 787 3487 subit,
821 3420 1068 3492 ejusque
1098 3423 1214 3477 vim
1247 3423 1491 3477 obtinet.

499 3507 800 3578 Perperam
827 3509 1087 3578 judicata
1132 3517 1235 3566 aut
1275 3527 1547 3582 expressa
1593 3528 1781 3584 neque
1828 3513 1938 3582 lex,
1971 3528 2072 3570 ne-

436 3613 546 3669 que
571 3604 816 3670 tempus,
848 3615 1031 3670 neque
1063 3603 1418 3659 consuetudo
1451 3607 1576 3658 rata
1605 3603 1760 3658 facit.

845 3726 997 3781 CAP.
1034 3729 1177 3783 VIII.
1211 3729 1286 3783 De
1309 3730 1660 3800 possessione.

1162 3838 1343 3906 Leges.

507 3957 717 4012 Decem
751 3960 835 4014 vel
870 3962 1039 4016 etiam
1072 3962 1278 4033 viginti
1311 3980 1594 4018 annorum
1622 3963 1976 4034 praescriptio
1997 3964 2072 4028 ei,

436 4046 538 4117 qui
571 4047 720 4102 mala
763 4048 875 4103 ﬁde
928 4054 1265 4120 possederit,
1299 4053 1450 4108 haud
1505 4053 1740 4122 prodest
1766 4071 1784 4106 :
1820 4053 1938 4107 imo
1969 4069 2074 4107 nec

435 4133 787 4204 tricennalis,
838 4139 948 4192 nisi
997 4141 1192 4210 quiete
1232 4143 1574 4211 possederit,
1629 4141 1967 4211 nullamque
2013 4141 2073 4194 in

435 4222 560 4279 foro
598 4223 753 4281 litem
786 4229 1149 4287 sustinuerit.
1198 4229 1341 4286 Vide
1385 4232 1559 4286 etiam
1601 4231 1658 4286 in
1691 4232 1878 4300 capite
1907 4231 1942 4283 9
1973 4230 2075 4284 lit—

439 4316 575 4369 terae
613 4321 671 4369 Δ.

509 4403 690 4458 Omne
747 4407 1043 4464 servitium
1101 4413 1158 4464 et
1215 4409 1590 4465 ususfructus
1646 4409 1752 4475 eis,
1813 4409 1913 4480 qui
1963 4424 2076 4464 non

437 4498 746 4563 usurpant,
781 4507 1006 4567 pr0pter
1028 4499 1222 4569 ipsum
1254 4499 1531 4569 temporis
1563 4499 1898 4564 decursum,
1929 4513 2078 4566 pra-

437 4583 702 4640 sentibus
758 4587 994 4657 quidem
1035 4589 1355 4655 decennali,
1417 4589 1758 4644 absentibus
1810 4588 2078 4659 praescri-

441 4671 641 4741 ptione
669 4673 952 4730 vicennali
972 4678 1276 4734 amittitur.

508 4758 618 4822 Qui
647 4760 945 4816 servitium
975 4763 1102 4832 jure
1137 4763 1357 4818 obtinet
1382 4779 1590 4835 pecora
1618 4761 1678 4817 in
1718 4777 1854 4834 agro
1889 4761 2076 4817 alieno

442 4846 772 4918 adaquandi
802 4866 869 4906 ac
903 4852 1200 4922 pascendi,
1247 4852 1548 4907 servitium
1589 4852 1764 4907 etiam
1796 4864 2080 4922 usurpare

440 4939 628 5006 potest
657 4938 801 4994 inibi
831 4940 1124 5010 tugurium
1157 4941 1464 4996 excitandi.

510 5027 617 5088 Qui
648 5043 714 5082 ex
748 5029 937 5085 alieno
967 5047 1126 5102 agro,
1168 5031 1384 5086 sciente
1425 5031 1682 5095 domino,
1725 5043 1938 5099 aquam
1965 5032 2083 5081 tra-

441 5116 612 5181 xerit,
671 5119 974 5174 servitium
1020 5121 1130 5174 sibi
1163 5120 1220 5174 in
1262 5136 1400 5191 agro
1441 5117 1538 5174 illo
1581 5117 1834 5172 vindicat
1873 5132 2080 5171 usuca-

446 5204 618 5276 pione
648 5206 938 5276 triennali,
970 5210 1205 5264 domino
1238 5208 1468 5264 interim
1501 5225 1616 5263 non
1649 5206 2009 5277 prohibente.

516 5384 672 5437 Bona
705 5384 945 5439 mobilia
973 5386 1021 5439 si
1055 5387 1185 5456 quis
1209 5402 1308 5456 per
1337 5385 1654 5440 triennium
1694 5383 1910 5452 absque
1943 5399 2089 5452 que-

444 5473 564 5529 rela
589 5474 936 5544 possederit,
967 5475 1080 5546 ipsi
1111 5476 1328 5530 cedunt
1357 5474 1684 5544 occupanti.

805 5564 957 5619 I99
987 5565 1260 5620 lNl'l‘lUM
1302 5565 1634 5620 LlT'l‘ERzE
1661 5566 1729 5615 Ξ.

769 5657 922 5712 CAP.
957 5657 998 5712 Ι.
1033 5658 1103 5711 De
1136 5657 1398 5711 tollendis
1427 5651 1768 5709 simulacris.

518 5745 732 5817 Synodi
785 5744 1257 5816 Carthaginensis
1315 5760 1501 5800 canon
1555 5743 1626 5798 58
1682 5747 1856 5812 atque
1915 5742 2088 5799 etiam

2183 1984 2413 2054 στροφὴ,
2448 1982 2570 2052 ἤτοι
2607 1986 2988 2062 σωφρονισμός
3019 2005 3032 2018 ·
3084 1985 3299 2048 πόλεως
3349 1989 3583 2056 συνθήκη
3614 1990 3772 2058 κοινή
3813 2007 3828 2020 ·

2181 2065 2293 2126 ἔστι
2327 2070 2385 2126 δὲ
2415 2073 2504 2126 καὶ
2551 2076 2692 2126 θεῖον
2742 2073 2976 2149 εὕρημα.
3009 2077 3204 2150 Ἀρετή
3253 2077 3426 2148 νόμου
3454 2078 3518 2130 τὸ
3565 2075 3828 2150 κελεύειν,

2179 2161 2242 2216 τὸ
2272 2159 2527 2231 κωλύειν,
2558 2163 2620 2217 τὸ
2651 2160 2974 2237 ἐπιτρέπειν,
3006 2165 3069 2219 τὸ
3097 2167 3482 2240 τιμωρεῖσθαι.

2253 2252 2327 2306 Ού
2377 2253 2499 2325 περὶ
2548 2255 2644 2306 τοῦ
2699 2253 3050 2323 καθέκαστον,
3101 2253 3246 2310 ἀλλὰ
3301 2259 3495 2318 κοινῶς
3553 2258 3605 2312 o't
3661 2255 3827 2330 νόμοι

2181 2339 2436 2396 τίθενται.

2253 2433 2313 2486 Ὀ
2343 2429 2510 2502 νόμος
2541 2430 2645 2485 ἀπὸ
2675 2437 2776 2500 τῆς
2807 2428 3151 2503 δικαιοσύνης
3193 2433 3527 2507 ὠνόμασται,
3558 2431 3669 2491 ἔστι
3719 2438 3828 2511 γὰρ

2178 2521 2342 2595 τέχνη
2373 2526 2470 2575 τοῦ
2499 2519 2673 2576 καλοῦ
2705 2522 2794 2576 καὶ
2823 2527 2920 2578 τοῦ
2954 2521 3092 2580 ἴσου.

2249 2611 2382 2671 Τοὺς
2431 2611 2658 2683 νόμους,
2696 2611 2803 2665 ἀπὸ
2852 2617 2962 2667 τῶν
3009 2614 3085 2675 ὡς
3129 2613 3214 2668 ἐπὶ
3264 2616 3326 2669 τὸ
3375 2614 3630 2670 πλεῖστον
3681 2637 3825 2688 συμ-

2181 2694 2497 2768 ϐαινόντων,
2532 2701 2596 2755 οὐ
2652 2701 2758 2772 μὴν
2789 2705 2896 2755 τῶν
2951 2703 3188 2764 σπανίως
3221 2703 3521 2778 εἰσάγεσθαι
3553 2702 3654 2774 δεῖ,
3697 2703 3829 2759 οὐδὲ

2179 2788 2286 2842 ἀπὸ
2330 2792 2436 2842 τῶν
2493 2785 2800 2861 δυναμένων
2849 2788 2900 2843 ἐν
2943 2789 3019 2844 tv;
3070 2786 3346 2863 συμϐῆναι
3391 2791 3580 2866 θέματι
3615 2812 3629 2826 °
3684 2813 3826 2867 mp-

2180 2883 2349 2952 ορῶσι
2377 2878 2478 2952 γάρ
2513 2880 2564 2932 οἱ
2592 2878 2882 2952 νομοθέται
2913 2880 2974 2934 τὸ
3006 2881 3138 2950 ἅπαξ
3171 2883 3204 2952 ἢ
3239 2879 3340 2943 δίς.

2248 2970 2316 3024 Οἱ
2363 2967 2771 3044 προγενέστεροι
2817 2969 2976 3042 νόμοι
3024 2971 3100 3033 εἰς
3161 2971 3287 3034 τοὺς
3349 2975 3827 3050 μεταγενεστέρους

2177 3055 2427 3112 ἕλκονται
2463 3075 2478 3092 ·
2519 3059 2573 3112 αἱ
2626 3055 2684 3113 δὲ
2733 3058 3173 3136 μεταγενέστεραι
3227 3059 3489 3131 διατάξεις
3530 3062 3827 3138 ἰσχυρότε-

2178 3167 2268 3221 ραι
2298 3151 2406 3202 τῶν
2439 3147 2547 3221 πρὸ
2577 3146 2750 3202 αὐτῶν
2785 3148 2942 3206 εἰσιν.

2250 3233 2336 3288 Ἐν
2371 3235 2452 3293 οἷς
2503 3231 2602 3288 οὐκ
2650 3226 2798 3288 ἔσται
2847 3229 3112 3310 ἔγγραφος
3156 3237 3348 3310 νόμος,
3398 3241 3432 3308 ἠ
3486 3240 3666 3313 μακρά
3711 3261 3832 3295 συν-

2181 3324 2362 3392 ήθεια,
2396 3322 2482 3376 ἐπὶ
2511 3321 2764 3384 πολλοὺς
2805 3324 3078 3381 ἐνιαυτοὺς
3128 3325 3537 3403 δοκιμασθεῖσα,
3569 3331 3683 3387 ἀντὶ
3733 3333 3828 3386 νό-

2185 3433 2290 3485 μου
2317 3417 2524 3486 κρατεῖ,
2550 3413 2699 3482 τάξιν
2727 3411 2935 3491 ἔχουσα
2965 3415 3161 3489 νόμου.

2251 3501 2323 3555 Τά
2351 3505 2529 3561 κακῶς
2555 3500 2806 3575 κριθέντα
2834 3502 2923 3556 καὶ
2953 3505 3290 3577 τυπωθέντα,
3324 3506 3446 3564 οὔτε
3483 3509 3669 3582 νόμος,
3705 3508 3831 3566 οὕτε

2179 3590 2404 3666 χρόνος,
2437 3587 2563 3645 οὔτε
2593 3591 2845 3660 συνήθεια
2881 3588 3113 3666 βεϐαιοῖ.

2585 3719 2836 3773 ΚΕΦΑΛ.
2878 3717 2964 3776 Η’.
3005 3720 3159 3794 Περὶ
3202 3729 3430 3794 νομῆς.

2881 3823 3120 3898 Νόμομ

2251 3950 2373 4002 ’Ότι
2435 3943 2678 3999 δεκαετέα
2733 3947 2768 4014 ἢ
2828 3949 3131 4005 εἰκοσαετία
3180 3953 3242 4006 οὐ
3298 3957 3493 4026 βοηθεῖ
3548 3960 3628 4025 τῷ
3685 3963 3828 4030 κακῇ

2180 4039 2358 4089 πίστει
2406 4036 2711 4106 νεμομένῳ,
2745 4037 2788 4089 εἰ
2842 4040 2917 4109 μή
2973 4042 3006 4108 ἡ
3056 4043 3460 4114 τριακονταετία
3508 4045 3597 4098 καὶ
3644 4044 3833 4115 μόνον,

2182 4124 2330 4197 εἴπερ
2364 4121 2673 4186 ἀδιακόπως
2714 4126 2955 4199 ἐνέμετο,
2985 4131 3073 4183 καί
3123 4128 3359 4205 ὄχλησιν
3393 4131 3445 4185 ἐν
3495 4130 3835 4208 δικαστηρίῳ

2187 4215 2264 4286 μή
2310 4214 2578 4286 ὑπέμεινε.
2633 4215 2791 4284 Ζήτει
2839 4219 2928 4271 καὶ
2977 4216 3029 4271 ἐν
3079 4224 3156 4290 τῷ
3203 4223 3249 4275 θ’
3299 4241 3416 4293 κεφ.
3466 4225 3561 4276 τοῦ
3609 4230 3646 4276 Δ
3681 4243 3831 4277 στοι-

2184 4305 2360 4377 χείου.

2257 4396 2404 4447 Πᾶσα
2453 4389 2674 4448 δουλεία
2720 4394 2811 4447 καὶ
2869 4402 3014 4450 πᾶσα
3067 4401 3266 4472 χρῆσις
3315 4398 3403 4453 ἐπὶ
3459 4405 3565 4454 τῶν
3616 4401 3693 4472 μή
3748 4421 3834 4454 κε-

2188 4492 2510 4566 χρημένων,
2569 4485 2658 4540 δια
2711 4493 2810 4555 τῆς
2866 4490 2962 4540 τοῦ
3018 4487 3224 4560 χρόνου
3300 4486 3682 4563 παραδρομῆς,
3742 4489 3830 4544 ἐπὶ

2192 4582 2284 4654 μὲν
2336 4577 2641 4652 παρόντων,
2687 4573 2954 4646 δεκαετίᾳ,
3003 4573 3092 4628 ἐπὶ
3151 4573 3210 4629 δὲ
3268 4576 3538 4646 ἀπόντων,
3591 4577 3834 4632 εἰκοσαε-

2108 4659 2154 4724 D
2185 4670 2275 4741 τίᾳ
2305 4666 2636 4722 ἀπόλλυται.

2261 4763 2317 4812 Ὀ
2346 4755 2490 4830 ἔχων
2539 4752 2790 4810 δουλείαν
2818 4759 2914 4809 τοῦ
2963 4753 3201 4822 ποτίζειν
3248 4755 3334 4808 καὶ
3391 4756 3604 4828 βόσκειν
3655 4753 3709 4809 έν
3756 4760 3837 4826 τῷ

2188 4849 2344 4924 ἀγρῷ
2394 4867 2489 4900 σου
2539 4839 2846 4918 θρέμματα,
2902 4841 3122 4897 δύναται
3161 4845 3384 4898 κτᾶσθαι
3435 4841 3688 4898 δουλείαν
3738 4847 3839 4898 τοῦ

2189 4937 2240 4992 έν
2273 4935 2422 5006 αύτῷ
2452 4938 2630 4988 ποιεῖν
2663 4928 2934 5002 καλύϐην.

2258 5026 2314 5078 Ὀ
2355 5021 2424 5078 δι’
2475 5020 2776 5096 ἀλλοτρίου
2822 5021 2994 5097 ἀγροῦ
3045 5020 3222 5078 ἕλκων
3266 5019 3435 5098 ὕδωρ,
3488 5019 3694 5085 εἰδότος
3741 5026 3840 5076 τοῦ

2191 5112 2454 5169 δεσπότου
2504 5117 2601 5166 τοῦ
2669 5112 2856 5184 ἀγροῦ,
2905 5116 3094 5166 κτᾶται
3149 5114 3285 5168 κατὰ
3340 5117 3435 5167 τοῦ
3490 5112 3660 5188 ἀγροῦ
3717 5107 3840 5164 δου-

2191 5203 2340 5258 λείαν
2391 5202 2442 5255 ὲν
2484 5207 2562 5272 τῷ
2611 5203 2979 5273 νενομισμένῳ
3027 5203 3261 5276 τριετίας
3295 5205 3506 5276 χρόνῳ,
3542 5203 3616 5274 μή
3659 5197 3839 5254 κωλύ-

2192 5307 2383 5352 σαντος
2411 5291 2573 5345 αὐτὸν
2604 5295 2700 5345 τοῦ
2732 5288 2992 5345 δεσπότου
3024 5297 3125 5346 τοῦ
3158 5293 3347 5366 ἀγροῦ.

2264 5383 2340 5438 Τά
2387 5381 2583 5446 κινητά
2632 5380 2940 5455 πράγματα,
2995 5379 3080 5436 ἐπὶ
3129 5381 3364 5455 τριετίαν
3417 5381 3837 5456 ἀνεπιιρωνήτως

2191 5472 2556 5546 κρατούμενα,
2589 5468 2959 5540 δεσπόζονται.

2599 5566 2780 5618 ΑΡΧΙΙ
2819 5570 2941 5617 ΤΟΥ
2977 5569 3027 5618 Ξ
3069 5570 3436 5619 ΣΤΟΙΧΕΙΟΥ.

2341 5655 2592 5706 ΚΕΦΔΛ.
2638 5652 2712 5706 Δ’.
2757 5652 2914 5718 Περὶ
2956 5652 3199 5720 ξοάνων
3240 5650 3706 5726 καθαιρέσεως.

2272 5745 2328 5794 Ὃ
2358 5746 2458 5808 τῆς
2491 5739 2545 5794 ἐν
2597 5742 2910 5818 Καρθαγὲνῃ
2957 5739 3183 5798 συνόδου
3231 5743 3406 5797 κανὼν
3454 5742 3556 5811 νη’,
3589 5741 3674 5794 καὶ
3711 5735 3837 5811 μὲνο
