  <div class='ocr_page' id='page_1' title='image "/cluster/home/n/w/nwhite01/storage/ocr_20150623/145/mdp.39015061167048/040.png"; bbox 0 0 4098 6332; ppageno 0'>
   <div class='ocr_carea' id='block_1_1' title="bbox 252 418 3666 501">
    <p class='ocr_par' dir='ltr' id='par_1_1' title="bbox 252 418 3666 501">
     <span class='ocr_line' id='line_1_1' title="bbox 252 418 3666 501; baseline -0.007 0"><span class='ocrx_word' id='word_1_1' title='bbox 252 431 340 501; x_wconf 56' lang='grc' dir='ltr'>ὅ</span> <span class='ocrx_word' id='word_1_2' title='bbox 1282 429 1727 492; x_wconf 83' lang='lat' dir='ltr'><strong>SYNTAGMA.</strong></span> <span class='ocrx_word' id='word_1_3' title='bbox 1774 421 2429 492; x_wconf 73' lang='lat' dir='ltr'><strong>ALPHABETICUM.</strong></span> <span class='ocrx_word' id='word_1_4' title='bbox 2476 453 2551 464; x_wconf 95' lang='lat'><strong>—</strong></span> <span class='ocrx_word' id='word_1_5' title='bbox 2598 424 2663 478; x_wconf 85' lang='grc' dir='ltr'>Π.</span> <span class='ocrx_word' id='word_1_6' title='bbox 3587 418 3666 476; x_wconf 87' lang='lat'><strong>66</strong></span> 
     </span>
    </p>
   </div>
   <div class='ocr_carea' id='block_1_2' title="bbox 255 549 1907 634">
    <p class='ocr_par' dir='ltr' id='par_1_2' title="bbox 255 560 1905 634">
     <span class='ocr_line' id='line_1_2' title="bbox 255 560 1905 634; baseline -0.005 -12"><span class='ocrx_word' id='word_1_7' title='bbox 255 586 347 622; x_wconf 79' lang='grc' dir='ltr'><strong>τοι</strong></span> <span class='ocrx_word' id='word_1_8' title='bbox 389 565 479 621; x_wconf 78' lang='grc' dir='ltr'><strong>καὶ</strong></span> <span class='ocrx_word' id='word_1_9' title='bbox 524 564 554 616; x_wconf 90' lang='grc' dir='ltr'>ὁ</span> <span class='ocrx_word' id='word_1_10' title='bbox 597 560 688 616; x_wconf 84' lang='grc' dir='ltr'>πδ¹</span> <span class='ocrx_word' id='word_1_11' title='bbox 737 560 805 616; x_wconf 79' lang='grc' dir='ltr'>τὰ</span> <span class='ocrx_word' id='word_1_12' title='bbox 851 560 1015 630; x_wconf 80' lang='grc' dir='ltr'>ξόανα</span> <span class='ocrx_word' id='word_1_13' title='bbox 1061 561 1233 615; x_wconf 82' lang='grc' dir='ltr'>πάντα</span> <span class='ocrx_word' id='word_1_14' title='bbox 1280 561 1566 616; x_wconf 79' lang='grc' dir='ltr'>κελεύουσι</span> <span class='ocrx_word' id='word_1_15' title='bbox 1630 562 1905 634; x_wconf 85' lang='grc' dir='ltr'>καθαιρεῖν</span> 
     </span>
    </p>
   </div>
   <div class='ocr_carea' id='block_1_3' title="bbox 2022 549 3666 634">
    <p class='ocr_par' dir='ltr' id='par_1_3' title="bbox 2022 549 3666 622">
     <span class='ocr_line' id='line_1_3' title="bbox 2022 549 3666 622; baseline -0.005 -10"><span class='ocrx_word' id='word_1_16' title='bbox 2022 559 2085 614; x_wconf 76' lang='grc'><strong>84</strong></span> <span class='ocrx_word' id='word_1_17' title='bbox 2115 554 2429 613; x_wconf 89' lang='lat' dir='ltr'><strong>simulacra</strong></span> <span class='ocrx_word' id='word_1_18' title='bbox 2475 552 2671 610; x_wconf 82' lang='lat' dir='ltr'><strong>omnia</strong></span> <span class='ocrx_word' id='word_1_19' title='bbox 2718 550 2840 607; x_wconf 89' lang='lat' dir='ltr'><strong>tolli</strong></span> <span class='ocrx_word' id='word_1_20' title='bbox 2876 566 2908 605; x_wconf 82' lang='grc' dir='ltr'>θ</span> <span class='ocrx_word' id='word_1_21' title='bbox 2952 550 3141 606; x_wconf 90' lang='lat' dir='ltr'><strong>medio</strong></span> <span class='ocrx_word' id='word_1_22' title='bbox 3189 554 3246 605; x_wconf 91' lang='lat' dir='ltr'><strong>et</strong></span> <span class='ocrx_word' id='word_1_23' title='bbox 3292 549 3450 622; x_wconf 89' lang='lat' dir='ltr'><strong>ipsas</strong></span> <span class='ocrx_word' id='word_1_24' title='bbox 3482 549 3666 605; x_wconf 80' lang='lat' dir='ltr'><strong>idolo-</strong></span> 
     </span>
    </p>
   </div>
   <div class='ocr_carea' id='block_1_4' title="bbox 256 647 1908 725">
    <p class='ocr_par' dir='ltr' id='par_1_4' title="bbox 256 647 1908 725">
     <span class='ocr_line' id='line_1_4' title="bbox 256 647 1908 725; baseline -0.003 -17"><span class='ocrx_word' id='word_1_25' title='bbox 256 654 350 708; x_wconf 83' lang='grc' dir='ltr'><strong>καὶ</strong></span> <span class='ocrx_word' id='word_1_26' title='bbox 395 656 465 710; x_wconf 73' lang='grc' dir='ltr'>τὰ</span> <span class='ocrx_word' id='word_1_27' title='bbox 508 658 620 707; x_wconf 81' lang='grc' dir='ltr'><strong>τῶν</strong></span> <span class='ocrx_word' id='word_1_28' title='bbox 670 647 921 705; x_wconf 81' lang='grc' dir='ltr'><strong>εἰδώλων</strong></span> <span class='ocrx_word' id='word_1_29' title='bbox 972 648 1451 725; x_wconf 82' lang='grc' dir='ltr'>ἐγκαταλείμματα</span> <span class='ocrx_word' id='word_1_30' title='bbox 1500 652 1674 724; x_wconf 81' lang='grc' dir='ltr'><strong>ῥίζαις</strong></span> <span class='ocrx_word' id='word_1_31' title='bbox 1724 650 1908 711; x_wconf 79' lang='grc' dir='ltr'>αὐταῖς</span> 
     </span>
    </p>
   </div>
   <div class='ocr_carea' id='block_1_5' title="bbox 263 742 492 817">
    <p class='ocr_par' dir='ltr' id='par_1_5' title="bbox 263 742 492 817">
     <span class='ocr_line' id='line_1_5' title="bbox 263 742 492 817; baseline 0.009 -18"><span class='ocrx_word' id='word_1_32' title='bbox 263 742 492 817; x_wconf 69' lang='grc' dir='ltr'>ἐξελεῖν.</span> 
     </span>
    </p>
   </div>
   <div class='ocr_carea' id='block_1_6' title="bbox 261 844 1915 922">
    <p class='ocr_par' dir='ltr' id='par_1_6' title="bbox 261 844 1915 922">
     <span class='ocr_line' id='line_1_6' title="bbox 261 844 1915 922; baseline -0.004 -16"><span class='ocrx_word' id='word_1_33' title='bbox 261 854 518 906; x_wconf 77' lang='grc' dir='ltr'><strong>ΚΕΦΑΛ.</strong></span> <span class='ocrx_word' id='word_1_34' title='bbox 552 854 613 904; x_wconf 89' lang='grc' dir='ltr'>Β.</span> <span class='ocrx_word' id='word_1_35' title='bbox 640 849 787 902; x_wconf 72' lang='grc' dir='ltr'>’Ὀτι</span> <span class='ocrx_word' id='word_1_36' title='bbox 817 844 921 922; x_wconf 82' lang='grc' dir='ltr'><strong>δεῖ</strong></span> <span class='ocrx_word' id='word_1_37' title='bbox 945 845 1100 922; x_wconf 65' lang='grc' dir='ltr'>τοὺς</span> <span class='ocrx_word' id='word_1_38' title='bbox 1131 846 1359 922; x_wconf 73' lang='grc' dir='ltr'>ξένους</span> <span class='ocrx_word' id='word_1_39' title='bbox 1397 851 1524 902; x_wconf 90' lang='grc' dir='ltr'><strong>τῶν</strong></span> <span class='ocrx_word' id='word_1_40' title='bbox 1572 845 1915 922; x_wconf 85' lang='grc' dir='ltr'>κληρικῶν</span> 
     </span>
    </p>
   </div>
   <div class='ocr_carea' id='block_1_7' title="bbox 858 916 1341 993">
    <p class='ocr_par' dir='ltr' id='par_1_7' title="bbox 858 916 1341 993">
     <span class='ocr_line' id='line_1_7' title="bbox 858 916 1341 993; baseline 0.006 -20"><span class='ocrx_word' id='word_1_41' title='bbox 858 916 1341 993; x_wconf 70' lang='grc' dir='ltr'>ὑποδέχεσθαι.</span> 
     </span>
    </p>
   </div>
   <div class='ocr_carea' id='block_1_8' title="bbox 333 1006 1537 1087">
    <p class='ocr_par' dir='ltr' id='par_1_8' title="bbox 333 1006 1537 1087">
     <span class='ocr_line' id='line_1_8' title="bbox 333 1006 1537 1087; baseline -0.003 -19"><span class='ocrx_word' id='word_1_42' title='bbox 333 1013 493 1083; x_wconf 75' lang='grc' dir='ltr'>Ζήτει</span> <span class='ocrx_word' id='word_1_43' title='bbox 523 1011 590 1065; x_wconf 84' lang='grc' dir='ltr'>τὸ</span> <span class='ocrx_word' id='word_1_44' title='bbox 622 1011 674 1063; x_wconf 65' lang='grc' dir='ltr'>θ’</span> <span class='ocrx_word' id='word_1_45' title='bbox 705 1006 1003 1087; x_wconf 70' lang='grc' dir='ltr'>κεφάλαιον</span> <span class='ocrx_word' id='word_1_46' title='bbox 1032 1012 1130 1063; x_wconf 77' lang='grc' dir='ltr'>τοῦ</span> <span class='ocrx_word' id='word_1_47' title='bbox 1158 1016 1204 1064; x_wconf 81' lang='grc' dir='ltr'><strong>Δ</strong></span> <span class='ocrx_word' id='word_1_48' title='bbox 1234 1007 1537 1082; x_wconf 82' lang='grc' dir='ltr'><strong>στοιχείου.</strong></span> 
     </span>
    </p>
   </div>
   <div class='ocr_carea' id='block_1_9' title="bbox 664 1098 1528 1156">
    <p class='ocr_par' dir='ltr' id='par_1_9' title="bbox 664 1098 1528 1156">
     <span class='ocr_line' id='line_1_9' title="bbox 664 1098 1528 1156; baseline -0.005 -1"><span class='ocrx_word' id='word_1_49' title='bbox 664 1103 860 1155; x_wconf 77' lang='grc' dir='ltr'><strong>ΑΡΧΗ</strong></span> <span class='ocrx_word' id='word_1_50' title='bbox 900 1098 1028 1156; x_wconf 81' lang='grc' dir='ltr'><strong>ΤΟΥ</strong></span> <span class='ocrx_word' id='word_1_51' title='bbox 1075 1102 1115 1151; x_wconf 95' lang='grc' dir='ltr'>Ο</span> <span class='ocrx_word' id='word_1_52' title='bbox 1165 1098 1528 1155; x_wconf 80' lang='grc' dir='ltr'><strong>ΣΤΟΙΧΖΙΟΥ</strong></span> 
     </span>
    </p>
   </div>
   <div class='ocr_carea' id='block_1_10' title="bbox 256 1200 1915 1297">
    <p class='ocr_par' dir='ltr' id='par_1_10' title="bbox 256 1200 1915 1297">
     <span class='ocr_line' id='line_1_10' title="bbox 256 1200 1915 1297; baseline -0.003 -36"><span class='ocrx_word' id='word_1_53' title='bbox 256 1209 521 1264; x_wconf 72' lang='grc' dir='ltr'><strong>ΚΕΦΑΛ.</strong></span> <span class='ocrx_word' id='word_1_54' title='bbox 554 1210 641 1261; x_wconf 82' lang='grc' dir='ltr'><strong>Δ’.</strong></span> <span class='ocrx_word' id='word_1_55' title='bbox 667 1203 820 1262; x_wconf 83' lang='grc' dir='ltr'>Ὀτί</span> <span class='ocrx_word' id='word_1_56' title='bbox 860 1205 1227 1297; x_wconf 24' lang='grc' dir='ltr'>οἱκονόκμογ</span> <span class='ocrx_word' id='word_1_57' title='bbox 1274 1200 1460 1297; x_wconf 79' lang='grc' dir='ltr'>ἔχειν</span> <span class='ocrx_word' id='word_1_58' title='bbox 1495 1205 1593 1261; x_wconf 85' lang='grc' dir='ltr'><strong>δεῖ</strong></span> <span class='ocrx_word' id='word_1_59' title='bbox 1621 1203 1731 1258; x_wconf 82' lang='grc' dir='ltr'>τὸν</span> <span class='ocrx_word' id='word_1_60' title='bbox 1781 1202 1915 1258; x_wconf 83' lang='grc' dir='ltr'>ἐπί-</span> 
     </span>
    </p>
   </div>
   <div class='ocr_carea' id='block_1_11' title="bbox 588 1277 1594 1353">
    <p class='ocr_par' dir='ltr' id='par_1_11' title="bbox 588 1277 1594 1353">
     <span class='ocr_line' id='line_1_11' title="bbox 588 1277 1594 1353; baseline 0 -22"><span class='ocrx_word' id='word_1_61' title='bbox 588 1297 838 1331; x_wconf 85' lang='grc' dir='ltr'>σκοπον</span> <span class='ocrx_word' id='word_1_62' title='bbox 885 1277 996 1330; x_wconf 85' lang='grc' dir='ltr'><strong>καὶ</strong></span> <span class='ocrx_word' id='word_1_63' title='bbox 1039 1277 1150 1331; x_wconf 81' lang='grc' dir='ltr'>τὸν</span> <span class='ocrx_word' id='word_1_64' title='bbox 1200 1277 1594 1353; x_wconf 77' lang='grc' dir='ltr'>ἡγοῦμενον.</span> 
     </span>
    </p>
   </div>
   <div class='ocr_carea' id='block_1_12' title="bbox 330 1363 1562 1442">
    <p class='ocr_par' dir='ltr' id='par_1_12' title="bbox 330 1363 1562 1442">
     <span class='ocr_line' id='line_1_12' title="bbox 330 1363 1562 1442; baseline -0.001 -20"><span class='ocrx_word' id='word_1_65' title='bbox 330 1372 490 1438; x_wconf 69' lang='grc' dir='ltr'>Ζήτει</span> <span class='ocrx_word' id='word_1_66' title='bbox 522 1368 590 1422; x_wconf 85' lang='grc' dir='ltr'>τὸ</span> <span class='ocrx_word' id='word_1_67' title='bbox 619 1363 699 1421; x_wconf 87' lang='grc' dir='ltr'>κδ’</span> <span class='ocrx_word' id='word_1_68' title='bbox 732 1365 1026 1442; x_wconf 69' lang='grc' dir='ltr'>κεφάλαιον</span> <span class='ocrx_word' id='word_1_69' title='bbox 1058 1370 1156 1421; x_wconf 80' lang='grc' dir='ltr'>τοῦ</span> <span class='ocrx_word' id='word_1_70' title='bbox 1190 1373 1227 1421; x_wconf 84' lang='grc' dir='ltr'>Ε</span> <span class='ocrx_word' id='word_1_71' title='bbox 1258 1366 1562 1441; x_wconf 81' lang='grc' dir='ltr'><strong>στοιχείου.</strong></span> 
     </span>
    </p>
   </div>
   <div class='ocr_carea' id='block_1_13' title="bbox 570 1454 1607 1529">
    <p class='ocr_par' dir='ltr' id='par_1_13' title="bbox 570 1454 1607 1529">
     <span class='ocr_line' id='line_1_13' title="bbox 570 1454 1607 1529; baseline -0.004 -16"><span class='ocrx_word' id='word_1_72' title='bbox 570 1457 837 1513; x_wconf 81' lang='grc' dir='ltr'><strong>ΚΕΦΑΛ.</strong></span> <span class='ocrx_word' id='word_1_73' title='bbox 870 1456 948 1512; x_wconf 85' lang='lat' dir='ltr'><strong>B&#39;.</strong></span> <span class='ocrx_word' id='word_1_74' title='bbox 986 1455 1142 1529; x_wconf 85' lang='grc' dir='ltr'><strong>Περῖ</strong></span> <span class='ocrx_word' id='word_1_75' title='bbox 1190 1454 1607 1528; x_wconf 87' lang='grc' dir='ltr'>οἰωνισμῶν.</span> 
     </span>
    </p>
   </div>
   <div class='ocr_carea' id='block_1_14' title="bbox 326 1542 1519 1619">
    <p class='ocr_par' dir='ltr' id='par_1_14' title="bbox 326 1542 1519 1619">
     <span class='ocr_line' id='line_1_14' title="bbox 326 1542 1519 1619; baseline 0.003 -21"><span class='ocrx_word' id='word_1_76' title='bbox 326 1547 489 1615; x_wconf 76' lang='grc' dir='ltr'>Ζήτει</span> <span class='ocrx_word' id='word_1_77' title='bbox 519 1544 587 1598; x_wconf 86' lang='grc' dir='ltr'>τὸ</span> <span class='ocrx_word' id='word_1_78' title='bbox 609 1545 663 1618; x_wconf 88' lang='grc' dir='ltr'>γ’</span> <span class='ocrx_word' id='word_1_79' title='bbox 693 1542 990 1618; x_wconf 72' lang='grc' dir='ltr'>κεφάλαιον</span> <span class='ocrx_word' id='word_1_80' title='bbox 1020 1547 1117 1597; x_wconf 77' lang='grc' dir='ltr'>τοῦ</span> <span class='ocrx_word' id='word_1_81' title='bbox 1157 1549 1195 1598; x_wconf 88' lang='lat' dir='ltr'>E</span> <span class='ocrx_word' id='word_1_82' title='bbox 1218 1543 1519 1619; x_wconf 83' lang='grc' dir='ltr'>στοιχείου.</span> 
     </span>
    </p>
   </div>
   <div class='ocr_carea' id='block_1_15' title="bbox 501 1631 1677 1708">
    <p class='ocr_par' dir='ltr' id='par_1_15' title="bbox 501 1631 1677 1708">
     <span class='ocr_line' id='line_1_15' title="bbox 501 1631 1677 1708; baseline -0.002 -18"><span class='ocrx_word' id='word_1_83' title='bbox 501 1636 773 1690; x_wconf 79' lang='grc' dir='ltr'><strong>ΚΕΦΑΛ.</strong></span> <span class='ocrx_word' id='word_1_84' title='bbox 826 1637 898 1690; x_wconf 82' lang='grc' dir='ltr'><strong>Γ⁸.</strong></span> <span class='ocrx_word' id='word_1_85' title='bbox 943 1632 1098 1705; x_wconf 81' lang='grc' dir='ltr'>Περὶ</span> <span class='ocrx_word' id='word_1_86' title='bbox 1147 1631 1677 1708; x_wconf 79' lang='grc' dir='ltr'>όνειρασθέντος.</span> 
     </span>
    </p>
   </div>
   <div class='ocr_carea' id='block_1_16' title="bbox 328 1719 1557 1799">
    <p class='ocr_par' dir='ltr' id='par_1_16' title="bbox 328 1719 1557 1799">
     <span class='ocr_line' id='line_1_16' title="bbox 328 1719 1557 1799; baseline 0.002 -25"><span class='ocrx_word' id='word_1_87' title='bbox 328 1722 491 1792; x_wconf 80' lang='grc' dir='ltr'>Ζήτει</span> <span class='ocrx_word' id='word_1_88' title='bbox 520 1722 588 1775; x_wconf 86' lang='grc' dir='ltr'>τὸ</span> <span class='ocrx_word' id='word_1_89' title='bbox 615 1722 702 1792; x_wconf 86' lang='grc' dir='ltr'><strong>κη’</strong></span> <span class='ocrx_word' id='word_1_90' title='bbox 726 1719 1027 1795; x_wconf 64' lang='grc' dir='ltr'>κεφάλαιον</span> <span class='ocrx_word' id='word_1_91' title='bbox 1056 1724 1152 1775; x_wconf 79' lang='grc' dir='ltr'>τοῦ</span> <span class='ocrx_word' id='word_1_92' title='bbox 1184 1727 1225 1776; x_wconf 82' lang='grc' dir='ltr'><strong>Κ</strong></span> <span class='ocrx_word' id='word_1_93' title='bbox 1257 1722 1557 1799; x_wconf 88' lang='grc' dir='ltr'>στοιχείου.</span> 
     </span>
    </p>
   </div>
   <div class='ocr_carea' id='block_1_17' title="bbox 664 1805 1526 1886">
    <p class='ocr_par' dir='ltr' id='par_1_17' title="bbox 664 1805 1526 1886">
     <span class='ocr_line' id='line_1_17' title="bbox 664 1805 1526 1886; baseline 0.003 -21"><span class='ocrx_word' id='word_1_94' title='bbox 664 1816 917 1873; x_wconf 77' lang='grc' dir='ltr'><strong>ΚΕΦΔΛ.</strong></span> <span class='ocrx_word' id='word_1_95' title='bbox 965 1811 1036 1866; x_wconf 79' lang='grc' dir='ltr'><strong>Δ’.</strong></span> <span class='ocrx_word' id='word_1_96' title='bbox 1086 1813 1241 1883; x_wconf 83' lang='grc' dir='ltr'><strong>Περὶ</strong></span> <span class='ocrx_word' id='word_1_97' title='bbox 1288 1805 1526 1886; x_wconf 76' lang='grc' dir='ltr'>ὅρκων.</span> 
     </span>
    </p>
   </div>
   <div class='ocr_carea' id='block_1_18' title="bbox 334 1897 1577 1978">
    <p class='ocr_par' dir='ltr' id='par_1_18' title="bbox 334 1897 1577 1978">
     <span class='ocr_line' id='line_1_18' title="bbox 334 1897 1577 1978; baseline 0.002 -24"><span class='ocrx_word' id='word_1_98' title='bbox 334 1902 497 1970; x_wconf 74' lang='grc' dir='ltr'>Ζήτει</span> <span class='ocrx_word' id='word_1_99' title='bbox 530 1900 597 1953; x_wconf 86' lang='grc' dir='ltr'>τὸ</span> <span class='ocrx_word' id='word_1_100' title='bbox 630 1897 717 1974; x_wconf 87' lang='grc' dir='ltr'><strong>λβ¹</strong></span> <span class='ocrx_word' id='word_1_101' title='bbox 755 1897 1053 1974; x_wconf 65' lang='grc' dir='ltr'>κεφάλαιον</span> <span class='ocrx_word' id='word_1_102' title='bbox 1075 1904 1173 1953; x_wconf 82' lang='grc' dir='ltr'><strong>τοῦ</strong></span> <span class='ocrx_word' id='word_1_103' title='bbox 1206 1906 1245 1954; x_wconf 84' lang='grc' dir='ltr'><strong>Ε</strong></span> <span class='ocrx_word' id='word_1_104' title='bbox 1277 1900 1577 1978; x_wconf 80' lang='grc' dir='ltr'>στοιχείου.</span> 
     </span>
    </p>
   </div>
   <div class='ocr_carea' id='block_1_19' title="bbox 660 1990 1528 2050">
    <p class='ocr_par' dir='ltr' id='par_1_19' title="bbox 660 1990 1528 2050">
     <span class='ocr_line' id='line_1_19' title="bbox 660 1990 1528 2050; baseline 0.006 -5"><span class='ocrx_word' id='word_1_105' title='bbox 660 1993 855 2045; x_wconf 79' lang='grc' dir='ltr'><strong>ΑΡΧΗ</strong></span> <span class='ocrx_word' id='word_1_106' title='bbox 885 1990 1017 2046; x_wconf 80' lang='grc' dir='ltr'><strong>ΤΟΥ</strong></span> <span class='ocrx_word' id='word_1_107' title='bbox 1055 1994 1101 2045; x_wconf 84' lang='grc' dir='ltr'><strong><em>Η</em></strong></span> <span class='ocrx_word' id='word_1_108' title='bbox 1137 1992 1528 2050; x_wconf 81' lang='grc' dir='ltr'><strong>ΣΤΟῙΧΕΙΟΥ.</strong></span> 
     </span>
    </p>
   </div>
   <div class='ocr_carea' id='block_1_20' title="bbox 396 2077 1781 2153">
    <p class='ocr_par' dir='ltr' id='par_1_20' title="bbox 396 2077 1781 2153">
     <span class='ocr_line' id='line_1_20' title="bbox 396 2077 1781 2153; baseline 0.003 -21"><span class='ocrx_word' id='word_1_109' title='bbox 396 2080 666 2137; x_wconf 74' lang='grc' dir='ltr'><strong>ΚΕΦΑΛ.</strong></span> <span class='ocrx_word' id='word_1_110' title='bbox 698 2079 776 2135; x_wconf 80' lang='grc' dir='ltr'><strong>Δ’.</strong></span> <span class='ocrx_word' id='word_1_111' title='bbox 818 2079 976 2153; x_wconf 89' lang='grc' dir='ltr'><strong>Περί</strong></span> <span class='ocrx_word' id='word_1_112' title='bbox 1005 2077 1339 2152; x_wconf 81' lang='grc' dir='ltr'><strong>παιγνίων</strong></span> <span class='ocrx_word' id='word_1_113' title='bbox 1376 2077 1781 2152; x_wconf 86' lang='grc' dir='ltr'>θυμελικῶν.</span> 
     </span>
    </p>
   </div>
   <div class='ocr_carea' id='block_1_21' title="bbox 338 2167 1918 2243">
    <p class='ocr_par' dir='ltr' id='par_1_21' title="bbox 338 2167 1918 2243">
     <span class='ocr_line' id='line_1_21' title="bbox 338 2167 1918 2243; baseline 0.002 -24"><span class='ocrx_word' id='word_1_114' title='bbox 338 2168 590 2236; x_wconf 73' lang='grc' dir='ltr'>Ζήτειτὸ</span> <span class='ocrx_word' id='word_1_115' title='bbox 629 2188 676 2235; x_wconf 75' lang='grc' dir='ltr'><strong>α,</strong></span> <span class='ocrx_word' id='word_1_116' title='bbox 713 2187 831 2243; x_wconf 69' lang='grc' dir='ltr'>κεφ.</span> <span class='ocrx_word' id='word_1_117' title='bbox 894 2170 993 2222; x_wconf 83' lang='grc' dir='ltr'>τοῦ</span> <span class='ocrx_word' id='word_1_118' title='bbox 1045 2175 1084 2222; x_wconf 89' lang='grc' dir='ltr'>Θ</span> <span class='ocrx_word' id='word_1_119' title='bbox 1122 2167 1427 2241; x_wconf 78' lang='grc' dir='ltr'>στοιχείου,</span> <span class='ocrx_word' id='word_1_120' title='bbox 1475 2168 1566 2222; x_wconf 80' lang='grc' dir='ltr'>καὶ</span> <span class='ocrx_word' id='word_1_121' title='bbox 1616 2168 1670 2222; x_wconf 77' lang='grc' dir='ltr'>ἐν</span> <span class='ocrx_word' id='word_1_122' title='bbox 1717 2172 1795 2239; x_wconf 77' lang='grc' dir='ltr'>τῷ</span> <span class='ocrx_word' id='word_1_123' title='bbox 1854 2168 1918 2222; x_wconf 79' lang='grc' dir='ltr'>ιε’</span> 
     </span>
    </p>
   </div>
   <div class='ocr_carea' id='block_1_22' title="bbox 264 2254 1913 2331">
    <p class='ocr_par' dir='ltr' id='par_1_22' title="bbox 264 2254 1913 2331">
     <span class='ocr_line' id='line_1_22' title="bbox 264 2254 1913 2331; baseline -0.001 -20"><span class='ocrx_word' id='word_1_124' title='bbox 264 2277 387 2329; x_wconf 81' lang='grc' dir='ltr'>κεφ.</span> <span class='ocrx_word' id='word_1_125' title='bbox 414 2260 516 2310; x_wconf 85' lang='grc' dir='ltr'>τοῦ</span> <span class='ocrx_word' id='word_1_126' title='bbox 540 2263 593 2313; x_wconf 75' lang='grc' dir='ltr'><strong>Μ</strong></span> <span class='ocrx_word' id='word_1_127' title='bbox 626 2257 910 2331; x_wconf 79' lang='grc' dir='ltr'>στοιχείου</span> <span class='ocrx_word' id='word_1_128' title='bbox 940 2258 1139 2311; x_wconf 88' lang='grc' dir='ltr'>κανόνα</span> <span class='ocrx_word' id='word_1_129' title='bbox 1170 2259 1249 2325; x_wconf 81' lang='grc' dir='ltr'><strong>κζ’</strong></span> <span class='ocrx_word' id='word_1_130' title='bbox 1297 2264 1398 2327; x_wconf 73' lang='grc' dir='ltr'>τῆς</span> <span class='ocrx_word' id='word_1_131' title='bbox 1449 2259 1490 2326; x_wconf 83' lang='grc' dir='ltr'><strong>ζ’</strong></span> <span class='ocrx_word' id='word_1_132' title='bbox 1539 2254 1783 2325; x_wconf 77' lang='grc' dir='ltr'>συνόδου,</span> <span class='ocrx_word' id='word_1_133' title='bbox 1825 2256 1913 2310; x_wconf 80' lang='grc' dir='ltr'><strong>καὶ</strong></span> 
     </span>
    </p>
   </div>
   <div class='ocr_carea' id='block_1_23' title="bbox 258 2346 1087 2424">
    <p class='ocr_par' dir='ltr' id='par_1_23' title="bbox 258 2346 1087 2424">
     <span class='ocr_line' id='line_1_23' title="bbox 258 2346 1087 2424; baseline 0.002 -25"><span class='ocrx_word' id='word_1_134' title='bbox 258 2347 323 2399; x_wconf 83' lang='grc' dir='ltr'>τὸ</span> <span class='ocrx_word' id='word_1_135' title='bbox 355 2348 400 2413; x_wconf 80' lang='grc' dir='ltr'><strong>ζ’</strong></span> <span class='ocrx_word' id='word_1_136' title='bbox 426 2366 552 2424; x_wconf 70' lang='grc' dir='ltr'>κεφ.</span> <span class='ocrx_word' id='word_1_137' title='bbox 587 2351 686 2400; x_wconf 79' lang='grc' dir='ltr'><strong>τοῦ</strong></span> <span class='ocrx_word' id='word_1_138' title='bbox 722 2353 755 2400; x_wconf 75' lang='grc' dir='ltr'>ι’</span> <span class='ocrx_word' id='word_1_139' title='bbox 787 2346 1087 2420; x_wconf 89' lang='grc' dir='ltr'>στοιχείου.</span> 
     </span>
    </p>
   </div>
   <div class='ocr_carea' id='block_1_24' title="bbox 257 2451 1913 2528">
    <p class='ocr_par' dir='ltr' id='par_1_24' title="bbox 257 2451 1913 2528">
     <span class='ocr_line' id='line_1_24' title="bbox 257 2451 1913 2528; baseline -0.001 -24"><span class='ocrx_word' id='word_1_140' title='bbox 257 2456 523 2512; x_wconf 75' lang='grc' dir='ltr'><strong>ΚΕΦΑΛ,</strong></span> <span class='ocrx_word' id='word_1_141' title='bbox 561 2455 632 2508; x_wconf 84' lang='lat' dir='ltr'><strong>B&#39;.</strong></span> <span class='ocrx_word' id='word_1_142' title='bbox 669 2451 828 2528; x_wconf 79' lang='grc' dir='ltr'>Περῗ</span> <span class='ocrx_word' id='word_1_143' title='bbox 863 2456 989 2528; x_wconf 71' lang='grc' dir='ltr'><strong>τῶν</strong></span> <span class='ocrx_word' id='word_1_144' title='bbox 1027 2452 1089 2507; x_wconf 80' lang='grc' dir='ltr'>ἐν</span> <span class='ocrx_word' id='word_1_145' title='bbox 1122 2451 1512 2527; x_wconf 79' lang='grc' dir='ltr'>πανδοχείῳ</span> <span class='ocrx_word' id='word_1_146' title='bbox 1558 2453 1913 2507; x_wconf 79' lang='grc' dir='ltr'>ἐσθιόντων</span> 
     </span>
    </p>
   </div>
   <div class='ocr_carea' id='block_1_25' title="bbox 902 2524 1273 2597">
    <p class='ocr_par' dir='ltr' id='par_1_25' title="bbox 902 2524 1273 2597">
     <span class='ocr_line' id='line_1_25' title="bbox 902 2524 1273 2597; baseline -0.003 -19"><span class='ocrx_word' id='word_1_147' title='bbox 902 2524 1273 2597; x_wconf 79' lang='grc' dir='ltr'>κληρικῶν.</span> 
     </span>
    </p>
   </div>
   <div class='ocr_carea' id='block_1_26' title="bbox 318 2612 1509 2690">
    <p class='ocr_par' dir='ltr' id='par_1_26' title="bbox 318 2612 1509 2690">
     <span class='ocr_line' id='line_1_26' title="bbox 318 2612 1509 2690; baseline -0.007 -16"><span class='ocrx_word' id='word_1_148' title='bbox 318 2622 480 2688; x_wconf 68' lang='grc' dir='ltr'>Ζήτει</span> <span class='ocrx_word' id='word_1_149' title='bbox 511 2616 577 2670; x_wconf 83' lang='grc' dir='ltr'>τὸ</span> <span class='ocrx_word' id='word_1_150' title='bbox 610 2616 651 2682; x_wconf 83' lang='grc' dir='ltr'><strong>ζ’</strong></span> <span class='ocrx_word' id='word_1_151' title='bbox 680 2612 976 2689; x_wconf 68' lang='grc' dir='ltr'>κεφάλαιον</span> <span class='ocrx_word' id='word_1_152' title='bbox 1006 2618 1110 2666; x_wconf 79' lang='grc' dir='ltr'><strong>τοῦ</strong></span> <span class='ocrx_word' id='word_1_153' title='bbox 1142 2619 1179 2666; x_wconf 81' lang='grc' dir='ltr'>Κ</span> <span class='ocrx_word' id='word_1_154' title='bbox 1206 2613 1509 2690; x_wconf 82' lang='grc' dir='ltr'>στοιχείου.</span> 
     </span>
    </p>
   </div>
   <div class='ocr_carea' id='block_1_27' title="bbox 323 2701 1840 2776">
    <p class='ocr_par' dir='ltr' id='par_1_27' title="bbox 323 2701 1840 2776">
     <span class='ocr_line' id='line_1_27' title="bbox 323 2701 1840 2776; baseline -0.004 -13"><span class='ocrx_word' id='word_1_155' title='bbox 323 2713 587 2763; x_wconf 73' lang='grc' dir='ltr'><strong>ΚΕΦΔΛ.</strong></span> <span class='ocrx_word' id='word_1_156' title='bbox 624 2710 692 2758; x_wconf 78' lang='lat' dir='ltr'><strong>I“.</strong></span> <span class='ocrx_word' id='word_1_157' title='bbox 731 2701 890 2776; x_wconf 83' lang='grc' dir='ltr'>Περὶ</span> <span class='ocrx_word' id='word_1_158' title='bbox 931 2704 1405 2775; x_wconf 72' lang='grc' dir='ltr'><strong>παραιτήσεως</strong></span> <span class='ocrx_word' id='word_1_159' title='bbox 1437 2702 1840 2757; x_wconf 84' lang='grc' dir='ltr'>ἐπισκόπων.</span> 
     </span>
    </p>
   </div>
   <div class='ocr_carea' id='block_1_28' title="bbox 320 2790 1546 2870">
    <p class='ocr_par' dir='ltr' id='par_1_28' title="bbox 320 2790 1546 2870">
     <span class='ocr_line' id='line_1_28' title="bbox 320 2790 1546 2870; baseline -0.003 -19"><span class='ocrx_word' id='word_1_160' title='bbox 320 2800 482 2867; x_wconf 83' lang='grc' dir='ltr'>Ζήτει</span> <span class='ocrx_word' id='word_1_161' title='bbox 513 2793 581 2849; x_wconf 84' lang='grc' dir='ltr'>τὸ</span> <span class='ocrx_word' id='word_1_162' title='bbox 611 2799 699 2861; x_wconf 83' lang='grc' dir='ltr'><strong>κη’</strong></span> <span class='ocrx_word' id='word_1_163' title='bbox 726 2790 1024 2870; x_wconf 65' lang='grc' dir='ltr'>κεφάλαιον</span> <span class='ocrx_word' id='word_1_164' title='bbox 1052 2794 1150 2844; x_wconf 79' lang='grc' dir='ltr'>τοῦ</span> <span class='ocrx_word' id='word_1_165' title='bbox 1180 2796 1217 2845; x_wconf 82' lang='grc' dir='ltr'>Ε</span> <span class='ocrx_word' id='word_1_166' title='bbox 1247 2790 1546 2865; x_wconf 78' lang='grc' dir='ltr'>στοιχείου.</span> 
     </span>
    </p>
   </div>
   <div class='ocr_carea' id='block_1_29' title="bbox 258 2896 1914 2984">
    <p class='ocr_par' dir='ltr' id='par_1_29' title="bbox 258 2896 1914 2984">
     <span class='ocr_line' id='line_1_29' title="bbox 258 2896 1914 2984; baseline -0.005 -26"><span class='ocrx_word' id='word_1_167' title='bbox 258 2906 527 2961; x_wconf 75' lang='grc' dir='ltr'><strong>ΚΕΦΑΛ.</strong></span> <span class='ocrx_word' id='word_1_168' title='bbox 562 2901 635 2955; x_wconf 89' lang='grc' dir='ltr'><strong>Δ’.</strong></span> <span class='ocrx_word' id='word_1_169' title='bbox 669 2898 826 2973; x_wconf 84' lang='grc' dir='ltr'>Περὶ</span> <span class='ocrx_word' id='word_1_170' title='bbox 856 2902 984 2953; x_wconf 89' lang='grc' dir='ltr'><strong>τῶν</strong></span> <span class='ocrx_word' id='word_1_171' title='bbox 1024 2897 1385 2984; x_wconf 31' lang='grc' dir='ltr'>παρτθενίαν</span> <span class='ocrx_word' id='word_1_172' title='bbox 1430 2896 1768 2972; x_wconf 81' lang='grc' dir='ltr'>ἑλομένων</span> <span class='ocrx_word' id='word_1_173' title='bbox 1808 2919 1914 2974; x_wconf 88' lang='grc' dir='ltr'>γυ-</span> 
     </span>
    </p>
   </div>
   <div class='ocr_carea' id='block_1_30' title="bbox 966 2990 1232 3025">
    <p class='ocr_par' dir='ltr' id='par_1_30' title="bbox 966 2990 1232 3025">
     <span class='ocr_line' id='line_1_30' title="bbox 966 2990 1232 3025; baseline 0.004 -2"><span class='ocrx_word' id='word_1_174' title='bbox 966 2990 1232 3025; x_wconf 90' lang='grc' dir='ltr'>ναικων.</span> 
     </span>
    </p>
   </div>
   <div class='ocr_carea' id='block_1_31' title="bbox 328 3057 1550 3135">
    <p class='ocr_par' dir='ltr' id='par_1_31' title="bbox 328 3057 1550 3135">
     <span class='ocr_line' id='line_1_31' title="bbox 328 3057 1550 3135; baseline -0.003 -17"><span class='ocrx_word' id='word_1_175' title='bbox 328 3065 493 3134; x_wconf 82' lang='grc' dir='ltr'>Ζήτει</span> <span class='ocrx_word' id='word_1_176' title='bbox 525 3061 594 3117; x_wconf 89' lang='grc' dir='ltr'>τὸ</span> <span class='ocrx_word' id='word_1_177' title='bbox 626 3060 683 3114; x_wconf 84' lang='grc' dir='ltr'>ιε’</span> <span class='ocrx_word' id='word_1_178' title='bbox 712 3057 1011 3135; x_wconf 70' lang='grc' dir='ltr'>κεφάλαιον</span> <span class='ocrx_word' id='word_1_179' title='bbox 1039 3062 1140 3113; x_wconf 80' lang='grc' dir='ltr'>τοῦ</span> <span class='ocrx_word' id='word_1_180' title='bbox 1164 3063 1216 3114; x_wconf 76' lang='grc' dir='ltr'><strong>Μ</strong></span> <span class='ocrx_word' id='word_1_181' title='bbox 1254 3057 1550 3132; x_wconf 85' lang='grc' dir='ltr'>στοιχείου.</span> 
     </span>
    </p>
   </div>
   <div class='ocr_carea' id='block_1_32' title="bbox 264 3144 1914 3222">
    <p class='ocr_par' dir='ltr' id='par_1_32' title="bbox 264 3144 1914 3222">
     <span class='ocr_line' id='line_1_32' title="bbox 264 3144 1914 3222; baseline -0.006 -12"><span class='ocrx_word' id='word_1_182' title='bbox 264 3156 527 3210; x_wconf 77' lang='grc' dir='ltr'><strong>ΚΕΦΑΛ.</strong></span> <span class='ocrx_word' id='word_1_183' title='bbox 553 3156 629 3207; x_wconf 82' lang='lat' dir='ltr'><strong>E&#39;.</strong></span> <span class='ocrx_word' id='word_1_184' title='bbox 657 3147 954 3222; x_wconf 78' lang='grc' dir='ltr'>Περὶτῆς</span> <span class='ocrx_word' id='word_1_185' title='bbox 984 3145 1044 3202; x_wconf 77' lang='grc' dir='ltr'>ἐν</span> <span class='ocrx_word' id='word_1_186' title='bbox 1076 3149 1154 3213; x_wconf 80' lang='grc' dir='ltr'>τῇ</span> <span class='ocrx_word' id='word_1_187' title='bbox 1188 3150 1581 3221; x_wconf 86' lang='grc' dir='ltr'>Παρασκευῇ</span> <span class='ocrx_word' id='word_1_188' title='bbox 1611 3144 1914 3217; x_wconf 81' lang='grc' dir='ltr'>νηστείας</span> 
     </span>
    </p>
   </div>
   <div class='ocr_carea' id='block_1_33' title="bbox 326 3234 1515 3313">
    <p class='ocr_par' dir='ltr' id='par_1_33' title="bbox 326 3234 1515 3313">
     <span class='ocr_line' id='line_1_33' title="bbox 326 3234 1515 3313; baseline -0.003 -17"><span class='ocrx_word' id='word_1_189' title='bbox 326 3243 491 3312; x_wconf 76' lang='grc' dir='ltr'>Ζήτει</span> <span class='ocrx_word' id='word_1_190' title='bbox 518 3240 584 3294; x_wconf 83' lang='grc' dir='ltr'>τὸ</span> <span class='ocrx_word' id='word_1_191' title='bbox 613 3235 660 3293; x_wconf 85' lang='grc' dir='ltr'>δ’</span> <span class='ocrx_word' id='word_1_192' title='bbox 690 3234 987 3313; x_wconf 71' lang='grc' dir='ltr'>κεφάλαιον</span> <span class='ocrx_word' id='word_1_193' title='bbox 1016 3239 1114 3291; x_wconf 74' lang='grc' dir='ltr'>τοῦ</span> <span class='ocrx_word' id='word_1_194' title='bbox 1145 3242 1185 3289; x_wconf 85' lang='grc' dir='ltr'><strong>Ν</strong></span> <span class='ocrx_word' id='word_1_195' title='bbox 1218 3237 1515 3312; x_wconf 80' lang='grc' dir='ltr'>στοιχείου.</span> 
     </span>
    </p>
   </div>
   <div class='ocr_carea' id='block_1_34' title="bbox 474 3325 1686 3399">
    <p class='ocr_par' dir='ltr' id='par_1_34' title="bbox 474 3325 1686 3399">
     <span class='ocr_line' id='line_1_34' title="bbox 474 3325 1686 3399; baseline -0.003 -16"><span class='ocrx_word' id='word_1_196' title='bbox 474 3330 731 3384; x_wconf 77' lang='grc' dir='ltr'><strong>ΚΕΦΑΛ.</strong></span> <span class='ocrx_word' id='word_1_197' title='bbox 767 3325 868 3399; x_wconf 82' lang='grc' dir='ltr'>ς’.</span> <span class='ocrx_word' id='word_1_198' title='bbox 914 3325 1078 3398; x_wconf 83' lang='grc' dir='ltr'>Περὶ</span> <span class='ocrx_word' id='word_1_199' title='bbox 1118 3327 1686 3396; x_wconf 74' lang='grc' dir='ltr'>παρακαταθήκης</span> 
     </span>
    </p>
   </div>
   <div class='ocr_carea' id='block_1_35' title="bbox 252 3410 1900 3494">
    <p class='ocr_par' dir='ltr' id='par_1_35' title="bbox 252 3410 1900 3494">
     <span class='ocr_line' id='line_1_35' title="bbox 252 3410 1900 3494; baseline -0.005 -19"><span class='ocrx_word' id='word_1_200' title='bbox 252 3416 699 3494; x_wconf 70' lang='grc' dir='ltr'>Παρακαταθήκῃ</span> <span class='ocrx_word' id='word_1_201' title='bbox 740 3414 852 3469; x_wconf 73' lang='grc' dir='ltr'>ἐστὶ</span> <span class='ocrx_word' id='word_1_202' title='bbox 901 3414 964 3469; x_wconf 87' lang='grc' dir='ltr'>τὸ</span> <span class='ocrx_word' id='word_1_203' title='bbox 1022 3412 1110 3468; x_wconf 73' lang='grc' dir='ltr'><strong>ἐπὶ</strong></span> <span class='ocrx_word' id='word_1_204' title='bbox 1165 3412 1531 3490; x_wconf 70' lang='grc' dir='ltr'>παραφυλακῇ</span> <span class='ocrx_word' id='word_1_205' title='bbox 1586 3435 1694 3470; x_wconf 91' lang='grc' dir='ltr'>τινι</span> <span class='ocrx_word' id='word_1_206' title='bbox 1752 3410 1900 3468; x_wconf 85' lang='grc' dir='ltr'>διδό-</span> 
     </span>
    </p>
   </div>
   <div class='ocr_carea' id='block_1_36' title="bbox 253 3501 1905 3582">
    <p class='ocr_par' dir='ltr' id='par_1_36' title="bbox 253 3501 1905 3582">
     <span class='ocr_line' id='line_1_36' title="bbox 253 3501 1905 3582; baseline -0.005 -17"><span class='ocrx_word' id='word_1_207' title='bbox 253 3529 438 3582; x_wconf 83' lang='grc' dir='ltr'>μενον.</span> <span class='ocrx_word' id='word_1_208' title='bbox 491 3507 617 3563; x_wconf 73' lang='grc' dir='ltr'><strong>Ἐὰν</strong></span> <span class='ocrx_word' id='word_1_209' title='bbox 669 3503 720 3575; x_wconf 76' lang='grc' dir='ltr'><strong>ἐξ</strong></span> <span class='ocrx_word' id='word_1_210' title='bbox 786 3501 1057 3577; x_wconf 72' lang='grc' dir='ltr'>ἐπιδομῆς</span> <span class='ocrx_word' id='word_1_211' title='bbox 1104 3502 1315 3577; x_wconf 80' lang='grc' dir='ltr'>λῃστῶν</span> <span class='ocrx_word' id='word_1_212' title='bbox 1371 3504 1399 3557; x_wconf 88' lang='grc' dir='ltr'>ὁ</span> <span class='ocrx_word' id='word_1_213' title='bbox 1456 3505 1556 3574; x_wconf 78' lang='grc' dir='ltr'><strong>τήν</strong></span> <span class='ocrx_word' id='word_1_214' title='bbox 1600 3520 1905 3580; x_wconf 85' lang='grc' dir='ltr'>παρακατα-</span> 
     </span>
    </p>
   </div>
   <div class='ocr_carea' id='block_1_37' title="bbox 2021 638 3350 715">
    <p class='ocr_par' dir='ltr' id='par_1_37' title="bbox 2021 638 3350 715">
     <span class='ocr_line' id='line_1_37' title="bbox 2021 638 3350 715; baseline -0.009 -11"><span class='ocrx_word' id='word_1_215' title='bbox 2021 662 2151 704; x_wconf 91' lang='lat' dir='ltr'><strong>rum</strong></span> <span class='ocrx_word' id='word_1_216' title='bbox 2182 645 2459 715; x_wconf 83' lang='lat' dir='ltr'><strong>reliquias</strong></span> <span class='ocrx_word' id='word_1_217' title='bbox 2490 643 2762 697; x_wconf 78' lang='lat' dir='ltr'><strong>radicitus</strong></span> <span class='ocrx_word' id='word_1_218' title='bbox 2790 640 3097 711; x_wconf 74' lang='lat' dir='ltr'><strong>exstirpari</strong></span> <span class='ocrx_word' id='word_1_219' title='bbox 3118 638 3350 710; x_wconf 85' lang='lat' dir='ltr'><strong>jubent.</strong></span> 
     </span>
    </p>
   </div>
   <div class='ocr_carea' id='block_1_38' title="bbox 2023 839 3594 923">
    <p class='ocr_par' dir='ltr' id='par_1_38' title="bbox 2023 839 3594 923">
     <span class='ocr_line' id='line_1_38' title="bbox 2023 839 3594 923; baseline -0.003 -22"><span class='ocrx_word' id='word_1_220' title='bbox 2023 846 2175 901; x_wconf 86' lang='lat' dir='ltr'><strong>CAP.</strong></span> <span class='ocrx_word' id='word_1_221' title='bbox 2211 845 2283 899; x_wconf 84' lang='lat' dir='ltr'><strong>II.</strong></span> <span class='ocrx_word' id='word_1_222' title='bbox 2308 842 2459 913; x_wconf 81' lang='lat' dir='ltr'><strong>Quod</strong></span> <span class='ocrx_word' id='word_1_223' title='bbox 2494 842 2828 923; x_wconf 70' lang='lat' dir='ltr'><strong>clericorqu</strong></span> <span class='ocrx_word' id='word_1_224' title='bbox 2857 839 3039 897; x_wconf 79' lang='lat' dir='ltr'><strong>deceat</strong></span> <span class='ocrx_word' id='word_1_225' title='bbox 3076 839 3316 911; x_wconf 75' lang='lat' dir='ltr'><strong>hospites</strong></span> <span class='ocrx_word' id='word_1_226' title='bbox 3359 839 3594 911; x_wconf 73' lang='lat' dir='ltr'><strong>hospitio</strong></span> 
     </span>
    </p>
   </div>
   <div class='ocr_carea' id='block_1_39' title="bbox 2706 928 2978 984">
    <p class='ocr_par' dir='ltr' id='par_1_39' title="bbox 2706 928 2978 984">
     <span class='ocr_line' id='line_1_39' title="bbox 2706 928 2978 984; baseline -0.004 -16"><span class='ocrx_word' id='word_1_227' title='bbox 2706 928 2978 984; x_wconf 73' lang='lat' dir='ltr'><strong>excipere.</strong></span> 
     </span>
    </p>
   </div>
   <div class='ocr_carea' id='block_1_40' title="bbox 2094 1003 2770 1075">
    <p class='ocr_par' dir='ltr' id='par_1_40' title="bbox 2094 1003 2770 1075">
     <span class='ocr_line' id='line_1_40' title="bbox 2094 1003 2770 1075; baseline 0 -16"><span class='ocrx_word' id='word_1_228' title='bbox 2094 1005 2238 1062; x_wconf 85' lang='lat' dir='ltr'><strong>Vide</strong></span> <span class='ocrx_word' id='word_1_229' title='bbox 2257 1022 2381 1075; x_wconf 88' lang='lat' dir='ltr'><strong>cap.</strong></span> <span class='ocrx_word' id='word_1_230' title='bbox 2406 1005 2442 1059; x_wconf 88' lang='lat'>9</span> <span class='ocrx_word' id='word_1_231' title='bbox 2472 1003 2672 1059; x_wconf 71' lang='lat' dir='ltr'><strong>litterae</strong></span> <span class='ocrx_word' id='word_1_232' title='bbox 2704 1004 2770 1060; x_wconf 90' lang='lat' dir='ltr'><strong>A.</strong></span> 
     </span>
    </p>
   </div>
   <div class='ocr_carea' id='block_1_41' title="bbox 2470 1092 3221 1151">
    <p class='ocr_par' dir='ltr' id='par_1_41' title="bbox 2470 1092 3221 1151">
     <span class='ocr_line' id='line_1_41' title="bbox 2470 1092 3221 1151; baseline -0.008 1"><span class='ocrx_word' id='word_1_233' title='bbox 2470 1092 2743 1151; x_wconf 80' lang='lat' dir='ltr'><strong>lNITlUM</strong></span> <span class='ocrx_word' id='word_1_234' title='bbox 2786 1092 3117 1148; x_wconf 68' lang='lat' dir='ltr'><strong>LITTERE</strong></span> <span class='ocrx_word' id='word_1_235' title='bbox 3155 1092 3221 1147; x_wconf 90' lang='grc' dir='ltr'>Ο.</span> 
     </span>
    </p>
   </div>
   <div class='ocr_carea' id='block_1_42' title="bbox 2023 1201 3664 1273">
    <p class='ocr_par' dir='ltr' id='par_1_42' title="bbox 2023 1201 3664 1273">
     <span class='ocr_line' id='line_1_42' title="bbox 2023 1201 3664 1273; baseline -0.003 -12"><span class='ocrx_word' id='word_1_236' title='bbox 2023 1205 2174 1261; x_wconf 87' lang='lat' dir='ltr'><strong>CAP.</strong></span> <span class='ocrx_word' id='word_1_237' title='bbox 2224 1206 2265 1259; x_wconf 91' lang='grc' dir='ltr'>Ι.</span> <span class='ocrx_word' id='word_1_238' title='bbox 2327 1205 2478 1273; x_wconf 82' lang='lat' dir='ltr'><strong>Quod</strong></span> <span class='ocrx_word' id='word_1_239' title='bbox 2531 1201 2805 1273; x_wconf 75' lang='lat' dir='ltr'><strong>episcopus</strong></span> <span class='ocrx_word' id='word_1_240' title='bbox 2863 1216 2927 1255; x_wconf 84' lang='lat' dir='ltr'><strong>ac</strong></span> <span class='ocrx_word' id='word_1_241' title='bbox 2976 1204 3271 1271; x_wconf 52' lang='lat' dir='ltr'><strong>pra/actus</strong></span> <span class='ocrx_word' id='word_1_242' title='bbox 3325 1214 3664 1258; x_wconf 62' lang='lat' dir='ltr'><strong>aconomum</strong></span> 
     </span>
    </p>
   </div>
   <div class='ocr_carea' id='block_1_43' title="bbox 2494 1272 3183 1346">
    <p class='ocr_par' dir='ltr' id='par_1_43' title="bbox 2494 1272 3183 1346">
     <span class='ocr_line' id='line_1_43' title="bbox 2494 1272 3183 1346; baseline -0.001 -16"><span class='ocrx_word' id='word_1_243' title='bbox 2494 1274 2640 1346; x_wconf 81' lang='lat' dir='ltr'><strong>apud</strong></span> <span class='ocrx_word' id='word_1_244' title='bbox 2666 1288 2724 1328; x_wconf 74' lang='lat' dir='ltr'><strong>se</strong></span> <span class='ocrx_word' id='word_1_245' title='bbox 2744 1272 2944 1328; x_wconf 80' lang='lat' dir='ltr'><strong>habere</strong></span> <span class='ocrx_word' id='word_1_246' title='bbox 2971 1273 3183 1329; x_wconf 71' lang='lat' dir='ltr'><strong>debeat.</strong></span> 
     </span>
    </p>
   </div>
   <div class='ocr_carea' id='block_1_44' title="bbox 2096 1361 2871 1436">
    <p class='ocr_par' dir='ltr' id='par_1_44' title="bbox 2096 1361 2871 1436">
     <span class='ocr_line' id='line_1_44' title="bbox 2096 1361 2871 1436; baseline -0.009 -15"><span class='ocrx_word' id='word_1_247' title='bbox 2096 1367 2297 1430; x_wconf 69' lang='lat' dir='ltr'><strong>Quaere</strong></span> <span class='ocrx_word' id='word_1_248' title='bbox 2325 1382 2450 1436; x_wconf 88' lang='lat' dir='ltr'><strong>cap.</strong></span> <span class='ocrx_word' id='word_1_249' title='bbox 2480 1366 2552 1417; x_wconf 73' lang='grc'><strong>24</strong></span> <span class='ocrx_word' id='word_1_250' title='bbox 2581 1362 2788 1418; x_wconf 63' lang='lat' dir='ltr'><strong>litterae</strong></span> <span class='ocrx_word' id='word_1_251' title='bbox 2810 1361 2871 1416; x_wconf 91' lang='lat' dir='ltr'><strong>E.</strong></span> 
     </span>
    </p>
   </div>
   <div class='ocr_carea' id='block_1_45' title="bbox 2522 1449 3167 1520">
    <p class='ocr_par' dir='ltr' id='par_1_45' title="bbox 2522 1449 3167 1520">
     <span class='ocr_line' id='line_1_45' title="bbox 2522 1449 3167 1520; baseline -0.006 -13"><span class='ocrx_word' id='word_1_252' title='bbox 2522 1451 2671 1507; x_wconf 74' lang='lat' dir='ltr'><strong>CAP.</strong></span> <span class='ocrx_word' id='word_1_253' title='bbox 2698 1449 2768 1505; x_wconf 88' lang='grc' dir='ltr'><strong>ΙΙ.</strong></span> <span class='ocrx_word' id='word_1_254' title='bbox 2800 1449 2872 1504; x_wconf 80' lang='lat' dir='ltr'><strong>De</strong></span> <span class='ocrx_word' id='word_1_255' title='bbox 2900 1450 3167 1520; x_wconf 77' lang='lat' dir='ltr'><strong>auguriis.</strong></span> 
     </span>
    </p>
   </div>
   <div class='ocr_carea' id='block_1_46' title="bbox 2097 1540 2831 1613">
    <p class='ocr_par' dir='ltr' id='par_1_46' title="bbox 2097 1540 2831 1613">
     <span class='ocr_line' id='line_1_46' title="bbox 2097 1540 2831 1613; baseline -0.003 -14"><span class='ocrx_word' id='word_1_256' title='bbox 2097 1544 2239 1599; x_wconf 84' lang='lat' dir='ltr'><strong>Vide</strong></span> <span class='ocrx_word' id='word_1_257' title='bbox 2267 1547 2443 1613; x_wconf 91' lang='lat' dir='ltr'><strong>caput</strong></span> <span class='ocrx_word' id='word_1_258' title='bbox 2471 1542 2504 1595; x_wconf 91' lang='lat'><strong>3</strong></span> <span class='ocrx_word' id='word_1_259' title='bbox 2536 1541 2737 1596; x_wconf 64' lang='lat' dir='ltr'><strong>litteris</strong></span> <span class='ocrx_word' id='word_1_260' title='bbox 2766 1540 2831 1597; x_wconf 85' lang='lat' dir='ltr'><strong>E.</strong></span> 
     </span>
    </p>
   </div>
   <div class='ocr_carea' id='block_1_47' title="bbox 2254 1628 3446 1699">
    <p class='ocr_par' dir='ltr' id='par_1_47' title="bbox 2254 1628 3446 1699">
     <span class='ocr_line' id='line_1_47' title="bbox 2254 1628 3446 1699; baseline -0.003 -13"><span class='ocrx_word' id='word_1_261' title='bbox 2254 1630 2407 1687; x_wconf 91' lang='lat' dir='ltr'><strong>CAP.</strong></span> <span class='ocrx_word' id='word_1_262' title='bbox 2439 1630 2537 1687; x_wconf 84' lang='lat' dir='ltr'><strong>III.</strong></span> <span class='ocrx_word' id='word_1_263' title='bbox 2570 1629 2644 1684; x_wconf 83' lang='lat' dir='ltr'><strong>De</strong></span> <span class='ocrx_word' id='word_1_264' title='bbox 2671 1628 2741 1684; x_wconf 75' lang='lat' dir='ltr'><strong>iis</strong></span> <span class='ocrx_word' id='word_1_265' title='bbox 2771 1630 2872 1699; x_wconf 85' lang='lat' dir='ltr'><strong>qui</strong></span> <span class='ocrx_word' id='word_1_266' title='bbox 2903 1644 2960 1683; x_wconf 74' lang='lat' dir='ltr'><strong>se</strong></span> <span class='ocrx_word' id='word_1_267' title='bbox 2983 1632 3143 1682; x_wconf 82' lang='lat' dir='ltr'><strong>noctu</strong></span> <span class='ocrx_word' id='word_1_268' title='bbox 3169 1628 3446 1699; x_wconf 77' lang='lat' dir='ltr'><strong>polluant.</strong></span> 
     </span>
    </p>
   </div>
   <div class='ocr_carea' id='block_1_48' title="bbox 2096 1718 2954 1791">
    <p class='ocr_par' dir='ltr' id='par_1_48' title="bbox 2096 1718 2954 1791">
     <span class='ocr_line' id='line_1_48' title="bbox 2096 1718 2954 1791; baseline -0.009 -12"><span class='ocrx_word' id='word_1_269' title='bbox 2096 1722 2341 1779; x_wconf 89' lang='lat' dir='ltr'><strong>Consule</strong></span> <span class='ocrx_word' id='word_1_270' title='bbox 2371 1723 2540 1791; x_wconf 84' lang='lat' dir='ltr'><strong>caput</strong></span> <span class='ocrx_word' id='word_1_271' title='bbox 2567 1718 2857 1774; x_wconf 66' lang='lat' dir='ltr'><strong>381itteraa</strong></span> <span class='ocrx_word' id='word_1_272' title='bbox 2890 1718 2954 1773; x_wconf 84' lang='lat' dir='ltr'><strong>K.</strong></span> 
     </span>
    </p>
   </div>
   <div class='ocr_carea' id='block_1_49' title="bbox 2449 1806 3236 1876">
    <p class='ocr_par' dir='ltr' id='par_1_49' title="bbox 2449 1806 3236 1876">
     <span class='ocr_line' id='line_1_49' title="bbox 2449 1806 3236 1876; baseline -0.003 -12"><span class='ocrx_word' id='word_1_273' title='bbox 2449 1807 2603 1864; x_wconf 87' lang='lat' dir='ltr'><strong>CAP.</strong></span> <span class='ocrx_word' id='word_1_274' title='bbox 2637 1806 2728 1863; x_wconf 88' lang='lat' dir='ltr'><strong>IV.</strong></span> <span class='ocrx_word' id='word_1_275' title='bbox 2779 1807 2848 1862; x_wconf 86' lang='lat' dir='ltr'><strong>De</strong></span> <span class='ocrx_word' id='word_1_276' title='bbox 2877 1807 3236 1876; x_wconf 77' lang='lat' dir='ltr'><strong>jurameniis.</strong></span> 
     </span>
    </p>
   </div>
   <div class='ocr_carea' id='block_1_50' title="bbox 1944 1896 2854 1983">
    <p class='ocr_par' dir='ltr' id='par_1_50' title="bbox 1944 1896 2854 1983">
     <span class='ocr_line' id='line_1_50' title="bbox 1944 1896 2854 1983; baseline -0.011 -23"><span class='ocrx_word' id='word_1_277' title='bbox 1944 1914 1995 1983; x_wconf 80' lang='grc' dir='ltr'><strong>Β</strong></span> <span class='ocrx_word' id='word_1_278' title='bbox 2099 1903 2233 1959; x_wconf 87' lang='lat' dir='ltr'><strong>Vide</strong></span> <span class='ocrx_word' id='word_1_279' title='bbox 2263 1904 2436 1971; x_wconf 80' lang='lat' dir='ltr'><strong>caput</strong></span> <span class='ocrx_word' id='word_1_280' title='bbox 2457 1898 2527 1953; x_wconf 83' lang='lat'><strong>32</strong></span> <span class='ocrx_word' id='word_1_281' title='bbox 2556 1896 2758 1953; x_wconf 66' lang='lat' dir='ltr'><strong>littera:</strong></span> <span class='ocrx_word' id='word_1_282' title='bbox 2788 1896 2854 1951; x_wconf 92' lang='lat' dir='ltr'><strong>E.</strong></span> 
     </span>
    </p>
   </div>
   <div class='ocr_carea' id='block_1_51' title="bbox 2461 1985 3220 2043">
    <p class='ocr_par' dir='ltr' id='par_1_51' title="bbox 2461 1985 3220 2043">
     <span class='ocr_line' id='line_1_51' title="bbox 2461 1985 3220 2043; baseline -0.001 0"><span class='ocrx_word' id='word_1_283' title='bbox 2461 1985 2746 2043; x_wconf 85' lang='lat' dir='ltr'><strong>INlTlUM</strong></span> <span class='ocrx_word' id='word_1_284' title='bbox 2787 1985 3111 2042; x_wconf 78' lang='lat' dir='ltr'><strong>LITTER/E</strong></span> <span class='ocrx_word' id='word_1_285' title='bbox 3150 1986 3220 2042; x_wconf 87' lang='lat' dir='ltr'><strong>II.</strong></span> 
     </span>
    </p>
   </div>
   <div class='ocr_carea' id='block_1_52' title="bbox 2446 2074 3235 2134">
    <p class='ocr_par' dir='ltr' id='par_1_52' title="bbox 2446 2074 3235 2134">
     <span class='ocr_line' id='line_1_52' title="bbox 2446 2074 3235 2134; baseline -0.001 0"><span class='ocrx_word' id='word_1_286' title='bbox 2446 2077 2601 2134; x_wconf 87' lang='lat' dir='ltr'><strong>CAP.</strong></span> <span class='ocrx_word' id='word_1_287' title='bbox 2631 2076 2672 2130; x_wconf 89' lang='grc' dir='ltr'>Ι.</span> <span class='ocrx_word' id='word_1_288' title='bbox 2709 2076 2783 2130; x_wconf 83' lang='lat' dir='ltr'><strong>De</strong></span> <span class='ocrx_word' id='word_1_289' title='bbox 2811 2074 2958 2131; x_wconf 73' lang='lat' dir='ltr'><strong>ludi:</strong></span> <span class='ocrx_word' id='word_1_290' title='bbox 2986 2078 3235 2134; x_wconf 75' lang='lat' dir='ltr'><strong>scenicis.</strong></span> 
     </span>
    </p>
   </div>
   <div class='ocr_carea' id='block_1_53' title="bbox 2091 2165 3665 2239">
    <p class='ocr_par' dir='ltr' id='par_1_53' title="bbox 2091 2165 3665 2239">
     <span class='ocr_line' id='line_1_53' title="bbox 2091 2165 3665 2239; baseline -0.003 -13"><span class='ocrx_word' id='word_1_291' title='bbox 2091 2172 2289 2236; x_wconf 70' lang='lat' dir='ltr'><strong>Quaere</strong></span> <span class='ocrx_word' id='word_1_292' title='bbox 2341 2171 2519 2239; x_wconf 86' lang='lat' dir='ltr'><strong>caput</strong></span> <span class='ocrx_word' id='word_1_293' title='bbox 2561 2167 2585 2220; x_wconf 83' lang='grc'><strong>1</strong></span> <span class='ocrx_word' id='word_1_294' title='bbox 2638 2165 2839 2220; x_wconf 74' lang='lat' dir='ltr'><strong>litteras</strong></span> <span class='ocrx_word' id='word_1_295' title='bbox 2879 2169 2942 2234; x_wconf 85' lang='grc' dir='ltr'>Θ,</span> <span class='ocrx_word' id='word_1_296' title='bbox 2974 2169 3031 2220; x_wconf 91' lang='lat' dir='ltr'><strong>et</strong></span> <span class='ocrx_word' id='word_1_297' title='bbox 3059 2165 3118 2220; x_wconf 91' lang='lat' dir='ltr'><strong>in</strong></span> <span class='ocrx_word' id='word_1_298' title='bbox 3167 2181 3291 2235; x_wconf 87' lang='lat' dir='ltr'><strong>cap.</strong></span> <span class='ocrx_word' id='word_1_299' title='bbox 3347 2166 3415 2219; x_wconf 88' lang='grc'><strong>15</strong></span> <span class='ocrx_word' id='word_1_300' title='bbox 3453 2165 3665 2221; x_wconf 69' lang='lat' dir='ltr'><strong>littera:</strong></span> 
     </span>
    </p>
   </div>
   <div class='ocr_carea' id='block_1_54' title="bbox 2021 2252 3660 2330">
    <p class='ocr_par' dir='ltr' id='par_1_54' title="bbox 2021 2252 3660 2330">
     <span class='ocr_line' id='line_1_54' title="bbox 2021 2252 3660 2330; baseline -0.007 -13"><span class='ocrx_word' id='word_1_301' title='bbox 2021 2265 2075 2317; x_wconf 79' lang='grc' dir='ltr'>Μ</span> <span class='ocrx_word' id='word_1_302' title='bbox 2104 2258 2310 2330; x_wconf 80' lang='lat' dir='ltr'><strong>synodi</strong></span> <span class='ocrx_word' id='word_1_303' title='bbox 2342 2256 2566 2327; x_wconf 69' lang='lat' dir='ltr'><strong>spuma:</strong></span> <span class='ocrx_word' id='word_1_304' title='bbox 2605 2270 2884 2310; x_wconf 87' lang='lat' dir='ltr'><strong>canoncm</strong></span> <span class='ocrx_word' id='word_1_305' title='bbox 2916 2254 2986 2305; x_wconf 84' lang='lat'>27</span> <span class='ocrx_word' id='word_1_306' title='bbox 3031 2253 3235 2325; x_wconf 83' lang='lat' dir='ltr'><strong>synodi</strong></span> <span class='ocrx_word' id='word_1_307' title='bbox 3265 2252 3299 2303; x_wconf 90' lang='lat'><strong>7</strong></span> <span class='ocrx_word' id='word_1_308' title='bbox 3339 2258 3396 2307; x_wconf 89' lang='lat' dir='ltr'><strong>et</strong></span> <span class='ocrx_word' id='word_1_309' title='bbox 3425 2259 3599 2325; x_wconf 89' lang='lat' dir='ltr'><strong>caput</strong></span> <span class='ocrx_word' id='word_1_310' title='bbox 3625 2255 3660 2305; x_wconf 88' lang='lat'><strong>&#39;7</strong></span> 
     </span>
    </p>
   </div>
   <div class='ocr_carea' id='block_1_55' title="bbox 2021 2350 2318 2404">
    <p class='ocr_par' dir='ltr' id='par_1_55' title="bbox 2021 2350 2318 2404">
     <span class='ocr_line' id='line_1_55' title="bbox 2021 2350 2318 2404; baseline -0.013 0"><span class='ocrx_word' id='word_1_311' title='bbox 2021 2350 2226 2404; x_wconf 71' lang='lat' dir='ltr'><strong>litterae</strong></span> <span class='ocrx_word' id='word_1_312' title='bbox 2260 2352 2318 2401; x_wconf 84' lang='grc' dir='ltr'>Γ.</span> 
     </span>
    </p>
   </div>
   <div class='ocr_carea' id='block_1_56' title="bbox 2020 2450 3660 2513">
    <p class='ocr_par' dir='ltr' id='par_1_56' title="bbox 2020 2450 3660 2513">
     <span class='ocr_line' id='line_1_56' title="bbox 2020 2450 3660 2513; baseline -0.003 0"><span class='ocrx_word' id='word_1_313' title='bbox 2020 2458 2176 2513; x_wconf 67' lang='lat'><strong>200</strong></span> <span class='ocrx_word' id='word_1_314' title='bbox 2203 2456 2356 2511; x_wconf 87' lang='lat' dir='ltr'><strong>CAP.</strong></span> <span class='ocrx_word' id='word_1_315' title='bbox 2400 2454 2471 2509; x_wconf 92' lang='lat' dir='ltr'><strong>ll.</strong></span> <span class='ocrx_word' id='word_1_316' title='bbox 2507 2454 2576 2507; x_wconf 80' lang='lat' dir='ltr'><strong>De</strong></span> <span class='ocrx_word' id='word_1_317' title='bbox 2623 2451 2845 2507; x_wconf 73' lang='lat' dir='ltr'><strong>clerici:</strong></span> <span class='ocrx_word' id='word_1_318' title='bbox 2875 2451 2936 2505; x_wconf 80' lang='lat' dir='ltr'><strong>in</strong></span> <span class='ocrx_word' id='word_1_319' title='bbox 2977 2452 3208 2506; x_wconf 78' lang='lat' dir='ltr'><strong>taberna</strong></span> <span class='ocrx_word' id='word_1_320' title='bbox 3245 2450 3660 2508; x_wconf 73' lang='lat' dir='ltr'><strong>comedentibus.</strong></span> 
     </span>
    </p>
   </div>
   <div class='ocr_carea' id='block_1_57' title="bbox 2090 2616 2766 2690">
    <p class='ocr_par' dir='ltr' id='par_1_57' title="bbox 2090 2616 2766 2690">
     <span class='ocr_line' id='line_1_57' title="bbox 2090 2616 2766 2690; baseline -0.007 -15"><span class='ocrx_word' id='word_1_321' title='bbox 2090 2619 2232 2675; x_wconf 85' lang='lat' dir='ltr'><strong>Vide</strong></span> <span class='ocrx_word' id='word_1_322' title='bbox 2260 2635 2385 2690; x_wconf 89' lang='lat' dir='ltr'><strong>cap.</strong></span> <span class='ocrx_word' id='word_1_323' title='bbox 2408 2621 2443 2673; x_wconf 87' lang='lat'><strong>7</strong></span> <span class='ocrx_word' id='word_1_324' title='bbox 2472 2617 2669 2673; x_wconf 70' lang='lat' dir='ltr'><strong>litteras</strong></span> <span class='ocrx_word' id='word_1_325' title='bbox 2699 2616 2766 2670; x_wconf 88' lang='grc' dir='ltr'>Κ.</span> 
     </span>
    </p>
   </div>
   <div class='ocr_carea' id='block_1_58' title="bbox 2317 2702 3355 2775">
    <p class='ocr_par' dir='ltr' id='par_1_58' title="bbox 2317 2702 3355 2775">
     <span class='ocr_line' id='line_1_58' title="bbox 2317 2702 3355 2775; baseline -0.007 -13"><span class='ocrx_word' id='word_1_326' title='bbox 2317 2708 2471 2762; x_wconf 85' lang='lat' dir='ltr'><strong>CAP.</strong></span> <span class='ocrx_word' id='word_1_327' title='bbox 2501 2705 2590 2761; x_wconf 88' lang='lat' dir='ltr'><strong>Ill.</strong></span> <span class='ocrx_word' id='word_1_328' title='bbox 2617 2707 2691 2760; x_wconf 80' lang='lat' dir='ltr'><strong>De</strong></span> <span class='ocrx_word' id='word_1_329' title='bbox 2717 2702 3011 2775; x_wconf 74' lang='lat' dir='ltr'><strong>episcopali</strong></span> <span class='ocrx_word' id='word_1_330' title='bbox 3039 2702 3355 2757; x_wconf 75' lang='lat' dir='ltr'><strong>audientis.</strong></span> 
     </span>
    </p>
   </div>
   <div class='ocr_carea' id='block_1_59' title="bbox 2086 2793 2916 2867">
    <p class='ocr_par' dir='ltr' id='par_1_59' title="bbox 2086 2793 2916 2867">
     <span class='ocr_line' id='line_1_59' title="bbox 2086 2793 2916 2867; baseline -0.011 -12"><span class='ocrx_word' id='word_1_331' title='bbox 2086 2801 2288 2865; x_wconf 63' lang='lat' dir='ltr'><strong>Quare</strong></span> <span class='ocrx_word' id='word_1_332' title='bbox 2309 2801 2482 2867; x_wconf 87' lang='lat' dir='ltr'><strong>caput</strong></span> <span class='ocrx_word' id='word_1_333' title='bbox 2509 2796 2578 2848; x_wconf 87' lang='lat'><strong>28</strong></span> <span class='ocrx_word' id='word_1_334' title='bbox 2622 2794 2822 2849; x_wconf 64' lang='lat' dir='ltr'><strong>littera:</strong></span> <span class='ocrx_word' id='word_1_335' title='bbox 2853 2793 2916 2847; x_wconf 79' lang='grc' dir='ltr'>Ε.</span> 
     </span>
    </p>
   </div>
   <div class='ocr_carea' id='block_1_60' title="bbox 2016 2880 3658 2956">
    <p class='ocr_par' dir='ltr' id='par_1_60' title="bbox 2016 2880 3658 2956">
     <span class='ocr_line' id='line_1_60' title="bbox 2016 2880 3658 2956; baseline -0.007 -11"><span class='ocrx_word' id='word_1_336' title='bbox 2016 2889 2169 2945; x_wconf 87' lang='lat' dir='ltr'><strong>CAP.</strong></span> <span class='ocrx_word' id='word_1_337' title='bbox 2208 2886 2302 2942; x_wconf 88' lang='lat' dir='ltr'><strong>IV.</strong></span> <span class='ocrx_word' id='word_1_338' title='bbox 2348 2886 2420 2942; x_wconf 79' lang='lat' dir='ltr'><strong>De</strong></span> <span class='ocrx_word' id='word_1_339' title='bbox 2474 2885 2697 2956; x_wconf 76' lang='lat' dir='ltr'><strong>feminis</strong></span> <span class='ocrx_word' id='word_1_340' title='bbox 2752 2897 2878 2954; x_wconf 70' lang='lat' dir='ltr'><strong>qua:</strong></span> <span class='ocrx_word' id='word_1_341' title='bbox 2932 2889 3115 2937; x_wconf 79' lang='lat' dir='ltr'><strong>votum</strong></span> <span class='ocrx_word' id='word_1_342' title='bbox 3169 2880 3431 2936; x_wconf 71' lang='lat' dir='ltr'><strong>castitatis</strong></span> <span class='ocrx_word' id='word_1_343' title='bbox 3483 2894 3658 2935; x_wconf 79' lang='lat' dir='ltr'><strong>susce—</strong></span> 
     </span>
    </p>
   </div>
   <div class='ocr_carea' id='block_1_61' title="bbox 2728 2974 2944 3043">
    <p class='ocr_par' dir='ltr' id='par_1_61' title="bbox 2728 2974 2944 3043">
     <span class='ocr_line' id='line_1_61' title="bbox 2728 2974 2944 3043; baseline -0.014 -16"><span class='ocrx_word' id='word_1_344' title='bbox 2728 2974 2944 3043; x_wconf 76' lang='lat' dir='ltr'><strong>perunt.</strong></span> 
     </span>
    </p>
   </div>
   <div class='ocr_carea' id='block_1_62' title="bbox 2086 3060 2817 3135">
    <p class='ocr_par' dir='ltr' id='par_1_62' title="bbox 2086 3060 2817 3135">
     <span class='ocr_line' id='line_1_62' title="bbox 2086 3060 2817 3135; baseline -0.008 -15"><span class='ocrx_word' id='word_1_345' title='bbox 2086 3065 2228 3122; x_wconf 87' lang='lat' dir='ltr'><strong>Vide</strong></span> <span class='ocrx_word' id='word_1_346' title='bbox 2255 3081 2378 3135; x_wconf 83' lang='lat' dir='ltr'><strong>cap.</strong></span> <span class='ocrx_word' id='word_1_347' title='bbox 2415 3064 2481 3119; x_wconf 79' lang='grc'><strong>15</strong></span> <span class='ocrx_word' id='word_1_348' title='bbox 2506 3063 2709 3119; x_wconf 70' lang='lat' dir='ltr'><strong>littoris</strong></span> <span class='ocrx_word' id='word_1_349' title='bbox 2742 3060 2817 3117; x_wconf 86' lang='lat' dir='ltr'><strong>M.</strong></span> 
     </span>
    </p>
   </div>
   <div class='ocr_carea' id='block_1_63' title="bbox 2306 3149 3362 3222">
    <p class='ocr_par' dir='ltr' id='par_1_63' title="bbox 2306 3149 3362 3222">
     <span class='ocr_line' id='line_1_63' title="bbox 2306 3149 3362 3222; baseline -0.003 -11"><span class='ocrx_word' id='word_1_350' title='bbox 2306 3155 2463 3211; x_wconf 84' lang='lat' dir='ltr'><strong>CAP.</strong></span> <span class='ocrx_word' id='word_1_351' title='bbox 2504 3153 2572 3207; x_wconf 95' lang='lat' dir='ltr'><strong>V.</strong></span> <span class='ocrx_word' id='word_1_352' title='bbox 2606 3154 2685 3208; x_wconf 86' lang='lat' dir='ltr'><strong>De</strong></span> <span class='ocrx_word' id='word_1_353' title='bbox 2706 3150 2922 3222; x_wconf 78' lang='lat' dir='ltr'><strong>jejunio</strong></span> <span class='ocrx_word' id='word_1_354' title='bbox 2952 3149 3014 3206; x_wconf 84' lang='lat' dir='ltr'><strong>in</strong></span> <span class='ocrx_word' id='word_1_355' title='bbox 3044 3150 3362 3208; x_wconf 75' lang='lat' dir='ltr'><strong>Parasceve.</strong></span> 
     </span>
    </p>
   </div>
   <div class='ocr_carea' id='block_1_64' title="bbox 1926 3241 2868 3326">
    <p class='ocr_par' dir='ltr' id='par_1_64' title="bbox 1926 3241 2868 3326">
     <span class='ocr_line' id='line_1_64' title="bbox 1926 3241 2868 3326; baseline -0.008 -22"><span class='ocrx_word' id='word_1_356' title='bbox 1926 3255 1976 3326; x_wconf 71' lang='grc' dir='ltr'>α</span> <span class='ocrx_word' id='word_1_357' title='bbox 2080 3246 2327 3303; x_wconf 84' lang='lat' dir='ltr'><strong>Consule</strong></span> <span class='ocrx_word' id='word_1_358' title='bbox 2356 3261 2480 3316; x_wconf 87' lang='lat' dir='ltr'><strong>cap.</strong></span> <span class='ocrx_word' id='word_1_359' title='bbox 2513 3244 2543 3298; x_wconf 75' lang='grc'>4</span> <span class='ocrx_word' id='word_1_360' title='bbox 2576 3243 2774 3298; x_wconf 65' lang='lat' dir='ltr'><strong>littera</strong></span> <span class='ocrx_word' id='word_1_361' title='bbox 2801 3241 2868 3297; x_wconf 90' lang='lat' dir='ltr'><strong>N.</strong></span> 
     </span>
    </p>
   </div>
   <div class='ocr_carea' id='block_1_65' title="bbox 2193 3332 3459 3404">
    <p class='ocr_par' dir='ltr' id='par_1_65' title="bbox 2193 3332 3459 3404">
     <span class='ocr_line' id='line_1_65' title="bbox 2193 3332 3459 3404; baseline -0.006 -12"><span class='ocrx_word' id='word_1_362' title='bbox 2193 3336 2350 3392; x_wconf 85' lang='lat' dir='ltr'><strong>CAP.</strong></span> <span class='ocrx_word' id='word_1_363' title='bbox 2386 3336 2473 3391; x_wconf 89' lang='lat' dir='ltr'><strong>VI.</strong></span> <span class='ocrx_word' id='word_1_364' title='bbox 2507 3335 2579 3391; x_wconf 80' lang='lat' dir='ltr'><strong>De</strong></span> <span class='ocrx_word' id='word_1_365' title='bbox 2608 3334 2852 3404; x_wconf 74' lang='lat' dir='ltr'><strong>deposito</strong></span> <span class='ocrx_word' id='word_1_366' title='bbox 2881 3334 2992 3386; x_wconf 70' lang='lat' dir='ltr'><strong>sive</strong></span> <span class='ocrx_word' id='word_1_367' title='bbox 3019 3332 3459 3400; x_wconf 75' lang='lat' dir='ltr'><strong>ﬁdeicommisso.</strong></span> 
     </span>
    </p>
   </div>
   <div class='ocr_carea' id='block_1_66' title="bbox 2085 3419 3649 3499">
    <p class='ocr_par' dir='ltr' id='par_1_66' title="bbox 2085 3419 3649 3499">
     <span class='ocr_line' id='line_1_66' title="bbox 2085 3419 3649 3499; baseline -0.005 -17"><span class='ocrx_word' id='word_1_368' title='bbox 2085 3425 2420 3499; x_wconf 87' lang='lat' dir='ltr'><strong>Depositum</strong></span> <span class='ocrx_word' id='word_1_369' title='bbox 2451 3428 2537 3480; x_wconf 85' lang='lat' dir='ltr'><strong>est</strong></span> <span class='ocrx_word' id='word_1_370' title='bbox 2575 3423 2732 3494; x_wconf 89' lang='lat' dir='ltr'><strong>quod</strong></span> <span class='ocrx_word' id='word_1_371' title='bbox 2772 3420 3214 3477; x_wconf 88' lang='lat' dir='ltr'><strong>custodiendum</strong></span> <span class='ocrx_word' id='word_1_372' title='bbox 3248 3420 3420 3476; x_wconf 86' lang='lat' dir='ltr'><strong>alicui</strong></span> <span class='ocrx_word' id='word_1_373' title='bbox 3454 3419 3649 3475; x_wconf 80' lang='lat' dir='ltr'><strong>datur.</strong></span> 
     </span>
    </p>
   </div>
   <div class='ocr_carea' id='block_1_67' title="bbox 2011 3508 3651 3587">
    <p class='ocr_par' dir='ltr' id='par_1_67' title="bbox 2011 3508 3651 3587">
     <span class='ocr_line' id='line_1_67' title="bbox 2011 3508 3651 3587; baseline -0.007 -13"><span class='ocrx_word' id='word_1_374' title='bbox 2011 3516 2072 3574; x_wconf 85' lang='lat' dir='ltr'><strong>Si</strong></span> <span class='ocrx_word' id='word_1_375' title='bbox 2121 3514 2239 3583; x_wconf 89' lang='lat' dir='ltr'><strong>ille,</strong></span> <span class='ocrx_word' id='word_1_376' title='bbox 2289 3514 2388 3587; x_wconf 91' lang='lat' dir='ltr'><strong>qui</strong></span> <span class='ocrx_word' id='word_1_377' title='bbox 2435 3529 2557 3570; x_wconf 89' lang='lat' dir='ltr'><strong>rem</strong></span> <span class='ocrx_word' id='word_1_378' title='bbox 2602 3509 2944 3568; x_wconf 89' lang='lat' dir='ltr'><strong>servandam</strong></span> <span class='ocrx_word' id='word_1_379' title='bbox 2996 3510 3274 3579; x_wconf 87' lang='lat' dir='ltr'><strong>suscepit,</strong></span> <span class='ocrx_word' id='word_1_380' title='bbox 3323 3508 3651 3564; x_wconf 80' lang='lat' dir='ltr'><strong>latronibus</strong></span> 
     </span>
    </p>
   </div>
   <div class='ocr_carea' id='block_1_68' title="bbox 249 3589 1907 3672">
    <p class='ocr_par' dir='ltr' id='par_1_68' title="bbox 249 3589 1903 3668">
     <span class='ocr_line' id='line_1_68' title="bbox 249 3589 1903 3668; baseline -0.002 -17"><span class='ocrx_word' id='word_1_381' title='bbox 249 3600 429 3668; x_wconf 72' lang='grc' dir='ltr'>θήκην</span> <span class='ocrx_word' id='word_1_382' title='bbox 478 3589 668 3650; x_wconf 75' lang='grc' dir='ltr'>λαϐὼν</span> <span class='ocrx_word' id='word_1_383' title='bbox 720 3593 973 3648; x_wconf 81' lang='grc' dir='ltr'>ἀπώλεσε</span> <span class='ocrx_word' id='word_1_384' title='bbox 1017 3592 1243 3662; x_wconf 74' lang='grc' dir='ltr'>ταύτην,</span> <span class='ocrx_word' id='word_1_385' title='bbox 1276 3592 1338 3647; x_wconf 81' lang='grc' dir='ltr'><strong>οὖ</strong></span> <span class='ocrx_word' id='word_1_386' title='bbox 1370 3590 1735 3648; x_wconf 80' lang='grc' dir='ltr'>κινδυνεύεσαι</span> <span class='ocrx_word' id='word_1_387' title='bbox 1781 3598 1903 3653; x_wconf 83' lang='grc' dir='ltr'>τοῖς</span> 
     </span>
    </p>
   </div>
   <div class='ocr_carea' id='block_1_69' title="bbox 2022 3589 3653 3672">
    <p class='ocr_par' dir='ltr' id='par_1_69' title="bbox 2022 3596 3653 3672">
     <span class='ocr_line' id='line_1_69' title="bbox 2022 3596 3653 3672; baseline -0.006 -13"><span class='ocrx_word' id='word_1_388' title='bbox 2022 3602 2449 3660; x_wconf 79' lang='lat' dir='ltr'><strong>incursantibus</strong></span> <span class='ocrx_word' id='word_1_389' title='bbox 2462 3598 3054 3672; x_wconf 70' lang='lat' dir='ltr'><strong>perdiderit,haeredes</strong></span> <span class='ocrx_word' id='word_1_390' title='bbox 3070 3602 3265 3654; x_wconf 90' lang='lat' dir='ltr'><strong>tamen</strong></span> <span class='ocrx_word' id='word_1_391' title='bbox 3279 3596 3653 3652; x_wconf 82' lang='lat' dir='ltr'><strong>amissionem</strong></span> 
     </span>
    </p>
   </div>
   <div class='ocr_carea' id='block_1_70' title="bbox 245 3679 1905 3758">
    <p class='ocr_par' dir='ltr' id='par_1_70' title="bbox 245 3679 1905 3758">
     <span class='ocr_line' id='line_1_70' title="bbox 245 3679 1905 3758; baseline -0.004 -17"><span class='ocrx_word' id='word_1_392' title='bbox 245 3685 630 3758; x_wconf 73' lang='grc' dir='ltr'>κληρονόμοις</span> <span class='ocrx_word' id='word_1_393' title='bbox 660 3682 824 3737; x_wconf 79' lang='grc' dir='ltr'>αὐτοῦ</span> <span class='ocrx_word' id='word_1_394' title='bbox 854 3684 890 3752; x_wconf 79' lang='grc' dir='ltr'>ἡ</span> <span class='ocrx_word' id='word_1_395' title='bbox 943 3679 1212 3740; x_wconf 82' lang='grc' dir='ltr'>ἀπώλεια.</span> <span class='ocrx_word' id='word_1_396' title='bbox 1258 3682 1319 3737; x_wconf 76' lang='grc' dir='ltr'><strong>Ὀ</strong></span> <span class='ocrx_word' id='word_1_397' title='bbox 1368 3683 1469 3756; x_wconf 71' lang='grc' dir='ltr'>γὰρ</span> <span class='ocrx_word' id='word_1_398' title='bbox 1518 3683 1905 3758; x_wconf 69' lang='grc' dir='ltr'>παρακαταθή-</span> 
     </span>
    </p>
   </div>
   <div class='ocr_carea' id='block_1_71' title="bbox 245 3770 1905 3849">
    <p class='ocr_par' dir='ltr' id='par_1_71' title="bbox 245 3770 1905 3849">
     <span class='ocr_line' id='line_1_71' title="bbox 245 3770 1905 3849; baseline -0.002 -18"><span class='ocrx_word' id='word_1_399' title='bbox 245 3798 349 3848; x_wconf 79' lang='grc' dir='ltr'><strong>κην</strong></span> <span class='ocrx_word' id='word_1_400' title='bbox 404 3770 705 3849; x_wconf 71' lang='grc' dir='ltr'>λαμϐάνων</span> <span class='ocrx_word' id='word_1_401' title='bbox 758 3771 921 3829; x_wconf 85' lang='grc' dir='ltr'>δόλον</span> <span class='ocrx_word' id='word_1_402' title='bbox 970 3774 1136 3846; x_wconf 80' lang='grc' dir='ltr'>μόνον</span> <span class='ocrx_word' id='word_1_403' title='bbox 1184 3773 1276 3827; x_wconf 83' lang='grc' dir='ltr'><strong>καὶ</strong></span> <span class='ocrx_word' id='word_1_404' title='bbox 1327 3772 1592 3847; x_wconf 76' lang='grc' dir='ltr'>ῥᾳθυμίαν</span> <span class='ocrx_word' id='word_1_405' title='bbox 1650 3775 1736 3828; x_wconf 82' lang='grc' dir='ltr'><strong>καὶ</strong></span> <span class='ocrx_word' id='word_1_406' title='bbox 1773 3773 1905 3848; x_wconf 78' lang='grc' dir='ltr'><strong>ὀιμὲ-</strong></span> 
     </span>
    </p>
   </div>
   <div class='ocr_carea' id='block_1_72' title="bbox 252 3859 1909 3939">
    <p class='ocr_par' dir='ltr' id='par_1_72' title="bbox 252 3859 1909 3939">
     <span class='ocr_line' id='line_1_72' title="bbox 252 3859 1909 3939; baseline -0.002 -19"><span class='ocrx_word' id='word_1_407' title='bbox 252 3866 404 3921; x_wconf 83' lang='grc' dir='ltr'>λειαν</span> <span class='ocrx_word' id='word_1_408' title='bbox 438 3866 773 3932; x_wconf 72' lang='grc' dir='ltr'>ἀπαιτεῖται,</span> <span class='ocrx_word' id='word_1_409' title='bbox 805 3861 851 3916; x_wconf 82' lang='grc' dir='ltr'><strong>εί</strong></span> <span class='ocrx_word' id='word_1_410' title='bbox 887 3863 963 3935; x_wconf 78' lang='grc' dir='ltr'>μή</span> <span class='ocrx_word' id='word_1_411' title='bbox 998 3861 1181 3938; x_wconf 73' lang='grc' dir='ltr'>ῥητῶς</span> <span class='ocrx_word' id='word_1_412' title='bbox 1225 3863 1313 3916; x_wconf 75' lang='grc' dir='ltr'><strong>καὶ</strong></span> <span class='ocrx_word' id='word_1_413' title='bbox 1346 3859 1530 3937; x_wconf 72' lang='grc' dir='ltr'>ἕτερόν</span> <span class='ocrx_word' id='word_1_414' title='bbox 1568 3884 1622 3918; x_wconf 91' lang='grc' dir='ltr'><strong>τι</strong></span> <span class='ocrx_word' id='word_1_415' title='bbox 1669 3883 1909 3939; x_wconf 76' lang='grc' dir='ltr'>συνεφω-</span> 
     </span>
    </p>
   </div>
   <div class='ocr_carea' id='block_1_73' title="bbox 251 3960 416 4027">
    <p class='ocr_par' dir='ltr' id='par_1_73' title="bbox 251 3960 416 4027">
     <span class='ocr_line' id='line_1_73' title="bbox 251 3960 416 4027; baseline -0.036 -10"><span class='ocrx_word' id='word_1_416' title='bbox 251 3960 416 4027; x_wconf 68' lang='grc' dir='ltr'>νήθη.</span> 
     </span>
    </p>
   </div>
   <div class='ocr_carea' id='block_1_74' title="bbox 479 4042 1693 4119">
    <p class='ocr_par' dir='ltr' id='par_1_74' title="bbox 479 4042 1693 4119">
     <span class='ocr_line' id='line_1_74' title="bbox 479 4042 1693 4119; baseline -0.001 -20"><span class='ocrx_word' id='word_1_417' title='bbox 479 4047 740 4101; x_wconf 77' lang='grc' dir='ltr'><strong>ΚΕΦΑΛ.</strong></span> <span class='ocrx_word' id='word_1_418' title='bbox 774 4044 842 4099; x_wconf 83' lang='lat' dir='ltr'><strong>Z&#39;.</strong></span> <span class='ocrx_word' id='word_1_419' title='bbox 878 4043 1041 4117; x_wconf 79' lang='grc' dir='ltr'>Περὶ</span> <span class='ocrx_word' id='word_1_420' title='bbox 1071 4046 1186 4096; x_wconf 82' lang='grc' dir='ltr'>τοῦ</span> <span class='ocrx_word' id='word_1_421' title='bbox 1217 4042 1408 4119; x_wconf 83' lang='grc' dir='ltr'>ἁγίου</span> <span class='ocrx_word' id='word_1_422' title='bbox 1442 4042 1693 4119; x_wconf 68' lang='grc' dir='ltr'>Πάσχα.</span> 
     </span>
    </p>
   </div>
   <div class='ocr_carea' id='block_1_75' title="bbox 322 4131 1906 4208">
    <p class='ocr_par' dir='ltr' id='par_1_75' title="bbox 322 4131 1906 4208">
     <span class='ocr_line' id='line_1_75' title="bbox 322 4131 1906 4208; baseline -0.003 -16"><span class='ocrx_word' id='word_1_423' title='bbox 322 4136 463 4193; x_wconf 76' lang='grc' dir='ltr'>Εἶτα</span> <span class='ocrx_word' id='word_1_424' title='bbox 500 4136 596 4196; x_wconf 66' lang='grc' dir='ltr'>τὰς</span> <span class='ocrx_word' id='word_1_425' title='bbox 634 4134 728 4208; x_wconf 74' lang='grc' dir='ltr'><strong>μὲν</strong></span> <span class='ocrx_word' id='word_1_426' title='bbox 758 4131 933 4195; x_wconf 78' lang='grc' dir='ltr'>ἄλλοις</span> <span class='ocrx_word' id='word_1_427' title='bbox 983 4137 1090 4187; x_wconf 87' lang='grc' dir='ltr'><strong>τῶν</strong></span> <span class='ocrx_word' id='word_1_428' title='bbox 1146 4134 1476 4201; x_wconf 72' lang='grc' dir='ltr'>ὑποθέσεων,</span> <span class='ocrx_word' id='word_1_429' title='bbox 1537 4132 1598 4194; x_wconf 82' lang='grc' dir='ltr'><strong>’ἀς</strong></span> <span class='ocrx_word' id='word_1_430' title='bbox 1655 4135 1717 4188; x_wconf 87' lang='grc' dir='ltr'>τὸ</span> <span class='ocrx_word' id='word_1_431' title='bbox 1765 4153 1906 4207; x_wconf 88' lang='grc' dir='ltr'>προ-</span> 
     </span>
    </p>
   </div>
   <div class='ocr_carea' id='block_1_76' title="bbox 249 4220 1905 4300">
    <p class='ocr_par' dir='ltr' id='par_1_76' title="bbox 249 4220 1905 4300">
     <span class='ocr_line' id='line_1_76' title="bbox 249 4220 1905 4300; baseline -0.002 -19"><span class='ocrx_word' id='word_1_432' title='bbox 249 4228 503 4300; x_wconf 86' lang='grc' dir='ltr'>κείμενον</span> <span class='ocrx_word' id='word_1_433' title='bbox 565 4225 787 4277; x_wconf 74' lang='grc' dir='ltr'>ἀπαιτεῖ</span> <span class='ocrx_word' id='word_1_434' title='bbox 851 4227 1155 4297; x_wconf 85' lang='grc' dir='ltr'>συνταγμα,</span> <span class='ocrx_word' id='word_1_435' title='bbox 1212 4227 1309 4277; x_wconf 77' lang='grc' dir='ltr'>τοῦ</span> <span class='ocrx_word' id='word_1_436' title='bbox 1390 4220 1561 4294; x_wconf 71' lang='grc' dir='ltr'>μηδὲν</span> <span class='ocrx_word' id='word_1_437' title='bbox 1631 4220 1905 4278; x_wconf 76' lang='grc' dir='ltr'>ἐλλείπειν</span> 
     </span>
    </p>
   </div>
   <div class='ocr_carea' id='block_1_77' title="bbox 246 4309 1905 4387">
    <p class='ocr_par' dir='ltr' id='par_1_77' title="bbox 246 4309 1905 4387">
     <span class='ocr_line' id='line_1_77' title="bbox 246 4309 1905 4387; baseline -0.002 -18"><span class='ocrx_word' id='word_1_438' title='bbox 246 4320 354 4371; x_wconf 81' lang='grc' dir='ltr'><strong>τῶν</strong></span> <span class='ocrx_word' id='word_1_439' title='bbox 385 4312 645 4384; x_wconf 74' lang='grc' dir='ltr'>ἡκόντων</span> <span class='ocrx_word' id='word_1_440' title='bbox 693 4310 768 4374; x_wconf 75' lang='grc' dir='ltr'><strong>εἷς</strong></span> <span class='ocrx_word' id='word_1_441' title='bbox 815 4309 1044 4385; x_wconf 82' lang='grc' dir='ltr'>δύναμιν</span> <span class='ocrx_word' id='word_1_442' title='bbox 1086 4315 1203 4373; x_wconf 88' lang='grc' dir='ltr'>τοῖς</span> <span class='ocrx_word' id='word_1_443' title='bbox 1251 4312 1464 4387; x_wconf 85' lang='grc' dir='ltr'>σμικρᾶ</span> <span class='ocrx_word' id='word_1_444' title='bbox 1512 4312 1602 4366; x_wconf 83' lang='grc' dir='ltr'><strong>καὶ</strong></span> <span class='ocrx_word' id='word_1_445' title='bbox 1650 4315 1905 4386; x_wconf 72' lang='grc' dir='ltr'>φρονοῦσι</span> 
     </span>
    </p>
   </div>
   <div class='ocr_carea' id='block_1_78' title="bbox 243 4395 1907 4480">
    <p class='ocr_par' dir='ltr' id='par_1_78' title="bbox 243 4395 1907 4480">
     <span class='ocr_line' id='line_1_78' title="bbox 243 4395 1907 4480; baseline -0.004 -20"><span class='ocrx_word' id='word_1_446' title='bbox 243 4407 330 4460; x_wconf 79' lang='grc' dir='ltr'><strong>καὶ</strong></span> <span class='ocrx_word' id='word_1_447' title='bbox 367 4403 576 4480; x_wconf 83' lang='grc' dir='ltr'>δρῶσιν</span> <span class='ocrx_word' id='word_1_448' title='bbox 625 4403 766 4476; x_wconf 70' lang='grc' dir='ltr'>ἡμῖν</span> <span class='ocrx_word' id='word_1_449' title='bbox 814 4399 1073 4474; x_wconf 71' lang='grc' dir='ltr'>ἐμέλησε,</span> <span class='ocrx_word' id='word_1_450' title='bbox 1105 4406 1204 4456; x_wconf 71' lang='grc' dir='ltr'><strong>τοῦ</strong></span> <span class='ocrx_word' id='word_1_451' title='bbox 1251 4397 1309 4455; x_wconf 73' lang='grc' dir='ltr'>δὲ</span> <span class='ocrx_word' id='word_1_452' title='bbox 1356 4395 1658 4475; x_wconf 75' lang='grc' dir='ltr'>σεϐασμίου</span> <span class='ocrx_word' id='word_1_453' title='bbox 1706 4404 1907 4456; x_wconf 79' lang='grc' dir='ltr'>τοσοῦ-</span> 
     </span>
    </p>
   </div>
   <div class='ocr_carea' id='block_1_79' title="bbox 244 4487 1909 4567">
    <p class='ocr_par' dir='ltr' id='par_1_79' title="bbox 244 4487 1909 4567">
     <span class='ocr_line' id='line_1_79' title="bbox 244 4487 1909 4567; baseline -0.004 -18"><span class='ocrx_word' id='word_1_454' title='bbox 244 4515 334 4549; x_wconf 82' lang='grc' dir='ltr'><strong>τον</strong></span> <span class='ocrx_word' id='word_1_455' title='bbox 404 4491 934 4565; x_wconf 73' lang='grc' dir='ltr'>κατολιγωρὴσομεν</span> <span class='ocrx_word' id='word_1_456' title='bbox 1009 4491 1227 4567; x_wconf 76' lang='grc' dir='ltr'>Πάσχα,</span> <span class='ocrx_word' id='word_1_457' title='bbox 1290 4487 1343 4543; x_wconf 82' lang='grc' dir='ltr'>ἐν</span> <span class='ocrx_word' id='word_1_458' title='bbox 1393 4489 1440 4560; x_wconf 82' lang='grc' dir='ltr'>ᾧ</span> <span class='ocrx_word' id='word_1_459' title='bbox 1495 4509 1558 4543; x_wconf 88' lang='grc' dir='ltr'><strong>το</strong></span> <span class='ocrx_word' id='word_1_460' title='bbox 1611 4487 1909 4566; x_wconf 72' lang='grc' dir='ltr'>κεφάλαιον</span> 
     </span>
    </p>
   </div>
   <div class='ocr_carea' id='block_1_80' title="bbox 244 4577 1986 4682">
    <p class='ocr_par' dir='ltr' id='par_1_80' title="bbox 244 4577 1986 4682">
     <span class='ocr_line' id='line_1_80' title="bbox 244 4577 1986 4682; baseline -0.002 -46"><span class='ocrx_word' id='word_1_461' title='bbox 244 4589 350 4652; x_wconf 77' lang='grc' dir='ltr'>τῆς</span> <span class='ocrx_word' id='word_1_462' title='bbox 399 4580 531 4655; x_wconf 73' lang='grc' dir='ltr'>περὶ</span> <span class='ocrx_word' id='word_1_463' title='bbox 582 4582 730 4652; x_wconf 80' lang='grc' dir='ltr'>ἡμᾶς</span> <span class='ocrx_word' id='word_1_464' title='bbox 747 4582 871 4682; x_wconf 32' lang='grc' dir='ltr'>..τοῦ</span> <span class='ocrx_word' id='word_1_465' title='bbox 915 4577 1116 4653; x_wconf 85' lang='grc' dir='ltr'>Κυρίου</span> <span class='ocrx_word' id='word_1_466' title='bbox 1179 4577 1498 4651; x_wconf 78' lang='grc' dir='ltr'>οἰκονομίας</span> <span class='ocrx_word' id='word_1_467' title='bbox 1542 4577 1903 4654; x_wconf 80' lang='grc' dir='ltr'>ἐξείργασται,</span> <span class='ocrx_word' id='word_1_468' title='bbox 1936 4613 1986 4682; x_wconf 81' lang='lat' dir='ltr'><strong>D</strong></span> 
     </span>
    </p>
   </div>
   <div class='ocr_carea' id='block_1_81' title="bbox 248 4666 1907 4744">
    <p class='ocr_par' dir='ltr' id='par_1_81' title="bbox 248 4666 1907 4744">
     <span class='ocr_line' id='line_1_81' title="bbox 248 4666 1907 4744; baseline -0.002 -19"><span class='ocrx_word' id='word_1_469' title='bbox 248 4673 322 4734; x_wconf 81' lang='grc' dir='ltr'><strong>ὡς</strong></span> <span class='ocrx_word' id='word_1_470' title='bbox 359 4672 438 4744; x_wconf 81' lang='grc' dir='ltr'>μὴ</span> <span class='ocrx_word' id='word_1_471' title='bbox 470 4671 571 4730; x_wconf 80' lang='grc' dir='ltr'><strong>τὰς</strong></span> <span class='ocrx_word' id='word_1_472' title='bbox 606 4666 871 4742; x_wconf 83' lang='grc' dir='ltr'>μεθόδους</span> <span class='ocrx_word' id='word_1_473' title='bbox 916 4667 1104 4737; x_wconf 80' lang='grc' dir='ltr'>αὐτοῦ,</span> <span class='ocrx_word' id='word_1_474' title='bbox 1147 4667 1237 4722; x_wconf 83' lang='grc' dir='ltr'><strong>καὶ</strong></span> <span class='ocrx_word' id='word_1_475' title='bbox 1293 4668 1390 4730; x_wconf 79' lang='grc' dir='ltr'><strong>τὰς</strong></span> <span class='ocrx_word' id='word_1_476' title='bbox 1447 4666 1655 4722; x_wconf 75' lang='grc' dir='ltr'>τούτων</span> <span class='ocrx_word' id='word_1_477' title='bbox 1709 4667 1907 4737; x_wconf 80' lang='grc' dir='ltr'>αἰτίας,</span> 
     </span>
    </p>
   </div>
   <div class='ocr_carea' id='block_1_82' title="bbox 250 4753 1904 4830">
    <p class='ocr_par' dir='ltr' id='par_1_82' title="bbox 250 4753 1904 4830">
     <span class='ocr_line' id='line_1_82' title="bbox 250 4753 1904 4830; baseline -0.004 -15"><span class='ocrx_word' id='word_1_478' title='bbox 250 4762 325 4822; x_wconf 80' lang='grc' dir='ltr'><strong>ὡς</strong></span> <span class='ocrx_word' id='word_1_479' title='bbox 358 4758 480 4815; x_wconf 84' lang='grc' dir='ltr'>οἶόν</span> <span class='ocrx_word' id='word_1_480' title='bbox 512 4777 573 4812; x_wconf 86' lang='grc' dir='ltr'><strong>τε</strong></span> <span class='ocrx_word' id='word_1_481' title='bbox 604 4753 778 4827; x_wconf 74' lang='grc' dir='ltr'>δήλας</span> <span class='ocrx_word' id='word_1_482' title='bbox 819 4758 987 4811; x_wconf 88' lang='grc' dir='ltr'>θεῖται</span> <span class='ocrx_word' id='word_1_483' title='bbox 1038 4761 1156 4818; x_wconf 83' lang='grc' dir='ltr'>τοῖς</span> <span class='ocrx_word' id='word_1_484' title='bbox 1204 4756 1499 4830; x_wconf 80' lang='grc' dir='ltr'>ἀγνοοῦσι;</span> <span class='ocrx_word' id='word_1_485' title='bbox 1552 4756 1650 4811; x_wconf 83' lang='grc' dir='ltr'><strong>Καὶ</strong></span> <span class='ocrx_word' id='word_1_486' title='bbox 1704 4755 1786 4818; x_wconf 80' lang='grc' dir='ltr'><strong>τίς</strong></span> <span class='ocrx_word' id='word_1_487' title='bbox 1842 4757 1904 4811; x_wconf 77' lang='grc' dir='ltr'><strong>ἂν</strong></span> 
     </span>
    </p>
   </div>
   <div class='ocr_carea' id='block_1_83' title="bbox 251 4843 1905 4923">
    <p class='ocr_par' dir='ltr' id='par_1_83' title="bbox 251 4843 1905 4923">
     <span class='ocr_line' id='line_1_83' title="bbox 251 4843 1905 4923; baseline -0.001 -20"><span class='ocrx_word' id='word_1_488' title='bbox 251 4852 403 4923; x_wconf 68' lang='grc' dir='ltr'>ἡμᾶς</span> <span class='ocrx_word' id='word_1_489' title='bbox 437 4844 657 4908; x_wconf 82' lang='grc' dir='ltr'>δικαίας</span> <span class='ocrx_word' id='word_1_490' title='bbox 702 4843 846 4900; x_wconf 74' lang='grc' dir='ltr'>οὕτω</span> <span class='ocrx_word' id='word_1_491' title='bbox 886 4847 1282 4920; x_wconf 79' lang='grc' dir='ltr'>παραιτήσαιτο</span> <span class='ocrx_word' id='word_1_492' title='bbox 1314 4843 1574 4919; x_wconf 68' lang='grc' dir='ltr'>μέμψεως</span> <span class='ocrx_word' id='word_1_493' title='bbox 1606 4863 1620 4913; x_wconf 88' lang='grc'><strong>;</strong></span> <span class='ocrx_word' id='word_1_494' title='bbox 1670 4847 1905 4921; x_wconf 76' lang='grc' dir='ltr'>Τοιγάρ-</span> 
     </span>
    </p>
   </div>
   <div class='ocr_carea' id='block_1_84' title="bbox 250 4932 1909 5011">
    <p class='ocr_par' dir='ltr' id='par_1_84' title="bbox 250 4932 1909 5011">
     <span class='ocr_line' id='line_1_84' title="bbox 250 4932 1909 5011; baseline -0.002 -17"><span class='ocrx_word' id='word_1_495' title='bbox 250 4961 338 4994; x_wconf 84' lang='grc' dir='ltr'><strong>τοι</strong></span> <span class='ocrx_word' id='word_1_496' title='bbox 370 4938 465 4992; x_wconf 82' lang='grc' dir='ltr'><strong>καὶ</strong></span> <span class='ocrx_word' id='word_1_497' title='bbox 497 4934 607 5010; x_wconf 84' lang='grc' dir='ltr'><strong>πρό</strong></span> <span class='ocrx_word' id='word_1_498' title='bbox 655 4955 719 5011; x_wconf 88' lang='grc' dir='ltr'><strong>γε</strong></span> <span class='ocrx_word' id='word_1_499' title='bbox 762 4939 874 4988; x_wconf 90' lang='grc' dir='ltr'><strong>τῶν</strong></span> <span class='ocrx_word' id='word_1_500' title='bbox 925 4932 1080 4989; x_wconf 86' lang='grc' dir='ltr'>θείων</span> <span class='ocrx_word' id='word_1_501' title='bbox 1140 4938 1437 5009; x_wconf 84' lang='grc' dir='ltr'>χρησμῶν,</span> <span class='ocrx_word' id='word_1_502' title='bbox 1487 4934 1657 5008; x_wconf 83' lang='grc' dir='ltr'>μικρά</span> <span class='ocrx_word' id='word_1_503' title='bbox 1690 4955 1783 5008; x_wconf 82' lang='grc' dir='ltr'><strong>μοι</strong></span> <span class='ocrx_word' id='word_1_504' title='bbox 1815 4933 1909 4990; x_wconf 84' lang='grc' dir='ltr'>δο-</span> 
     </span>
    </p>
   </div>
   <div class='ocr_carea' id='block_1_85' title="bbox 249 5019 1906 5096">
    <p class='ocr_par' dir='ltr' id='par_1_85' title="bbox 249 5019 1906 5096">
     <span class='ocr_line' id='line_1_85' title="bbox 249 5019 1906 5096; baseline -0.005 -14"><span class='ocrx_word' id='word_1_505' title='bbox 249 5033 338 5082; x_wconf 83' lang='grc' dir='ltr'><strong>κεῖ</strong></span> <span class='ocrx_word' id='word_1_506' title='bbox 387 5020 674 5080; x_wconf 76' lang='grc' dir='ltr'>διαλαϐεῖν</span> <span class='ocrx_word' id='word_1_507' title='bbox 727 5020 879 5077; x_wconf 78' lang='grc' dir='ltr'>ἅττα.</span> <span class='ocrx_word' id='word_1_508' title='bbox 931 5025 1032 5076; x_wconf 81' lang='grc' dir='ltr'><strong>Τοῦ</strong></span> <span class='ocrx_word' id='word_1_509' title='bbox 1080 5022 1273 5096; x_wconf 82' lang='grc' dir='ltr'>Πάσχα</span> <span class='ocrx_word' id='word_1_510' title='bbox 1322 5024 1420 5076; x_wconf 78' lang='grc' dir='ltr'><strong>τοῦ</strong></span> <span class='ocrx_word' id='word_1_511' title='bbox 1468 5021 1622 5095; x_wconf 81' lang='grc' dir='ltr'><strong>ἰεροῦ</strong></span> <span class='ocrx_word' id='word_1_512' title='bbox 1686 5019 1906 5077; x_wconf 74' lang='grc' dir='ltr'>πολλοῦ</span> 
     </span>
    </p>
   </div>
   <div class='ocr_carea' id='block_1_86' title="bbox 252 5106 1906 5188">
    <p class='ocr_par' dir='ltr' id='par_1_86' title="bbox 252 5106 1906 5188">
     <span class='ocr_line' id='line_1_86' title="bbox 252 5106 1906 5188; baseline -0.004 -17"><span class='ocrx_word' id='word_1_513' title='bbox 252 5114 451 5188; x_wconf 74' lang='grc' dir='ltr'>δέομεν</span> <span class='ocrx_word' id='word_1_514' title='bbox 509 5113 562 5167; x_wconf 75' lang='grc' dir='ltr'>ἐν</span> <span class='ocrx_word' id='word_1_515' title='bbox 612 5109 862 5187; x_wconf 83' lang='grc' dir='ltr'>περινοίᾳ</span> <span class='ocrx_word' id='word_1_516' title='bbox 909 5108 1171 5186; x_wconf 80' lang='grc' dir='ltr'>γενέσθαι,</span> <span class='ocrx_word' id='word_1_517' title='bbox 1228 5106 1459 5183; x_wconf 84' lang='grc' dir='ltr'>μηδέπω</span> <span class='ocrx_word' id='word_1_518' title='bbox 1515 5107 1906 5187; x_wconf 75' lang='grc' dir='ltr'>κατειληφότες</span> 
     </span>
    </p>
   </div>
   <div class='ocr_carea' id='block_1_87' title="bbox 245 5198 1903 5277">
    <p class='ocr_par' dir='ltr' id='par_1_87' title="bbox 245 5198 1903 5277">
     <span class='ocr_line' id='line_1_87' title="bbox 245 5198 1903 5277; baseline -0.005 -18"><span class='ocrx_word' id='word_1_519' title='bbox 245 5206 309 5259; x_wconf 86' lang='grc' dir='ltr'>τὸ</span> <span class='ocrx_word' id='word_1_520' title='bbox 339 5204 570 5277; x_wconf 81' lang='grc' dir='ltr'>νομικόν</span> <span class='ocrx_word' id='word_1_521' title='bbox 604 5221 618 5233; x_wconf 85' lang='lat'><strong>&#39;</strong></span> <span class='ocrx_word' id='word_1_522' title='bbox 653 5198 738 5256; x_wconf 85' lang='grc' dir='ltr'>δεῖ</span> <span class='ocrx_word' id='word_1_523' title='bbox 762 5200 870 5276; x_wconf 80' lang='grc' dir='ltr'><strong>γὰρ</strong></span> <span class='ocrx_word' id='word_1_524' title='bbox 900 5199 1044 5275; x_wconf 17' lang='grc' dir='ltr'>,τοὺς</span> <span class='ocrx_word' id='word_1_525' title='bbox 1090 5200 1294 5260; x_wconf 81' lang='grc' dir='ltr'>τύπους</span> <span class='ocrx_word' id='word_1_526' title='bbox 1329 5200 1577 5274; x_wconf 80' lang='grc' dir='ltr'>ἡγεῖσθαι</span> <span class='ocrx_word' id='word_1_527' title='bbox 1620 5200 1758 5273; x_wconf 88' lang='grc' dir='ltr'>πρὸς</span> <span class='ocrx_word' id='word_1_528' title='bbox 1802 5201 1903 5268; x_wconf 84' lang='grc' dir='ltr'>τήν</span> 
     </span>
    </p>
   </div>
   <div class='ocr_carea' id='block_1_88' title="bbox 240 5286 1905 5362">
    <p class='ocr_par' dir='ltr' id='par_1_88' title="bbox 240 5286 1905 5362">
     <span class='ocr_line' id='line_1_88' title="bbox 240 5286 1905 5362; baseline -0.003 -15"><span class='ocrx_word' id='word_1_529' title='bbox 240 5301 345 5362; x_wconf 82' lang='grc' dir='ltr'>τῆς</span> <span class='ocrx_word' id='word_1_530' title='bbox 378 5291 640 5362; x_wconf 78' lang='grc' dir='ltr'>ἀληθείας</span> <span class='ocrx_word' id='word_1_531' title='bbox 674 5287 1014 5346; x_wconf 81' lang='grc' dir='ltr'>συντέλειαν.</span> <span class='ocrx_word' id='word_1_532' title='bbox 1056 5288 1125 5342; x_wconf 89' lang='grc' dir='ltr'><strong>Τὸ</strong></span> <span class='ocrx_word' id='word_1_533' title='bbox 1169 5286 1364 5362; x_wconf 83' lang='grc' dir='ltr'>Πάσχα</span> <span class='ocrx_word' id='word_1_534' title='bbox 1408 5288 1590 5342; x_wconf 85' lang='grc' dir='ltr'>τοίνυν</span> <span class='ocrx_word' id='word_1_535' title='bbox 1633 5288 1696 5343; x_wconf 87' lang='grc' dir='ltr'>τὸ</span> <span class='ocrx_word' id='word_1_536' title='bbox 1742 5310 1905 5361; x_wconf 85' lang='grc' dir='ltr'>νομι-</span> 
     </span>
    </p>
   </div>
   <div class='ocr_carea' id='block_1_89' title="bbox 243 5373 1905 5451">
    <p class='ocr_par' dir='ltr' id='par_1_89' title="bbox 243 5373 1905 5451">
     <span class='ocr_line' id='line_1_89' title="bbox 243 5373 1905 5451; baseline -0.002 -15"><span class='ocrx_word' id='word_1_537' title='bbox 243 5383 338 5436; x_wconf 80' lang='grc' dir='ltr'>κὸν</span> <span class='ocrx_word' id='word_1_538' title='bbox 395 5388 602 5451; x_wconf 72' lang='grc' dir='ltr'>Μωσῆς</span> <span class='ocrx_word' id='word_1_539' title='bbox 652 5378 858 5442; x_wconf 84' lang='grc' dir='ltr'>ἐκεῖνος</span> <span class='ocrx_word' id='word_1_540' title='bbox 919 5378 947 5432; x_wconf 85' lang='grc' dir='ltr'><strong>ὁ</strong></span> <span class='ocrx_word' id='word_1_541' title='bbox 1006 5378 1142 5431; x_wconf 73' lang='grc' dir='ltr'>πάνυ</span> <span class='ocrx_word' id='word_1_542' title='bbox 1199 5381 1334 5432; x_wconf 84' lang='grc' dir='ltr'>κατά</span> <span class='ocrx_word' id='word_1_543' title='bbox 1384 5397 1445 5451; x_wconf 85' lang='grc' dir='ltr'><strong>γε</strong></span> <span class='ocrx_word' id='word_1_544' title='bbox 1498 5377 1600 5446; x_wconf 78' lang='grc' dir='ltr'>τὴν</span> <span class='ocrx_word' id='word_1_545' title='bbox 1665 5373 1731 5431; x_wconf 88' lang='grc' dir='ltr'>ιδ’</span> <span class='ocrx_word' id='word_1_546' title='bbox 1806 5381 1905 5432; x_wconf 79' lang='grc' dir='ltr'>τοῦ</span> 
     </span>
    </p>
   </div>
   <div class='ocr_carea' id='block_1_90' title="bbox 238 5465 1900 5546">
    <p class='ocr_par' dir='ltr' id='par_1_90' title="bbox 238 5465 1900 5546">
     <span class='ocr_line' id='line_1_90' title="bbox 238 5465 1900 5546; baseline -0.002 -20"><span class='ocrx_word' id='word_1_547' title='bbox 238 5472 465 5546; x_wconf 76' lang='grc' dir='ltr'>πρώτου</span> <span class='ocrx_word' id='word_1_548' title='bbox 514 5469 845 5541; x_wconf 68' lang='grc' dir='ltr'>σεληνιακοῦ</span> <span class='ocrx_word' id='word_1_549' title='bbox 907 5468 1084 5541; x_wconf 83' lang='grc' dir='ltr'>μηνὸς</span> <span class='ocrx_word' id='word_1_550' title='bbox 1152 5465 1425 5522; x_wconf 81' lang='grc' dir='ltr'>τελεϊτθαι</span> <span class='ocrx_word' id='word_1_551' title='bbox 1482 5466 1900 5538; x_wconf 73' lang='grc' dir='ltr'>νενομοθέτηκε.</span> 
     </span>
    </p>
   </div>
   <div class='ocr_carea' id='block_1_91' title="bbox 246 5555 1902 5635">
    <p class='ocr_par' dir='ltr' id='par_1_91' title="bbox 246 5555 1902 5635">
     <span class='ocr_line' id='line_1_91' title="bbox 246 5555 1902 5635; baseline -0.002 -20"><span class='ocrx_word' id='word_1_552' title='bbox 246 5564 471 5635; x_wconf 79' lang='grc' dir='ltr'>Πρῶτος</span> <span class='ocrx_word' id='word_1_553' title='bbox 521 5557 579 5615; x_wconf 74' lang='grc' dir='ltr'>δὲ</span> <span class='ocrx_word' id='word_1_554' title='bbox 634 5560 744 5634; x_wconf 76' lang='grc' dir='ltr'>μὴν</span> <span class='ocrx_word' id='word_1_555' title='bbox 794 5556 937 5613; x_wconf 83' lang='grc' dir='ltr'>ἐστιν</span> <span class='ocrx_word' id='word_1_556' title='bbox 996 5556 1025 5610; x_wconf 89' lang='grc' dir='ltr'><strong>ὁ</strong></span> <span class='ocrx_word' id='word_1_557' title='bbox 1080 5555 1205 5630; x_wconf 87' lang='grc' dir='ltr'>παρ’</span> <span class='ocrx_word' id='word_1_558' title='bbox 1236 5555 1559 5631; x_wconf 82' lang='grc' dir='ltr'>Αἰγυπτίοις</span> <span class='ocrx_word' id='word_1_559' title='bbox 1596 5557 1689 5629; x_wconf 77' lang='grc' dir='ltr'><strong>μὲν</strong></span> <span class='ocrx_word' id='word_1_560' title='bbox 1719 5560 1902 5628; x_wconf 82' lang='grc' dir='ltr'>Φαμε-</span> 
     </span>
    </p>
   </div>
   <div class='ocr_carea' id='block_1_92' title="bbox 246 5641 1906 5723">
    <p class='ocr_par' dir='ltr' id='par_1_92' title="bbox 246 5641 1906 5723">
     <span class='ocr_line' id='line_1_92' title="bbox 246 5641 1906 5723; baseline -0.004 -18"><span class='ocrx_word' id='word_1_561' title='bbox 246 5650 382 5720; x_wconf 78' lang='grc' dir='ltr'>νὼθ,</span> <span class='ocrx_word' id='word_1_562' title='bbox 440 5648 665 5723; x_wconf 84' lang='grc' dir='ltr'>Δίστρος</span> <span class='ocrx_word' id='word_1_563' title='bbox 734 5645 794 5702; x_wconf 73' lang='grc' dir='ltr'>δὲ</span> <span class='ocrx_word' id='word_1_564' title='bbox 863 5646 994 5721; x_wconf 85' lang='grc' dir='ltr'>παρ’</span> <span class='ocrx_word' id='word_1_565' title='bbox 1065 5642 1331 5715; x_wconf 81' lang='grc' dir='ltr'>Ἕλλησι,</span> <span class='ocrx_word' id='word_1_566' title='bbox 1408 5645 1573 5698; x_wconf 74' lang='grc' dir='ltr'>Νισὰν</span> <span class='ocrx_word' id='word_1_567' title='bbox 1650 5641 1706 5699; x_wconf 78' lang='grc' dir='ltr'><strong>δὲ</strong></span> <span class='ocrx_word' id='word_1_568' title='bbox 1776 5645 1906 5720; x_wconf 83' lang='grc' dir='ltr'>παρ’</span> 
     </span>
    </p>
   </div>
   <div class='ocr_carea' id='block_1_93' title="bbox 254 5733 1902 5823">
    <p class='ocr_par' dir='ltr' id='par_1_93' title="bbox 254 5733 1902 5823">
     <span class='ocr_line' id='line_1_93' title="bbox 254 5733 1902 5823; baseline -0.007 -24"><span class='ocrx_word' id='word_1_569' title='bbox 254 5734 559 5823; x_wconf 73' lang='grc' dir='ltr'>Ἐὖραίοις,</span> <span class='ocrx_word' id='word_1_570' title='bbox 602 5738 748 5820; x_wconf 83' lang='grc' dir='ltr'>παρὰ</span> <span class='ocrx_word' id='word_1_571' title='bbox 806 5734 866 5792; x_wconf 67' lang='grc' dir='ltr'>δὲ</span> <span class='ocrx_word' id='word_1_572' title='bbox 921 5736 1215 5814; x_wconf 82' lang='grc' dir='ltr'>Ῥωμαιοις</span> <span class='ocrx_word' id='word_1_573' title='bbox 1272 5733 1674 5811; x_wconf 84' lang='grc' dir='ltr'>ὀνομαζόμενος</span> <span class='ocrx_word' id='word_1_574' title='bbox 1751 5737 1902 5812; x_wconf 79' lang='grc' dir='ltr'>Μάρ-</span> 
     </span>
    </p>
   </div>
   <div class='ocr_carea' id='block_1_94' title="bbox 2014 3688 3651 3767">
    <p class='ocr_par' dir='ltr' id='par_1_94' title="bbox 2014 3688 3651 3767">
     <span class='ocr_line' id='line_1_94' title="bbox 2014 3688 3651 3767; baseline -0.007 -15"><span class='ocrx_word' id='word_1_575' title='bbox 2014 3695 2258 3767; x_wconf 90' lang='lat' dir='ltr'><strong>depositi</strong></span> <span class='ocrx_word' id='word_1_576' title='bbox 2289 3693 2515 3751; x_wconf 88' lang='lat' dir='ltr'><strong>actione</strong></span> <span class='ocrx_word' id='word_1_577' title='bbox 2545 3709 2659 3749; x_wconf 91' lang='lat' dir='ltr'><strong>non</strong></span> <span class='ocrx_word' id='word_1_578' title='bbox 2709 3691 3095 3761; x_wconf 86' lang='lat' dir='ltr'><strong>experientur.</strong></span> <span class='ocrx_word' id='word_1_579' title='bbox 3139 3688 3286 3745; x_wconf 89' lang='lat' dir='ltr'><strong>Nam</strong></span> <span class='ocrx_word' id='word_1_580' title='bbox 3334 3688 3434 3760; x_wconf 88' lang='lat' dir='ltr'><strong>qui</strong></span> <span class='ocrx_word' id='word_1_581' title='bbox 3475 3688 3651 3757; x_wconf 88' lang='lat' dir='ltr'><strong>depo-</strong></span> 
     </span>
    </p>
   </div>
   <div class='ocr_carea' id='block_1_95' title="bbox 2014 3777 3660 3856">
    <p class='ocr_par' dir='ltr' id='par_1_95' title="bbox 2014 3777 3660 3856">
     <span class='ocr_line' id='line_1_95' title="bbox 2014 3777 3660 3856; baseline -0.005 -15"><span class='ocrx_word' id='word_1_582' title='bbox 2014 3789 2187 3841; x_wconf 85' lang='lat' dir='ltr'><strong>situm</strong></span> <span class='ocrx_word' id='word_1_583' title='bbox 2218 3784 2464 3856; x_wconf 86' lang='lat' dir='ltr'><strong>accepit,</strong></span> <span class='ocrx_word' id='word_1_584' title='bbox 2496 3781 2682 3838; x_wconf 88' lang='lat' dir='ltr'><strong>solum</strong></span> <span class='ocrx_word' id='word_1_585' title='bbox 2717 3780 2915 3836; x_wconf 85' lang='lat' dir='ltr'><strong>dolum</strong></span> <span class='ocrx_word' id='word_1_586' title='bbox 2946 3783 3003 3834; x_wconf 89' lang='lat' dir='ltr'><strong>et</strong></span> <span class='ocrx_word' id='word_1_587' title='bbox 3043 3777 3452 3850; x_wconf 86' lang='lat' dir='ltr'><strong>negligentiam</strong></span> <span class='ocrx_word' id='word_1_588' title='bbox 3483 3782 3660 3847; x_wconf 89' lang='lat' dir='ltr'><strong>atque</strong></span> 
     </span>
    </p>
   </div>
   <div class='ocr_carea' id='block_1_96' title="bbox 2017 3867 3657 3945">
    <p class='ocr_par' dir='ltr' id='par_1_96' title="bbox 2017 3867 3657 3945">
     <span class='ocr_line' id='line_1_96' title="bbox 2017 3867 3657 3945; baseline -0.007 -13"><span class='ocrx_word' id='word_1_589' title='bbox 2017 3876 2287 3932; x_wconf 87' lang='lat' dir='ltr'><strong>inertiam</strong></span> <span class='ocrx_word' id='word_1_590' title='bbox 2330 3877 2583 3945; x_wconf 65' lang='lat' dir='ltr'><strong>praestat,</strong></span> <span class='ocrx_word' id='word_1_591' title='bbox 2628 3870 2740 3926; x_wconf 86' lang='lat' dir='ltr'><strong>nisi</strong></span> <span class='ocrx_word' id='word_1_592' title='bbox 2781 3872 2927 3926; x_wconf 82' lang='lat' dir='ltr'><strong>forte</strong></span> <span class='ocrx_word' id='word_1_593' title='bbox 2974 3867 3129 3923; x_wconf 86' lang='lat' dir='ltr'><strong>aliud</strong></span> <span class='ocrx_word' id='word_1_594' title='bbox 3180 3868 3397 3939; x_wconf 84' lang='lat' dir='ltr'><strong>aliquid</strong></span> <span class='ocrx_word' id='word_1_595' title='bbox 3429 3867 3657 3922; x_wconf 77' lang='lat' dir='ltr'><strong>disertis</strong></span> 
     </span>
    </p>
   </div>
   <div class='ocr_carea' id='block_1_97' title="bbox 2016 3961 2819 4019">
    <p class='ocr_par' dir='ltr' id='par_1_97' title="bbox 2016 3961 2819 4019">
     <span class='ocr_line' id='line_1_97' title="bbox 2016 3961 2819 4019; baseline -0.007 0"><span class='ocrx_word' id='word_1_596' title='bbox 2016 3962 2207 4019; x_wconf 87' lang='lat' dir='ltr'><strong>verbis</strong></span> <span class='ocrx_word' id='word_1_597' title='bbox 2236 3966 2586 4019; x_wconf 81' lang='lat' dir='ltr'><strong>conventum</strong></span> <span class='ocrx_word' id='word_1_598' title='bbox 2614 3961 2819 4015; x_wconf 77' lang='lat' dir='ltr'><strong>fuerat.</strong></span> 
     </span>
    </p>
   </div>
   <div class='ocr_carea' id='block_1_98' title="bbox 2386 4046 3289 4106">
    <p class='ocr_par' dir='ltr' id='par_1_98' title="bbox 2386 4046 3289 4106">
     <span class='ocr_line' id='line_1_98' title="bbox 2386 4046 3289 4106; baseline -0.007 0"><span class='ocrx_word' id='word_1_599' title='bbox 2386 4049 2538 4106; x_wconf 85' lang='lat' dir='ltr'><strong>CAP.</strong></span> <span class='ocrx_word' id='word_1_600' title='bbox 2573 4050 2689 4104; x_wconf 78' lang='grc' dir='ltr'>νη.</span> <span class='ocrx_word' id='word_1_601' title='bbox 2724 4049 2798 4104; x_wconf 80' lang='lat' dir='ltr'><strong>De</strong></span> <span class='ocrx_word' id='word_1_602' title='bbox 2819 4062 2973 4103; x_wconf 77' lang='lat' dir='ltr'><strong>sacro</strong></span> <span class='ocrx_word' id='word_1_603' title='bbox 3003 4046 3289 4102; x_wconf 82' lang='lat' dir='ltr'><strong>Paschate.</strong></span> 
     </span>
    </p>
   </div>
   <div class='ocr_carea' id='block_1_99' title="bbox 2088 4134 3657 4208">
    <p class='ocr_par' dir='ltr' id='par_1_99' title="bbox 2088 4134 3657 4208">
     <span class='ocr_line' id='line_1_99' title="bbox 2088 4134 3657 4208; baseline -0.004 -13"><span class='ocrx_word' id='word_1_604' title='bbox 2088 4141 2465 4198; x_wconf 86' lang='lat' dir='ltr'><strong>Postmodum</strong></span> <span class='ocrx_word' id='word_1_605' title='bbox 2506 4139 2616 4195; x_wconf 86' lang='lat' dir='ltr'><strong>alia</strong></span> <span class='ocrx_word' id='word_1_606' title='bbox 2665 4137 2897 4208; x_wconf 87' lang='lat' dir='ltr'><strong>quidem</strong></span> <span class='ocrx_word' id='word_1_607' title='bbox 2947 4141 3317 4207; x_wconf 85' lang='lat' dir='ltr'><strong>argumenta,</strong></span> <span class='ocrx_word' id='word_1_608' title='bbox 3379 4151 3500 4204; x_wconf 72' lang='lat' dir='ltr'><strong>qua:</strong></span> <span class='ocrx_word' id='word_1_609' title='bbox 3549 4134 3657 4189; x_wconf 91' lang='lat' dir='ltr'><strong>hoc</strong></span> 
     </span>
    </p>
   </div>
   <div class='ocr_carea' id='block_1_100' title="bbox 2015 4224 3657 4305">
    <p class='ocr_par' dir='ltr' id='par_1_100' title="bbox 2015 4224 3657 4305">
     <span class='ocr_line' id='line_1_100' title="bbox 2015 4224 3657 4305; baseline -0.008 -16"><span class='ocrx_word' id='word_1_610' title='bbox 2015 4248 2163 4305; x_wconf 90' lang='lat' dir='ltr'><strong>opus</strong></span> <span class='ocrx_word' id='word_1_611' title='bbox 2228 4237 2494 4303; x_wconf 89' lang='lat' dir='ltr'><strong>expetere</strong></span> <span class='ocrx_word' id='word_1_612' title='bbox 2560 4227 2884 4291; x_wconf 81' lang='lat' dir='ltr'><strong>videbatur,</strong></span> <span class='ocrx_word' id='word_1_613' title='bbox 2943 4242 3016 4281; x_wconf 89' lang='lat' dir='ltr'><strong>ne</strong></span> <span class='ocrx_word' id='word_1_614' title='bbox 3071 4225 3294 4281; x_wconf 87' lang='lat' dir='ltr'><strong>deesset</strong></span> <span class='ocrx_word' id='word_1_615' title='bbox 3357 4224 3657 4295; x_wconf 85' lang='lat' dir='ltr'><strong>quidpiam</strong></span> 
     </span>
    </p>
   </div>
   <div class='ocr_carea' id='block_1_101' title="bbox 2015 4313 3661 4391">
    <p class='ocr_par' dir='ltr' id='par_1_101' title="bbox 2015 4313 3661 4391">
     <span class='ocr_line' id='line_1_101' title="bbox 2015 4313 3661 4391; baseline -0.008 -13"><span class='ocrx_word' id='word_1_616' title='bbox 2015 4336 2213 4379; x_wconf 88' lang='lat' dir='ltr'><strong>eorum</strong></span> <span class='ocrx_word' id='word_1_617' title='bbox 2262 4335 2385 4391; x_wconf 78' lang='lat' dir='ltr'><strong>quae</strong></span> <span class='ocrx_word' id='word_1_618' title='bbox 2434 4318 2549 4373; x_wconf 91' lang='lat' dir='ltr'><strong>huc</strong></span> <span class='ocrx_word' id='word_1_619' title='bbox 2596 4320 2884 4388; x_wconf 89' lang='lat' dir='ltr'><strong>spectant,</strong></span> <span class='ocrx_word' id='word_1_620' title='bbox 2937 4319 3223 4386; x_wconf 84' lang='lat' dir='ltr'><strong>quantum</strong></span> <span class='ocrx_word' id='word_1_621' title='bbox 3285 4313 3453 4368; x_wconf 84' lang='lat' dir='ltr'><strong>nobis</strong></span> <span class='ocrx_word' id='word_1_622' title='bbox 3497 4313 3661 4369; x_wconf 90' lang='lat' dir='ltr'><strong>licuit</strong></span> 
     </span>
    </p>
   </div>
   <div class='ocr_carea' id='block_1_102' title="bbox 2015 4398 3659 4480">
    <p class='ocr_par' dir='ltr' id='par_1_102' title="bbox 2015 4398 3659 4480">
     <span class='ocr_line' id='line_1_102' title="bbox 2015 4398 3659 4480; baseline -0.007 -16"><span class='ocrx_word' id='word_1_623' title='bbox 2015 4407 2213 4480; x_wconf 81' lang='lat' dir='ltr'><strong>magni</strong></span> <span class='ocrx_word' id='word_1_624' title='bbox 2240 4405 2388 4463; x_wconf 87' lang='lat' dir='ltr'><strong>nihil</strong></span> <span class='ocrx_word' id='word_1_625' title='bbox 2420 4403 2509 4461; x_wconf 91' lang='lat' dir='ltr'><strong>vel</strong></span> <span class='ocrx_word' id='word_1_626' title='bbox 2548 4402 2945 4474; x_wconf 85' lang='lat' dir='ltr'><strong>cogitantibus</strong></span> <span class='ocrx_word' id='word_1_627' title='bbox 2974 4400 3061 4457; x_wconf 87' lang='lat' dir='ltr'><strong>vel</strong></span> <span class='ocrx_word' id='word_1_628' title='bbox 3104 4399 3471 4465; x_wconf 79' lang='lat' dir='ltr'><strong>facientibus,</strong></span> <span class='ocrx_word' id='word_1_629' title='bbox 3506 4398 3659 4453; x_wconf 87' lang='lat' dir='ltr'><strong>haud</strong></span> 
     </span>
    </p>
   </div>
   <div class='ocr_carea' id='block_1_103' title="bbox 2014 4487 3657 4568">
    <p class='ocr_par' dir='ltr' id='par_1_103' title="bbox 2014 4487 3657 4568">
     <span class='ocr_line' id='line_1_103' title="bbox 2014 4487 3657 4568; baseline -0.006 -17"><span class='ocrx_word' id='word_1_630' title='bbox 2014 4494 2385 4568; x_wconf 87' lang='lat' dir='ltr'><strong>indiligenter</strong></span> <span class='ocrx_word' id='word_1_631' title='bbox 2422 4494 2824 4559; x_wconf 86' lang='lat' dir='ltr'><strong>tractavimus,</strong></span> <span class='ocrx_word' id='word_1_632' title='bbox 2849 4489 3067 4545; x_wconf 89' lang='lat' dir='ltr'><strong>adeone</strong></span> <span class='ocrx_word' id='word_1_633' title='bbox 3085 4487 3481 4544; x_wconf 88' lang='lat' dir='ltr'><strong>venerandum</strong></span> <span class='ocrx_word' id='word_1_634' title='bbox 3514 4489 3657 4541; x_wconf 89' lang='lat' dir='ltr'><strong>Pas—</strong></span> 
     </span>
    </p>
   </div>
   <div class='ocr_carea' id='block_1_104' title="bbox 2016 4576 3658 4656">
    <p class='ocr_par' dir='ltr' id='par_1_104' title="bbox 2016 4576 3658 4656">
     <span class='ocr_line' id='line_1_104' title="bbox 2016 4576 3658 4656; baseline -0.007 -14"><span class='ocrx_word' id='word_1_635' title='bbox 2016 4585 2146 4653; x_wconf 89' lang='lat' dir='ltr'><strong>cha,</strong></span> <span class='ocrx_word' id='word_1_636' title='bbox 2202 4584 2261 4641; x_wconf 88' lang='lat' dir='ltr'><strong>in</strong></span> <span class='ocrx_word' id='word_1_637' title='bbox 2319 4599 2435 4656; x_wconf 89' lang='lat' dir='ltr'><strong>quo</strong></span> <span class='ocrx_word' id='word_1_638' title='bbox 2479 4596 2778 4639; x_wconf 87' lang='lat' dir='ltr'><strong>summum</strong></span> <span class='ocrx_word' id='word_1_639' title='bbox 2832 4577 3144 4636; x_wconf 65' lang='lat' dir='ltr'><strong>Dominicis</strong></span> <span class='ocrx_word' id='word_1_640' title='bbox 3201 4576 3658 4649; x_wconf 87' lang='lat' dir='ltr'><strong>dispensationis</strong></span> 
     </span>
    </p>
   </div>
   <div class='ocr_carea' id='block_1_105' title="bbox 2020 4665 3660 4747">
    <p class='ocr_par' dir='ltr' id='par_1_105' title="bbox 2020 4665 3660 4747">
     <span class='ocr_line' id='line_1_105' title="bbox 2020 4665 3660 4747; baseline -0.007 -16"><span class='ocrx_word' id='word_1_641' title='bbox 2020 4677 2315 4747; x_wconf 87' lang='lat' dir='ltr'><strong>peractum</strong></span> <span class='ocrx_word' id='word_1_642' title='bbox 2352 4675 2461 4743; x_wconf 88' lang='lat' dir='ltr'><strong>est,</strong></span> <span class='ocrx_word' id='word_1_643' title='bbox 2498 4669 2784 4742; x_wconf 86' lang='lat' dir='ltr'><strong>neglectui</strong></span> <span class='ocrx_word' id='word_1_644' title='bbox 2814 4668 3183 4733; x_wconf 86' lang='lat' dir='ltr'><strong>habebimus,</strong></span> <span class='ocrx_word' id='word_1_645' title='bbox 3237 4670 3305 4722; x_wconf 91' lang='lat' dir='ltr'><strong>ut</strong></span> <span class='ocrx_word' id='word_1_646' title='bbox 3353 4665 3660 4721; x_wconf 86' lang='lat' dir='ltr'><strong>methodos</strong></span> 
     </span>
    </p>
   </div>
   <div class='ocr_carea' id='block_1_106' title="bbox 2014 4755 3655 4835">
    <p class='ocr_par' dir='ltr' id='par_1_106' title="bbox 2014 4755 3655 4835">
     <span class='ocr_line' id='line_1_106' title="bbox 2014 4755 3655 4835; baseline -0.007 -16"><span class='ocrx_word' id='word_1_647' title='bbox 2014 4763 2199 4835; x_wconf 88' lang='lat' dir='ltr'><strong>ipsius</strong></span> <span class='ocrx_word' id='word_1_648' title='bbox 2241 4765 2415 4833; x_wconf 85' lang='lat' dir='ltr'><strong>atque</strong></span> <span class='ocrx_word' id='word_1_649' title='bbox 2465 4776 2668 4817; x_wconf 89' lang='lat' dir='ltr'><strong>earum</strong></span> <span class='ocrx_word' id='word_1_650' title='bbox 2716 4773 2940 4823; x_wconf 86' lang='lat' dir='ltr'><strong>causas,</strong></span> <span class='ocrx_word' id='word_1_651' title='bbox 2991 4760 3056 4812; x_wconf 90' lang='lat' dir='ltr'><strong>ut</strong></span> <span class='ocrx_word' id='word_1_652' title='bbox 3107 4756 3171 4811; x_wconf 82' lang='lat' dir='ltr'><strong>fit</strong></span> <span class='ocrx_word' id='word_1_653' title='bbox 3219 4755 3430 4811; x_wconf 84' lang='lat' dir='ltr'><strong>harum</strong></span> <span class='ocrx_word' id='word_1_654' title='bbox 3462 4769 3655 4808; x_wconf 88' lang='lat' dir='ltr'><strong>rerum</strong></span> 
     </span>
    </p>
   </div>
   <div class='ocr_carea' id='block_1_107' title="bbox 2015 4841 3660 4923">
    <p class='ocr_par' dir='ltr' id='par_1_107' title="bbox 2015 4841 3660 4923">
     <span class='ocr_line' id='line_1_107' title="bbox 2015 4841 3660 4923; baseline -0.007 -15"><span class='ocrx_word' id='word_1_655' title='bbox 2015 4852 2233 4923; x_wconf 81' lang='lat' dir='ltr'><strong>ignaris</strong></span> <span class='ocrx_word' id='word_1_656' title='bbox 2262 4865 2545 4923; x_wconf 80' lang='lat' dir='ltr'><strong>exponere</strong></span> <span class='ocrx_word' id='word_1_657' title='bbox 2574 4845 3103 4921; x_wconf 86' lang='lat' dir='ltr'><strong>supersedeamus?</strong></span> <span class='ocrx_word' id='word_1_658' title='bbox 3130 4842 3271 4908; x_wconf 90' lang='lat' dir='ltr'><strong>Quis</strong></span> <span class='ocrx_word' id='word_1_659' title='bbox 3302 4842 3457 4899; x_wconf 91' lang='lat' dir='ltr'><strong>enim</strong></span> <span class='ocrx_word' id='word_1_660' title='bbox 3492 4841 3660 4897; x_wconf 90' lang='lat' dir='ltr'><strong>nobis</strong></span> 
     </span>
    </p>
   </div>
   <div class='ocr_carea' id='block_1_108' title="bbox 2016 4930 3660 5002">
    <p class='ocr_par' dir='ltr' id='par_1_108' title="bbox 2016 4930 3660 5002">
     <span class='ocr_line' id='line_1_108' title="bbox 2016 4930 3660 5002; baseline -0.007 -5"><span class='ocrx_word' id='word_1_661' title='bbox 2016 4942 2125 4999; x_wconf 90' lang='lat' dir='ltr'><strong>hoc</strong></span> <span class='ocrx_word' id='word_1_662' title='bbox 2155 4942 2294 5000; x_wconf 89' lang='lat' dir='ltr'><strong>vitio</strong></span> <span class='ocrx_word' id='word_1_663' title='bbox 2327 4942 2525 4996; x_wconf 88' lang='lat' dir='ltr'><strong>merito</strong></span> <span class='ocrx_word' id='word_1_664' title='bbox 2554 4942 2739 4994; x_wconf 87' lang='lat' dir='ltr'><strong>vertat</strong></span> <span class='ocrx_word' id='word_1_665' title='bbox 2766 4936 2795 4989; x_wconf 72' lang='lat' dir='ltr'><strong>‘P</strong></span> <span class='ocrx_word' id='word_1_666' title='bbox 2822 4936 3103 5002; x_wconf 88' lang='lat' dir='ltr'><strong>Quocirca</strong></span> <span class='ocrx_word' id='word_1_667' title='bbox 3133 4937 3266 4989; x_wconf 88' lang='lat' dir='ltr'><strong>ante</strong></span> <span class='ocrx_word' id='word_1_668' title='bbox 3306 4930 3503 4987; x_wconf 89' lang='lat' dir='ltr'><strong>divina</strong></span> <span class='ocrx_word' id='word_1_669' title='bbox 3532 4948 3660 4987; x_wconf 85' lang='lat' dir='ltr'><strong>ora-</strong></span> 
     </span>
    </p>
   </div>
   <div class='ocr_carea' id='block_1_109' title="bbox 2015 5018 3654 5092">
    <p class='ocr_par' dir='ltr' id='par_1_109' title="bbox 2015 5018 3654 5092">
     <span class='ocr_line' id='line_1_109' title="bbox 2015 5018 3654 5092; baseline -0.008 -6"><span class='ocrx_word' id='word_1_670' title='bbox 2015 5029 2147 5085; x_wconf 87' lang='lat' dir='ltr'><strong>cula</strong></span> <span class='ocrx_word' id='word_1_671' title='bbox 2174 5027 2424 5085; x_wconf 88' lang='lat' dir='ltr'><strong>breviter</strong></span> <span class='ocrx_word' id='word_1_672' title='bbox 2444 5027 2514 5081; x_wconf 90' lang='lat' dir='ltr'><strong>de</strong></span> <span class='ocrx_word' id='word_1_673' title='bbox 2531 5025 2601 5081; x_wconf 89' lang='lat' dir='ltr'><strong>iis</strong></span> <span class='ocrx_word' id='word_1_674' title='bbox 2618 5025 2904 5081; x_wconf 89' lang='lat' dir='ltr'><strong>disserere</strong></span> <span class='ocrx_word' id='word_1_675' title='bbox 2926 5022 3085 5089; x_wconf 87' lang='lat' dir='ltr'><strong>libet,</strong></span> <span class='ocrx_word' id='word_1_676' title='bbox 3102 5036 3228 5092; x_wconf 65' lang='lat' dir='ltr'><strong>qua</strong></span> <span class='ocrx_word' id='word_1_677' title='bbox 3251 5018 3402 5074; x_wconf 86' lang='lat' dir='ltr'><strong>circa</strong></span> <span class='ocrx_word' id='word_1_678' title='bbox 3422 5035 3654 5074; x_wconf 87' lang='lat' dir='ltr'><strong>sacrum</strong></span> 
     </span>
    </p>
   </div>
   <div class='ocr_carea' id='block_1_110' title="bbox 2016 5106 3656 5187">
    <p class='ocr_par' dir='ltr' id='par_1_110' title="bbox 2016 5106 3656 5187">
     <span class='ocr_line' id='line_1_110' title="bbox 2016 5106 3656 5187; baseline -0.007 -12"><span class='ocrx_word' id='word_1_679' title='bbox 2016 5119 2237 5176; x_wconf 88' lang='lat' dir='ltr'><strong>Pascha</strong></span> <span class='ocrx_word' id='word_1_680' title='bbox 2266 5117 2413 5175; x_wconf 83' lang='lat' dir='ltr'><strong>scire</strong></span> <span class='ocrx_word' id='word_1_681' title='bbox 2456 5131 2631 5187; x_wconf 85' lang='lat' dir='ltr'><strong>quam</strong></span> <span class='ocrx_word' id='word_1_682' title='bbox 2670 5113 2920 5169; x_wconf 80' lang='lat' dir='ltr'><strong>maxime</strong></span> <span class='ocrx_word' id='word_1_683' title='bbox 2958 5112 3156 5178; x_wconf 84' lang='lat' dir='ltr'><strong>refert,</strong></span> <span class='ocrx_word' id='word_1_684' title='bbox 3201 5106 3371 5180; x_wconf 91' lang='lat' dir='ltr'><strong>legali</strong></span> <span class='ocrx_word' id='word_1_685' title='bbox 3412 5107 3510 5163; x_wconf 91' lang='lat' dir='ltr'><strong>illo</strong></span> <span class='ocrx_word' id='word_1_686' title='bbox 3543 5125 3656 5164; x_wconf 92' lang='lat' dir='ltr'><strong>non</strong></span> 
     </span>
    </p>
   </div>
   <div class='ocr_carea' id='block_1_111' title="bbox 2014 5196 3657 5281">
    <p class='ocr_par' dir='ltr' id='par_1_111' title="bbox 2014 5196 3657 5281">
     <span class='ocr_line' id='line_1_111' title="bbox 2014 5196 3657 5281; baseline -0.014 -10"><span class='ocrx_word' id='word_1_687' title='bbox 2014 5209 2251 5281; x_wconf 79' lang='lat' dir='ltr'><strong>penitus</strong></span> <span class='ocrx_word' id='word_1_688' title='bbox 2281 5204 2565 5278; x_wconf 89' lang='lat' dir='ltr'><strong>neglecto.</strong></span> <span class='ocrx_word' id='word_1_689' title='bbox 2598 5202 2744 5275; x_wconf 89' lang='lat' dir='ltr'><strong>Typi</strong></span> <span class='ocrx_word' id='word_1_690' title='bbox 2793 5202 2969 5267; x_wconf 88' lang='lat' dir='ltr'><strong>enim,</strong></span> <span class='ocrx_word' id='word_1_691' title='bbox 3007 5202 3072 5254; x_wconf 88' lang='lat' dir='ltr'><strong>ut</strong></span> <span class='ocrx_word' id='word_1_692' title='bbox 3112 5214 3218 5269; x_wconf 89' lang='lat' dir='ltr'><strong>par</strong></span> <span class='ocrx_word' id='word_1_693' title='bbox 3245 5204 3351 5258; x_wconf 81' lang='lat' dir='ltr'><strong>est.</strong></span> <span class='ocrx_word' id='word_1_694' title='bbox 3404 5197 3474 5251; x_wconf 91' lang='lat' dir='ltr'><strong>ad</strong></span> <span class='ocrx_word' id='word_1_695' title='bbox 3506 5196 3657 5251; x_wconf 84' lang='lat' dir='ltr'><strong>veri--</strong></span> 
     </span>
    </p>
   </div>
   <div class='ocr_carea' id='block_1_112' title="bbox 2014 5286 3658 5355">
    <p class='ocr_par' dir='ltr' id='par_1_112' title="bbox 2014 5286 3658 5355">
     <span class='ocr_line' id='line_1_112' title="bbox 2014 5286 3658 5355; baseline -0.009 -1"><span class='ocrx_word' id='word_1_696' title='bbox 2014 5298 2153 5354; x_wconf 89' lang='lat' dir='ltr'><strong>tatis</strong></span> <span class='ocrx_word' id='word_1_697' title='bbox 2182 5294 2740 5354; x_wconf 80' lang='lat' dir='ltr'><strong>consummationem</strong></span> <span class='ocrx_word' id='word_1_698' title='bbox 2766 5307 2873 5346; x_wconf 91' lang='lat' dir='ltr'><strong>nos</strong></span> <span class='ocrx_word' id='word_1_699' title='bbox 2923 5290 3239 5345; x_wconf 86' lang='lat' dir='ltr'><strong>deducunt.</strong></span> <span class='ocrx_word' id='word_1_700' title='bbox 3273 5286 3461 5342; x_wconf 88' lang='lat' dir='ltr'><strong>Jussit</strong></span> <span class='ocrx_word' id='word_1_701' title='bbox 3483 5286 3658 5355; x_wconf 80' lang='lat' dir='ltr'><strong>igitur</strong></span> 
     </span>
    </p>
   </div>
   <div class='ocr_carea' id='block_1_113' title="bbox 2013 5375 3652 5459">
    <p class='ocr_par' dir='ltr' id='par_1_113' title="bbox 2013 5375 3652 5459">
     <span class='ocr_line' id='line_1_113' title="bbox 2013 5375 3652 5459; baseline -0.009 -15"><span class='ocrx_word' id='word_1_702' title='bbox 2013 5387 2234 5459; x_wconf 84' lang='lat' dir='ltr'><strong>Moyses</strong></span> <span class='ocrx_word' id='word_1_703' title='bbox 2259 5386 2349 5441; x_wconf 87' lang='lat' dir='ltr'><strong>vir</strong></span> <span class='ocrx_word' id='word_1_704' title='bbox 2386 5398 2658 5441; x_wconf 89' lang='lat' dir='ltr'><strong>summus</strong></span> <span class='ocrx_word' id='word_1_705' title='bbox 2699 5378 2873 5451; x_wconf 90' lang='lat' dir='ltr'><strong>primi</strong></span> <span class='ocrx_word' id='word_1_706' title='bbox 2916 5377 3132 5433; x_wconf 89' lang='lat' dir='ltr'><strong>mensis</strong></span> <span class='ocrx_word' id='word_1_707' title='bbox 3178 5375 3404 5431; x_wconf 89' lang='lat' dir='ltr'><strong>lunaris</strong></span> <span class='ocrx_word' id='word_1_708' title='bbox 3446 5383 3652 5445; x_wconf 84' lang='lat' dir='ltr'><strong>quarto</strong></span> 
     </span>
    </p>
   </div>
   <div class='ocr_carea' id='block_1_114' title="bbox 2012 5464 3650 5539">
    <p class='ocr_par' dir='ltr' id='par_1_114' title="bbox 2012 5464 3650 5539">
     <span class='ocr_line' id='line_1_114' title="bbox 2012 5464 3650 5539; baseline -0.01 -5"><span class='ocrx_word' id='word_1_709' title='bbox 2012 5478 2299 5534; x_wconf 89' lang='lat' dir='ltr'><strong>etdecimo</strong></span> <span class='ocrx_word' id='word_1_710' title='bbox 2311 5474 2404 5529; x_wconf 89' lang='lat' dir='ltr'><strong>die</strong></span> <span class='ocrx_word' id='word_1_711' title='bbox 2419 5467 2829 5539; x_wconf 85' lang='lat' dir='ltr'><strong>Paschalcgale</strong></span> <span class='ocrx_word' id='word_1_712' title='bbox 2845 5465 3138 5522; x_wconf 88' lang='lat' dir='ltr'><strong>celebrari.</strong></span> <span class='ocrx_word' id='word_1_713' title='bbox 3156 5464 3441 5520; x_wconf 85' lang='lat' dir='ltr'><strong>Mensium</strong></span> <span class='ocrx_word' id='word_1_714' title='bbox 3457 5468 3650 5519; x_wconf 86' lang='lat' dir='ltr'><strong>autem</strong></span> 
     </span>
    </p>
   </div>
   <div class='ocr_carea' id='block_1_115' title="bbox 2012 5552 3651 5639">
    <p class='ocr_par' dir='ltr' id='par_1_115' title="bbox 2012 5552 3651 5639">
     <span class='ocr_line' id='line_1_115' title="bbox 2012 5552 3651 5639; baseline -0.011 -16"><span class='ocrx_word' id='word_1_715' title='bbox 2012 5568 2238 5639; x_wconf 89' lang='lat' dir='ltr'><strong>primus</strong></span> <span class='ocrx_word' id='word_1_716' title='bbox 2268 5564 2317 5619; x_wconf 86' lang='lat' dir='ltr'><strong>is</strong></span> <span class='ocrx_word' id='word_1_717' title='bbox 2345 5568 2457 5631; x_wconf 88' lang='lat' dir='ltr'><strong>est,</strong></span> <span class='ocrx_word' id='word_1_718' title='bbox 2492 5575 2660 5632; x_wconf 85' lang='lat' dir='ltr'><strong>quem</strong></span> <span class='ocrx_word' id='word_1_719' title='bbox 2690 5556 2935 5627; x_wconf 71' lang='lat' dir='ltr'><strong>Egyptii</strong></span> <span class='ocrx_word' id='word_1_720' title='bbox 2968 5553 3348 5619; x_wconf 88' lang='lat' dir='ltr'><strong>Pbamenoth,</strong></span> <span class='ocrx_word' id='word_1_721' title='bbox 3389 5552 3651 5606; x_wconf 89' lang='lat' dir='ltr'><strong>Distrum</strong></span> 
     </span>
    </p>
   </div>
   <div class='ocr_carea' id='block_1_116' title="bbox 2011 5640 3649 5719">
    <p class='ocr_par' dir='ltr' id='par_1_116' title="bbox 2011 5640 3649 5719">
     <span class='ocr_line' id='line_1_116' title="bbox 2011 5640 3649 5719; baseline -0.012 -6"><span class='ocrx_word' id='word_1_722' title='bbox 2011 5656 2159 5713; x_wconf 70' lang='lat'><strong>201</strong></span> <span class='ocrx_word' id='word_1_723' title='bbox 2210 5652 2413 5719; x_wconf 74' lang='lat' dir='ltr'><strong>Graeci,</strong></span> <span class='ocrx_word' id='word_1_724' title='bbox 2458 5646 2681 5706; x_wconf 74' lang='lat' dir='ltr'><strong>Hebraei</strong></span> <span class='ocrx_word' id='word_1_725' title='bbox 2731 5644 2932 5711; x_wconf 84' lang='lat' dir='ltr'><strong>Nisan,</strong></span> <span class='ocrx_word' id='word_1_726' title='bbox 2980 5648 3037 5701; x_wconf 91' lang='lat' dir='ltr'><strong>et</strong></span> <span class='ocrx_word' id='word_1_727' title='bbox 3084 5642 3328 5699; x_wconf 82' lang='lat' dir='ltr'><strong>Romani</strong></span> <span class='ocrx_word' id='word_1_728' title='bbox 3379 5640 3649 5695; x_wconf 81' lang='lat' dir='ltr'><strong>Martium</strong></span> 
     </span>
    </p>
   </div>
   <div class='ocr_carea' id='block_1_117' title="bbox 2011 5728 3652 5812">
    <p class='ocr_par' dir='ltr' id='par_1_117' title="bbox 2011 5728 3652 5812">
     <span class='ocr_line' id='line_1_117' title="bbox 2011 5728 3652 5812; baseline -0.015 -7"><span class='ocrx_word' id='word_1_729' title='bbox 2011 5750 2234 5805; x_wconf 85' lang='lat' dir='ltr'><strong>vocant.</strong></span> <span class='ocrx_word' id='word_1_730' title='bbox 2266 5741 2388 5807; x_wconf 83' lang='lat' dir='ltr'><strong>Quo</strong></span> <span class='ocrx_word' id='word_1_731' title='bbox 2418 5737 2655 5812; x_wconf 88' lang='lat' dir='ltr'><strong>quidem</strong></span> <span class='ocrx_word' id='word_1_732' title='bbox 2689 5747 2883 5790; x_wconf 85' lang='lat' dir='ltr'><strong>mense</strong></span> <span class='ocrx_word' id='word_1_733' title='bbox 2912 5733 2997 5789; x_wconf 91' lang='lat' dir='ltr'><strong>sol</strong></span> <span class='ocrx_word' id='word_1_734' title='bbox 3030 5732 3239 5789; x_wconf 87' lang='lat' dir='ltr'><strong>itinere</strong></span> <span class='ocrx_word' id='word_1_735' title='bbox 3259 5745 3365 5785; x_wconf 90' lang='lat' dir='ltr'><strong>suo</strong></span> <span class='ocrx_word' id='word_1_736' title='bbox 3387 5728 3652 5787; x_wconf 89' lang='lat' dir='ltr'><strong>universo</strong></span> 
     </span>
    </p>
   </div>
  </div>
