4098 6332
439 407 518 466 67
1710 408 2087 470 MATTHIEI
2130 405 2563 469 BMSTARIS

3759 411 3846 474 68

437 539 726 596 contraria
753 541 1067 597 decurrens
1096 541 1314 597 zodiaci
1335 541 1540 598 circuli
1563 541 1800 613 signum
1819 541 2070 614 primum

2183 559 2320 601 τιος.
2381 539 2470 595 Ἐν
2532 539 2578 610 ᾧ
2626 537 2726 606 τήν
2780 537 3016 591 ἒναντίαν
3074 542 3170 592 τοῦ
3216 541 3416 602 παντὸς
3465 538 3766 596 διιππεῦων
3811 545 3840 599 ὁ

439 629 635 700 intrat,
686 631 843 702 quod
895 631 1301 704 aequinoctiale
1347 639 1651 704 punctum,
1699 637 1758 688 et
1797 633 2083 688 mensium

437 719 811 790 principium,
860 724 918 776 et
973 720 1174 777 circuli
1237 727 1434 794 caput,
1481 726 1538 778 et
1581 737 1840 778 carceres
1887 737 2086 778 cursus

437 806 810 877 planetarum
841 808 1052 865 harum
1099 825 1294 866 rerum
1339 810 1582 866 studiosi
1615 826 1955 882 nuncupare
1987 827 2087 866 so-

433 895 574 965 lent,
615 901 795 969 atque
831 899 975 954 adeo
1013 898 1248 971 signum
1291 901 1553 972 proxime
1599 901 1945 972 prascedens,
1979 917 2080 955 seu

430 985 644 1056 pisces,
677 1003 940 1044 mensem
983 988 1280 1058 ultimum,
1326 989 1560 1062 signum
1603 995 1988 1062 postremum,
2021 993 2084 1044 .et

429 1075 648 1147 periodi
665 1075 998 1148 planetariee
1011 1075 1230 1134 exitum
1256 1078 1374 1134 sive
1397 1080 1912 1137 metam.Martium
1929 1081 2079 1134 enim

430 1166 724 1221 mensium
753 1165 1003 1236 primum
1035 1182 1164 1222 esse
1195 1168 1516 1238 credimus,
1547 1169 1823 1240 quoniam
1858 1169 2080 1240 Moyses

431 1252 512 1308 ait
540 1269 606 1309 eo
635 1255 912 1326 temporis
937 1255 1189 1325 iussisse
1219 1255 1426 1323 Deum,
1459 1265 1518 1314 ut
1549 1259 1784 1315 arbores
1813 1268 1874 1315 et
1911 1258 2081 1316 flores

428 1347 486 1398 et
514 1343 783 1414 gramina
813 1343 1240 1400 revirescerenl.
1268 1347 1550 1402 Videmus
1573 1365 1714 1404 sane
1736 1349 1841 1403 hac
1863 1357 2079 1404 naturae

429 1431 778 1500 conditione,
809 1448 925 1489 non
957 1434 1162 1505 quavis
1207 1435 1320 1490 alia
1351 1436 1782 1492 ordinationem
1824 1438 2080 1495 divinam

427 1520 757 1594 adimpleri.
791 1525 1213 1578 Verumtamen
1245 1524 1472 1580 mensis
1503 1524 1600 1580 ille
1620 1526 1880 1592 Martius,
1907 1527 2079 1582 sicuti

427 1609 613 1666 ceteri
645 1625 852 1666 omnes
875 1614 997 1666 tam
1020 1611 1362 1669 nominibus
1384 1629 1558 1684 quam
1585 1630 1829 1670 numero
1853 1615 2079 1674 dierum

424 1700 575 1770 apud
606 1704 808 1770 gentes
838 1700 993 1767 illas,
1046 1719 1191 1772 quas
1222 1719 1402 1774 supra
1437 1704 1574 1771 dixi,
1620 1705 1832 1776 pariter
1869 1705 2080 1762 distin-

426 1793 704 1860 guuntur.
728 1789 1158 1861 )Equinoctium
1183 1793 1426 1864 insuper
1447 1793 1574 1864 ipsa
1596 1794 1848 1850 universi
1871 1799 2080 1852 natura

2194 627 2381 698 ἥλιος,
2409 630 2473 682 τὸ
2501 632 2717 702 πρῶτον
2756 625 2981 701 ἄρχεται
3023 631 3125 682 τοῦ
3155 625 3432 684 λωδιακοῦ
3473 630 3680 687 κύκλου
3731 630 3840 686 δω-

2196 717 2593 793 δεκατημόριον
2652 716 2892 788 εἰσιέναι,
2953 718 2982 772 ’ὀ
3033 715 3098 788 δη
3170 719 3259 773 καὶ
3337 719 3671 796 ἰσημερινὸν,
3750 722 3844 777 καὶ

2197 811 2387 880 μηνῶν
2417 807 2622 882 ἀρχὴν,
2663 806 2754 862 καὶ
2803 806 3046 884 κεφαλήν
3096 811 3194 862 τοῦ
3239 807 3466 873 κύκλου,
3517 811 3608 866 καὶ
3659 812 3846 889 ἄφεσιν

2190 899 2288 950 τοῦ
2320 893 2527 969 δρόμου
2562 901 2672 950 τῶν
2716 893 3036 966 πλανητῶν,
3068 897 3120 950 οἱ
3161 897 3284 970 περί
3325 901 3492 969 ταῦτα
3531 897 3848 974 ἐσχολακό-

2189 1005 2276 1046 τες
2306 982 2526 1063 φιλοῦσι
2568 982 2756 1039 καλεῖν
2792 1005 2805 1016 ·
2838 985 2900 1039 τὸ
2931 981 2990 1038 δὲ
3029 985 3135 1058 πρὸ
3182 983 3400 1058 τούτου,
3437 992 3626 1060 μηνῶν
3675 984 3847 1064 ἔσχα-

2190 1091 2309 1143 τον,
2357 1073 2444 1126 καὶ
2495 1069 2803 1127 τελευταῖον
2851 1069 3358 1149 δωδεκατημόριον,
3399 1076 3486 1130 καὶ
3539 1070 3699 1140 τέλος
3744 1080 3847 1143 τῆν

2189 1165 2296 1215 τῶν
2354 1160 2650 1234 πλανητῶν
2713 1160 2994 1237 περιόδου.
3052 1162 3152 1217 Τὸν
3209 1162 3446 1237 Μάρτιον
3496 1162 3552 1219 δὲ
3621 1169 3847 1239 πρῶτος

2191 1251 2326 1306 εἶναι
2363 1258 2515 1324 μῆνα
2543 1253 2892 1324 πιστεύομεν,
2925 1251 2974 1324 ἐξ
3007 1251 3084 1306 ὧν
3125 1252 3154 1306 ὁ
3205 1255 3446 1322 Μωϋσῆς
3493 1253 3730 1328 εἴρηκεν,
3759 1255 3838 1317 ὡς

2187 1338 2488 1395 κελεύσειεν
2527 1341 2554 1394 ὁ
2586 1341 2716 1402 Θεὸς
2763 1345 2878 1394 κατ’
2922 1339 3090 1395 ἐκεῖνο
3121 1343 3217 1395 τοῦ
3263 1345 3456 1416 καιροῦ
3505 1342 3575 1396 τὰ
3623 1339 3836 1416 δένδρα,

2189 1429 2277 1484 καὶ
2309 1428 2375 1484 τὰ
2406 1428 2564 1500 ἄνθη,
2611 1430 2702 1484 καὶ
2759 1431 2857 1491 τὰς
2914 1429 3054 1492 πόας
3108 1423 3538 1500 ἀναϐλαστῆσαι.
3594 1431 3843 1505 Ὀρῶμεν

2189 1515 2247 1572 δὲ
2278 1517 2378 1572 οὐκ
2435 1519 2490 1572 ἐν
2548 1519 2737 1592 ἒτὲρῳ,
2775 1516 2904 1574 ἀλλ’
2949 1517 3002 1572 ἐν
3060 1519 3245 1591 τούτῳ
3274 1519 3430 1592 νόμῳ
3473 1519 3706 1593 φύσεως,
3734 1523 3836 1575 τοῦ

2189 1613 2322 1664 Θεοῦ
2357 1608 2742 1682 πληροόμενον
2791 1609 2852 1664 τὸ
2900 1607 3198 1685 ἐπίταγμα.
3241 1611 3300 1666 Ὀ
3334 1609 3428 1680 μὲν
3465 1608 3562 1664 οὖν
3604 1609 3834 1684 εἰρημέ-

2187 1719 2276 1759 νος
2312 1699 2442 1770 μὴν,
2473 1696 2651 1772 ὥσπερ
2683 1694 2785 1772 ἄρα
2814 1695 2906 1752 καὶ
2937 1697 2988 1751 οἱ
3040 1695 3228 1752 λοιποὶ
3277 1699 3492 1765 πάντες,
3525 1699 3637 1776 οὐχ
3666 1699 3832 1766 ἦττον

2185 1791 2302 1849 τοῖς
2353 1786 2607 1860 ὀνόμασιν
2639 1785 2676 1856 ἢ
2715 1790 2794 1858 τῷ
2833 1786 3050 1860 ἀριθμῷ
3102 1785 3210 1842 τῶν
3261 1789 3484 1862 ἡμερῶν
3518 1785 3834 1862 διαφέρουσι

425 1879 741 1951 quotannis
807 1880 1010 1936 eodem
1091 1884 1352 1952 tempore
1438 1883 1717 1944 restituit,
1799 1900 1866 1940 eo
1931 1887 2072 1957 quod

2194 1878 2320 1950 παρ’
2378 1877 2625 1938 ἑκάστοις
2680 1880 2787 1932 τῶν
2847 1874 3152 1950 εἰρημένων
3211 1874 3400 1935 ἐθνῶν.
3449 1877 3556 1945 Τήν
3609 1897 3670 1950 γε
3723 1878 3832 1950 μὴν

423 1967 722 2038 quantitas
769 1984 967 2023 annua
1033 1969 1309 2025 eximiam
1369 1969 1814 2042 aquabilitatem
1862 1989 1974 2044 prae
2021 1989 2083 2029 se

424 2057 586 2112 ferat.
618 2057 687 2112 At
730 2072 869 2113 vero
921 2073 1202 2114 numerus
1251 2058 1482 2114 dierum
1517 2065 1571 2115 et
1629 2063 1943 2130 mensium,
1976 2078 2085 2133 quo

426 2162 545 2201 una
572 2161 704 2200 cum
738 2145 1020 2201 Romanis
1052 2143 1296 2214 utimur,
1329 2148 1510 2218 (quod
1537 2153 1596 2204 et
1617 2149 1746 2205 alia:
1771 2155 1972 2221 gentes
1999 2167 2088 2204 so-

427 2233 570 2303 lent)
592 2251 778 2304 neque
793 2235 937 2290 hora
957 2237 1158 2292 eadem
1185 2253 1290 2292 nec
1306 2236 1400 2293 die
1419 2239 1658 2308 quidem
1681 2240 1933 2294 eodemm
1955 2241 2086 2310 qui-

431 2323 692 2378 noctium
735 2324 995 2378 accidere
1043 2325 1276 2394 patitur.
1327 2327 1611 2392 Quoniam
1663 2328 1819 2383 enim
1852 2333 2085 2400 tempus

434 2428 696 2470 annuum
735 2417 940 2484 praeter
969 2413 1094 2469 dies
1131 2415 1234 2469 365
1267 2416 1442 2471 etiam
1477 2421 1742 2487 quartam
1769 2419 1950 2473 ferme
1971 2419 2082 2486 die;

434 2506 658 2574 partem
690 2502 935 2570 asciscil,
965 2503 1015 2557 si
1045 2505 1276 2573 quando
1325 2505 1734 2577 aequinoctium
1770 2507 1922 2562 circa
1961 2525 2080 2562 me-

427 2591 634 2646 ridiem
659 2591 980 2663 contingat,
1003 2609 1155 2648 anno
1172 2600 1452 2664 sequente
1470 2595 1626 2650 circa
1645 2611 1908 2652 occasum
1933 2599 2039 2652 soli
2053 2616 2081 2653 s

426 2681 547 2748 fiet,
579 2699 848 2753 annoque
875 2683 1010 2736 huic
1035 2683 1298 2754 proximo
1329 2685 1479 2741 circa
1517 2693 1743 2742 noctem
1778 2687 2030 2741 mediam
2061 2705 2074 2742 τ

429 2774 604 2841 atque
633 2769 714 2826 ita
752 2787 942 2842 porro.
986 2771 1229 2838 Rursus,
1272 2773 1408 2844 quia
1455 2773 1511 2828 id
1556 2776 1711 2846 quod
1757 2774 1908 2829 ultra
1951 2775 2076 2831 dies

423 2861 535 2916 365
578 2869 865 2933 superest,
916 2867 1185 2934 quartam
1236 2863 1352 2919 diei
1406 2873 1628 2936 partem
1675 2869 1872 2921 exacte
1921 2865 2079 2920 haud

429 2949 746 3018 contineat,
777 2951 876 3006 sed
919 2953 1330 3008 trecentesima
1358 2954 1477 3008 fere
1513 2953 1800 3026 particula
1829 2955 2078 3018 deficiat,

427 3043 492 3096 ut
537 3041 598 3095 in
649 3040 1034 3112 sequentibus
1081 3040 1440 3098 luculentius
1492 3044 2020 3100 demonstrabimus
2060 3062 2074 3100 :

424 3128 597 3184 nobis
617 3133 811 3184 tamen
843 3129 902 3184 in
935 3143 1048 3184 usu
1077 3129 1154 3185 sit
1193 3147 1472 3187 numerus
1501 3137 1619 3186 tam
1649 3133 1872 3187 dierum
1897 3149 2075 3203 quam

421 3217 709 3318 mensium
731 3217 1150 3322 Rpmanor'um,
1175 3220 1436 3290 adeoque
1467 3219 1726 3291 quolibet
1753 3220 2068 3290 quadrien-

419 3305 518 3363 nio
547 3321 729 3363 unum
760 3306 914 3363 diem
943 3307 1314 3378 adjiciamus,
1349 3313 1414 3364 ut
1441 3326 1634 3365 annus
1663 3314 1900 3380 quartus
1917 3325 2070 3366 sem-

422 3411 527 3468 per
553 3395 628 3452 sit
655 3395 979 3468 completus
1003 3413 1017 3452 :
1052 3412 1287 3453 necesse
1329 3401 1418 3454 est
1446 3397 1506 3454 in
1547 3399 1718 3454 annis
1747 3399 1854 3454 300
1881 3399 2070 3470 aequi-

421 3485 684 3543 noctium
715 3501 830 3542 uno
861 3486 954 3542 die
986 3487 1284 3558 anticipet.
1308 3487 1381 3544 Ut
1410 3489 1658 3560 exempli
1689 3490 1895 3559 gratia,
1928 3506 2067 3560 quo-

426 3575 589 3631 niam
619 3575 730 3631 hoc
760 3575 888 3647 ipso
919 3582 1177 3648 tempore
1206 3577 1619 3648 mquinoctium
1647 3578 1742 3634 die
1770 3584 1971 3635 octavo
2003 3595 2067 3634 ac

428 3663 656 3720 decimo
687 3663 882 3720 Martii
921 3665 1143 3721 mensis
1190 3665 1486 3738 obtingere
1520 3672 1910 3736 computatur,
1945 3675 2066 3738 post

423 3769 608 3810 annos
655 3752 865 3808 abhinc
915 3758 1195 3810 trecentos
1240 3755 1300 3810 in
1332 3756 1647 3825 septimum
1679 3761 1738 3812 et
1773 3757 2063 3813 decimum

422 3843 578 3900 diem
605 3841 846 3912 incidet,
877 3843 1012 3898 dein
1044 3849 1176 3914 post
1205 3843 1348 3900 alios
1369 3849 1661 3902 trecentos
1689 3845 1750 3900 in
1781 3845 1934 3901 diem
1962 3847 2062 3900 de-

421 3931 641 3988 cimum
681 3936 933 3996 sextum,
977 3933 1300 4005 pariterque
1341 3935 1398 3989 in
1438 3939 1804 4005 perpetuum.
1844 3933 2067 3990 Accidit

419 4019 576 4076 enim
607 4021 1020 4092 aequinoctium
1056 4029 1314 4095 tempore
1344 4022 1725 4079 Nabonassari
1757 4023 1940 4079 Martii
1973 4025 2065 4079 dic

421 4109 628 4181 quinto
657 4115 715 4165 et
742 4109 1017 4167 vicesimo
1047 4111 1198 4166 circa
1219 4127 1540 4182 vesperam,
1562 4116 1619 4167 et
1639 4116 1902 4184 tempore
1925 4111 2031 4166 Phi
2048 4143 2061 4151 -

422 4197 566 4270 lippi
593 4199 803 4254 Aridsei
824 4199 978 4255 circa
1011 4201 1308 4256 meridiem
1341 4202 1536 4272 quarti
1557 4206 1614 4256 et
1652 4201 1910 4256 vicesimi
1947 4201 2060 4255 dici

421 4288 644 4343 mensis
693 4287 977 4359 ejusdem.
1028 4291 1193 4345 Anno
1239 4298 1455 4355 autem,
1506 4307 1620 4360 quo
1668 4290 1930 4345 Christus
1964 4306 2062 4359 pro

421 4375 590 4432 nobis
623 4378 976 4433 redimendis
1027 4393 1232 4449 passus
1278 4385 1384 4449 cst,
1435 4379 1608 4434 istius
1657 4379 1752 4434 die
1791 4380 2062 4434 vicesimo

417 4466 589 4522 tertio
611 4465 768 4522 circa
791 4472 1022 4522 noctem
1049 4467 1295 4522 mediam
1314 4486 1330 4537 ;
1349 4476 1544 4523 nostro
1568 4475 1754 4523 autem
1778 4472 2058 4539 tempore,

415 4558 482 4610 ut
513 4556 980 4611 demonstratum
1013 4564 1116 4626 est,
1143 4557 1612 4612 duodevicesimo
1643 4557 1771 4628 ejus
1803 4558 1914 4613 die.

485 4733 858 4790 Hebraeorum
917 4733 1096 4806 igitur
1153 4735 1458 4802 doctiores,
1522 4735 1722 4808 illique
1770 4737 2056 4808 precipue

415 4825 518 4896 qui
563 4823 827 4879 Judaeam
877 4823 1188 4891 incoluere,
1225 4833 1284 4879 ut
1323 4825 1616 4898 Josephus
1660 4831 1832 4896 atque
1871 4827 2056 4895 Philo,

411 4912 630 4969 summi
687 4913 919 4984 utrique
977 4912 1332 4985 philosophi,
1411 4914 1593 4988 legale
1654 4916 1873 4971 Pascha
1929 4921 2060 4970 ante

411 5001 826 5072 aequinoctium
852 5001 1299 5074 haudquaquam
1323 5003 1737 5060 celebrandum
1761 5005 2060 5075 essejudi—

408 5091 636 5145 cabant.
669 5090 850 5144 Aiunt
881 5091 1038 5146 enim
1082 5091 1180 5146 isti
1215 5098 1344 5162 post
1370 5095 1786 5165 aequinoctium
1820 5109 2058 5148 vernum

409 5178 561 5234 circa
604 5179 861 5233 medium
901 5179 1073 5248 primi
1121 5183 1346 5237 mensis
1403 5185 1474 5237 ab
1527 5183 1803 5238 omnibus
1852 5183 2067 5252 pariter

410 5267 724 5322 mactanda
754 5285 881 5322 esse
917 5262 1249 5342 διαϐατήρια
1282 5274 1403 5328 sive
1433 5273 1718 5327 sacriticia
1749 5272 2062 5344 paschalia.

411 5357 519 5420 Qui
554 5371 684 5411 vero
724 5357 785 5412 in
826 5357 934 5412 hac
965 5374 1025 5413 re
1067 5359 1338 5431 imperite
1377 5377 1443 5416 ac
1489 5363 1705 5416 rustice
1742 5366 2061 5416 versantur.

412 5443 633 5516 passim
665 5461 765 5516 per
793 5450 1081 5503 terrarum
1112 5450 1310 5505 orbem
1351 5450 1626 5521 dispersi,
1658 5465 1917 5506 mensem
1953 5452 2062 5522 pri-

411 5548 570 5590 mum
613 5550 745 5591 eum
795 5551 925 5591 esse
967 5553 1036 5592 ex
1089 5538 1324 5594 inscitia
1383 5539 1778 5609 suspicantur,
1838 5540 1898 5596 in
1947 5557 2063 5610 quo

415 5622 830 5695 mquinoctium
887 5639 1131 5682 vernum
1183 5627 1377 5682 solum
1435 5627 1557 5681 fieri
1601 5628 1928 5699 contingit;
1989 5646 2060 5685 an

411 5711 646 5791 quidem
679 5717 814 5770 ante
863 5715 1302 5788 aaquinoctium,
1355 5732 1506 5772 anne
1553 5720 1686 5789 post
1734 5717 1874 5774 illud
1924 5717 2063 5774 luna

2192 1967 2478 2042 ῗσημερίαν
2524 1969 2560 2036 ἡ
2617 1967 2714 2036 μὲν
2777 1970 2874 2021 τοῦ
2931 1967 3130 2028 παντὸς
3187 1967 3344 2038 φύσις
3393 1969 3485 2021 τὸν
3544 1966 3706 2022 αὐτόν
3749 1967 3834 2023 ἁεὶ

2192 2061 2391 2132 χρόνον
2435 2059 2554 2112 καθ’
2598 2053 2822 2110 ἕκαστον
2873 2052 2990 2118 ἔτος
3039 2061 3208 2124 ποιεῖ,
3239 2059 3316 2126 τῷ
3373 2053 3594 2124 πολλὴν
3652 2058 3833 2134 φερειν

2190 2145 2271 2200 ἀεὶ
2292 2148 2426 2217 πρὸς
2461 2146 2615 2200 ἑαυτὸ
2644 2147 2742 2214 τήν
2791 2145 3018 2216 ἰσότητα
3061 2147 3126 2199 τὸ
3166 2148 3264 2200 τοῦ
3305 2144 3574 2200 ἐνιαυσίου
3627 2147 3832 2221 Λρόνου

2191 2233 2486 2308 διάστημα.
2527 2236 2584 2289 Ὀ
2626 2234 2856 2309 ἀριθμὸς
2924 2232 3107 2306 μέντοι
3179 2239 3288 2290 τῶν
3351 2237 3572 2310 ἡμερῶν
3634 2257 3692 2290 τε
3739 2236 3832 2291 καὶ

2193 2328 2402 2397 μηνῶν,
2445 2323 2475 2377 ὅ
2502 2344 2560 2378 τε
2595 2329 2714 2384 τοῖς
2745 2319 2944 2384 ἄλλοις
2978 2322 3184 2384 εἰωθὼς
3236 2318 3432 2392 ἔθνεσι,
3481 2325 3571 2378 καὶ
3607 2325 3654 2396 ᾦ
3695 2327 3834 2380 κατᾶ

2187 2413 2498 2487 Ῥωμαίους
2545 2415 2710 2486 ἡμεῖς
2763 2411 3048 2487 χρώμεθα,
3097 2409 3220 2466 οὔτε
3272 2414 3374 2483 τὴν
3437 2411 3606 2482 αὐτὴν
3661 2413 3830 2486 ὥραν,

2188 2499 2310 2556 οὔτε
2363 2503 2460 2569 τήν
2511 2499 2678 2568 αὐτὴν
2726 2499 2935 2574 ἡμέραν
2975 2505 3251 2575 συγχωρεῖ
3326 2501 3586 2576 γίνεσθαι,
3671 2503 3829 2559 Ἐπεὶ

2187 2591 2290 2668 γὰρ
2327 2594 2390 2644 τὸ
2433 2590 2697 2644 ἐνιαύσιον
2751 2590 3000 2666 μέγεθος,
3057 2587 3194 2662 πρὸς
3241 2597 3362 2652 ταῖς
3406 2591 3506 2662 τξε¹
3568 2589 3828 2668 ἡμέραις,

2186 2683 2274 2734 καί
2302 2677 2555 2748 τέταρτον
2601 2675 2825 2753 ἔγγιστα
2878 2675 3316 2752 προσλαμϐάνει,
3355 2681 3480 2735 ὅταν
3527 2680 3563 2755 ᾖ
3621 2685 3654 2750 ἡ
3707 2682 3831 2752 Ec""l"

2189 2769 2348 2845 μερία
2375 2771 2496 2843 περὶ
2533 2764 2899 2843 μεσημϐρίαν,
2925 2769 2990 2823 τὸ
3024 2769 3118 2841 μὲν
3161 2769 3283 2839 ἑξῆς
3331 2764 3451 2830 ἔτος
3497 2767 3642 2826 ἔσται
3702 2793 3832 2848 περι

2187 2857 2333 2914 δύσιν
2390 2859 2580 2928 ἡλίου,
2605 2859 2686 2926 ,τὸ
2730 2856 2790 2912 δὲ
2831 2859 2974 2928 ἑξῆς,
3049 2859 3174 2932 περὶ
3249 2859 3414 2933 μὲσας
3477 2859 3690 2928 νύκτας,
3737 2861 3836 2916 καὶ

2184 2947 2326 3003 οὕτω
2361 2949 2527 3022 μέχρι
2557 2947 2778 3010 παντός.
2813 2947 2961 3002 Ἐπεὶ
2993 2945 3040 3002 δ’
3078 2947 3233 3010 αὖθις
3270 2949 3306 3018 ἡ
3338 2947 3425 3002 ἐπὶ
3471 2949 3573 3020 τξε¹
3620 2949 3830 3024 ἡμέρας

2183 3037 2408 3092 ἐπουσία
2455 3037 2564 3112 οὐχ
2612 3036 2744 3092 ὅλον
2787 3036 3045 3112 τέταρτον
3091 3037 3302 3113 ἡμέρας
3366 3037 3634 3114 περιέχει,
3678 3037 3832 3096 ἀλλὰ

2181 3129 2326 3202 παρᾶ
2354 3127 2696 3200 τριακοστὸν,
2753 3126 2828 3188 ὡς
2883 3121 3166 3200 προῖόντες
3223 3123 3605 3204 ἀκριϐέστερον
3657 3128 3825 3194 δείξο-

2187 3237 2301 3290 μεν,
2349 3219 2514 3290 ἡμεῖς
2559 3213 2616 3270 δὲ
2653 3219 2732 3287 τῷ
2775 3219 2885 3270 τῶν
2933 3217 3156 3288 ἡμερῶν
3203 3216 3295 3270 καὶ
3365 3221 3552 3288 μηνῶν
3601 3217 3822 3290 ἀριθμῷ

2179 3309 2314 3360 κατὰ
2364 3305 2674 3379 Ῥωμαίους
2722 3304 3010 3379 χρώμεθα,
3051 3304 3126 3365 ὡς
3167 3309 3265 3359 τοῦ
3309 3306 3568 3378 τετάρτου
3600 3304 3680 3360 ἀεὶ
3734 3326 3824 3361 τε-

2179 3393 2335 3450 λείου
2365 3394 2819 3469 προσγινομένου,
2851 3393 2940 3446 καὶ
2979 3395 3126 3467 παρά
3170 3397 3332 3448 τοῦτο
3379 3395 3516 3448 κατά
3559 3393 3820 3470 τέσσαρας

2177 3484 2448 3547 ἐνιαυτοὺς
2507 3485 2634 3558 μίαν
2693 3483 2901 3558 ἡμέραν
2974 3488 3093 3545 ταῖς
3161 3484 3262 3554 τξε’
3329 3484 3710 3558 προστίθεμεν,
3765 3485 3817 3556 ἐξ

2178 3575 2416 3650 ἀνάγκης
2443 3575 2542 3642 τήν
2595 3574 2880 3648 ἰσημερίαν
2942 3569 3226 3646 συμϐαίνει
3283 3572 3334 3629 ἐν
3380 3580 3495 3637 τοῖς
3539 3575 3584 3630 τ’
3641 3574 3817 3630 ἐνιαυ-

2175 3671 2292 3727 τοῖς
2333 3667 2438 3740 πρὸ
2491 3670 2617 3736 μιᾶς
2668 3663 2880 3738 ἡμέρας
2930 3662 3190 3735 γίνεσθαι.
3242 3664 3366 3719 Οἷον
3417 3662 3710 3719 ἐπεί.κατᾶ
3755 3664 3821 3720 τὸ

2176 3756 2345 3830 παρὸν
2391 3757 2426 3822 ἡ
2471 3752 2727 3826 ἰσημερία
2777 3749 3186 3826 ἐπιλελὸγισται
3235 3754 3368 3824 ἡμῖν
3419 3751 3678 3826 γινομένη
3747 3757 3820 3827 τῇ

2179 3838 2618 3914 ὀκτωκαιδεκάτῃ
2669 3849 2767 3894 τοῦ
2819 3839 3063 3914 Μαρτίου
3114 3840 3308 3912 μηνὸς,
3357 3842 3492 3913 μετὰ
3538 3840 3824 3916 τριακόσια

2175 3931 2266 4000 ἔτη
2301 3927 2446 3986 ἔσται
2484 3935 2552 4003 τῇ
2585 3926 3011 4003 ἑπτακαιδεκάτῃ
3040 3949 3054 3962 ·
3079 3930 3194 3984 εἶτα
3238 3929 3374 4001 μετᾶ
3428 3925 3584 4002 ’ἕτερα
3631 3934 3823 3984 τοσαῦ·

2173 4041 2259 4089 τα,
2290 4025 2358 4095 τῇ
2391 4018 2585 4086 δεκάτη
2621 4015 2770 4092 ἕκτῃ,
2801 4019 2890 4072 καὶ
2924 4017 3098 4079 οὕτως
3130 4019 3234 4074 ἀεί.
3269 4018 3369 4072 Καὶ
3399 4019 3501 4092 γὰρ
3531 4019 3664 4073 κατὰ
3692 4017 3823 4081 τοὺς

2175 4111 2408 4184 χρόνους
2456 4103 2879 4181 Ναϐουνασάρου
2953 4111 3076 4181 περὶ
3141 4107 3295 4176 λῆξιν
3352 4105 3600 4182 ἐσπερίαν
3653 4108 3821 4184 ἐτύγ-

2171 4220 2336 4274 χανεν
2366 4198 2499 4252 οὖσα
2527 4203 2626 4265 τῆς
2654 4200 2750 4251 τοῦ
2782 4194 3026 4269 Μαρτίου
3077 4191 3333 4267 πέμπτης
3377 4197 3468 4251 καὶ
3516 4197 3764 4262 εἰκοστῆς
3801 4215 3815 4226 ·

2172 4289 2224 4341 ἐν
2259 4287 2314 4342 δὲ
2341 4291 2460 4348 τοῖς
2491 4283 2778 4340 Φιλίππου
2808 4289 2904 4339 τοῦ
2955 4282 3254 4356 Ἀριδαίου,
3291 4285 3414 4358 περὶ
3467 4283 3814 4358 μεσημϐρίαν

2169 4384 2269 4446 τῆς
2299 4377 2561 4450 τετάρτης
2605 4375 2696 4429 καὶ
2745 4375 2996 4444 εἰκοστῆς
3056 4374 3238 4428 αὐτοῦ.
3292 4375 3480 4429 Ἡνίκα
3529 4374 3585 4430 δὲ
3615 4377 3642 4429 ὁ
3679 4382 3815 4448 Χρι-

2168 4468 2293 4528 στὸς
2319 4467 2410 4521 τὸν
2443 4465 2713 4538 σωτήριον
2743 4464 2874 4537 ὑπὲρ
2895 4466 3056 4535 ἡμῶν
3085 4464 3365 4538 ὑπήρχετο
3410 4465 3658 4533 θάνατον,
3687 4465 3816 4537 περὶ

2173 4558 2339 4629 μέσην
2369 4555 2532 4610 νύκτα
2575 4560 2676 4622 τῆς
2716 4554 2800 4630 κγ’
2850 4557 2948 4608 τοῦ
2990 4551 3153 4608 αὐτοῦ
3197 4552 3372 4624 μηνός
3404 4571 3418 4585 ·
3451 4551 3532 4628 ἐφ’
3561 4556 3723 4626 ἡμῶν
3755 4549 3816 4608 δὲ

2088 4626 2141 4691 D
2171 4647 2290 4714 νῦν,
2321 4645 2394 4705 ὡς
2425 4640 2893 4716 δεδήλωται,περί
2922 4642 3128 4711 πουτήν
3147 4636 3374 4712 δεκάτην
3401 4638 3602 4719 ὀγδᾶην
3626 4639 3814 4700 αὐτοῦ.

2237 4735 2305 4791 Οἱ
2339 4734 2432 4806 μὲν
2466 4729 2557 4786 οὖν
2604 4731 2934 4808 λογιώτεροι
2961 4734 3069 4786 τῶν
3099 4725 3394 4805 Ἐϐραίων,
3431 4731 3520 4786 καὶ
3575 4731 3816 4803 μάλιστα

2167 4825 2218 4878 οἱ
2265 4825 2364 4892 τὴν
2415 4819 2680 4879 Ἰουδαίαν
2738 4821 3036 4888 οἰκοῦττες,
3089 4821 3208 4882 οἷος
3259 4821 3326 4890 ἦν
3397 4820 3664 4891 Ἰώσηπος
3721 4822 3818 4876 καὶ

2169 4911 2382 4984 Φίλων,
2415 4909 2605 4986 ἄνδρες
2649 4909 2978 4988 φιλοσοφίας
3027 4909 3242 4980 ἁπάσης
3291 4909 3372 4963 ἐπ’
3415 4908 3576 4982 ἄκρον
3606 4906 3818 4979 ἐληλα-

2169 5003 2346 5068 κότες,
2380 4999 2477 5054 οὐκ
2507 4998 2686 5072 ᾤοντο
2721 4997 2830 5054 δεῖν
2861 4999 2968 5069 πρὸ
2997 5003 3098 5066 τῆς
3157 4997 3451 5072 ἰσημερίας
3479 4997 3542 5052 τὸ
3588 4999 3819 5070 νομικὸν

2171 5089 2316 5165 ἄγειν
2352 5091 2566 5164 Πάσχα.
2601 5089 2767 5144 Αὐτοὶ
2799 5086 2901 5165 γὰρ
2954 5086 3110 5142 οὗτοί
3144 5109 3271 5166 φασι
3323 5084 3432 5142 δεῖν
3463 5087 3528 5142 τὰ
3561 5082 3818 5158 διαϐατή-

2175 5199 2263 5252 ρια
2295 5179 2438 5232 θύειν
2493 5177 2683 5247 ἐπίσης
2741 5175 2978 5238 ἅπαντας
3040 5178 3174 5250 μετὰ
3239 5175 3524 5250 ἰσημερίαν
3575 5177 3814 5250 ἐαρινὴν,

2178 5272 2464 5341 μεσοίντος
2511 5270 2609 5321 τοῦ
2657 5267 2878 5340 πρώτου
2939 5267 3132 5338 μηνός.
3193 5267 3260 5324 Οἱ
3321 5265 3378 5320 δὲ
3434 5267 3814 5342 ἀγροικότερον

2174 5355 2525 5428 διακείμενοι,
2577 5355 2667 5409 καὶ
2718 5361 2967 5430 πανταχῆ
3015 5362 3114 5424 τῆς
3175 5353 3500 5426 οἰκουμένης
3559 5352 3818 5431 διεσπαρ-

2174 5445 2349 5518 μξνοι,
2397 5449 2612 5520 πρῶτον
2660 5441 2712 5514 ἐξ
2757 5445 2991 5516 ἀμαθίας
3037 5448 3182 5517 μῆνα
3233 5440 3725 5517 ὑπολαμϐάνοντες,
3759 5442 3815 5500 ἐν

2173 5535 2218 5605 ᾧ
2255 5535 2356 5600 τὴν
2403 5533 2622 5606 ἐαρινὴν
2668 5531 2906 5608 γίνεσθαι
2957 5527 3240 5606 συμϐαίνει
3294 5533 3459 5604 μόνον
3501 5532 3811 5606 ἰσημερίαν,

2173 5622 2277 5676 εἴτε
2321 5619 2377 5676 δὲ
2427 5621 2532 5696 πρὸ
2588 5620 2812 5692 ταύτης,
2847 5622 2956 5678 εἷ’τε
2996 5621 3133 5696 μετὰ
3181 5620 3381 5691 ταύτην
3415 5622 3443 5675 ὁ
3487 5621 3812 5698 πλησιφαής

2170 5710 2380 5782 ἀπαντᾷ
2401 5716 2501 5782 τῆς
2533 5709 2769 5784 σελήνης
2817 5710 3228 5792 σχηματισμὸς,
3260 5707 3374 5766 οὐδ’
3406 5709 3584 5765 ὁτιοῦν
3639 5707 3808 5784 μέλον
