4098 6332
303 357 374 420 69
1312 368 1761 452 SYNTAGMA.
1811 375 2441 448 ALPHABETICUM.
2489 419 2568 432 -—
2609 394 2678 450 Π.
3615 407 3694 470 70

301 492 510 563 αὐτοῖς,
541 490 661 550 οὔτε
696 496 811 570 μήν
843 497 889 551 εἰ
924 499 1094 572 μήπω
1138 500 1386 575 καθαρῶς
1429 507 1532 558 τοῦ
1585 507 1684 576 τῆς
1741 505 1940 584 ἰσημε-

300 580 415 653 ρίας
447 583 680 655 σημείου
709 583 882 656 ἒπέὅη
933 587 962 641 6
1013 586 1200 661 ἥλιος,
1230 589 1282 645 ἐν
1329 589 1510 666 τούτῳ
1556 580 1947 671 ἀσυντηρητως

298 673 385 724 καί
442 673 550 745 πρὸ
587 681 690 744 τῆς
750 675 1040 752 ἰσημερίας
1099 675 1388 736 ἐπετέλουν
1445 683 1508 736 τὸ
1561 685 1773 761 Πάσχα.
1818 689 1948 763 Περὶ

297 764 369 818 ὧν
431 786 528 838 μοι
586 763 741 823 δοκεῖ
795 767 886 824 καὶ
918 770 946 824 6
977 771 1019 840 ζ’
1049 775 1158 826 τῶν
1186 772 1346 828 θείων
1397 775 1722 832 ἀποστόλων
1772 782 1952 836 κανὼν

296 849 645 928 διορίζεσθαι,
689 855 995 934 ἆφορισμὸν
1037 863 1574 937 καταψηφιζόμενος,
1609 864 1664 920 εἷ’
1702 887 1788 928 τις
1838 873 1948 924 τῶν

290 947 386 998 τοῦ
413 943 653 1020 κλήρου.
691 948 792 1016 τήν
821 947 975 1021 ἁγίαν
1009 953 1105 1004 τοῦ
1159 951 1352 1028 Πάσχα
1382 952 1591 1028 ἡμέραν
1641 957 1778 1028 μετὰ
1810 958 1950 1013 Ἰου-

291 1027 458 1085 δαίων
515 1033 624 1104 πρὸ
677 1039 780 1103 τῆς
829 1035 1048 1108 ἓαρινῆς
1104 1027 1370 1093 τελέσειεν
1432 1027 1739 1116 ἰσημερίας.
1799 1044 1947 1101 Ἐπεί

289 1122 395 1196 γαρ
446 1121 510 1176 οὗ
561 1119 960 1198 διεζευγμένως
1001 1126 1030 1179 ὁ
1076 1128 1254 1182 κανὼν
1299 1126 1653 1202 ἐπιτιμᾶσθαι
1685 1134 1947 1204 θεσπίζει.

285 1211 378 1263 τόν
431 1211 571 1283 μετὰ
618 1209 916 1280 Ἰουδαίων,
958 1212 994 1281 ἢ
1051 1215 1158 1288 πρὸ
1211 1222 1314 1285 τῆς
1375 1216 1601 1292 ἐαρινῆς
1663 1220 1950 1296 ἰσημερίας

284 1299 640 1373 ἑορτάζοντα,
702 1301 766 1354 τὸ
821 1300 1112 1376 εἰρημένον
1168 1303 1370 1360 ἄνωθεν
1430 1315 1572 1363 νοεῖν
1638 1311 1948 1382 ὑποτίθησι.

288 1383 594 1462 Συμϐαίνει
625 1387 704 1458 δὲ,
743 1390 993 1464 πέμπτον
1030 1394 1130 1464 τῆς
1180 1392 1418 1468 σελήνης
1467 1397 1670 1454 κύκλον
1721 1399 1946 1478 διερχο-

286 1477 489 1549 μὲνης,
511 1478 561 1549 ᾦ
589 1499 699 1534 τινι
731 1479 782 1550 ἐξ
813 1480 1046 1556 ἀνάγκης
1076 1482 1105 1535 ὁ
1144 1482 1390 1547 εἰκοστὸς
1443 1482 1640 1563 ὄγδοος
1692 1477 1947 1564 θεμέλιος

281 1563 475 1622 ἕπεται
536 1566 705 1638 (οὕτω
755 1568 858 1643 γὰρ
914 1574 1030 1633 τοῖς
1079 1569 1316 1635 πολλοῖς
1377 1575 1406 1628 6
1453 1579 1786 1650 περιττεύων
1841 1581 1946 1636 ἀπὸ

280 1661 392 1710 τῶν
420 1656 600 1726 αὐτῆς
635 1656 853 1713 κύκλων
883 1662 992 1712 τῶν
1018 1661 1242 1736 ἡμερῶν
1290 1662 1529 1739 ἀριθμὸς
1573 1666 1946 1748 ὀνομάζεται),

280 1746 371 1799 καὶ
431 1745 563 1820 περί
619 1766 726 1801 που
780 1747 882 1814 τήν
942 1752 1040 1803 τοῦ
1103 1749 1352 1824 Μαρτίου
1381 1751 1844 1828 ἑπτακαιδεκάτην
1885 1771 1946 1812 το

279 1833 598 1912 πλησιιραὶς
643 1830 888 1912 ἀκριϐῶς
963 1835 1488 1913 ὖπολευκαινοόσης,
1544 1842 1784 1906 ἐκείνους
1843 1847 1942 1919 μὲν

281 1923 747 1996 ἀνεπιστημόνως
811 1925 953 1979 πάνυ
1008 1927 1100 1982 καὶ
1156 1934 1444 2005 προπετῶς
1491 1939 1788 2004 τηνικαῦτα
1839 1937 1940 2006 τήν

279 2013 484 2087 ἑορτήν
539 2009 728 2088 ἄγειν⁶
761 2017 925 2068 τοῦτο
981 2016 1086 2090 γὰρ
1133 2012 1213 2071 ἔτι
1260 2017 1350 2072 καὶ
1398 2023 1490 2074 νῦν
1533 2022 1747 2098 δρῶμεν
1777 2045 1945 2100 παραυ

282 2103 479 2174 νόμως
511 2107 830 2165 ποιοῦντας,
863 2102 995 2164 τοὺς
1043 2110 1164 2166 ταῖς
1221 2107 1508 2183 ἡςιετέραιι
1558 2110 1783 2168 πόλεσιν
1834 2115 1944 2168 ἐπι.

283 2192 692 2266 γωριάζοντας.
724 2191 918 2264 Ἡμεῖς
977 2189 1032 2247 δὲ
1083 2195 1145 2248 τὸ
1199 2193 1353 2257 ἀδεὲς
1403 2199 1538 2272 ἡμῖν
1566 2201 1756 2264 αὐτοῖς
1786 2224 1932 2277 περι-

279 2281 639 2353 ποιούμενοι,
671 2281 761 2334 καὶ
819 2281 893 2342 ὡς
950 2279 1059 2360 οὔχ
1116 2285 1238 2338 ὅσια
1291 2282 1459 2359 δρῶσι
1504 2289 1690 2345 πολλᾶ
1730 2293 1945 2367 χαίρειν

279 2369 472 2431 αὐτοῖς
499 2369 821 2446 φάσκοντες,
881 2369 967 2425 ἐπὶ
1021 2373 1114 2426 τὸν
1170 2373 1293 2444 ἑξῆς
1353 2375 1680 2448 σεληνιακὸν
1733 2379 1949 2456 ἐπειγό-

279 2461 422 2531 μεθα
486 2465 660 2532 μῆνα,
703 2459 762 2512 ὃν
821 2459 876 2513 αἱ
925 2464 1023 2514 τοῦ
1083 2462 1370 2536 Ἀπριλίου
1419 2465 1675 2540 ἀριθμεῖν
1744 2472 1948 2546 ἡμέραι

271 2549 604 2628 πεφύκασιν,
635 2547 802 2618 ἡνίκα
852 2549 941 2603 καὶ
1005 2557 1199 2626 μακρῷ
1255 2558 1335 2626 τῷ
1391 2559 1500 2610 τῶν
1551 2559 1778 2632 ἡμερῶν
1830 2561 1950 2616 δια-

273 2641 524 2712 στήματι
585 2634 794 2712 διέχειν
866 2634 1151 2710 συμϐαίνει
1222 2647 1320 2696 τοῦ
1377 2649 1505 2720 παρ’
1542 2645 1831 2712 Ἰουδαίοις
1885 2653 1949 2706 τὸ

269 2727 552 2803 ἡμέτερον
607 2728 826 2802 Πάσχα.
859 2726 1014 2784 Οὕτω
1068 2730 1170 2804 γὰρ
1202 2731 1254 2784 οἱ
1285 2733 1431 2787 θεῖοι
1487 2736 1720 2813 Πατὲρες
1771 2743 1951 2818 σοφῶς

271 2815 414 2893 ἄγαν
466 2816 560 2870 καί
618 2811 1016 2890 ἡκριϐωμένως
1077 2817 1389 2891 ἐσκόπησαν
1445 2822 1572 2887 τοὺς
1629 2831 1738 2882 τῶν
1791 2830 1950 2883 θείων

267 2903 610 2962 ἆποστόλων
667 2905 920 2979 θεσμοὺς,
950 2909 1151 2970 παντὸς
1211 2909 1428 2982 μᾶλλον
1479 2913 1948 2991 οἰκονομούμενοι

267 2997 330 3052 16
381 2989 616 3070 βέϐαιον
649 2991 822 3070 ἔχειν,
853 2997 919 3051 οὗ
966 2997 1073 3070 μὴν
1123 2999 1168 3053 εἰ
1223 3002 1357 3072 μετὰ
1397 3003 1499 3072 τὴν
1562 2989 1955 3080 ἐαρινὴνγὲκεί-

267 3107 368 3156 νην
417 3085 490 3138 τὸ
548 3082 744 3160 Πάσχα
807 3082 1130 3141 τελὲσουσιν
1185 3086 1498 3166 ἰσημερίαν,
1541 3100 1951 3171 συνεορταστέον

268 3173 492 3236 αὐτοῖς.
535 3177 708 3228 Τοῦτο
754 3172 859 3250 γὰρ
915 3174 1005 3229 καὶ
1054 3178 1083 3230 6
1131 3183 1233 3247 τῆς
1281 3179 1335 3234 ἐν
1370 3181 1690 3258 Ἀντιοχείᾳ
1735 3191 1953 3260 πρῶτος

268 3263 612 3339 ἂπαγορεύει
671 3264 875 3332 κανὼν,
940 3261 1271 3338 ἐξεπίτηδες,
1321 3268 1398 3334 ὡς
1451 3268 1620 3344 ἔοικε,
1677 3275 1770 3330 τὸν
1831 3281 1954 3332 νοῦν

269 3350 607 3426 ἑρμηνεύων
655 3355 754 3408 τοῦ
803 3351 1183 3410 ἀποστολικοῦ
1229 3353 1388 3413 τοῦδε
1434 3365 1678 3434 κανόνος,
1711 3365 1796 3419 ὅτι
1849 3362 1946 3421 δύο

267 3443 498 3514 τίθησιν
547 3438 638 3496 ἐπὶ
691 3444 790 3497 τοῦ
850 3447 1043 3518 Πάσχα
1091 3440 1416 3520 διαρισμοὺς
1464 3450 1493 3504 6
1541 3453 1749 3523 κακὼν,
1782 3454 1949 3514 εἶκαὶ

271 3531 423 3588 οὕτω
471 3530 565 3586 τὸν
614 3531 779 3606 λόγον
826 3533 1126 3609 προήγαγε.
1160 3539 1284 3596 Τοῖς
1314 3534 1620 3603 Ἰουδαίοις
1669 3543 1820 3615 ἡμᾶς
1870 3549 1948 3620 μὴ

272 3619 679 3694 συνεορτάζειν,
711 3620 801 3674 καὶ
850 3622 950 3692 τήν
995 3621 1216 3696 ἐαρινὴν
1259 3625 1568 3700 περιμένειν
1633 3630 1945 3718 ἰσημερίαν,

271 3711 371 3772 Οἷς
403 3707 594 3785 ἕτεροι
643 3705 741 3763 δύο
798 3707 848 3778 ἐξ
897 3709 1136 3786 ἀνάγκης
1187 3710 1668 3788 ἐπηκολούθησαν,
1701 3717 1850 3796 ἄγειν
1889 3742 1949 3778 τε

273 3802 376 3869 τήν
444 3798 645 3872 ἑορτὴν
698 3795 855 3860 εὐθὺς
909 3802 978 3872 τῇ
1030 3801 1228 3876 πρώτῃ
1303 3805 1440 3876 μετὰ
1496 3807 1599 3876 τήν
1663 3807 1952 3887 ἰσημερίαν

273 3884 642 3958 πανσελήνῳ,
671 3887 762 3940 καὶ
819 3888 954 3959 μετᾶ
999 3889 1202 3960 ταύτην
1247 3893 1324 3964 μή
1367 3892 1421 3947 ἐν
1472 3893 1785 3966 οἱαδήποτε
1837 3904 1946 3955 τῶν

272 3979 514 4054 ἡμερῶν
563 3975 779 4046 ἁπλῶς,
807 3973 936 4030 ἀλλ’
977 3975 1032 4031 ἐν
1067 3982 1136 4052 τῇ
1176 3981 1372 4057 πρώτῃ
1429 3984 1566 4056 μετά
1622 3986 1721 4055 τήν
1753 3989 1947 4044 πανσέ-

527 4063 542 4078 Q
588 4063 598 4078 |
723 4067 745 4078 ν
827 4065 840 4084 Ι
900 4061 924 4082 λ
1029 4063 1078 4083 ’ἢ
1283 4069 1294 4088 Ι
1518 4074 1530 4092 ἱ
1606 4075 1620 4090 ο
1701 4076 1716 4094 κ
1795 4077 1818 4096 ’1

274 4065 458 4138 ληνον
492 4065 646 4126 ευθυς
675 4085 774 4134 της
827 4059 1142 4139 εϐοομαοος
1189 4071 1390 4142 ἥμερα.
1437 4079 1533 4128 Και
1569 4091 1626 4128 οι
1659 4097 1757 4148 μεν
1786 4077 1952 4136 αλλοι

267 4160 378 4209 τῶν
415 4152 727 4226 διορισμῶν
759 4149 837 4208 ἔτι
866 4155 958 4209 καὶ
1023 4159 1120 4210 νῦν
1171 4154 1406 4233 βεϐαίως
1457 4158 1843 4237 διατηροῦνται
1867 4185 1881 4201 ·
1913 4173 1950 4239 ἡ

271 4244 328 4301 δὲ
369 4245 524 4319 μετᾶ
569 4245 668 4313 τὴν
714 4243 1059 4317 πανσέληνον
1111 4247 1390 4311 πολλᾶκις
1432 4253 1570 4325 ἡμῖν
1605 4254 1949 4331 ὑπερτίθεται

270 4334 559 4410 Κοριακὴ,
636 4337 716 4406 τῷ
799 4331 896 4389 δύο
974 4337 1358 4411 προστίθεσθαι
1433 4340 1644 4418 ἡμέρας
1720 4345 1949 4405 ἑκάστου

270 4425 432 4488 ἔτους
466 4426 551 4495 τῷ
582 4423 773 4498 Πάσχα
803 4427 882 4497 τῷ
923 4429 1156 4500 νομικῷ,
1187 4428 1278 4483 καὶ
1330 4435 1444 4502 μετ’
1476 4429 1678 4496 ἐκείνας
1725 4433 1814 4491 ἐπὶ
1842 4440 1950 4509 τὴν

269 4513 566 4590 rupium
600 4511 898 4589 ἔρχεσθαι.
931 4511 1143 4586 Συνέϐη
1194 4515 1252 4572 δὲ
1279 4539 1444 4576 τουτο
1485 4520 1588 4577 οὐκ
1632 4521 1686 4586 ἐς
1735 4526 1952 4601 ἀγνοίας

267 4606 304 4676 ἢ
335 4601 604 4677 ἀπειρίας
659 4607 769 4658 τῶν
815 4604 1180 4660 θεσπισάντων
1214 4605 1466 4684 Πατέρων
1515 4613 1606 4666 τὸν
1657 4615 1782 4690 περὶ
1833 4620 1932 4672 τοῦ

267 4695 478 4768 Πάσχα
504 4691 721 4747 τουτονί
760 4692 956 4766 νόμον,
987 4692 1134 4750 ἀλλὰ
1182 4701 1264 4769 τῷ
1309 4693 1503 4773 δρόμῳ
1543 4707 1646 4772 τῆς
1701 4703 1942 4776 σελήνης

264 4785 332 4838 τὰ
359 4789 476 4853 τῆς
525 4778 702 4844 αἰτίας
750 4781 1066 4861 ἀναφέρεται
1117 4785 1346 4856 ταύτης.
1378 4787 1604 4859 Ἐπειδὴ
1635 4793 1742 4869 γὰρ
1781 4794 1941 4863 αὖθις

266 4873 330 4927 τὸ
361 4869 647 4928 ἐνιαύσιον
679 4869 886 4944 κίνημα
924 4868 993 4926 δι’
1032 4873 1259 4948 ἡμερῶν
1310 4873 1741 4937 ἀποκαθίσταται
1785 4905 1940 4959 τρια-

267 4962 484 5016 κοσίων
536 4956 803 5031 ἐξήκοντα
855 4958 1012 5016 πέντε
1075 4963 1166 5017 καὶ
1229 4970 1668 5043 τεταρτημορίου
1725 4956 1946 5050 ἡμερας

269 5047 524 5125 ἔγγιστα,
555 5049 633 5112 ὡς
679 5047 918 5123 εἴρηται,
949 5050 1003 5105 αἱ
1053 5047 1108 5106 δὲ
1159 5053 1316 5125 μέσαι
1367 5062 1468 5126 τῆς
1517 5056 1757 5130 σελήνης
1802 5047 1944 5120 κατὰ

272 5146 463 5213 μῆκος
514 5133 752 5212 πάροδοι
811 5137 911 5193 οὐκ
966 5139 1420 5199 ἀποκαθίστανται
1481 5145 1534 5202 ἓν
1591 5147 1750 5213 ὅλοις
1797 5146 1940 5208 ἔτεσι

276 5229 343 5281 ιθ¹
385 5231 512 5292 τοῖς
562 5229 698 5282 κατᾶ
753 5227 1074 5302 προσθήκην
1123 5236 1220 5287 τοῦ
1277 5233 1535 5309 τετάρτου
1593 5236 1940 5315 ἀριθμουμέ-

271 5335 412 5388 νοις,
443 5313 594 5371 ἆλλᾶ
631 5314 780 5393 παρᾶ
811 5320 941 5390 μιᾶς
981 5315 1192 5393 ἡμέρας
1239 5321 1502 5392 ἑξηκοστά
1548 5331 1741 5402 πρῶτα
1789 5313 1937 5406 τρία,

275 5409 364 5461 καὶ
427 5404 648 5482 δεύτερα
703 5407 997 5484 τριάκοντα
1055 5408 1226 5466 ἑπτᾶ.
1283 5413 1483 5469 τούτου
1532 5415 1695 5492 χάριν
1751 5417 1806 5474 ἐν
1852 5417 1938 5476 τδ¹

279 5493 566 5564 ἐνιαυτοῖς,
599 5496 707 5574 οὐχ
739 5495 896 5560 ὅλοις
943 5493 1137 5571 πάλιν,
1166 5497 1296 5556 ἀλλ’
1324 5499 1742 5579 ἐλαττουμένοις
1789 5509 1935 5582 ἡμέ-

283 5604 384 5660 ρας
431 5583 600 5661 aestv,
631 5585 904 5658 ἐξηκοστὰ
948 5590 1140 5661 πρῶτα
1178 5591 1252 5659 νζ⁹
1281 5592 1372 5646 καί
1422 5589 1642 5670 δεύτερα
1670 5598 1772 5670 νβ’,
1806 5597 1930 5668 ἤτοι

283 5673 421 5755 μίαν
459 5677 669 5756 ἡμέραν
721 5675 968 5757 ἔγγιστα,
998 5677 1034 5748 ἡ
1075 5675 1338 5755 εἰρημένη
1387 5680 1592 5764 γίνεται
1649 5686 1930 5746 ἀποκατά-

1971 514 2275 584 Αιυωίηο
2331 519 2499 592 pleno
2578 523 2816 596 fulgeat,
2884 543 3092 600 parum
3171 534 3423 606 solliciti,
3492 556 3692 612 parum

2059 607 2249 676 etiam,
2283 626 2355 664 an
2387 610 2471 666 sol
2500 613 2691 684 ipsum
2734 619 2964 673 solstitii
3015 631 3292 693 punctum
3335 607 3510 698 plane
3562 637 3696 689 atti-

2059 699 2198 766 gerit
2231 715 2412 756 necne
2448 718 2462 756 :
2498 703 2753 776 adeoque
2783 715 2998 766 temere
3047 713 3223 770 etiam
3266 723 3400 774 ante
3447 726 3701 792 aequino-

2059 785 2238 842 ctium
2268 789 2491 846 Pascha
2519 795 2941 854 concelebrant.
2975 804 3051 856 De
3080 802 3240 861 hisce
3269 805 3384 864 illis
3414 785 3701 882 septimus

2059 876 2295 946 quidem
2319 895 2502 938 canon
2534 889 2868 943 sanctorum
2897 893 3314 968 apostolorum,
3346 903 3410 954 ut
3434 901 3577 958 mihi
3610 905 3700 962 vi-

2059 965 2248 1036 detur,
2290 969 2568 1040 decernit,
2622 980 3285 1042 excommunicationem
3317 988 3696 1062 denuntians,

2060 1055 2106 1110 si
2141 1057 2271 1128 quis
2301 1073 2366 1114 ex
2397 1061 2601 1117 ordine
2632 1063 2881 1121 clericali
2913 1086 3146 1126 sacrum
3196 1074 3493 1136 Paschalis
3541 1082 3696 1140 diem

2061 1150 2195 1201 ante
2232 1163 2477 1204 vernum
2511 1151 2918 1222 aequinoctium
2969 1175 3100 1216 cum
3142 1163 3358 1221 Iudaeis
3403 1184 3518 1225 una
3547 1171 3702 1228 cele-

2059 1233 2330 1291 braverit.
2371 1239 2846 1310 Quandoquidem
2895 1247 3048 1303 enim
3079 1265 3262 1308 canon
3295 1270 3428 1310 eum
3453 1273 3702 1318 censura

2059 1321 2384 1380 feriendum
2413 1342 2541 1383 esse
2597 1335 2832 1394 statuat,
2892 1351 3010 1392 non
3070 1342 3306 1410 quidem
3353 1345 3699 1416 disjunctim

2063 1413 2163 1482 qui
2211 1413 2422 1471 festum
2503 1417 2592 1474 vel
2668 1436 2803 1477 cum
2879 1423 3100 1484 Judmis
3154 1433 3352 1503 egerit,
3411 1413 3495 1493 vel
3573 1449 3705 1496 ante

2061 1501 2474 1573 equinoctium
2502 1523 2744 1566 vernum
2770 1529 2784 1579 ;
2811 1515 2909 1569 sed
2948 1501 3389 1594 (connectendo)
3423 1543 3557 1582 cum
3586 1529 3704 1586 Ju-

2058 1589 2198 1647 dteis
2228 1601 2362 1650 ante
2417 1597 2828 1668 aequinoctium
2887 1621 3144 1677 vernum,
3187 1611 3247 1666 id
3305 1589 3459 1684 quod
3517 1627 3700 1690 supra

2057 1679 2311 1737 diximus
2338 1682 2495 1755 ipsos
2543 1687 2894 1748 intellexisse
2929 1698 3139 1766 arguit.
3172 1699 3413 1764 Quando
3453 1721 3585 1762 vero
3625 1709 3696 1764 ad

2057 1770 2287 1840 cyclum
2301 1788 2474 1828 suum
2492 1776 2764 1847 quintum
2794 1779 2934 1837 luna
2947 1788 3229 1857 pervenit,
3249 1792 3340 1847 cui
3371 1798 3701 1854 necessario

2055 1858 2206 1915 αυτ
2229 1863 2534 1934 respondet
2567 1867 2908 1927 vicesimum
2931 1879 3201 1935 octavum
3235 1880 3698 1956 fundamentum,

2051 1965 2152 2005 seu
2176 1949 2431 2023 θεμέλιος
2463 1957 2572 2026 (sic
2601 1958 2754 2016 enim
2804 1962 3060 2036 plerique
3109 1969 3334 2028 dierum
3385 1949 3694 2038 numerum

2052 2040 2370 2111 appellant,
2401 2045 2497 2115 qui
2549 2062 2612 2102 ex
2667 2051 2846 2121 cyclis
2877 2053 3028 2111 lunae
3073 2066 3408 2131 superﬂuus
3438 2071 3570 2136 est),
3601 2075 3697 2126 at-

2054 2143 2167 2198 que
2196 2128 2348 2186 circa
2378 2132 2529 2189 diem
2563 2138 2876 2208 septimum
2901 2160 2966 2198 ac
2997 2128 3291 2207 decimum
3325 2128 3699 2229 Martiipleno

2055 2227 2204 2274 certe
2225 2219 2390 2275 vultu
2423 2225 2651 2294 candet,
2681 2227 2914 2287 Judteos
2947 2235 3146 2292 inscite
3179 2241 3493 2300 admodum
3529 2219 3586 2303 et
3614 2254 3698 2306 te-

2057 2324 2212 2365 mero
2243 2311 2451 2368 festum
2479 2319 2602 2371 tum
2645 2334 2918 2391 peragere
2941 2328 3241 2400 contingit.
3265 2331 3413 2396 Quin
3455 2335 3572 2394 imo
3604 2339 3704 2396 ho-

2057 2399 2268 2470 dieque
2299 2401 2357 2454 id
2399 2402 2581 2460 l‘acere
2613 2424 2912 2479 perperam
2959 2413 3088 2471 illos
3142 2399 3428 2493 videmus,
3495 2427 3594 2497 qui
3641 2429 3700 2484 in

2059 2489 2275 2542 nostris
2305 2489 2634 2550 civitatibus
2665 2497 2906 2569 degunt.
2941 2501 3288 2574 Nos;autem
3321 2489 3474 2583 quod
3509 2489 3702 2574 tutum

2057 2575 2487 2651 indubiumque
2523 2589 2613 2640 est
2635 2586 2801 2644 nobis
2830 2601 3176 2664 asserentes,
3201 2603 3257 2654 et
3281 2575 3500 2659 Judaais
3545 2606 3700 2664 hisce

2060 2665 2162 2738 qui
2190 2665 2346 2724 haud
2377 2670 2468 2739 pie
2511 2672 2750 2743 faciunt,
2799 2677 3038 2752 longum
3083 2686 3272 2744 valere
3294 2691 3594 2762 jubentes,
3627 2698 3699 2754 ad

2060 2755 2324 2827 proxime
2352 2769 2691 2831 sequentem
2721 2782 2982 2826 mensem
3006 2772 3266 2834 lunarem
3294 2785 3704 2843 contendimus

2059 2843 2256 2914 (quem
2279 2845 2402 2903 dies
2427 2851 2640 2922 Aprilis
2671 2859 2962 2928 complere
3017 2865 3250 2938 solent),
3273 2873 3504 2940 quando
3534 2875 3704 2946 longo

2060 2934 2298 3022 quidem
2344 2937 2572 2998 dierum
2607 2943 2909 3006 intervallo
2947 2953 3174 3012 Pascha
3207 2934 3489 3018 tuo-atrum
3548 2983 3582 3022 a
3605 2934 3707 3021 ii:-

2063 3021 2229 3079 daico
2276 3024 2492 3084 distare
2529 3033 2832 3107 contingit.
2855 3041 3175 3100 Prudenter
3195 3047 3337 3105 adeo
3366 3067 3432 3107 ac
3464 3052 3706 3126 diligen-

2062 3116 2152 3166 ter
2178 3115 2362 3170 sancti
2393 3115 2590 3176 Patres
2626 3133 3133 3189 sacrosanctorum
3182 3115 3706 3208 apostolorumvde-

2063 3204 2220 3258 creta
2247 3203 2647 3277 observabant,
2680 3221 2740 3268 ut
2789 3215 2899 3273 hoc
2937 3235 3050 3289 pra:
3107 3203 3331 3284 caeteris
3382 3238 3570 3287 ratum
3607 3233 3706 3288 tir-

2063 3305 2336 3364 mumquc
2393 3311 2518 3354 esse
2575 3305 2923 3376 statuerent,
2983 3326 3055 3366 ne
3111 3315 3246 3385 quis
3303 3333 3432 3376 cum
3487 3320 3703 3378 Judaeis

2057 3383 2319 3450 quamvis
2357 3394 2484 3455 post
2540 3389 2952 3462 aequinoctium
3010 3383 3253 3460 vernum
3311 3406 3589 3466 Paschale
3615 3411 3701 3466 fe-

2057 3473 2216 3526 stum
2241 3473 2548 3543 agentibus
2582 3495 2698 3536 una
2726 3483 2993 3544 celebret.
3026 3490 3252 3564 Quippe
3309 3495 3418 3554 hoc
3475 3500 3700 3572 primus

2055 3563 2210 3617 vetat
2238 3564 2444 3634 synodi
2471 3567 2843 3629 Antiocheam
2877 3563 3367 3649 canon,consulto
3390 3591 3453 3644 ut
3475 3563 3700 3648 videtur

2058 3665 2292 3707 sensum
2342 3654 2638 3726 explicans
2713 3666 2953 3722 canonis
3010 3668 3196 3740 ipsius
3243 3677 3570 3750 apostolici,
3629 3697 3697 3738 eo

2058 3741 2212 3811 quod
2244 3742 2392 3798 duas
2414 3745 2782 3807 deﬁnitiones
2815 3754 2884 3810 de
2914 3755 3184 3817 Paschate
3204 3741 3440 3834 statuat,
3466 3741 3696 3826 etiamsi

2058 3828 2213 3886 hunc
2242 3831 2301 3886 in
2345 3835 2584 3891 modum
2633 3849 2962 3912 praponat:
3018 3846 3258 3907 Nosmet
3299 3828 3437 3910 cum
3477 3856 3697 3914 Judzeis

2059 3933 2178 3974 una
2212 3919 2428 3978 festum
2463 3922 2649 3982 nullos
2679 3944 2870 4001 agere,
2907 3937 2965 3990 et
3009 3939 3414 4009 aequinoctium
3463 3946 3696 4002 vernale

2057 4012 2389 4078 exspectare
2416 4019 2660 4083 oportet.
2695 4017 2774 4074 Ex
2805 4021 3019 4092 quibus
3056 4027 3182 4084 duae
3230 4029 3355 4085 alire
3403 4035 3696 4092 deﬁnitio-

2058 4111 2162 4152 nes
2191 4101 2514 4158 neoessario
2551 4108 2966 4180 sequebantur,
2987 4113 3256 4174 videlicet
3283 4121 3698 4183 celebrandum

2058 4199 2186 4240 esse
2233 4186 2444 4245 testum
2503 4191 2690 4261 primo
2731 4197 2928 4255 statim
2975 4201 3296 4274 plenilunio
3341 4217 3474 4280 post
3525 4214 3702 4284 aequi-

2059 4273 2341 4343 noctium,
2373 4282 2430 4332 et
2459 4278 2698 4350 quidem
2731 4295 2857 4354 post
2901 4273 3046 4346 illud
3081 4309 3196 4349 non
3237 4273 3578 4370 simpliciter
3593 4273 3702 4358 .die

2035 4361 2286 4432 ‘quovis,
2343 4367 2444 4422 sed
2501 4368 2594 4426 die
2675 4375 3012 4446 septimana:
3062 4382 3251 4452 primo
3309 4361 3700 4458 plenilunium

2059 4453 2320 4523 proxime
2348 4463 2647 4528 sequente.
2695 4462 2912 4523 Caetera
2943 4469 3179 4541 quidem
3238 4453 3466 4534 decreta
3523 4480 3700 4536 etiam

2060 4539 2346 4615 hodieque
2377 4549 2730 4616 Qconstanter
2769 4539 3170 4630 observantur,
3222 4564 3376 4621 diem
3426 4582 3558 4624 vero
3589 4569 3700 4624 Do-

1967 4631 2324 4712 Dmiuicam
2383 4635 2776 4706 plenilunium
2822 4648 3086 4718 proxime
3145 4659 3487 4724 sequentem
3546 4673 3697 4729 saepe

2053 4719 2609 4814 ditl'erre_s_olemus,
2665 4746 2733 4787 eo
2791 4737 2943 4804 quod
2998 4739 3148 4796 duos
3204 4719 3332 4800 dies
3387 4719 3698 4814 quotannis

2049 4805 2318 4864 Paschati
2351 4808 2522 4884 legali
2553 4815 2887 4892 adjicimus,
2919 4828 2977 4879 et
3007 4831 3142 4896 post
3169 4827 3299 4884 illos
3330 4805 3418 4885 ad-
3440 4831 3697 4888 Domini-

2057 4911 2188 4954 cum
2236 4900 2584 4961 accedimus.
2635 4907 2886 4983 Contigit
2947 4917 3142 4972 tamen
3189 4919 3346 4974 istud
3416 4920 3570 4978 haud
3629 4939 3698 4978 ex

2056 4986 2288 5045 inscitia
2325 4993 2382 5046 et
2409 4990 2741 5064 ignorantia
2789 4999 3045 5076 Patrum,
3104 5008 3204 5078 qui
3265 5007 3377 5066 hoc
3421 5013 3594 5087 modo
3625 5013 3698 5068 de

2055 5073 2332 5133 Paschate
2371 5077 2780 5154 decernebant,
2839 5091 2940 5146 sed
3001 5073 3194 5164 potius
3235 5096 3342 5153 hoc
3404 5085 3691 5172 quidquid

2052 5171 2135 5219 est
2164 5163 2342 5237 culpae
2373 5167 2430 5224 in
2462 5169 2614 5228 Iunis
2640 5190 2842 5234 cursus
2872 5163 3232 5240 referendum
3266 5191 3373 5243 est.
3407 5189 3694 5252 Quoniam

2051 5253 2207 5310 enim
2265 5261 2460 5315 motus
2519 5278 2752 5322 annuus
2808 5267 3012 5326 diebus
3068 5276 3342 5332 trecentis
3398 5280 3695 5348 sexaginta

2049 5342 2332 5416 quinque,
2363 5350 2420 5403 et
2449 5356 2655 5422 quarta
2683 5354 2798 5412 fere
2830 5357 2940 5414 diei
2975 5366 3158 5431 parte,
3193 5365 3276 5420 uti
3309 5342 3692 5437 dictuznuest,

2045 5432 2369 5502 perficitur,
2403 5437 2554 5494 lunae
2585 5447 2782 5498 autem
2815 5451 3006 5504 motus
3039 5452 3214 5508 medii
3265 5453 3324 5509 in
3373 5432 3690 5528 longitudi;

2045 5536 2179 5578 nem
2209 5539 2322 5580 non
2347 5528 2730 5586 restituantur
2758 5544 2955 5592 exacte
2984 5539 3045 5596 in
3079 5545 3476 5601 novemdccim
3520 5545 3690 5602 annis

2041 5611 2349 5684 completis
2369 5617 2538 5688 juxta
2576 5621 2922 5690 quadrantis
2950 5629 3309 5688 additiouem
3359 5640 3688 5705 supputau-

2039 5698 2148 5772 dis,
2189 5701 2332 5774 quin
2372 5705 2569 5764 desint
2597 5705 2690 5780 (ad
2741 5713 2967 5782 cyclum
3026 5698 3684 5792 complendum-{unius
