4098 6332
423 439 491 498 Ἠ
1691 427 1755 486 Μ
1764 425 2033 486 ΑΤΤΗᾸΞ

2145 425 2414 488 iLASTA
2428 425 2550 486 HIS
3741 439 3820 498 72

422 567 536 623 diei
579 570 698 622 tres
745 562 1118 636 sexagesima
1162 559 1379 632 prima),
1439 561 1496 612 et
1540 556 1784 628 triginta
1836 564 2033 628 septen

2169 576 2374 617 στασις.
2410 553 2516 613 Διά
2544 554 2612 623 δὴ
2641 557 2804 610 τοῦτο
2845 555 3044 630 ἀρτίως
3077 554 3172 612 δύο
3224 560 3359 632 μετά
3398 561 3500 629 τὴν
3549 563 3818 636 πανσέλη,

421 662 613 730 partes
645 655 952 718 secundat;
988 650 1201 707 idcirco
1233 649 1291 704 in
1324 646 1494 703 annis
1522 645 1622 701 304
1659 661 1772 702 non
1803 645 2057 716 comple-

419 751 495 806 tis
527 747 755 819 quidem
797 744 939 809 illis,
963 742 1066 799 sed
1097 739 1496 796 deﬁcientibus
1527 737 1703 794 unius
1751 737 1864 792 diei
1897 753 2057 792 sexa-

415 837 654 912 gesimis
687 835 894 908 primis
917 833 987 887 57
1017 837 1074 888 et
1102 828 1478 902 sexagesimis
1507 827 1782 884 secundis
1836 827 1907 882 52
1937 827 2057 881 sive

411 930 594 986 ferme
616 924 710 982 die
737 940 876 992 uno,
907 921 1058 977 dicta
1105 917 1383 977 revelatio
1425 915 1734 989 peragitur.
1767 915 2056 982 Quamob-

408 1035 528 1075 rem
555 1020 691 1088 apte
721 1017 852 1084 post
879 1009 1270 1084 plenilunium
1293 1007 1408 1063 duo
1455 1007 1579 1062 dies
1608 1005 1783 1062 additi
1823 1009 1964 1062 sunt
1991 1003 2052 1058 ia

405 1103 615 1176 legalis
644 1099 944 1158 Paschalis
990 1095 1458 1168 investigatione,
1494 1109 1626 1150 cum
1677 1109 1790 1148 non
1829 1095 2054 1164 poterat

405 1191 790 1266 plenilunium
810 1191 1006 1244 exacte
1030 1183 1477 1256 attingerediem
1494 1180 1716 1238 mensis
1736 1199 1767 1236 a
1782 1181 2050 1236 Patribus

405 1283 744 1350 deﬁnitam;
778 1279 1018 1351 quippe,
1051 1279 1115 1331 ut
1162 1272 1444 1342 diximus,
1498 1271 1557 1326 in
1603 1269 1774 1326 annis
1825 1270 1928 1324 304
1957 1270 2050 1324 die

403 1389 518 1428 uno
541 1369 798 1442 proxime
811 1365 1026 1424 deﬁcit.
1049 1365 1228 1420 Istam
1243 1361 1577 1417 varietatem
1601 1359 2048 1416 statusPasclia-

401 1463 478 1518 tis
508 1462 656 1528 dies,
687 1463 746 1515 et
775 1461 970 1514 motus
999 1451 1378 1510 luminarium
1411 1449 1662 1505 ereavit:
1697 1463 1821 1519 quas
1855 1456 2044 1501 tamen

399 1549 665 1622 religioni
696 1546 941 1603 minime
973 1546 1160 1610 uocet,
1191 1541 1311 1596 imo
1353 1539 1542 1610 potius
1586 1535 1832 1592 multum
1857 1537 2042 1605 juvat.

399 1643 540 1699 Inde
559 1642 716 1698 enim
747 1636 1032 1710 temporis
1075 1631 1442 1690 intervallum
1490 1628 1816 1685 evidentius
1863 1644 2044 1698 appa-

399 1737 509 1798 ret,
531 1731 684 1786 inter
711 1727 919 1800 legalis
950 1729 1007 1781 et
1037 1721 1222 1780 nostri
1248 1718 1551 1776 Paschatis
1573 1717 2040 1782 celebrationem,

399 1819 654 1892 sumptis
683 1833 800 1874 non
833 1831 972 1882 uno,
1005 1813 1156 1885 quod
1191 1823 1315 1866 tum
1350 1810 1588 1876 factum,
1621 1806 1721 1862 sed
1751 1805 1940 1861 tribus
1971 1805 2041 1859 ad

2170 665 2261 698 νον
2310 641 2512 716 ἡμέραι
2561 644 2896 717 εὑρίσκονται
2939 647 3352 720 προστιθέμεναι
3402 648 3455 704 ἐν
3491 655 3560 716 τῆ
3592 657 3688 707 τοῦ
3717 675 3808 707 νο-

2171 731 2335 806 μικοῦ
2397 732 2586 807 Πάσχα
2643 733 2874 806 εὑρέσει,
2905 742 3007 805 τῆς
3061 736 3404 808 πανσελήνου
3463 713 3813 816 μὴδυναμέ-

2167 843 2266 891 νης
2322 819 2648 878 καταλαϐεῖν
2707 821 2908 897 ἀρτίως
2965 826 3063 894 τήν
3124 827 3427 899 ὁρισθεῖσαν
3491 830 3616 885 τότε
3688 837 3806 896 τοῖς

2169 910 2405 986 Ιῐατράσι
2455 913 2661 982 ποοτήν
2709 913 2804 967 τοῦ
2854 914 3047 986 μηνὸς,
3080 911 3504 989 ἐλαττουμένης,
3529 917 3603 981 ὡς
3655 919 3811 996 εἴρῃ-

2165 1020 2275 1068 ται,
2334 999 2385 1055 έν
2441 1000 2773 1074 τριακοσίοις
2850 1003 3130 1075 τέσσαρσιν
3199 1000 3362 1076 ἔτεσι,
3419 1005 3543 1078 μίαν
3602 1007 3812 1084 ἡμέραν

2167 1087 2400 1165 ἔγγιστα.
2435 1090 2534 1144 Καὶ
2562 1090 2820 1160 τοιαύτην
2853 1093 2946 1162 μὲν
2981 1091 3009 1145 ὑ
3038 1093 3238 1167 χρόνος
3293 1093 3417 1170 περὶ
3466 1096 3565 1164 τήν
3597 1095 3807 1172 ἡμέραν

2165 1184 2266 1235 τοῦ
2328 1181 2524 1259 Πάσχα
2580 1181 2671 1235 καὶ
2715 1183 2750 1250 ἡ
2788 1186 2896 1236 τῶν
2945 1184 3248 1259 φωστήρων
3295 1185 3507 1254 κίνησις
3535 1188 3634 1256 την
3665 1187 3806 1241 ἀνωι-

2169 1268 2368 1339 μαλίαν
2400 1268 2670 1339 πεποίηκε
2693 1289 2705 1302 ·
2737 1273 2810 1344 τῇ
2860 1265 3105 1342 εὐσεϐείᾳ
3131 1294 3191 1348 γε
3241 1275 3349 1346 μην
3400 1271 3805 1332 οὑδοπωστιοῦν

2160 1364 2322 1414 τοῦτο
2363 1357 2715 1432 λυμαίνεται,
2747 1361 2830 1415 ὅτι
2884 1361 2958 1433 μὴ
3010 1360 3100 1415 καὶ
3145 1361 3210 1416 τά
3244 1363 3453 1438 μεγάλα
3486 1361 3809 1436 συμϐάλλε-

2161 1469 2272 1508 ται.
2319 1449 2747 1526 Περιφανεστέρα
2814 1450 2919 1526 γὰρ
2986 1451 3222 1506 ἐντεῦθεν
3267 1453 3302 1521 ἡ
3357 1451 3632 1518 διάστασις
3696 1451 3804 1509 δεί-

2161 1559 2347 1592 κνυται
2377 1545 2478 1608 τῆς
2507 1558 2564 1593 τε
2593 1542 2692 1593 τοῦ
2728 1543 2958 1612 νομικοῦ
2992 1539 3081 1594 καὶ
3123 1543 3221 1595 τοῦ
3269 1541 3542 1618 ἡμετέρου
3579 1543 3805 1614 τελετῆς

2163 1628 2376 1703 Πάσχα,
2405 1627 2466 1682 οὗ
2522 1632 2649 1701 μιᾶς
2698 1627 2930 1704 ἡμέρας,
2963 1629 3038 1692 ὡς
3067 1629 3208 1699 τότε,
3239 1629 3386 1685 ἀλλὰ
3429 1635 3597 1706 τριῶν
3638 1653 3805 1705 μεσοο

2161 1713 2446 1773 λαϐουσῶν
2505 1714 2893 1790 τοὺλάχιστον.
2940 1715 3038 1772 Διά
3086 1720 3189 1793 γάρ
3229 1722 3390 1774 τοῦτο
3448 1720 3665 1782 πάντως
3711 1723 3806 1776 καὶ

2156 1807 2256 1876 τήν
2309 1804 2516 1879 ἡμέραν
2577 1806 2628 1860 οἱ
2677 1804 2907 1881 Γατέρες
2949 1806 3372 1882 μετενηνόχασιν
3423 1808 3510 1864 ἐπὶ
3555 1811 3655 1878 τήν
3703 1817 3804 1864 Κυ-

398 1911 711 1968 minimum
757 1907 965 1964 diebus
1009 1901 1392 1960 intermediis.
1451 1899 1634 1963 Quam
1677 1896 1749 1953 ob
1806 1912 2033 1951 causam

2151 1897 2342 1971 ριακήν
2368 1914 2380 1926 ·
2416 1893 2460 1949 εί
2491 1891 2538 1948 δ’
2570 1893 2621 1949 ἐν
2679 1896 2932 1968 Κυριακῇ
2985 1895 3046 1950 τὸ
3098 1897 3322 1970 νομικὸν
3379 1896 3542 1973 τύχοι
3577 1898 3796 1974 Πάσχα,

399 2002 596 2058 Patres
644 1999 800 2055 diem
849 1993 1175 2066 paschalem
1237 1989 1477 2046 omnino
1559 1988 1619 2042 in
1681 1986 2039 2042 Dominicam

393 2087 840 2153 transtulerunt,
881 2089 1054 2154 atque
1100 2096 1235 2138 cum
1293 2079 1350 2133 in
1401 2074 1764 2132 Dominicam
1822 2073 2042 2128 incidat

394 2177 620 2234 Pascha
668 2174 872 2246 legale,
933 2175 1199 2226 nostrum
1249 2168 1308 2223 in
1370 2164 1729 2222 Dominicam
1782 2163 2040 2233 proxime

395 2271 731 2339 sequentem
784 2260 1197 2318 removendum
1245 2272 1373 2312 esse
1421 2256 1760 2318 sanxerunt,
1806 2268 2036 2322 aequum

390 2357 729 2425 bonumque
749 2367 874 2407 esse
899 2350 1254 2421 judicantes,
1289 2349 1354 2400 ut
1381 2344 1636 2400 invisum
1687 2341 1804 2396 Deo
1851 2341 2041 2395 infau-

391 2451 669 2516 stumque
699 2443 910 2497 festum
943 2451 1364 2499 aversaremur,
1405 2438 1581 2502 atque
1641 2430 1812 2500 longo
1859 2429 2038 2482 inter~

389 2533 540 2592 vallo
570 2531 795 2588 Pascha
824 2533 1085 2584 nostrum
1129 2527 1202 2581 ab
1259 2525 1370 2579 isto
1420 2521 1604 2577 modis
1651 2520 1918 2574 omnibus
1948 2519 2038 2572 di-

391 2620 991 2696 stingueremus.Hazo
1021 2621 1216 2672 autem
1248 2615 1307 2668 in
1335 2610 1717 2683 sequentibus
1747 2609 1933 2663 fusius
1949 2625 2033 2663 os-

389 2715 698 2770 tendemus
727 2710 851 2781 (ubi
883 2713 943 2763 et
973 2707 1198 2762 tabulas
1227 2703 1499 2758 dabimus
1530 2699 1944 2770 aequinoctium
1969 2712 2036 2751 ac

2151 1983 2236 2038 ἐπὶ
2289 1984 2388 2051 τήν
2440 1983 2562 2054 ἑξῆς
2616 1978 2956 2056 μεταϐαίνειν
3006 1981 3354 2060 διωρίσαντο,
3385 1987 3485 2056 τὴν
3521 1989 3798 2063 θεομάχον

2149 2075 2238 2128 καὶ
2295 2073 2546 2147 ἀνέορτον
2606 2069 2779 2127 αὑτῶν
2839 2073 3035 2148 ἑορτὴν
3089 2076 3236 2146 ἡμᾶς
3293 2074 3664 2150 ἐκτρέπεσθαι,
3709 2079 3800 2131 καὶ

2153 2165 2346 2236 μακρῷ
2399 2165 2481 2234 τῷ
2539 2159 2870 2235 διαστήματι
2927 2163 3032 2232 τήν
3084 2163 3356 2239 ἡμετέραν
3404 2163 3612 2234 ἐκείνης
3667 2171 3796 2222 πᾶσι

2147 2249 2372 2324 τρόποις
2428 2247 2860 2317 ἀποδιίστασοαι,
2893 2250 2944 2304 ἐν
3001 2250 3156 2322 καλῷ
3213 2255 3420 2308 κεῖσθαι
3481 2255 3806 2324 σκοπήσαν-

2148 2359 2257 2400 τες.
2287 2343 2461 2392 Ταῦτα
2492 2336 2548 2392 δὲ
2581 2337 3004 2413 πλατυκώτερον
3035 2342 3173 2412 ἡμῖν
3220 2347 3479 2412 προῖοῦσι
3511 2339 3796 2416 ’δειχθήσε-

2145 2449 2254 2495 ται,
2292 2425 2414 2481 ἔνθα
2463 2427 2552 2480 καὶ
2601 2427 2820 2481 κανόνια
2870 2428 3210 2496 έκτέθεινται,
3243 2432 3344 2500 τήν
3397 2451 3455 2484 τε
3504 2430 3790 2502 ἰσημερίαν

2337 2516 2350 2531 ⁸
3199 2488 3209 2496 .
3297 2488 3308 2500 .
3585 2488 3614 2502 -.
3674 2488 3682 2505 .

2147 2515 2236 2569 καὶ
2293 2537 2388 2577 τας
2449 2515 2822 2586 πανσελήνους
2897 2515 3354 2592 ὁλοσχερέστερον
3401 2520 3790 2593 ἓρμηνεύοντα,

2147 2605 2235 2660 καὶ
2269 2605 2320 2659 ἐν
2354 2606 2534 2668 ποίοις
2564 2602 2701 2659 ἔτεσι
2735 2611 2976 2684 φανερῶς
3008 2609 3042 2676 ἡ
3081 2613 3188 2661 τῶν
3243 2612 3510 2684 συζυγιῶν
3564 2607 3634 2661 δεῖ
3671 2609 3794 2663 nti

2149 2691 2446 2752 δείκνυται.
3389 2670 3401 2684 ’
3667 2674 3676 2686 ⁸
3729 2670 3738 2682 δ

389 2801 714 2879 plenilunia
751 2815 950 2856 crasso
992 2797 1165 2853 modo
1206 2790 1579 2862 indicantes),
1629 2794 1751 2844 tum
1783 2789 1953 2843 etiam
1995 2787 2338 2842 docebimus
2397 2787 2741 2858 quibusnam
2777 2789 2834 2843 in
2895 2789 3062 2844 annis
3109 2790 3427 2846 admodum
3487 2791 3792 2846 manifesta

387 2895 466 2950 sit
493 2889 974 2961 conjunctionum
1005 2883 1345 2942 dilferentia.

460 2986 742 3045 Caeterum
782 2987 836 3038 et
867 2978 1010 3036 utile
1031 2977 1200 3032 fuerit
1230 2973 1577 3046 disquirere,
1611 2985 1788 3041 quam
1815 2967 1886 3024 ob
1909 2983 2039 3022 cau-

388 3095 511 3135 sam
561 3077 691 3148 post
737 3087 979 3129 vernum
1019 3065 1428 3140 aequinoctium
1481 3059 1698 3116 Pascha
1745 3057 2033 3113 celebrare

381 3168 718 3240 jubeamur.
750 3162 906 3220 που
938 3159 1068 3216 Fuit
1106 3157 1303 3229 igitur,
1352 3151 1587 3224 quando
1633 3150 1786 3204 Deus
1817 3163 1883 3202 ex
1919 3163 2030 3201 non

387 3273 516 3314 esse
545 3257 618 3312 ad
648 3271 774 3311 esse
806 3250 1089 3309 mundum
1142 3245 1360 3313 eduxit,
1409 3260 1441 3298 a
1487 3241 1580 3297 die
1626 3239 1814 3310 primo
1847 3253 2032 3309 usque

2214 2963 2386 3020 Ἀλλά
2416 2967 2522 3042 γάρ
2559 2963 2726 3021 καλὸν
2781 2964 2843 3020 ἂν
2890 2963 2976 3038 εἴη
3028 2970 3322 3040 σκοπῇσαι,
3353 2967 3444 3022 καὶ
3498 2967 3644 3028 τίνος
3671 2964 3788 3022 ’ἐνε-

2141 3074 2228 3108 κεν
2264 3056 2380 3128 μετ’
2412 3053 2700 3129 ἷσημερίαν
2733 3053 2951 3132 ἐαρινὴν
2997 3055 3058 3110 τὸ
3091 3055 3286 3131 Πάσχα
3332 3055 3511 3112 τελεῖν
3557 3076 3786 3130 προστε-

2139 3142 2398 3216 τάγμεθα.
2433 3145 2551 3198 ’Ότι
2584 3164 2670 3199 τοι
2697 3143 2756 3198 ἔκ
2781 3148 2880 3198 τοῦ
2913 3145 2988 3218 μή
3051 3140 3206 3208 ὄντος
3265 3145 3344 3207 εἲς
3393 3146 3456 3200 τὸ
3507 3145 3642 3200 εἶναι
3697 3145 3788 3200 τὸν

2139 3229 2345 3304 κόσμον
2403 3232 2806 3308 παραγαγόντος
2861 3237 2958 3288 τοῦ
3018 3231 3174 3300 Θεοῦ,
3234 3233 3342 3288 ἀπὸ
3395 3240 3495 3304 τῆς
3559 3233 3784 3308 πρώτης

390 3348 462 3403 ad
493 3305 989 3414 sextum-‘ju—stum
1028 3305 1466 3410 aequinoctium,
1511 3331 1604 3386 die
1626 3305 1824 3399 atque
1853 3305 2028 3382 etiam

2145 3305 2531 3414 ἡμέραςᾶχρι
2564 3305 2671 3392 τῆς
2725 3317 3250 3414 έϐδὸμηςάλριϐἢς
3308 3323 3552 3402 ὑπῆρχεν
3587 3305 3787 3396 ἰσημε-

387 3722 566 3762 nuam
590 3703 1030 3766 revolutionem,
1071 3695 1227 3768 quod
1249 3708 1406 3749 nunc
1433 3689 1493 3744 in
1525 3692 1737 3744 natura
1784 3684 1870 3750 lit,
1901 3699 2030 3754 per-

385 3811 578 3868 agere.
611 3798 877 3864 Namque
906 3788 992 3845 sol
1025 3787 1279 3860 primum
1312 3779 1504 3837 statim
1528 3777 1825 3832 cardinem
1857 3771 2029 3842 azqui-

384 3861 700 3940 noctialem
733 3861 996 3946 subiens,
1013 3877 1068 3931 in
1103 3875 1284 3946 gradu
1309 3869 1499 3944 primo
1522 3865 1724 3923 arietis
1745 3861 2030 3928 substitit,

380 3973 522 4030 luna
551 3989 686 4028 vero
717 3972 775 4026 in
814 3973 974 4042 parte
1004 3981 1105 4038 per
1151 3964 1506 4018 diametrum
1556 3952 1819 4027 opposita
1874 3949 2030 4004 illico

381 4061 662 4129 distabat,
721 4037 1018 4114 cardinem
1083 4049 1504 4114 autumnalem,
1565 4037 2026 4114 aequinoctialem

381 4151 642 4223 quidem,
675 4148 797 4205 sive
825 4147 1033 4202 libram
1065 4143 1316 4206 intrans,
1368 4149 1556 4208 neque
1605 4129 1844 4188 omnino
1895 4131 2030 4182 ante

378 4241 565 4298 solem
596 4237 923 4312 prosiliens,
955 4235 1242 4308 quantum
1293 4225 1517 4283 dieillo
1577 4219 1790 4277 moveri
1842 4218 2024 4273 licuit.

377 4307 783 4402 Quippe‘haud
819 4307 991 4382 aliter
1020 4321 1138 4377 ﬁeri
1187 4317 1397 4390 potuit,
1455 4317 1520 4367 ut
1562 4312 1796 4384 plenum
1851 4307 2030 4402 iubar

376 4396 574 4476 exacte
601 4420 858 4474 servaret
885 4415 1198 4485 (quatenus
1227 4407 1381 4462 Deus
1411 4402 1577 4458 nobis
1643 4396 1894 4454 ostendit
1936 4413 2032 4450 se-

377 4505 874 4579 metaprincipio
941 4500 1348 4574 imperfectum
1399 4490 1548 4548 nihil
1603 4487 1854 4558 fecisse),
1913 4486 2030 4541 ista

375 4596 511 4654 licet
533 4573 715 4668 portio
749 4573 876 4665 quae
899 4591 970 4646 ad
1005 4573 1112 4644 nos
1143 4582 1522 4648 convertitur,
1555 4580 1614 4634 in
1662 4581 1849 4631 totum
1893 4573 2024 4645 qui-

2140 3411 2249 3483 ρία,
2288 3413 2444 3501 ’μήτε
2491 3418 2588 3480 τῆς
2638 3410 2872 3486 ἡμέρας,
2924 3413 3064 3484 μήτε
3124 3413 3231 3484 μην
3287 3419 3387 3481 τῆς
3436 3413 3630 3474 νυκτὸς
3685 3413 3784 3482 τὴν

2138 3497 2343 3573 ἑτέραν,
2379 3497 2520 3573 μηδὲ
2573 3501 2636 3555 τὸ
2691 3501 2972 3574 ἀκαριαῖον
3029 3498 3488 3571 πλεονεκτοὼης.
3553 3500 3625 3557 Εἴ
3677 3500 3780 3577 γὰρ

2136 3589 2227 3642 καὶ
2283 3591 2318 3657 ἡ
2376 3589 2606 3662 τετάρτη
2665 3593 2772 3643 τῶν
2823 3592 3071 3664 ἡμερῶν,
3102 3595 3209 3646 τῶν
3267 3591 3568 3667 φωστήρων
3617 3588 3780 3666 ηὔχει

2138 3677 2384 3751 θεωμένη
2410 3681 2510 3747 την
2551 3677 2774 3752 γένεσιν.
2803 3678 2931 3734 ἀλλ’
2960 3679 3057 3734 οὑκ
3104 3678 3171 3748 ἧν
3220 3679 3406 3740 αὐτοῖς
3464 3677 3780 3754 ἐπιτετραμ-

2143 3765 2300 3836 μένον
2354 3767 2444 3820 καὶ
2501 3768 2602 3834 τὴν
2659 3766 2900 3821 εναντίαν
2957 3765 3108 3836 ἰέναι,
3142 3767 3216 3829 ὥς
3274 3788 3335 3844 γε
3375 3765 3442 3836 δὴ
3473 3772 3648 3838 τανῦν,
3677 3773 3778 3822 τοῦ

2138 3854 2359 3917 παντός.
2401 3860 2460 3909 Ὀ
2521 3857 2616 3929 μὲν
2673 3856 2774 3931 γάρ
2827 3854 3011 3924 ἥλιος,
3070 3856 3132 3910 τὸ
3187 3861 3406 3930 πρῶτον
3465 3856 3779 3932 ἰσημερινὸν

2140 3947 2296 4008 εὐθὺς
2336 3953 2534 4019 τμῆμα
2575 3951 2675 4000 τοῦ
2724 3945 2995 4017 ζωδιακοῦ
3045 3945 3317 4015 ὑπελθὼν,
3369 3945 3422 3999 έν
3467 3951 3534 4020 τῇ
3585 3948 3774 4022 πρώτῃ

2135 4040 2233 4090 τοῦ
2263 4040 2417 4110 κριοῦ
2441 4033 2632 4110 ’ίδρυτο
2669 4037 2832 4110 μοίρᾳ
2855 4056 2867 4068 °
2987 4035 3044 4090 δέ
3084 4058 3145 4110 γε
3186 4035 3409 4106 σελήνη,
3443 4035 3496 4088 ἐν
3527 4039 3595 4108 τῇ
3643 4038 3776 4090 κατά

2139 4121 2426 4200 διάμετρον
2458 4123 2656 4180 τούτου
2687 4127 2848 4201 χώρᾳ
2872 4128 3211 4200 παραχρῆμα
3253 4122 3518 4192 διίστατο,
3551 4125 3612 4178 τὸ
3663 4127 3776 4198 90-.-

2134 4216 2431 4290 νοπωρινὸν
2480 4217 2598 4288 μὲν,
2649 4215 2964 4290 ἰσημερινὸν
3015 4213 3072 4270 δὲ
3118 4216 3208 4270 καὶ
3256 4215 3415 4286 αὕτη,
3453 4216 3545 4268 τὸν
3594 4216 3773 4290 ζυγὸν,

2137 4303 2512 4373 διιππεὺουσα,
2563 4301 2704 4377 μηδὲ
2755 4304 2934 4380 βραχὺ
2991 4309 3088 4360 τοῦ
3136 4304 3303 4373 ἡλίου
3350 4301 3774 4379 προεκπηδῶσα,

2137 4395 2212 4456 ὡς
2267 4397 2398 4470 γοῦν
2456 4393 2660 4468 πέφυκε
2712 4395 2927 4468 τρέχειν
2980 4394 3080 4462 τὴν
3137 4395 3398 4467 τήμερον.
3440 4393 3512 4446 Οὐ
3553 4392 3655 4466 γὰρ
3709 4391 3776 4460 ἧν

2136 4479 2325 4545 ἄλλως
2379 4483 2440 4536 τὸ
2497 4481 2803 4560 πλησιφαές
2859 4477 3100 4557 ἀκριϐῶς
3164 4481 3306 4556 αὐτῇ
3363 4479 3775 4553 περισώζεσοαι,

2140 4567 2309 4644 μηδὲν
2337 4569 2526 4634 ἀτελὲς
2557 4570 2607 4644 ἐξ
2639 4570 2822 4649 ἀρχῆς
2868 4574 2965 4625 τοῦ
2997 4574 3132 4625 Θεοῦ
3176 4568 3312 4645 πρὸς
3363 4572 3511 4643 ἡμᾶς
3552 4565 3774 4624 ὑποδει-

373 4687 506 4742 dem
533 4657 893 4749 illuminata,
927 4685 1160 4752 propter
1209 4677 1405 4730 motus
1454 4667 1791 4726 varietatem
1832 4664 2020 4720 varias

2145 4659 2352 4721 ινὺντος
2403 4659 2782 4730 πεποιηκέναι,
2830 4661 2875 4715 εἰ
2933 4661 3022 4715 καὶ
3071 4659 3134 4714 τὸ
3188 4657 3566 4734 τετραμμένον
3635 4659 3772 4733 πρὸς

371 4774 546 4831 etiam
578 4772 794 4844 phases
837 4769 1009 4825 nobis
1056 4765 1344 4821 exhibeat.
1387 4758 1601 4816 Idcirco
1633 4756 1804 4810 ambo
1847 4753 2019 4809 lumi-

372 4862 539 4918 naria
567 4858 954 4930 aaquabiliter,
1000 4872 1102 4912 seu
1154 4851 1348 4926 potius
1396 4846 1680 4904 invariate
1729 4860 1843 4899 una
1889 4857 2018 4900 cum

372 4953 640 5010 universo
665 4952 1044 5016 circumacta,
1080 4943 1249 5017 quasi
1301 4956 1490 4999 rerum
1543 4937 1924 4994 creandarum
1957 4935 2020 4988 li-

371 5061 506 5100 nem
536 5061 603 5100 ac
633 5040 1205 5100 consummationem
1237 5032 1672 5106 exspectabant.
1700 5027 1801 5084 Die
1824 5035 2016 5081 autem

368 5137 527 5189 sexto
577 5149 754 5188 manu
812 5131 1007 5186 divina
1079 5129 1362 5183 formatur
1406 5122 1602 5187 homo,
1671 5116 2016 5188 aequinoctio

367 5223 558 5280 adhuc
590 5222 832 5294 pulchre
860 5219 1190 5289 elfulgente,
1216 5216 1470 5284 lunaque
1489 5206 1814 5283 splendoris
1853 5203 2017 5276 copia

368 5314 488 5369 fere
519 5313 643 5386 pari
661 5313 845 5366 solem
879 5317 1078 5364 contra
1107 5306 1384 5362 enitente.
1409 5301 1569 5356 Haud
1604 5299 1757 5353 enim
1780 5310 2012 5365 arquum

367 5405 515 5470 erat,
547 5402 804 5473 primum
837 5397 1131 5454 hominem
1165 5399 1300 5450 ante
1354 5386 1762 5462 aequinoctium
1832 5382 2014 5437 creari

364 5492 525 5564 (cum
548 5471 679 5560 iam
701 5487 955 5544 tenebris
983 5486 1372 5542 obruerentur
1401 5477 1640 5547 omnia).
1692 5471 1791 5544 qui
1845 5487 2013 5542 prep-

365 5585 454 5638 ter
479 5595 749 5653 magnam
783 5577 874 5634 sui
914 5591 1048 5631 cum
1110 5572 1239 5628 luce
1285 5565 1701 5640 cognationem,
1734 5560 1906 5616 etiam
1941 5559 2012 5613 ab

364 5672 495 5728 istis
522 5652 816 5742 quialieni
861 5666 1096 5722 fuerunt
1149 5678 1184 5716 a
1240 5657 1471 5732 pietatis
1530 5652 1836 5742 11106.93):
1898 5663 2010 5742 non

365 5761 490 5822 sine
518 5735 740 5816 ratione
771 5755 1098 5830 appellatus
1145 5753 1252 5806 est.
1285 5745 1400 5804 Sed
1443 5740 1761 5800 luminaria
1805 5735 2010 5794 mundi

2129 4750 2220 4804 τὸν
2266 4748 2428 4818 ἥλιον
2477 4749 2648 4818 αὐτῆς
2691 4749 2829 4804 ἅπαν
2891 4749 3078 4826 μέρος,
3119 4744 3313 4804 διόλου
3361 4745 3772 4825 πεφωτισμένον

2128 4839 2424 4915 τυγχάνον,
2458 4843 2536 4910 τῷ
2564 4836 2809 4917 διαφόρῳ
2855 4845 2955 4908 τῆς
2995 4839 3262 4908 κινήσεως
3300 4836 3526 4892 ποικίλα
3566 4836 3632 4890 τά
3660 4839 3768 4892 τῶν

2128 4933 2426 5002 φωτισμῶν
2475 4930 2611 5002 ἡμῖν
2662 4929 2949 5003 ὑποφαίνει
3000 4931 3280 5002 σχήματα.
3310 4925 3563 4999 Ὀμαλῶς
3591 4924 3771 4980 τοίνυν

2126 5018 2216 5070 καὶ
2274 5016 2440 5094 ἄμφω
2495 5017 2561 5072 τά
2589 5021 2762 5096 φῶτα,
2799 5014 3105 5091 μᾶλλονδὲ
3163 5016 3436 5086 ἀκινήτως
3493 5015 3636 5088 ὁμοῦ
3691 5018 3770 5087 τῷ

2126 5105 2284 5159 παντὶ
2317 5107 2730 5182 συγκινούμενα,
2761 5106 2824 5160 τὸ
2851 5103 3010 5166 τέλος
3042 5104 3212 5159 οἱονεὶ
3260 5111 3360 5174 τῆς
3414 5107 3512 5157 τοῦ
3571 5102 3769 5164 παντὸς

2127 5195 2489 5272 δημιουργίας
2538 5198 2807 5270 ἀνέμενον.
2840 5199 2920 5269 Τῇ
2971 5217 3031 5270 γε
3089 5198 3195 5269 μὴν
3243 5191 3394 5266 ἕκτῃ,
3434 5191 3592 5268 χερσί
3633 5196 3766 5248 Θεοῦ

2126 5287 2154 5340 ὁ
2187 5285 2469 5358 ἅνθρωπος
2518 5285 2832 5356 πλάττεται,
2868 5285 3156 5360 ἰσημερίας
3211 5285 3370 5339 είσέτι
3413 5282 3581 5338 καλὸν
3615 5281 3767 5337 ἐπαν-

2125 5377 2346 5447 Οοὺσης,
2377 5375 2465 5429 καὶ
2494 5381 2594 5444 τῆς
2625 5374 2862 5445 σελήνης
2890 5379 2970 5448 τῷ
3002 5373 3221 5448 δαψιλεῖ
3247 5381 3346 5442 τῆς
3385 5370 3580 5444 αἰγλης
3627 5372 3762 5447 πρὸς

2123 5467 2214 5522 τὸν
2260 5464 2424 5534 ἥλιον
2475 5463 2770 5538 ἱσταμένης
2812 5465 2862 5533 ἐξ
2903 5463 3213 5543 ἐφαμίλλου
3263 5461 3482 5540 σχεδόν.
3533 5462 3608 5514 Οὐ
3657 5463 3762 5538 γάρ

2121 5555 2186 5624 ἦν
2216 5555 2380 5621 εἰκὸς,
2479 5553 2571 5609 τὸν
2599 5559 2816 5628 πρῶτον
2856 5553 3139 5630 ἄνθρωπον
3186 5554 3290 5625 πρὸ
3337 5559 3440 5622 τῆς
3471 5551 3758 5624 ἰσημερίας

2120 5643 2448 5712 πλασθῆναι,
2507 5641 2663 5713 ἡνίκα
2721 5644 2902 5718 σκότῳ
2975 5643 3042 5698 τά
3096 5641 3271 5696 πάντα
3326 5639 3642 5717 ἐκρύπτετο,
3698 5639 3759 5701 ὃς

2123 5730 2209 5788 διὰ
2265 5735 2364 5804 τήν
2422 5730 2645 5803 πολλὴν
2681 5733 2819 5808 πρὸς
2871 5733 2933 5788 τὸ
2981 5735 3095 5816 (ρῶς
3133 5731 3471 5802 οἰκειότητα,
3495 5727 3586 5783 καὶ
3641 5733 3758 5792 τοῖς
