4098 6332
208 472 287 535 13
1232 457 1653 534 SYNTAGMA
1694 456 2346 534 ALPHABETICUM.
2389 501 2467 513 —
2509 469 2579 527 II.
3532 454 3611 519 τι

215 603 779 680 ἀπηλλοτριωμένοις
833 607 931 659 106
986 609 1086 673 τῆς
1165 598 1434 665 εὐσεϐείας
1492 605 1692 675 φωτὸς,
1743 609 1857 683 φῶς

1988 604 2097 677 'qui
2131 619 2265 661 mox
2307 603 2519 674 subjici
2575 596 2814 673 debuit),
2860 599 2981 667 jam
3033 599 3284 669 primum
3332 595 3614 667 stipantia

209 696 343 750 κατὰ
378 695 544 770 λόγον
578 692 963 771 προσείρηται,
994 693 1028 762 ἢ
1062 692 1189 755 τοὺς
1222 696 1511 770 φωστῆρας
1548 698 1644 748 106
1692 714 1859 767 προσ-

210 784 444 851 ῆκοντος
473 786 794 860 καθυφεῖναι
836 781 1071 854 κόσμοο,
1100 785 1187 835 νῦν
1243 786 1458 856 πρῶτον
1493 779 1859 860 δορυφοροῦν-

1966 698 2153 750 instar
2193 692 2508 750 satellitum
2542 691 2702 746 hunc
2758 690 2859 758 qui
2905 689 3101 745 statim
3143 684 3451 742 creationie
3501 687 3613 740 im-

1968 786 2194 857 perium
2240 786 2625 853 susceptums
2677 778 2788 832 fuit
2832 775 3324 848 (quandoquidem
3376 778 3433 829 et
3482 789 3616 829 mox

208 891 306 932 τας
336 875 419 942 τῷ
453 869 761 945 βασιλεύειν
805 874 907 938 τῆς
953 869 1184 929 κτίσεως
1236 866 1532 941 μέλλοντι·
1569 866 1757 931 ἄλλως
1806 889 1862 922 τε

1988 888 2197 942 empus
2230 871 2392 926 aliter
2413 868 2669 924 ordinari
2694 867 2996 938 oportuit),
3030 865 3185 920 diem
3243 878 3308 918 ac
3356 868 3616 930 noctem,

210 959 301 1011 καὶ
330 962 429 1012 106
477 959 684 1032 χρόνου
740 954 1042 1031 μέλλοντος
1090 954 1566 1032 δημιουργεῖοθαι,
1598 954 1705 1011 ἔδει
1761 958 1859 1026 τὴν

209 1044 427 1119 ἡμέραν
480 1043 658 1115 δήπου
716 1046 803 1099 καὶ
864 1046 963 1111 τήν
1023 1044 1185 1098 νύκτα
1233 1042 1354 1119 ἄρτι
1402 1047 1862 1117 παραγενομένας,

209 1134 272 1188 ἐκ
327 1141 431 1204 τῆς
475 1132 728 1204 ΐσότητος
781 1131 1074 1207 ἄρξασθαι·
1121 1132 1238 1187 ἐπεὶ
1296 1133 1382 1187 καί
1440 1133 1675 1208 προτέρα
1732 1132 1866 1187 κατὰ

209 1227 370 1302 φύσιν
426 1222 562 1293 αὕτη
609 1230 711 1292 τῆς
753 1222 1103 1293 ἀνισότητος,
1135 1222 1210 1283 ὡς
1268 1224 1320 1276 ai
1361 1220 1498 1294 ἕξεις
1528 1228 1636 1277 τῶν
1672 1224 1863 1297 στερή-

212 1332 370 1380 σεων,
404 1314 503 1365 106
553 1315 687 1366 Θεοῦ
738 1312 886 1383 ἡμᾶς
934 1310 1169 1365 ἐντεῦθεν
1221 1307 1567 1372 διδάσκοντος
1617 1312 1710 1364 τὸν
1766 1316 1867 1379 τῆς

216 1400 474 1469 ἰσότητος
532 1398 722 1471 νόμον,
756 1398 811 1453 ἐν
869 1399 916 1469 ᾧ
970 1401 1033 1453 τὸ
1080 1399 1188 1453 τῶν
1239 1400 1442 1474 ἀρετῶν
1466 1397 1713 1468 ἕστηκεν,
1746 1397 1869 1453 ἐπί-

215 1489 451 1563 προσθεν
510 1486 713 1542 τιθὲναι
770 1487 947 1557 πάσης
1005 1485 1316 1559 πλεονεξίας
1376 1487 1465 1542 καὶ
1516 1488 1867 1558 ἀνισότητος·

218 1579 316 1632 εἶθ’
344 1576 494 1631 οὕτω
523 1580 631 1630 τῶν
663 1579 968 1655 φωστήρων
1012 1578 1149 1649 μετά
1191 1577 1292 1645 τὴν
1342 1572 1583 1649 ἑϐδόμην
1634 1577 1870 1649 ἡμέραν,

217 1668 291 1728 ὥς
330 1667 382 1735 ἐξ
439 1663 733 1742 ἀφετηρίας
783 1666 999 1740 τρέχειν
1054 1667 1458 1741 ὑπαρξαμένων,
1486 1668 1575 1720 καὶ
1627 1668 1703 1738 μὴ
1757 1665 1874 1718 ἰσο-

216 1760 406 1830 ταχῶς
438 1754 759 1832 πεφυκότων
798 1756 1088 1819 κινεῖσθαι,
1120 1756 1221 1823 τὴν
1255 1753 1575 1827 ἀνωμαλίαν
1624 1751 1871 1809 ἐπεισελ-

217 1847 347 1902 θεῖν.
400 1843 559 1899 Ἐπεὶ
616 1846 745 1916 γοῦν
800 1845 901 1912 την
963 1841 1012 1913 ἐξ
1074 1843 1341 1917 ἁμαρτίας
1409 1848 1509 1898 τοῦ
1584 1841 1874 1918 ἀνθρώπου

1967 977 2092 1033 quas
2123 966 2247 1015 tum
2281 958 2644 1024 acciderunt,
2675 972 2742 1011 ex
2773 957 3019 1025 paritate
3057 953 3329 1007 inchoare
3381 965 3618 1006 necesse

1971 1053 2117 1107 fuit:
2152 1049 2429 1123 quoniam
2465 1049 2583 1102 haec
2627 1051 2832 1101 natura
2879 1044 3038 1116 prior
3074 1048 3165 1098 est
3206 1043 3615 1113 inaequalitate,

1970 1141 2140 1197 sicuti
2172 1138 2409 1194 habitus
2460 1135 2909 1208 privationibus,
2938 1132 3019 1187 ita
3068 1131 3221 1186 enim
3275 1130 3425 1186 Deus
3482 1147 3619 1184 nus—

1972 1234 2091 1287 met
2133 1227 2333 1283 docuit
2361 1223 2707 1297 aequalitatie
2739 1223 2941 1294 legem,
2975 1222 3031 1276 in
3062 1236 3177 1292 qua
3206 1220 3339 1290 ipsa
3386 1218 3618 1274 virtutis

1974 1319 2121 1375 ratio
2151 1316 2433 1382 consistit,
2466 1314 2624 1370 omni
2660 1313 2949 1367 nimietate
2981 1314 3039 1365 et
3070 1307 3621 1381 inasqualitateanti-

1974 1406 2237 1480 quiorem
2270 1421 2419 1461 esse.
2454 1403 2595 1458 Dein
2630 1418 2760 1456 vero
2804 1405 2933 1469 post
2980 1398 3300 1467 septimum
3327 1395 3481 1451 diem
3523 1395 3621 1449 ln-

1978 1496 2301 1552 minaribus
2331 1493 2497 1565 quael
2527 1506 2562 1547 a
2616 1490 2946 1546 carceribus
2987 1502 3289 1542 excurrere
3333 1485 3620 1557 incipien-

1976 1585 2154 1649 tibus,
2215 1599 2321 1638 nec
2370 1588 2562 1636 tamen
2625 1581 2707 1635 ita
2782 1596 2815 1633 a
2864 1583 3070 1631 natura
3127 1575 3499 1645 comparatis.
3562 1579 3621 1627 ut

1978 1673 2185 1746 aequali
2218 1671 2509 1728 celeritate
2568 1672 2959 1729 moverentur,
3014 1664 3302 1720 anomalia
3359 1664 3622 1734 quaedam

1978 1761 2235 1833 irrepsit.
2268 1759 2411 1826 Quia
2440 1766 2632 1813 tamen
2664 1756 2918 1811 hominis
2950 1754 3172 1823 lapsum
3196 1769 3295 1823 per
3323 1757 3620 1822 peccatum

1979 1851 2133 1906 Deus
2164 1865 2233 1904 ex
2265 1848 2448 1920 gratia
2495 1864 2601 1903 sua
2642 1847 2973 1918 reparatum
3006 1858 3072 1896 ac
3124 1841 3495 1896 emendatum
3532 1857 3621 1895 vo-

217 1937 431 1986 πτῶσιν
487 1927 778 2000 εὐδόκησεν
837 1933 865 1985 ὁ
925 1933 1124 2004 Κύριος
1170 1931 1674 2008 ἐπανορφώσασθαι,
1706 1951 1870 2002 προσ-

1989 1939 2117 2007 luit,
2150 1953 2380 2009 mquum
2440 1940 2566 1990 erat
2596 1933 2653 1988 in
2705 1930 3091 2004 mquinoctiali
3124 1931 3259 1984 anni
3321 1928 3626 2000 principio.

220 2030 353 2091 ἧκον
404 2021 476 2089 ἦν
529 2018 584 2073 ἓν
737 2022 836 2073 106
884 2020 1093 2093 χρόνου
1129 2019 1420 2095 ίσημερινῇ
1461 2021 1630 2095 ἀρχῇ,
1663 2021 1779 2074 καθ’
1808 2020 1869 2087 ἣν

219 2113 247 2166 ὁ
277 2110 568 2183 ἄνθρωπος
612 2110 712 2177 τὴν
761 2109 986 2182 πρώτην
1039 2107 1165 2184 ἔσχε
1203 2108 1419 2180 πλάσιν,
1452 2110 1541 2164 καί
1571 2111 1671 2178 τὴν
1709 2107 1874 2163 αὓτοῦ

219 2200 667 2273 οἷκονομηθῆναι
726 2195 1049 2268 ἀνάπλασιν,
1080 2198 1169 2253 καὶ
1229 2199 1334 2267 ὅτι,
1391 2197 1578 2267 ἐπειδή
1636 2200 1698 2253 τὸ
1756 2202 1873 2272 φῶς

219 2287 459 2357 ἔμελλεν
516 2285 696 2358 αὔξειν
745 2289 847 2350 τῆς
905 2282 1199 2356 εὐσεϐείας,
1253 2288 1343 2342 καὶ
1398 2289 1462 2342 τὸ
1526 2288 1718 2349 σκότος
1774 2293 1876 2357 τῆς

212 2372 466 2438 ἀσεϐείας
545 2376 856 2448 μειοῦσθαι,
926 2377 1043 2449 μετ’
1106 2375 1396 2450 ἴσημερίαν
1467 2378 1530 2431 τὸ
1604 2378 1873 2452 σωτήριον

219 2470 419 2544 Πάσχα
482 2466 588 2519 οὐκ
643 2462 745 2532 ἔξω
796 2463 968 2538 λόγου
1000 2463 1261 2533 τελεῖται,
1291 2466 1453 2535 ἡνίκα
1506 2466 1569 2520 τὸ
1625 2466 1718 2537 μὲν
1775 2471 1878 2533 τῆς

219 2555 432 2630 ἡμέρας
503 2558 623 2629 φῶς
681 2550 988 2627 ξπιδίδωσι,
1048 2561 1149 2624 τῆς
1206 2556 1397 2617 νυκτὸς
1455 2551 1509 2609 δὲ
1566 2556 1628 2610 τὸ
1684 2555 1877 2616 σκότος

220 2644 553 2700 ἐλαττοῦται
566 2686 580 2699 .

284 2731 399 2788 Dim
430 2731 516 2787 ἀεὶ
547 2716 610 2785 δὲ
634 2732 822 2805 κύριον
851 2730 1051 2805 γίνεται
1097 2731 1311 2807 Πάσχα,
1344 2731 1482 2787 διότι
1542 2732 1625 2787 Eni
1682 2732 1879 2787 τούτου

218 2826 333 2901 χρὴ
393 2820 592 2876 πολλά
644 2817 990 2896 συνδραμεῖν.
1025 2819 1098 2876 Οὒ
1159 2823 1324 2895 μόνον
1383 2824 1484 2898 γὰρ
1521 2824 1582 2877 τὸ
1614 2824 1728 2878 κατ’
1759 2819 1878 2885 ἔτος

220 2910 661 2983 ἐπιζητούμενον
714 2915 813 2979 τῆς
890 2909 1124 2980 σελήνης
1205 2911 1436 2986 πλῆρες.
1494 2910 1627 2986 ὅπερ
1678 2912 1714 2981 ἡ
1772 2915 1881 2965 τῶν

225 3004 450 3076 ἡμερῶν
535 2996 1088 3073 τεσσαρεσκαιδεκάτη
1173 2999 1341 3074 ταύτῃ
1429 3002 1733 3076 χαρίζεται,
1808 3003 1877 3073 τῇ

230 3088 493 3164 ἰσημερίᾳ
523 3085 609 3143 δεῖ
654 3088 953 3153 συνελθεῖν,
983 3088 1131 3143 ἀλλὰ
1160 3091 1251 3145 καὶ
1280 3091 1378 3158 τήν
1411 3087 1572 3161 ἕκτην
1599 3095 1706 3144 τῶν
1737 3091 1879 3162 ἠμε-

230 3184 358 3251 ρῶν,
386 3179 485 3232 καὶ
515 3178 617 3245 τήν
648 3180 746 3231 106
777 3177 1022 3249 Μαρτίου
1052 3178 1240 3252 τρίτην
1287 3179 1375 3233 καί
1427 3179 1702 3249 εἰκοστὴν,
1743 3180 1877 3249 ἅπερ

228 3268 311 3320 καῖ
344 3270 439 3321 ὅτε
480 3266 508 3320 ό
539 3270 760 3339 πρῶτος
790 3263 968 3338 ’Δδὰμ
996 3266 1315 3334 ἐπλάττετο,
1348 3267 1435 3322 καί
1495 3270 1581 3322 ὅτε
1613 3270 1749 3340 πρὸς
1778 3272 1876 3323 106
1908 3303 1953 3371 Ο

237 3355 257 3371 ι.
360 3360 370 3371 .
546 3361 593 3371 ..
615 3354 670 3371 ..
825 3357 841 3371 .
891 3357 903 3371 .
1049 3357 1077 3371 -
1237 3358 1250 3371 .
1360 3358 1379 3371 .
1414 3361 1425 3371 .

233 3355 487 3431 δευτέρου
546 3354 726 3429 Ἀδὰμ
782 3357 943 3419 αὐτὸς
1016 3357 1173 3420 οὗτος
1226 3358 1607 3427 ἀνεπλάττετο,
1668 3381 1875 3431 συνημ-

236 3445 359 3519 μένα
418 3448 513 3515 ἦν.
543 3449 718 3500 Ταῦτα
778 3442 836 3500 Si
893 3446 1128 3511 σπανίως
1178 3448 1354 3503 εἰώθει
1394 3448 1717 3522 συμπίπτειν
1747 3468 1757 3479 ·
1795 3445 1880 3503 διὸ

233 3538 315 3589 καὶ
360 3536 414 3589 οἱ
469 3533 755 3609 λεγόμενοι
804 3530 1109 3606 ἐμϐόλιμοι
1162 3541 1327 3610 μῆνες
1378 3537 1742 3612 εἰσαγόμενοι,
1782 3539 1880 3606 τὴν

234 3626 352 3698 περὲ
409 3624 509 3677 τὸν
556 3625 744 3699 καιρὸν
789 3627 888 3679 τοῦ
952 3624 1144 3700 Πάσχα
1208 3630 1460 3681 ποιοῦσιν
1539 3625 1876 3700 ἀνωμαλίαν.

235 3713 636 3784 Ἐπιζητοῦμεν
680 3713 784 3787 γὰρ
830 3711 916 3767 ἒπὲ
959 3718 1039 3786 τῷ
1088 3715 1343 3791 σωτηρίῳ
1391 3716 1570 3782 πείθει,
1605 3737 1882 3791 προηγου-

239 3802 412 3872 μένως
468 3801 591 3872 μὲν,
619 3801 693 3862 ὡς
745 3798 1076 3871 δεδήλωται,
1107 3804 1209 3871 τήν
1252 3811 1354 3873 τῆς
1398 3802 1634 3873 σελήνης
1669 3802 1731 3858 ιδ’
1765 3805 1881 3877 μετ’

239 3889 526 3964 ἶσημερίαν
589 3889 721 3943 εἶναι
745 3909 759 3922 ⁶
794 3889 840 3945 εί
872 3889 975 3967 γάρ
1027 3894 1220 3966 μικρὸν
1250 3896 1381 3968 γοῦν
1410 3894 1624 3972 φθάσειε
1654 3892 1881 3963 ταύτην,

235 3980 399 4050 νόμος
450 3983 582 4052 παρ’
630 3980 765 4050 ἡμῖν
815 3980 982 4048 θεῖος,
1015 3981 1106 4035 τὸν
1162 3982 1255 4053 μὲν
1303 3981 1624 4051 σεληνιακὸν
1682 3981 1883 4036 ἐκεῖνον

238 4075 385 4138 μῆνα
438 4066 782 4122 παντάπασιν
842 4068 1065 4134 ἀθετεῖν,
1098 4072 1235 4145 πρὸς
1292 4068 1349 4126 δὶ
1401 4072 1499 4138 τήν
1537 4069 1604 4125 ιδ’
1634 4075 1730 4126 106
1762 4071 1883 4140 ἑξῆς

234 4158 479 4227 ἀπαντᾷν
505 4174 521 4186 ⁸
572 4153 755 4212 ἔπειτα
783 4162 1026 4230 κυριακῇ
1071 4163 1133 4214 τό
1169 4161 1358 4235 Πάσχα
1407 4157 1605 4218 τελεῖν,
1636 4160 1726 4214 καὶ
1767 4164 1883 4223 τοῖς

234 4242 505 4305 Ἰουδαίος
557 4245 636 4315 μή
677 4246 1066 4317 συνεορταζειν.
1092 4246 1169 4303 Οὗ
1214 4249 1401 4323 χάριν,
1431 4249 1521 4302 καί
1569 4246 1618 4303 εἴ
1671 4269 1731 4326 γε
1778 4256 1882 4303 Κυ-

236 4336 399 4409 ριακῇ
452 4334 519 4387 τὸ
568 4329 867 4388 Ἰουδαϊκὸν
912 4336 1105 4409 Πάσχα
1163 4334 1429 4398 συνέλθοι,
1484 4335 1557 4395 εἷς
1612 4337 1712 4403 τήν
1760 4338 1880 4408 ἑξῆς

234 4426 397 4494 ἡμεῖς
450 4421 842 4494 ὁπερτιθὶμεθα
887 4423 952 4477 τὸ
1007 4425 1301 4498 ἡμέτερον,
1349 4425 1469 4495 ἥτις
1529 4427 1734 4500 καθαρά
1782 4423 1885 4496 δή·

233 4532 336 4566 που
386 4510 483 4566 καὶ
533 4510 787 4586 ἐλευθέρα
825 4519 927 4581 τῆς
970 4517 1076 4567 τῶν
1108 4511 1383 4569 Ἰουδαίων
1430 4512 1576 4571 ἔσται
1633 4513 1879 4585 τελετῆς.

234 4597 592 4672 ’Δνωμαλίας
638 4598 730 4654 οὖν
777 4600 868 4656 διὰ
908 4606 1073 4656 ταῦτα
1118 4604 1240 4677 περὶ
1290 4605 1389 4673 τὴς
1434 4605 1626 4673 ὲοπὴν
1659 4605 1883 4680 γινομέ-

233 4708 331 4756 νης
378 4692 482 4742 τοῦ
535 4687 752 4763 Πάσχα,
794 4695 894 4759 τῆς
942 4689 1131 4763 κυρίας
1173 4695 1267 4745 106
1319 4694 1491 4765 μηνὸς
1540 4693 1749 4768 ἡμερας
1796 4691 1879 4747 ἐπἲ

232 4778 297 4832 τὸ
338 4776 613 4832 πλεῖστον
660 4775 1114 4853 διαμαρτάνομεν.
1168 4781 1230 4837 Ὁ
1284 4782 1388 4855 γὰρ
1441 4781 1631 4855 Κύριος
1668 4783 1731 4836 τὸ
1776 4803 1887 4835 σω-

229 4869 427 4940 τήριον
484 4863 704 4931 ὑπῆλθε
751 4868 942 4939 πάθος,
977 4869 1125 4947 εφλθ⁹
1176 4868 1326 4931 ἔτους
1368 4870 1733 4945 ἐνισταμένου,
1766 4870 1886 4939 τρί-

230 4976 321 5010 τον
361 4957 461 5027 μὲν
493 4954 584 5008 καὶ
620 4953 860 5011 εἷκοστὸν
916 4961 1011 5012 106
1068 4957 1235 5028 ἡλίου
1290 4958 1492 5014 κύκλον
1546 4957 1883 5031 διανύοντος,

233 5042 459 5099 δέκατον
511 5040 567 5097 δὲ
618 5049 718 5113 τῆς
766 5044 1043 5115 σελήνηςο
1076 5048 1167 5101 καὶ
1226 5049 1277 5102 οἱ
1339 5050 1433 5119 μὲν
1466 5046 1718 5104 Ἰουδαῖοι
1762 5050 1884 5123 περί

230 5135 295 5187 τὸ
352 5128 666 5189 Ἰουδαϊκὸν
723 5133 872 5208 εἶχον
931 5136 1118 5210 Πάσχα
1171 5141 1239 5210 τῇ
1296 5137 1578 5208 τελευταία
1639 5159 1731 5210 μεν
1786 5144 1884 5206 τῆς

233 5217 547 5292 ὶῦδομὰδος
597 5222 801 5298 ἡμέρᾳ,
840 5222 915 5285 ὥς
959 5243 1117 5296 φασιν
1167 5227 1219 5279 οἱ
1262 5226 1661 5300 εύαγγελισταὶ,
1715 5226 1885 5299 μεγά·

237 5310 341 5379 λην
374 5308 786 5372 ἀποκαλοῦντες
810 5312 912 5379 τήν
941 5311 1145 5387 ἡμέραν
1174 5313 1382 5384 ἐκείνην
1431 5319 1527 5370 106
1581 5310 1884 5384 Σαϐὅάτου,

234 5399 464 5472 τετάρτῃ
514 5395 573 5452 δὶ
623 5403 722 5455 106
766 5400 1015 5474 Μαρτίου
1061 5403 1149 5455 καὶ
1197 5403 1434 5479 εἰκοστῇ.
1469 5408 1578 5474 Τῆς
1610 5403 1667 5458 δὶ
1704 5403 1888 5461 ἐπιού-

239 5506 336 5558 σης
386 5492 687 5562 Κυριακῆς,
739 5488 865 5559 ἥτις
911 5494 990 5561 τῷ
1032 5489 1180 5563 ἡλίῳ
1217 5492 1518 5569 ἀφώρισται
1572 5496 1886 5568 κατεζαίρε-

238 5595 351 5648 τον,
390 5576 484 5629 καὶ
542 5577 620 5639 εἷς
669 5580 773 5647 τήν
819 5576 1077 5650 πέμπτην
1123 5584 1211 5634 καί
1260 5580 1508 5650 εἰκοστήν
1569 5580 1886 5646 ἀκολούθως

240 5668 334 5720 106
384 5666 627 5742 Μαρτίου
673 5665 871 5737 ἐτέλει,
904 5669 933 5723 ὁ
968 5669 1164 5740 νοητὸς
1210 5676 1307 5739 τῆς
1349 5669 1696 5742 δικαιοσύνης
1726 5672 1889 5742 ἥλιος

244 5755 469 5828 Χριστὸς
523 5756 586 5812 ἐκ
641 5761 742 5813 106
794 5758 970 5835 τάφου
1029 5758 1319 5817 ἀνέτειλεν.
1379 5761 1527 5818 Ἐπεὶ
1598 5762 1777 5819 τοίνυν
1825 5764 1889 5821 τὸ

551 5859 819 5925 Panos.
867 5861 976 5925 Gn.
1021 5860 1243 5927 CXLV.

1988 2027 2142 2085 circa
2172 2026 2323 2099 quod
2366 2024 2618 2096 primum
2653 2021 2830 2077 homo
2867 2020 3066 2091 lapsus
3094 2022 3204 2085 est,
3243 2019 3415 2073 etiam
3466 2018 3626 2072 resti-

1982 2116 2266 2173 tutionem
2300 2115 2431 2185 ejus
2463 2110 2650 2181 parari
2689 2128 2701 2165 :
2736 2110 2854 2165 imo
2896 2124 3046 2173 vero,
3079 2108 3357 2179 quoniam
3392 2115 3509 2161 tum
3543 2106 3629 2159 lu-

1984 2222 2107 2263 cem
2144 2207 2367 2275 pietatis
2397 2217 2655 2259 crescere
2686 2200 3002 2271 Oportebat,
3051 2198 3431 2267 tenebrasque
3491 2200 3629 2250 adeo

1984 2293 2298 2367 impietatis
2329 2290 2618 2355 imminui,
2650 2288 2902 2344 salutare
2933 2285 3151 2342 Pascha
3209 2302 3320 2341 non
3378 2286 3501 2339 sine
3543 2302 3627 2338 ra-

1984 2384 2144 2441 tione
2174 2386 2305 2437 ante
2337 2379 2750 2452 equinoctium
2783 2377 3124 2441 celebratur,
3159 2376 3394 2446 quando
3427 2375 3633 2431 cmscit

1987 2473 2084 2529 lux
2111 2474 2338 2541 diurna,
2366 2474 2422 2525 et
2456 2467 2636 2524 noctis
2667 2468 3007 2521 decrescunt
3040 2466 3309 2520 tenebre.

2063 2757 2184 2807 Non
2228 2749 2437 2805 accidit
2493 2752 2684 2803 autem
2736 2746 3049 2817 quotannis
3115 2744 3346 2818 proprie
3403 2743 3623 2799 dictum

1991 2839 2211 2897 Pascha
2246 2855 2259 2892 :
2293 2854 2430 2894 nam
2478 2841 2541 2892 ut
2570 2836 2678 2890 hoc
2732 2835 2854 2903 flat,
2908 2834 3095 2890 multa
3136 2849 3253 2888 una
3298 2846 3636 2888 concurrere

1990 2931 2223 2986 debent.
2268 2927 2393 2983 Non
2451 2924 2643 2982 solum
2700 2923 2854 2979 enim
2917 2922 3262 2994 requisitum
3318 2922 3633 2992 quotannis

1992 3016 2398 3089 plenilunium,
2442 3015 2593 3085 quod
2626 3012 2751 3068 dies
2783 3012 3045 3067 decimus
3101 3015 3345 3083 quartus
3397 3010 3630 3081 prebet,

1990 3123 2122 3162 cum
2156 3104 2502 3174 aequinoctio
2549 3118 2891 3156 concurrere
2939 3117 3108 3172 opus,
3169 3100 3267 3154 sed
3327 3108 3384 3154 et
3432 3099 3628 3153 feriam

1990 3199 2208 3250 sextam
2259 3198 2316 3247 et
2367 3192 2521 3246 diem
2580 3189 2770 3244 Martii
2827 3191 3063 3243 tertium
3122 3193 3252 3260 post
3296 3186 3631 3241 vicesimum

1991 3281 2337 3346 coincidere,
2397 3284 2461 3334 ut
2515 3277 2830 3349 conjuncta
2881 3280 3002 3332 sint
3030 3275 3172 3331 adeo
3204 3279 3463 3345 tempora
3502 3289 3633 3328 cum

1992 3370 2217 3442 primus
2247 3366 2425 3423 Adam
2470 3371 2697 3420 creatus
2743 3369 2886 3431 erat,
2947 3369 3122 3435 atque
3171 3364 3324 3419 idem
3381 3361 3479 3417 ille
3535 3379 3637 3432 per

1989 3456 2309 3513 secundum
2334 3456 2616 3509 Adamum
2652 3454 2974 3509 restitutus.
3010 3451 3138 3507 Hasc
3170 3456 3362 3506 autem
3400 3466 3634 3521 perraro

1990 3564 2107 3601 uno
2138 3546 2456 3613 eodemque
2488 3546 2743 3613 tempore
2774 3540 3069 3611 obtingere
3111 3538 3321 3594 solent.
3365 3540 3549 3603 Quare
3578 3542 3635 3593 et

1992 3650 2220 3691 menses
2277 3630 2572 3702 adjectitii,
2635 3645 2783 3700 quos
2854 3629 3231 3683 introducunt
3286 3630 3632 3697 vocantque,

1992 3725 2143 3780 circa
2192 3730 2421 3791 tempus
2482 3718 2781 3775 Pascbatis
2831 3718 3182 3773 anomaliam
3241 3718 3494 3788 pariunt.
3547 3716 3635 3769 ln-

1993 3812 2197 3885 primie
2227 3812 2381 3866 enim
2451 3807 2802 3880 requirimus
2858 3808 2926 3862 ad
2986 3806 3236 3862 salutare
3294 3805 3538 3871 Pascha,
3574 3810 3636 3859 ut

1995 3904 2133 3957 luna
2162 3899 2389 3955 decima
2445 3906 2649 3969 quarta
2708 3902 2831 3968 post
2877 3894 3281 3965 aequinoctium
3317 3893 3633 3961 contingat.

1991 3990 2136 4046 Nam
2183 3988 2233 4043 si
2289 3986 2373 4042 vel
2425 3987 2736 4041 minimum
2791 3985 3169 4056 praecesserit,
3227 3982 3425 4038 volunt
3482 3981 3635 4051 leges

1992 4096 2169 4135 sacrm
2201 4077 2353 4148 apud
2389 4092 2493 4130 nos
2548 4089 2800 4129 mensem
2854 4072 3021 4128 illum
3085 4073 3343 4128 lunarem
3406 4072 3636 4143 penitus

1991 4167 2175 4237 rejici,
2233 4172 2289 4222 et
2345 4166 2415 4221 ad
2476 4165 2627 4219 diem
2705 4163 2998 4219 decimum
3057 4168 3333 4234 quartum
3418 4161 3637 4216 mensis

1992 4256 2291 4328 sequentis
2362 4256 2692 4326 procedere.
2752 4265 2928 4324 atque
3021 4253 3253 4308 demum
3343 4250 3637 4306 Dominica

1994 4345 2158 4418 prosi
2184 4363 2257 4400 na
2290 4345 2507 4401 Pascha
2568 4344 2876 4411 celebrare,
2906 4347 2965 4396 at
3019 4357 3149 4397 vero
3182 4358 3298 4397 una
3354 4357 3486 4397 eum
3542 4341 3640 4395 Ju-

1993 4436 2131 4491 dasis
2165 4434 2325 4489 nullo
2346 4435 2517 4489 modo
2546 4433 2755 4488 festum
2781 4448 2964 4501 agere.
2994 4430 3382 4497 Quamobrem
3409 4428 3633 4484 etiamsi

1989 4524 2292 4580 Iudaicum
2353 4521 2575 4578 Pascha
2630 4520 2687 4575 in
2747 4522 2900 4576 diem
2985 4520 3339 4575 Dominicam
3400 4518 3638 4584 incidat,

1993 4629 2097 4667 nos
2146 4611 2201 4666 in
2263 4609 2517 4681 proxime
2576 4614 2918 4680 sequentem
2978 4613 3235 4662 nostrum
3288 4606 3637 4669 differimus,

1994 4716 2120 4773 qus
2178 4699 2409 4769 quidem
2468 4714 2611 4768 pura
2658 4698 2729 4752 sit
2779 4714 2845 4752 ac
2900 4696 3155 4752 Judaicm
3219 4694 3638 4751 observationis

1993 4791 2193 4845 libera.
2227 4788 2381 4844 204
2412 4787 2694 4850 Quoniam
2731 4785 2906 4855 igitur
2946 4785 3038 4840 bis
3079 4785 3150 4838 de
3180 4784 3374 4839 causis
3404 4799 3613 4837 anoma

1994 4880 2072 4933 lia
2103 4878 2287 4933 oritur
2310 4876 2462 4931 circa
2494 4875 2699 4930 fastum
2747 4874 3043 4937 Paechale,
3077 4890 3110 4926 a
3158 4870 3386 4942 proprio
3418 4872 3637 4926 mensis

1995 4968 2088 5022 die
2119 4971 2184 5020 ut
2211 4964 2535 5037 plurimum
2596 4964 2956 5019 aberramus.
2990 4960 3276 5015 Sustinuit
3330 4960 3481 5014 enim
3534 4959 3642 5013 Du-

1996 5057 2191 5111 minus
2225 5053 2553 5125 passionem
2580 5051 2892 5107 salutarem
2955 5067 3107 5105 anno
3157 5049 3300 5103 5539
3348 5056 3639 5115 currente,

1995 5143 2115 5200 sole
2138 5147 2261 5198 tum
2307 5142 2377 5196 23
2416 5141 2641 5213 cyclum
2693 5147 3051 5207 transeunte,
3100 5136 3244 5193 luna
3297 5152 3431 5193 vero
3489 5137 3639 5189 deci-

1997 5249 2159 5288 mum
2187 5250 2202 5300 ;
2234 5241 2408 5303 atque
2435 5230 2615 5286 Judaei
2648 5230 2884 5301 quidem
2919 5229 3137 5283 Pascha
3166 5227 3479 5283 Judaicum
3510 5242 3639 5297 age-

2000 5324 2132 5379 bant
2163 5321 2501 5394 septimanes
2548 5320 2641 5375 die
2690 5319 2921 5384 ultima,
2966 5322 3030 5371 ut
3067 5322 3362 5373 testantur
3407 5332 3642 5386 evange-

1997 5411 2161 5478 listae,
2207 5411 2305 5482 qui
2358 5424 2628 5481 magnam
2678 5411 2883 5463 vocant
2930 5405 3082 5460 diem
3144 5405 3305 5461 illam
3360 5405 3637 5471 Sabbati;

1995 5501 2088 5556 die
2136 5518 2269 5557 vero
2319 5499 2506 5556 Martii
2546 5497 2816 5553 vicesima
2873 5500 3101 5566 quarta.
3168 5497 3305 5552 Dein
3367 5497 3641 5567 postridie

1995 5588 2339 5646 succedente
2369 5588 2692 5652 Dominica,
2725 5600 2851 5656 quae
2883 5584 2991 5640 soli
3018 5584 3229 5640 eximie
3252 5584 3640 5650 tribuebatur,

1996 5682 2055 5736 et
2109 5678 2168 5734 in
2225 5677 2568 5734 vicesimum
2627 5673 2896 5744 quintum
2956 5672 3146 5729 Martii
3223 5676 3644 5743 consequenter

1996 5767 2326 5836 desinebat,
2359 5760 2742 5838 intelligibilis
2769 5760 2870 5819 ille
2894 5761 3138 5834 joatitie
3172 5761 3257 5818 sol
3278 5760 3541 5817 Christus
3571 5761 3643 5817 de

3278 5859 3322 5943 3,
