  <div class='ocr_page' id='page_1' title='image "/cluster/home/n/w/nwhite01/storage/ocr_20150623/145/mdp.39015061167048/045.png"; bbox 0 0 4098 6332; ppageno 0'>
   <div class='ocr_carea' id='block_1_1' title="bbox 407 358 3809 465">
    <p class='ocr_par' dir='ltr' id='par_1_1' title="bbox 407 358 3809 465">
     <span class='ocr_line' id='line_1_1' title="bbox 407 358 3809 465; baseline -0.001 -26"><span class='ocrx_word' id='word_1_1' title='bbox 407 358 487 439; x_wconf 69' lang='lat'><strong>78</strong></span> <span class='ocrx_word' id='word_1_2' title='bbox 1492 457 1499 465; x_wconf 5' lang='grc' dir='ltr'><strong>γ</strong></span> <span class='ocrx_word' id='word_1_3' title='bbox 1682 364 2058 440; x_wconf 69' lang='grc' dir='ltr'><strong>ΜΔΤΤΗΙΕΙ</strong></span> <span class='ocrx_word' id='word_1_4' title='bbox 2100 367 2532 440; x_wconf 81' lang='lat' dir='ltr'><strong>BLASTARIS</strong></span> <span class='ocrx_word' id='word_1_5' title='bbox 3732 370 3809 439; x_wconf 83' lang='lat'>76</span> 
     </span>
    </p>
   </div>
   <div class='ocr_carea' id='block_1_2' title="bbox 407 507 2032 586">
    <p class='ocr_par' dir='ltr' id='par_1_2' title="bbox 407 507 2027 583">
     <span class='ocr_line' id='line_1_2' title="bbox 407 507 2027 583; baseline 0.001 -18"><span class='ocrx_word' id='word_1_6' title='bbox 407 509 676 582; x_wconf 85' lang='lat' dir='ltr'><strong>sepulcro</strong></span> <span class='ocrx_word' id='word_1_7' title='bbox 695 509 1082 566; x_wconf 83' lang='lat' dir='ltr'><strong>exoriebatur.</strong></span> <span class='ocrx_word' id='word_1_8' title='bbox 1106 509 1390 576; x_wconf 79' lang='lat' dir='ltr'><strong>Quoniam</strong></span> <span class='ocrx_word' id='word_1_9' title='bbox 1408 508 1587 582; x_wconf 80' lang='lat' dir='ltr'><strong>igitur</strong></span> <span class='ocrx_word' id='word_1_10' title='bbox 1603 507 1827 565; x_wconf 87' lang='lat' dir='ltr'><strong>Pascha</strong></span> <span class='ocrx_word' id='word_1_11' title='bbox 1843 509 2027 583; x_wconf 85' lang='lat' dir='ltr'><strong>legale</strong></span> 
     </span>
    </p>
   </div>
   <div class='ocr_carea' id='block_1_3' title="bbox 2143 507 3809 586">
    <p class='ocr_par' dir='ltr' id='par_1_3' title="bbox 2160 507 3809 586">
     <span class='ocr_line' id='line_1_3' title="bbox 2160 507 3809 586; baseline 0.002 -23"><span class='ocrx_word' id='word_1_12' title='bbox 2160 510 2413 582; x_wconf 86' lang='grc' dir='ltr'>νομικὸν,</span> <span class='ocrx_word' id='word_1_13' title='bbox 2463 509 2538 569; x_wconf 85' lang='grc' dir='ltr'>ὡς</span> <span class='ocrx_word' id='word_1_14' title='bbox 2595 507 2833 585; x_wconf 80' lang='grc' dir='ltr'>εἷ’ρηται,</span> <span class='ocrx_word' id='word_1_15' title='bbox 2893 510 3082 585; x_wconf 75' lang='grc' dir='ltr'>Πάσχα</span> <span class='ocrx_word' id='word_1_16' title='bbox 3143 508 3212 565; x_wconf 90' lang='grc' dir='ltr'>ιδ’</span> <span class='ocrx_word' id='word_1_17' title='bbox 3253 514 3346 581; x_wconf 77' lang='grc' dir='ltr'><strong>τῆς</strong></span> <span class='ocrx_word' id='word_1_18' title='bbox 3399 512 3638 583; x_wconf 79' lang='grc' dir='ltr'><strong>σελήνης</strong></span> <span class='ocrx_word' id='word_1_19' title='bbox 3692 514 3809 586; x_wconf 85' lang='grc' dir='ltr'>μετ’</span> 
     </span>
    </p>
   </div>
   <div class='ocr_carea' id='block_1_4' title="bbox 405 598 2050 675">
    <p class='ocr_par' dir='ltr' id='par_1_4' title="bbox 405 598 2050 675">
     <span class='ocr_line' id='line_1_4' title="bbox 405 598 2050 675; baseline 0.001 -21"><span class='ocrx_word' id='word_1_20' title='bbox 405 606 581 672; x_wconf 80' lang='lat' dir='ltr'><strong>quod,</strong></span> <span class='ocrx_word' id='word_1_21' title='bbox 613 610 672 654; x_wconf 92' lang='lat' dir='ltr'><strong>ut</strong></span> <span class='ocrx_word' id='word_1_22' title='bbox 694 600 917 655; x_wconf 90' lang='lat' dir='ltr'><strong>dictum</strong></span> <span class='ocrx_word' id='word_1_23' title='bbox 951 607 1058 675; x_wconf 84' lang='lat' dir='ltr'><strong>est,</strong></span> <span class='ocrx_word' id='word_1_24' title='bbox 1092 598 1315 656; x_wconf 89' lang='lat' dir='ltr'><strong>decima</strong></span> <span class='ocrx_word' id='word_1_25' title='bbox 1342 604 1546 670; x_wconf 83' lang='lat' dir='ltr'><strong>quarta</strong></span> <span class='ocrx_word' id='word_1_26' title='bbox 1569 600 1706 655; x_wconf 89' lang='lat' dir='ltr'><strong>luna</strong></span> <span class='ocrx_word' id='word_1_27' title='bbox 1731 604 1862 669; x_wconf 87' lang='lat' dir='ltr'><strong>post</strong></span> <span class='ocrx_word' id='word_1_28' title='bbox 1879 602 2050 672; x_wconf 75' lang='lat' dir='ltr'><strong>tequi-</strong></span> 
     </span>
    </p>
   </div>
   <div class='ocr_carea' id='block_1_5' title="bbox 406 688 2051 759">
    <p class='ocr_par' dir='ltr' id='par_1_5' title="bbox 406 688 2051 759">
     <span class='ocr_line' id='line_1_5' title="bbox 406 688 2051 759; baseline 0.001 -16"><span class='ocrx_word' id='word_1_29' title='bbox 406 688 663 744; x_wconf 89' lang='lat' dir='ltr'><strong>noctium</strong></span> <span class='ocrx_word' id='word_1_30' title='bbox 712 688 1049 756; x_wconf 76' lang='lat' dir='ltr'><strong>celebratur,</strong></span> <span class='ocrx_word' id='word_1_31' title='bbox 1100 705 1134 744; x_wconf 88' lang='lat' dir='ltr'><strong>a</strong></span> <span class='ocrx_word' id='word_1_32' title='bbox 1179 689 1274 744; x_wconf 89' lang='lat' dir='ltr'><strong>die</strong></span> <span class='ocrx_word' id='word_1_33' title='bbox 1315 688 1382 743; x_wconf 88' lang='grc'><strong>21</strong></span> <span class='ocrx_word' id='word_1_34' title='bbox 1423 688 1612 746; x_wconf 77' lang='lat' dir='ltr'><strong>Martii</strong></span> <span class='ocrx_word' id='word_1_35' title='bbox 1648 703 1837 759; x_wconf 88' lang='lat' dir='ltr'><strong>usque</strong></span> <span class='ocrx_word' id='word_1_36' title='bbox 1877 691 1949 744; x_wconf 89' lang='lat' dir='ltr'><strong>ad</strong></span> <span class='ocrx_word' id='word_1_37' title='bbox 1984 690 2051 745; x_wconf 93' lang='grc'><strong>18</strong></span> 
     </span>
    </p>
   </div>
   <div class='ocr_carea' id='block_1_6' title="bbox 403 776 2050 848">
    <p class='ocr_par' dir='ltr' id='par_1_6' title="bbox 403 776 2050 848">
     <span class='ocr_line' id='line_1_6' title="bbox 403 776 2050 848; baseline 0.001 -16"><span class='ocrx_word' id='word_1_38' title='bbox 403 776 617 848; x_wconf 80' lang='lat' dir='ltr'><strong>Aprilis</strong></span> <span class='ocrx_word' id='word_1_39' title='bbox 664 776 925 848; x_wconf 82' lang='lat' dir='ltr'><strong>divagari</strong></span> <span class='ocrx_word' id='word_1_40' title='bbox 981 777 1131 833; x_wconf 82' lang='lat' dir='ltr'><strong>solet</strong></span> <span class='ocrx_word' id='word_1_41' title='bbox 1177 793 1192 831; x_wconf 89' lang='lat'><strong>:</strong></span> <span class='ocrx_word' id='word_1_42' title='bbox 1245 781 1516 833; x_wconf 88' lang='lat' dir='ltr'><strong>nostrum</strong></span> <span class='ocrx_word' id='word_1_43' title='bbox 1563 792 1699 834; x_wconf 87' lang='lat' dir='ltr'><strong>vero</strong></span> <span class='ocrx_word' id='word_1_44' title='bbox 1748 776 2050 833; x_wconf 89' lang='lat' dir='ltr'><strong>Dominica</strong></span> 
     </span>
    </p>
   </div>
   <div class='ocr_carea' id='block_1_7' title="bbox 403 864 2049 936">
    <p class='ocr_par' dir='ltr' id='par_1_7' title="bbox 403 864 2049 936">
     <span class='ocr_line' id='line_1_7' title="bbox 403 864 2049 936; baseline 0.001 -15"><span class='ocrx_word' id='word_1_45' title='bbox 403 869 664 936; x_wconf 82' lang='lat' dir='ltr'><strong>proxime</strong></span> <span class='ocrx_word' id='word_1_46' title='bbox 710 869 984 936; x_wconf 83' lang='lat' dir='ltr'><strong>sequente</strong></span> <span class='ocrx_word' id='word_1_47' title='bbox 1028 865 1272 930; x_wconf 80' lang='lat' dir='ltr'><strong>obtinet,</strong></span> <span class='ocrx_word' id='word_1_48' title='bbox 1322 875 1494 936; x_wconf 90' lang='lat' dir='ltr'><strong>atque</strong></span> <span class='ocrx_word' id='word_1_49' title='bbox 1542 864 1719 922; x_wconf 89' lang='lat' dir='ltr'><strong>etiam</strong></span> <span class='ocrx_word' id='word_1_50' title='bbox 1770 865 1855 921; x_wconf 89' lang='lat' dir='ltr'><strong>sol</strong></span> <span class='ocrx_word' id='word_1_51' title='bbox 1915 882 2049 922; x_wconf 91' lang='lat' dir='ltr'><strong>cum</strong></span> 
     </span>
    </p>
   </div>
   <div class='ocr_carea' id='block_1_8' title="bbox 404 955 2052 1027">
    <p class='ocr_par' dir='ltr' id='par_1_8' title="bbox 404 955 2052 1027">
     <span class='ocr_line' id='line_1_8' title="bbox 404 955 2052 1027; baseline 0.001 -17"><span class='ocrx_word' id='word_1_52' title='bbox 404 956 633 1011; x_wconf 90' lang='lat' dir='ltr'><strong>dierum</strong></span> <span class='ocrx_word' id='word_1_53' title='bbox 663 961 790 1011; x_wconf 88' lang='lat' dir='ltr'><strong>tum</strong></span> <span class='ocrx_word' id='word_1_54' title='bbox 843 955 1298 1025; x_wconf 87' lang='lat' dir='ltr'><strong>septimanarum</strong></span> <span class='ocrx_word' id='word_1_55' title='bbox 1348 957 1563 1012; x_wconf 80' lang='lat' dir='ltr'><strong>arbiter</strong></span> <span class='ocrx_word' id='word_1_56' title='bbox 1612 955 1710 1024; x_wconf 90' lang='lat' dir='ltr'><strong>sit,</strong></span> <span class='ocrx_word' id='word_1_57' title='bbox 1751 957 2052 1027; x_wconf 89' lang='lat' dir='ltr'><strong>utriusque</strong></span> 
     </span>
    </p>
   </div>
   <div class='ocr_carea' id='block_1_9' title="bbox 403 1043 2049 1116">
    <p class='ocr_par' dir='ltr' id='par_1_9' title="bbox 403 1043 2049 1116">
     <span class='ocr_line' id='line_1_9' title="bbox 403 1043 2049 1116; baseline 0.001 -17"><span class='ocrx_word' id='word_1_58' title='bbox 403 1046 547 1100; x_wconf 90' lang='lat' dir='ltr'><strong>adeo</strong></span> <span class='ocrx_word' id='word_1_59' title='bbox 598 1043 908 1099; x_wconf 82' lang='lat' dir='ltr'><strong>luminaria</strong></span> <span class='ocrx_word' id='word_1_60' title='bbox 980 1043 1170 1114; x_wconf 83' lang='lat' dir='ltr'><strong>cyclos</strong></span> <span class='ocrx_word' id='word_1_61' title='bbox 1229 1049 1615 1116; x_wconf 88' lang='lat' dir='ltr'><strong>supputantes</strong></span> <span class='ocrx_word' id='word_1_62' title='bbox 1690 1046 2049 1116; x_wconf 88' lang='lat' dir='ltr'><strong>propositum</strong></span> 
     </span>
    </p>
   </div>
   <div class='ocr_carea' id='block_1_10' title="bbox 402 1132 2051 1205">
    <p class='ocr_par' dir='ltr' id='par_1_10' title="bbox 402 1132 2051 1205">
     <span class='ocr_line' id='line_1_10' title="bbox 402 1132 2051 1205; baseline 0.001 -17"><span class='ocrx_word' id='word_1_63' title='bbox 402 1134 657 1190; x_wconf 87' lang='lat' dir='ltr'><strong>t&#39;acilime</strong></span> <span class='ocrx_word' id='word_1_64' title='bbox 715 1133 1084 1205; x_wconf 88' lang='lat' dir='ltr'><strong>indagamus.</strong></span> <span class='ocrx_word' id='word_1_65' title='bbox 1143 1132 1446 1205; x_wconf 86' lang='lat' dir='ltr'><strong>ldpropter</strong></span> <span class='ocrx_word' id='word_1_66' title='bbox 1521 1133 1665 1205; x_wconf 83' lang='lat' dir='ltr'><strong>cycli</strong></span> <span class='ocrx_word' id='word_1_67' title='bbox 1737 1135 2051 1191; x_wconf 89' lang='lat' dir='ltr'><strong>constitue-</strong></span> 
     </span>
    </p>
   </div>
   <div class='ocr_carea' id='block_1_11' title="bbox 405 1223 2047 1296">
    <p class='ocr_par' dir='ltr' id='par_1_11' title="bbox 405 1223 2047 1296">
     <span class='ocr_line' id='line_1_11' title="bbox 405 1223 2047 1296; baseline 0.002 -18"><span class='ocrx_word' id='word_1_68' title='bbox 405 1224 614 1279; x_wconf 89' lang='lat' dir='ltr'><strong>bantur</strong></span> <span class='ocrx_word' id='word_1_69' title='bbox 641 1224 793 1279; x_wconf 73' lang='lat' dir='ltr'><strong>lunas</strong></span> <span class='ocrx_word' id='word_1_70' title='bbox 824 1224 1061 1294; x_wconf 88' lang='lat' dir='ltr'><strong>quidem</strong></span> <span class='ocrx_word' id='word_1_71' title='bbox 1091 1223 1182 1291; x_wconf 84' lang='lat'><strong>19,</strong></span> <span class='ocrx_word' id='word_1_72' title='bbox 1211 1225 1350 1279; x_wconf 91' lang='lat' dir='ltr'><strong>solis</strong></span> <span class='ocrx_word' id='word_1_73' title='bbox 1380 1239 1515 1280; x_wconf 88' lang='lat' dir='ltr'><strong>vero</strong></span> <span class='ocrx_word' id='word_1_74' title='bbox 1543 1224 1633 1278; x_wconf 88' lang='lat'><strong>28.</strong></span> <span class='ocrx_word' id='word_1_75' title='bbox 1666 1223 1820 1296; x_wconf 79' lang='lat' dir='ltr'><strong>Cycli</strong></span> <span class='ocrx_word' id='word_1_76' title='bbox 1852 1230 2047 1281; x_wconf 91' lang='lat' dir='ltr'><strong>autem</strong></span> 
     </span>
    </p>
   </div>
   <div class='ocr_carea' id='block_1_12' title="bbox 401 1311 2045 1383">
    <p class='ocr_par' dir='ltr' id='par_1_12' title="bbox 401 1311 2045 1383">
     <span class='ocr_line' id='line_1_12' title="bbox 401 1311 2045 1383; baseline 0.003 -19"><span class='ocrx_word' id='word_1_77' title='bbox 401 1316 550 1365; x_wconf 72' lang='lat' dir='ltr'><strong>tunsa</strong></span> <span class='ocrx_word' id='word_1_78' title='bbox 574 1330 607 1366; x_wconf 91' lang='lat' dir='ltr'><strong>a</strong></span> <span class='ocrx_word' id='word_1_79' title='bbox 634 1311 926 1377; x_wconf 81' lang='lat' dir='ltr'><strong>Januario,</strong></span> <span class='ocrx_word' id='word_1_80' title='bbox 958 1312 1124 1383; x_wconf 85' lang='lat' dir='ltr'><strong>quasi</strong></span> <span class='ocrx_word' id='word_1_81' title='bbox 1148 1312 1320 1381; x_wconf 81' lang='lat' dir='ltr'><strong>juxta</strong></span> <span class='ocrx_word' id='word_1_82' title='bbox 1346 1317 1557 1367; x_wconf 64' lang='lat' dir='ltr'><strong>naturae</strong></span> <span class='ocrx_word' id='word_1_83' title='bbox 1590 1311 1776 1381; x_wconf 81' lang='lat' dir='ltr'><strong>legem</strong></span> <span class='ocrx_word' id='word_1_84' title='bbox 1810 1313 2045 1369; x_wconf 90' lang='lat' dir='ltr'><strong>initium</strong></span> 
     </span>
    </p>
   </div>
   <div class='ocr_carea' id='block_1_13' title="bbox 400 1400 2046 1470">
    <p class='ocr_par' dir='ltr' id='par_1_13' title="bbox 400 1400 2046 1470">
     <span class='ocr_line' id='line_1_13' title="bbox 400 1400 2046 1470; baseline 0.001 -16"><span class='ocrx_word' id='word_1_85' title='bbox 400 1408 663 1468; x_wconf 84' lang='lat' dir='ltr'><strong>sumunt,</strong></span> <span class='ocrx_word' id='word_1_86' title='bbox 686 1400 765 1455; x_wconf 85' lang='lat' dir='ltr'><strong>ita</strong></span> <span class='ocrx_word' id='word_1_87' title='bbox 794 1409 853 1456; x_wconf 92' lang='lat' dir='ltr'><strong>et</strong></span> <span class='ocrx_word' id='word_1_88' title='bbox 882 1401 1327 1455; x_wconf 82' lang='lat' dir='ltr'><strong>fundamentum</strong></span> <span class='ocrx_word' id='word_1_89' title='bbox 1364 1401 1495 1470; x_wconf 87' lang='lat' dir='ltr'><strong>ejus</strong></span> <span class='ocrx_word' id='word_1_90' title='bbox 1519 1417 1534 1469; x_wconf 89' lang='lat'><strong>;</strong></span> <span class='ocrx_word' id='word_1_91' title='bbox 1558 1400 1700 1456; x_wconf 88' lang='lat' dir='ltr'><strong>solis</strong></span> <span class='ocrx_word' id='word_1_92' title='bbox 1730 1417 1864 1456; x_wconf 93' lang='lat' dir='ltr'><strong>vero</strong></span> <span class='ocrx_word' id='word_1_93' title='bbox 1901 1401 2046 1470; x_wconf 85' lang='lat' dir='ltr'><strong>cycli</strong></span> 
     </span>
    </p>
   </div>
   <div class='ocr_carea' id='block_1_14' title="bbox 399 1488 2045 1561">
    <p class='ocr_par' dir='ltr' id='par_1_14' title="bbox 399 1488 2045 1561">
     <span class='ocr_line' id='line_1_14' title="bbox 399 1488 2045 1561; baseline 0.001 -18"><span class='ocrx_word' id='word_1_94' title='bbox 399 1504 433 1543; x_wconf 88' lang='lat' dir='ltr'><strong>a</strong></span> <span class='ocrx_word' id='word_1_95' title='bbox 472 1488 755 1560; x_wconf 89' lang='lat' dir='ltr'><strong>principio</strong></span> <span class='ocrx_word' id='word_1_96' title='bbox 799 1489 1061 1544; x_wconf 87' lang='lat' dir='ltr'><strong>Octobris</strong></span> <span class='ocrx_word' id='word_1_97' title='bbox 1109 1489 1415 1560; x_wconf 90' lang='lat' dir='ltr'><strong>incipiunt.</strong></span> <span class='ocrx_word' id='word_1_98' title='bbox 1466 1489 1591 1545; x_wconf 90' lang='lat' dir='ltr'><strong>Non</strong></span> <span class='ocrx_word' id='word_1_99' title='bbox 1650 1495 1841 1547; x_wconf 82' lang='lat' dir='ltr'><strong>autem</strong></span> <span class='ocrx_word' id='word_1_100' title='bbox 1873 1491 2045 1561; x_wconf 92' lang='lat' dir='ltr'><strong>inop-</strong></span> 
     </span>
    </p>
   </div>
   <div class='ocr_carea' id='block_1_15' title="bbox 397 1578 2043 1649">
    <p class='ocr_par' dir='ltr' id='par_1_15' title="bbox 397 1578 2043 1649">
     <span class='ocr_line' id='line_1_15' title="bbox 397 1578 2043 1649; baseline 0.002 -17"><span class='ocrx_word' id='word_1_101' title='bbox 397 1583 715 1649; x_wconf 85' lang='lat' dir='ltr'><strong>portunum</strong></span> <span class='ocrx_word' id='word_1_102' title='bbox 739 1593 865 1633; x_wconf 88' lang='lat' dir='ltr'><strong>reor</strong></span> <span class='ocrx_word' id='word_1_103' title='bbox 895 1578 1070 1634; x_wconf 86' lang='lat' dir='ltr'><strong>etiam</strong></span> <span class='ocrx_word' id='word_1_104' title='bbox 1105 1579 1346 1634; x_wconf 88' lang='lat' dir='ltr'><strong>istarum</strong></span> <span class='ocrx_word' id='word_1_105' title='bbox 1391 1595 1587 1635; x_wconf 89' lang='lat' dir='ltr'><strong>rerum</strong></span> <span class='ocrx_word' id='word_1_106' title='bbox 1618 1595 1827 1636; x_wconf 83' lang='lat' dir='ltr'><strong>causas</strong></span> <span class='ocrx_word' id='word_1_107' title='bbox 1874 1596 2043 1636; x_wconf 85' lang='lat' dir='ltr'><strong>enar-</strong></span> 
     </span>
    </p>
   </div>
   <div class='ocr_carea' id='block_1_16' title="bbox 397 1683 549 1723">
    <p class='ocr_par' dir='ltr' id='par_1_16' title="bbox 397 1683 549 1723">
     <span class='ocr_line' id='line_1_16' title="bbox 397 1683 549 1723; baseline -0.007 -1"><span class='ocrx_word' id='word_1_108' title='bbox 397 1683 549 1723; x_wconf 87' lang='lat' dir='ltr'><strong>rare.</strong></span> 
     </span>
    </p>
   </div>
   <div class='ocr_carea' id='block_1_17' title="bbox 649 1803 1769 1877">
    <p class='ocr_par' dir='ltr' id='par_1_17' title="bbox 649 1803 1769 1877">
     <span class='ocr_line' id='line_1_17' title="bbox 649 1803 1769 1877; baseline -0.005 -15"><span class='ocrx_word' id='word_1_109' title='bbox 649 1806 830 1873; x_wconf 82' lang='lat' dir='ltr'><strong>Quare</strong></span> <span class='ocrx_word' id='word_1_110' title='bbox 848 1804 991 1877; x_wconf 80' lang='lat' dir='ltr'><strong>cycli</strong></span> <span class='ocrx_word' id='word_1_111' title='bbox 1029 1803 1249 1859; x_wconf 76' lang='lat' dir='ltr'><strong>lunares</strong></span> <span class='ocrx_word' id='word_1_112' title='bbox 1285 1806 1393 1859; x_wconf 76' lang='lat' dir='ltr'><strong>sint</strong></span> <span class='ocrx_word' id='word_1_113' title='bbox 1423 1820 1652 1860; x_wconf 85' lang='lat' dir='ltr'><strong>numero</strong></span> <span class='ocrx_word' id='word_1_114' title='bbox 1686 1805 1769 1859; x_wconf 82' lang='lat'><strong>19.</strong></span> 
     </span>
    </p>
   </div>
   <div class='ocr_carea' id='block_1_18' title="bbox 464 1937 2042 2010">
    <p class='ocr_par' dir='ltr' id='par_1_18' title="bbox 464 1937 2042 2010">
     <span class='ocr_line' id='line_1_18' title="bbox 464 1937 2042 2010; baseline 0.001 -16"><span class='ocrx_word' id='word_1_115' title='bbox 464 1940 548 1995; x_wconf 83' lang='lat' dir='ltr'><strong>Ad</strong></span> <span class='ocrx_word' id='word_1_116' title='bbox 584 1940 649 1994; x_wconf 90' lang='lat'><strong>19</strong></span> <span class='ocrx_word' id='word_1_117' title='bbox 677 1939 855 2009; x_wconf 75' lang='lat' dir='ltr'><strong>igitur</strong></span> <span class='ocrx_word' id='word_1_118' title='bbox 880 1937 1200 2010; x_wconf 71' lang='lat' dir='ltr'><strong>cyclilunm</strong></span> <span class='ocrx_word' id='word_1_119' title='bbox 1248 1953 1428 2008; x_wconf 84' lang='lat' dir='ltr'><strong>usque</strong></span> <span class='ocrx_word' id='word_1_120' title='bbox 1475 1940 1817 2005; x_wconf 86' lang='lat' dir='ltr'><strong>ascendunt,</strong></span> <span class='ocrx_word' id='word_1_121' title='bbox 1870 1945 2042 2009; x_wconf 87' lang='lat' dir='ltr'><strong>atque</strong></span> 
     </span>
    </p>
   </div>
   <div class='ocr_carea' id='block_1_19' title="bbox 397 2026 2040 2097">
    <p class='ocr_par' dir='ltr' id='par_1_19' title="bbox 397 2026 2040 2097">
     <span class='ocr_line' id='line_1_19' title="bbox 397 2026 2040 2097; baseline -0.001 -13"><span class='ocrx_word' id='word_1_122' title='bbox 397 2032 502 2085; x_wconf 85' lang='lat' dir='ltr'><strong>hac</strong></span> <span class='ocrx_word' id='word_1_123' title='bbox 533 2030 752 2084; x_wconf 84' lang='lat' dir='ltr'><strong>ratione</strong></span> <span class='ocrx_word' id='word_1_124' title='bbox 785 2028 1003 2083; x_wconf 85' lang='lat' dir='ltr'><strong>mensis</strong></span> <span class='ocrx_word' id='word_1_125' title='bbox 1034 2026 1254 2083; x_wconf 88' lang='lat' dir='ltr'><strong>lunaris</strong></span> <span class='ocrx_word' id='word_1_126' title='bbox 1278 2028 1445 2097; x_wconf 82' lang='lat' dir='ltr'><strong>juxta</strong></span> <span class='ocrx_word' id='word_1_127' title='bbox 1475 2028 1793 2083; x_wconf 87' lang='lat' dir='ltr'><strong>rotundum</strong></span> <span class='ocrx_word' id='word_1_128' title='bbox 1843 2028 2040 2084; x_wconf 86' lang='lat' dir='ltr'><strong>calcu-</strong></span> 
     </span>
    </p>
   </div>
   <div class='ocr_carea' id='block_1_20' title="bbox 395 2116 2037 2188">
    <p class='ocr_par' dir='ltr' id='par_1_20' title="bbox 395 2116 2037 2188">
     <span class='ocr_line' id='line_1_20' title="bbox 395 2116 2037 2188; baseline 0.001 -16"><span class='ocrx_word' id='word_1_129' title='bbox 395 2120 515 2174; x_wconf 90' lang='lat' dir='ltr'><strong>lum</strong></span> <span class='ocrx_word' id='word_1_130' title='bbox 547 2125 638 2174; x_wconf 88' lang='lat' dir='ltr'><strong>est</strong></span> <span class='ocrx_word' id='word_1_131' title='bbox 691 2119 916 2174; x_wconf 84' lang='lat' dir='ltr'><strong>dierum</strong></span> <span class='ocrx_word' id='word_1_132' title='bbox 973 2116 1044 2171; x_wconf 86' lang='lat'><strong>29</strong></span> <span class='ocrx_word' id='word_1_133' title='bbox 1098 2132 1233 2172; x_wconf 89' lang='lat' dir='ltr'><strong>cum</strong></span> <span class='ocrx_word' id='word_1_134' title='bbox 1290 2117 1531 2171; x_wconf 84' lang='lat' dir='ltr'><strong>semisse</strong></span> <span class='ocrx_word' id='word_1_135' title='bbox 1592 2134 1605 2170; x_wconf 90' lang='lat'>:</span> <span class='ocrx_word' id='word_1_136' title='bbox 1664 2118 1923 2188; x_wconf 82' lang='lat' dir='ltr'><strong>adeoque</strong></span> <span class='ocrx_word' id='word_1_137' title='bbox 1975 2121 2037 2174; x_wconf 84' lang='lat' dir='ltr'><strong>iu</strong></span> 
     </span>
    </p>
   </div>
   <div class='ocr_carea' id='block_1_21' title="bbox 395 2205 2038 2279">
    <p class='ocr_par' dir='ltr' id='par_1_21' title="bbox 395 2205 2038 2279">
     <span class='ocr_line' id='line_1_21' title="bbox 395 2205 2038 2279; baseline 0 -16"><span class='ocrx_word' id='word_1_138' title='bbox 395 2210 583 2279; x_wconf 86' lang='lat' dir='ltr'><strong>spatio</strong></span> <span class='ocrx_word' id='word_1_139' title='bbox 610 2224 805 2263; x_wconf 86' lang='lat' dir='ltr'><strong>annuo</strong></span> <span class='ocrx_word' id='word_1_140' title='bbox 834 2206 1139 2262; x_wconf 85' lang='lat' dir='ltr'><strong>duodecim</strong></span> <span class='ocrx_word' id='word_1_141' title='bbox 1179 2222 1408 2261; x_wconf 90' lang='lat' dir='ltr'><strong>menses</strong></span> <span class='ocrx_word' id='word_1_142' title='bbox 1439 2205 1675 2261; x_wconf 90' lang='lat' dir='ltr'><strong>lunares</strong></span> <span class='ocrx_word' id='word_1_143' title='bbox 1718 2207 2038 2263; x_wconf 77' lang='lat' dir='ltr'><strong>conficiunt</strong></span> 
     </span>
    </p>
   </div>
   <div class='ocr_carea' id='block_1_22' title="bbox 399 2294 2036 2369">
    <p class='ocr_par' dir='ltr' id='par_1_22' title="bbox 399 2294 2036 2369">
     <span class='ocr_line' id='line_1_22' title="bbox 399 2294 2036 2369; baseline 0.001 -16"><span class='ocrx_word' id='word_1_144' title='bbox 399 2298 673 2366; x_wconf 57' lang='lat' dir='ltr'><strong>dies351»,</strong></span> <span class='ocrx_word' id='word_1_145' title='bbox 704 2313 832 2369; x_wconf 70' lang='lat' dir='ltr'><strong>qua:</strong></span> <span class='ocrx_word' id='word_1_146' title='bbox 863 2313 896 2351; x_wconf 89' lang='lat' dir='ltr'><strong>a</strong></span> <span class='ocrx_word' id='word_1_147' title='bbox 936 2296 1044 2351; x_wconf 85' lang='lat'><strong>365</strong></span> <span class='ocrx_word' id='word_1_148' title='bbox 1090 2294 1297 2351; x_wconf 89' lang='lat' dir='ltr'><strong>diebus</strong></span> <span class='ocrx_word' id='word_1_149' title='bbox 1336 2311 1470 2350; x_wconf 88' lang='lat' dir='ltr'><strong>cum</strong></span> <span class='ocrx_word' id='word_1_150' title='bbox 1502 2297 1844 2365; x_wconf 85' lang='lat' dir='ltr'><strong>quadrante,</strong></span> <span class='ocrx_word' id='word_1_151' title='bbox 1887 2314 2036 2368; x_wconf 89' lang='lat' dir='ltr'><strong>quos</strong></span> 
     </span>
    </p>
   </div>
   <div class='ocr_carea' id='block_1_23' title="bbox 393 2385 2033 2455">
    <p class='ocr_par' dir='ltr' id='par_1_23' title="bbox 393 2385 2033 2455">
     <span class='ocr_line' id='line_1_23' title="bbox 393 2385 2033 2455; baseline 0 -13"><span class='ocrx_word' id='word_1_152' title='bbox 393 2386 480 2443; x_wconf 90' lang='lat' dir='ltr'><strong>sol</strong></span> <span class='ocrx_word' id='word_1_153' title='bbox 514 2395 664 2441; x_wconf 92' lang='lat' dir='ltr'><strong>motu</strong></span> <span class='ocrx_word' id='word_1_154' title='bbox 687 2401 792 2441; x_wconf 88' lang='lat' dir='ltr'><strong>suo</strong></span> <span class='ocrx_word' id='word_1_155' title='bbox 820 2402 1018 2440; x_wconf 89' lang='lat' dir='ltr'><strong>annuo</strong></span> <span class='ocrx_word' id='word_1_156' title='bbox 1058 2385 1298 2455; x_wconf 78' lang='lat' dir='ltr'><strong>peragit,</strong></span> <span class='ocrx_word' id='word_1_157' title='bbox 1331 2385 1540 2439; x_wconf 86' lang='lat' dir='ltr'><strong>diebus</strong></span> <span class='ocrx_word' id='word_1_158' title='bbox 1598 2385 1867 2440; x_wconf 86' lang='lat' dir='ltr'><strong>undecim</strong></span> <span class='ocrx_word' id='word_1_159' title='bbox 1900 2404 2033 2442; x_wconf 90' lang='lat' dir='ltr'><strong>cum</strong></span> 
     </span>
    </p>
   </div>
   <div class='ocr_carea' id='block_1_24' title="bbox 395 2472 2035 2547">
    <p class='ocr_par' dir='ltr' id='par_1_24' title="bbox 395 2472 2035 2547">
     <span class='ocr_line' id='line_1_24' title="bbox 395 2472 2035 2547; baseline -0.001 -16"><span class='ocrx_word' id='word_1_160' title='bbox 395 2479 718 2547; x_wconf 87' lang='lat' dir='ltr'><strong>quadrante</strong></span> <span class='ocrx_word' id='word_1_161' title='bbox 747 2473 1043 2530; x_wconf 78' lang='lat' dir='ltr'><strong>differunt.</strong></span> <span class='ocrx_word' id='word_1_162' title='bbox 1085 2472 1497 2529; x_wconf 86' lang='lat' dir='ltr'><strong>Novemdecim</strong></span> <span class='ocrx_word' id='word_1_163' title='bbox 1532 2477 1722 2528; x_wconf 87' lang='lat' dir='ltr'><strong>autem</strong></span> <span class='ocrx_word' id='word_1_164' title='bbox 1756 2475 2035 2532; x_wconf 89' lang='lat' dir='ltr'><strong>revolutio</strong></span> 
     </span>
    </p>
   </div>
   <div class='ocr_carea' id='block_1_25' title="bbox 396 2561 2034 2634">
    <p class='ocr_par' dir='ltr' id='par_1_25' title="bbox 396 2561 2034 2634">
     <span class='ocr_line' id='line_1_25' title="bbox 396 2561 2034 2634; baseline 0.001 -16"><span class='ocrx_word' id='word_1_165' title='bbox 396 2581 534 2619; x_wconf 86' lang='lat' dir='ltr'><strong>num</strong></span> <span class='ocrx_word' id='word_1_166' title='bbox 570 2566 846 2620; x_wconf 90' lang='lat' dir='ltr'><strong>solarium</strong></span> <span class='ocrx_word' id='word_1_167' title='bbox 877 2570 1129 2634; x_wconf 82' lang='lat' dir='ltr'><strong>tempus,</strong></span> <span class='ocrx_word' id='word_1_168' title='bbox 1185 2566 1339 2632; x_wconf 82' lang='lat' dir='ltr'><strong>quod</strong></span> <span class='ocrx_word' id='word_1_169' title='bbox 1398 2561 1520 2617; x_wconf 90' lang='lat' dir='ltr'><strong>dies</strong></span> <span class='ocrx_word' id='word_1_170' title='bbox 1569 2563 1805 2633; x_wconf 82' lang='lat' dir='ltr'><strong>quidem</strong></span> <span class='ocrx_word' id='word_1_171' title='bbox 1853 2563 2034 2621; x_wconf 80' lang='lat' dir='ltr'><strong>efﬁcit</strong></span> 
     </span>
    </p>
   </div>
   <div class='ocr_carea' id='block_1_26' title="bbox 393 2650 2033 2721">
    <p class='ocr_par' dir='ltr' id='par_1_26' title="bbox 393 2650 2033 2721">
     <span class='ocr_line' id='line_1_26' title="bbox 393 2650 2033 2721; baseline 0.001 -14"><span class='ocrx_word' id='word_1_172' title='bbox 393 2654 557 2721; x_wconf 82' lang='lat'>6939,</span> <span class='ocrx_word' id='word_1_173' title='bbox 617 2670 735 2709; x_wconf 85' lang='lat' dir='ltr'><strong>una</strong></span> <span class='ocrx_word' id='word_1_174' title='bbox 783 2669 914 2708; x_wconf 87' lang='lat' dir='ltr'><strong>cum</strong></span> <span class='ocrx_word' id='word_1_175' title='bbox 983 2654 1228 2706; x_wconf 87' lang='lat' dir='ltr'><strong>semisse</strong></span> <span class='ocrx_word' id='word_1_176' title='bbox 1283 2657 1342 2705; x_wconf 88' lang='lat' dir='ltr'><strong>et</strong></span> <span class='ocrx_word' id='word_1_177' title='bbox 1392 2650 1740 2720; x_wconf 83' lang='lat' dir='ltr'><strong>quadrante,</strong></span> <span class='ocrx_word' id='word_1_178' title='bbox 1800 2668 2033 2709; x_wconf 86' lang='lat' dir='ltr'><strong>menses</strong></span> 
     </span>
    </p>
   </div>
   <div class='ocr_carea' id='block_1_27' title="bbox 394 2739 2032 2809">
    <p class='ocr_par' dir='ltr' id='par_1_27' title="bbox 394 2739 2032 2809">
     <span class='ocr_line' id='line_1_27' title="bbox 394 2739 2032 2809; baseline -0.001 -13"><span class='ocrx_word' id='word_1_179' title='bbox 394 2743 694 2798; x_wconf 83' lang='lat' dir='ltr'><strong>duodecim</strong></span> <span class='ocrx_word' id='word_1_180' title='bbox 734 2744 970 2797; x_wconf 87' lang='lat' dir='ltr'><strong>lunares</strong></span> <span class='ocrx_word' id='word_1_181' title='bbox 1001 2741 1062 2796; x_wconf 90' lang='lat' dir='ltr'><strong>iu</strong></span> <span class='ocrx_word' id='word_1_182' title='bbox 1090 2739 1215 2802; x_wconf 89' lang='lat'><strong>328,</strong></span> <span class='ocrx_word' id='word_1_183' title='bbox 1248 2739 1516 2809; x_wconf 75' lang='lat' dir='ltr'><strong>explicat,</strong></span> <span class='ocrx_word' id='word_1_184' title='bbox 1549 2739 1667 2795; x_wconf 88' lang='lat' dir='ltr'><strong>sive</strong></span> <span class='ocrx_word' id='word_1_185' title='bbox 1715 2740 1838 2795; x_wconf 88' lang='lat' dir='ltr'><strong>dies</strong></span> <span class='ocrx_word' id='word_1_186' title='bbox 1868 2741 2032 2809; x_wconf 90' lang='lat'>6726,</span> 
     </span>
    </p>
   </div>
   <div class='ocr_carea' id='block_1_28' title="bbox 392 2828 2030 2903">
    <p class='ocr_par' dir='ltr' id='par_1_28' title="bbox 392 2828 2030 2903">
     <span class='ocr_line' id='line_1_28' title="bbox 392 2828 2030 2903; baseline 0.001 -18"><span class='ocrx_word' id='word_1_187' title='bbox 392 2842 564 2903; x_wconf 82' lang='lat' dir='ltr'><strong>atque</strong></span> <span class='ocrx_word' id='word_1_188' title='bbox 593 2833 835 2901; x_wconf 88' lang='lat' dir='ltr'><strong>insuper</strong></span> <span class='ocrx_word' id='word_1_189' title='bbox 862 2832 986 2885; x_wconf 90' lang='lat' dir='ltr'><strong>dies</strong></span> <span class='ocrx_word' id='word_1_190' title='bbox 1015 2846 1163 2900; x_wconf 89' lang='lat' dir='ltr'><strong>quos</strong></span> <span class='ocrx_word' id='word_1_191' title='bbox 1192 2828 1446 2884; x_wconf 81' lang='lat' dir='ltr'><strong>diximus</strong></span> <span class='ocrx_word' id='word_1_192' title='bbox 1477 2829 1804 2898; x_wconf 85' lang='lat' dir='ltr'><strong>superﬂuos</strong></span> <span class='ocrx_word' id='word_1_193' title='bbox 1827 2829 1946 2886; x_wconf 88' lang='lat' dir='ltr'><strong>sive</strong></span> <span class='ocrx_word' id='word_1_194' title='bbox 1969 2832 2030 2886; x_wconf 93' lang='lat'><strong>11</strong></span> 
     </span>
    </p>
   </div>
   <div class='ocr_carea' id='block_1_29' title="bbox 393 2918 2028 2992">
    <p class='ocr_par' dir='ltr' id='par_1_29' title="bbox 393 2918 2028 2992">
     <span class='ocr_line' id='line_1_29' title="bbox 393 2918 2028 2992; baseline 0.001 -16"><span class='ocrx_word' id='word_1_195' title='bbox 393 2937 526 2976; x_wconf 92' lang='lat' dir='ltr'><strong>cum</strong></span> <span class='ocrx_word' id='word_1_196' title='bbox 566 2922 884 2991; x_wconf 85' lang='lat' dir='ltr'><strong>quadrante</strong></span> <span class='ocrx_word' id='word_1_197' title='bbox 914 2920 972 2974; x_wconf 92' lang='lat' dir='ltr'><strong>in</strong></span> <span class='ocrx_word' id='word_1_198' title='bbox 1031 2919 1175 2975; x_wconf 85' lang='lat' dir='ltr'><strong>alios</strong></span> <span class='ocrx_word' id='word_1_199' title='bbox 1232 2934 1463 2974; x_wconf 89' lang='lat' dir='ltr'><strong>menses</strong></span> <span class='ocrx_word' id='word_1_200' title='bbox 1503 2918 1735 2975; x_wconf 86' lang='lat' dir='ltr'><strong>lunares</strong></span> <span class='ocrx_word' id='word_1_201' title='bbox 1782 2925 2028 2992; x_wconf 88' lang='lat' dir='ltr'><strong>septem,</strong></span> 
     </span>
    </p>
   </div>
   <div class='ocr_carea' id='block_1_30' title="bbox 394 3008 2031 3080">
    <p class='ocr_par' dir='ltr' id='par_1_30' title="bbox 394 3008 2031 3080">
     <span class='ocr_line' id='line_1_30' title="bbox 394 3008 2031 3080; baseline -0.001 -14"><span class='ocrx_word' id='word_1_202' title='bbox 394 3010 513 3066; x_wconf 87' lang='lat' dir='ltr'><strong>sive</strong></span> <span class='ocrx_word' id='word_1_203' title='bbox 558 3012 681 3065; x_wconf 87' lang='lat' dir='ltr'><strong>dies</strong></span> <span class='ocrx_word' id='word_1_204' title='bbox 736 3009 864 3076; x_wconf 86' lang='lat'>206,</span> <span class='ocrx_word' id='word_1_205' title='bbox 933 3023 1069 3063; x_wconf 90' lang='lat' dir='ltr'><strong>cum</strong></span> <span class='ocrx_word' id='word_1_206' title='bbox 1120 3008 1384 3063; x_wconf 85' lang='lat' dir='ltr'><strong>semisse.</strong></span> <span class='ocrx_word' id='word_1_207' title='bbox 1448 3008 1579 3063; x_wconf 85' lang='lat' dir='ltr'><strong>Dies</strong></span> <span class='ocrx_word' id='word_1_208' title='bbox 1630 3024 1763 3063; x_wconf 88' lang='lat' dir='ltr'><strong>vero</strong></span> <span class='ocrx_word' id='word_1_209' title='bbox 1812 3014 2031 3080; x_wconf 83' lang='lat' dir='ltr'><strong>septem</strong></span> 
     </span>
    </p>
   </div>
   <div class='ocr_carea' id='block_1_31' title="bbox 392 3097 2030 3171">
    <p class='ocr_par' dir='ltr' id='par_1_31' title="bbox 392 3097 2030 3171">
     <span class='ocr_line' id='line_1_31' title="bbox 392 3097 2030 3171; baseline 0.001 -17"><span class='ocrx_word' id='word_1_210' title='bbox 392 3116 525 3154; x_wconf 89' lang='lat' dir='ltr'><strong>cum</strong></span> <span class='ocrx_word' id='word_1_211' title='bbox 558 3101 897 3170; x_wconf 85' lang='lat' dir='ltr'><strong>quadrante,</strong></span> <span class='ocrx_word' id='word_1_212' title='bbox 932 3098 1032 3168; x_wconf 90' lang='lat' dir='ltr'><strong>qui</strong></span> <span class='ocrx_word' id='word_1_213' title='bbox 1061 3098 1250 3153; x_wconf 86' lang='lat' dir='ltr'><strong>adhuc</strong></span> <span class='ocrx_word' id='word_1_214' title='bbox 1298 3097 1650 3166; x_wconf 82' lang='lat' dir='ltr'><strong>redundant,</strong></span> <span class='ocrx_word' id='word_1_215' title='bbox 1698 3098 1757 3153; x_wconf 88' lang='lat' dir='ltr'><strong>in</strong></span> <span class='ocrx_word' id='word_1_216' title='bbox 1806 3099 2030 3171; x_wconf 86' lang='lat' dir='ltr'><strong>integro</strong></span> 
     </span>
    </p>
   </div>
   <div class='ocr_carea' id='block_1_32' title="bbox 394 3186 2034 3260">
    <p class='ocr_par' dir='ltr' id='par_1_32' title="bbox 394 3186 2034 3260">
     <span class='ocr_line' id='line_1_32' title="bbox 394 3186 2034 3260; baseline 0 -16"><span class='ocrx_word' id='word_1_217' title='bbox 394 3191 552 3260; x_wconf 81' lang='lat' dir='ltr'><strong>cyclo</strong></span> <span class='ocrx_word' id='word_1_218' title='bbox 583 3187 931 3244; x_wconf 87' lang='lat' dir='ltr'><strong>enneacaide</strong></span> <span class='ocrx_word' id='word_1_219' title='bbox 953 3186 1262 3243; x_wconf 91' lang='lat' dir='ltr'><strong>caeteridis</strong></span> <span class='ocrx_word' id='word_1_220' title='bbox 1277 3192 1686 3258; x_wconf 87' lang='lat' dir='ltr'><strong>supputantur,</strong></span> <span class='ocrx_word' id='word_1_221' title='bbox 1713 3196 1773 3242; x_wconf 89' lang='lat' dir='ltr'><strong>ut</strong></span> <span class='ocrx_word' id='word_1_222' title='bbox 1793 3204 1928 3244; x_wconf 86' lang='lat' dir='ltr'><strong>mox</strong></span> <span class='ocrx_word' id='word_1_223' title='bbox 1948 3206 2034 3244; x_wconf 86' lang='lat' dir='ltr'><strong>os—</strong></span> 
     </span>
    </p>
   </div>
   <div class='ocr_carea' id='block_1_33' title="bbox 2165 594 3808 675">
    <p class='ocr_par' dir='ltr' id='par_1_33' title="bbox 2165 594 3808 675">
     <span class='ocr_line' id='line_1_33' title="bbox 2165 594 3808 675; baseline 0.002 -25"><span class='ocrx_word' id='word_1_224' title='bbox 2165 596 2448 671; x_wconf 79' lang='grc' dir='ltr'>ἰσημερίαν</span> <span class='ocrx_word' id='word_1_225' title='bbox 2496 594 2753 668; x_wconf 78' lang='grc' dir='ltr'><strong>τελεῖται,</strong></span> <span class='ocrx_word' id='word_1_226' title='bbox 2783 598 2888 652; x_wconf 85' lang='grc' dir='ltr'>ἀπὸ</span> <span class='ocrx_word' id='word_1_227' title='bbox 2933 605 3032 668; x_wconf 78' lang='grc' dir='ltr'><strong>τῆς</strong></span> <span class='ocrx_word' id='word_1_228' title='bbox 3074 601 3154 653; x_wconf 79' lang='grc' dir='ltr'>κα¹</span> <span class='ocrx_word' id='word_1_229' title='bbox 3200 605 3296 655; x_wconf 74' lang='grc' dir='ltr'><strong>τοῦ</strong></span> <span class='ocrx_word' id='word_1_230' title='bbox 3342 601 3584 675; x_wconf 81' lang='grc' dir='ltr'>Μαρτίου</span> <span class='ocrx_word' id='word_1_231' title='bbox 3639 603 3808 674; x_wconf 78' lang='grc' dir='ltr'>μέχρι</span> 
     </span>
    </p>
   </div>
   <div class='ocr_carea' id='block_1_34' title="bbox 2158 686 3809 762">
    <p class='ocr_par' dir='ltr' id='par_1_34' title="bbox 2158 686 3809 762">
     <span class='ocr_line' id='line_1_34' title="bbox 2158 686 3809 762; baseline 0.002 -20"><span class='ocrx_word' id='word_1_232' title='bbox 2158 693 2258 756; x_wconf 76' lang='grc' dir='ltr'><strong>τῆς</strong></span> <span class='ocrx_word' id='word_1_233' title='bbox 2311 690 2385 758; x_wconf 87' lang='grc' dir='ltr'>ιη’</span> <span class='ocrx_word' id='word_1_234' title='bbox 2414 689 2512 741; x_wconf 79' lang='grc' dir='ltr'><strong>τοῦ</strong></span> <span class='ocrx_word' id='word_1_235' title='bbox 2542 686 2831 760; x_wconf 84' lang='grc' dir='ltr'>Ἀπριλίου</span> <span class='ocrx_word' id='word_1_236' title='bbox 2879 687 3070 749; x_wconf 82' lang='grc' dir='ltr'>εἰωθὸς</span> <span class='ocrx_word' id='word_1_237' title='bbox 3118 687 3434 762; x_wconf 80' lang='grc' dir='ltr'><strong>ἐμπίπτειν,</strong></span> <span class='ocrx_word' id='word_1_238' title='bbox 3464 690 3525 745; x_wconf 90' lang='grc' dir='ltr'>τὸ</span> <span class='ocrx_word' id='word_1_239' title='bbox 3574 688 3630 744; x_wconf 73' lang='grc' dir='ltr'>δὲ</span> <span class='ocrx_word' id='word_1_240' title='bbox 3670 689 3809 761; x_wconf 74' lang='grc' dir='ltr'><strong>ἡμέο</strong></span> 
     </span>
    </p>
   </div>
   <div class='ocr_carea' id='block_1_35' title="bbox 2158 774 3807 855">
    <p class='ocr_par' dir='ltr' id='par_1_35' title="bbox 2158 774 3807 855">
     <span class='ocr_line' id='line_1_35' title="bbox 2158 774 3807 855; baseline 0.004 -27"><span class='ocrx_word' id='word_1_241' title='bbox 2158 794 2311 851; x_wconf 80' lang='grc' dir='ltr'>τερον</span> <span class='ocrx_word' id='word_1_242' title='bbox 2366 779 2434 849; x_wconf 82' lang='grc' dir='ltr'><strong>τῇ</strong></span> <span class='ocrx_word' id='word_1_243' title='bbox 2494 776 2625 849; x_wconf 81' lang='grc' dir='ltr'>μετὰ</span> <span class='ocrx_word' id='word_1_244' title='bbox 2671 781 2837 832; x_wconf 75' lang='grc' dir='ltr'>τοῦτο</span> <span class='ocrx_word' id='word_1_245' title='bbox 2873 780 3141 854; x_wconf 80' lang='grc' dir='ltr'>Κυριακῇ,</span> <span class='ocrx_word' id='word_1_246' title='bbox 3192 774 3531 855; x_wconf 85' lang='grc' dir='ltr'>δημιουργὸς</span> <span class='ocrx_word' id='word_1_247' title='bbox 3582 776 3641 834; x_wconf 73' lang='grc' dir='ltr'>δὲ</span> <span class='ocrx_word' id='word_1_248' title='bbox 3696 782 3807 834; x_wconf 87' lang='grc' dir='ltr'><strong>τῶν</strong></span> 
     </span>
    </p>
   </div>
   <div class='ocr_carea' id='block_1_36' title="bbox 2159 861 3809 947">
    <p class='ocr_par' dir='ltr' id='par_1_36' title="bbox 2159 861 3809 947">
     <span class='ocr_line' id='line_1_36' title="bbox 2159 861 3809 947; baseline 0 -28"><span class='ocrx_word' id='word_1_249' title='bbox 2159 866 2383 938; x_wconf 73' lang='grc' dir='ltr'>ἡμερῶν</span> <span class='ocrx_word' id='word_1_250' title='bbox 2414 886 2472 920; x_wconf 91' lang='grc' dir='ltr'><strong>τε</strong></span> <span class='ocrx_word' id='word_1_251' title='bbox 2499 865 2589 920; x_wconf 82' lang='grc' dir='ltr'>καὶ</span> <span class='ocrx_word' id='word_1_252' title='bbox 2642 861 2961 939; x_wconf 74' lang='grc' dir='ltr'>ἒϐδομάτων</span> <span class='ocrx_word' id='word_1_253' title='bbox 3014 869 3042 921; x_wconf 90' lang='grc' dir='ltr'>ὁ</span> <span class='ocrx_word' id='word_1_254' title='bbox 3070 865 3280 937; x_wconf 58' lang='grc' dir='ltr'>ἣλιος,</span> <span class='ocrx_word' id='word_1_255' title='bbox 3313 867 3638 947; x_wconf 71' lang='grc' dir='ltr'><strong>ἀμφοτέρων</strong></span> <span class='ocrx_word' id='word_1_256' title='bbox 3696 872 3809 923; x_wconf 89' lang='grc' dir='ltr'><strong>τῶν</strong></span> 
     </span>
    </p>
   </div>
   <div class='ocr_carea' id='block_1_37' title="bbox 2161 952 3805 1035">
    <p class='ocr_par' dir='ltr' id='par_1_37' title="bbox 2161 952 3805 1035">
     <span class='ocr_line' id='line_1_37' title="bbox 2161 952 3805 1035; baseline 0.002 -26"><span class='ocrx_word' id='word_1_257' title='bbox 2161 954 2354 1031; x_wconf 69' lang='grc' dir='ltr'>φώτων</span> <span class='ocrx_word' id='word_1_258' title='bbox 2383 955 2512 1017; x_wconf 81' lang='grc' dir='ltr'>τοὺς</span> <span class='ocrx_word' id='word_1_259' title='bbox 2542 952 2777 1017; x_wconf 79' lang='grc' dir='ltr'><strong>κύκλους</strong></span> <span class='ocrx_word' id='word_1_260' title='bbox 2819 952 3309 1035; x_wconf 83' lang='grc' dir='ltr'>διαμετρούμενος,</span> <span class='ocrx_word' id='word_1_261' title='bbox 3337 960 3400 1012; x_wconf 88' lang='grc' dir='ltr'>τὸ</span> <span class='ocrx_word' id='word_1_262' title='bbox 3450 958 3805 1031; x_wconf 86' lang='grc' dir='ltr'>προκείμενον</span> 
     </span>
    </p>
   </div>
   <div class='ocr_carea' id='block_1_38' title="bbox 2158 1042 3804 1120">
    <p class='ocr_par' dir='ltr' id='par_1_38' title="bbox 2158 1042 3804 1120">
     <span class='ocr_line' id='line_1_38' title="bbox 2158 1042 3804 1120; baseline 0.003 -23"><span class='ocrx_word' id='word_1_263' title='bbox 2158 1042 2219 1098; x_wconf 85' lang='grc' dir='ltr'>ἐκ</span> <span class='ocrx_word' id='word_1_264' title='bbox 2271 1048 2368 1097; x_wconf 72' lang='grc' dir='ltr'><strong>τοῦ</strong></span> <span class='ocrx_word' id='word_1_265' title='bbox 2427 1042 2628 1119; x_wconf 74' lang='grc' dir='ltr'>ῥᾷστου</span> <span class='ocrx_word' id='word_1_266' title='bbox 2678 1046 2955 1119; x_wconf 82' lang='grc' dir='ltr'>θηρῶμεν.</span> <span class='ocrx_word' id='word_1_267' title='bbox 2992 1043 3197 1101; x_wconf 62' lang='grc' dir='ltr'>Κύκλοι</span> <span class='ocrx_word' id='word_1_268' title='bbox 3226 1045 3404 1101; x_wconf 84' lang='grc' dir='ltr'>τοίνυν</span> <span class='ocrx_word' id='word_1_269' title='bbox 3435 1046 3687 1117; x_wconf 79' lang='grc' dir='ltr'><strong>ἐτέθησαν</strong></span> <span class='ocrx_word' id='word_1_270' title='bbox 3733 1049 3804 1120; x_wconf 77' lang='grc' dir='ltr'><strong>τῇ</strong></span> 
     </span>
    </p>
   </div>
   <div class='ocr_carea' id='block_1_39' title="bbox 2161 1131 3806 1209">
    <p class='ocr_par' dir='ltr' id='par_1_39' title="bbox 2161 1131 3806 1209">
     <span class='ocr_line' id='line_1_39' title="bbox 2161 1131 3806 1209; baseline 0.003 -23"><span class='ocrx_word' id='word_1_271' title='bbox 2161 1132 2255 1205; x_wconf 74' lang='grc' dir='ltr'>μὲν</span> <span class='ocrx_word' id='word_1_272' title='bbox 2285 1132 2488 1207; x_wconf 76' lang='grc' dir='ltr'>σελήνῃ</span> <span class='ocrx_word' id='word_1_273' title='bbox 2527 1135 2608 1201; x_wconf 80' lang='grc' dir='ltr'><strong>ιϐ’,</strong></span> <span class='ocrx_word' id='word_1_274' title='bbox 2641 1133 2784 1188; x_wconf 85' lang='grc' dir='ltr'>ὀκτὼ</span> <span class='ocrx_word' id='word_1_275' title='bbox 2818 1131 2993 1189; x_wconf 76' lang='grc' dir='ltr'>δὲκαὶ</span> <span class='ocrx_word' id='word_1_276' title='bbox 3041 1132 3218 1190; x_wconf 75' lang='grc' dir='ltr'>ε’ίκοσι</span> <span class='ocrx_word' id='word_1_277' title='bbox 3264 1139 3344 1207; x_wconf 84' lang='grc' dir='ltr'><strong>τῷ</strong></span> <span class='ocrx_word' id='word_1_278' title='bbox 3394 1134 3544 1209; x_wconf 80' lang='grc' dir='ltr'>ἡλίῳ</span> <span class='ocrx_word' id='word_1_279' title='bbox 3572 1153 3586 1167; x_wconf 82' lang='grc'><strong><em>⁸</em></strong></span> <span class='ocrx_word' id='word_1_280' title='bbox 3619 1134 3806 1191; x_wconf 78' lang='grc' dir='ltr'>κάκεῖ-</span> 
     </span>
    </p>
   </div>
   <div class='ocr_carea' id='block_1_40' title="bbox 2153 1222 3804 1301">
    <p class='ocr_par' dir='ltr' id='par_1_40' title="bbox 2153 1222 3804 1301">
     <span class='ocr_line' id='line_1_40' title="bbox 2153 1222 3804 1301; baseline 0.002 -26"><span class='ocrx_word' id='word_1_281' title='bbox 2153 1243 2240 1277; x_wconf 90' lang='grc' dir='ltr'><strong>νοι</strong></span> <span class='ocrx_word' id='word_1_282' title='bbox 2292 1224 2387 1295; x_wconf 73' lang='grc' dir='ltr'>μὲν</span> <span class='ocrx_word' id='word_1_283' title='bbox 2437 1222 2544 1277; x_wconf 78' lang='grc' dir='ltr'>ἀπὸ</span> <span class='ocrx_word' id='word_1_284' title='bbox 2583 1226 2681 1278; x_wconf 80' lang='grc' dir='ltr'><strong>τοῦ</strong></span> <span class='ocrx_word' id='word_1_285' title='bbox 2717 1224 3057 1298; x_wconf 79' lang='grc' dir='ltr'>Ἰανουαρίου</span> <span class='ocrx_word' id='word_1_286' title='bbox 3092 1223 3244 1299; x_wconf 82' lang='grc' dir='ltr'>νόμῳ</span> <span class='ocrx_word' id='word_1_287' title='bbox 3276 1226 3484 1301; x_wconf 76' lang='grc' dir='ltr'>φύσεως</span> <span class='ocrx_word' id='word_1_288' title='bbox 3516 1223 3804 1300; x_wconf 75' lang='grc' dir='ltr'>ἄρχονται,</span> 
     </span>
    </p>
   </div>
   <div class='ocr_carea' id='block_1_41' title="bbox 2157 1308 3807 1389">
    <p class='ocr_par' dir='ltr' id='par_1_41' title="bbox 2157 1308 3807 1389">
     <span class='ocr_line' id='line_1_41' title="bbox 2157 1308 3807 1389; baseline 0.002 -24"><span class='ocrx_word' id='word_1_289' title='bbox 2157 1311 2338 1384; x_wconf 81' lang='grc' dir='ltr'>ὥσπερ</span> <span class='ocrx_word' id='word_1_290' title='bbox 2366 1308 2430 1380; x_wconf 72' lang='grc' dir='ltr'>δὴ</span> <span class='ocrx_word' id='word_1_291' title='bbox 2463 1311 2551 1366; x_wconf 79' lang='grc' dir='ltr'><strong>καὶ</strong></span> <span class='ocrx_word' id='word_1_292' title='bbox 2586 1314 2614 1369; x_wconf 85' lang='grc' dir='ltr'><strong>ὁ</strong></span> <span class='ocrx_word' id='word_1_293' title='bbox 2643 1311 2842 1383; x_wconf 78' lang='grc' dir='ltr'>ταύτης</span> <span class='ocrx_word' id='word_1_294' title='bbox 2878 1313 3136 1387; x_wconf 71' lang='grc' dir='ltr'>θεμέλιος</span> <span class='ocrx_word' id='word_1_295' title='bbox 3161 1332 3176 1347; x_wconf 79' lang='grc'><strong><em>⁸</em></strong></span> <span class='ocrx_word' id='word_1_296' title='bbox 3209 1314 3261 1368; x_wconf 78' lang='grc' dir='ltr'>οἱ</span> <span class='ocrx_word' id='word_1_297' title='bbox 3294 1311 3351 1368; x_wconf 80' lang='grc' dir='ltr'><strong>δέ</strong></span> <span class='ocrx_word' id='word_1_298' title='bbox 3392 1334 3454 1389; x_wconf 81' lang='grc' dir='ltr'><strong>γε</strong></span> <span class='ocrx_word' id='word_1_299' title='bbox 3507 1318 3603 1369; x_wconf 79' lang='grc' dir='ltr'><strong>τοῦ</strong></span> <span class='ocrx_word' id='word_1_300' title='bbox 3637 1312 3807 1383; x_wconf 80' lang='grc' dir='ltr'>ἡλίου</span> 
     </span>
    </p>
   </div>
   <div class='ocr_carea' id='block_1_42' title="bbox 2155 1396 3802 1481">
    <p class='ocr_par' dir='ltr' id='par_1_42' title="bbox 2155 1396 3802 1481">
     <span class='ocr_line' id='line_1_42' title="bbox 2155 1396 3802 1481; baseline 0.002 -28"><span class='ocrx_word' id='word_1_301' title='bbox 2155 1401 2253 1468; x_wconf 74' lang='grc' dir='ltr'>τὴν</span> <span class='ocrx_word' id='word_1_302' title='bbox 2290 1402 2468 1475; x_wconf 70' lang='grc' dir='ltr'>ἀρχὴν</span> <span class='ocrx_word' id='word_1_303' title='bbox 2517 1404 2612 1455; x_wconf 76' lang='grc' dir='ltr'>τοῦ</span> <span class='ocrx_word' id='word_1_304' title='bbox 2664 1396 3005 1475; x_wconf 76' lang='grc' dir='ltr'>Ὀκτωϐρίου</span> <span class='ocrx_word' id='word_1_305' title='bbox 3063 1396 3225 1476; x_wconf 76' lang='grc' dir='ltr'>ἔσχον</span> <span class='ocrx_word' id='word_1_306' title='bbox 3268 1402 3486 1481; x_wconf 66' lang='grc' dir='ltr'><strong>ἀρχήν⁸</strong></span> <span class='ocrx_word' id='word_1_307' title='bbox 3519 1400 3802 1477; x_wconf 81' lang='grc' dir='ltr'>οὐδέτερον</span> 
     </span>
    </p>
   </div>
   <div class='ocr_carea' id='block_1_43' title="bbox 2157 1487 3808 1569">
    <p class='ocr_par' dir='ltr' id='par_1_43' title="bbox 2157 1487 3808 1569">
     <span class='ocr_line' id='line_1_43' title="bbox 2157 1487 3808 1569; baseline 0.001 -25"><span class='ocrx_word' id='word_1_308' title='bbox 2157 1487 2376 1563; x_wconf 83' lang='grc' dir='ltr'>ἀλόγως</span> <span class='ocrx_word' id='word_1_309' title='bbox 2410 1490 2584 1563; x_wconf 72' lang='grc' dir='ltr'>οἶμαι,</span> <span class='ocrx_word' id='word_1_310' title='bbox 2619 1489 2664 1544; x_wconf 80' lang='grc' dir='ltr'>εἷ</span> <span class='ocrx_word' id='word_1_311' title='bbox 2696 1490 2785 1544; x_wconf 79' lang='grc' dir='ltr'><strong>καὶ</strong></span> <span class='ocrx_word' id='word_1_312' title='bbox 2816 1491 2914 1554; x_wconf 79' lang='grc' dir='ltr'><strong>τὰς</strong></span> <span class='ocrx_word' id='word_1_313' title='bbox 2941 1489 3116 1554; x_wconf 77' lang='grc' dir='ltr'>αἰτίας</span> <span class='ocrx_word' id='word_1_314' title='bbox 3147 1490 3357 1546; x_wconf 83' lang='grc' dir='ltr'>τούτων</span> <span class='ocrx_word' id='word_1_315' title='bbox 3405 1487 3563 1569; x_wconf 82' lang='grc' dir='ltr'>ἔργον</span> <span class='ocrx_word' id='word_1_316' title='bbox 3598 1489 3808 1561; x_wconf 78' lang='grc' dir='ltr'>διεξελ-</span> 
     </span>
    </p>
   </div>
   <div class='ocr_carea' id='block_1_44' title="bbox 2157 1580 2291 1635">
    <p class='ocr_par' dir='ltr' id='par_1_44' title="bbox 2157 1580 2291 1635">
     <span class='ocr_line' id='line_1_44' title="bbox 2157 1580 2291 1635; baseline 0.015 -2"><span class='ocrx_word' id='word_1_317' title='bbox 2157 1580 2291 1635; x_wconf 83' lang='grc' dir='ltr'>θεῖν.</span> 
     </span>
    </p>
   </div>
   <div class='ocr_carea' id='block_1_45' title="bbox 2329 1803 3624 1878">
    <p class='ocr_par' dir='ltr' id='par_1_45' title="bbox 2329 1803 3624 1878">
     <span class='ocr_line' id='line_1_45' title="bbox 2329 1803 3624 1878; baseline 0.003 -21"><span class='ocrx_word' id='word_1_318' title='bbox 2329 1805 2451 1865; x_wconf 82' lang='grc' dir='ltr'><strong>Διὰ</strong></span> <span class='ocrx_word' id='word_1_319' title='bbox 2489 1803 2552 1859; x_wconf 87' lang='grc' dir='ltr'><strong>τί</strong></span> <span class='ocrx_word' id='word_1_320' title='bbox 2594 1807 2671 1858; x_wconf 77' lang='grc' dir='ltr'><strong>ιϐ’</strong></span> <span class='ocrx_word' id='word_1_321' title='bbox 2711 1813 2827 1875; x_wconf 87' lang='grc' dir='ltr'><strong>τῆς</strong></span> <span class='ocrx_word' id='word_1_322' title='bbox 2867 1807 3157 1878; x_wconf 77' lang='grc' dir='ltr'>σελήνης</span> <span class='ocrx_word' id='word_1_323' title='bbox 3195 1806 3327 1861; x_wconf 78' lang='grc' dir='ltr'>εἶσὶ</span> <span class='ocrx_word' id='word_1_324' title='bbox 3364 1804 3624 1861; x_wconf 80' lang='grc' dir='ltr'>κύκλοι.</span> 
     </span>
    </p>
   </div>
   <div class='ocr_carea' id='block_1_46' title="bbox 2221 1935 3803 2016">
    <p class='ocr_par' dir='ltr' id='par_1_46' title="bbox 2221 1935 3803 2016">
     <span class='ocr_line' id='line_1_46' title="bbox 2221 1935 3803 2016; baseline -0.001 -21"><span class='ocrx_word' id='word_1_325' title='bbox 2221 1939 2401 2016; x_wconf 76' lang='grc' dir='ltr'>Μέχρι</span> <span class='ocrx_word' id='word_1_326' title='bbox 2436 1942 2531 2013; x_wconf 74' lang='grc' dir='ltr'>μὲν</span> <span class='ocrx_word' id='word_1_327' title='bbox 2564 1939 2653 1996; x_wconf 77' lang='grc' dir='ltr'>οὖν</span> <span class='ocrx_word' id='word_1_328' title='bbox 2684 1945 2792 1996; x_wconf 90' lang='grc' dir='ltr'><strong>τῶν</strong></span> <span class='ocrx_word' id='word_1_329' title='bbox 2825 1945 2888 2007; x_wconf 83' lang='grc' dir='ltr'><strong>ιθ’</strong></span> <span class='ocrx_word' id='word_1_330' title='bbox 2919 1944 2970 1997; x_wconf 76' lang='grc' dir='ltr'>οἱ</span> <span class='ocrx_word' id='word_1_331' title='bbox 3020 1949 3118 2011; x_wconf 83' lang='grc' dir='ltr'><strong>τῆς</strong></span> <span class='ocrx_word' id='word_1_332' title='bbox 3169 1942 3404 2013; x_wconf 73' lang='grc' dir='ltr'>σελήνης</span> <span class='ocrx_word' id='word_1_333' title='bbox 3442 1935 3803 2010; x_wconf 77' lang='grc' dir='ltr'>ἀναϐιϐάζον-</span> 
     </span>
    </p>
   </div>
   <div class='ocr_carea' id='block_1_47' title="bbox 2146 2026 3802 2107">
    <p class='ocr_par' dir='ltr' id='par_1_47' title="bbox 2146 2026 3802 2107">
     <span class='ocr_line' id='line_1_47' title="bbox 2146 2026 3802 2107; baseline 0.007 -27"><span class='ocrx_word' id='word_1_334' title='bbox 2146 2048 2233 2082; x_wconf 89' lang='grc' dir='ltr'>ται</span> <span class='ocrx_word' id='word_1_335' title='bbox 2266 2027 2462 2083; x_wconf 79' lang='grc' dir='ltr'>κόκλοι</span> <span class='ocrx_word' id='word_1_336' title='bbox 2485 2049 2496 2062; x_wconf 90' lang='grc'><strong>·</strong></span> <span class='ocrx_word' id='word_1_337' title='bbox 2540 2026 2628 2084; x_wconf 71' lang='grc' dir='ltr'><strong>διὰ</strong></span> <span class='ocrx_word' id='word_1_338' title='bbox 2656 2034 2847 2085; x_wconf 74' lang='grc' dir='ltr'>τοῦτον</span> <span class='ocrx_word' id='word_1_339' title='bbox 2879 2033 2972 2087; x_wconf 89' lang='grc' dir='ltr'>τὸν</span> <span class='ocrx_word' id='word_1_340' title='bbox 3022 2033 3225 2107; x_wconf 84' lang='grc' dir='ltr'>τρόπον</span> <span class='ocrx_word' id='word_1_341' title='bbox 3256 2033 3284 2086; x_wconf 82' lang='grc' dir='ltr'>ὁ</span> <span class='ocrx_word' id='word_1_342' title='bbox 3317 2030 3639 2102; x_wconf 80' lang='grc' dir='ltr'>σεληνιακὸς</span> <span class='ocrx_word' id='word_1_343' title='bbox 3686 2032 3802 2103; x_wconf 70' lang='grc' dir='ltr'>μὴν</span> 
     </span>
    </p>
   </div>
   <div class='ocr_carea' id='block_1_48' title="bbox 2144 2114 3799 2198">
    <p class='ocr_par' dir='ltr' id='par_1_48' title="bbox 2144 2114 3799 2198">
     <span class='ocr_line' id='line_1_48' title="bbox 2144 2114 3799 2198; baseline 0.002 -28"><span class='ocrx_word' id='word_1_344' title='bbox 2144 2114 2300 2183; x_wconf 84' lang='grc' dir='ltr'>τέως,</span> <span class='ocrx_word' id='word_1_345' title='bbox 2334 2117 2469 2172; x_wconf 82' lang='grc' dir='ltr'>κατὰ</span> <span class='ocrx_word' id='word_1_346' title='bbox 2523 2120 2583 2173; x_wconf 89' lang='grc' dir='ltr'>τὸ</span> <span class='ocrx_word' id='word_1_347' title='bbox 2641 2120 2964 2198; x_wconf 82' lang='grc' dir='ltr'>πρόχειρον,</span> <span class='ocrx_word' id='word_1_348' title='bbox 3025 2118 3095 2175; x_wconf 84' lang='grc' dir='ltr'><strong>δι’</strong></span> <span class='ocrx_word' id='word_1_349' title='bbox 3156 2123 3378 2194; x_wconf 79' lang='grc' dir='ltr'>ἡμερῶν</span> <span class='ocrx_word' id='word_1_350' title='bbox 3458 2120 3657 2194; x_wconf 85' lang='grc' dir='ltr'>γίνεται</span> <span class='ocrx_word' id='word_1_351' title='bbox 3713 2121 3799 2174; x_wconf 84' lang='grc' dir='ltr'><strong>κθ¹</strong></span> 
     </span>
    </p>
   </div>
   <div class='ocr_carea' id='block_1_49' title="bbox 2146 2206 3797 2282">
    <p class='ocr_par' dir='ltr' id='par_1_49' title="bbox 2146 2206 3797 2282">
     <span class='ocr_line' id='line_1_49' title="bbox 2146 2206 3797 2282; baseline 0.002 -23"><span class='ocrx_word' id='word_1_352' title='bbox 2146 2206 2236 2259; x_wconf 80' lang='grc' dir='ltr'><strong>καὶ</strong></span> <span class='ocrx_word' id='word_1_353' title='bbox 2294 2208 2587 2276; x_wconf 75' lang='grc' dir='ltr'>ἡμισείας·</span> <span class='ocrx_word' id='word_1_354' title='bbox 2642 2208 2812 2282; x_wconf 73' lang='grc' dir='ltr'>ταύτῃ</span> <span class='ocrx_word' id='word_1_355' title='bbox 2871 2230 2957 2264; x_wconf 88' lang='grc' dir='ltr'><strong>τοι</strong></span> <span class='ocrx_word' id='word_1_356' title='bbox 3015 2211 3106 2264; x_wconf 87' lang='grc' dir='ltr'><strong>καὶ</strong></span> <span class='ocrx_word' id='word_1_357' title='bbox 3165 2211 3282 2264; x_wconf 81' lang='grc' dir='ltr'>κατ’</span> <span class='ocrx_word' id='word_1_358' title='bbox 3312 2208 3555 2264; x_wconf 76' lang='grc' dir='ltr'>ἐνιαυτὸν</span> <span class='ocrx_word' id='word_1_359' title='bbox 3588 2208 3639 2261; x_wconf 74' lang='grc' dir='ltr'>οἱ</span> <span class='ocrx_word' id='word_1_360' title='bbox 3694 2214 3797 2277; x_wconf 72' lang='grc' dir='ltr'><strong>τῆς</strong></span> 
     </span>
    </p>
   </div>
   <div class='ocr_carea' id='block_1_50' title="bbox 2147 2292 3797 2371">
    <p class='ocr_par' dir='ltr' id='par_1_50' title="bbox 2147 2292 3797 2371">
     <span class='ocr_line' id='line_1_50' title="bbox 2147 2292 3797 2371; baseline 0.002 -24"><span class='ocrx_word' id='word_1_361' title='bbox 2147 2292 2379 2364; x_wconf 80' lang='grc' dir='ltr'>σελήνης</span> <span class='ocrx_word' id='word_1_362' title='bbox 2431 2296 2502 2368; x_wconf 88' lang='grc' dir='ltr'><strong>ιβ’</strong></span> <span class='ocrx_word' id='word_1_363' title='bbox 2554 2298 2741 2368; x_wconf 74' lang='grc' dir='ltr'>μῆνες,</span> <span class='ocrx_word' id='word_1_364' title='bbox 2784 2296 2860 2357; x_wconf 82' lang='grc' dir='ltr'>εἷς</span> <span class='ocrx_word' id='word_1_365' title='bbox 2930 2298 3139 2371; x_wconf 69' lang='grc' dir='ltr'>ἡμέρας</span> <span class='ocrx_word' id='word_1_366' title='bbox 3189 2301 3479 2354; x_wconf 84' lang='grc' dir='ltr'>ποσοῦνται</span> <span class='ocrx_word' id='word_1_367' title='bbox 3524 2293 3652 2359; x_wconf 81' lang='grc' dir='ltr'>τνδ’.</span> <span class='ocrx_word' id='word_1_368' title='bbox 3711 2296 3797 2351; x_wconf 74' lang='grc' dir='ltr'><strong>ἐν·</strong></span> 
     </span>
    </p>
   </div>
   <div class='ocr_carea' id='block_1_51' title="bbox 2149 2380 3795 2461">
    <p class='ocr_par' dir='ltr' id='par_1_51' title="bbox 2149 2380 3795 2461">
     <span class='ocr_line' id='line_1_51' title="bbox 2149 2380 3795 2461; baseline 0.002 -24"><span class='ocrx_word' id='word_1_369' title='bbox 2149 2380 2384 2439; x_wconf 80' lang='grc' dir='ltr'>δεουσῶν</span> <span class='ocrx_word' id='word_1_370' title='bbox 2442 2387 2577 2459; x_wconf 87' lang='grc' dir='ltr'>πρὸς</span> <span class='ocrx_word' id='word_1_371' title='bbox 2625 2387 2721 2448; x_wconf 76' lang='grc' dir='ltr'><strong>τὰς</strong></span> <span class='ocrx_word' id='word_1_372' title='bbox 2770 2387 2875 2458; x_wconf 81' lang='grc' dir='ltr'>τξε¹</span> <span class='ocrx_word' id='word_1_373' title='bbox 2916 2389 3005 2442; x_wconf 79' lang='grc' dir='ltr'><strong>καὶ</strong></span> <span class='ocrx_word' id='word_1_374' title='bbox 3054 2392 3151 2442; x_wconf 73' lang='grc' dir='ltr'><strong>τοῦ</strong></span> <span class='ocrx_word' id='word_1_375' title='bbox 3199 2386 3633 2461; x_wconf 63' lang='grc' dir='ltr'>τεταρτημορίου</span> <span class='ocrx_word' id='word_1_376' title='bbox 3691 2392 3795 2456; x_wconf 81' lang='grc' dir='ltr'><strong>τῆς</strong></span> 
     </span>
    </p>
   </div>
   <div class='ocr_carea' id='block_1_52' title="bbox 2148 2471 3793 2549">
    <p class='ocr_par' dir='ltr' id='par_1_52' title="bbox 2148 2471 3793 2549">
     <span class='ocr_line' id='line_1_52' title="bbox 2148 2471 3793 2549; baseline 0.003 -24"><span class='ocrx_word' id='word_1_377' title='bbox 2148 2472 2379 2545; x_wconf 75' lang='grc' dir='ltr'>ἡμέρας,</span> <span class='ocrx_word' id='word_1_378' title='bbox 2419 2471 2483 2536; x_wconf 74' lang='grc' dir='ltr'><strong>ἃς</strong></span> <span class='ocrx_word' id='word_1_379' title='bbox 2531 2475 2560 2529; x_wconf 87' lang='grc' dir='ltr'>ὁ</span> <span class='ocrx_word' id='word_1_380' title='bbox 2603 2474 2765 2543; x_wconf 81' lang='grc' dir='ltr'>ἥλιος</span> <span class='ocrx_word' id='word_1_381' title='bbox 2816 2477 2934 2532; x_wconf 85' lang='grc' dir='ltr'>κατ’</span> <span class='ocrx_word' id='word_1_382' title='bbox 2965 2476 3208 2532; x_wconf 81' lang='grc' dir='ltr'>ἐνιαυτὸν</span> <span class='ocrx_word' id='word_1_383' title='bbox 3256 2482 3517 2546; x_wconf 84' lang='grc' dir='ltr'>ποιεῖται,</span> <span class='ocrx_word' id='word_1_384' title='bbox 3571 2478 3793 2549; x_wconf 83' lang='grc' dir='ltr'>ἡμερῶν</span> 
     </span>
    </p>
   </div>
   <div class='ocr_carea' id='block_1_53' title="bbox 2150 2562 3794 2642">
    <p class='ocr_par' dir='ltr' id='par_1_53' title="bbox 2150 2562 3794 2642">
     <span class='ocr_line' id='line_1_53' title="bbox 2150 2562 3794 2642; baseline 0.004 -29"><span class='ocrx_word' id='word_1_385' title='bbox 2150 2565 2218 2614; x_wconf 90' lang='grc' dir='ltr'>ια’</span> <span class='ocrx_word' id='word_1_386' title='bbox 2276 2562 2367 2616; x_wconf 77' lang='grc' dir='ltr'><strong>καὶ</strong></span> <span class='ocrx_word' id='word_1_387' title='bbox 2419 2564 2700 2638; x_wconf 85' lang='grc' dir='ltr'>τετάρτου.</span> <span class='ocrx_word' id='word_1_388' title='bbox 2761 2564 3248 2629; x_wconf 79' lang='grc' dir='ltr'>Ἐννεακαιδεκάκις</span> <span class='ocrx_word' id='word_1_389' title='bbox 3326 2565 3385 2622; x_wconf 70' lang='grc' dir='ltr'>δὲ</span> <span class='ocrx_word' id='word_1_390' title='bbox 3451 2571 3523 2642; x_wconf 79' lang='grc' dir='ltr'><strong>τῇ</strong></span> <span class='ocrx_word' id='word_1_391' title='bbox 3582 2564 3794 2641; x_wconf 77' lang='grc' dir='ltr'>ἡλιακῇ</span> 
     </span>
    </p>
   </div>
   <div class='ocr_carea' id='block_1_54' title="bbox 2145 2652 3793 2729">
    <p class='ocr_par' dir='ltr' id='par_1_54' title="bbox 2145 2652 3793 2729">
     <span class='ocr_line' id='line_1_54' title="bbox 2145 2652 3793 2729; baseline 0.008 -27"><span class='ocrx_word' id='word_1_392' title='bbox 2145 2652 2356 2719; x_wconf 65' lang='grc' dir='ltr'>κινήσει</span> <span class='ocrx_word' id='word_1_393' title='bbox 2420 2653 2709 2726; x_wconf 79' lang='grc' dir='ltr'>γινόμενος</span> <span class='ocrx_word' id='word_1_394' title='bbox 2769 2655 2797 2710; x_wconf 83' lang='grc' dir='ltr'>ὁ</span> <span class='ocrx_word' id='word_1_395' title='bbox 2856 2653 3116 2726; x_wconf 80' lang='grc' dir='ltr'>ἐνιαυτὸς,</span> <span class='ocrx_word' id='word_1_396' title='bbox 3172 2656 3264 2711; x_wconf 85' lang='grc' dir='ltr'>καὶ</span> <span class='ocrx_word' id='word_1_397' title='bbox 3322 2659 3495 2712; x_wconf 87' lang='grc' dir='ltr'>ποιῶν</span> <span class='ocrx_word' id='word_1_398' title='bbox 3581 2652 3793 2729; x_wconf 75' lang='grc' dir='ltr'>ἡμέρας</span> 
     </span>
    </p>
   </div>
   <div class='ocr_carea' id='block_1_55' title="bbox 2144 2738 3795 2819">
    <p class='ocr_par' dir='ltr' id='par_1_55' title="bbox 2144 2738 3795 2819">
     <span class='ocr_line' id='line_1_55' title="bbox 2144 2738 3795 2819; baseline 0.002 -24"><span class='ocrx_word' id='word_1_399' title='bbox 2144 2738 2315 2812; x_wconf 60' lang='lat'><strong>5730&#39;</strong></span> <span class='ocrx_word' id='word_1_400' title='bbox 2375 2741 2509 2814; x_wconf 84' lang='grc' dir='ltr'>πρὸς</span> <span class='ocrx_word' id='word_1_401' title='bbox 2568 2747 2647 2814; x_wconf 82' lang='grc' dir='ltr'><strong>τῷ</strong></span> <span class='ocrx_word' id='word_1_402' title='bbox 2691 2742 2881 2816; x_wconf 81' lang='grc' dir='ltr'>ἡμίσει</span> <span class='ocrx_word' id='word_1_403' title='bbox 2937 2745 3027 2799; x_wconf 75' lang='grc' dir='ltr'><strong>καὶ</strong></span> <span class='ocrx_word' id='word_1_404' title='bbox 3081 2743 3342 2818; x_wconf 85' lang='grc' dir='ltr'>τετάρτῳ,</span> <span class='ocrx_word' id='word_1_405' title='bbox 3375 2745 3501 2805; x_wconf 81' lang='grc' dir='ltr'>τοὺς</span> <span class='ocrx_word' id='word_1_406' title='bbox 3561 2745 3655 2817; x_wconf 75' lang='grc' dir='ltr'>μὲν</span> <span class='ocrx_word' id='word_1_407' title='bbox 3724 2744 3795 2819; x_wconf 84' lang='grc' dir='ltr'><strong>ιβ’</strong></span> 
     </span>
    </p>
   </div>
   <div class='ocr_carea' id='block_1_56' title="bbox 2145 2824 3795 2904">
    <p class='ocr_par' dir='ltr' id='par_1_56' title="bbox 2145 2824 3795 2904">
     <span class='ocr_line' id='line_1_56' title="bbox 2145 2824 3795 2904; baseline 0.004 -26"><span class='ocrx_word' id='word_1_408' title='bbox 2145 2824 2498 2897; x_wconf 78' lang='grc' dir='ltr'>σεληνιακοὺς</span> <span class='ocrx_word' id='word_1_409' title='bbox 2558 2837 2731 2902; x_wconf 81' lang='grc' dir='ltr'>μῆνας</span> <span class='ocrx_word' id='word_1_410' title='bbox 2793 2830 2839 2892; x_wconf 75' lang='grc' dir='ltr'>ἲς</span> <span class='ocrx_word' id='word_1_411' title='bbox 2899 2835 3020 2901; x_wconf 80' lang='grc' dir='ltr'>σκη¹</span> <span class='ocrx_word' id='word_1_412' title='bbox 3051 2831 3388 2904; x_wconf 86' lang='grc' dir='ltr'>περιίστησιν</span> <span class='ocrx_word' id='word_1_413' title='bbox 3449 2830 3500 2886; x_wconf 75' lang='grc' dir='ltr'>ἐν</span> <span class='ocrx_word' id='word_1_414' title='bbox 3557 2830 3795 2904; x_wconf 78' lang='grc' dir='ltr'>ἡμέραις</span> 
     </span>
    </p>
   </div>
   <div class='ocr_carea' id='block_1_57' title="bbox 2143 2916 3796 2996">
    <p class='ocr_par' dir='ltr' id='par_1_57' title="bbox 2143 2916 3796 2996">
     <span class='ocr_line' id='line_1_57' title="bbox 2143 2916 3796 2996; baseline 0.002 -24"><span class='ocrx_word' id='word_1_415' title='bbox 2143 2918 2330 2989; x_wconf 81' lang='grc' dir='ltr'>,ςψκς’,</span> <span class='ocrx_word' id='word_1_416' title='bbox 2362 2919 2458 2980; x_wconf 79' lang='grc' dir='ltr'>τὰς</span> <span class='ocrx_word' id='word_1_417' title='bbox 2509 2916 2567 2973; x_wconf 73' lang='grc' dir='ltr'>δὲ</span> <span class='ocrx_word' id='word_1_418' title='bbox 2616 2919 2905 2993; x_wconf 79' lang='grc' dir='ltr'>εἰρημένας</span> <span class='ocrx_word' id='word_1_419' title='bbox 2950 2921 3203 2996; x_wconf 75' lang='grc' dir='ltr'>περιττὰς</span> <span class='ocrx_word' id='word_1_420' title='bbox 3252 2922 3483 2995; x_wconf 79' lang='grc' dir='ltr'>ἡμέρας,</span> <span class='ocrx_word' id='word_1_421' title='bbox 3516 2917 3641 2989; x_wconf 72' lang='grc' dir='ltr'>ἤτοι</span> <span class='ocrx_word' id='word_1_422' title='bbox 3698 2922 3796 2983; x_wconf 74' lang='grc' dir='ltr'><strong>τὰς</strong></span> 
     </span>
    </p>
   </div>
   <div class='ocr_carea' id='block_1_58' title="bbox 2147 3005 3797 3085">
    <p class='ocr_par' dir='ltr' id='par_1_58' title="bbox 2147 3005 3797 3085">
     <span class='ocr_line' id='line_1_58' title="bbox 2147 3005 3797 3085; baseline 0.004 -27"><span class='ocrx_word' id='word_1_423' title='bbox 2147 3006 2212 3058; x_wconf 91' lang='grc' dir='ltr'><strong>ια’</strong></span> <span class='ocrx_word' id='word_1_424' title='bbox 2242 3006 2330 3060; x_wconf 85' lang='grc' dir='ltr'><strong>καὶ</strong></span> <span class='ocrx_word' id='word_1_425' title='bbox 2385 3008 2449 3061; x_wconf 83' lang='grc' dir='ltr'>τὸ</span> <span class='ocrx_word' id='word_1_426' title='bbox 2509 3005 2551 3062; x_wconf 86' lang='grc' dir='ltr'>δ’</span> <span class='ocrx_word' id='word_1_427' title='bbox 2583 3007 2660 3070; x_wconf 68' lang='grc' dir='ltr'>εἷς</span> <span class='ocrx_word' id='word_1_428' title='bbox 2717 3009 2931 3085; x_wconf 74' lang='grc' dir='ltr'>ἑτέρους</span> <span class='ocrx_word' id='word_1_429' title='bbox 2992 3009 3350 3080; x_wconf 76' lang='grc' dir='ltr'>σεληνισκοὺς</span> <span class='ocrx_word' id='word_1_430' title='bbox 3402 3017 3577 3083; x_wconf 77' lang='grc' dir='ltr'>μῆνας</span> <span class='ocrx_word' id='word_1_431' title='bbox 3636 3009 3797 3078; x_wconf 71' lang='grc' dir='ltr'>ἑπτὰ,</span> 
     </span>
    </p>
   </div>
   <div class='ocr_carea' id='block_1_59' title="bbox 2141 3089 3797 3172">
    <p class='ocr_par' dir='ltr' id='par_1_59' title="bbox 2141 3089 3797 3172">
     <span class='ocr_line' id='line_1_59' title="bbox 2141 3089 3797 3172; baseline 0.003 -25"><span class='ocrx_word' id='word_1_432' title='bbox 2141 3089 2371 3171; x_wconf 76' lang='grc' dir='ltr'>ἔχοντας</span> <span class='ocrx_word' id='word_1_433' title='bbox 2431 3094 2632 3170; x_wconf 73' lang='grc' dir='ltr'>ἡμέρας</span> <span class='ocrx_word' id='word_1_434' title='bbox 2684 3099 2760 3161; x_wconf 77' lang='grc' dir='ltr'>σς¹</span> <span class='ocrx_word' id='word_1_435' title='bbox 2791 3098 2881 3152; x_wconf 85' lang='grc' dir='ltr'><strong>καὶ</strong></span> <span class='ocrx_word' id='word_1_436' title='bbox 2928 3098 3208 3171; x_wconf 73' lang='grc' dir='ltr'>ἡμίσειαν.</span> <span class='ocrx_word' id='word_1_437' title='bbox 3241 3101 3364 3156; x_wconf 84' lang='grc' dir='ltr'>Ἔτι</span> <span class='ocrx_word' id='word_1_438' title='bbox 3414 3096 3473 3153; x_wconf 79' lang='grc' dir='ltr'>δὲ</span> <span class='ocrx_word' id='word_1_439' title='bbox 3515 3097 3797 3172; x_wconf 84' lang='grc' dir='ltr'>εὑρίσκον-</span> 
     </span>
    </p>
   </div>
   <div class='ocr_carea' id='block_1_60' title="bbox 2140 3184 3797 3261">
    <p class='ocr_par' dir='ltr' id='par_1_60' title="bbox 2140 3184 3797 3261">
     <span class='ocr_line' id='line_1_60' title="bbox 2140 3184 3797 3261; baseline 0.004 -27"><span class='ocrx_word' id='word_1_440' title='bbox 2140 3202 2229 3236; x_wconf 84' lang='grc' dir='ltr'><strong>ται</strong></span> <span class='ocrx_word' id='word_1_441' title='bbox 2268 3184 2678 3256; x_wconf 79' lang='grc' dir='ltr'>περιττεύουσαι</span> <span class='ocrx_word' id='word_1_442' title='bbox 2729 3186 2933 3261; x_wconf 79' lang='grc' dir='ltr'>ἡμέραι</span> <span class='ocrx_word' id='word_1_443' title='bbox 2993 3192 3038 3257; x_wconf 86' lang='grc' dir='ltr'><strong>ζ’</strong></span> <span class='ocrx_word' id='word_1_444' title='bbox 3067 3188 3156 3242; x_wconf 80' lang='grc' dir='ltr'><strong>καὶ</strong></span> <span class='ocrx_word' id='word_1_445' title='bbox 3202 3185 3454 3261; x_wconf 76' lang='grc' dir='ltr'>τέταρτον</span> <span class='ocrx_word' id='word_1_446' title='bbox 3477 3208 3490 3222; x_wconf 77' lang='grc'><strong><em>⁸</em></strong></span> <span class='ocrx_word' id='word_1_447' title='bbox 3524 3184 3671 3242; x_wconf 78' lang='grc' dir='ltr'>ἀλλὰ</span> <span class='ocrx_word' id='word_1_448' title='bbox 3701 3186 3797 3241; x_wconf 80' lang='grc' dir='ltr'><strong>καὶ</strong></span> 
     </span>
    </p>
   </div>
   <div class='ocr_carea' id='block_1_61' title="bbox 392 3257 2032 3350">
    <p class='ocr_par' dir='ltr' id='par_1_61' title="bbox 392 3257 2032 3346">
     <span class='ocr_line' id='line_1_61' title="bbox 392 3257 2032 3346; baseline 0 -12"><span class='ocrx_word' id='word_1_449' title='bbox 392 3257 683 3335; x_wconf 76' lang='lat' dir='ltr'><strong>tendatur.</strong></span> <span class='ocrx_word' id='word_1_450' title='bbox 700 3276 982 3342; x_wconf 88' lang='lat' dir='ltr'><strong>Quoniam</strong></span> <span class='ocrx_word' id='word_1_451' title='bbox 1002 3276 1182 3345; x_wconf 90' lang='lat' dir='ltr'><strong>enim,</strong></span> <span class='ocrx_word' id='word_1_452' title='bbox 1199 3276 1367 3346; x_wconf 81' lang='lat' dir='ltr'><strong>juxta</strong></span> <span class='ocrx_word' id='word_1_453' title='bbox 1395 3257 1791 3345; x_wconf 73' lang='lat' dir='ltr'><strong>Ptolemaeum,</strong></span> <span class='ocrx_word' id='word_1_454' title='bbox 1814 3279 2032 3334; x_wconf 88' lang='lat' dir='ltr'><strong>mensis</strong></span> 
     </span>
    </p>
   </div>
   <div class='ocr_carea' id='block_1_62' title="bbox 2143 3257 3797 3350">
    <p class='ocr_par' dir='ltr' id='par_1_62' title="bbox 2146 3270 3797 3350">
     <span class='ocr_line' id='line_1_62' title="bbox 2146 3270 3797 3350; baseline 0.003 -26"><span class='ocrx_word' id='word_1_455' title='bbox 2146 3270 2300 3325; x_wconf 80' lang='grc' dir='ltr'>αὗται</span> <span class='ocrx_word' id='word_1_456' title='bbox 2332 3275 2401 3345; x_wconf 81' lang='grc' dir='ltr'><strong>τῇ</strong></span> <span class='ocrx_word' id='word_1_457' title='bbox 2449 3277 2548 3327; x_wconf 78' lang='grc' dir='ltr'><strong>τοῦ</strong></span> <span class='ocrx_word' id='word_1_458' title='bbox 2591 3272 2798 3329; x_wconf 80' lang='grc' dir='ltr'>κύκλου</span> <span class='ocrx_word' id='word_1_459' title='bbox 2846 3277 2945 3344; x_wconf 72' lang='grc' dir='ltr'>τῆς</span> <span class='ocrx_word' id='word_1_460' title='bbox 2988 3272 3612 3350; x_wconf 73' lang='grc' dir='ltr'>ἐννεακαιδεκαετηρίδος</span> <span class='ocrx_word' id='word_1_461' title='bbox 3658 3272 3797 3330; x_wconf 81' lang='grc' dir='ltr'>ὁλό-</span> 
     </span>
    </p>
   </div>
   <div class='ocr_carea' id='block_1_63' title="bbox 395 3364 2031 3437">
    <p class='ocr_par' dir='ltr' id='par_1_63' title="bbox 395 3364 2031 3437">
     <span class='ocr_line' id='line_1_63' title="bbox 395 3364 2031 3437; baseline 0.001 -17"><span class='ocrx_word' id='word_1_462' title='bbox 395 3368 618 3424; x_wconf 83' lang='lat' dir='ltr'><strong>lunaris</strong></span> <span class='ocrx_word' id='word_1_463' title='bbox 658 3382 773 3422; x_wconf 92' lang='lat' dir='ltr'><strong>non</strong></span> <span class='ocrx_word' id='word_1_464' title='bbox 828 3370 1060 3422; x_wconf 85' lang='lat' dir='ltr'><strong>tantum</strong></span> <span class='ocrx_word' id='word_1_465' title='bbox 1107 3365 1316 3420; x_wconf 89' lang='lat' dir='ltr'><strong>diebus</strong></span> <span class='ocrx_word' id='word_1_466' title='bbox 1361 3364 1431 3418; x_wconf 88' lang='lat'>29</span> <span class='ocrx_word' id='word_1_467' title='bbox 1478 3368 1726 3433; x_wconf 90' lang='lat' dir='ltr'><strong>constat,</strong></span> <span class='ocrx_word' id='word_1_468' title='bbox 1757 3370 1934 3437; x_wconf 90' lang='lat' dir='ltr'><strong>atque</strong></span> <span class='ocrx_word' id='word_1_469' title='bbox 1961 3366 2031 3422; x_wconf 90' lang='lat'><strong>30</strong></span> 
     </span>
    </p>
   </div>
   <div class='ocr_carea' id='block_1_64' title="bbox 395 3452 2029 3528">
    <p class='ocr_par' dir='ltr' id='par_1_64' title="bbox 395 3452 2029 3528">
     <span class='ocr_line' id='line_1_64' title="bbox 395 3452 2029 3528; baseline -0.001 -17"><span class='ocrx_word' id='word_1_470' title='bbox 395 3457 636 3512; x_wconf 88' lang='lat' dir='ltr'><strong>minutis</strong></span> <span class='ocrx_word' id='word_1_471' title='bbox 676 3455 908 3528; x_wconf 83' lang='lat' dir='ltr'><strong>primis,</strong></span> <span class='ocrx_word' id='word_1_472' title='bbox 938 3455 1058 3510; x_wconf 89' lang='lat' dir='ltr'><strong>sive</strong></span> <span class='ocrx_word' id='word_1_473' title='bbox 1086 3452 1200 3508; x_wconf 90' lang='lat' dir='ltr'><strong>diei</strong></span> <span class='ocrx_word' id='word_1_474' title='bbox 1229 3452 1493 3522; x_wconf 90' lang='lat' dir='ltr'><strong>dimidio,</strong></span> <span class='ocrx_word' id='word_1_475' title='bbox 1525 3453 1626 3509; x_wconf 90' lang='lat' dir='ltr'><strong>sed</strong></span> <span class='ocrx_word' id='word_1_476' title='bbox 1657 3453 1897 3526; x_wconf 90' lang='lat' dir='ltr'><strong>insuper</strong></span> <span class='ocrx_word' id='word_1_477' title='bbox 1918 3456 2029 3510; x_wconf 90' lang='lat' dir='ltr'><strong>mi-</strong></span> 
     </span>
    </p>
   </div>
   <div class='ocr_carea' id='block_1_65' title="bbox 394 3541 2030 3613">
    <p class='ocr_par' dir='ltr' id='par_1_65' title="bbox 394 3541 2030 3613">
     <span class='ocr_line' id='line_1_65' title="bbox 394 3541 2030 3613; baseline -0.001 -12"><span class='ocrx_word' id='word_1_478' title='bbox 394 3550 536 3602; x_wconf 91' lang='lat' dir='ltr'><strong>nuto</strong></span> <span class='ocrx_word' id='word_1_479' title='bbox 565 3562 680 3603; x_wconf 91' lang='lat' dir='ltr'><strong>uno</strong></span> <span class='ocrx_word' id='word_1_480' title='bbox 706 3560 842 3600; x_wconf 92' lang='lat' dir='ltr'><strong>cum</strong></span> <span class='ocrx_word' id='word_1_481' title='bbox 871 3542 1118 3600; x_wconf 86' lang='lat' dir='ltr'><strong>semisse</strong></span> <span class='ocrx_word' id='word_1_482' title='bbox 1160 3557 1227 3597; x_wconf 88' lang='lat' dir='ltr'><strong>ac</strong></span> <span class='ocrx_word' id='word_1_483' title='bbox 1280 3549 1439 3613; x_wconf 88' lang='lat' dir='ltr'><strong>parte</strong></span> <span class='ocrx_word' id='word_1_484' title='bbox 1492 3541 1659 3599; x_wconf 84' lang='lat' dir='ltr'><strong>tertia</strong></span> <span class='ocrx_word' id='word_1_485' title='bbox 1715 3544 1889 3598; x_wconf 90' lang='lat' dir='ltr'><strong>unius</strong></span> <span class='ocrx_word' id='word_1_486' title='bbox 1920 3547 2030 3600; x_wconf 85' lang='lat' dir='ltr'><strong>mi-</strong></span> 
     </span>
    </p>
   </div>
   <div class='ocr_carea' id='block_1_66' title="bbox 395 3632 2028 3703">
    <p class='ocr_par' dir='ltr' id='par_1_66' title="bbox 395 3632 2028 3703">
     <span class='ocr_line' id='line_1_66' title="bbox 395 3632 2028 3703; baseline -0.001 -14"><span class='ocrx_word' id='word_1_487' title='bbox 395 3634 544 3703; x_wconf 88' lang='lat' dir='ltr'><strong>nuti,</strong></span> <span class='ocrx_word' id='word_1_488' title='bbox 574 3634 684 3691; x_wconf 87' lang='lat' dir='ltr'><strong>hoc</strong></span> <span class='ocrx_word' id='word_1_489' title='bbox 713 3638 824 3696; x_wconf 83' lang='lat' dir='ltr'><strong>est.</strong></span> <span class='ocrx_word' id='word_1_490' title='bbox 856 3632 1080 3689; x_wconf 91' lang='lat' dir='ltr'><strong>minuto</strong></span> <span class='ocrx_word' id='word_1_491' title='bbox 1131 3647 1268 3697; x_wconf 92' lang='lat' dir='ltr'><strong>uno,</strong></span> <span class='ocrx_word' id='word_1_492' title='bbox 1299 3635 1357 3686; x_wconf 89' lang='lat' dir='ltr'><strong>et</strong></span> <span class='ocrx_word' id='word_1_493' title='bbox 1401 3632 1677 3687; x_wconf 86' lang='lat' dir='ltr'><strong>secundis</strong></span> <span class='ocrx_word' id='word_1_494' title='bbox 1716 3633 1804 3687; x_wconf 82' lang='grc'><strong>50.</strong></span> <span class='ocrx_word' id='word_1_495' title='bbox 1865 3632 2028 3698; x_wconf 89' lang='lat' dir='ltr'><strong>Quod</strong></span> 
     </span>
    </p>
   </div>
   <div class='ocr_carea' id='block_1_67' title="bbox 392 3718 2028 3794">
    <p class='ocr_par' dir='ltr' id='par_1_67' title="bbox 392 3718 2028 3794">
     <span class='ocr_line' id='line_1_67' title="bbox 392 3718 2028 3794; baseline 0 -18"><span class='ocrx_word' id='word_1_496' title='bbox 392 3724 496 3778; x_wconf 88' lang='lat' dir='ltr'><strong>ille</strong></span> <span class='ocrx_word' id='word_1_497' title='bbox 516 3722 753 3794; x_wconf 87' lang='lat' dir='ltr'><strong>quidem</strong></span> <span class='ocrx_word' id='word_1_498' title='bbox 785 3720 1040 3778; x_wconf 86' lang='lat' dir='ltr'><strong>ostendit</strong></span> <span class='ocrx_word' id='word_1_499' title='bbox 1098 3736 1198 3790; x_wconf 90' lang='lat' dir='ltr'><strong>per</strong></span> <span class='ocrx_word' id='word_1_500' title='bbox 1244 3733 1470 3775; x_wconf 89' lang='lat' dir='ltr'><strong>menses</strong></span> <span class='ocrx_word' id='word_1_501' title='bbox 1521 3718 1621 3790; x_wconf 89' lang='lat' dir='ltr'><strong>qui</strong></span> <span class='ocrx_word' id='word_1_502' title='bbox 1672 3720 1882 3791; x_wconf 86' lang='lat' dir='ltr'><strong>integri</strong></span> <span class='ocrx_word' id='word_1_503' title='bbox 1930 3721 2028 3776; x_wconf 85' lang='lat' dir='ltr'><strong>de-</strong></span> 
     </span>
    </p>
   </div>
   <div class='ocr_carea' id='block_1_68' title="bbox 393 3807 2027 3879">
    <p class='ocr_par' dir='ltr' id='par_1_68' title="bbox 393 3807 2027 3879">
     <span class='ocr_line' id='line_1_68' title="bbox 393 3807 2027 3879; baseline -0.002 -12"><span class='ocrx_word' id='word_1_504' title='bbox 393 3820 634 3867; x_wconf 89' lang='lat' dir='ltr'><strong>currunt</strong></span> <span class='ocrx_word' id='word_1_505' title='bbox 662 3812 811 3866; x_wconf 87' lang='lat' dir='ltr'><strong>inter</strong></span> <span class='ocrx_word' id='word_1_506' title='bbox 838 3810 1004 3865; x_wconf 89' lang='lat' dir='ltr'><strong>binas</strong></span> <span class='ocrx_word' id='word_1_507' title='bbox 1045 3808 1310 3879; x_wconf 90' lang='lat' dir='ltr'><strong>eclipses.</strong></span> <span class='ocrx_word' id='word_1_508' title='bbox 1373 3807 1576 3863; x_wconf 74' lang='lat' dir='ltr'><strong>Istbaac</strong></span> <span class='ocrx_word' id='word_1_509' title='bbox 1631 3809 1773 3865; x_wconf 92' lang='lat' dir='ltr'><strong>nim.</strong></span> <span class='ocrx_word' id='word_1_510' title='bbox 1832 3809 2027 3864; x_wconf 84' lang='lat' dir='ltr'><strong>minu-</strong></span> 
     </span>
    </p>
   </div>
   <div class='ocr_carea' id='block_1_69' title="bbox 392 3897 2025 3968">
    <p class='ocr_par' dir='ltr' id='par_1_69' title="bbox 392 3897 2025 3968">
     <span class='ocr_line' id='line_1_69' title="bbox 392 3897 2025 3968; baseline -0.001 -15"><span class='ocrx_word' id='word_1_511' title='bbox 392 3906 517 3954; x_wconf 86' lang='lat' dir='ltr'><strong>tum</strong></span> <span class='ocrx_word' id='word_1_512' title='bbox 551 3903 836 3967; x_wconf 89' lang='lat' dir='ltr'><strong>unum,et</strong></span> <span class='ocrx_word' id='word_1_513' title='bbox 890 3897 1157 3953; x_wconf 89' lang='lat' dir='ltr'><strong>semissis</strong></span> <span class='ocrx_word' id='word_1_514' title='bbox 1202 3902 1259 3953; x_wconf 89' lang='lat' dir='ltr'><strong>et</strong></span> <span class='ocrx_word' id='word_1_515' title='bbox 1317 3903 1471 3968; x_wconf 87' lang='lat' dir='ltr'><strong>parte</strong></span> <span class='ocrx_word' id='word_1_516' title='bbox 1521 3897 1693 3952; x_wconf 89' lang='lat' dir='ltr'><strong>tertia</strong></span> <span class='ocrx_word' id='word_1_517' title='bbox 1751 3899 1925 3952; x_wconf 88' lang='lat' dir='ltr'><strong>unius</strong></span> <span class='ocrx_word' id='word_1_518' title='bbox 1969 3900 2025 3953; x_wconf 89' lang='lat' dir='ltr'><strong>in</strong></span> 
     </span>
    </p>
   </div>
   <div class='ocr_carea' id='block_1_70' title="bbox 387 3986 2025 4058">
    <p class='ocr_par' dir='ltr' id='par_1_70' title="bbox 387 3986 2025 4058">
     <span class='ocr_line' id='line_1_70' title="bbox 387 3986 2025 4058; baseline -0.001 -15"><span class='ocrx_word' id='word_1_519' title='bbox 387 3993 509 4058; x_wconf 86' lang='lat' dir='ltr'><strong>jam</strong></span> <span class='ocrx_word' id='word_1_520' title='bbox 550 3989 719 4043; x_wconf 89' lang='lat' dir='ltr'><strong>dictis</strong></span> <span class='ocrx_word' id='word_1_521' title='bbox 745 3988 854 4042; x_wconf 85' lang='lat'><strong>235</strong></span> <span class='ocrx_word' id='word_1_522' title='bbox 900 3986 1358 4043; x_wconf 87' lang='lat' dir='ltr'><strong>revolutiouibus</strong></span> <span class='ocrx_word' id='word_1_523' title='bbox 1406 3990 1556 4040; x_wconf 67' lang='lat' dir='ltr'><strong>lunae</strong></span> <span class='ocrx_word' id='word_1_524' title='bbox 1596 3987 1923 4041; x_wconf 88' lang='lat' dir='ltr'><strong>ascendunt</strong></span> <span class='ocrx_word' id='word_1_525' title='bbox 1953 3989 2025 4042; x_wconf 91' lang='lat' dir='ltr'><strong>ad</strong></span> 
     </span>
    </p>
   </div>
   <div class='ocr_carea' id='block_1_71' title="bbox 395 4074 2028 4149">
    <p class='ocr_par' dir='ltr' id='par_1_71' title="bbox 395 4074 2028 4149">
     <span class='ocr_line' id='line_1_71' title="bbox 395 4074 2028 4149; baseline 0 -17"><span class='ocrx_word' id='word_1_526' title='bbox 395 4078 618 4132; x_wconf 85' lang='lat' dir='ltr'><strong>minuta</strong></span> <span class='ocrx_word' id='word_1_527' title='bbox 651 4078 842 4149; x_wconf 79' lang='lat' dir='ltr'><strong>prima</strong></span> <span class='ocrx_word' id='word_1_528' title='bbox 869 4077 994 4145; x_wconf 82' lang='grc'><strong>430,</strong></span> <span class='ocrx_word' id='word_1_529' title='bbox 1017 4086 1074 4132; x_wconf 84' lang='lat' dir='ltr'><strong>et</strong></span> <span class='ocrx_word' id='word_1_530' title='bbox 1120 4078 1376 4132; x_wconf 89' lang='lat' dir='ltr'><strong>secunda</strong></span> <span class='ocrx_word' id='word_1_531' title='bbox 1428 4074 1520 4143; x_wconf 88' lang='lat'><strong>50,</strong></span> <span class='ocrx_word' id='word_1_532' title='bbox 1551 4075 1768 4146; x_wconf 88' lang='lat' dir='ltr'><strong>quibus</strong></span> <span class='ocrx_word' id='word_1_533' title='bbox 1823 4076 2028 4132; x_wconf 85' lang='lat' dir='ltr'><strong>ordine</strong></span> 
     </span>
    </p>
   </div>
   <div class='ocr_carea' id='block_1_72' title="bbox 392 4164 2028 4233">
    <p class='ocr_par' dir='ltr' id='par_1_72' title="bbox 392 4164 2028 4233">
     <span class='ocr_line' id='line_1_72' title="bbox 392 4164 2028 4233; baseline 0.001 -13"><span class='ocrx_word' id='word_1_534' title='bbox 392 4166 591 4222; x_wconf 89' lang='lat' dir='ltr'><strong>divisis</strong></span> <span class='ocrx_word' id='word_1_535' title='bbox 644 4166 770 4233; x_wconf 68' lang='lat'><strong>420,</strong></span> <span class='ocrx_word' id='word_1_536' title='bbox 828 4167 1081 4222; x_wconf 90' lang='lat' dir='ltr'><strong>reddunt</strong></span> <span class='ocrx_word' id='word_1_537' title='bbox 1136 4166 1261 4220; x_wconf 90' lang='lat' dir='ltr'><strong>dies</strong></span> <span class='ocrx_word' id='word_1_538' title='bbox 1289 4165 1345 4218; x_wconf 91' lang='lat'><strong>7.</strong></span> <span class='ocrx_word' id='word_1_539' title='bbox 1391 4170 1464 4219; x_wconf 82' lang='lat' dir='ltr'><strong>At</strong></span> <span class='ocrx_word' id='word_1_540' title='bbox 1510 4164 1744 4219; x_wconf 89' lang='lat' dir='ltr'><strong>residua</strong></span> <span class='ocrx_word' id='word_1_541' title='bbox 1801 4166 2028 4221; x_wconf 84' lang='lat' dir='ltr'><strong>minuta</strong></span> 
     </span>
    </p>
   </div>
   <div class='ocr_carea' id='block_1_73' title="bbox 390 4253 2026 4328">
    <p class='ocr_par' dir='ltr' id='par_1_73' title="bbox 390 4253 2026 4328">
     <span class='ocr_line' id='line_1_73' title="bbox 390 4253 2026 4328; baseline -0.001 -17"><span class='ocrx_word' id='word_1_542' title='bbox 390 4257 577 4328; x_wconf 89' lang='lat' dir='ltr'><strong>prima</strong></span> <span class='ocrx_word' id='word_1_543' title='bbox 610 4257 674 4310; x_wconf 90' lang='grc'><strong>10</strong></span> <span class='ocrx_word' id='word_1_544' title='bbox 701 4266 756 4311; x_wconf 85' lang='lat' dir='ltr'><strong>et</strong></span> <span class='ocrx_word' id='word_1_545' title='bbox 783 4257 1041 4312; x_wconf 90' lang='lat' dir='ltr'><strong>secunda</strong></span> <span class='ocrx_word' id='word_1_546' title='bbox 1066 4258 1137 4311; x_wconf 88' lang='lat'><strong>50</strong></span> <span class='ocrx_word' id='word_1_547' title='bbox 1165 4257 1392 4312; x_wconf 80' lang='lat' dir='ltr'><strong>efﬁcere</strong></span> <span class='ocrx_word' id='word_1_548' title='bbox 1424 4259 1719 4323; x_wconf 88' lang='lat' dir='ltr'><strong>nequeunt</strong></span> <span class='ocrx_word' id='word_1_549' title='bbox 1743 4253 1855 4309; x_wconf 89' lang='lat' dir='ltr'><strong>diei</strong></span> <span class='ocrx_word' id='word_1_550' title='bbox 1882 4271 2026 4326; x_wconf 86' lang='lat' dir='ltr'><strong>qua-</strong></span> 
     </span>
    </p>
   </div>
   <div class='ocr_carea' id='block_1_74' title="bbox 390 4344 2026 4414">
    <p class='ocr_par' dir='ltr' id='par_1_74' title="bbox 390 4344 2026 4414">
     <span class='ocr_line' id='line_1_74' title="bbox 390 4344 2026 4414; baseline -0.001 -14"><span class='ocrx_word' id='word_1_551' title='bbox 390 4349 691 4413; x_wconf 86' lang='lat' dir='ltr'><strong>drantem;</strong></span> <span class='ocrx_word' id='word_1_552' title='bbox 725 4347 939 4402; x_wconf 87' lang='lat' dir='ltr'><strong>desunt</strong></span> <span class='ocrx_word' id='word_1_553' title='bbox 965 4348 1119 4402; x_wconf 90' lang='lat' dir='ltr'><strong>enim</strong></span> <span class='ocrx_word' id='word_1_554' title='bbox 1171 4346 1398 4401; x_wconf 89' lang='lat' dir='ltr'><strong>minuta</strong></span> <span class='ocrx_word' id='word_1_555' title='bbox 1450 4344 1631 4414; x_wconf 90' lang='lat' dir='ltr'><strong>prima</strong></span> <span class='ocrx_word' id='word_1_556' title='bbox 1670 4347 1938 4414; x_wconf 82' lang='lat' dir='ltr'><strong>quatuor,</strong></span> <span class='ocrx_word' id='word_1_557' title='bbox 1970 4350 2026 4399; x_wconf 90' lang='lat' dir='ltr'><strong>et</strong></span> 
     </span>
    </p>
   </div>
   <div class='ocr_carea' id='block_1_75' title="bbox 391 4433 2024 4507">
    <p class='ocr_par' dir='ltr' id='par_1_75' title="bbox 391 4433 2024 4507">
     <span class='ocr_line' id='line_1_75' title="bbox 391 4433 2024 4507; baseline -0.002 -18"><span class='ocrx_word' id='word_1_558' title='bbox 391 4437 458 4489; x_wconf 86' lang='lat'><strong>10</strong></span> <span class='ocrx_word' id='word_1_559' title='bbox 496 4436 788 4504; x_wconf 85' lang='lat' dir='ltr'><strong>secunda;</strong></span> <span class='ocrx_word' id='word_1_560' title='bbox 821 4436 971 4507; x_wconf 89' lang='lat' dir='ltr'><strong>quod</strong></span> <span class='ocrx_word' id='word_1_561' title='bbox 1022 4440 1079 4490; x_wconf 89' lang='lat' dir='ltr'><strong>et</strong></span> <span class='ocrx_word' id='word_1_562' title='bbox 1134 4433 1277 4489; x_wconf 89' lang='lat' dir='ltr'><strong>ratio</strong></span> <span class='ocrx_word' id='word_1_563' title='bbox 1324 4434 1520 4503; x_wconf 80' lang='lat' dir='ltr'><strong>exigit,</strong></span> <span class='ocrx_word' id='word_1_564' title='bbox 1553 4439 1845 4504; x_wconf 90' lang='lat' dir='ltr'><strong>quatenus</strong></span> <span class='ocrx_word' id='word_1_565' title='bbox 1900 4433 2024 4488; x_wconf 89' lang='lat' dir='ltr'><strong>cui-</strong></span> 
     </span>
    </p>
   </div>
   <div class='ocr_carea' id='block_1_76' title="bbox 389 4521 2027 4590">
    <p class='ocr_par' dir='ltr' id='par_1_76' title="bbox 389 4521 2027 4590">
     <span class='ocr_line' id='line_1_76' title="bbox 389 4521 2027 4590; baseline -0.001 -12"><span class='ocrx_word' id='word_1_566' title='bbox 389 4525 528 4581; x_wconf 90' lang='lat' dir='ltr'><strong>libet</strong></span> <span class='ocrx_word' id='word_1_567' title='bbox 579 4523 1231 4590; x_wconf 87' lang='lat' dir='ltr'><strong>enneacaidecaeteridi,</strong></span> <span class='ocrx_word' id='word_1_568' title='bbox 1296 4524 1528 4588; x_wconf 88' lang='lat' dir='ltr'><strong>desunt,</strong></span> <span class='ocrx_word' id='word_1_569' title='bbox 1576 4521 1750 4576; x_wconf 87' lang='lat' dir='ltr'><strong>sicuti</strong></span> <span class='ocrx_word' id='word_1_570' title='bbox 1837 4522 2027 4576; x_wconf 87' lang='lat' dir='ltr'><strong>Ptole-</strong></span> 
     </span>
    </p>
   </div>
   <div class='ocr_carea' id='block_1_77' title="bbox 2138 3361 3793 3439">
    <p class='ocr_par' dir='ltr' id='par_1_77' title="bbox 2138 3361 3793 3439">
     <span class='ocr_line' id='line_1_77' title="bbox 2138 3361 3793 3439; baseline 0.004 -28"><span class='ocrx_word' id='word_1_571' title='bbox 2138 3378 2266 3429; x_wconf 82' lang='grc' dir='ltr'>τητι</span> <span class='ocrx_word' id='word_1_572' title='bbox 2349 3361 2768 3438; x_wconf 73' lang='grc' dir='ltr'>συνυπάγονται,</span> <span class='ocrx_word' id='word_1_573' title='bbox 2840 3364 2914 3425; x_wconf 82' lang='grc' dir='ltr'>ὡς</span> <span class='ocrx_word' id='word_1_574' title='bbox 2996 3362 3368 3439; x_wconf 80' lang='grc' dir='ltr'>δειχθήσεται.</span> <span class='ocrx_word' id='word_1_575' title='bbox 3430 3364 3579 3419; x_wconf 85' lang='grc' dir='ltr'>Ἐπεὶ</span> <span class='ocrx_word' id='word_1_576' title='bbox 3661 3364 3793 3438; x_wconf 74' lang='grc' dir='ltr'>γὰρ,</span> 
     </span>
    </p>
   </div>
   <div class='ocr_carea' id='block_1_78' title="bbox 2135 3447 3793 3525">
    <p class='ocr_par' dir='ltr' id='par_1_78' title="bbox 2135 3447 3793 3525">
     <span class='ocr_line' id='line_1_78' title="bbox 2135 3447 3793 3525; baseline 0.003 -26"><span class='ocrx_word' id='word_1_577' title='bbox 2135 3447 2273 3500; x_wconf 72' lang='grc' dir='ltr'>κατὰ</span> <span class='ocrx_word' id='word_1_578' title='bbox 2299 3448 2390 3501; x_wconf 87' lang='grc' dir='ltr'>τὸν</span> <span class='ocrx_word' id='word_1_579' title='bbox 2426 3447 2792 3521; x_wconf 85' lang='grc' dir='ltr'>Πτολεμαῖον,</span> <span class='ocrx_word' id='word_1_580' title='bbox 2823 3449 2952 3525; x_wconf 80' lang='grc' dir='ltr'><strong>οὖχῖ</strong></span> <span class='ocrx_word' id='word_1_581' title='bbox 3002 3452 3086 3504; x_wconf 84' lang='grc' dir='ltr'><strong>κθ⁸</strong></span> <span class='ocrx_word' id='word_1_582' title='bbox 3132 3453 3355 3525; x_wconf 77' lang='grc' dir='ltr'>ἡμερῶν</span> <span class='ocrx_word' id='word_1_583' title='bbox 3400 3450 3491 3504; x_wconf 86' lang='grc' dir='ltr'><strong>καὶ</strong></span> <span class='ocrx_word' id='word_1_584' title='bbox 3554 3447 3608 3504; x_wconf 79' lang='grc' dir='ltr'>λ’</span> <span class='ocrx_word' id='word_1_585' title='bbox 3636 3451 3793 3525; x_wconf 84' lang='grc' dir='ltr'>πρώ-</span> 
     </span>
    </p>
   </div>
   <div class='ocr_carea' id='block_1_79' title="bbox 2137 3534 3794 3615">
    <p class='ocr_par' dir='ltr' id='par_1_79' title="bbox 2137 3534 3794 3615">
     <span class='ocr_line' id='line_1_79' title="bbox 2137 3534 3794 3615; baseline 0.003 -26"><span class='ocrx_word' id='word_1_586' title='bbox 2137 3555 2245 3589; x_wconf 87' lang='grc' dir='ltr'>των</span> <span class='ocrx_word' id='word_1_587' title='bbox 2298 3534 2508 3591; x_wconf 80' lang='grc' dir='ltr'>λεπτῶν</span> <span class='ocrx_word' id='word_1_588' title='bbox 2555 3538 2741 3609; x_wconf 88' lang='grc' dir='ltr'>μόνον,</span> <span class='ocrx_word' id='word_1_589' title='bbox 2773 3536 2896 3608; x_wconf 80' lang='grc' dir='ltr'>ἤτοι</span> <span class='ocrx_word' id='word_1_590' title='bbox 2948 3539 3204 3613; x_wconf 75' lang='grc' dir='ltr'>ἡμισείας</span> <span class='ocrx_word' id='word_1_591' title='bbox 3253 3540 3487 3615; x_wconf 73' lang='grc' dir='ltr'>ἡμέρας,</span> <span class='ocrx_word' id='word_1_592' title='bbox 3533 3540 3562 3594; x_wconf 86' lang='grc' dir='ltr'>ὁ</span> <span class='ocrx_word' id='word_1_593' title='bbox 3621 3537 3794 3610; x_wconf 84' lang='grc' dir='ltr'>σελη-</span> 
     </span>
    </p>
   </div>
   <div class='ocr_carea' id='block_1_80' title="bbox 2136 3624 3792 3702">
    <p class='ocr_par' dir='ltr' id='par_1_80' title="bbox 2136 3624 3792 3702">
     <span class='ocr_line' id='line_1_80' title="bbox 2136 3624 3792 3702; baseline 0.004 -25"><span class='ocrx_word' id='word_1_594' title='bbox 2136 3624 2322 3687; x_wconf 86' lang='grc' dir='ltr'>νιακὸς</span> <span class='ocrx_word' id='word_1_595' title='bbox 2369 3626 2572 3698; x_wconf 70' lang='grc' dir='ltr'>γίνεται</span> <span class='ocrx_word' id='word_1_596' title='bbox 2627 3628 2753 3700; x_wconf 74' lang='grc' dir='ltr'>μὴν,</span> <span class='ocrx_word' id='word_1_597' title='bbox 2805 3626 2952 3683; x_wconf 81' lang='grc' dir='ltr'>ἀλλά</span> <span class='ocrx_word' id='word_1_598' title='bbox 3002 3628 3092 3683; x_wconf 84' lang='grc' dir='ltr'><strong>καὶ</strong></span> <span class='ocrx_word' id='word_1_599' title='bbox 3145 3627 3329 3702; x_wconf 73' lang='grc' dir='ltr'>ἑτέρου</span> <span class='ocrx_word' id='word_1_600' title='bbox 3406 3628 3610 3684; x_wconf 77' lang='grc' dir='ltr'>λεπτοῦ</span> <span class='ocrx_word' id='word_1_601' title='bbox 3672 3629 3792 3691; x_wconf 63' lang='grc' dir='ltr'>ἑνὸς</span> 
     </span>
    </p>
   </div>
   <div class='ocr_carea' id='block_1_81' title="bbox 2138 3713 3804 3794">
    <p class='ocr_par' dir='ltr' id='par_1_81' title="bbox 2138 3713 3804 3794">
     <span class='ocr_line' id='line_1_81' title="bbox 2138 3713 3804 3794; baseline 0.004 -28"><span class='ocrx_word' id='word_1_602' title='bbox 2138 3714 2385 3784; x_wconf 83' lang='grc' dir='ltr'>ἡμίσεως</span> <span class='ocrx_word' id='word_1_603' title='bbox 2413 3716 2501 3769; x_wconf 78' lang='grc' dir='ltr'><strong>καὶ</strong></span> <span class='ocrx_word' id='word_1_604' title='bbox 2533 3715 2740 3789; x_wconf 85' lang='grc' dir='ltr'>τρίτου,</span> <span class='ocrx_word' id='word_1_605' title='bbox 2771 3713 2942 3793; x_wconf 73' lang='grc' dir='ltr'>ἤγουν</span> <span class='ocrx_word' id='word_1_606' title='bbox 2992 3718 3111 3780; x_wconf 69' lang='grc' dir='ltr'>ἑνὸς</span> <span class='ocrx_word' id='word_1_607' title='bbox 3139 3719 3365 3794; x_wconf 85' lang='grc' dir='ltr'>πρώτου</span> <span class='ocrx_word' id='word_1_608' title='bbox 3412 3718 3503 3773; x_wconf 81' lang='grc' dir='ltr'><strong>καὶ</strong></span> <span class='ocrx_word' id='word_1_609' title='bbox 3534 3721 3579 3773; x_wconf 88' lang='grc' dir='ltr'>ν’</span> <span class='ocrx_word' id='word_1_610' title='bbox 3611 3714 3804 3772; x_wconf 81' lang='grc' dir='ltr'>δευτέ--</span> 
     </span>
    </p>
   </div>
   <div class='ocr_carea' id='block_1_82' title="bbox 2140 3802 3792 3884">
    <p class='ocr_par' dir='ltr' id='par_1_82' title="bbox 2140 3802 3792 3884">
     <span class='ocr_line' id='line_1_82' title="bbox 2140 3802 3792 3884; baseline 0.003 -27"><span class='ocrx_word' id='word_1_611' title='bbox 2140 3822 2286 3877; x_wconf 86' lang='grc' dir='ltr'>ρων·</span> <span class='ocrx_word' id='word_1_612' title='bbox 2349 3808 2439 3857; x_wconf 66' lang='grc' dir='ltr'>καὶ</span> <span class='ocrx_word' id='word_1_613' title='bbox 2494 3802 2656 3859; x_wconf 77' lang='grc' dir='ltr'><strong>τοῦτο</strong></span> <span class='ocrx_word' id='word_1_614' title='bbox 2711 3803 3062 3861; x_wconf 79' lang='grc' dir='ltr'>ἀποδείκνυσι</span> <span class='ocrx_word' id='word_1_615' title='bbox 3140 3804 3232 3861; x_wconf 82' lang='grc' dir='ltr'>διὰ</span> <span class='ocrx_word' id='word_1_616' title='bbox 3305 3811 3415 3862; x_wconf 88' lang='grc' dir='ltr'><strong>τῶν</strong></span> <span class='ocrx_word' id='word_1_617' title='bbox 3485 3806 3792 3884; x_wconf 81' lang='grc' dir='ltr'>γινομένων</span> 
     </span>
    </p>
   </div>
   <div class='ocr_carea' id='block_1_83' title="bbox 2139 3888 3787 3971">
    <p class='ocr_par' dir='ltr' id='par_1_83' title="bbox 2139 3888 3787 3971">
     <span class='ocr_line' id='line_1_83' title="bbox 2139 3888 3787 3971; baseline 0.004 -27"><span class='ocrx_word' id='word_1_618' title='bbox 2139 3888 2286 3945; x_wconf 82' lang='grc' dir='ltr'>ὅλων</span> <span class='ocrx_word' id='word_1_619' title='bbox 2343 3896 2529 3963; x_wconf 78' lang='grc' dir='ltr'>μηνῶν</span> <span class='ocrx_word' id='word_1_620' title='bbox 2577 3893 2682 3948; x_wconf 79' lang='grc' dir='ltr'>ὰπὸ</span> <span class='ocrx_word' id='word_1_621' title='bbox 2729 3892 3023 3968; x_wconf 82' lang='grc' dir='ltr'>ἐκλείψεως</span> <span class='ocrx_word' id='word_1_622' title='bbox 3071 3894 3147 3957; x_wconf 83' lang='grc' dir='ltr'>εἷς</span> <span class='ocrx_word' id='word_1_623' title='bbox 3187 3892 3429 3971; x_wconf 85' lang='grc' dir='ltr'>ἔκλειψιν</span> <span class='ocrx_word' id='word_1_624' title='bbox 3456 3914 3468 3926; x_wconf 93' lang='grc'><strong>·</strong></span> <span class='ocrx_word' id='word_1_625' title='bbox 3501 3899 3691 3958; x_wconf 81' lang='grc' dir='ltr'>ταῦτα,</span> <span class='ocrx_word' id='word_1_626' title='bbox 3720 3895 3787 3950; x_wconf 85' lang='grc' dir='ltr'><strong>τὸ</strong></span> 
     </span>
    </p>
   </div>
   <div class='ocr_carea' id='block_1_84' title="bbox 2135 3976 3784 4061">
    <p class='ocr_par' dir='ltr' id='par_1_84' title="bbox 2135 3976 3784 4061">
     <span class='ocr_line' id='line_1_84' title="bbox 2135 3976 3784 4061; baseline 0.002 -28"><span class='ocrx_word' id='word_1_627' title='bbox 2135 3978 2213 4047; x_wconf 79' lang='grc' dir='ltr'><strong>ἓν,</strong></span> <span class='ocrx_word' id='word_1_628' title='bbox 2266 3976 2434 4053; x_wconf 83' lang='grc' dir='ltr'>λέγω,</span> <span class='ocrx_word' id='word_1_629' title='bbox 2485 3980 2707 4049; x_wconf 86' lang='grc' dir='ltr'>λεπτὸν,</span> <span class='ocrx_word' id='word_1_630' title='bbox 2738 3982 2826 4036; x_wconf 84' lang='grc' dir='ltr'><strong>καὶ</strong></span> <span class='ocrx_word' id='word_1_631' title='bbox 2875 3983 2938 4037; x_wconf 87' lang='grc' dir='ltr'>τὸ</span> <span class='ocrx_word' id='word_1_632' title='bbox 2976 3983 3171 4057; x_wconf 79' lang='grc' dir='ltr'>ἥμισυ,</span> <span class='ocrx_word' id='word_1_633' title='bbox 3229 3985 3319 4039; x_wconf 85' lang='grc' dir='ltr'><strong>καὶ</strong></span> <span class='ocrx_word' id='word_1_634' title='bbox 3367 3984 3428 4040; x_wconf 85' lang='grc' dir='ltr'>τὸ</span> <span class='ocrx_word' id='word_1_635' title='bbox 3471 3985 3677 4061; x_wconf 82' lang='grc' dir='ltr'>τρίτον,</span> <span class='ocrx_word' id='word_1_636' title='bbox 3728 3982 3784 4038; x_wconf 81' lang='grc' dir='ltr'>ἐν</span> 
     </span>
    </p>
   </div>
   <div class='ocr_carea' id='block_1_85' title="bbox 2135 4069 3786 4147">
    <p class='ocr_par' dir='ltr' id='par_1_85' title="bbox 2135 4069 3786 4147">
     <span class='ocr_line' id='line_1_85' title="bbox 2135 4069 3786 4147; baseline 0.004 -25"><span class='ocrx_word' id='word_1_637' title='bbox 2135 4073 2255 4130; x_wconf 85' lang='grc' dir='ltr'>ταῖς</span> <span class='ocrx_word' id='word_1_638' title='bbox 2302 4069 2616 4141; x_wconf 77' lang='grc' dir='ltr'>εἰρημέναις</span> <span class='ocrx_word' id='word_1_639' title='bbox 2657 4070 2769 4127; x_wconf 84' lang='grc' dir='ltr'>σλε¹</span> <span class='ocrx_word' id='word_1_640' title='bbox 2816 4079 2914 4142; x_wconf 79' lang='grc' dir='ltr'><strong>τῆς</strong></span> <span class='ocrx_word' id='word_1_641' title='bbox 2962 4071 3201 4145; x_wconf 71' lang='grc' dir='ltr'>σελήνης</span> <span class='ocrx_word' id='word_1_642' title='bbox 3260 4071 3545 4147; x_wconf 86' lang='grc' dir='ltr'>παριόδοις</span> <span class='ocrx_word' id='word_1_643' title='bbox 3592 4070 3786 4129; x_wconf 78' lang='grc' dir='ltr'>ἀναϐι-</span> 
     </span>
    </p>
   </div>
   <div class='ocr_carea' id='block_1_86' title="bbox 2136 4154 3784 4238">
    <p class='ocr_par' dir='ltr' id='par_1_86' title="bbox 2136 4154 3784 4238">
     <span class='ocr_line' id='line_1_86' title="bbox 2136 4154 3784 4238; baseline 0.005 -27"><span class='ocrx_word' id='word_1_644' title='bbox 2136 4154 2431 4231; x_wconf 81' lang='grc' dir='ltr'>ϐαζόμενα,</span> <span class='ocrx_word' id='word_1_645' title='bbox 2461 4165 2679 4215; x_wconf 84' lang='grc' dir='ltr'>ποιοῦσι</span> <span class='ocrx_word' id='word_1_646' title='bbox 2718 4160 2891 4217; x_wconf 81' lang='grc' dir='ltr'>λεπτὰ</span> <span class='ocrx_word' id='word_1_647' title='bbox 2932 4167 3123 4238; x_wconf 88' lang='grc' dir='ltr'>πρῶτα</span> <span class='ocrx_word' id='word_1_648' title='bbox 3174 4162 3280 4234; x_wconf 82' lang='grc' dir='ltr'><strong>ῡλ’,</strong></span> <span class='ocrx_word' id='word_1_649' title='bbox 3322 4165 3413 4219; x_wconf 81' lang='grc' dir='ltr'><strong>καὶ</strong></span> <span class='ocrx_word' id='word_1_650' title='bbox 3462 4161 3682 4238; x_wconf 78' lang='grc' dir='ltr'>δεύτερα</span> <span class='ocrx_word' id='word_1_651' title='bbox 3714 4168 3784 4233; x_wconf 89' lang='grc' dir='ltr'><strong>ν’,</strong></span> 
     </span>
    </p>
   </div>
   <div class='ocr_carea' id='block_1_87' title="bbox 2137 4247 3784 4328">
    <p class='ocr_par' dir='ltr' id='par_1_87' title="bbox 2137 4247 3784 4328">
     <span class='ocr_line' id='line_1_87' title="bbox 2137 4247 3784 4328; baseline 0.004 -27"><span class='ocrx_word' id='word_1_652' title='bbox 2137 4247 2272 4323; x_wconf 76' lang='grc' dir='ltr'>ἅπερ</span> <span class='ocrx_word' id='word_1_653' title='bbox 2321 4248 2527 4303; x_wconf 77' lang='grc' dir='ltr'>ἅπαντα</span> <span class='ocrx_word' id='word_1_654' title='bbox 2576 4249 2662 4303; x_wconf 80' lang='grc' dir='ltr'><strong>ἐπὶ</strong></span> <span class='ocrx_word' id='word_1_655' title='bbox 2688 4250 2755 4305; x_wconf 80' lang='grc' dir='ltr'><strong>τὰ</strong></span> <span class='ocrx_word' id='word_1_656' title='bbox 2783 4252 3042 4323; x_wconf 74' lang='grc' dir='ltr'>ἑξήκοντα</span> <span class='ocrx_word' id='word_1_657' title='bbox 3092 4252 3443 4327; x_wconf 77' lang='grc' dir='ltr'>μεριζόμενα,</span> <span class='ocrx_word' id='word_1_658' title='bbox 3473 4253 3540 4308; x_wconf 79' lang='grc' dir='ltr'><strong>τὰ</strong></span> <span class='ocrx_word' id='word_1_659' title='bbox 3572 4254 3666 4328; x_wconf 78' lang='grc' dir='ltr'>μὲν</span> <span class='ocrx_word' id='word_1_660' title='bbox 3698 4258 3784 4308; x_wconf 87' lang='grc' dir='ltr'>υκ’</span> 
     </span>
    </p>
   </div>
   <div class='ocr_carea' id='block_1_88' title="bbox 2135 4335 3811 4417">
    <p class='ocr_par' dir='ltr' id='par_1_88' title="bbox 2135 4335 3811 4417">
     <span class='ocr_line' id='line_1_88' title="bbox 2135 4335 3811 4417; baseline 0.005 -27"><span class='ocrx_word' id='word_1_661' title='bbox 2135 4335 2383 4391; x_wconf 75' lang='grc' dir='ltr'>ποιυῦσιν</span> <span class='ocrx_word' id='word_1_662' title='bbox 2433 4340 2639 4412; x_wconf 68' lang='grc' dir='ltr'>ἡμέρας</span> <span class='ocrx_word' id='word_1_663' title='bbox 2689 4339 2842 4396; x_wconf 75' lang='grc' dir='ltr'>ἑπτά.</span> <span class='ocrx_word' id='word_1_664' title='bbox 2888 4341 2960 4396; x_wconf 78' lang='grc' dir='ltr'><strong>Τὰ</strong></span> <span class='ocrx_word' id='word_1_665' title='bbox 3006 4339 3063 4396; x_wconf 75' lang='grc' dir='ltr'>δὲ</span> <span class='ocrx_word' id='word_1_666' title='bbox 3132 4342 3541 4417; x_wconf 78' lang='grc' dir='ltr'>ὑπολειπόμενα</span> <span class='ocrx_word' id='word_1_667' title='bbox 3592 4347 3811 4417; x_wconf 70' lang='grc' dir='ltr'>πρῶται</span> 
     </span>
    </p>
   </div>
   <div class='ocr_carea' id='block_1_89' title="bbox 2137 4420 3810 4506">
    <p class='ocr_par' dir='ltr' id='par_1_89' title="bbox 2137 4420 3810 4506">
     <span class='ocr_line' id='line_1_89' title="bbox 2137 4420 3810 4506; baseline 0.005 -29"><span class='ocrx_word' id='word_1_668' title='bbox 2137 4420 2286 4492; x_wconf 71' lang='grc' dir='ltr'>δέκα,</span> <span class='ocrx_word' id='word_1_669' title='bbox 2343 4424 2432 4480; x_wconf 81' lang='grc' dir='ltr'><strong>καὶ</strong></span> <span class='ocrx_word' id='word_1_670' title='bbox 2481 4430 2817 4497; x_wconf 81' lang='grc' dir='ltr'>πεντήκοντα</span> <span class='ocrx_word' id='word_1_671' title='bbox 2866 4425 3106 4504; x_wconf 76' lang='grc' dir='ltr'>δεύτερα,</span> <span class='ocrx_word' id='word_1_672' title='bbox 3165 4429 3226 4484; x_wconf 84' lang='grc' dir='ltr'>οὐ</span> <span class='ocrx_word' id='word_1_673' title='bbox 3290 4428 3534 4485; x_wconf 76' lang='grc' dir='ltr'>δύνανται</span> <span class='ocrx_word' id='word_1_674' title='bbox 3589 4430 3810 4506; x_wconf 72' lang='grc' dir='ltr'>τέταροο</span> 
     </span>
    </p>
   </div>
   <div class='ocr_carea' id='block_1_90' title="bbox 2134 4516 3814 4594">
    <p class='ocr_par' dir='ltr' id='par_1_90' title="bbox 2134 4516 3814 4594">
     <span class='ocr_line' id='line_1_90' title="bbox 2134 4516 3814 4594; baseline 0.005 -28"><span class='ocrx_word' id='word_1_675' title='bbox 2134 4532 2227 4566; x_wconf 89' lang='grc' dir='ltr'><strong>τον</strong></span> <span class='ocrx_word' id='word_1_676' title='bbox 2265 4516 2474 4587; x_wconf 72' lang='grc' dir='ltr'>ἡμέρας</span> <span class='ocrx_word' id='word_1_677' title='bbox 2532 4522 2800 4586; x_wconf 82' lang='grc' dir='ltr'>ποιῆσαι·</span> <span class='ocrx_word' id='word_1_678' title='bbox 2863 4517 3114 4574; x_wconf 88' lang='grc' dir='ltr'>λείπουσι</span> <span class='ocrx_word' id='word_1_679' title='bbox 3192 4519 3296 4594; x_wconf 76' lang='grc' dir='ltr'><strong>γὰρ</strong></span> <span class='ocrx_word' id='word_1_680' title='bbox 3364 4518 3538 4574; x_wconf 83' lang='grc' dir='ltr'>λεπτὰ</span> <span class='ocrx_word' id='word_1_681' title='bbox 3589 4520 3814 4591; x_wconf 59' lang='grc' dir='ltr'>πρῶτκ</span> 
     </span>
    </p>
   </div>
   <div class='ocr_carea' id='block_1_91' title="bbox 389 4590 2032 4683">
    <p class='ocr_par' dir='ltr' id='par_1_91' title="bbox 389 4608 2028 4681">
     <span class='ocr_line' id='line_1_91' title="bbox 389 4608 2028 4681; baseline -0.002 -14"><span class='ocrx_word' id='word_1_682' title='bbox 389 4628 568 4667; x_wconf 67' lang='lat' dir='ltr'><strong>minus</strong></span> <span class='ocrx_word' id='word_1_683' title='bbox 597 4614 1027 4678; x_wconf 80' lang='lat' dir='ltr'><strong>demonstraVit,</strong></span> <span class='ocrx_word' id='word_1_684' title='bbox 1083 4613 1306 4665; x_wconf 84' lang='lat' dir='ltr'><strong>minuta</strong></span> <span class='ocrx_word' id='word_1_685' title='bbox 1354 4610 1541 4681; x_wconf 87' lang='lat' dir='ltr'><strong>prima</strong></span> <span class='ocrx_word' id='word_1_686' title='bbox 1596 4609 1716 4663; x_wconf 83' lang='lat' dir='ltr'><strong>3st</strong></span> <span class='ocrx_word' id='word_1_687' title='bbox 1771 4608 2028 4664; x_wconf 82' lang='lat' dir='ltr'><strong>secunda</strong></span> 
     </span>
    </p>
   </div>
   <div class='ocr_carea' id='block_1_92' title="bbox 2143 4590 3807 4683">
    <p class='ocr_par' dir='ltr' id='par_1_92' title="bbox 2143 4600 3807 4683">
     <span class='ocr_line' id='line_1_92' title="bbox 2143 4600 3807 4683; baseline 0.005 -28"><span class='ocrx_word' id='word_1_688' title='bbox 2143 4600 2386 4676; x_wconf 72' lang='grc' dir='ltr'>τέσσαρα,</span> <span class='ocrx_word' id='word_1_689' title='bbox 2446 4603 2534 4657; x_wconf 82' lang='grc' dir='ltr'><strong>καὶ</strong></span> <span class='ocrx_word' id='word_1_690' title='bbox 2590 4603 2809 4681; x_wconf 71' lang='grc' dir='ltr'>δεύτερα</span> <span class='ocrx_word' id='word_1_691' title='bbox 2859 4604 3018 4662; x_wconf 82' lang='grc' dir='ltr'>δὲκα·</span> <span class='ocrx_word' id='word_1_692' title='bbox 3071 4608 3159 4662; x_wconf 76' lang='grc' dir='ltr'><strong>καὶ</strong></span> <span class='ocrx_word' id='word_1_693' title='bbox 3210 4612 3371 4664; x_wconf 80' lang='grc' dir='ltr'>τοῦτο</span> <span class='ocrx_word' id='word_1_694' title='bbox 3419 4608 3552 4663; x_wconf 71' lang='grc' dir='ltr'>κατὰ</span> <span class='ocrx_word' id='word_1_695' title='bbox 3609 4606 3807 4683; x_wconf 62' lang='grc' dir='ltr'>λόγον</span> 
     </span>
    </p>
   </div>
   <div class='ocr_carea' id='block_1_93' title="bbox 384 4699 2025 4768">
    <p class='ocr_par' dir='ltr' id='par_1_93' title="bbox 384 4699 2025 4768">
     <span class='ocr_line' id='line_1_93' title="bbox 384 4699 2025 4768; baseline -0.001 -13"><span class='ocrx_word' id='word_1_696' title='bbox 384 4702 474 4758; x_wconf 86' lang='grc'><strong>37.</strong></span> <span class='ocrx_word' id='word_1_697' title='bbox 532 4703 692 4766; x_wconf 82' lang='lat' dir='ltr'><strong>Quod</strong></span> <span class='ocrx_word' id='word_1_698' title='bbox 750 4718 883 4757; x_wconf 84' lang='lat' dir='ltr'><strong>vero</strong></span> <span class='ocrx_word' id='word_1_699' title='bbox 930 4702 1121 4757; x_wconf 82' lang='lat' dir='ltr'><strong>adhuc</strong></span> <span class='ocrx_word' id='word_1_700' title='bbox 1179 4700 1588 4755; x_wconf 86' lang='lat' dir='ltr'><strong>desiderantur</strong></span> <span class='ocrx_word' id='word_1_701' title='bbox 1662 4715 1847 4754; x_wconf 89' lang='lat' dir='ltr'><strong>unum</strong></span> <span class='ocrx_word' id='word_1_702' title='bbox 1905 4699 2025 4768; x_wconf 90' lang='lat' dir='ltr'><strong>pri-</strong></span> 
     </span>
    </p>
   </div>
   <div class='ocr_carea' id='block_1_94' title="bbox 386 4788 2023 4859">
    <p class='ocr_par' dir='ltr' id='par_1_94' title="bbox 386 4788 2023 4859">
     <span class='ocr_line' id='line_1_94' title="bbox 386 4788 2023 4859; baseline -0.001 -14"><span class='ocrx_word' id='word_1_703' title='bbox 386 4807 545 4845; x_wconf 91' lang='lat' dir='ltr'><strong>mum</strong></span> <span class='ocrx_word' id='word_1_704' title='bbox 572 4791 861 4847; x_wconf 89' lang='lat' dir='ltr'><strong>minutum</strong></span> <span class='ocrx_word' id='word_1_705' title='bbox 885 4801 943 4845; x_wconf 90' lang='lat' dir='ltr'><strong>et</strong></span> <span class='ocrx_word' id='word_1_706' title='bbox 971 4791 1228 4845; x_wconf 89' lang='lat' dir='ltr'><strong>secunda</strong></span> <span class='ocrx_word' id='word_1_707' title='bbox 1255 4790 1347 4857; x_wconf 83' lang='lat'>27,</span> <span class='ocrx_word' id='word_1_708' title='bbox 1399 4788 1584 4859; x_wconf 89' lang='lat' dir='ltr'><strong>neque</strong></span> <span class='ocrx_word' id='word_1_709' title='bbox 1648 4789 1755 4843; x_wconf 86' lang='lat' dir='ltr'><strong>hoc</strong></span> <span class='ocrx_word' id='word_1_710' title='bbox 1805 4789 2023 4844; x_wconf 82' lang='lat' dir='ltr'><strong>ratione</strong></span> 
     </span>
    </p>
   </div>
   <div class='ocr_carea' id='block_1_95' title="bbox 384 4876 2021 4949">
    <p class='ocr_par' dir='ltr' id='par_1_95' title="bbox 384 4876 2021 4949">
     <span class='ocr_line' id='line_1_95' title="bbox 384 4876 2021 4949; baseline -0.003 -14"><span class='ocrx_word' id='word_1_711' title='bbox 384 4886 557 4936; x_wconf 89' lang='lat' dir='ltr'><strong>caret.</strong></span> <span class='ocrx_word' id='word_1_712' title='bbox 592 4881 714 4935; x_wconf 92' lang='lat' dir='ltr'><strong>Non</strong></span> <span class='ocrx_word' id='word_1_713' title='bbox 745 4881 900 4935; x_wconf 88' lang='lat' dir='ltr'><strong>enim</strong></span> <span class='ocrx_word' id='word_1_714' title='bbox 935 4889 1130 4935; x_wconf 86' lang='lat' dir='ltr'><strong>exacte</strong></span> <span class='ocrx_word' id='word_1_715' title='bbox 1186 4877 1456 4949; x_wconf 85' lang='lat' dir='ltr'><strong>congruit</strong></span> <span class='ocrx_word' id='word_1_716' title='bbox 1519 4894 1650 4932; x_wconf 88' lang='lat' dir='ltr'><strong>cum</strong></span> <span class='ocrx_word' id='word_1_717' title='bbox 1700 4876 1860 4947; x_wconf 87' lang='lat' dir='ltr'><strong>cyclo</strong></span> <span class='ocrx_word' id='word_1_718' title='bbox 1917 4894 2021 4931; x_wconf 89' lang='lat' dir='ltr'><strong>an-</strong></span> 
     </span>
    </p>
   </div>
   <div class='ocr_carea' id='block_1_96' title="bbox 389 4968 2022 5040">
    <p class='ocr_par' dir='ltr' id='par_1_96' title="bbox 389 4968 2022 5040">
     <span class='ocr_line' id='line_1_96' title="bbox 389 4968 2022 5040; baseline -0.002 -16"><span class='ocrx_word' id='word_1_719' title='bbox 389 4987 502 5024; x_wconf 87' lang='lat' dir='ltr'><strong>nuo</strong></span> <span class='ocrx_word' id='word_1_720' title='bbox 534 4970 831 5040; x_wconf 83' lang='lat' dir='ltr'><strong>quadrans</strong></span> <span class='ocrx_word' id='word_1_721' title='bbox 882 4971 995 5025; x_wconf 90' lang='lat' dir='ltr'><strong>iste</strong></span> <span class='ocrx_word' id='word_1_722' title='bbox 1051 4969 1185 5039; x_wconf 80' lang='lat' dir='ltr'><strong>diei,</strong></span> <span class='ocrx_word' id='word_1_723' title='bbox 1239 4971 1338 5024; x_wconf 89' lang='lat' dir='ltr'><strong>sed</strong></span> <span class='ocrx_word' id='word_1_724' title='bbox 1400 4973 1561 5040; x_wconf 85' lang='lat' dir='ltr'><strong>parte</strong></span> <span class='ocrx_word' id='word_1_725' title='bbox 1613 4968 2022 5021; x_wconf 78' lang='lat' dir='ltr'><strong>trecentesiina</strong></span> 
     </span>
    </p>
   </div>
   <div class='ocr_carea' id='block_1_97' title="bbox 384 5055 2021 5130">
    <p class='ocr_par' dir='ltr' id='par_1_97' title="bbox 384 5055 2021 5130">
     <span class='ocr_line' id='line_1_97' title="bbox 384 5055 2021 5130; baseline -0.001 -19"><span class='ocrx_word' id='word_1_726' title='bbox 384 5060 688 5130; x_wconf 70' lang='lat' dir='ltr'><strong>discrepat,</strong></span> <span class='ocrx_word' id='word_1_727' title='bbox 713 5060 794 5114; x_wconf 90' lang='lat' dir='ltr'><strong>uti</strong></span> <span class='ocrx_word' id='word_1_728' title='bbox 826 5061 965 5114; x_wconf 90' lang='lat' dir='ltr'><strong>alibi</strong></span> <span class='ocrx_word' id='word_1_729' title='bbox 997 5059 1271 5114; x_wconf 85' lang='lat' dir='ltr'><strong>diximus.</strong></span> <span class='ocrx_word' id='word_1_730' title='bbox 1295 5060 1510 5114; x_wconf 83' lang='lat' dir='ltr'><strong>Idcirco</strong></span> <span class='ocrx_word' id='word_1_731' title='bbox 1541 5057 1737 5129; x_wconf 85' lang='lat' dir='ltr'><strong>cyclus</strong></span> <span class='ocrx_word' id='word_1_732' title='bbox 1794 5055 2021 5110; x_wconf 85' lang='lat' dir='ltr'><strong>lunaris</strong></span> 
     </span>
    </p>
   </div>
   <div class='ocr_carea' id='block_1_98' title="bbox 382 5144 2016 5217">
    <p class='ocr_par' dir='ltr' id='par_1_98' title="bbox 382 5144 2016 5217">
     <span class='ocr_line' id='line_1_98' title="bbox 382 5144 2016 5217; baseline -0.002 -15"><span class='ocrx_word' id='word_1_733' title='bbox 382 5164 449 5202; x_wconf 81' lang='lat' dir='ltr'><strong>ex</strong></span> <span class='ocrx_word' id='word_1_734' title='bbox 473 5149 797 5203; x_wconf 80' lang='lat' dir='ltr'><strong>necessario</strong></span> <span class='ocrx_word' id='word_1_735' title='bbox 828 5154 1054 5203; x_wconf 86' lang='lat' dir='ltr'><strong>tantum</strong></span> <span class='ocrx_word' id='word_1_736' title='bbox 1082 5149 1139 5204; x_wconf 91' lang='lat' dir='ltr'><strong>in</strong></span> <span class='ocrx_word' id='word_1_737' title='bbox 1172 5149 1238 5203; x_wconf 85' lang='lat'><strong>19</strong></span> <span class='ocrx_word' id='word_1_738' title='bbox 1268 5149 1438 5203; x_wconf 86' lang='lat' dir='ltr'><strong>annis</strong></span> <span class='ocrx_word' id='word_1_739' title='bbox 1469 5154 1725 5217; x_wconf 86' lang='lat' dir='ltr'><strong>quantus</strong></span> <span class='ocrx_word' id='word_1_740' title='bbox 1748 5145 1825 5198; x_wconf 91' lang='lat' dir='ltr'><strong>sit</strong></span> <span class='ocrx_word' id='word_1_741' title='bbox 1853 5144 2016 5199; x_wconf 89' lang='lat' dir='ltr'><strong>inno-</strong></span> 
     </span>
    </p>
   </div>
   <div class='ocr_carea' id='block_1_99' title="bbox 382 5232 2017 5309">
    <p class='ocr_par' dir='ltr' id='par_1_99' title="bbox 382 5232 2017 5309">
     <span class='ocr_line' id='line_1_99' title="bbox 382 5232 2017 5309; baseline -0.001 -19"><span class='ocrx_word' id='word_1_742' title='bbox 382 5237 584 5301; x_wconf 88' lang='lat' dir='ltr'><strong>tescit;</strong></span> <span class='ocrx_word' id='word_1_743' title='bbox 616 5239 828 5309; x_wconf 88' lang='lat' dir='ltr'><strong>quippe</strong></span> <span class='ocrx_word' id='word_1_744' title='bbox 855 5254 1124 5293; x_wconf 79' lang='lat' dir='ltr'><strong>excessus</strong></span> <span class='ocrx_word' id='word_1_745' title='bbox 1149 5236 1245 5293; x_wconf 90' lang='lat' dir='ltr'><strong>ille</strong></span> <span class='ocrx_word' id='word_1_746' title='bbox 1274 5238 1371 5308; x_wconf 91' lang='lat' dir='ltr'><strong>qui</strong></span> <span class='ocrx_word' id='word_1_747' title='bbox 1407 5240 1464 5291; x_wconf 89' lang='lat' dir='ltr'><strong>in</strong></span> <span class='ocrx_word' id='word_1_748' title='bbox 1495 5235 1664 5290; x_wconf 84' lang='lat' dir='ltr'><strong>annis</strong></span> <span class='ocrx_word' id='word_1_749' title='bbox 1713 5232 2017 5288; x_wconf 89' lang='lat' dir='ltr'><strong>lunaribus</strong></span> 
     </span>
    </p>
   </div>
   <div class='ocr_carea' id='block_1_100' title="bbox 380 5319 2018 5396">
    <p class='ocr_par' dir='ltr' id='par_1_100' title="bbox 380 5319 2018 5396">
     <span class='ocr_line' id='line_1_100' title="bbox 380 5319 2018 5396; baseline -0.005 -15"><span class='ocrx_word' id='word_1_750' title='bbox 380 5327 684 5395; x_wconf 81' lang='lat' dir='ltr'><strong>reperitur,</strong></span> <span class='ocrx_word' id='word_1_751' title='bbox 718 5329 902 5396; x_wconf 85' lang='lat' dir='ltr'><strong>spatio</strong></span> <span class='ocrx_word' id='word_1_752' title='bbox 934 5329 998 5382; x_wconf 83' lang='lat'><strong>19</strong></span> <span class='ocrx_word' id='word_1_753' title='bbox 1026 5343 1310 5382; x_wconf 90' lang='lat' dir='ltr'><strong>annorum</strong></span> <span class='ocrx_word' id='word_1_754' title='bbox 1340 5326 1408 5379; x_wconf 86' lang='lat' dir='ltr'><strong>ad</strong></span> <span class='ocrx_word' id='word_1_755' title='bbox 1439 5326 1670 5378; x_wconf 86' lang='lat' dir='ltr'><strong>easdem</strong></span> <span class='ocrx_word' id='word_1_756' title='bbox 1701 5319 2018 5392; x_wconf 83' lang='lat' dir='ltr'><strong>completas</strong></span> 
     </span>
    </p>
   </div>
   <div class='ocr_carea' id='block_1_101' title="bbox 382 5408 2016 5485">
    <p class='ocr_par' dir='ltr' id='par_1_101' title="bbox 382 5408 2016 5485">
     <span class='ocr_line' id='line_1_101' title="bbox 382 5408 2016 5485; baseline -0.004 -18"><span class='ocrx_word' id='word_1_757' title='bbox 382 5414 765 5469; x_wconf 80' lang='lat' dir='ltr'><strong>revelationes</strong></span> <span class='ocrx_word' id='word_1_758' title='bbox 799 5414 965 5474; x_wconf 86' lang='lat' dir='ltr'><strong>redit,</strong></span> <span class='ocrx_word' id='word_1_759' title='bbox 996 5414 1289 5485; x_wconf 81' lang='lat' dir='ltr'><strong>elficitque</strong></span> <span class='ocrx_word' id='word_1_760' title='bbox 1318 5414 1506 5466; x_wconf 85' lang='lat' dir='ltr'><strong>dictas</strong></span> <span class='ocrx_word' id='word_1_761' title='bbox 1576 5408 1841 5476; x_wconf 86' lang='lat' dir='ltr'><strong>periodos</strong></span> <span class='ocrx_word' id='word_1_762' title='bbox 1888 5408 2016 5472; x_wconf 85' lang='lat'>235,</span> 
     </span>
    </p>
   </div>
   <div class='ocr_carea' id='block_1_102' title="bbox 377 5496 2016 5576">
    <p class='ocr_par' dir='ltr' id='par_1_102' title="bbox 377 5496 2016 5576">
     <span class='ocr_line' id='line_1_102' title="bbox 377 5496 2016 5576; baseline 0.004 -21"><span class='ocrx_word' id='word_1_763' title='bbox 377 5520 619 5575; x_wconf 81' lang='lat' dir='ltr'><strong>prorsus</strong></span> <span class='ocrx_word' id='word_1_764' title='bbox 667 5506 987 5576; x_wconf 77' lang='lat' dir='ltr'><strong>completas</strong></span> <span class='ocrx_word' id='word_1_765' title='bbox 1043 5504 1301 5573; x_wconf 84' lang='lat' dir='ltr'><strong>nihilque</strong></span> <span class='ocrx_word' id='word_1_766' title='bbox 1379 5496 1659 5570; x_wconf 73' lang='lat' dir='ltr'><strong>superﬂui</strong></span> <span class='ocrx_word' id='word_1_767' title='bbox 1716 5496 2016 5561; x_wconf 64' lang='lat' dir='ltr'><strong>habentes.</strong></span> 
     </span>
    </p>
   </div>
   <div class='ocr_carea' id='block_1_103' title="bbox 379 5589 2016 5665">
    <p class='ocr_par' dir='ltr' id='par_1_103' title="bbox 379 5589 2016 5665">
     <span class='ocr_line' id='line_1_103' title="bbox 379 5589 2016 5665; baseline -0.005 -18"><span class='ocrx_word' id='word_1_768' title='bbox 379 5604 551 5664; x_wconf 82' lang='lat' dir='ltr'><strong>prout</strong></span> <span class='ocrx_word' id='word_1_769' title='bbox 582 5595 776 5665; x_wconf 78' lang='lat' dir='ltr'><strong>cyclus</strong></span> <span class='ocrx_word' id='word_1_770' title='bbox 835 5594 930 5649; x_wconf 85' lang='lat' dir='ltr'><strong>ille</strong></span> <span class='ocrx_word' id='word_1_771' title='bbox 987 5592 1246 5665; x_wconf 83' lang='lat' dir='ltr'><strong>requirit.</strong></span> <span class='ocrx_word' id='word_1_772' title='bbox 1318 5595 1434 5644; x_wconf 83' lang='lat' dir='ltr'><strong>Hoc</strong></span> <span class='ocrx_word' id='word_1_773' title='bbox 1490 5592 1766 5641; x_wconf 86' lang='lat' dir='ltr'><strong>vocarunt</strong></span> <span class='ocrx_word' id='word_1_774' title='bbox 1823 5589 2016 5640; x_wconf 82' lang='lat' dir='ltr'><strong>autem</strong></span> 
     </span>
    </p>
   </div>
   <div class='ocr_carea' id='block_1_104' title="bbox 377 5673 2015 5758">
    <p class='ocr_par' dir='ltr' id='par_1_104' title="bbox 377 5673 2015 5758">
     <span class='ocr_line' id='line_1_104' title="bbox 377 5673 2015 5758; baseline -0.009 -14"><span class='ocrx_word' id='word_1_775' title='bbox 377 5685 656 5758; x_wconf 82' lang='lat' dir='ltr'><strong>temporis</strong></span> <span class='ocrx_word' id='word_1_776' title='bbox 688 5683 1017 5755; x_wconf 69' lang='lat' dir='ltr'><strong>periodum,</strong></span> <span class='ocrx_word' id='word_1_777' title='bbox 1047 5686 1330 5753; x_wconf 82' lang='lat' dir='ltr'><strong>quatenus</strong></span> <span class='ocrx_word' id='word_1_778' title='bbox 1351 5679 1421 5734; x_wconf 87' lang='lat' dir='ltr'><strong>ad</strong></span> <span class='ocrx_word' id='word_1_779' title='bbox 1470 5690 1648 5731; x_wconf 80' lang='lat' dir='ltr'><strong>unam</strong></span> <span class='ocrx_word' id='word_1_780' title='bbox 1706 5673 2015 5733; x_wconf 81' lang='lat' dir='ltr'><strong>revolutio-</strong></span> 
     </span>
    </p>
   </div>
   <div class='ocr_carea' id='block_1_105' title="bbox 2136 4689 3781 4771">
    <p class='ocr_par' dir='ltr' id='par_1_105' title="bbox 2136 4689 3781 4771">
     <span class='ocr_line' id='line_1_105' title="bbox 2136 4689 3781 4771; baseline 0.004 -25"><span class='ocrx_word' id='word_1_781' title='bbox 2136 4689 2225 4746; x_wconf 85' lang='grc' dir='ltr'>διὰ</span> <span class='ocrx_word' id='word_1_782' title='bbox 2271 4693 2333 4746; x_wconf 88' lang='grc' dir='ltr'>τὸ</span> <span class='ocrx_word' id='word_1_783' title='bbox 2383 4690 2552 4748; x_wconf 77' lang='grc' dir='ltr'>ἐνδεῖν</span> <span class='ocrx_word' id='word_1_784' title='bbox 2594 4694 2793 4770; x_wconf 73' lang='grc' dir='ltr'>ἑκάστῃ</span> <span class='ocrx_word' id='word_1_785' title='bbox 2844 4693 3452 4771; x_wconf 81' lang='grc' dir='ltr'>ἐννεακαιδεκαετηρίδι,</span> <span class='ocrx_word' id='word_1_786' title='bbox 3501 4698 3576 4759; x_wconf 83' lang='grc' dir='ltr'><strong>ὡς</strong></span> <span class='ocrx_word' id='word_1_787' title='bbox 3643 4698 3781 4752; x_wconf 63' lang='grc' dir='ltr'>ἀπο-</span> 
     </span>
    </p>
   </div>
   <div class='ocr_carea' id='block_1_106' title="bbox 2135 4778 3783 4860">
    <p class='ocr_par' dir='ltr' id='par_1_106' title="bbox 2135 4778 3783 4860">
     <span class='ocr_line' id='line_1_106' title="bbox 2135 4778 3783 4860; baseline 0.004 -26"><span class='ocrx_word' id='word_1_788' title='bbox 2135 4778 2400 4835; x_wconf 76' lang='grc' dir='ltr'>δέδεικται</span> <span class='ocrx_word' id='word_1_789' title='bbox 2432 4786 2512 4853; x_wconf 79' lang='grc' dir='ltr'>τῷ</span> <span class='ocrx_word' id='word_1_790' title='bbox 2552 4783 2901 4856; x_wconf 83' lang='grc' dir='ltr'>Πτολεμαίῳ,</span> <span class='ocrx_word' id='word_1_791' title='bbox 2936 4783 3147 4839; x_wconf 81' lang='grc' dir='ltr'>λεπτῶν</span> <span class='ocrx_word' id='word_1_792' title='bbox 3193 4786 3427 4860; x_wconf 88' lang='grc' dir='ltr'>πρώτων</span> <span class='ocrx_word' id='word_1_793' title='bbox 3475 4789 3642 4859; x_wconf 87' lang='grc' dir='ltr'>τριῶν</span> <span class='ocrx_word' id='word_1_794' title='bbox 3687 4788 3783 4840; x_wconf 81' lang='grc' dir='ltr'><strong>καὶ</strong></span> 
     </span>
    </p>
   </div>
   <div class='ocr_carea' id='block_1_107' title="bbox 2134 4866 3783 4949">
    <p class='ocr_par' dir='ltr' id='par_1_107' title="bbox 2134 4866 3783 4949">
     <span class='ocr_line' id='line_1_107' title="bbox 2134 4866 3783 4949; baseline 0.005 -26"><span class='ocrx_word' id='word_1_795' title='bbox 2134 4866 2395 4943; x_wconf 70' lang='grc' dir='ltr'>δευτέρων</span> <span class='ocrx_word' id='word_1_796' title='bbox 2433 4870 2535 4939; x_wconf 82' lang='grc' dir='ltr'>λζ’.</span> <span class='ocrx_word' id='word_1_797' title='bbox 2564 4870 2621 4926; x_wconf 73' lang='grc' dir='ltr'><strong>Εἴ</strong></span> <span class='ocrx_word' id='word_1_798' title='bbox 2654 4869 2710 4926; x_wconf 77' lang='grc' dir='ltr'>δὲ</span> <span class='ocrx_word' id='word_1_799' title='bbox 2748 4873 2837 4926; x_wconf 71' lang='grc' dir='ltr'><strong>καὶ</strong></span> <span class='ocrx_word' id='word_1_800' title='bbox 2885 4867 2963 4927; x_wconf 81' lang='grc' dir='ltr'>ἔτι</span> <span class='ocrx_word' id='word_1_801' title='bbox 3017 4872 3263 4929; x_wconf 90' lang='grc' dir='ltr'>λείπουσι</span> <span class='ocrx_word' id='word_1_802' title='bbox 3314 4873 3512 4930; x_wconf 86' lang='grc' dir='ltr'>λεπτὸν</span> <span class='ocrx_word' id='word_1_803' title='bbox 3560 4878 3783 4949; x_wconf 86' lang='grc' dir='ltr'>πρῶτον</span> 
     </span>
    </p>
   </div>
   <div class='ocr_carea' id='block_1_108' title="bbox 2130 4958 3783 5040">
    <p class='ocr_par' dir='ltr' id='par_1_108' title="bbox 2130 4958 3783 5040">
     <span class='ocr_line' id='line_1_108' title="bbox 2130 4958 3783 5040; baseline 0.006 -29"><span class='ocrx_word' id='word_1_804' title='bbox 2130 4958 2208 5023; x_wconf 79' lang='grc' dir='ltr'><strong>ἓν,</strong></span> <span class='ocrx_word' id='word_1_805' title='bbox 2254 4961 2342 5013; x_wconf 79' lang='grc' dir='ltr'>καὶ</span> <span class='ocrx_word' id='word_1_806' title='bbox 2392 4964 2439 5013; x_wconf 83' lang='grc' dir='ltr'>κ’</span> <span class='ocrx_word' id='word_1_807' title='bbox 2491 4958 2732 5034; x_wconf 78' lang='grc' dir='ltr'>δεύτερα,</span> <span class='ocrx_word' id='word_1_808' title='bbox 2766 4962 2865 5015; x_wconf 83' lang='grc' dir='ltr'>οὐκ</span> <span class='ocrx_word' id='word_1_809' title='bbox 2908 4959 3009 5031; x_wconf 80' lang='grc' dir='ltr'><strong>ἔξω</strong></span> <span class='ocrx_word' id='word_1_810' title='bbox 3055 4961 3227 5040; x_wconf 89' lang='grc' dir='ltr'>λόγου</span> <span class='ocrx_word' id='word_1_811' title='bbox 3272 4965 3360 5017; x_wconf 84' lang='grc' dir='ltr'><strong>καὶ</strong></span> <span class='ocrx_word' id='word_1_812' title='bbox 3408 4968 3592 5030; x_wconf 81' lang='grc' dir='ltr'>τοῦτο,</span> <span class='ocrx_word' id='word_1_813' title='bbox 3637 4961 3783 5021; x_wconf 85' lang='grc' dir='ltr'>διότι</span> 
     </span>
    </p>
   </div>
   <div class='ocr_carea' id='block_1_109' title="bbox 2132 5046 3781 5126">
    <p class='ocr_par' dir='ltr' id='par_1_109' title="bbox 2132 5046 3781 5126">
     <span class='ocr_line' id='line_1_109' title="bbox 2132 5046 3781 5126; baseline 0.005 -26"><span class='ocrx_word' id='word_1_814' title='bbox 2132 5046 2261 5121; x_wconf 75' lang='grc' dir='ltr'>οὐχὶ</span> <span class='ocrx_word' id='word_1_815' title='bbox 2305 5051 2561 5119; x_wconf 69' lang='grc' dir='ltr'>τέταρτον</span> <span class='ocrx_word' id='word_1_816' title='bbox 2608 5051 2818 5124; x_wconf 66' lang='grc' dir='ltr'>ἡμέρας</span> <span class='ocrx_word' id='word_1_817' title='bbox 2875 5048 3184 5126; x_wconf 80' lang='grc' dir='ltr'>ὁλόκληρον</span> <span class='ocrx_word' id='word_1_818' title='bbox 3252 5053 3629 5125; x_wconf 84' lang='grc' dir='ltr'>συναπαρτίζει</span> <span class='ocrx_word' id='word_1_819' title='bbox 3685 5055 3781 5108; x_wconf 85' lang='grc' dir='ltr'>τὸν</span> 
     </span>
    </p>
   </div>
   <div class='ocr_carea' id='block_1_110' title="bbox 2132 5135 3781 5216">
    <p class='ocr_par' dir='ltr' id='par_1_110' title="bbox 2132 5135 3781 5216">
     <span class='ocr_line' id='line_1_110' title="bbox 2132 5135 3781 5216; baseline 0.005 -27"><span class='ocrx_word' id='word_1_820' title='bbox 2132 5136 2404 5190; x_wconf 69' lang='grc' dir='ltr'>ἐνιαύσιαν</span> <span class='ocrx_word' id='word_1_821' title='bbox 2452 5136 2677 5207; x_wconf 72' lang='grc' dir='ltr'>κύκλον,</span> <span class='ocrx_word' id='word_1_822' title='bbox 2729 5135 2875 5193; x_wconf 81' lang='grc' dir='ltr'><strong>ἀλλᾶ</strong></span> <span class='ocrx_word' id='word_1_823' title='bbox 2940 5142 3085 5215; x_wconf 84' lang='grc' dir='ltr'>παρὰ</span> <span class='ocrx_word' id='word_1_824' title='bbox 3159 5142 3478 5216; x_wconf 87' lang='grc' dir='ltr'>τριακοστὸν</span> <span class='ocrx_word' id='word_1_825' title='bbox 3547 5141 3781 5216; x_wconf 78' lang='grc' dir='ltr'>ἡμέρας,</span> 
     </span>
    </p>
   </div>
   <div class='ocr_carea' id='block_1_111' title="bbox 2130 5223 3779 5305">
    <p class='ocr_par' dir='ltr' id='par_1_111' title="bbox 2130 5223 3779 5305">
     <span class='ocr_line' id='line_1_111' title="bbox 2130 5223 3779 5305; baseline 0.005 -27"><span class='ocrx_word' id='word_1_826' title='bbox 2130 5224 2205 5285; x_wconf 82' lang='grc' dir='ltr'><strong>ὡς</strong></span> <span class='ocrx_word' id='word_1_827' title='bbox 2255 5224 2305 5279; x_wconf 85' lang='grc' dir='ltr'>ὲν</span> <span class='ocrx_word' id='word_1_828' title='bbox 2355 5223 2552 5288; x_wconf 82' lang='grc' dir='ltr'>ἀλλοις</span> <span class='ocrx_word' id='word_1_829' title='bbox 2603 5226 2918 5300; x_wconf 77' lang='grc' dir='ltr'>εἰρήκαμεν.</span> <span class='ocrx_word' id='word_1_830' title='bbox 2953 5230 3057 5285; x_wconf 79' lang='grc' dir='ltr'><strong>Καὶ</strong></span> <span class='ocrx_word' id='word_1_831' title='bbox 3101 5229 3249 5286; x_wconf 74' lang='grc' dir='ltr'>οὕτω</span> <span class='ocrx_word' id='word_1_832' title='bbox 3300 5231 3394 5305; x_wconf 72' lang='grc' dir='ltr'>μὲν</span> <span class='ocrx_word' id='word_1_833' title='bbox 3450 5232 3477 5285; x_wconf 85' lang='grc' dir='ltr'>ὁ</span> <span class='ocrx_word' id='word_1_834' title='bbox 3521 5228 3779 5300; x_wconf 86' lang='grc' dir='ltr'>σεληνια-</span> 
     </span>
    </p>
   </div>
   <div class='ocr_carea' id='block_1_112' title="bbox 2128 5312 3779 5396">
    <p class='ocr_par' dir='ltr' id='par_1_112' title="bbox 2128 5312 3779 5396">
     <span class='ocr_line' id='line_1_112' title="bbox 2128 5312 3779 5396; baseline 0.005 -30"><span class='ocrx_word' id='word_1_835' title='bbox 2128 5314 2222 5375; x_wconf 83' lang='grc' dir='ltr'>κὸς</span> <span class='ocrx_word' id='word_1_836' title='bbox 2252 5312 2457 5376; x_wconf 69' lang='grc' dir='ltr'>κύκλος</span> <span class='ocrx_word' id='word_1_837' title='bbox 2488 5314 2537 5385; x_wconf 76' lang='grc' dir='ltr'>ἐξ</span> <span class='ocrx_word' id='word_1_838' title='bbox 2571 5315 2806 5391; x_wconf 74' lang='grc' dir='ltr'>ἀνάγκης</span> <span class='ocrx_word' id='word_1_839' title='bbox 2852 5314 2903 5371; x_wconf 79' lang='grc' dir='ltr'>ἒν</span> <span class='ocrx_word' id='word_1_840' title='bbox 2959 5319 3147 5392; x_wconf 87' lang='grc' dir='ltr'>μόνοις</span> <span class='ocrx_word' id='word_1_841' title='bbox 3195 5319 3510 5396; x_wconf 82' lang='grc' dir='ltr'>γνωρίζεται</span> <span class='ocrx_word' id='word_1_842' title='bbox 3566 5321 3629 5373; x_wconf 80' lang='grc' dir='ltr'><strong>ιϐ’</strong></span> <span class='ocrx_word' id='word_1_843' title='bbox 3660 5315 3779 5375; x_wconf 81' lang='grc' dir='ltr'>ἕτε-</span> 
     </span>
    </p>
   </div>
   <div class='ocr_carea' id='block_1_113' title="bbox 2129 5403 3780 5480">
    <p class='ocr_par' dir='ltr' id='par_1_113' title="bbox 2129 5403 3780 5480">
     <span class='ocr_line' id='line_1_113' title="bbox 2129 5403 3780 5480; baseline 0.005 -25"><span class='ocrx_word' id='word_1_844' title='bbox 2129 5423 2229 5469; x_wconf 86' lang='grc' dir='ltr'>σιν,</span> <span class='ocrx_word' id='word_1_845' title='bbox 2263 5403 2336 5464; x_wconf 86' lang='grc' dir='ltr'>ὼς</span> <span class='ocrx_word' id='word_1_846' title='bbox 2387 5403 2475 5457; x_wconf 77' lang='grc' dir='ltr'>καὶ</span> <span class='ocrx_word' id='word_1_847' title='bbox 2520 5408 2617 5459; x_wconf 82' lang='grc' dir='ltr'><strong>τοῦ</strong></span> <span class='ocrx_word' id='word_1_848' title='bbox 2662 5425 3077 5480; x_wconf 88' lang='grc' dir='ltr'>περιττουοντος</span> <span class='ocrx_word' id='word_1_849' title='bbox 3125 5413 3234 5463; x_wconf 90' lang='grc' dir='ltr'><strong>τῶν</strong></span> <span class='ocrx_word' id='word_1_850' title='bbox 3275 5411 3390 5464; x_wconf 81' lang='grc' dir='ltr'>κατ’</span> <span class='ocrx_word' id='word_1_851' title='bbox 3435 5408 3551 5471; x_wconf 84' lang='grc' dir='ltr'>ἔτος</span> <span class='ocrx_word' id='word_1_852' title='bbox 3612 5407 3780 5479; x_wconf 88' lang='grc' dir='ltr'>σελη-</span> 
     </span>
    </p>
   </div>
   <div class='ocr_carea' id='block_1_114' title="bbox 2126 5490 3779 5572">
    <p class='ocr_par' dir='ltr' id='par_1_114' title="bbox 2126 5490 3779 5572">
     <span class='ocr_line' id='line_1_114' title="bbox 2126 5490 3779 5572; baseline 0.006 -30"><span class='ocrx_word' id='word_1_853' title='bbox 2126 5494 2325 5544; x_wconf 83' lang='grc' dir='ltr'>νιακῶν</span> <span class='ocrx_word' id='word_1_854' title='bbox 2368 5490 2635 5566; x_wconf 79' lang='grc' dir='ltr'>περιόδων</span> <span class='ocrx_word' id='word_1_855' title='bbox 2674 5490 2762 5548; x_wconf 76' lang='grc' dir='ltr'><strong>διὰ</strong></span> <span class='ocrx_word' id='word_1_856' title='bbox 2810 5491 3086 5551; x_wconf 83' lang='grc' dir='ltr'>δεκαεννέα</span> <span class='ocrx_word' id='word_1_857' title='bbox 3137 5496 3316 5572; x_wconf 84' lang='grc' dir='ltr'>μόνων</span> <span class='ocrx_word' id='word_1_858' title='bbox 3367 5496 3502 5553; x_wconf 73' lang='grc' dir='ltr'>ἑτῶν</span> <span class='ocrx_word' id='word_1_859' title='bbox 3554 5496 3631 5559; x_wconf 83' lang='grc' dir='ltr'><strong>εἰς</strong></span> <span class='ocrx_word' id='word_1_860' title='bbox 3679 5497 3779 5561; x_wconf 76' lang='grc' dir='ltr'><strong>τὰς</strong></span> 
     </span>
    </p>
   </div>
   <div class='ocr_carea' id='block_1_115' title="bbox 2125 5578 3779 5661">
    <p class='ocr_par' dir='ltr' id='par_1_115' title="bbox 2125 5578 3779 5661">
     <span class='ocr_line' id='line_1_115' title="bbox 2125 5578 3779 5661; baseline 0.006 -30"><span class='ocrx_word' id='word_1_861' title='bbox 2125 5578 2377 5641; x_wconf 81' lang='grc' dir='ltr'>τοιαύτας</span> <span class='ocrx_word' id='word_1_862' title='bbox 2455 5579 2689 5645; x_wconf 83' lang='grc' dir='ltr'>ἐντελεῖς</span> <span class='ocrx_word' id='word_1_863' title='bbox 2763 5582 3053 5661; x_wconf 86' lang='grc' dir='ltr'>περιόδους</span> <span class='ocrx_word' id='word_1_864' title='bbox 3136 5581 3627 5661; x_wconf 76' lang='grc' dir='ltr'>ἀναϐιϐαζομὲνου,</span> <span class='ocrx_word' id='word_1_865' title='bbox 3684 5588 3779 5641; x_wconf 76' lang='grc' dir='ltr'><strong>καὶ</strong></span> 
     </span>
    </p>
   </div>
   <div class='ocr_carea' id='block_1_116' title="bbox 2126 5670 3778 5753">
    <p class='ocr_par' dir='ltr' id='par_1_116' title="bbox 2126 5670 3778 5753">
     <span class='ocr_line' id='line_1_116' title="bbox 2126 5670 3778 5753; baseline -0.004 -17"><span class='ocrx_word' id='word_1_866' title='bbox 2126 5670 2299 5735; x_wconf 77' lang='grc' dir='ltr'>πάσας</span> <span class='ocrx_word' id='word_1_867' title='bbox 2343 5670 2437 5737; x_wconf 82' lang='grc' dir='ltr'><strong>τὰς</strong></span> <span class='ocrx_word' id='word_1_868' title='bbox 2489 5672 2774 5753; x_wconf 77' lang='grc' dir='ltr'>εἷ’ρημὲνας</span> <span class='ocrx_word' id='word_1_869' title='bbox 2830 5672 2944 5732; x_wconf 90' lang='grc' dir='ltr'>σλε¹</span> <span class='ocrx_word' id='word_1_870' title='bbox 2992 5679 3279 5741; x_wconf 80' lang='grc' dir='ltr'>ποιοῦντος</span> <span class='ocrx_word' id='word_1_871' title='bbox 3327 5676 3504 5750; x_wconf 73' lang='grc' dir='ltr'>πάντη</span> <span class='ocrx_word' id='word_1_872' title='bbox 3556 5673 3778 5732; x_wconf 71' lang='grc' dir='ltr'>ἀνελλιο</span> 
     </span>
    </p>
   </div>
  </div>
