4098 6332
302 398 377 464 77
1293 424 1297 428 '
1334 400 1767 469 SYNTAGMA
1811 404 2439 470 ALPHABETICUM.
2488 444 2565 453 —
2611 419 2680 468 Π.
3634 407 3715 468 '18

300 539 437 607 πεῖς,
466 535 559 590 καὶ
610 531 786 608 μηδέν
828 556 878 590 τι
924 533 1123 589 λοιπὸν
1164 534 1399 611 ἐχούσας
1433 536 1707 610 περιττὸν,
1756 535 1937 613 ὥσπερ

2067 557 2187 599 aem
2242 543 2467 614 redigat
2498 539 2875 607 dilIerentias,
2910 556 3031 609 qua:
3071 540 3133 595 in
3161 541 3418 596 motibus
3461 540 3711 596 lumina.

300 623 362 691 ἦν
391 628 470 695 τῷ
520 622 715 695 κύκλῳ
763 624 943 696 τούτῳ
997 626 1220 687 σκοπός.
1273 625 1563 681 Ἐκάλεσαν
1593 622 1651 680 δὲ
1678 628 1769 681 τὸν
1804 630 1942 705 χρό-

2057 634 2210 691 rium
2225 636 2630 691 observantur.

300 732 387 767 νον
441 717 635 770 τοῦτον
697 711 1035 791 περιοδικὸν,
1086 714 1162 778 ὡς
1212 713 1288 777 εἷς
1339 714 1466 789 μίαν
1522 716 1952 773 ἀποκατάστασιν
2004 718 2206 795 ἄγοντα
2264 724 2357 785 τὰς
2410 719 2670 797 διαφορὰς
2725 722 2833 773 τῶν
2881 719 3143 788 κινήσεων
3200 722 3310 772 τῶν
3355 718 3551 796 φώτων
3604 718 3713 791 ἀμ.

305 822 371 881 φο
380 824 447 861 ιν.

431 908 551 963 Διὰ
588 906 649 962 τί
689 906 869 963 εἰσιν
911 909 1316 965 εἰκοσιοκτὼ
1356 910 1419 964 οἱ
1457 914 1571 966 τοῦ
1609 908 1815 979 ἡλίου

988 980 1276 1051 κύκλοις

371 1068 466 1129 Εἰς
517 1069 612 1139 κη’
657 1067 716 1124 δὲ
760 1067 1001 1133 κύκλους
1054 1068 1252 1126 ἄνεισιν
1309 1071 1338 1125 ὁ
1374 1074 1469 1126 τοῦ
1512 1070 1676 1141 ἡλίου
1721 1069 1948 1145 δρόμος,

304 1156 383 1211 ὅτι
420 1158 480 1211 αἱ
518 1158 619 1227 τξε¹
665 1157 755 1212 καὶ
799 1157 1057 1232 τέταρτον
1112 1159 1321 1234 ἡμέρας
1368 1164 1464 1214 τοῦ
1519 1159 1723 1234 χρόνου
1758 1165 1952 1215 ποιοῦ-

304 1266 383 1300 σιν
422 1240 734 1319 ἑϐδομάδας
770 1248 879 1320 νβ’,
924 1248 1014 1302 καὶ
1052 1247 1351 1322 περιττεύει
1392 1249 1507 1303 καθ’
1545 1244 1767 1303 ἕκαστον
1820 1251 1953 1328 χρό-

301 1357 389 1391 νον
446 1337 635 1413 ἠμὲρα
695 1338 815 1409 μία,
867 1338 959 1393 καὶ
1017 1339 1153 1394 κατᾶ
1207 1339 1468 1415 τὲσσαρας
1520 1338 1756 1418 χρόνους
1800 1337 1952 1401 αὖθις

300 1423 459 1500 ἑτέρα
515 1425 649 1499 μία.
696 1428 853 1482 ’Ὀθεν
895 1425 985 1481 καί
1028 1433 1314 1498 ζητοῦντες
1362 1428 1538 1501 εὑρεῖν
1587 1427 1694 1483 ἀπὸ
1724 1434 1823 1498 τῆς
1853 1430 1955 1482 τοῦ

305 1513 472 1583 ἡλίου
530 1517 799 1586 κινήσεως
854 1518 955 1586 τήν
1009 1523 1109 1586 τῆς
1165 1512 1475 1591 ἑϐδομάδος
1544 1516 1777 1590 ἡμέραν,
1835 1517 1956 1571 καθ’

300 1599 528 1658 ῑκαστον
581 1603 782 1659 κύκλον
841 1603 1009 1660 αύτοῦ
1058 1604 1266 1679 ἡμίραν
1338 1605 1465 1678 μίαν
1526 1600 1951 1678 προσλαμϐάνο-

305 1711 427 1764 μεν,
476 1693 571 1747 καὶ
623 1693 757 1767 μετᾶ
800 1695 1059 1768 τέσσαρας
1111 1696 1370 1768 χρόνους,
1430 1694 1595 1769 χάριν
1651 1697 1753 1749 τοῦ
1806 1692 1952 1767 βισὲ-

301 1802 456 1853 κτου,
489 1783 675 1859 ἑτέραν
719 1783 849 1857 μίαν
876 1803 889 1816 ·
933 1785 1023 1839 καὶ
1066 1788 1491 1857 συμποσοῦντες,
1541 1785 1640 1853 τὴν
1679 1781 1952 1855 ζητουμέ-

302 1891 398 1941 νην
447 1871 659 1947 ἡμέραν
698 1873 1044 1949 εὑρίσκομεν.
1090 1874 1157 1930 Αἱ
1197 1871 1288 1927 οὖν
1338 1872 1743 1947 περιττεύουσαι
1792 1872 1951 1928 αὗται

301 1959 354 2014 ὲν
387 1957 568 2015 ούόενὶ
609 1961 778 2035 ἑτάρῳ
818 1961 1006 2037 χρόνῳ
1042 1959 1392 2036 ὁλοκλήρους
1431 1956 1741 2035 ἑϐδομάδας
1778 1963 1949 2035 ἀπαρ-

303 2049 449 2103 τίσαι
487 2046 762 2117 δύνανται,
794 2051 870 2112 ὡς
912 2048 966 2104 ἒν
1002 2054 1081 2122 τῷ
1118 2049 1263 2105 τὲλει
1292 2055 1391 2104 τοῦ
1431 2052 1639 2125 χρόνου
1677 2051 1768 2105 καὶ
1798 2051 1955 2112 τέλος

306 2134 617 2212 ἑϐδομάδος
660 2139 969 2214 εὑρεθῆναι,
1024 2139 1070 2193 εἰ
1123 2141 1200 2211 μή
1252 2139 1304 2194 ἐν
1352 2143 1433 2211 τῷ
1475 2146 1559 2209 κη’
1623 2140 1832 2212 κύκλῳ.
1892 2141 1957 2195 Ai

305 2227 408 2299 γὰρ
464 2230 558 2295 κη’
616 2226 821 2300 ἡμέραι
878 2223 1178 2299 ἑδδομάδες
1236 2229 1472 2302 γίνονται
1536 2229 1809 2303 τέσσαρες,
1867 2229 1957 2282 καὶ

303 2314 370 2366 τὰ
423 2318 516 2384 κη’
577 2312 807 2388 τέταρτα
861 2320 968 2368 τῶν
1028 2318 1273 2389 ἡμερῶν,
1332 2311 1573 2389 ἑϐδομὰς
1628 2314 1775 2377 αὖθις
1836 2315 1956 2389 μία,

307 2404 441 2475 ὅπερ
476 2403 530 2455 ἐν
563 2403 732 2476 ἑτέρῳ
780 2404 893 2478 οὐχ
934 2404 1051 2457 οἷόν
1101 2424 1159 2457 τε
1198 2399 1470 2477 συμϐῆναι
1518 2403 1726 2477 κύκλῳ,
1779 2405 1823 2459 εἰ
1877 2406 1955 2476 μή

306 2487 357 2541 ἐν
384 2493 469 2559 τῷ
501 2497 589 2558 κη’
617 2488 655 2557 ἢ
687 2488 740 2543 ἐν
767 2494 848 2561 τῷ
890 2489 978 2544 δὶσ
1010 2494 1122 2560 κη’,
1220 2491 1339 2562 τρὶς
1380 2492 1464 2560 κη’
1511 2493 1597 2545 καὶ
1651 2492 1797 2562 ἑξῆς.
1830 2492 1954 2546 Ἐὰν

304 2573 360 2630 δὲ
394 2576 641 2631 ἐπέκεινα
680 2582 789 2632 τῶν
833 2580 899 2631 ιθ¹
936 2586 1036 2649 τῆς
1079 2578 1312 2649 σελήνης
1361 2578 1604 2647 κύκλών,
1720 2584 1826 2633 τῶν
1870 2586 1957 2649 κη’

299 2670 399 2719 τοῦ
429 2663 629 2735 ἡλίου,
681 2665 1027 2740 ἐθελήσωμεν
1077 2666 1305 2721 ἐκτεῖναι
1358 2668 1449 2722 τὸν
1500 2667 1752 2741 ἀριθμὸν,
1802 2668 1956 2742 εὑρε-

303 2757 528 2825 θὴσεται
561 2756 625 2809 τὸ
668 2755 1008 2827 ζητούμενον
1049 2753 1101 2809 ἐν
1150 2760 1267 2815 τοῖς
1316 2755 1555 2810 ἐπέκεινα
1601 2754 1847 2827 κύκλοις,
1880 2756 1954 2818 ὡς

302 2844 392 2899 καὶ
426 2842 482 2899 ὂν
513 2864 598 2917 τῳ
621 2850 668 2898 α’
697 2845 733 2914 ἢ
768 2844 816 2919 β’
843 2844 880 2913 ἤ
913 2846 961 2920 γ’
989 2844 1181 2916 κύκλῳ
1211 2844 1622 2919 ἑπεγινώσκετο.

362 2951 481 3006 Διὰ
511 2949 574 3004 τί
758 2953 875 3006 τοῦ
907 2950 1430 3025 ’Ῑανουαρίουμοὶ
1454 2958 1573 3022 τῆς
1605 2951 1894 3023 σελήνης

566 3021 809 3078 κύκλοι
838 3025 945 3077 καὶ
983 3021 1298 3095 θεμέλίοι
1328 3021 1689 3099 ἄρχονται.

372 3111 515 3166 Ἀπὸ
548 3108 606 3165 δὲ
634 3115 732 3166 τοῦ
773 3108 1103 3187 Ἰανουαρίου
1147 3111 1319 3184 μηνὸς
1360 3111 1453 3165 τόν
1488 3132 1547 3166 τε
1596 3110 1803 3167 κύκλον
1851 3117 1954 3182 τῆς

297 3198 540 3270 σελήνης
594 3198 684 3254 καὶ
747 3198 840 3254 τὸν
892 3198 1144 3272 θεμέλιον
1197 3197 1451 3277 ψηφίζειν
1499 3200 1807 3276 ἀρχόμεθα,
1867 3201 1951 3255 ὅτι

297 3292 367 3361 τῇ
428 3290 529 3362 μὲν
576 3289 808 3364 τετάρτῃ
862 3295 964 3359 τῆς
1023 3285 1334 3363 ἑϐδομάδος
1380 3289 1562 3365 ἡμέρᾳ
1602 3293 1631 3346 ὅ
1677 3311 1735 3346 τε
1797 3289 1954 3362 ἣλιος

2305 917 2456 974 205
2482 917 2661 986 Quare
2702 914 2845 987 ενι·ιὶ
2876 914 3004 970 solis
3039 914 3152 969 sint
3228 914 3455 971 XXVIII.

2129 1078 2280 1136 Solis
2308 1084 2503 1134 autem
2535 1092 2746 1132 cursus
2777 1076 2836 1130 in
2867 1074 3060 1147 cyclos
3092 1075 3162 1129 28
3196 1074 3530 1147 porrigitur,
3563 1090 3707 1146 quo-

2063 1168 2219 1223 niam
2253 1169 2388 1223 anni
2425 1166 2550 1221 dies
2587 1165 2690 1221 365
2735 1179 2867 1219 cum
2917 1167 3236 1234 quadrante
3275 1163 3562 1235 colligunt
3614 1180 3711 1218 se-

2062 1256 2353 1328 ptimanae
2391 1256 2483 1323 52,
2514 1260 2572 1310 et
2625 1253 2911 1309 redundat
2941 1254 3254 1323 quotannis
3304 1252 3428 1307 dies
3482 1268 3620 1315 una.
3654 1260 3711 1308 et

2062 1351 2193 1418 post
2259 1345 2403 1401 alios
2477 1344 2750 1412 deinceps
2823 1353 3072 1414 quatuor
3134 1358 3281 1397 unus
3330 1342 3474 1397 dies.
3548 1341 3711 1397 Unde

2061 1451 2193 1492 cum
2228 1434 2504 1506 indagare
2530 1432 2673 1489 libet
2709 1448 2779 1489 ex
2809 1437 2970 1486 motu
3002 1431 3140 1485 solis
3158 1431 3312 1485 diem
3344 1431 3709 1501 septimanae.

2065 1540 2164 1593 pro
2210 1522 2415 1593 quovis
2467 1519 2624 1593 cyclc
2655 1520 2831 1575 solari
2889 1519 3041 1574 diem
3105 1534 3276 1574 unam
3328 1519 3623 1587 addimus,
3657 1526 3713 1573 et

2065 1617 2198 1684 post
2242 1618 2497 1685 quatuor
2536 1626 2721 1667 annos
2754 1614 2990 1681 propter
3020 1608 3339 1665 bissextum
3372 1607 3583 1664 aliam:
3620 1614 3706 1663 at.

2060 1717 2173 1774 que
2222 1704 2302 1757 ita
2357 1701 2544 1773 (oycli)
2590 1698 2879 1756 currentis
2930 1698 3240 1770 quaesitum
3290 1698 3439 1753 diem
3486 1698 3708 1753 inveni-

2062 1808 2213 1847 mus.
2248 1791 2379 1846 Dies
2411 1794 2606 1846 autem
2654 1788 3046 1844 redundantes
3075 1787 3134 1841 in
3179 1786 3338 1842 nullo
3387 1786 3499 1843 alio
3557 1803 3709 1841 anno

2060 1881 2318 1952 integras
2355 1879 2716 1951 septimauas
2757 1876 2987 1948 explere
3035 1881 3277 1948 queunt,
3307 1876 3391 1930 ita
3413 1879 3476 1931 ut
3534 1875 3590 1929 in
3640 1874 3712 1928 fi-

2066 1985 2194 2025 nem
2211 1985 2281 2023 an
2292 1968 2348 2023 ni
2363 1968 2702 2039 septimanae
2718 1965 2890 2021 etiam
2914 1964 3046 2020 linis
3065 1965 3302 2031 incidat,
3323 1971 3708 2037 praeterquam

1988 2037 2034 2103 Β
2063 2058 2124 2114 in
2154 2057 2254 2112 illo
2298 2058 2369 2111 28
2399 2037 2577 2129 cyclo.
2624 2058 2766 2109 Nam
2808 2056 2936 2109 dies
2963 2054 3034 2107 28
3077 2053 3336 2109 conﬁunt
3369 2054 3711 2125 septimana;

2065 2152 2330 2215 quatuor,
2380 2150 2554 2217 atque
2584 2161 2651 2198 ex
2681 2143 2750 2197 28
2808 2142 3231 2213 quadrantibus
3271 2144 3495 2197 dierum
3529 2143 3712 2198 orilur

2065 2238 2390 2310 septimana
2419 2252 2554 2291 una.
2586 2234 2747 2298 Quod
2782 2234 2838 2287 in
2894 2234 3007 2287 alio
3037 2232 3195 2302 cyclo
3243 2232 3572 2302 contingere
3609 2250 3707 2287 ne—

2066 2329 2190 2399 quit
2219 2341 2389 2396 quam
2426 2325 2481 2378 in
2539 2324 2633 2388 28,
2684 2329 2785 2378 aut
2824 2322 2880 2376 in
2931 2323 3019 2375 bis
3050 2323 3140 2383 28,
3170 2322 3254 2375 vel
3288 2325 3375 2375 tor
3418 2321 3509 2387 ‘38,
3542 2328 3596 2374 et
3627 2322 3708 2375 δίε

2066 2418 2356 2485 deinceps.
2405 2414 2507 2469 Sin
2565 2428 2698 2467 vero
2758 2411 2973 2482 placeat
3024 2413 3106 2465 vel
3165 2410 3394 2482 cyclum
3447 2411 3595 2464 lunae
3646 2410 3711 2463 19

2066 2505 2151 2559 vel
2181 2504 2251 2558 28
2283 2503 2420 2558 solis
2472 2501 2623 2556 ultra
2671 2501 3002 2565 extendere,
3054 2501 3370 2571 reperietur
3399 2499 3706 2568 quaesitum

2070 2595 2125 2650 in
2168 2592 2344 2665 cyclis
2380 2591 2779 2662 sequentibus,
2824 2605 2939 2659 qua
2973 2591 3193 2643 ratione
3240 2589 3299 2642 in
3358 2586 3564 2657 primo,
3609 2593 3712 2642 aut

2065 2684 2451 2749 secundo,aut
2474 2679 2641 2736 tertio
2673 2680 2832 2749 cyclo
2864 2680 3138 2733 innotuit.

2101 2958 2291 3025 Quare
2319 2953 2470 3010 lunae
2496 2951 2641 3024 cycli
2666 2954 2716 3009 et
2754 2953 3124 3077 (undametnla
3144 2969 3177 3007 α
3207 2953 3668 3010 mensclanuario

2756 3040 3007 3077 incanum
3040 3065 3053 3077 .

2756 3040 3053 3080 mmmam.

2756 3043 2869 3080 νισι
2912 3043 3053 3079 iam.

2136 3118 2172 3172 Α
2195 3115 2470 3173 Januario
2501 3119 2695 3170 autem
2719 3043 2942 3182 cyclulni
2968 3118 3026 3169 et
3057 3114 3499 3170 fundamentum
3530 3115 3704 3171 etiam

2062 3203 2219 3259 lunae
2247 3204 2639 3274 computando
2670 3202 3007 3274 incipimus,
3038 3203 3313 3273 quoniam
3347 3214 3516 3274 qurla
3536 3206 3714 3276 septi-

2066 3308 2249 3347 manae
2280 3292 2366 3346 dit
2402 3292 2658 3363 primum
2692 3291 2903 3347 summi
2932 3290 3159 3361 opiﬁcis
3190 3293 3361 3346 verbo
3393 3292 3565 3348 creati
3596 3293 3709 3347 loco

295 3378 385 3434 καὶ
446 3381 480 3448 ἡ
544 3377 752 3449 σελήνη
810 3382 892 3450 τῷ
948 3375 1277 3454 δημιουργῷ
1346 3376 1501 3455 λόγῳ
1558 3379 1635 3442 εἷς
1690 3382 1754 3435 τὸ
1815 3381 1947 3434 εἶναι

2067 3385 2200 3436 runt
2228 3380 2312 3436 sol
2345 3388 2401 3436 et
2431 3380 2590 3446 luna,
2623 3378 2717 3434 die
2755 3394 2887 3434 vero
2920 3381 2984 3434 15
3034 3379 3250 3434 mensis
3289 3378 3478 3435 Martii
3514 3381 3706 3450 (men-

296 3468 688 3542 παρήχθησαν,
731 3471 814 3540 τῷ
853 3465 909 3522 δι
946 3466 1407 3542 πεντεκαιδεκάτῳ
1447 3469 1639 3545 δρόμῳ
1675 3473 1775 3524 τοῦ
1814 3469 1950 3526 κατὰ

294 3558 385 3612 τὸν
443 3558 687 3631 Μάρτιον
747 3559 895 3631 μῆνα
945 3556 1273 3628 σεληνισκοῦ
1324 3559 1514 3631 μηνὸς,
1565 3558 1687 3634 ἄρτι
1731 3563 1948 3633 πρῶτον

292 3643 745 3716 ἃνατετάλκασίν,
804 3648 896 3701 ἅτε
949 3653 1051 3717 τῆς
1109 3644 1347 3717 σελήνης
1411 3643 1950 3710 πεντεκαιδεκαταίας

295 3734 453 3796 εύθύς
518 3733 614 3788 καὶ
679 3732 892 3793 τελείας
958 3733 1333 3814 ἆναφανείσης,
1420 3732 1591 3807 μηδὲν
1657 3734 1845 3798 ἀτελὲς
1898 3733 1949 3807 ἐξ

295 3826 478 3898 ἀρχῆς
508 3827 611 3877 τοῦ
648 3827 783 3878 Θεοῦ
837 3820 1192 3893 πεποιηκέναι
1253 3823 1614 3894 θελήσαντος·
1671 3821 1762 3877 ’ίνα
1815 3825 1951 3897 μετὰ

294 3915 357 3968 τὸ
402 3913 563 3967 δῦναι
607 3913 698 3965 τὸν
761 3910 922 3983 ἣλιον
972 3911 1121 3987 πρωΐ
1169 3913 1544 3983 ἀνατείλαντα,
1596 3912 1685 3967 καὶ
1734 3915 1834 3981 τήν
1876 3912 1952 3975 είς

298 4002 546 4073 ἐξουσίαν
579 3998 730 4073 αὒτῷ
760 3998 1005 4055 δοθεῖσαν
1037 4004 1247 4077 ἡμέραν
1297 4002 1437 4071 ὅλην
1477 4001 1950 4078 καταφωτίσαντα,

300 4090 444 4161 δλην
502 4089 590 4143 καὶ
648 4088 785 4158 αύτή
841 4089 1152 4165 καταυγάσῃ
1216 4092 1315 4160 τήν
1388 4090 1703 4160 ὑπεξούσιον
1763 4090 1945 4144 νύκτα.

296 4179 440 4233 Ἀπὸ
472 4185 575 4247 τῆς
611 4180 667 4232 ιε’
717 4175 806 4232 οὖν
855 4182 954 4233 τοῦ
1002 4179 1251 4253 Μαρτίου
1299 4178 1494 4254 μέχρις
1546 4178 1680 4233 ὅλου
1728 4183 1823 4233 τοῦ
1856 4188 1948 4233 Δε-

297 4261 573 4341 κεμϐρίου
641 4272 810 4339 μῆνες
901 4265 1234 4337 εὑρίσκονται
1303 4267 1526 4337 ἡλιακοὶ
1597 4267 1692 4334 μὲν
1752 4270 1795 4322 θ’
1857 4270 1944 4322 καὶ

299 4356 534 4427 ἥμισυς,
570 4352 859 4431 διαφόρους
899 4357 1124 4430 ἡμερῶν
1169 4353 1392 4418 ἕκαστος
1435 4355 1743 4427 ποσότητας
1784 4352 1946 4432 ἔχονο

295 4464 427 4507 τες·
483 4445 535 4499 οἱ
587 4442 643 4497 δὲ
674 4450 774 4514 τῆς
826 4442 1088 4515 σελήνης,
1138 4443 1208 4499 δι’
1256 4446 1479 4520 ἡμερῶν
1534 4445 1616 4499 ἀεὶ
1671 4444 1945 4522 γινόμενοι

299 4538 505 4592 κθ¹καί
554 4535 826 4608 ἡμισείας,
860 4537 924 4591 ού
957 4536 1120 4609 μόνον
1173 4543 1339 4610 μῆνες
1390 4538 1624 4609 ὁρῶνται
1674 4540 1943 4591 τοσοῦτοι.

299 4623 453 4680 ἀλλὰ
488 4623 625 4696 πρὸς
666 4621 878 4685 τούτοις
924 4625 1017 4678 καὶ
1068 4624 1269 4697 ἡμέραι
1309 4624 1711 4696 περιττεύουσιν
1764 4626 1853 4679 ια’.
1886 4624 1947 4680 Ὁ

298 4717 404 4789 γὰρ
465 4714 803 4787 Ἰανουάριος
869 4712 960 4768 καὶ
1019 4715 1047 4768 ὁ
1106 4708 1483 4790 Φεϐρουάριος
1554 4715 1945 4786 συντιθέμενοι,

302 4800 461 4858 οὐδὲν
510 4801 678 4858 πλεον
727 4803 947 4880 φέρουσι
1000 4800 1334 4872 σεληνιακῶν
1390 4800 1486 4856 δύο
1549 4806 1752 4874 μηνῶν.
1796 4801 1949 4857 Ἐπεὶ

304 4889 399 4947 οὖν
433 4895 506 4964 τῇ
538 4895 635 4945 τοῦ
675 4893 1011 4966 Ἰανουαρίου
1062 4894 1106 4945 α’
1137 4892 1165 4946 ὁ
1195 4891 1521 4966 περιττεόων
1553 4894 1659 4945 τῶν
1716 4892 1781 4944 ια’
1811 4893 1952 4963 ἡμε-

304 5005 416 5060 ρων
470 4983 703 5058 ἀριθμὸς
761 4986 945 5062 σαφῶς
995 4981 1228 5060 ἀνεφάνη
1274 4980 1408 5053 μετά
1468 4980 1561 5033 τὸν
1610 4979 1950 5053 ἀπαρτισμὸν

299 5079 399 5129 τού
448 5072 664 5128 τελείου
729 5073 829 5143 τῆς
895 5069 1131 5141 σελήνης
1187 5068 1415 5139 κύκλου,
1484 5071 1790 5145 ἀναγκαίως
1847 5069 1951 5122 ἀπὸ

301 5167 408 5218 τοῦ
435 5160 773 5238 Ὶανουαρίου
804 5159 835 5215 ὃ
862 5179 923 5214 τε
952 5158 1152 5220 κύκλος
1195 5159 1389 5228 αὐτῆς.
1441 5157 1531 5212 καὶ
1564 5158 1592 5212 ὁ
1622 5155 1950 5231 περπττεύων

301 5252 535 5327 ἀριθμὸς
566 5250 823 5327 ἄρχεται,
865 5247 1117 5321 θεμέλιος
1157 5252 1264 5303 τῶν
1297 5250 1522 5324 ἡμερων
1560 5246 1657 5302 τοῦ
1697 5246 1820 5319 ἑξῆς
1853 5243 1952 5300 αὕ-

301 5349 403 5411 τῆς
432 5340 640 5397 κύκλου
668 5340 762 5396 καὶ
795 5332 870 5393 ὥν
903 5336 993 5394 καὶ
1022 5334 1379 5410 καλούμενος.

364 5450 483 5504 Διά
518 5450 582 5505 τί
619 5448 747 5505 ἀπὸ
786 5448 905 5518 τοῦ
946 5439 1364 5518 Ὀκτωόρίου
1406 5445 1468 5499 οἱ
1505 5443 1744 5499 κύκλοι
1782 5448 1898 5498 τοῦ

819 5517 1028 5588 ἡλίου
1068 5515 1427 5590 ἄρχονται.

371 5610 509 5667 Ἀπὸ
560 5609 619 5667 aa
667 5612 774 5666 τοῦ
833 5600 1176 5679 Ὀκτωϐρίου
1259 5605 1354 5669 τὰς
1410 5610 1519 5661 τῶν
1577 5603 1797 5661 κύκλων
1853 5609 1951 5662 τοῦ

300 5696 469 5768 ¹ἤλίου
509 5702 685 5779 φαμὲν
730 5695 998 5773 ἄρχεσθαι
1036 5690 1349 5767 περιόδους,
1390 5693 1475 5750 ὅτι
1522 5698 1603 5765 τῷ
1649 5696 1707 5748 ιε’
1755 5690 1951 5769 δρὸθμῳ

300 5792 396 5852 τοῦ
432 5790 681 5877 Μαρτίου
738 5786 937 5869 μηνὸς,
981 5781 1358 5848 ἀνατείλαντος
1404 5787 1500 5841 τοῦ
1546 5779 1737 5860 ἥλίου,
1784 5785 1949 5863 μέχρι

2061 3485 2182 3526 sem
2259 3469 2521 3541 intelligo
2588 3468 2876 3539 lunarem)
2953 3470 3206 3540 primum
3274 3468 3707 3525 exoriebantur.

2063 3558 2216 3614 Luna
2265 3556 2485 3613 scilicet
2533 3565 2657 3612 tum
2702 3557 2929 3612 decima
2967 3557 3169 3628 quinta
3212 3573 3277 3612 ac
3329 3557 3498 3628 plena
3547 3555 3712 3612 cliul-

2060 3648 2134 3703 sit
2176 3648 2282 3719 (ita
2312 3646 2462 3702 Deus
2495 3646 2635 3701 nihil
2671 3645 2991 3718 quidquam
3034 3663 3069 3701 a
3112 3646 3394 3717 principio
3434 3645 3711 3716 imperte—

2059 3741 2214 3792 ctum
2244 3751 2437 3791 creare
2460 3734 2690 3803 voluit),
2721 3741 2785 3789 ut
2804 3739 2935 3805 post
2958 3735 3101 3789 solis
3121 3750 3394 3791 occasum
3419 3735 3519 3807 qui
3545 3751 3713 3791 mane

2060 3829 2221 3881 ortus
2257 3826 2463 3893 fuerat,
2495 3833 2550 3879 et
2579 3828 2760 3878 totum
2805 3824 2957 3879 diem
2990 3823 3099 3878 sibi
3150 3823 3536 3879 commissum
3576 3824 3714 3879 illu-

2059 3919 2356 3979 straverat,
2399 3912 2539 3967 luna
2592 3916 2820 3967 noctem
2876 3912 2987 3967 sibi
3051 3912 3465 3967 demandatum
3527 3916 3706 3968 totam

2058 4002 2440 4057 illuminaret.
2494 4001 2788 4071 [dprOpter
2844 4016 2878 4055 a
2938 4001 3003 4053 l5
3045 4000 3233 4056 Martii
3267 4016 3448 4072 usque
3478 4001 3547 4055 ad
3592 4000 3709 4056 De-

2057 4092 2349 4145 cembrem
2409 4088 2762 4159 completum
2816 4090 3181 4158 reperiuntur
3230 4104 3456 4146 menses
3487 4087 3707 4145 salares

2056 4183 2091 4235 9
2119 4197 2251 4236 cum
2285 4178 2547 4246 dimidio,
2593 4179 2688 4248 qui
2739 4179 2970 4249 quidem
3018 4179 3208 4250 quoad
3241 4195 3553 4235 numerum
3584 4179 3706 4234 die-

2057 4286 2184 4324 rum
2246 4269 2402 4323 inter
2441 4283 2503 4322 se
2545 4267 2816 4322 variant:
2852 4283 3085 4323 menses
3117 4284 3249 4322 vero
3293 4268 3548 4333 lunares,
3601 4268 3700 4337 qui

2058 4363 2333 4429 perpetuo
2366 4360 2500 4411 sunt
2533 4356 2758 4411 dierum
2789 4356 2860 4409 29
2899 4372 3031 4411 cum
3069 4357 3335 4417 semisse.
3368 4373 3481 4412 non
3515 4355 3705 4412 solum

2056 4456 2193 4503 sunt
2224 4461 2464 4501 numero
2508 4445 2740 4500 totidem
2776 4460 3028 4512 menses,
3082 4446 3181 4501 sed
3223 4446 3508 4501 accedunt
3537 4445 3707 4500 insu-

2057 4551 2160 4609 per
2197 4536 2322 4590 dies
2373 4535 2459 4590 ll.
2490 4535 2635 4589 Nam
2693 4534 3012 4589 Ianuarius
3058 4539 3115 4590 et
3153 4533 3498 4590 Februarius
3527 4534 3706 4589 simul

2057 4625 2275 4694 sumpti
2328 4623 2694 4679 constituunt
2731 4633 2928 4679 exacte
2988 4625 3134 4678 duos
3186 4640 3416 4679 menses
3450 4622 3702 4677 lunares.

2056 4713 2341 4780 Quoniam
2390 4713 2565 4779 igitur
2612 4713 2800 4783 primo
2849 4712 2943 4767 die
2976 4712 3238 4767 Januarii
3295 4711 3558 4767 undecim
3595 4713 3706 4767 ista

2058 4803 2283 4857 dierum
2320 4817 2593 4855 excessus
2633 4802 2931 4856 evidenter
2985 4808 3242 4871 apparet,
3279 4802 3376 4872 qui
3412 4808 3536 4871 post
3565 4817 3704 4855 exa-

2060 4891 2212 4944 cium
2276 4893 2458 4944 totum
2492 4888 2714 4960 cyclum
2763 4889 2932 4953 lunie,
2990 4889 3314 4944 necessario
3344 4907 3375 4943 a
3402 4888 3708 4949 Januario.

2061 4986 2118 5033 et
2147 4981 2347 5046 cyclus
2387 4976 2516 5047 ejus
2565 4984 2621 5031 et
2679 4994 2957 5032 numerus
3005 4978 3343 5031 redundans
3392 4977 3705 5047 incipiunt,

2060 5066 2158 5137 qui
2187 5068 2623 5122 fundamentum
2658 5068 2884 5122 dierum
2926 5065 3135 5136 reliqui
3161 5066 3303 5135 cycli
3340 5067 3495 5122 lunae
3529 5071 3586 5122 et
3615 5075 3708 5122 est

2061 5160 2120 5210 et
2150 5154 2498 5227 appellatur.

2203 5449 2373 5518 Quam
2403 5450 2469 5507 ob
2498 5466 2721 5505 causam
2744 5448 2883 5532 cycli
2901 5446 3036 5573 εριίς
3062 5449 3130 5505 ab
3167 5447 3381 5506 Octobri
3409 5447 3554 5504 inci-

2785 5535 2918 5573 1mm
2953 5561 2964 5573 .

2783 5535 2964 5590 piam.

2130 5610 2214 5665 Ab
2245 5609 2479 5665 Octobri
2512 5613 2704 5665 autem
2737 5608 3032 5680 oyclorum
3075 5609 3355 5666 solarium
3392 5608 3702 5664 revolutio—

2062 5714 2171 5755 nos
2220 5697 2477 5754 inchoari
2524 5698 2800 5767 dicimus,
2836 5697 2979 5769 quia
3026 5716 3059 5754 a
3106 5699 3195 5754 die
3234 5698 3455 5753 decimo
3496 5696 3699 5767 quinto

2063 5786 2251 5846 Martii
2290 5786 2581 5845 exoriente
2636 5784 2756 5843 sole
2813 5802 3001 5863 usque
3049 5787 3120 5842 ad
3169 5786 3473 5844 Octobrem
3534 5798 3701 5841 meu-
