4098 6332
391 442 474 506 '79

1679 437 2051 509 MATTHIEI
2093 444 2388 514 BLASTA
2400 453 2521 514 Ριῐὲ

3715 439 3790 508 80

390 589 515 632 sem
547 575 672 631 dies
703 573 994 632 mensium
1027 591 1161 630 cum
1185 573 1390 632 diebus
1430 578 1771 648 septimana:
1795 594 2029 651 permn-

2163 589 2236 639 Loii
2267 581 2601 661 Ὀκτωϐρίου
2649 587 2844 660 μηνὸς,
2887 583 3319 660 ἐνηλλαγμένως
3353 585 3405 639 αἱ
3449 567 3552 638 τῶν
3603 581 3789 657 μηνῶν

387 666 556 720 tatim
591 665 952 718 decurrunt:
991 663 1085 720 die
1128 671 1322 720 autem
1372 665 1561 736 primo
1603 665 1888 735 Octobris,
1943 687 2035 728 re-

394 757 558 825 perta
606 753 779 809 etiam
833 751 1162 823 septimana
1209 753 1268 808 in
1307 752 1497 826 primo
1543 755 1716 811 istius
1755 757 1871 824 die,
1900 758 2037 816 inde

389 847 446 898 et
479 841 834 896 exordimur.
891 841 1037 896 Nam
1070 845 1274 911 prater
1311 841 1614 899 Octobrem
1660 845 1858 902 nullus
1885 849 2036 904 alius

389 931 610 986 mensis
647 930 706 984 in
758 929 946 1001 prima
993 929 1128 986 solis
1177 931 1409 1002 periodo
1461 932 1706 1002 primum
1754 936 1849 991 sui
1880 937 2035 993 diem

387 1036 518 1074 cum
555 1018 740 1090 primo
768 1019 862 1074 die
891 1019 1229 1090 septimanis
1261 1020 1685 1078 coincidentem
1715 1040 1806 1080 em
1836 1025 2036 1082 habet.

388 1109 472 1162 Ab
495 1108 605 1161 isto
626 1105 805 1176 igitur
834 1123 1033 1162 mense
1061 1107 1430 1180 incipientes,
1457 1109 1814 1181 reliquorum
1837 1114 2041 1172 ordine

387 1196 675 1252 mensium
707 1194 830 1251 dies
861 1196 932 1250 28
970 1196 1124 1252 206
1181 1197 1531 1268 omittimus,
1559 1203 1756 1271 utpote
1783 1201 2040 1276 integras

388 1283 782 1340 hebdomadas
799 1285 1218 1341 constituentes
1243 1303 1258 1354 ;
1286 1288 1411 1343 dies
1432 1303 1564 1345 vero
1579 1290 1678 1360 qui
1702 1287 2038 1363 supersunt,

381 1373 720 1444 accipimus,
759 1373 942 1428 donec
973 1376 1042 1428 ad
1072 1375 1264 1440 illum,
1320 1392 1492 1448 quem
1535 1379 1878 1450 quaerimus,
1905 1399 2038 1454 per-

385 1463 671 1518 veniatur.
713 1461 874 1526 Quod
928 1470 1121 1518 autem
1154 1466 1262 1520 hoc
1292 1467 1591 1534 contingat
1622 1469 1680 1522 in
1711 1469 1904 1540 primo
1935 1486 2039 1542 ey-

387 1551 476 1606 clo
515 1550 897 1606 revolutionis
943 1551 1171 1618 solaris,
1225 1553 1388 1610 facile
1435 1570 1504 1610 ex
1549 1570 1617 1610 eo
1673 1557 2036 1630 intelligitur.

385 1639 540 1712 quod
587 1656 622 1694 a
651 1640 742 1694 die
775 1640 841 1694 15
873 1641 1077 1710 Martii,
1111 1658 1224 1712 quo
1271 1643 1358 1698 sol
1391 1643 1628 1715 quidem
1668 1650 1898 1702 creatus
1927 1652 2038 1714 est,

385 1744 573 1800 usque
602 1729 668 1782 ad
702 1727 1100 1798 Septembrem
1164 1738 1454 1799 exactum,
1489 1739 1872 1789 numerentur
1899 1751 2037 1792 cum

387 1819 571 1873 tribus
598 1816 736 1884 illis,
789 1818 892 1888 qui
942 1816 1125 1872 solem
1189 1824 1389 1876 natum
1441 1830 1870 1891 praecesserant,
1913 1825 2038 1882 dies

2141 675 2344 749 ἡμέραι
2375 677 2510 751 πρὸς
2541 677 2635 737 τὰς
2686 681 2785 744 τῆς
2838 669 3144 750 ἑϐδομάδος
3192 673 3442 752 ἐφέροντο
3467 692 3480 704 ·
3520 677 3588 747 τῇ
3641 669 3699 727 δὲ
3740 676 3788 726 α’

2140 767 2238 817 τοῦ
2303 759 2643 839 Ὀκτιυϐρίου
2710 762 3013 837 εὑρεθείσης
3071 762 3312 829 καί-τῆς
3360 757 3674 836 ’ἑϐδομάδος
3735 759 3786 814 ἐν

2140 857 2210 925 τῇ
2253 856 2295 906 α’
2351 857 2460 908 τῶν
2515 852 2682 922 αὐτῆς
2747 855 2994 928 ἡμερῶν,
3054 851 3252 906 ἐκεῖθεν
3317 853 3405 906 καὶ
3470 851 3786 924 ἀρχόμεθα.

2144 939 2338 1003 Οὐδεὶς
2367 943 2471 1018 γάρ
2502 941 2607 996 τῶν
2645 947 2829 1015 μηνῶν
2861 939 3064 1019 ἔτερος,
3095 943 3177 996 ὅτι
3213 942 3290 1014 μή
3326 941 3485 1012 μόνος
3521 941 3548 993 ὁ
3575 941 3778 994 Ὀκτώο

2144 1026 2324 1106 ϐριος,
2367 1031 2502 1086 κατᾶ
2549 1033 2648 1102 τὴν
2697 1033 2920 1106 πρώτην
2978 1035 3075 1086 τοῦ
3143 1031 3307 1101 ἡλίου
3359 1026 3616 1103 περίοδον
3685 1030 3786 1098 τὴν

2143 1123 2372 1196 πρώτην
2431 1125 2538 1176 τῶν
2586 1119 2750 1176 αὐτοῦ
2783 1123 3004 1195 ἡμερῶν
3049 1125 3118 1194 τῇ
3163 1119 3353 1196 πρώτῃ
3405 1125 3504 1188 τῆς
3545 1113 3789 1191 ἑϐδομά-

2145 1205 2242 1268 δος
2281 1205 2401 1287 ἔχει
2451 1210 2889 1283 συμπίπτουσαν.
2939 1209 3034 1264 Ἐκ
3079 1207 3272 1262 ττύτου
3321 1205 3500 1260 τοίνυν
3541 1204 3790 1279 ἀρχόμε-

2142 1318 2250 1366 νοι,
2291 1297 2523 1352 έκᾶστου
2571 1301 2678 1353 τῶν
2725 1298 2848 1369 ἑξῆς
2910 1301 3098 1371 μηνῶν
3152 1297 3249 1358 τὰς
3303 1296 3398 1370 μὲν
3439 1301 3526 1364 κη“
3573 1291 3787 1367 ἡμέρας

2144 1386 2343 1460 ἐῶμεν,
2409 1389 2484 1451 ὡς
2553 1386 2902 1462 ὁλοκλήρους
2967 1382 3280 1460 ἑϐδομάδας
3361 1385 3785 1458 ἀπαρτιζούσαις,

2141 1479 2236 1538 τὰς
2277 1475 2334 1530 δὲ
2383 1475 2628 1532 ἐπέκεινα
2667 1477 2874 1532 τούτων
2913 1469 3290 1550 λαμϐάνομεν,
3329 1471 3434 1536 ἕως
3471 1475 3532 1528 ἂν
3571 1472 3650 1535 εἷς
3689 1474 3790 1541 τήν

2144 1563 2351 1638 ἡμέραν
2393 1561 2663 1638 ἔλθωμεν,
2714 1567 2837 1640 περὶ
2887 1567 2954 1633 ἧς
2992 1566 3092 1634 τήν
3131 1565 3356 1635 ζήτησιν
3400 1558 3790 1636 ἔχομεν.-¹Ὀτι

2146 1649 2201 1705 δὲ
2230 1655 2364 1706 κατά
2394 1653 2484 1707 τὸν
2515 1656 2733 1726 πρῶτον
2777 1659 2876 1722 τῆς
2918 1649 3280 1726 δημιουργίας
3329 1653 3426 1704 τοῦ
3476 1648 3642 1718 ἡλίου
3693 1647 3794 1702 κύ·-

2146 1739 2279 1796 κλον
2313 1740 2454 1794 οὕτω
2486 1742 2800 1812 συνήντησε,
2833 1741 3162 1814 καταμαθεῖν
3209 1738 3428 1802 εὐπετές
3451 1781 3465 1794 .
3519 1738 3658 1794 Ἀπὸ
3689 1743 3791 1806 τῆς

2153 1836 2211 1886 ιε’
2239 1837 2337 1887 τοῦ
2369 1832 2634 1908 Μαρτίου,
2679 1831 2730 1886 ἐν
2835 1834 2933 1902 τήν
2973 1832 3172 1907 γένεσιν
3220 1829 3377 1907 ἔσχεν
3407 1831 3434 1885 ὁ
3467 1829 3658 1900 ἥλιος,
3695 1828 3792 1902 μέ-

381 1907 509 1962 203.
570 1907 668 1962 Isti
725 1906 1092 1963 constituunt
1141 1909 1500 1980 septimanae
1545 1911 1739 1984 9post
1786 1913 2034 1986 viginti;

2163 1932 2276 1999 ίρὲς
2310 1921 2444 1975 ὅλου
2465 1906 2570 1976 τοῦ
2605 1906 3000 1996 Σεπτεμϐρίου,
3045 1922 3179 1993 μετᾶ
3207 1906 3318 1974 τῶν
3351 1921 3455 1994 πρὸ
3494 1923 3592 1975 τοῦ
3625 1917 3792 1989 ἡλίου

385 1999 602 2068 quippe
632 1995 845 2064 septies
871 1995 944 2049 20
971 1997 1114 2052 dant
1159 1997 1286 2065 140,
1317 2004 1375 2054 et
1437 2001 1651 2071 septies
1703 2002 1830 2064 963.
1862 2004 2038 2059 adeo-

385 2101 500 2156 que
539 2083 763 2153 primus
794 2083 919 2138 dies
965 2083 1232 2141 Octobris
1281 2087 1342 2142 in
1396 2089 1651 2160 primum
1694 2092 2038 2162 septimana

383 2175 540 2230 diem
569 2171 792 2229 incidit.

713 2451 984 2522 Quomodo
1020 2453 1297 2524 reperitur
1332 2455 1520 2527 cyclus
1551 2457 1717 2512 lunae.

463 2544 702 2612 Quando
756 2550 950 2601 tamen
1009 2545 1162 2601 lunas
1213 2547 1439 2618 cyclum
1488 2548 1746 2604 invenire
1767 2550 2038 2620 volueris,

391 2637 589 2692 datum
640 2649 856 2690 annum
910 2650 1188 2690 manuum
1241 2635 1438 2705 digitis
1469 2653 1630 2708 rapo,
1667 2643 1724 2693 et
1751 2644 2032 2712 supputa.

392 2724 692 2780 Statuatur
721 2727 936 2790 autem,
979 2725 1224 2796 exempli
1275 2725 1480 2797 gratia,
1531 2745 1785 2798 prmsens
1815 2729 1910 2786 hic
1939 2746 2040 2785 an-

395 2828 508 2868 nus
563 2812 725 2867 6843.
778 2811 1062 2876 Quoniam
1104 2818 1366 2882 respectu
1421 2815 1488 2868 19
1546 2817 1836 2888 cyclorum
1889 2819 2038 2874 Iunis

396 2902 615 2974 pariter
645 2915 768 2956 sese
807 2897 1026 2955 habent
1071 2903 1298 2958 numeri
1341 2903 1442 2958 190
1482 2909 1536 2959 et
1570 2906 1728 2974 1800,
1761 2907 2041 2964 subtrahe

395 2998 480 3049 ter
512 2991 614 3047 190
653 3007 722 3046 ex
764 2991 926 3046 6843.
961 2991 1100 3048 Dein
1141 3009 1210 3050 ex
1257 2995 1489 3051 residuo
1533 2997 1690 3064 1143,
1750 2999 1920 3054 deme
1949 3013 2038 3054 se-

395 3081 519 3136 xies
563 3077 688 3147 190,
747 3078 1144 3152 relinquentur
1203 3083 1237 3137 3
1283 3099 1387 3155 pro
1427 3083 1585 3158 cyclo
1637 3085 1812 3156 lunae,
1852 3085 1940 3142 vel
1989 3087 2040 3142 si

397 3171 608 3244 placet,
629 3183 794 3224 serva
842 3167 1032 3224 solum
1083 3171 1219 3226 anni
1282 3172 1518 3230 minoris
1559 3192 1722 3231 num.
1773 3177 1861 3245 43,
1907 3176 2041 3248 qui-

399 3259 508 3316 bus
535 3257 723 3328 adjice
755 3257 844 3326 17,
873 3273 1000 3330 quas
1022 3259 1260 3330 quidem
1283 3268 1600 3333 supersunt
1633 3269 1762 3336 post
1783 3267 2041 3337 proxime

398 3347 625 3418 lapsam
647 3345 1232 3429 hecatontaeteridem
1256 3365 1270 3404 :
1315 3355 1372 3406 et
1389 3350 1542 3408 hanc
1575 3359 2045 3425 summam,puta

400 3437 492 3499 60,
525 3434 719 3493 divide
766 3451 869 3506 per
902 3435 986 3506 19,
1041 3437 1275 3494 residua
1321 3438 1353 3492 3
1405 3441 1722 3496 ostendunt
1753 3441 1923 3514 plane
1953 3457 2020 3511 cy

403 3527 554 3582 clum
587 3525 760 3582 lunae.

583 3705 854 3776 Quomodo
907 3704 1186 3762 invenitur
1239 3707 1662 3778 fundamentum
1717 3711 1886 3769 luna.

479 3794 666 3864 Hujus
697 3798 891 3848 autem
927 3793 1368 3851 fundamentum
1403 3804 1672 3853 accurate
1723 3799 1966 3862 tenebis,
2000 3796 2052 3853 si

408 3886 580 3940 modo
611 3881 1090 3954 undecuplaveris
1111 3885 1235 3954 jam
1275 3886 1574 3941 inventum
1619 3887 1766 3942 lunzr
1798 3888 2048 3959 cyclum,

407 3977 466 4028 et
510 3981 631 4026 tum
683 3971 808 4026 dies
857 3975 976 4026 tres
1016 3974 1302 4043 producto
1377 3976 1474 4029 isti
1533 3976 1834 4046 adjiciens,
1895 3976 2052 4029 illam

410 4075 700 4118 summam
725 4058 988 4115 diviseris
1047 4078 1149 4132 per
1194 4063 1283 4117 30.
1344 4063 1676 4120 Servabitur
1731 4066 1887 4120 enim
1942 4082 2054 4118 nu-

410 4165 604 4207 merus
638 4148 905 4204 residuus
941 4165 1043 4220 pro
1085 4150 1461 4209 fundamento
1489 4154 1659 4208 lunas.
1697 4155 1830 4210 Ideo
1853 4160 2050 4207 autem

413 4238 772 4309 adjiciuntur
811 4244 926 4292 tres
982 4238 1076 4294 isti
1133 4240 1278 4310 dies,
1329 4241 1607 4313 quoniam
1671 4242 1730 4296 in
1783 4243 1850 4295 19
1887 4241 2058 4296 annis

412 4325 740 4398 completis,
773 4333 833 4381 ut
863 4325 1076 4382 dictum
1125 4333 1234 4394 est,
1267 4346 1382 4384 non
1443 4346 1642 4386 revera
1677 4329 2061 4385 restituuntur

416 4420 607 4473 motus
627 4414 776 4470 lunas
806 4415 854 4470 si
894 4414 1346 4486 longitudinem,
1372 4420 1470 4473 sed
1507 4421 1706 4474 desunt
1737 4418 1914 4474 unius
1947 4419 2062 4474 diei

420 4504 642 4560 minuta
671 4505 858 4575 prima
878 4504 948 4572 3',
979 4509 1036 4559 et
1064 4507 1324 4562 secunda
1351 4507 1484 4572 37',,
1517 4510 1655 4562 adeo
1690 4513 1754 4562 ut
1787 4508 1841 4561 in
1874 4507 2061 4577 spatio

419 4607 708 4650 annorum
755 4591 861 4646 304
917 4593 1280 4665 cycluslunas
1339 4597 1454 4650 fere
1521 4596 1610 4650 die
1669 4613 1782 4650 uno
1814 4595 2060 4650 deﬁciat.

2149 2015 2314 2084 τριῶν
2357 2013 2582 2086 ἡμερῶν
2631 2010 2833 2085 ἡμέραι
2877 2010 3110 2087 γίνονται
3155 2013 3262 2086 σγ’,
3293 2007 3494 2071 α’ίτινες
3539 2011 3790 2063 ποιοῦσιν

2149 2097 2459 2173 ἑϐδομάδας
2516 2098 2658 2154 ἐννέα
2715 2100 2806 2155 καὶ
2852 2099 3050 2155 εἴκοσιν
3087 2119 3100 2132 ·
3159 2099 3381 2161 ἑπτάκις
3442 2099 3546 2174 γὰρ
3596 2097 3665 2152 τὰ
3717 2094 3793 2150 εἷ’-

2148 2211 2302 2244 κοσιν
2361 2188 2548 2244 ἑκατὸν
2601 2189 3017 2265 τεσσαράκοντα,
3073 2189 3164 2243 καὶ
3221 2186 3443 2250 ἑπτάκις
3501 2187 3568 2240 τὰ
3621 2184 3792 2252 ἐννέα,

2151 2279 2408 2349 ἑξήκοντα
2459 2281 2584 2354 τρία
2617 2298 2630 2310 ·
2682 2277 2878 2334 λοιπὸν
2940 2281 2976 2348 ἡ
3033 2280 3225 2353 πρώτη
3293 2280 3390 2332 τοῦ
3456 2271 3795 2352 Ὀκτωϐρίου

2151 2365 2358 2442 ἐγένετο
2388 2366 2480 2421 καὶ
2511 2367 2702 2441 πρώτη
2725 2373 2829 2437 τῆς
2859 2362 3186 2440 ἑϐδομάδος.

2251 2459 2392 2517 Πῶς
2433 2457 2461 2509 ὁ
2500 2462 2618 2526 τῆς
2658 2453 2951 2528 σελήνης
2991 2453 3372 2525 εὒρίσκεται
3411 2450 3694 2516 κύκλος.

2222 2543 2380 2601 Ἀλλ’
2417 2544 2580 2614 ἡνίκα
2631 2545 2722 2600 τὸν
2767 2551 2868 2615 τῆς
2916 2543 3150 2615 σελήνης
3198 2541 3400 2598 κύκλον
3451 2545 3626 2616 εὑρεῖν
3677 2541 3794 2596 ἔθε-

2153 2634 2396 2705 λήσειας,
2447 2639 2562 2696 τοῖς
2596 2630 2886 2698 δακτύλοις
2926 2639 3032 2688 τῶν
3082 2635 3284 2707 χειρῶν
3331 2635 3394 2686 τὸ
3446 2631 3790 2704 ἐνιστάμενον

2152 2719 2271 2784 ἔτος
2313 2717 2576 2796 λάμϐανε.
2636 2717 2958 2791 Κείσθωδή
3006 2721 3070 2776 τὸ
3119 2721 3200 2800 ἐφ’
3245 2723 3407 2794 ἡμῶν
3461 2722 3656 2796 ςωμγ’,
3702 2719 3790 2774 καὶ

2152 2813 2267 2868 ἐπεὶ
2297 2814 2396 2882 τήν
2429 2811 2594 2881 αὐτὴν
2645 2811 2936 2888 ἀναλογίαν
2975 2810 3165 2887 ἔχουσι
3204 2811 3284 2882 τῷ
3329 2811 3391 2864 ιθ’
3431 2811 3653 2886 ἀριθμῷ
3688 2815 3795 2864 τῶν

2150 2910 2250 2970 τῆς
2309 2902 2546 2974 σελήνης
2601 2901 2818 2958 κύκλων
2871 2901 2898 2956 ὅ
2945 2923 3002 2956 τε
3052 2901 3132 2979 pl;
3189 2902 3280 2956 καὶ
3339 2901 3366 2954 ὁ
3418 2901 3579 2974 3179',
3631 2897 3796 2978 ἄφελε

2153 2996 2368 3066 πρῶτον
2429 2990 2489 3046 ἐκ
2543 2991 2729 3065 τρίτου
2785 2991 2878 3046 τὸν
2933 2991 3090 3064 μηδ’·
3150 2989 3284 3044 Εἶτα
3339 2993 3443 3044 τῶν
3499 2989 3794 3062 μεινάντων

2154 3081 2330 3154 ,αρμτ
2378 3077 2596 3157 ἀφελὼν
2645 3078 2820 3152 ἑξάκις
2875 3080 2965 3134 τὸν
3028 3078 3128 3155 ριί,
3181 3075 3311 3151 ἔξεις
3356 3077 3422 3132 τὰ
3471 3075 3798 3153 περιλειπόο

2159 3189 2290 3241 μενα
2319 3169 2462 3242 τρία,
2515 3169 2648 3239 ἅπερ
2707 3167 2837 3222 εἰσίν
2869 3168 2895 3222 ὁ
2925 3167 3132 3229 κύκλος
3179 3174 3278 3237 τῆς
3332 3165 3593 3237 σελήνης.
3649 3167 3709 3222 Εἰ
3741 3163 3799 3218 δὲ

2161 3258 2370 3334 βούλει,
2401 3257 2670 3333 κράτησον
2702 3257 2766 3312 τὸ
2820 3255 3011 3331 μικρόν
3060 3253 3178 3318 ἔτος
3231 3257 3416 3328 μόνον,
3449 3257 3574 3326 ἤτοι
3611 3255 3679 3312 τὰ
3711 3258 3800 3328 μγ’

2157 3348 2386 3420 πρόσθες
2434 3348 2522 3400 καὶ
2572 3346 2638 3401 τὰ
2691 3351 2750 3415 ιζ’
2791 3347 2860 3401 τὰ
2900 3347 3322 3420 περισσεύσαντα
3365 3345 3470 3400 ἀπὸ
3501 3352 3602 3414 τῆς
3651 3365 3799 3417 παρ-

2157 3435 2424 3505 ελθούσης
2467 3433 3006 3510 ἐκατονταετηρίδος,
3047 3435 3137 3488 καὶ
3180 3435 3245 3490 τὰ
3289 3435 3430 3507 ὁμοῦ
3479 3435 3735 3510 γινόμενα
3764 3433 3804 3500 ξ’

2159 3523 2320 3603 ὕφελε
2354 3524 2441 3579 ἐπὶ
2473 3529 2580 3579 τῶν
2615 3525 2700 3587 ιϐ’,
2733 3525 2822 3578 καί
2854 3525 2919 3579 τὰ
2953 3523 3378 3602 καταλειφθέντα
3409 3525 3536 3598 τρία
3567 3521 3804 3595 δηλοῦσι

2157 3620 2364 3690 τρανῶς
2396 3622 2494 3684 τῆς
2526 3614 2762 3685 σελήνης
2791 3614 2882 3668 τὸν
2915 3613 3140 3683 κύκλον,

2225 3707 2366 3765 Πῶς
2409 3705 2437 3758 ὁ
2476 3711 2591 3772 τῆς
2633 3702 2928 3774 σελήνης
2969 3703 3354 3776 εὑρίσκεται
3393 3701 3744 3775 θεμέλιος.

2234 3794 2330 3848 Τὸν
2373 3791 2428 3848 δὲ
2476 3793 2676 3862 ταύτης
2717 3791 2970 3864 θεμέλιον
3011 3787 3252 3866 ἀκριϐῶς
3293 3789 3436 3865 εἶ’σῃ,
3471 3791 3558 3846 ἐάν
3609 3810 3707 3863 περ
3749 3789 3804 3842 ὃν

2167 3883 2316 3957 εὗρες
2385 3883 2552 3954 αὐτῇς
2620 3879 2818 3936 κύκλον
2915 3877 3427 3947 ἐνδεκαπλασιάσας,
3506 3880 3598 3934 καὶ
3663 3881 3806 3952 τρεῖς

2167 3972 2377 4044 ἡμέρας
2435 3970 2650 4031 τούτοις
2711 3969 2990 4043 προσθείς,
3051 3968 3256 4046 ὑφέλῃς
3313 3967 3398 4024 ἐπὶ
3457 3973 3562 4022 τῶν
3626 3967 3674 4024 λ’
3719 3965 3808 4020 καὶ

2166 4058 2585 4134 καταλειςρθέντα
2659 4059 2914 4130 ἀριθμὸν,
2973 4057 3048 4119 ὡς
3101 4055 3356 4128 θεμέλιον
3419 4063 3518 4126 τῆς
3579 4054 3808 4124 σελήνης

2167 4150 2458 4222 κρατήσῃς.
2520 4147 2584 4202 Αἱ
2643 4143 2699 4201 δὲ
2744 4151 2889 4222 τρεῖς
2940 4145 3094 4201 αὗται
3161 4146 3364 4219 ἡμέραι
3413 4145 3809 4220 προστίθενται,

2170 4235 2262 4291 διὰ
2307 4237 2368 4291 τδ
2421 4239 2496 4310 μὴ
2557 4236 3016 4291 ἀποκαθίστασθαι
3071 4233 3166 4296 τὰς
3220 4241 3321 4304 τῆς
3378 4232 3618 4304 σελήνης
3677 4230 3809 4287 κατὰ

2173 4332 2350 4398 μῆκος
2393 4322 2662 4398 παρόδους
2717 4322 2768 4378 ἐν
2829 4324 2982 4387 ὅλοις
3045 4325 3114 4378 ιθ¹
3173 4318 3363 4391 ἔτεσιν,
3423 4322 3496 4385 ὡς
3553 4321 3804 4398 εἴρηται·

2171 4415 2318 4472 ἀλλὰ
2347 4417 2488 4490 παρὰ
2541 4418 2668 4486 μιᾶς
2717 4414 2928 4489 ἡμέρας
2977 4413 3240 4484 ἑξηκοστᾶ
3284 4417 3473 4488 πρῶτα
3526 4412 3672 4485 τρία,
3721 4407 3809 4462 καὶ

2175 4503 2396 4580 δεύτερα
2441 4505 2727 4580 τριάκοντα
2776 4503 2930 4572 έπτά,
2983 4502 3119 4558 ὥστε
3173 4503 3248 4564 εἰς
3293 4501 3642 4580 τριακοσίους
3691 4500 3812 4552 τέσ-

2177 4613 2338 4667 σαρας
2398 4593 2668 4653 ἐνιαυτοὺς
2723 4593 2849 4664 μίαν
2905 4591 3114 4666 ἡμέραν
3179 4587 3400 4666 ἔγγιστα
3455 4591 3549 4644 τὸν
3607 4586 3808 4643 κύκλον

421 4683 579 4739 lianc
609 4682 681 4736 ob
710 4697 947 4736 causam
989 4697 1142 4736 anno
1171 4683 1373 4738 mundi
1413 4685 1556 4738 5929
1589 4685 1786 4739 nullus
1815 4685 1939 4740 dies
1973 4701 2048 4738 ac-

2173 4682 2525 4738 έλαττοῦσθαι
2569 4682 2665 4750 τῆς
2697 4681 2955 4750 σελήνης.
3005 4681 3101 4735 Διὰ
3149 4677 3216 4750 δὴ
3255 4683 3414 4735 τοῦτο
3465 4677 3556 4735 ἐπὶ
3594 4680 3688 4752 μὲν
3721 4676 3814 4728 τοῦ

423 4772 592 4827 cessit
623 4769 768 4841 cycli
819 4768 1034 4824 lunaris
1083 4771 1606 4841 undecuplatione:
1647 4772 1784 4828 inde
1825 4790 1959 4828 vero
1991 4773 2062 4828 ad

426 4875 642 4917 annum
674 4857 816 4914 6233
847 4859 970 4912 dies
1003 4875 1152 4914 unus
1187 4856 1596 4930 a'ljiciebatur,
1639 4876 1696 4918 et
1728 4863 1864 4918 hinc
1897 4879 2065 4934 porro

430 4965 583 5004 anno
631 4948 772 5003 6537
816 4949 953 5015 duo,
1005 4947 1253 5020 indeque
1309 4952 1381 5005 ad
1431 4969 1646 5006 annum
1702 4953 1834 5006 6841
1898 4958 2064 5007 tres:

430 5043 606 5108 atque
637 5036 931 5108 deinceps,
958 5037 1122 5106 juxta
1151 5055 1390 5110 compar
1419 5041 1556 5096 dicti
1590 5043 1869 5112 temporis
1901 5041 2070 5096 inter-

427 5125 668 5192 vallum,
700 5129 945 5198 quatuor
974 5125 1096 5182 dius
1145 5130 1438 5186 accedent.
1481 5129 1874 5186 Verumtamen
1921 5145 2072 5201 prm-

433 5220 596 5274 scnts
632 5213 738 5270 hoc
776 5219 1058 5288 tempore,
1087 5219 1134 5272 si
1192 5221 1418 5290 cyclum
1465 5223 1611 5277 lunas
1647 5223 1706 5275 t7
1739 5225 1795 5275 et
1828 5221 1893 5274 18
1921 5226 1977 5276 et
2007 5219 2073 5274 19

434 5303 910 5375 undecuplaveris
967 5309 1024 5360 et
1071 5313 1320 5378 quatuor
1366 5311 1487 5366 dies
1537 5310 1834 5382 adjeceris,
1898 5323 2072 5380 quem

433 5395 578 5452 velis
618 5393 838 5450 mensis
871 5392 1085 5451 lunaris
1115 5399 1268 5456 diem
1315 5400 1422 5456 hoc
1481 5405 1646 5473 pacto
1680 5399 1928 5471 reperire
1971 5413 2081 5468 pc-

435 5482 605 5540 teris.
1908 5482 1916 5492 '

869 5681 938 5734 Dc
971 5678 1122 5749 ryclo
1150 5677 1280 5731 satis
1309 5671 1654 5730 inveniendo.

509 5767 790 5834 Similiter
819 5781 872 5826 et
918 5771 988 5826 de
1019 5766 1142 5823 sole
1169 5783 1183 5836 ;
1209 5781 1424 5822 annum
1479 5767 1600 5836 jam
1629 5763 1961 5817 currentem
1989 5755 2078 5812 di-

2175 4769 2784 4804 ι.,ι’-.υν
3013 4768 3167 4806 ,”
3342 4768 3361 4800 ι
3515 4764 3810 4806 ’.“ς-

2190 4774 2356 4846 εΊῇιθ
2409 4793 2558 4832 hoc,
2597 4791 2694 4825 του
2723 4790 2936 4844 κοσμου
2980 4767 3206 4842 ουδεμια
3253 4771 3435 4842 ἣμερα
3476 4787 3554 4839 τῳ
3603 4769 3782 4822 ticum

2177 4861 2506 4932 πλασιασμῷ
2538 4864 2634 4915 τοῦ
2663 4859 2869 4915 κύκλου
2897 4867 2998 4928 τῆς
3037 4858 3274 4929 σελήνης
3321 4858 3672 4932 προσετίθετο
3698 4875 3710 4888 ⁸
3750 4851 3811 4906 τὸ

2179 4952 2268 5004 ἀπ’
2315 4951 2518 5004 ἐκείνου
2570 4947 2626 5003 δὲ
2675 4947 2805 5024 ἄχρι
2859 4953 2955 5002 τοῦ
3011 4947 3175 5022 ,ςσλγ
3240 4945 3396 5011 ἔτους
3465 4947 3563 5020 μία
3620 4961 3815 5017 προσε-

2179 5039 2306 5108 τέθη
2339 5057 2353 5070 ·
2387 5039 2625 5093 ἐντεῦθεν
2654 5037 2710 5092 δὲ
2749 5039 2914 5112 μέχρι
2941 5041 3037 5090 τυῦ
3067 5038 3234 5114 κςφλζν
3265 5031 3440 5103 ἔτους,
3487 5033 3582 5089 δύο
3611 5055 3622 5066 ·
3667 5029 3814 5087 αὖθις

2183 5125 2239 5181 δὲ
2273 5149 2402 5202 αίρι
2429 5135 2522 5182 τοῦ
2565 5129 2756 5202 ς’ωμα
2783 5131 2926 5199 τρεῖς
2951 5147 2964 5159 ο
3012 5125 3274 5181 εἶόέπειτα
3315 5122 3390 5194 δὲ,
3430 5126 3564 5179 κατᾶ
3601 5125 3660 5178 τὸ
3696 5121 3811 5172 ἳσον

2181 5218 2282 5271 τοῦ
2341 5216 2632 5292 εἰρημένου
2682 5215 2883 5291 χρόνου
2942 5211 3238 5288 διάστημα,
3285 5214 3536 5288 τέσσαρες
3591 5225 3818 5288 προστε-

2185 5307 2463 5376 θήσονται.
2503 5305 2652 5374 Πλήν
2690 5305 2778 5360 καὶ
2826 5305 2962 5359 κατὰ
3009 5305 3070 5360 τὸ
3115 5303 3309 5380 παρδν,
3356 5303 3448 5358 τὸν
3505 5307 3566 5371 ιζ’
3613 5304 3702 5356 τὸν
3755 5301 3820 5361 ιη’

2187 5393 2277 5448 καὶ
2334 5395 2424 5450 τὸν
2488 5397 2550 5449 ιθ’
2596 5393 2798 5450 κύκλον
2850 5399 2950 5465 τῆς
3010 5392 3246 5466 σελήνης
3301 5388 3818 5454 ἐνδεκαπλασιάζων,

2186 5486 2448 5554 τέσσαρας
2497 5483 2706 5560 ἡμέρας
2743 5485 3094 5558 προσθήσεις,
3142 5483 3232 5538 καὶ
3283 5481 3428 5536 οὕτω
3473 5482 3573 5549 τήν
3620 5473 3820 5537 ποστὴν

2187 5577 2284 5626 τοῦ
2316 5572 2644 5643 οεληνιακοῦ
2674 5573 2846 5647 εὑρεῖν
2878 5571 2942 5629 ἄν
2972 5569 3259 5644 δυνηθείης
3287 5571 3482 5644 μηνός.

2302 5666 2449 5722 Πῶς
2489 5662 2551 5716 οἱ
2588 5665 2704 5716 τοῦ
2743 5659 2944 5732 ἡλίου
2982 5658 3224 5716 κύκλοι
3264 5659 3715 5732 εὑρίσκονται.

2261 5751 2532 5816 Ὡσαύτως
2561 5752 2652 5809 καὶ
2683 5749 2767 5808 ἰπὶ
2809 5755 2908 5808 τοῦ
2953 5749 3140 5824 ἡλίου,
3182 5747 3454 5828 κράτησον
3500 5750 3619 5808 ταῖς
3667 5731 3818 5816 χερσῖ
