4098 6332
306 437 375 500 81
1298 468 1301 469 ν
1336 436 1768 501 SYNTAGMA
1810 438 1934 500 AL]

2052 440 2443 504 lBETlCUM.
2490 477 2567 488 —
2614 459 2680 507 Π.
3628 449 3709 508 82

301 572 361 625 τὸ
409 572 606 645 τρέχον
636 572 845 645 ἀρτίως
893 576 1079 646 ,ςωμγ⁹
1125 568 1279 634 ἔτος·
1335 572 1426 626 καί
1471 570 1587 628 ἐπεὶ
1631 572 1659 626 6
1707 573 1934 627 εἰκοστὸς

2068 575 2198 646 gitis
2226 582 2496 632 accurate
2528 585 2819 649 computa,
2851 580 3117 636 videlicet
3146 581 3308 649 6843,
3337 584 3397 637 et
3427 582 3703 651 quoniam

302 656 493 733 ὄγδοος
520 664 631 715 τῶν
661 660 881 715 κύκλων
908 664 1004 714 τοῦ
1036 658 1202 729 ἡλίου
1234 660 1465 734 ἀριθμὸς
1496 660 1758 735 ἀναλογεῖ
1788 665 1865 732 τῷ
1894 683 1953 715 τε

303 761 384 803 cx’
411 750 502 804 καὶ
532 754 613 820 τῷ
641 750 776 824 ﬁer,
818 748 984 827 ἄφελε
1022 749 1079 804 ἐκ
1119 746 1364 823 δευτέρον
1405 751 1498 805 τὸν
1535 751 1674 823 ,βωλ
1714 749 1799 804 καὶ
1843 756 1948 805 τῶν

303 837 778 910 περιλειπομένων
841 840 1012 913 ,ασμγ’
1106 837 1259 899 αὖθις
1326 836 1491 917 ἄφελε
1550 840 1796 913 τετράκις
1859 840 1949 895 τὸν

305 935 423 981 cz"
477 929 597 982 εἶτα
654 932 765 982 τῶν
830 928 1126 1000 μεινάντων
1188 930 1298 1004 ρκγ’
1353 928 1598 1000 τετράκις
1654 927 1950 1007 ἀφελόντος

305 1038 399 1071 σου
429 1018 523 1072 τὸν
571 1018 682 1085 κη’,
723 1016 1117 1088 ἀνεξάντλητος
1152 1018 1294 1090 μένει
1341 1018 1368 1072 6
1402 1023 1489 1086 ια’,
1521 1017 1579 1079 ὅς
1627 1017 1771 1074 ἐστιν
1801 1018 1829 1073 6
1854 1022 1951 1073 τού

304 1106 465 1176 ἡλίου
496 1104 725 1168 κύκλος.

988 1222 1281 1284 ’Δλλως.

370 1335 439 1385 ’Ἦ
488 1329 582 1384 καὶ
637 1329 815 1383 οῧνω·
871 1332 1143 1402 κράτησον
1192 1332 1259 1384 τὰ
1311 1332 1477 1404 μικρά
1527 1329 1620 1400 ἔτη
1672 1338 1770 1398 τῆς
1820 1352 1952 1405 παρ-

303 1420 471 1488 ούσης
517 1416 1057 1491 ἑκατονταετηρίδος,
1122 1420 1251 1488 ἢτοι
1296 1420 1361 1473 τὰ
1414 1424 1529 1494 μγ’,
1583 1422 1809 1491 πρσσθες
1859 1423 1945 1474 καὶ

300 1507 363 1561 τὰ
409 1506 844 1582 καταλειφθέντα
881 1514 981 1573 τῆς
1019 1507 1397 1581 παρελθουσης
1437 1506 1538 1575 κδ’,
1570 1509 1658 1562 καὶ
1701 1512 1765 1563 τὰ
1805 1511 1948 1580 ὁμοῦ

301 1598 567 1671 γινόμενα
624 1598 696 1665 EC’
757 1598 979 1669 μέρισον
1028 1595 1116 1650 ἐπὶ
1165 1598 1230 1652 τὰ
1275 1599 1405 1667 κη’·
1455 1599 1544 1652 καὶ
1620 1599 1686 1653 τὰ
1738 1600 1945 1654 τούτων

300 1686 567 1742 ἐλάττονα
600 1688 691 1755 ια’,
725 1688 754 1740 6
786 1685 991 1748 κύκλος
1025 1686 1137 1741 ἐστὶ
1169 1690 1269 1742 τοῦ
1295 1686 1483 1757 ἡλίου.

964 1891 1275 1966 Ἐτέρως.

366 1997 547 2054 ’Δλλά
575 2000 683 2075 γὰρ
734 1996 879 2071 μηδὲ
919 1999 1119 2070 ταύτην
1168 2000 1483 2074 ἀπαξιώσῃς
1531 2002 1631 2070 τὴν
1684 1998 1941 2074 μέθοδον,

297 2087 386 2142 καὶ
435 2089 605 2161 ῥᾷστα
644 2088 738 2142 τὸν
780 2088 1211 2161 ἐπιζητούμενον
1248 2089 1448 2143 κύκλον
1490 2091 1578 2144 καὶ
1620 2091 1944 2168 ἀμφοτέρων

297 2179 549 2245 συνήσεις
596 2182 703 2230 τῶν
763 2178 979 2255 φώτων.
1041 2179 1098 2232 Ὀ
1152 2180 1215 2231 ιθ’
1275 2176 1480 2239 κύκλος
1536 2186 1635 2247 τῆς
1682 2180 1940 2250 σελήνης,

294 2265 382 2320 καὶ
414 2267 444 2320 6
473 2268 563 2334 κη’
591 2267 800 2328 κύκλος
828 2272 924 2321 τοῦ
964 2265 1131 2335 ἡλίου
1170 2266 1449 2337 ἀλλήλοις
1497 2268 1943 2340 πολυπλασιαζὸ-

296 2376 473 2426 μενοι,
505 2357 603 2409 τὸν
636 2364 686 2431 φ’
714 2356 805 2409 καὶ
839 2354 930 2429 λβ’
977 2355 1293 2429 συνάγουσιν
1325 2357 1575 2430 ἀριθμόν,
1608 2357 1755 2435 ἄλφα
1800 2359 1939 2413 τισὶν

292 2445 729 2517 ἀνομαζόμενον,
764 2446 908 2519 παρὰ
948 2446 1010 2500 τὸ
1054 2446 1371 2519 συνάγεσθαι
1409 2449 1507 2515 τήν
1555 2448 1720 2515 αὐτὴν
1770 2450 1938 2502 11036-

291 2554 430 2602 τητα
460 2539 582 2592 τοῖς
605 2534 655 2603 ἐξ
689 2535 763 2588 ὧν
792 2536 855 2589 τὸ
904 2533 1050 2612 ἄλφα
1100 2540 1370 2610 στοιχεῖον
1422 2536 1689 2609 σύγκειται
1713 2581 1726 2593 .
1758 2539 1955 2610 Τούτῳ·

289 2625 467 2677 τοίνυν
538 2624 630 2676 καὶ
699 2624 762 2676 τὸ
829 2622 1111 2696 πλήρωμα
1166 2628 1274 2677 τῶν
1349 2622 1565 2678 κύκλων
1622 2625 1939 2689 ἀκολούθως

293 2711 655 2788 συνέρχεται”
710 2713 739 2767 6
800 2713 892 2784 μὲν
950 2712 1050 2787 γὰρ
1108 2711 1263 2772 εὐθὺς
1323 2714 1388 2767 ιθ’
1444 2715 1472 2767 6
1531 2720 1629 2782 τῆς
1684 2714 1940 2784 σελήνης,

297 2798 494 2874 ὄγδοος
528 2798 589 2854 δὲ
627 2801 718 2855 καὶ
758 2800 1004 2862 εἰκοστὸς
1036 2803 1063 2857 6
1096 2806 1195 2856 τοῦ
1245 2799 1411 2870 ἡλίου
1449 2803 1688 2875 γίνεται.
1731 2806 1936 2859 Οὐκοῦν

293 2890 517 2963 μέρισον
566 2891 635 2945 τὰ
694 2890 801 2944 ἀπὸ
857 2891 1083 2953 κτίσεως
1138 2891 1348 2961 κόσμου
1412 2888 1505 2960 ἔτη
1564 2890 1651 2947 ἐπὶ
1700 2893 1768 2948 τὰ
1813 2888 1938 2969 φλ6’

294 2979 474 3033 οὕτω·
535 2976 833 3041 δωδεκάσις
892 2981 959 3033 1i
1002 2979 1344 3046 πεντακόσια,
1394 2980 1737 3055 ἱξσκισχίλια
1768 3000 1778 3013 ·
1837 2981 1938 3036 δω-

291 3064 505 3127 δεκάκις
569 3069 638 3123 τά
692 3068 739 3123 λ’
786 3069 1069 3142 τριακόσια
1128 3068 1388 3139 ἐξήκοντα
1437 3085 1451 3099 ⁸
1520 3067 1813 3132 δωδεκάκις
1871 3073 1936 3126 τὰ

287 3153 403 3224 δύο,
446 3155 550 3224 κδ’,
597 3157 737 3228 ὁμοῦ
789 3154 988 3221 ,ςτπδ’·
1037 3158 1206 3212 λοιπά
1248 3157 1354 3227 υξα¹
1401 3158 1535 3231 πρὸς
1578 3159 1640 3213 τὸ
1695 3162 1934 3233 σήμερον

287 3248 453 3320 οοχὸν
481 3252 663 3319 ,ςωμέ
700 3245 837 3307 ἔτος.
887 3245 988 3303 Καὶ
1035 3244 1096 3300 ἄν
1152 3246 1246 3317 μὶν
1304 3246 1398 3300 τὸν
1442 3245 1643 3301 κύκλον
1693 3255 1793 3316 τῆς
1840 3270 1927 3302 σε-

285 3334 456 3405 λήνης
503 3334 698 3408 ἐθέλῃς
748 3337 940 3408 εὑρεῖν,
995 3335 1211 3408 μέρισον
1258 3334 1325 3389 τά
1371 3338 1481 3407 υξα¹
1513 3335 1598 3390 ἐπὶ
1631 3337 1696 3390 τὰ
1748 3340 1809 3391 ιθ¹
1843 3338 1927 3392 οὕ-

280 3443 387 3483 τως
416 3444 428 3454 ’
481 3424 530 3477 κ’
568 3425 636 3476 τὰ
686 3420 834 3493 δέκα,
878 3429 954 3476 σ”
995 3427 1040 3475 κ’
1079 3421 1146 3475 τὰ
1186 3421 1250 3488 θ’,
1303 3423 1389 3495 ρκ’
1430 3419 1471 3475 δ’
1509 3427 1573 3477 τα
1616 3426 1673 3491 ι’,
1716 3428 1806 3496 μ’·
1842 3445 1935 3480 τε-

277 3514 469 3589 τράκις
518 3513 586 3567 τὰ
633 3516 701 3581 θ’,
754 3511 880 3577 λς’·
932 3517 1074 3587 ὁμοῦ
1119 3522 1255 3587 υνς’,
1306 3516 1475 3573 λοιπά
1525 3518 1588 3575 ε’.
1629 3520 1802 3573 Ταῦτα
1846 3515 1935 3568 τιέ-

282 3624 443 3678 ςουκεν
475 3604 503 3657 6
532 3609 634 3671 τῆς
668 3602 904 3675 σελήνης
929 3604 1156 3668 κύκλος.
1189 3608 1284 3662 "Av
1320 3604 1376 3662 δὲ
1404 3612 1501 3661 τοῦ
1539 3606 1704 3677 ἡλίου
1738 3612 1929 3674 ζητῆς,

285 3692 459 3752 οὕτως
484 3711 496 3722 ·
553 3688 767 3753 δεκάκις
814 3692 880 3746 τά
926 3698 999 3759 κ’,
1038 3698 1083 3747 σ⁸
1108 3713 1122 3727 ο
1177 3691 1390 3755 δεκάκις
1437 3694 1506 3749 τά
1532 3699 1607 3762 η’,
1630 3698 1723 3747 π’·
1759 3694 1933 3764 ἑξάκις

282 3784 349 3837 1i
405 3786 483 3853 η’,
534 3787 655 3854 μη’,
696 3785 838 3855 ὁμοῦ
876 3786 1034 3856 υμη’,
1074 3784 1240 3841 λοιπὰ
1284 3789 1371 3859 ιγ’,
1427 3785 1460 3839 ἃ
1508 3783 1573 3854 δὴ
1622 3784 1849 3862 πέφυκεν
1900 3784 1930 3838 6

284 3871 488 3933 κύκλος
520 3870 620 3927 τοῦ
649 3872 839 3942 ἡλίου.

602 3995 743 4053 Πῶς
785 3989 1174 4064 εὑρίσκεται
1215 3994 1249 4055 ἡ
1284 3989 1617 4053 ῗνδικτος.

352 4096 512 4153 Οὕτω
533 4096 627 4153 καὶ
658 4096 743 4152 ἐπὶ
773 4103 875 4166 τῆς
916 4095 1156 4152 ίνδίκτου
1189 4097 1328 4152 ποίει
1357 4117 1368 4130 ·
1413 4099 1479 4153 τά
1527 4100 1623 4170 μὲν
1675 4098 1782 4153 ἀπὸ
1811 4100 1926 4153 κτί-

284 4208 418 4249 σεως
468 4183 681 4257 κόσμοδ
734 4181 827 4256 ἔτη
881 4186 1131 4241 ἀναλύων
1181 4185 1269 4241 ἐπὶ
1308 4188 1374 4241 τὰ
1417 4194 1490 4253 ιε’,
1532 4188 1600 4242 τά
1635 4185 1692 4242 δὶ
1738 4190 1925 4260 μικρὰ,

284 4277 421 4348 μετά
472 4276 794 4350 προσθήκης
849 4273 982 4331 ἐτῶν
1032 4277 1069 4330 ε’
1118 4276 1350 4349 μερίζων
1395 4275 1546 4338 αὖθις
1595 4275 1683 4332 ἐπὶ
1726 4279 1792 4332 τὰ
1846 4285 1922 4334 ιε’.

278 4363 347 4420 Εἰ
403 4363 510 4438 γὰρ
568 4364 659 4417 καὶ
705 4368 822 4425 τοῖς
867 4364 935 4417 τά
980 4362 1267 4433 Ἐλλήνων
1318 4368 1577 4441 φρονοῦσι
1629 4365 1924 4438 Ῥωμαίοις

277 4452 567 4527 ἐξεύρηται
615 4452 679 4506 τὸ
732 4459 830 4521 τῆς
892 4449 1128 4506 ἷνδίκτου
1185 4452 1273 4505 καὶ
1350 4451 1725 4525 ἒπιυεμτςσεως
1783 4451 1923 4522 ἔθος,

280 4541 370 4596 διᾶ
415 4542 480 4595 τὸ
534 4545 773 4615 φανερῶς
828 4540 917 4595 ἐπὶ
977 4540 1258 4604 τοσούτοις
1314 4539 1655 4596 ἐναλλάττειν
1698 4542 1920 4617 χεόνοις

2063 681 2343 720 numerus
2372 665 2441 719 28
2472 671 2766 739 clycorum
2812 670 2954 725 solis
3000 671 3312 742 respondet
3360 677 3418 727 et
3465 687 3706 727 numero

2058 754 2185 823 280,
2218 756 2275 810 et
2305 770 2548 813 numero
2576 756 2742 823 2800,
2765 758 2929 814 aufer
2973 759 3068 816 bis
3096 761 3241 817 2800
3270 777 3341 815 ex
3366 759 3534 828 6843,
3554 766 3615 815 et
3634 776 3706 815 ex

2065 842 2437 899 manentibus
2467 844 2607 900 1243
2639 862 2844 902 rursus
2883 848 3052 904 deme
3095 854 3304 920 quater
3337 850 3482 916 280;
3514 854 3640 905 tum
3672 866 3708 904 a

2060 931 2314 989 residuis
2345 933 2608 990 numeris
2641 934 2765 1003 123,
2795 936 2845 991 si
2876 937 3106 993 auferas
3138 942 3345 1010 quater
3371 938 3460 999 π.
3503 952 3704 993 mane-

2061 1024 2145 1077 bit
2190 1039 2474 1079 numerus
2518 1024 2666 1081 201
2718 1023 3094 1082 inexhaustus
3149 1027 3236 1097 11,
3270 1027 3373 1099 qui
3422 1027 3564 1084 solis
3607 1042 3704 1099 cy-

2060 1109 2187 1167 clus
2215 1112 2343 1168 erit.

2785 1231 2977 1289 Aliter.

2130 1336 2223 1390 Vel
2257 1337 2433 1392 etiam
2469 1338 2577 1393 hoc
2606 1338 2778 1393 modo
2811 1354 2825 1393 :
2858 1353 3021 1395 serva
3073 1353 3379 1395 numerum
3414 1339 3700 1395 minorem

2057 1441 2344 1481 annorum
2391 1426 2676 1482 currentis
2726 1427 3307 1496 hecatonlaeteridos,
3357 1429 3478 1485 sive
3527 1429 3612 1493 43,
3646 1433 3704 1481 et

2057 1515 2242 1584 adjice
2274 1531 2481 1582 annos,
2514 1516 2611 1587 qui
2643 1521 2960 1586 supersunt
2989 1518 3060 1572 de
3089 1518 3382 1588 praeterita
3407 1518 3499 1581 24,
3535 1534 3702 1573 sum-

2057 1618 2332 1675 mamque
2362 1604 2496 1659 inde
2535 1602 2835 1660 collectam
2866 1603 2934 1659 67
2977 1605 3192 1677 partire
3223 1621 3323 1674 per
3349 1603 3419 1660 28
3444 1624 3456 1673 ;
3492 1623 3702 1661 nume-

2055 1709 2158 1748 rus
2205 1696 2335 1763 post
2383 1692 2725 1750 divisionem
2761 1693 3053 1762 residuus,
3085 1710 3293 1767 nempe
3336 1694 3701 1761 undecimus,

2053 1783 2162 1840 erit
2190 1780 2386 1854 cyclus
2415 1782 2578 1839 solis.

2707 1893 2829 1950 Alio
2859 1894 3038 1953 modo.

2125 2000 2239 2058 Sed
2267 2017 2369 2057 nec
2398 2000 2512 2057 ista
2542 2000 2855 2058 methodus
2888 2001 3216 2073 respuenda
3242 2005 3351 2068 est,
3385 2018 3499 2073 qua
3538 2000 3699 2057 nullo

2057 2091 2288 2163 negotio
2320 2090 2624 2160 utriusque
2651 2090 2966 2146 luminaria
2996 2089 3225 2161 cyclum
3247 2104 3465 2162 captes.
3490 2090 3698 2162 Cyclus

2055 2182 2122 2237 19
2157 2180 2307 2237 luna
2337 2186 2394 2236 et
2422 2180 2617 2253 cyclus
2645 2181 2714 2234 28
2740 2180 2883 2236 solis
2914 2180 2973 2235 in
3012 2196 3075 2237 se
3115 2181 3359 2238 invicem
3400 2181 3558 2236 ducti
3593 2197 3698 2236 nu-

2053 2284 2282 2325 merum
2313 2269 2421 2324 532
2468 2268 2817 2341 producunt,
2849 2284 3024 2341 quem
3071 2268 3339 2325 nonnulli
3386 2269 3561 2339 alpha
3591 2286 3695 2340 ap-

2053 2358 2287 2429 pellant,
2316 2357 2449 2428 quia
2478 2358 2677 2413 eadem
2701 2374 2935 2413 summa
2960 2374 3028 2412 ex
3058 2357 3228 2414 istius
3258 2358 3414 2414 vocis
3446 2358 3697 2414 elemen-

2052 2448 2123 2503 tis
2152 2447 2459 2504 conflatur.
2491 2445 2632 2502 Cum
2664 2445 2764 2501 illo
2796 2446 2975 2517 igitur
2993 2452 3051 2501 et
3080 2446 3575 2519 complementum
3599 2464 3695 2519 cy-

2050 2537 2272 2592 clorum
2308 2540 2579 2606 perpetuo
2627 2536 2956 2602 concurrit;
3008 2552 3139 2591 nam
3191 2536 3259 2589 19
3289 2535 3550 2606 protinus
3601 2535 3693 2591 lu-

2051 2644 2137 2681 na:
2185 2626 2381 2697 cyclus
2422 2625 2504 2693 lit,
2536 2630 2591 2680 et
2618 2626 2689 2680 28
2735 2624 2932 2696 cyclus
2978 2624 3139 2681 solis.
3171 2624 3516 2682 Dividantur
3563 2625 3694 2682 ideo

2049 2716 2186 2771 anni
2218 2714 2290 2770 ab
2319 2714 2456 2770 orbe
2503 2713 2739 2769 condito
2790 2730 2891 2784 per
2933 2713 3041 2770 532
3087 2714 3146 2769 in
3196 2712 3355 2769 hunc
3399 2714 3689 2770 modum:

2048 2804 2352 2859 duodecim
2412 2804 2587 2858 ducta
2638 2804 2695 2857 in
2754 2804 2862 2859 500
2919 2802 3140 2859 faciunt
3191 2803 3356 2869 6000,
3397 2807 3455 2858 et
3508 2801 3569 2859 in
3623 2804 3694 2858 30

2047 2893 2171 2957 360,
2204 2897 2263 2949 et
2320 2895 2387 2947 12
2452 2893 2510 2947 in
2567 2894 2602 2947 2
2658 2894 2748 2948 24.
2809 2891 2891 2948 Ex
2946 2892 3163 2964 quibus
3220 2892 3399 2947 conﬁt
3462 2906 3695 2948 summa

2046 2982 2207 3038 6384.
2247 2982 2501 3038 Residua
2548 2986 2682 3053 post
2729 2981 3070 3038 divisionem
3114 2986 3250 3037 sunt
3296 2982 3422 3037 461.
3469 2980 3604 3037 Jam
3641 2984 3693 3038 si

2046 3072 2252 3143 cupias
2308 3086 2409 3141 pro
2472 3071 2738 3141 praesenti
2796 3086 2948 3126 anno
3022 3071 3166 3128 6745
3237 3070 3390 3126 lunai
3464 3068 3690 3142 cyclum

2045 3160 2397 3227 adinvenire,
2425 3160 2618 3216 divide
2648 3162 2745 3215 461
2786 3178 2885 3230 per
2918 3161 2983 3216 19
3018 3162 3075 3217 in
3118 3160 3271 3217 hunc
3315 3161 3553 3217 modum
3580 3177 3595 3228 ;
3620 3162 3691 3216 20

2047 3252 2213 3305 ducta
2233 3252 2294 3305 in
2327 3251 2394 3305 10
2424 3249 2759 3319 producunt
2785 3250 2890 3304 200
2919 3255 2980 3305 et
3003 3251 3079 3305 30
3108 3250 3166 3305 in
3195 3251 3231 3304 9
3264 3250 3402 3317 180;
3435 3249 3691 3320 itemque

2042 3339 2074 3394 4
2132 3338 2188 3393 in
2251 3339 2317 3393 10
2374 3339 2463 3407 40,
2494 3342 2552 3394 et
2614 3340 2647 3393 4
2705 3340 2761 3394 in
2815 3339 2849 3393 9
2905 3339 2994 3395 36.
3030 3338 3147 3395 Hoc
3195 3343 3303 3405 est,
3335 3338 3513 3395 simul
3561 3339 3685 3395 456.

2046 3427 2292 3482 Residua
2333 3432 2464 3498 post
2510 3427 2878 3495 divisionem,
2932 3427 3211 3483 nimirum
3261 3428 3317 3495 5,
3350 3431 3490 3484 sunt
3535 3427 3692 3484 lunae

2041 3518 2256 3585 cyclus.
2282 3514 2517 3585 Cyclum
2542 3521 2735 3572 autem
2764 3515 2907 3572 solis
2930 3516 3036 3572 hoc
3060 3516 3229 3572 modo
3251 3516 3594 3589 indagabis:
3625 3518 3689 3571 10

2041 3604 2096 3658 in
2121 3607 2190 3659 '20
2214 3605 2473 3660 efﬁciunt
2501 3605 2626 3670 200,
2650 3606 2706 3660 in
2737 3605 2880 3671 880,
2901 3609 3070 3676 atque
3097 3608 3132 3659 6
3163 3606 3221 3661 in
3251 3606 3286 3659 8
3309 3606 3395 3661 48.
3427 3608 3684 3671 Quorum

2042 3711 2276 3749 summa
2305 3695 2427 3750 448.
2463 3694 2714 3750 Residua
2760 3708 2894 3750 vero
2928 3695 2994 3750 13
3040 3692 3270 3766 cyolum
3320 3694 3462 3752 solis
3490 3710 3688 3751 mons-

2042 3790 2218 3840 trant.

2423 3993 2695 4064 Quomodo
2736 3994 3021 4050 invenitur
3051 3994 3297 4051 indictio.

2112 4106 2218 4158 Pro
2251 4101 2565 4157 indictione
2613 4101 2786 4159 etiam
2834 4101 3122 4165 captanda
3175 4102 3280 4158 hoc
3328 4103 3497 4158 modo
3545 4120 3683 4176 ope-

2037 4208 2180 4248 rare.
2218 4198 2415 4247 Annos
2445 4191 2517 4246 ab
2549 4191 2687 4246 orbe
2724 4192 2961 4246 condito
2992 4190 3186 4246 divide
3228 4204 3326 4260 per
3365 4192 3453 4257 15,
3484 4198 3542 4247 et
3572 4210 3683 4247 an-

2037 4298 2141 4337 nos
2181 4283 2437 4337 minores
2466 4280 2679 4336 additis
2710 4282 2969 4351 quinque
3002 4295 3201 4335 rursus
3233 4280 3441 4349 partire
3465 4297 3563 4350 per
3595 4283 3679 4337 15.

2037 4372 2149 4428 Etsi
2184 4373 2337 4427 enim
2369 4373 2518 4442 apud
2556 4372 2868 4438 Romanos,
2892 4370 2991 4442 qui
3023 4371 3290 4441 gentllem
3323 4373 3683 4442 superstitio-

2036 4479 2165 4517 nem
2201 4463 2523 4533 sapiebant,
2556 4462 2808 4517 obtinuit
2847 4459 3184 4517 indictionis
3225 4466 3282 4515 et
3322 4457 3678 4531 ἒπινεμέσεως

2036 4551 2202 4616 ritus,
2237 4552 2512 4622 quoniam
2542 4551 2706 4621 juxta
2738 4549 2798 4604 id
2832 4549 3106 4619 temporis
3138 4548 3505 4605 intervallum
3536 4550 3678 4605 insi-

279 4630 374 4691 τάς
405 4634 519 4683 τῶν
567 4628 866 4703 ἀνθρώπων
910 4627 1157 4698 ἡλικίας,
1203 4629 1330 4684 ἀλλ’
1368 4627 1567 4684 ἔλαθον
1605 4631 1826 4693 ἑαυτοὺς
1855 4635 1920 4704 τῇ

2052 4634 2221 4705 ξηὶιθιι
2276 4635 2667 4691 immutantur
2722 4635 3027 4690 hominum
3079 4638 3296 4701 states,
3345 4635 3679 4690 nesciebant

279 4717 516 4789 ἀληθείᾳ
541 4719 634 4772 καὶ
665 4716 813 4773 οὗτοι
844 4718 1263 4794 συνενεχθέντες,
1293 4720 1379 4772 καὶ
1425 4725 1543 4782 τοῖς
1571 4718 1650 4792 τῷ
1701 4720 1923 4796 μεγάλῳ

282 4813 474 4864 Μωσεῖ
528 4808 1030 4884 ἀναγεγραμμένοις
1088 4810 1195 4864 ἀπὸ
1252 4808 1475 4868 κτίσεως
1532 4808 1739 4883 κόσμου
1787 4831 1923 4882 συμ-

280 4896 646 4977 ςθιγγόμενοι
677 4896 921 4974 χρόνοις.

451 5018 601 5075 Πῶς
639 5014 712 5069 τὸ
750 5014 1031 5087 νομικὸν
1072 5013 1454 5088 εὑρίσκεται
1496 5015 1753 5089 Πάσχα.

350 5120 529 5178 Ἀλλᾶ
567 5122 658 5175 καί
689 5118 778 5175 ἐπὶ
808 5121 908 5189 τήν
942 5119 1142 5196 εὕρεσιν
1185 5118 1293 5191 ἤδη
1326 5125 1425 5176 τοῦ
1473 5125 1704 5191 νομικοῦ
1743 5120 1921 5191 ’ίωμεν

284 5213 498 5287 Πάσχα.
579 5208 1105 5268 Ένδεκαπλασίασον
1180 5212 1273 5266 τὸν
1376 5215 1676 5280 τηνικαῦτα
1770 5209 1922 5265 διϊπ-

279 5301 513 5356 πεύοντα
569 5304 669 5366 τῆς
745 5298 980 5370 σελήνης
1055 5298 1277 5370 κύκλον,

279 5391 487 5465 ἡμέρας
532 5389 610 5462 ἓξ,
654 5390 750 5452 τάς
799 5386 1185 5461 συνισταμένας
1238 5388 1298 5444 ἐκ
1346 5394 1442 5443 τοῦ
1487 5387 1777 5461 εἰρημένου
1829 5389 1921 5445 λε⁴

279 5486 414 5536 ιττοῦ
461 5481 576 5541 ἑνὸς
620 5479 712 5534 καὶ
760 5477 1006 5551 ἡμίσεως
1054 5476 1142 5532 καὶ
1198 5478 1400 5551 τρίτου,
1462 5474 1597 5552 ἅπερ
1649 5480 1764 5533 κατ’
1822 5479 1920 5533 ἐπ-

279 5570 452 5625 έκεινα
479 5575 587 5623 τῶν
628 5569 712 5622 κθ¹
761 5567 850 5621 καὶ
899 5567 1154 5637 ἡμισείας
1197 5569 1420 5641 ἡμερῶν
1463 5563 1608 5643 ἔχων
1654 5564 1919 5622 δέδεικται

281 5661 309 5714 6
336 5666 437 5728 τῆς
478 5658 715 5728 σελήνης
761 5662 1012 5730 μηνιαῖος
1052 5655 1271 5719 κύκλος.
1316 5658 1449 5714 Ἀπὸ
1481 5655 1536 5711 δὲ
1572 5662 1670 5711 τοῦ
1706 5660 1770 5725 ιζ’
1813 5656 1917 5710 κύ·-

278 5746 411 5804 κλου
444 5747 611 5826 μέχρι
642 5749 738 5802 τοῦ
772 5748 840 5799 ιθ’
872 5746 1083 5821 ἡμέρας
1128 5747 1453 5819 προσθήσεις
1502 5743 1637 5801 ἒπτᾶ
1658 5766 1670 5779 ·
1711 5745 1915 5803 πλείων

1355 5300 1632 5373 προστίθει
1706 5299 1920 5363 τούτοις

2033 4728 2222 4779 tuneo
2256 4725 2366 4793 ipsi
2417 4731 2597 4780 semet
2625 4725 2693 4779 ad
2743 4725 3040 4779 veritatem
3084 4724 3374 4788 accedere,
3403 4728 3461 4780 et
3487 4726 3675 4794 quoad

2036 4830 2220 4872 annos
2271 4816 2343 4869 ab
2369 4815 2507 4870 orbe
2536 4813 2764 4870 condito
2811 4828 2945 4870 cum
2995 4828 3204 4883 magno
3235 4812 3390 4868 Mosa
3432 4827 3676 4869 consen-

2034 4904 2161 4960 tire.

2335 5017 2606 5087 Quomodo
2636 5019 2913 5090 reperitur
2942 5014 3151 5072 Pascha
3181 5015 3376 5086 legale.

2107 5125 2422 5199 Pergamus
2452 5131 2647 5182 autem
2677 5126 2753 5183 ad
2782 5125 3003 5182 Pascha
3026 5122 3207 5195 legale
3240 5123 3671 5180 inveniendum.

2033 5216 2270 5286 Cyclum
2302 5214 2452 5270 luna
2468 5218 2592 5285 jam
2613 5220 2945 5271 currentem
2991 5211 3378 5284 undecuplato
3412 5228 3426 5265 :
3458 5212 3676 5284 quibus

2033 5304 2322 5360 addantur
2352 5303 2475 5360 dies
2512 5321 2630 5371 sex,
2664 5304 2762 5374 qui
2793 5321 2859 5358 ex
2908 5303 3059 5358 dicto
3107 5304 3331 5357 minuto
3380 5317 3495 5357 uno
3539 5317 3673 5356 cum

2032 5392 2276 5448 semisse
2323 5409 2390 5446 ac
2439 5396 2601 5463 parte
2652 5394 2815 5446 tertia
2863 5390 3144 5455 conﬁunt,
3182 5405 3328 5461 quas
3365 5387 3677 5460 particulas

2034 5486 2400 5536 menstruum
2441 5479 2593 5536 lunaa
2642 5478 2867 5551 cyclum
2921 5478 3068 5533 ultra
3114 5479 3184 5533 28
3229 5477 3354 5533 dies
3399 5492 3534 5533 cum
3583 5492 3674 5532 se-

2034 5572 2210 5628 misse
2241 5571 2453 5627 habsrs
2488 5572 2609 5641 jam
2658 5574 2957 5623 ostensum
3009 5572 3115 5621 est.
3148 5566 3306 5622 Alios
3353 5571 3548 5622 autem
3598 5568 3666 5621 ad

2034 5661 2439 5719 complendum
2492 5673 2796 5714 numerum
2830 5658 2899 5710 50
2931 5657 3190 5723 sdiicies,
3214 5656 3331 5710 imo
3361 5672 3394 5709 a
3424 5654 3582 5725 cyclo
3609 5657 3672 5709 17

2033 5749 2103 5806 ad
2139 5748 2224 5817 19,
2256 5752 2479 5820 septem
2502 5747 2625 5802 dies
2650 5761 2664 5811 ;
2689 5759 2825 5801 nam
2858 5746 2917 5801 in
2945 5745 3060 5802 illis
3084 5744 3258 5815 cyclis
3278 5744 3469 5814 plures
3490 5746 3671 5815 requi-
