4098 6332
353 425 430 485 83
1623 424 1736 485 MA
1752 423 2009 484 ΤΤΗιΕΙ

2146 418 2492 482 .ASTARIS
3672 422 3747 481 84

355 565 579 612 runtur.
615 555 754 611 Dein
788 572 854 610 ex
885 557 1147 611 omnium
1197 563 1500 628 aggregato
1531 560 1715 630 abjice
1746 561 1870 614 dies
1900 558 1988 624 30,
2020 595 2031 622 λ

2147 554 2210 627 ip
2253 557 2286 622 ἡ
2328 552 2538 608 ἐκείνων
2589 552 2830 622 ποσότης
2889 550 2940 606 έν
2995 549 3210 612 τούτοις
3270 551 3550 626 συνάγεται
3583 572 3595 584 ο
3657 553 3748 606 καὶ

354 653 412 702 et
455 647 735 701 duntaxat
793 650 1084 700 reservato
1144 647 1374 702 residua
1406 647 1632 703 minora
1678 665 1852 719 quam
1909 648 2000 715 30,

356 736 570 808 quibus
601 735 886 791 addantur
929 741 1054 790 tum
1095 736 1216 792 dies
1265 737 1478 802 Martii,
1500 738 1682 793 donec
1704 740 1770 793 ad
1796 753 2002 792 nume-

358 843 485 881 rum
517 826 589 880 50
653 825 1004 894 perveneris.
1041 825 1140 880 Sin
1200 843 1329 882 vero
1371 843 1570 882 omnes
1631 827 1822 882 Martii
1879 827 2002 882 dies

360 915 512 968 haud
545 914 871 978 sufﬁciunt,
905 916 1049 968 aride
1079 919 1134 970 et
1167 931 1233 970 ex
1288 916 1463 984 Aprili
1497 931 1683 988 usque
1715 916 1787 970 ad
1834 916 1999 970 illum

359 1005 535 1063 diem,
577 1006 671 1074 qui
734 1019 1042 1058 numerum
1087 1006 1363 1060 istutnSO
1420 1005 1863 1076 adimpleverit;
1925 1007 2006 1060 ita

359 1091 591 1146 dabitur
625 1091 846 1147 Pascha
881 1091 1084 1164 legale.

990 1359 1149 1416 208
1183 1361 1377 1417 Aliter.

436 1452 522 1507 Uti
584 1450 820 1521 poteris,
881 1451 929 1505 si
993 1449 1198 1521 placet,
1251 1455 1306 1506 et
1363 1451 1471 1505 hac
1533 1453 2011 1509 methodo.Adde

367 1541 746 1595 fundamento
769 1538 922 1594 luna:
957 1539 1011 1593 in
1040 1539 1131 1594 die
1164 1539 1350 1610 primo
1369 1541 1463 1594 die
1490 1541 1750 1596 Januarii
1785 1550 2010 1614 reperto

365 1634 591 1698 epactas
623 1634 738 1683 tres
772 1629 853 1699 (at
885 1630 931 1683 si
963 1627 1104 1684 luua
1165 1628 1386 1700 cyclum
1450 1631 1514 1683 17
1563 1632 1842 1703 attigerit,
1877 1633 2011 1689 inde

367 1719 436 1772 ad
475 1719 539 1772 10
569 1733 750 1788 usque
781 1724 1015 1788 epactas
1048 1730 1292 1788 quatuor
1325 1720 1700 1774 fundamento
1728 1721 2009 1792 adjicies),

366 1816 418 1861 et
450 1809 498 1862 si
534 1823 810 1861 numerus
861 1807 1034 1861 fuerit
1085 1808 1269 1877 major
1300 1808 1387 1874 30,
1421 1807 1655 1863 detrahe
1701 1810 1791 1876 30,
1821 1821 1873 1865 et
1913 1828 2010 1881 ap-

2109 644 2312 705 ὶνώσας
2373 642 2600 710 ἁπάσας,
2656 637 2854 698 ἔκϐαλε
2910 641 3006 704 τὰς
3077 639 3462 716 τριακοντάδας
3537 641 3628 695 καὶ
3685 643 3750 695 τὰ

2109 732 2517 810 περιλειφθέντα
2572 733 2772 801 ἥττονα
2825 735 2932 786 τῶν
2995 731 3045 786 λ’
3103 731 3344 807 κάτασχε
3412 732 3588 804 μόνα*
3658 729 3752 784 καί

2111 823 2328 882 τούτονς
2370 823 2650 898 προστίθει
2698 822 2790 882 τὰς
2836 823 2931 876 τοῦ
2977 821 3223 896 Μαρτίου
3272 815 3504 894 ἡμέρας,
3557 819 3752 894 μέχρις

2112 910 2172 966 ἂν
2219 913 2294 972 εἰς
2333 913 2423 966 τὸν
2472 917 2516 964 ν’
2556 906 2724 986 ἔλθῃς
2769 911 3024 983 ἀριθμόν.
3077 910 3135 964 Εἰ
3189 907 3245 964 δὲ
3294 911 3392 964 οὐκ
3438 907 3753 984 ἀρκέσουσιν

2112 1007 2169 1059 αἱ
2217 1009 2313 1058 105
2359 1003 2598 1077 Μαρτίου
2646 1007 2833 1070 πᾶσαι,
2882 1003 3112 1076 πρόσθες
3161 1001 3249 1054 καὶ
3297 999 3383 1054 ἐπὶ
3425 1003 3520 1054 τοῦ
3567 1004 3757 1071 Ἀπρι-

2115 1094 2262 1163 λίου,
2293 1094 2379 1148 καὶ
2427 1095 2543 1148 κατ’
2594 1091 2802 1161 ἐκείνην
2848 1092 2947 1159 τήν
2991 1092 3201 1158 ποστήν
3245 1093 3342 1144 τοῦ
3392 1088 3584 1162 μηνὸς,
3634 1089 3753 1156 ἣτις

2116 1184 2472 1258 ἀνεπλήρωσε
2521 1181 2613 1237 τὸν
2664 1180 3028 1251 πεντηκοστὸν
3081 1179 3334 1252 ἀριθμὸν,
3375 1176 3492 1232 ῗσθι
3548 1177 3610 1232 τὸ
3661 1197 3758 1231 νο-

2124 1274 2282 1348 μικὸν
2313 1272 2598 1346 γινόμενον
2634 1272 2849 1348 Πάσχα.

2785 1358 3094 1420 Ἀλλως.

2193 1453 2252 1507 Εἰ
2284 1449 2339 1506 δέ
2385 1449 2534 1505 δοκεῖ
2580 1471 2664 1504 σοι
2705 1449 2791 1504 καὶ
2833 1449 3054 1524 ἑτέρως,
3096 1447 3372 1520 προστίθει
3419 1451 3498 1516 τῷ
3530 1445 3578 1500 έν
3613 1449 3680 1517 τῇ
3713 1449 3760 1498 α’

2121 1547 2215 1597 105
2284 1541 2618 1614 Ἰανουαρίου
2703 1539 2966 1614 εὑρεθέντι
3052 1535 3294 1610 θεμελίῳ
3365 1544 3464 1604 τῆς
3529 1536 3762 1606 σελήνης

2119 1634 2349 1696 ἐπακτὰς
2393 1638 2467 1708 γ’,
2523 1640 2618 1701 τῆς
2670 1631 2725 1687 δὲ
2781 1631 3013 1702 σελήνης
3069 1631 3144 1692 εἲς
3200 1631 3290 1686 τὸν
3341 1635 3406 1700 ιζ’
3464 1631 3761 1706 ἀφιγμένης

2120 1721 2345 1789 κύκλον,
2400 1723 2488 1775 καὶ
2534 1721 2787 1790 ἀνιούσης
2844 1721 3010 1794 μέχρι
3055 1724 3160 1772 τῶν
3213 1721 3296 1790 ιθ’,
3326 1718 3580 1791 τέσσαρας
3633 1717 3764 1772 ἐπα-

2121 1812 2249 1871 κτᾶις
2287 1816 2366 1881 τῷ
2404 1809 2648 1882 θεμελίῳ
2696 1809 3011 1881 προστίθει·
3065 1806 3154 1862 καὶ
3203 1807 3289 1860 ἐὰν
3321 1805 3486 1861 πλέον
3513 1803 3618 1860 τῶν
3651 1805 3706 1858 λ’
3737 1807 3765 1859 ὁ

368 1912 516 1968 pone
550 1896 791 1949 residuis
824 1912 989 1966 porro
1020 1915 1049 1949 a
1083 1896 1268 1966 primo
1299 1895 1391 1950 die
1418 1897 1701 1959 Januarii,
1735 1899 1874 1952 dum
1911 1915 2010 1953 nu-

2152 1900 2342 1974 ριθμὸς
2395 1901 2642 1971 γένηται,
2692 1897 2855 1970 ὕφελε
2886 1898 2950 1950 15v
2990 1897 3064 1965 λ’,
3098 1897 3187 1950 καὶ
3213 1901 3328 1957 τοῖς
3371 1895 3767 1969 περιλειφθεῖσι

370 2003 566 2040 merus
595 1985 666 2039 50
696 1985 1075 2056 compleatur.
1109 1986 1169 2040 Si
1203 2001 1332 2039 vero
1383 1986 1503 2040 dies
1536 1987 1730 2042 Martii
1775 2006 2016 2044 numero

371 2074 714 2145 complenda
772 2090 940 2146 pares
996 2091 1105 2130 non
1161 2075 1396 2142 fuerint,
1437 2081 1674 2133 caeteros
1725 2093 1790 2131 ex
1838 2079 2018 2149 Aprili

371 2165 641 2235 adjunge,
670 2181 856 2234 usque
889 2165 1049 2218 illum
1082 2165 1234 2218 diem
1271 2165 1370 2236 qui
1395 2166 1467 2220 50
1501 2182 1806 2222 numerum
1843 2169 2018 2238 perfe-

373 2255 517 2309 cerit
551 2271 562 2306 :
598 2256 863 2326 sciasque
895 2254 999 2309 hoc
1035 2256 1224 2326 ipsum
1273 2271 1394 2311 esse
1429 2256 1649 2312 Pascha
1697 2258 2017 2314 secundum

374 2343 556 2413 legem
592 2342 1028 2400 celebrandum.

1105 2528 1293 2584 Aliter.

448 2616 564 2671 Hoc
605 2617 778 2671 etiam
812 2618 1001 2682 modo,
1037 2618 1082 2670 si
1135 2618 1275 2672 velis
1310 2637 1322 2672 :
1377 2618 1529 2674 lunze
1579 2620 2022 2676 fundamentum

379 2706 435 2761 in
462 2706 648 2777 primo
670 2705 760 2759 die
783 2705 1044 2761 Januarii
1075 2707 1292 2761 mensis
1314 2713 1599 2779 repertum
1622 2708 2026 2776 scrvato;huie

379 2794 524 2847 adde
570 2810 636 2848 cx
677 2793 886 2848 diebus
935 2794 1144 2860 Martii,
1181 2812 1364 2866 usque
1398 2797 1534 2851 dum
1588 2797 1732 2852 ﬁant
1771 2797 1894 2853 dies
1935 2798 2025 2865 47,

381 2881 464 2937 vel
497 2883 540 2936 si
573 2881 656 2936 illi
696 2882 803 2937 soli
847 2882 995 2937 haud
1049 2883 1258 2938 faciant
1301 2885 1467 2952 satis,
1503 2887 1746 2942 aduecto
1793 2904 1861 2941 ex
1909 2888 2025 2941 die-

382 2974 492 3028 bus
523 2972 861 3042 Aprilibus:
897 2976 1067 3044 atque
1097 2975 1269 3030 etiam
1319 2993 1451 3030 cum
1485 2976 1624 3031 luna
1668 2977 1726 3031 in
1772 2977 1929 3049 cyclo
1962 2977 2028 3030 17

383 3063 452 3115 ad
487 3062 554 3116 19
586 3077 766 3133 usque
789 3068 1168 3132 procurreret.
1206 3073 1512 3120 numerato
1545 3067 1664 3120 dies
1704 3065 1767 3119 {8
1803 3083 1814 3119 :
1850 3066 2028 3119 scias-

385 3167 497 3222 que
543 3150 602 3204 id
643 3157 874 3221 tempus
929 3151 1192 3206 Paschati
1247 3153 1413 3223 legati
1463 3154 1740 3209 debitum.
1790 3154 2030 3217 Quando

386 3245 575 3294 autem
610 3239 757 3293 lunae
789 3240 1229 3295 fundamentum
1282 3241 1412 3312 plus
1444 3259 1615 3313 quam
1649 3244 1718 3297 26
1776 3244 1898 3298 dies
1929 3243 2031 3296 ha-

386 3329 595 3395 buerit,
633 3345 703 3384 ne
732 3329 923 3400 capias
956 3347 1158 3385 omnes
1190 3331 1311 3386 dies
1346 3331 1556 3397 Martii,
1589 3332 1687 3386 sed
1719 3349 1899 3388 unum
1934 3349 2027 3387 se-

390 3419 530 3487 lunr,
568 3423 740 3489 atque
771 3435 835 3474 ex
868 3419 1049 3490 Aprili
1075 3420 1142 3474 47
1164 3420 1286 3476 dies
1319 3421 1599 3492 perficito.

465 3693 578 3747 Hoc
612 3697 883 3763 preterea
914 3698 967 3748 te
998 3695 1144 3749 scire
1174 3694 1423 3763 expedit,
1463 3699 1602 3764 puta
1646 3695 2032 3764 plenilunium

391 3782 546 3838 circa
576 3782 795 3836 Pascha
818 3783 998 3852 legale
1031 3783 1086 3836 in
1112 3799 1354 3838 numero
1380 3784 1446 3836 45
1477 3783 1746 3854 reperiri;
1777 3785 1856 3838 sic
1887 3783 2034 3838 enim

391 3870 714 3941 completur
747 3888 896 3924 unus
927 3873 1144 3927 mensis
1165 3871 1389 3926 lunaris
1418 3889 1549 3926 cum
1581 3871 1842 3928 semisse.
1867 3873 2039 3928 Simi-

393 3961 526 4015 liter
555 3965 612 4015 et
644 3961 701 4014 in
751 3961 991 4032 reliquis
1024 3961 1314 4016 methodis
1351 3961 1664 4031 praedictis,
1696 3978 1820 4032 quae
1853 3962 2037 4016 conﬁ—

395 4051 556 4104 ciunt
590 4067 894 4104 numerum
928 4052 1018 4115 50,
1054 4068 1166 4105 nou
1207 4050 1298 4104 die
1347 4052 1418 4105 50
1447 4051 1545 4105 sed
1579 4052 1646 4104 48
1677 4050 1814 4104 luna
1843 4053 2036 4104 decre-

396 4156 554 4193 scere
598 4138 820 4208 incipit.
893 4139 1074 4210 Hujus
1115 4149 1304 4194 autem
1358 4140 1668 4205 anomalia,
1715 4145 1774 4193 ut
1816 4140 2038 4194 dictum

397 4235 502 4292 est,
523 4228 696 4282 etiam
729 4227 875 4282 duos
907 4227 1052 4283 alios
1083 4231 1206 4282 dies
1241 4229 1440 4296 poscit,
1464 4231 1719 4298 adeoque
1744 4228 2040 4298 colligitur

399 4317 533 4370 hinc
579 4317 657 4383 '17,
691 4317 824 4372 inde
855 4334 1134 4373 numerus
1163 4319 1253 4372 50.

633 4499 703 4554 De
748 4503 1015 4555 Paschate
1059 4500 1365 4554 Christiano
1403 4496 1821 4553 adinveuiendo.

473 4589 562 4644 Sic
609 4589 843 4660 quidem
892 4589 1143 4660 reperire
1191 4588 1348 4654 licet,
1386 4603 1640 4659 quonam
1693 4586 1910 4642 mensis
1955 4585 2046 4642 die

404 4677 586 4749 legale
621 4675 840 4732 Pascha
871 4679 1187 4748 contingat.
1213 4677 1368 4748 Opus
1405 4682 1595 4732 autem
1629 4679 1719 4730 est
1752 4681 1814 4730 ut
1844 4675 2054 4730 intelli-

404 4784 507 4839 gas
541 4765 716 4822 etiam
748 4769 986 4838 quinam
1020 4767 1354 4837 septimanae
1380 4765 1504 4821 dies
1523 4781 1655 4821 cum
1681 4765 1791 4819 isto
1814 4781 2054 4819 concur-

406 4861 512 4922 rat,
528 4859 666 4910 adeo
690 4861 752 4910 ut
771 4857 976 4911 exinde
999 4856 1318 4928 procedens
1334 4857 1404 4910 ad
1425 4841 1582 4910 diem.
1603 4853 2056 4919 Dominieum,et

407 4945 558 4998 diem
596 4945 760 5000 illum
785 4947 1004 5003 mensis
1031 4945 1119 5001 hic
1139 4963 1338 5000 rursus
1369 4945 1930 5016 accipiens,tempus
1955 4946 2058 4996 Pa-

409 5035 632 5091 schatis
660 5035 973 5091 Christiani
1004 5036 1334 5091 celebrandi
1365 5035 1695 5106 dignoscas.
1730 5033 1906 5088 Sume
1949 5031 2056 5103 igi-

413 5133 500 5179 tur
523 5124 750 5194 cyclum
773 5125 1123 5196 solis,eique
1145 5130 1374 5195 epaetas
1398 5141 1544 5195 quas
1569 5123 1826 5177 diximus
1848 5120 2052 5190 adjiec,

416 5213 554 5268 nim.
576 5231 676 5284 pro
699 5215 902 5284 quovis
926 5215 1313 5285 quadriennio
1340 5230 1536 5280 unum,
1554 5229 1672 5284 quae
1696 5211 1814 5266 sint
1845 5217 2056 5280 epactse

414 5303 761 5369 bissextiles,
796 5308 918 5358 tum
961 5304 1132 5358 etiam
1167 5305 1229 5358 11
1285 5302 1412 5358 illas
1463 5301 1750 5356 mensium
1784 5302 2054 5369 quatuor,

412 5392 676 5447 videlicet
707 5391 777 5446 ab
807 5392 1033 5447 Octobri
1061 5410 1246 5460 usque
1279 5394 1348 5446 ad
1379 5392 1744 5457 Januarium,
1778 5385 1874 5441 ubi
1900 5400 2054 5440 meu-

415 5481 496 5537 sis
526 5484 595 5536 30
626 5482 832 5536 diebus
863 5489 1088 5536 constat
1115 5499 1127 5549 ;
1158 5486 1274 5538 tres
1304 5486 1495 5536 autem
1528 5497 1561 5535 a
1592 5494 1788 5533 mense
1830 5476 2056 5530 dierum

415 5574 501 5628 31.
538 5572 640 5627 Sed
675 5589 706 5626 a
749 5571 1057 5627 Februario
1089 5588 1160 5626 ue
1191 5571 1439 5640 accipias
1473 5595 1486 5638 ;
1517 5569 1611 5624 hic
1641 5567 1791 5622 enim
1825 5564 2057 5636 penitus

417 5662 778 5716 absorbetur.
845 5660 908 5714 Et
977 5659 1020 5714 si
1081 5659 1138 5714 iu
1217 5659 1420 5715 Martio
1499 5657 1782 5730 reperitur
1839 5653 2056 5709 Pascha

420 5752 624 5824 legale,
655 5768 791 5819 cape
823 5753 947 5806 dies
1008 5767 1197 5820 usque
1229 5749 1297 5804 ad
1357 5748 1500 5803 illud
1554 5745 1800 5802 Pascha.
1835 5744 2040 5799 Sivero

2127 1991 2406 2063 προστίθει
2455 1987 2561 2041 ἀπὸ
2605 1993 2706 2054 τῆς
2756 1991 2802 2040 α’
2851 1991 2946 2039 105
2997 1985 3264 2059 Μαρτίου,
3327 1986 3520 2060 μέχρις
3570 1984 3627 2038 ἂν
3661 1985 3690 2036 ὁ
3722 1985 3770 2036 ν’

2129 2079 2358 2152 ἀριθμὸς
2416 2075 2710 2150 πληρωθῇ.
2778 2076 2844 2130 E5
2892 2073 2946 2128 δὲ
2994 2079 3090 2129 105
3150 2075 3389 2149 Μαρτίοτ
3458 2079 3620 2128 πᾶσαι
3670 2072 3772 2127 οὐκ

2130 2167 2513 2240 ἀνεπλήρωσαν
2565 2166 2655 2220 τὸν
2709 2169 2774 2234 ν’,
2832 2165 3060 2237 πρόσθες
3118 2165 3212 2224 τὰς
3261 2161 3457 2224 λοιπάς
3517 2162 3622 2216 ἀπὸ
3670 2167 3772 2216 105

2130 2255 2442 2331 Ἀπριλίου,
2484 2256 2572 2309 καὶ
2613 2255 2728 2308 κατ’
2774 2252 2976 2322 ἐκείνην
3022 2255 3122 2322 τήν
3170 2253 3375 2320 ποστήν
3425 2256 3520 2306 τοῦ
3573 2253 3772 2324 μηνὸς,

2129 2345 2248 2411 ἣτις
2306 2340 2663 2416 ἀνεπλήρωσε
2709 2342 2796 2396 τὸν
2826 2345 2896 2408 ν’,
2926 2339 3258 2414 τελούμενον
3303 2343 3536 2417 γίνωσκε
3579 2341 3777 2416 Πάσχα

2130 2437 2228 2487 105
2260 2432 2453 2504 νόμου.

2798 2515 3103 2578 νΑλλως.

2209 2610 2275 2665 Ei
2333 2607 2386 2662 δὲ
2439 2607 2650 2682 βούλει,
2696 2607 2786 2661 καὶ
2839 2605 3019 2660 οὕτω·
3071 2608 3339 2679 κράτησον
3392 2609 3479 2663 τὸν
3532 2606 3581 2662 έν
3627 2611 3697 2681 τῇ
3732 2609 3776 2663 α’

2134 2701 2230 2751 105
2262 2695 2588 2768 Ίανουαρίου
2633 2695 2803 2768 μηνὸς
2853 2691 3130 2768 εὑρεθέντα
3175 2703 3275 2764 τῆς
3325 2697 3558 2766 σελήνης
3613 2696 3778 2768 θεμέο

2136 2784 2256 2840 λιον
2285 2804 2292 2814 ·
2330 2783 2510 2856 τούτῳ
2543 2783 2817 2856 προστίθει
2849 2781 2909 2838 ἐκ
2937 2787 3042 2838 τῶν
3087 2781 3182 2838 δοῦ
3229 2785 3478 2859 Μαρτίου
3528 2787 3778 2859 ἡμερῶν.

2134 2873 2237 2937 ἓως
2300 2874 2357 2928 ἓν
2413 2873 2618 2948 γένεται
2671 2873 2872 2948 ἡμέραι
2933 2878 3040 2944 μζ’,
3091 2873 3124 2942 ἢ
3178 2873 3392 2928 ἐκείνων
3455 2877 3635 2946 μόνων
3700 2877 3777 2948 μή

2137 2963 2494 3038 ἐξαρκουσῶν,
2546 2963 2820 3037 προστίθει
2861 2961 2951 3016 καὶ
3003 2964 3108 3017 ἀπὸ
3154 2967 3260 3017 τῶν
3306 2969 3403 3017 τοῦ
3450 2963 3779 3037 ’Δπριλίου·

2138 3053 2282 3118 πλὴν
2314 3052 2405 3106 τὸν
2440 3055 2504 3120 ιζ’
2537 3049 2737 3106 κύγλον
2770 3058 2868 3118 τῆς
2919 3050 3154 3120 σελήνης
3187 3053 3434 3121 θεούσης,
3485 3051 3650 3129 μέχρι
3679 3057 3782 3107 105

2141 3139 2627 3208 ὲννεακαιὸεκάτου,
2678 3141 2889 3214 ἡμέρας
2938 3140 3154 3213 ἀρίθμει
3191 3142 3300 3213 ut",
3335 3142 3488 3196 κάκεῖ
3514 3143 3575 3196 τὸ
3621 3161 3782 3214 νομι-

2141 3235 2232 3288 κὸν
2259 3231 2590 3304 τελούμενον
2621 3230 2854 3305 γίνωσκε
2902 3232 3112 3305 Πάσχα.
3150 3231 3322 3286 Πλέον
3361 3230 3417 3286 δὲ
3458 3236 3565 3287 τῶν
3603 3230 3782 3286 ε’ίκοσι

2139 3323 2227 3376 καὶ
2343 3325 2563 3394 ἡμερῶν
2593 3319 2816 3395 ἔχοντος
2847 3325 2944 3375 105
2977 3319 3234 3392 θεμελίου
3277 3329 3376 3390 τῆς
3413 3321 3667 3392 σελήνης,
3705 3323 3784 3394 μή

2139 3408 2384 3483 λάμϐανε
2416 3413 2512 3472 τας
2537 3415 2632 3465 105
2682 3409 2921 3477 Μαρτίου
2975 3413 3141 3472 πάσας
3189 3409 3420 3485 ἡμέρας,
3472 3410 3618 3466 ἀλλά
3653 3411 3782 3483 μίαν

2144 3502 2314 3574 μόνην
2344 3520 2355 3531 θ
2408 3499 2465 3554 ἐκ
2509 3495 2567 3554 δὶ
2612 3503 2708 3554 105
2759 3497 3046 3574 ’Δπριλίου
3095 3499 3493 3574 ἀναπλήρωσον
3537 3503 3632 3562 τὰς
3697 3507 3769 3573 μζ

2141 3589 2367 3662 ἡμέρας.

2216 3684 2304 3733 Δεῖ
2347 3675 2403 3732 δέ
2452 3699 2508 3732 σε
2563 3681 2724 3731 τοῦτο
2783 3674 3004 3747 εἰδέναι,
3052 3679 3126 3739 ὡς
3176 3681 3210 3746 ἡ
3260 3680 3397 3732 κατά
3437 3680 3498 3732 τὸ
3551 3678 3784 3749 νομικὸν

2147 3769 2336 3840 Πάσχα
2403 3767 2602 3840 κυρίως
2666 3765 3002 3836 πανσέληνος
3063 3767 3112 3821 ἐν
3184 3773 3262 3838 τῷ
3322 3772 3402 3837 με’
3480 3767 3783 3841 εὑρίσκεται

2145 3857 2406 3930 ἀριθμῷ·
2467 3856 2610 3910 οὕτω
2669 3857 2767 3930 γάρ
2838 3854 3243 3927 ἀναπληροῦται
3321 3859 3398 3920 εἷς
3441 3859 3528 3910 καί
3587 3858 3786 3927 ἥμισυς

2149 3947 2469 4018 σεληνιακὸς
2533 3948 2659 4019 μήν.
2721 3951 2994 4008 Ὡσαύτως
3053 3948 3141 4000 καὶ
3201 3946 3287 4000 ἐπὶ
3345 3953 3453 4001 τῶν
3525 3946 3790 4021 ρηθεισῶν

2148 4038 2342 4111 έτὲρων
2377 4034 2644 4108 μεθόδων,
2699 4034 2753 4089 αἶ
2784 4039 3071 4109 συνάγουσι
3115 4037 3204 4089 τὸν
3241 4037 3281 4088 ν’
3312 4035 3409 4090 ουκ
3435 4034 3521 4088 ἐπὶ
3569 4036 3790 4106 τούτου,

2148 4124 2275 4180 ἀλλ’
2307 4124 2392 4179 ἐπὶ
2424 4129 2519 4177 105
2549 4125 2640 4195 μη¹
2672 4125 2905 4195 ἀριθμοῦ
2938 4127 2969 4192 ἡ
3014 4123 3248 4192 σελήνην
3302 4123 3499 4202 φθίνειν
3550 4123 3791 4200 ὑπάρχε-

2147 4235 2256 4269 ται.
2311 4216 2370 4268 'H
2423 4211 2479 4266 δὲ
2519 4211 2806 4284 ἀνωμαλία
2855 4212 3076 4280 ταύτης,
3126 4213 3204 4274 ὡς
3266 4209 3504 4286 εἴρηται,
3557 4212 3645 4265 καὶ
3693 4214 3791 4273 τὰς

2152 4305 2333 4376 έτέρας
2393 4300 2488 4356 δύο
2545 4300 2922 4376 προστέθεικεν
2975 4299 3224 4374 ἡμέρας⁸
3284 4301 3374 4354 καὶ
3421 4299 3648 4356 ἐνταῦθα
3698 4303 3794 4374 μὲν

2151 4395 2240 4447 τὸν
2273 4393 2356 4466 μζ’
2388 4391 2705 4466 συνάγουσιν
2735 4390 2990 4462 ἀριθμόν,
3024 4389 3134 4444 ἒκεῐ
3165 4388 3222 4445 δέ
3252 4389 3342 4453 τόν
3372 4397 3432 4447 ν’.

2156 4487 2379 4543 ’Ὸπως
2432 4482 2502 4536 τὸ
2563 4481 3037 4555 Χριστιανικὸν
3095 4479 3476 4553 εὖρίσκετοι
3536 4480 3792 4555 Πάσχα.

2233 4574 2328 4628 Καὶ
2382 4571 2524 4625 οὕτω
2559 4571 2653 4643 μὶν
2692 4573 2726 4639 ἡ
2769 4570 2821 4624 έν
2863 4574 2940 4641 τῷ
2976 4574 3187 4642 νομικῷ
3239 4570 3429 4645 Πάσχα
3477 4572 3649 4638 ποστή
3699 4574 3796 4624 105

2087 4637 2129 4700 D
2168 4663 2338 4735 μηνὸς
2380 4660 2559 4732 ἡμέρα
2604 4659 2924 4734 εὑρίσκεται.
2978 4665 3068 4713 Δεῖ
3109 4656 3164 4712 δέ
3210 4679 3266 4712 σε
3304 4656 3498 4713 εἰδέναι
3537 4659 3625 4713 καὶ
3665 4658 3798 4714 ποία

2165 4752 2332 4824 ταύτῃ
2419 4750 2737 4823 συνέρχεται
2792 4755 2889 4817 τῆς
2959 4743 3262 4820 ἑϐδομάδος
3337 4749 3536 4821 ἡμέρα,
3605 4747 3678 4801 ὡς
3734 4747 3794 4802 ἃν

2167 4841 2361 4896 ἐκεῖθεν
2421 4839 2508 4893 ἐπὶ
2560 4839 2657 4907 τήν
2711 4838 2983 4911 Κυριακήν
3064 4835 3383 4911 ἐρχόμενος,
3443 4838 3530 4890 καὶ
3591 4838 3688 4906 τήν
3745 4835 3798 4891 ἐν

2166 4929 2300 5004 αύτῇ
2351 4933 2446 4984 τοῦ
2494 4933 2667 5000 μηνὸς
2714 4925 2864 4986 αὖθις
2914 4923 3347 4998 καταλαμϐάνων
3407 4928 3632 4995 ποστὴν,
3690 4923 3800 4981 ἐκεῖ

2163 5021 2226 5074 τὸ
2268 5017 2642 5090 Χριστιανικὸν
2685 5014 3014 5088 τελούμενον
3067 5015 3260 5093 Πάσχα
3308 5016 3600 5090 γινώσκῃς.
3653 5016 3798 5091 Κρά-

2165 5129 2328 5178 τησον
2376 5105 2464 5159 οὖν
2510 5107 2600 5159 τὸν
2647 5103 2845 5159 κύκλον
2897 5107 2993 5159 τοῦ
3043 5102 3242 5172 ἡλίου·
3294 5105 3572 5178 προστίθει
3620 5103 3800 5175 τούτῳ

2168 5197 2258 5258 τὰς
2291 5195 2586 5270 λεγομένας
2633 5192 2885 5264 έπακτάς,
2919 5194 3042 5262 ἤτοι
3083 5193 3217 5247 κατὰ
3265 5190 3309 5246 δ’
3358 5192 3592 5267 χρόνους
3648 5194 3799 5264 μίαν,

2167 5285 2364 5346 α’ίτινές
2414 5285 2514 5338 εἰσι
2558 5288 2654 5337 105
2708 5281 2953 5357 βισέκτου
2981 5302 2994 5314 ο
3047 5283 3161 5336 εἶτα
3209 5281 3304 5343 τὰς
3347 5279 3535 5336 ἕνδεκα
3586 5285 3682 5335 105
3728 5301 3803 5334 τε-

2165 5377 2465 5449 τραμήνου,
2526 5374 2690 5447 ἢγουν
2748 5371 2852 5425 ὰπὸ
2917 5376 3012 5424 105
3087 5366 3422 5444 Ὀκτωϐρίου
3482 5372 3647 5447 μέχρι
3705 5373 3801 5423 105

2169 5466 2524 5535 Ἰανουαρίου,
2568 5463 2672 5515 ἀπὸ
2725 5459 2817 5514 105
2865 5458 3087 5534 ἔχοντος
3147 5461 3316 5531 μηνὸς
3368 5459 3575 5532 ἡμέρος
3605 5460 3674 5525 λ’,
3707 5455 3801 5512 δύο

2168 5547 2487 5627 λαμϐάνων,
2517 5556 2660 5621 τρεῖς
2691 5546 2748 5603 δὲ
2774 5549 2876 5603 ἀπὸ
2906 5554 3002 5603 105
3032 5547 3257 5621 ἔχοντος
3298 5547 3398 5602 λα’.
3436 5550 3572 5601 Ἀπὸ
3605 5545 3662 5602 δὲ
3708 5548 3803 5599 105

2169 5640 2540 5717 Φεϐρουασίου
2603 5642 2678 5712 μή
2749 5635 3014 5712 λάμϐανε,
3061 5636 3151 5692 διὰ
3206 5639 3268 5692 τὸ
3338 5637 3584 5712 ἐσχάτως
3645 5636 3803 5690 αὐτὸν

2167 5727 2591 5789 κεκολοϐῶσθαι.
2636 5732 2731 5784 Καὶ
2764 5729 2808 5785 εἰ
2864 5732 2955 5802 μεν
3007 5727 3060 5784 ἐν
3105 5732 3185 5799 τῷ
3237 5728 3457 5801 Μαρτίῳ
3507 5726 3806 5800 εὑρίσκεται
