4098 6332
317 401 395 461 ὃὸ
1371 406 1785 468 SYNTAGS-lA
1840 409 2471 472 ALPHABETICUM.
2519 441 2597 453 —
2643 412 2710 467 Π.

3668 410 3747 470 86

320 547 381 589 το
415 537 613 610 Πάσχα
661 536 725 590 τὸ
768 539 1022 608 νομικὸν,
1057 533 1190 592 λάϐε
1236 539 1323 592 καὶ
1369 540 1464 601 τὰς
1518 541 1684 616 μέχρι
1733 547 1828 595 τοῦ
1880 543 1970 596 [ιά-

2094 544 2150 598 in
2198 543 2399 612 Aprili,
2433 543 2627 609 accipe
2675 548 2729 593 ct
2786 558 2853 595 ex
2912 541 3120 596 Martio
3177 541 3365 597 solum
3423 543 3542 598 tres
3594 543 3744 611 dies,

323 644 435 702 σχα
465 625 664 679 τούτου
697 624 944 697 ἡμέρας·
981 626 1027 680 εἰ
1061 624 1117 680 δὲ
1167 627 1218 682 ἐν
1269 633 1348 699 τῷ
1381 629 1671 701 ’Δπριλίῳ,
1708 626 1840 684 λάϐε
1898 633 1986 684 καὶ

323 715 430 769 ἀπὸ
483 721 583 770 τοῦ
640 717 890 789 Μαρτίου
946 718 1112 790 μόνας
1160 724 1330 792 τρεῖς,
1376 720 1466 773 καὶ
1515 720 1610 783 τὰς
1656 727 1752 776 τοῦ
1799 724 1984 795 Ἀπρι-

322 806 474 874 λίου,
508 808 630 861 ὅσαι
685 808 852 881 μέχρι
911 813 1009 862 τοῦ
1066 809 1258 885 Πάσχα
1305 811 1663 884 εὑρίσκονται,
1713 813 1802 867 καὶ
1850 814 1983 867 ἑνώ-

327 917 420 956 σας
455 896 691 966 ἁπάσας,
725 897 992 952 ἆνάλυσον
1036 897 1122 952 ἐπὶ
1153 900 1219 954 τὰ
1268 904 1335 968 ζ’,
1368 899 1454 954 καὶ
1503 901 1547 954 εἰ
1598 903 1693 972 μὲν
1748 901 1845 974 μία
1892 918 1981 958 πε“

321 985 634 1063 ριλειφθείη
718 988 920 1058 ἡμένα,
982 984 1212 1062 ὑπέρχει
1292 991 1557 1062 Κυριακὴ,
1618 991 1706 1044 καὶ
1779 989 1860 1046 δεῖ
1926 1013 1982 1046 σε

320 1073 652 1148 προσμένειν
710 1077 810 1144 τήν
866 1074 1209 1152 ἐρχομένην·
1271 1078 1314 1131 εἰ
1361 1075 1417 1134 δὲ
1469 1077 1585 1147 δύο,
1644 1077 1900 1153 δευτέρα⁸
1933 1081 1977 1135 εἰ

321 1161 379 1218 δὲ
436 1170 604 1238 τρεῖς,
637 1165 817 1238 τρίτη,
852 1165 942 1220 καὶ
993 1167 1112 1235 ἑξῆς
1167 1163 1331 1242 μέχρι
1381 1171 1488 1220 τῶν
1541 1168 1694 1226 ἑπτᾶ.
1747 1170 1844 1224 Καὶ
1887 1169 1979 1242 ἀφ’

316 1254 580 1322 ἑκάστης,
629 1253 718 1308 ἐπὶ
765 1255 863 1323 τήν
913 1257 1186 1330 Κυριακήν
1235 1257 1489 1327 ἂπαντᾷν,
1535 1258 1625 1312 καὶ
1682 1257 1732 1313 ἑν
1800 1259 1974 1333 ἐκείνῃ

313 1346 384 1414 τῇ
418 1345 609 1416 ἡμέρᾳ
654 1347 751 1398 τοῦ
802 1345 997 1416 μηνὸς,
1029 1343 1110 1421 ἐφ’
1139 1348 1207 1414 ἦν
1262 1348 1296 1414 ἡ
1359 1348 1602 1419 Κυριακή
1653 1347 1972 1422 εὑρίσκεται,

315 1429 446 1505 λέγε
480 1433 541 1486 τὸ
575 1434 952 1503 Χριστιανικόν
987 1433 1119 1488 εἶναι
1153 1435 1366 1508 Πάσχα.

555 1523 783 1582 ’Ὀπως
823 1522 1202 1596 εὑρίσκεται
1253 1524 1286 1590 ἡ
1341 1524 1738 1597 ’Δπὸκρεως.

391 1610 544 1666 Μετὰ
597 1607 652 1663 δὲ
699 1611 760 1664 τὸ
808 1612 981 1684 εὑρεῖν
1017 1614 1114 1682 τήν
1163 1612 1370 1688 ἡμέραν
1394 1618 1490 1668 τοῦ
1533 1615 1728 1686 μηνὸς,
1759 1617 1876 1671 καθ’
1906 1618 1971 1686 ἣν

316 1702 378 1753 τὸ
429 1703 542 1753 τῶν
595 1704 935 1774 Χριστιανῶν
983 1705 1174 1780 Πάσχα
1220 1703 1441 1778 γίνεται,
1475 1705 1752 1778 προστίθει
1798 1706 1965 1783 ταύτῃ

313 1793 467 1860 τρεῖς
514 1790 724 1862 ἡμέρας
773 1790 979 1863 ἑτέρας,
1022 1793 1282 1865 τέσσαρας
1330 1791 1408 1860 δὲ,
1457 1794 1501 1847 εἰ
1553 1795 1581 1848 ὁ
1632 1795 1826 1868 χρόνος
1880 1797 1966 1870 βί-

2097 638 2155 687 et
2172 650 2240 687 ex
2256 631 2432 700 Aprili
2457 638 2597 702 quot
2618 647 2870 700 eousque
2891 630 3085 685 haberi
3104 631 3401 702 contingat
3423 649 3436 696 ;
3460 638 3517 686 et
3537 633 3742 702 collige

2097 721 2156 775 in
2208 736 2498 776 summam
2551 736 2778 782 omnes,
2829 736 3000 788 quam
3045 719 3234 776 divide
3283 722 3481 790 per7;
3531 729 3652 776 tum
3692 722 3742 776 si

2094 826 2213 865 una
2270 810 2394 866 dies
2443 810 2809 877 remanserit,
2853 809 3156 864 Dominica
3194 809 3324 873 erit,
3374 809 3739 866 Dominicam

2092 899 2416 971 proximam
2455 897 2858 969 exspectanti;
2905 899 2955 953 si
2987 899 3124 966 duo,
3170 898 3312 954 feria
3361 904 3639 963 secunda,
3693 900 3740 954 si

2090 993 2228 1055 tres,
2279 987 2469 1054 tertia,
2520 993 2578 1042 et
2633 987 2718 1042 sic
2773 988 3048 1058 deinceps
3107 1003 3289 1058 usque
3325 988 3398 1042 ad
3455 995 3681 1059 septem
3725 1005 3737 1042 :

2087 1083 2142 1130 et
2185 1083 2408 1148 oportet
2438 1094 2471 1131 a
2501 1075 2747 1148 singulis
2788 1077 2856 1130 ad
2883 1076 3243 1131 Dominicam
3278 1077 3607 1146 procedere.
3635 1077 3739 1133 Illo

2085 1170 2280 1222 autem
2322 1166 2415 1220 die
2461 1164 2698 1231 mensis,
2734 1167 2790 1220 in
2837 1181 2953 1236 quo
2999 1165 3300 1221 Dominica
3348 1164 3576 1234 incidit,
3609 1168 3739 1223 dico

2083 1253 2481 1310 Christianum
2516 1253 2732 1310 Pascha
2763 1253 3115 1326 contingere.

2272 1521 2521 1587 Quonam
2549 1524 2705 1590 pacto
2738 1521 3048 1590 reperiatur
3079 1520 3538 1591 Carnisprivium.

2153 1609 2462 1680 Postquam
2494 1609 2646 1663 diem
2689 1610 2905 1664 mensis
2943 1610 3328 1675 adinveneris,
3361 1628 3476 1682 quo
3519 1612 3736 1668 Pascha

2082 1699 2544 1754 Christianorum
2577 1698 2882 1769 contingit,
2917 1699 3106 1768 adjice
3136 1699 3219 1753 illi
3263 1699 3405 1754 alios
3436 1706 3551 1756 tres
3586 1702 3735 1770 dies,

2079 1790 2197 1843 imo
2229 1795 2502 1860 quatuor,
2536 1789 2582 1843 si
2618 1805 2809 1842 annus
2842 1789 3012 1842 fuerit
3045 1788 3356 1843 bissextilis
3386 1808 3404 1843 :
3436 1795 3494 1845 et
3522 1793 3571 1846 si
3606 1792 3732 1846 illo-

313 1898 510 1938 σεκτος
559 1877 668 1948 εἴη,
715 1879 804 1932 καὶ
873 1881 1074 1942 ἑνώσας
1143 1883 1376 1949 ἁπάσας,
1426 1883 1470 1937 εἰ
1523 1885 1616 1954 μὲν
1675 1886 1702 1937 ὁ
1749 1885 1970 1958 ἀριθμὸς

2089 1894 2216 1931 rum
2242 1878 2419 1932 simul
2445 1882 2808 1948 sumptorum
2844 1893 3126 1932 numerus
3150 1879 3206 1931 in
3239 1877 3509 1934 Martium
3541 1881 3732 1944 cadat,

312 1967 531 2019 τούτων
582 1967 658 2029 εἷς
704 1969 796 2021 τὸν
849 1970 1086 2042 Μάρτιον
1138 1972 1344 2038 πίπτει,
1384 1975 1528 2042 ζήτει
1562 1975 1660 2041 τήν
1697 1976 1974 2048 Ἀπόκρεω

315 2055 368 2109 ἐν
425 2060 498 2120 τῆ
543 2056 818 2129 ἰσαρίθμῳ
871 2062 969 2112 τοῦ
1019 2059 1352 2132 Ἰανουαρίου
1402 2063 1617 2133 ἡμέρᾳ·
1653 2062 1703 2117 εἴ
1751 2061 1805 2117 δὲ
1837 2063 1973 2118 ἐκεῖ·

315 2165 409 2205 νος
464 2145 518 2198 ἐν
573 2151 653 2216 τῷ
703 2145 973 2220 Ἀπριλιῳ
1033 2149 1360 2221 εὑρίσκεται,
1411 2152 1596 2204 σκόπει
1660 2155 1861 2219 ταύτην
1923 2153 1975 2208 ἐν

313 2238 395 2304 τῷ
430 2229 812 2307 Φεϐρουαρίῳ.
852 2235 1050 2290 Σκόπει
1086 2234 1140 2291 δὲ
1170 2239 1257 2292 καὶ
1319 2237 1461 2293 οὕτω
1485 2257 1498 2270 ⁸
1552 2241 1641 2295 τὸν
1691 2240 1973 2315 ἐνιστάμε-

313 2343 406 2375 νον
461 2329 568 2386 τῆς
631 2320 864 2392 σελήνης
902 2321 1154 2395 θεμέλιον
1202 2328 1335 2404 ἄχρι
1393 2328 1477 2381 καὶ
1541 2327 1972 2398 πεντηκοντάδος

313 2411 576 2481 ἐκτενεῖς,
611 2407 1072 2485 προσεπιϐαλλων
1112 2413 1258 2485 αὐτῷ
1293 2417 1381 2476 τὰς
1433 2417 1538 2470 ἀπὸ
1592 2425 1690 2486 τῆς
1747 2421 1970 2490 πρώτης

309 2505 416 2554 τοῦ
452 2502 791 2572 Ἰανουαρίου
850 2503 939 2555 καὶ
997 2504 1187 2573 πρόσω
1247 2506 1478 2575 ἡμέρας,
1528 2508 1614 2560 καὶ
1667 2512 1762 2561 τοῦ
1806 2511 1844 2560 ν’
1891 2530 1975 2564 τε-

312 2588 689 2658 λευτήσαντος
721 2590 957 2663 ἀριθμοῦ
982 2591 1064 2653 ἓίς
1107 2589 1432 2662 οἱανδήποτε
1480 2591 1783 2668 ἑϐδομάδος
1834 2600 1972 2670 ἠμέ-

314 2699 432 2750 ραν,
467 2682 538 2750 τῇ
590 2679 711 2750 ἑξῆς
763 2680 1004 2753 Κυριακῇ
1049 2682 1149 2748 την
1201 2683 1480 2757 Ἀπὸκρεω
1525 2681 1758 2757 βεϐαίως
1795 2687 1972 2742 ἐπιτέ-

311 2768 423 2825 λει.
460 2768 641 2826 Ἀλλὰ
695 2776 794 2839 τῆς
851 2770 1086 2842 σελήνης
1130 2773 1205 2836 εἷς
1258 2775 1350 2828 τὸν
1405 2780 1486 2839 κς¹
1527 2777 1613 2830 καὶ
1673 2781 1972 2850 περαιτέρω

308 2857 575 2929 Θεμὲλιον
616 2858 940 2932 προϊούσης,
997 2883 1121 2933 μιαν
1176 2862 1348 2934 μόνην
1397 2863 1456 2918 ἐκ
1502 2868 1596 2919 τον]
1642 2868 1971 2941 Ἰανουαρὲου

310 2945 502 3020 λήψῃ,
533 2949 631 3006 τὰς
689 2946 746 3002 δὲ
792 2969 854 3024 γε
886 2949 1087 3012 λοιπὰς
1134 2949 1194 3006 ἐκ
1235 2957 1329 3007 τοῦ
1380 2950 1752 3029 Φεϐρουαρίου
1780 2976 1792 2988 ·
1829 2956 1971 3011 οὕτω

310 3035 370 3091 δὲ
431 3039 533 3105 τὴν
586 3039 963 3112 ’Δπόκρεω,ᾗ
1004 3041 1212 3111 πίπτει,
1259 3045 1562 3119 γνωρίσεις.
1617 3046 1676 3098 Pi
1733 3048 1827 3116 μὲν
1897 3047 1972 3106 εἷς

308 3129 404 3181 τὸν
460 3130 814 3203 Ἰανουάριον,
846 3131 908 3184 τὸ
964 3131 1157 3206 Πάσχα
1187 3134 1402 3194 πάντως
1433 3131 1576 3188 ἔσται
1606 3138 1699 3188 τὸν
1735 3139 1967 3206 Μαὶρτιον

307 3218 401 3285 (τὸ
461 3222 570 3270 τῶν
631 3220 967 3292 Χριστιανῶν
1020 3228 1186 3297 φημι)
1212 3240 1224 3252 '
1259 3221 1303 3276 ai
1362 3221 1419 3276 δὶ
1458 3223 1532 3284 εἷς
1564 3226 1652 3276 τὸν
1685 3221 1963 3297 φεϐρουα-

306 3326 429 3376 ριον
492 3304 654 3375 αὕτη,
710 3306 884 3362 ἐκεῖνο
951 3310 1042 3362 τὸν
1088 3309 1413 3383 Ἀπρίλιον·
1468 3311 1744 3388 ἀφαίρεσιν
1800 3316 1960 3385 μόνον

304 3395 590 3449 τοσούτων
657 3393 840 3450 ἐνθάδε
907 3401 1081 3450 ποιῶν
1136 3401 1381 3472 ἡμερῶν,
1434 3401 1572 3455 ὅσων
1625 3403 1734 3456 ἐκεῖ
1791 3424 1960 3476 προσ-

303 3486 509 3552 θήκην,
540 3488 706 3556 τριῶν
751 3482 989 3555 δηλαδή,
1020 3486 1064 3541 εἶ
1116 3485 1172 3542 δὲ
1225 3488 1469 3563 βίσεκτον
1525 3490 1629 3562 εἴη,
1665 3495 1956 3563 τετσάξιων.

297 3570 492 3628 Ἀλλὰ
551 3571 642 3626 καὶ
699 3573 762 3627 τὸ
814 3577 1038 3646 νομικὸν
1100 3574 1334 3632 ἐντεῦθεν
1389 3580 1579 3654 Πάσχα
1614 3584 1954 3654 γινώσκεται,

297 3666 370 3734 τῇ
419 3661 562 3732 αὐτῇ
610 3662 708 3734 μὲν
756 3661 839 3717 ἀεὶ
884 3671 982 3732 τῆς
1032 3661 1334 3738 ἑϐδομάδος
1385 3670 1565 3743 ἡμέρᾳ
1629 3673 1955 3742 συμπῖπτον,

294 3753 359 3818 ἢν
417 3752 450 3804 ὁ
508 3753 878 3821 πεντηκοστὸς
935 3753 1165 3828 ἀριθμὸς
1224 3757 1312 3810 ἐπὶ
1369 3764 1468 3827 τῆς
1513 3761 1795 3831 ’Δποκρὲω
1845 3759 1954 3815 δεί-

296 3861 475 3908 κνυσι,
530 3841 652 3913 μετ’
696 3839 980 3919 ἀφαίρεσιν
1025 3841 1083 3898 δὲ
1129 3845 1396 3901 κάνταῦθα
1450 3853 1616 3923 τριῶν
1676 3851 1711 3918 ἢ
1770 3853 1950 3906 τεσσά-

295 3952 408 4005 ρων
441 3934 542 3986 τοῦ
572 3931 748 4003 μηνὸς
778 3933 1026 4004 ἡμερῶν.

2084 1967 2320 2037 exquire
2357 1967 2815 2037 Carnisprivium
2849 1968 2920 2022 ad
2952 1967 3226 2022 eumdem
3279 1983 3520 2024 numero
3578 1970 3728 2024 diem

2084 2056 2344 2110 Januarii
2382 2075 2394 2112 :
2429 2058 2519 2111 sin
2553 2073 2685 2112 vero
2717 2056 2812 2111 ille
2842 2058 2899 2110 in
2931 2057 3113 2126 Aprili
3159 2073 3358 2112 mense
3390 2060 3727 2128 reperiatur,

2084 2161 2278 2216 quaare
2311 2145 2368 2200 in
2404 2146 2736 2201 Februario.
2773 2147 2934 2211 Quod
2969 2146 3143 2201 facies
3174 2147 3283 2202 hoc
3334 2147 3502 2202 modo
3535 2165 3547 2202 :
3587 2152 3732 2203 Fun-

2083 2233 2422 2288 damentum
2458 2251 2714 2304 praesens
2745 2235 2895 2289 lunai
2929 2251 3111 2303 usque
3149 2235 3219 2289 ad
3255 2240 3725 2304 pentecoutadem

2082 2323 2378 2387 extendes,
2403 2322 2572 2393 eique
2593 2323 2773 2379 addes
2797 2324 2923 2378 dies
2955 2323 3107 2379 που
3132 2340 3166 2377 a
3186 2323 3374 2394 primo
3394 2324 3654 2380 Januarii
3672 2332 3729 2379 et

2087 2427 2276 2480 porro,
2303 2416 2476 2482 atque
2510 2421 2646 2466 tunc
2678 2412 2737 2466 in
2768 2428 3172 2482 quamcunque
3202 2413 3542 2482 septimana;
3575 2415 3728 2469 diem

2080 2500 2306 2553 desinat
2343 2516 2620 2556 numerus
2669 2501 2760 2566 50,
2793 2499 3093 2556 Dominica
3152 2502 3403 2570 proxime
3449 2509 3730 2574 sequente

2081 2588 2533 2656 Carnisprivium
2595 2605 2797 2645 secure
2846 2589 3156 2645 celebrato.
3221 2590 3634 2648 Verumtamen
3681 2593 3725 2646 si

2079 2676 2219 2732 luna
2276 2678 2346 2732 ad
2407 2679 2849 2734 fundamentum
2906 2680 2978 2732 26
3007 2679 3096 2735 vel
3146 2678 3386 2735 ulterius
3435 2683 3726 2752 procedat,

2082 2783 2264 2822 unum
2288 2768 2478 2822 solum
2504 2768 2656 2823 diem
2687 2785 2756 2823 ex
2795 2768 3074 2824 Januario
3105 2769 3344 2835 eximes,
3373 2776 3726 2843 cnterosquc

2081 2856 2150 2910 de
2184 2855 2496 2912 Februario
2523 2875 2535 2923 ;
2562 2861 2734 2927 atque
2763 2856 2842 2913 ita
2864 2874 3115 2927 quonam
3150 2859 3243 2913 die
3264 2859 3726 2930 Carnisprivium

2079 2946 2362 3017 obtingat,
2389 2945 2621 3002 nescius
2646 2947 2797 3002 haud
2834 2948 3028 3003 fueris.
3052 2949 3108 3002 8i
3143 2949 3382 3021 quidem
3413 2950 3473 3006 in
3503 2950 3726 3005 Janua-

2082 3035 2229 3089 rium
2279 3036 2445 3090 cadat
2501 3037 2978 3106 Carnisprivium,
3029 3038 3254 3094 Pascha
3303 3038 3724 3097 (Christianum

2080 3124 2238 3194 puta)
2264 3123 2322 3179 in
2358 3141 2554 3179 mense
2587 3125 2792 3180 Martio
2823 3126 3232 3192 celebrabitur,
3263 3129 3313 3184 si
3363 3129 3420 3183 in
3475 3127 3726 3184 Februa-

2083 3213 2258 3279 rium,
2283 3212 2391 3268 hoc
2425 3229 2622 3269 mense
2654 3213 2833 3284 Aprili
2865 3232 2878 3270 :
2932 3219 3105 3270 modo
3137 3217 3230 3272 hic
3277 3223 3364 3273 tot
3410 3218 3534 3273 dies
3578 3217 3726 3273 sub-

2027 3295 2040 3316 '
2080 3302 2342 3369 traxeris,
2373 3305 2515 3372 quot
2563 3302 2682 3356 illic
2732 3301 3031 3372 addidisti,
3075 3303 3296 3362 scilicet
3344 3311 3486 3372 tres,
3535 3307 3645 3374 vel,
3674 3305 3726 3361 si

2071 3387 2391 3444 bissextum
2451 3389 2641 3456 fuerit,
2675 3394 2942 3461 quatuor.
2977 3392 3088 3447 Sed
3146 3398 3204 3449 et
3259 3393 3446 3466 legale
3503 3393 3724 3449 Pascha

2069 3479 2272 3534 exinde
2304 3480 2634 3548 inualescit,
2670 3485 2960 3550 quatenus
3012 3499 3244 3553 semper
3291 3485 3491 3540 eodem
3542 3485 3720 3556 septi-

2070 3584 2252 3622 manis
2285 3569 2378 3623 die
2400 3568 2620 3634 incidit,
2645 3584 2822 3639 quem
2857 3587 3137 3626 numerus
3165 3573 3235 3626 58
3267 3589 3301 3628 a
3330 3573 3720 3644 Carnisprivio

2063 3658 2293 3726 signat:
2339 3657 2547 3713 ablatis
2587 3662 2643 3714 et
2686 3657 2781 3715 hic
2833 3659 3021 3716 tribus
3068 3660 3155 3716 vel
3203 3665 3453 3732 quatuor
3502 3663 3718 3718 mensis

2064 3746 2288 3802 diebus.
