4098 6332
1120 564 1216 620 Vel
1243 564 1411 620 etiam
1439 564 1535 619 sic.

569 689 822 745 Numera
878 692 1008 760 post
1057 688 1541 760 Darnisprivium,
1613 688 1877 745 videlicet
1948 708 1981 746 a
2056 704 2148 745 se-

496 780 693 843 cunda
746 778 893 834 feria
949 778 1287 850 septimanis
1338 777 1634 846 caesarie,
1679 778 1803 834 dies
1850 778 2146 851 quinque-

494 867 660 941 ginta
715 884 853 934 sex;
930 872 987 922 et
1046 866 1167 925 illic
1234 867 1629 924 Christianum
1697 868 1921 925 Pascha
1985 869 2143 925 inve-

497 958 641 1014 nies.
673 958 821 1022 Quot
862 962 1057 1012 autem
1092 956 1216 1011 dies
1263 956 1782 1029 deprehenduntur
1828 976 1861 1013 a
1889 961 2145 1014 secunda

496 1045 638 1102 feria
698 1047 1034 1117 septimanae
1093 1046 1484 1101 renovationis
1535 1062 1724 1117 usque
1779 1047 1851 1103 ad
1913 1048 2142 1104 tertiam

494 1135 655 1201 Mali,
687 1138 769 1192 tot
796 1135 992 1206 accipe
1040 1136 1215 1192 etiam
1261 1136 1386 1191 dies
1438 1152 1565 1192 esse
1612 1137 1897 1197 esuriales
1930 1138 2142 1208 jejunii

489 1225 833 1279 Sanctorum
863 1224 1275 1297 Apostolorum
1316 1224 1560 1279 (netivus.
1597 1224 1795 1281 Mense
1837 1225 2044 1289 Martio
2093 1228 2143 1284 si

489 1329 746 1385 praesens
777 1313 1071 1372 invenitur
1105 1314 1434 1370 Judaei-um
1457 1313 1701 1377 Pascha,
1733 1314 1981 1373 addendi
2004 1320 2145 1375 sunt

487 1396 612 1454 dies
652 1400 738 1467 19,
798 1407 857 1456 et
904 1401 982 1456 ibi
1037 1403 1298 1473 proxime
1355 1417 1602 1473 sequens
1658 1402 2138 1474 deprehendetur-

485 1489 645 1553 Quod
675 1490 720 1543 si
753 1505 952 1546 mense
985 1490 1163 1562 Aprili
1197 1491 1416 1547 Pascha
1445 1490 1620 1559 hujus
1645 1490 1806 1555 anni,
1842 1491 1979 1548 tolle
2018 1491 2140 1548 dies

478 1578 774 1647 undecim,
805 1579 1043 1652 illicque
1072 1584 1382 1641 venturum
1434 1581 1560 1636 erit.
1596 1586 1668 1637 At
1699 1581 1749 1636 si
1777 1580 1915 1639 luna
1944 1581 2004 1636 in
2037 1581 2140 1637 de-

484 1667 635 1724 cimo
662 1674 823 1725 sexto
850 1670 975 1726 solo
1022 1669 1183 1741 oyelo
1221 1670 1408 1738 fuerit,
1462 1670 1799 1726 detrahendi
1847 1675 1988 1727 sunt
2015 1669 2140 1726 dies

480 1756 810 1828 duodecim,
843 1759 1163 1831 statimque
1193 1760 1413 1817 Pascha
1443 1764 1778 1817 secuturum
1809 1759 2133 1832 apparebit.

1778 427 2153 491 ΜΑΊἾἫᾸΞΙ
2196 426 2625 490 BLASTARIS

2181 566 2233 633 Α

480 1881 636 1941 214
664 1882 737 1939 De
763 1884 1025 1943 Paschatc
1080 1885 1669 1980 legulifguctorum
1705 1884 1959 1943 dissensu
1987 1887 2137 1942 circa
2166 1914 2212 1980 Β

1109 1957 1506 2030 plenilunium.

555 2077 780 2150 Optime
810 2097 951 2138 sane
979 2085 1037 2137 et
1085 2099 1263 2153 quam
1315 2082 1445 2154 quis
1492 2082 1784 2141 existimet
1831 2081 2135 2156 pulchrius

480 2165 634 2223 hanc
691 2171 954 2227 tabulam
998 2175 1199 2228 Patres
1245 2173 1383 2228 olim
1432 2173 1850 2229 condiderunt:
1900 2189 2023 2244 quis
2073 2189 2136 2227 u-

479 2256 750 2331 triusque
781 2258 1090 2317 luminaria
1117 2262 1332 2333 cyclos,
1382 2261 1522 2318 solis
1568 2262 1700 2318 dico
1738 2278 1805 2318 ac
1835 2263 2003 2326 lunas,
2034 2277 2136 2318 ex-

460 2345 689 2406 tremis
719 2348 812 2403 sui
833 2349 1125 2411 columnis
1153 2338 1407 2417 exhibet,
1438 2355 1496 2406 et
1531 2350 1690 2423 cyclo
1721 2352 1959 2423 quidem
1987 2350 2137 2407 lunas

479 2441 664 2516 legale
694 2438 915 2496 Pascha
944 2456 1123 2512 prope
1152 2456 1353 2497 verum
1391 2441 1668 2510 ostendit,
1714 2440 1895 2499 altero
1941 2445 2141 2499 autem

480 2530 623 2593 solis
654 2529 1073 2597 Christianum,
1104 2530 1262 2601 quod
1309 2531 1368 2585 in
1407 2530 1609 2587 eadem
1669 2537 1826 2588 recta
1867 2530 2020 2591 linea
2050 2530 2137 2587 le-

482 2619 595 2693 gali
617 2618 864 2689 adjacet.
898 2620 1106 2674 Annon
1138 2618 1327 2689 igitur
1354 2617 1557 2674 littera
1579 2619 1700 2674 istis
1719 2629 1854 2675 sunt
1878 2619 2138 2675 illustres

480 2708 744 2780 ipsarum
780 2721 974 2761 rerum
1008 2705 1294 2777 imagines
1318 2706 1351 2761 ?‘
1374 2706 1583 2789 Annon
1616 2707 1921 2778 utriusque
1938 2708 2142 2764 Testa-

486 2798 665 2855 menti
697 2796 1091 2853 differentiam
1136 2796 1362 2869 egregie
1406 2798 1752 2869 exponunt?
1791 2799 1950 2854 Luna
1979 2799 2137 2853 enim

487 2885 803 2961 qscititiam
843 2884 1031 2955 legem
1081 2892 1521 2955 repraesentans,
1573 2903 1697 2959 qua
1744 2890 1801 2943 in
1846 2897 2012 2947 nocte
2043 2904 2140 2959 po-

486 2975 788 3047 lytheismi
805 2973 1141 3039 illustravit,
1166 2974 1322 3031 haud
1345 2975 1671 3033 clarissime
1690 2980 1910 3043 tamen,
1930 2993 2131 3032 veram

487 3064 585 3119 Dei
628 3064 920 3129 notitiam,
980 3062 1275 3120 ineffabile
1322 3064 1615 3136 plerisque
1665 3066 2051 3135 mysterium;
2084 3071 2141 3121 et

488 3151 728 3224 quidem
760 3152 1079 3222 perfectum
1111 3152 1437 3224 triplexque
1482 3153 1723 3215 Deitatis
1762 3155 1940 3225 jubar
1968 3152 2139 3225 quasi

492 3241 750 3297 tenebris
792 3241 1154 3311 obvolutum,
1204 3260 1319 3299 non
1368 3243 1495 3300 sine
1537 3244 1763 3300 ratione
1807 3244 1988 3315 legale
2028 3244 2134 3299 Pa-

491 3329 632 3385 scha
654 3331 928 3387 ostendit.
961 3331 1058 3389 Sol
1102 3338 1295 3389 autem
1338 3332 1615 3393 omnibus
1656 3342 1892 3402 aspectu
1941 3337 2143 3409 gratus

497 3418 598 3487 qui
655 3417 995 3491 pralargam
1052 3421 1251 3489 gratiae
1316 3419 1841 3489 dispensationem.
1888 3421 2146 3497 imagine

496 3508 753 3577 quadam
784 3508 1035 3578 praefert,
1066 3514 1125 3564 et
1154 3508 1375 3565 clarum
1425 3517 1478 3565 et
1524 3514 1812 3581 apertum,
1862 3514 2139 3581 tanquam

494 3596 555 3650 in
588 3596 831 3654 meridie
861 3599 1117 3657 veritatis
1158 3600 1407 3667 radium,
1438 3604 1495 3663 et
1537 3600 1844 3665 Trinitatis
1893 3600 2142 3672 agnitio-

494 3700 652 3751 nem,
686 3703 861 3759 quam
897 3688 983 3743 sol
1024 3684 1271 3758 ‘justitise
1313 3688 1607 3758 explicuit,
1660 3690 1878 3761 pariter
1924 3694 1979 3744 et
2023 3689 2141 3745 veri

491 3773 793 3831 Paschatis
844 3782 1318 3845 praemonstrator
1359 3778 1636 3834 ostendit.
1694 3779 1979 3844 Quoniam
2009 3794 2142 3833 vero

494 3860 585 3917 lex
614 3862 898 3933 integram
927 3864 1080 3921 Iunis
1106 3866 1409 3937 periodum
1457 3884 1716 3924 mensem
1748 3883 1954 3925 vocare
1973 3866 2141 3932 solet,

492 3950 705 4022 dieque
733 3952 803 4006 15
829 3953 1003 4023 primi
1050 3954 1296 4025 hujusce
1328 3957 1544 4012 mensis
1587 3956 1808 4012 Pascha
1849 3954 2142 4011 celebran-

493 4039 634 4096 dum
662 4040 939 4110 decernit,
972 4048 1144 4115 atque
1172 4044 1464 4103 nobismet
1502 4044 1679 4102 moris
1709 4050 1795 4102 est
1823 4046 2143 4102 secundum

492 4134 835 4200 computum
895 4131 1221 4189 Romanum
1282 4149 1508 4190 menses
1566 4133 1698 4190 illos
1741 4133 1951 4201 metiri,
1985 4150 2144 4189 com-

491 4218 662 4273 mode
694 4225 924 4290 reperta
952 4226 1038 4276 est
1079 4239 1334 4294 praesens
1367 4223 1595 4290 tabula,
1636 4240 1749 4294 qua
1795 4223 2144 4292 ostenditur,

493 4307 771 4378 quoniam
822 4306 915 4364 die
972 4310 1193 4367 mensis
1243 4308 1496 4383 alicujus
1544 4311 1789 4368 Romani
1846 4313 2145 4383 contingat

498 4395 665 4465 primi
719 4397 936 4461 mensis
992 4396 1215 4455 lunaris
1281 4399 1693 4471 plenilunium,
1758 4400 2016 4473 itemque
2082 4401 2140 4455 in

489 4500 668 4556 quam
701 4486 1043 4557 septimana:
1062 4487 1215 4544 diem
1247 4505 1349 4545 seu
1376 4489 1580 4545 feriam
1609 4487 1719 4544 ista
1763 4489 1889 4546 dies
1935 4490 2142 4560 cadat;

492 4572 577 4628 ita
610 4576 672 4628 ut
704 4589 810 4630 uos
840 4574 976 4631 inde
1009 4577 1082 4631 ad
1106 4576 1309 4635 feriam
1351 4577 1603 4649 primam
1635 4582 1959 4649 pergentes,
1993 4578 2145 4634 haud

3828 423 3910 489 96

2775 568 2842 619 Ἦ
2882 562 2991 618 καὶ
3029 563 3239 627 οὕτως
3278 567 3378 638 (1).

2322 688 2569 762 ’Δρίθμει
2604 690 2737 762 μετά
2786 689 2887 758 τήν
2934 689 3218 763 Ἀπόκρεω
3266 687 3393 757 ἤτοι
3422 690 3528 744 ἀπὸ
3579 697 3678 759 τῆς
3721 686 3903 744 δευτέ-

2256 797 2352 853 ρας
2383 786 2482 847 τῆς
2531 780 2838 855 τυρονράγου
2869 779 3081 850 ἡμέρας
3117 782 3213 844 νς⁸,
3246 779 3401 833 κάκεῖ
3449 782 3512 834 τὸ
3562 783 3904 853 Χριστιανῶν

2258 866 2450 941 Πάσχα
2498 870 2769 939 εὑρήσεις.
2819 870 2976 922 Ὅσαι
3040 866 3097 921 δὲ
3147 867 3347 943 ἡμέραι
3398 867 3740 942 εὑρίσκονται
3792 869 3903 921 ἀπὸ

2254 962 2356 1023 τῆς
2415 952 2663 1028 δευτέρας
2708 962 2810 1024 τῆς
2860 952 3285 1027 διακαινισίμου,
3335 957 3502 1030 μέχρι
3551 963 3650 1026 τῆς
3704 954 3904 1029 τρίτης

2253 1047 2349 1097 τοῦ
2396 1042 2593 1112 Μαίου,
2638 1043 2901 1105 τοσαύτας
2949 1041 3178 1118 έκδέχου
3234 1045 3325 1098 καὶ
3370 1045 3468 1106 τὰς
3513 1045 3566 1099 ἐν
3612 1049 3693 1115 τῷ
3754 1043 3906 1119 θέρει

2252 1133 2549 1205 νηστίμους
2600 1133 2736 1186 εἶναι
2783 1135 2890 1187 τῶν
2935 1131 3134 1207 Ἀγίων
3181 1132 3556 1189 Ἀποστόλων.
3587 1131 3651 1190 Εἰ
3699 1132 3793 1207 μὲν
3843 1130 3901 1185 έν

2250 1226 2329 1294 τῷ
2392 1221 2613 1295 Μαρτίῳ
2675 1221 2738 1277 τὸ
2797 1219 3023 1282 ἐνεστὼς
3080 1219 3386 1295 εὑρίσκεται
3442 1224 3550 1276 τῶν
3610 1216 3901 1275 Ἰουδαίων

2254 1312 2468 1385 Πάσχα,
2519 1310 2843 1386 προσθετέον
2893 1306 3103 1383 ἡμέρας
3138 1310 3201 1362 ιθ¹
3233 1328 3246 1340 °
3300 1309 3454 1365 κάκεῖ
3497 1311 3562 1363 τὸ
3608 1308 3758 1361 ἐπιὸν
3807 1308 3905 1363 εὑ-

2252 1403 2553 1474 ρεθήσεται.
2593 1399 2651 1455 Εἰ
2687 1397 2741 1455 δὲ
2792 1398 2844 1453 ἐν
2890 1404 2970 1469 τῷ
3014 1397 3290 1471 Ἀπριλῖῳ
3327 1399 3390 1453 τὸ
3438 1397 3686 1465 ἐνεστὼς,
3742 1398 3876 1474 ὑφαι

2250 1492 2429 1564 ρετέον
2480 1490 2688 1561 ἡμέρας
2744 1510 2796 1543 ια
2842 1507 2853 1519 ’
2886 1488 3041 1542 κάκεῖ
3088 1489 3149 1543 τὸ
3198 1487 3495 1563 ἐρχόμενον
3547 1485 3715 1542 ἔσται.
3768 1488 3902 1542 Ἐπὶ

2251 1576 2308 1633 δὲ
2335 1584 2433 1633 τοῦ
2484 1574 2862 1632 έκκαιδεκάτου
2916 1576 3084 1649 μόνου
3115 1577 3324 1631 κύκλου
3367 1574 3750 1648 τῆςσελήνης
3793 1573 3903 1630 οὔ-

2250 1687 2373 1735 σης,
2418 1668 2492 1740 ιβ’
2529 1664 2842 1744 ἀφαιρετέον
2877 1684 2890 1697 ·
2944 1665 3034 1719 καὶ
3083 1667 3147 1720 τὸ
3189 1663 3339 1720 ἐπιὸν
3390 1665 3546 1727 εὐθὺς
3596 1659 3743 1718 ἔσται
3792 1660 3904 1732 δῆ-

2250 1754 2372 1817 λον,

3148 1901 3200 1946 α,
3252 1879 3525 1952 καὶᾼτῆς
3578 1878 3724 1952 περὶ
3773 1880 3905 1948 τὴν

2250 1883 2407 1955 Περὶ
2454 1885 2568 1937 τοῦ
2617 1885 2900 1955 νομικοῦ
2949 1880 3136 2008 Πάσέ-

2628 1951 3057 2008 πανσηληνον

3143 1950 3486 2031 ιαφωνίας.

2628 1951 3057 2026 πανσηληνον

2317 2087 2540 2154 "Aptata
2588 2082 2682 2154 μὲν
2741 2081 2983 2149 πάντων,
3033 2081 3123 2133 καὶ
3181 2079 3254 2140 ὡς
3315 2078 3415 2133 οὐκ
3472 2075 3529 2131 ἄν
3584 2098 3665 2139 τις
3729 2077 3897 2148 ᾠήθη

2245 2168 2477 2225 κάλλιον
2536 2170 2596 2224 τὸ
2649 2169 2821 2244 παρὸν
2870 2167 3116 2224 κανόνιον
3171 2173 3286 2230 τοῖς
3335 2167 3573 2239 Πατράσι
3624 2167 3898 2221 συντέθει-

2243 2279 2372 2313 ται’
2431 2259 2556 2321 τοὺς
2626 2261 2729 2334 γὰρ
2786 2258 3023 2321 κύκλους
3098 2258 3423 2337 ἀμφοτέρων
3478 2261 3588 2311 τῶν
3664 2256 3895 2333 φώτων,

2245 2347 2411 2418 ἡλίου
2448 2370 2529 2419 τε,
2563 2349 2730 2423 φημὶ,
2763 2348 2852 2402 καὶ
2889 2347 3148 2419 σελήνης,
3179 2352 3295 2409 τοῖς
3327 2340 3427 2417 ἔξω
3464 2343 3721 2406 σελιδίοις
3755 2340 3892 2418 ἕχον

2244 2439 2678 2511 περικειμένους,
2711 2442 2788 2508 τῷ
2821 2438 2914 2511 μὲν
2955 2443 3053 2504 τῆς
3087 2436 3325 2506 σελήνης
3369 2432 3582 2507 κύκλῳ,
3611 2435 3671 2488 τὸ
3719 2454 3894 2505 νομι-

2245 2529 2341 2583 κὸτ
2374 2528 2525 2601 ἐγγὺς
2576 2525 2636 2581 ὃν
2687 2525 2925 2581 δείκνυσι
2977 2526 3189 2600 Πάσχα,
3219 2530 3298 2593 τῷ
3343 2522 3399 2578 δὲ
3448 2529 3544 2579 τοῦ
3588 2522 3773 2592 ἡλίου,
3823 2523 3892 2576 τὸ

2246 2616 2649 2690 Χριστιανικὸν,
2702 2614 2790 2669 ἐπὶ
2837 2621 2936 2683 τῆς
2982 2615 3153 2683 αὐτῆς
3215 2607 3338 2667 ἔνθα
3397 2613 3487 2667 καὶ
3540 2613 3601 2666 τὸ
3657 2612 3889 2682 νομικὸν

2244 2706 2494 2777 κείμενον
2543 2704 2771 2766 εὐθείας.
2815 2706 2931 2778 Ἆρ’
2983 2702 3075 2758 οὖν
3118 2702 3220 2757 οὔκ
3257 2703 3481 2775 ἐναργὴς
3523 2703 3590 2756 τὶ
3638 2706 3893 2773 στοιχεῖα

2244 2796 2402 2850 ταυτὶ
2445 2800 2553 2848 τῶν
2601 2795 2933 2868 πραγμάτων
2985 2792 3184 2861 εἶκώνς
3235 2794 3353 2865 Ἆρ’
3408 2791 3505 2846 οὐκ
3561 2789 3887 2867 ἀμφοτέρων

2246 2886 2499 2957 κηρύττει
2551 2889 2656 2937 τῶν
2704 2885 2985 2953 Διαθηκῶν
3033 2881 3307 2957 ἐπιφανῶς
3361 2882 3424 2935 τὸ
3473 2878 3773 2956 διάφορον;
3824 2884 3892 2935 Ἠ

2245 2974 2346 3047 γὰρ
2406 2971 2612 3042 σελήνη
2663 2973 2755 3026 τὸν
2804 2970 3119 3025 ἐπείσακτον
3170 2969 3504 3040 εἰκονίζουσα
3551 2969 3743 3041 νόμον,
3792 2967 3891 3021 τὸν

2247 3062 2299 3118 ἐν
2352 3067 2421 3136 τῇ
2472 3063 2625 3117 νυκτὶ
2671 3069 2769 3130 τῆς
2819 3060 3089 3118 πολυθέου
3147 3060 3359 3129 πλάνης
3408 3056 3665 3133 ἀμυδρῶς
3720 3058 3892 3134 αύγάο

2250 3157 2405 3222 ζοντα
2453 3152 2554 3219 τὴν
2602 3158 2704 3220 τῆς
2754 3151 3079 3224 θεογνωσίας
3129 3150 3412 3220 ἀλήθειαν,
3464 3145 3773 3222 ἀπόρῥητον
3830 3145 3892 3201 ὃν

2247 3246 2364 3303 τοῖς
2400 3239 2700 3308 πλείστοις,
2737 3241 2829 3294 οἷα
2876 3242 3198 3314 μυστήριον,
3245 3238 3333 3293 καὶ
3384 3236 3567 3311 ὥσπερ
3611 3236 3661 3290 ἐν
3712 3236 3895 3290 σκότει

2252 3328 2664 3401 καλυπτόμενον
2718 3330 2779 3383 τὸ
2837 3327 3043 3383 τέλειον
3103 3334 3205 3395 τῆς
3279 3327 3568 3400 τρισηλίου
3626 3324 3897 3395 Θεότητος

2254 3422 2392 3490 φῶς,
2454 3416 2549 3471 οὐκ
2604 3413 2705 3486 ἔξω
2762 3415 2950 3492 λόγου,
3011 3417 3102 3471 καὶ
3156 3417 3218 3470 τὸ
3276 3420 3372 3471 τοῦ
3426 3415 3599 3486 νόμου
3661 3413 3897 3469 δείκνυσι

2254 3506 2466 3581 Πάσχα.
2497 3507 2603 3574 Τήν
2638 3504 2693 3560 δὲ
2736 3506 3001 3561 πλουσίαν
3053 3503 3332 3575 εἶ’κονίζων
3373 3511 3473 3574 τῆς
3523 3505 3749 3580 χάριτος
3805 3500 3897 3573 δᾳ-

2255 3594 2480 3670 δουχίαν
2523 3596 2551 3650 ὁ
2604 3601 2762 3651 πᾶσιν
2814 3592 2950 3664 ἡδὺς
3004 3591 3134 3649 ἰδεῖν
3176 3591 3361 3665 ⁴ἥλιος,
3412 3591 3499 3648 καί
3548 3594 3645 3663 τήν
3693 3593 3894 3667 τρανὴν

2251 3685 2342 3739 καὶ
2371 3682 2893 3756 ἀνακεκαλυμμένην
2929 3685 3003 3745 ὡς
3052 3682 3105 3737 ὲν
3141 3678 3462 3756 μεσημϐρίᾳ
3506 3688 3606 3751 τῆς
3636 3680 3898 3750 ἀληθείας

2254 3774 2465 3842 ἀκτῖνα,
2515 3774 2603 3826 καὶ
2653 3775 2755 3842 τὴν
2811 3780 2909 3842 τῆς
2959 3769 3186 3847 Τριάδος
3234 3771 3549 3847 ἐπίγνωσιν,
3591 3772 3653 3840 ἣν
3712 3772 3740 3825 ὁ
3796 3776 3899 3839 τῆς

2256 3859 2600 3931 δικαιοσύνης
2647 3866 2805 3916 πᾶσιν
2849 3859 3174 3939 έφήπλωσεν
3224 3859 3409 3931 ἥληινς,
3460 3860 3765 3937 ὑφηγητής,
3816 3859 3898 3913 εἰ-

2254 3951 2428 4012 κότως
2485 3951 2575 4005 καὶ
2633 3955 2728 4004 τοῦ
2793 3950 3064 4019 ἀληθινοῦ
3122 3953 3317 4029 Πάσχα
3387 3946 3675 4007 δείκνυται,
3735 3946 3894 4003 Ἀλλ’

2255 4037 2441 4109 ἐπειδή
2474 4040 2576 4114 γὰρ
2607 4040 2634 4093 ὁ
2683 4040 2851 4111 νόμος
2885 4041 2984 4107 τὴν
3031 4042 3131 4108 τῆς
3161 4038 3395 4109 σελήνης
3445 4034 3755 4112 ὁλόκληρον
3785 4057 3893 4091 πε-

2259 4127 2437 4204 ρίοδον
2492 4135 2638 4200 μῆνα
2686 4130 2871 4184 καλεῖν
2920 4129 3118 4196 εἰώθει,
3171 4129 3261 4183 καὶ
3304 4132 3373 4201 τῇ
3428 4129 3484 4183 ιε’
3528 4132 3624 4182 τοῦ
3669 4127 3897 4201 πρώτου

2257 4216 2424 4282 αὐτῆς
2482 4218 2655 4290 μηνὸς
2716 4218 2779 4272 τὸ
2838 4218 3032 4292 Πάσχα
3088 4218 3323 4287 θεσπίζει
3394 4214 3594 4287 τελεῖν,
3642 4219 3778 4289 ἡμῖν
3838 4214 3897 4271 δὲ

2259 4308 2484 4369 τούτους
2534 4307 2669 4361 κατά
2716 4307 3021 4379 Ῥωμαίους
3062 4306 3178 4368 ἔθος
3226 4311 3460 4381 μετρεῖν,
3492 4304 3787 4385 χρησίμως
3831 4306 3896 4360 τὸ

2261 4398 2430 4470 παρὸν
2482 4399 2707 4469 εὕρηται
2754 4398 3025 4465 κανόνιον,
3076 4395 3425 4453 ὑποδεικνύον
3475 4397 3566 4450 τὸν
3604 4394 3893 4469 πλησιφαῆ

2258 4492 2353 4540 τοῦ
2422 4488 2643 4561 πρώτου
2706 4488 2879 4559 μηνὸς
2938 4493 3036 4555 τῆς
3085 4485 3318 4556 σελήνης
3373 4486 3780 4558 σχηματισμὸν,
3840 4484 3893 4539 ἐν

2259 4576 2388 4647 ποίᾳ
2417 4582 2512 4631 τοῦ
2563 4581 2873 4648 Ῥωμαϊκοῦ
2907 4577 3077 4648 μηνὸς
3125 4579 3302 4648 ποστῇ
3332 4574 3531 4648 γίνεται
3566 4596 3578 4607 '
3619 4575 3707 4628 καὶ
3756 4570 3893 4644 αὕτη

492 4661 680 4733 ignari
726 4663 967 4734 quinam
1011 4666 1226 4721 mensis
1276 4666 1401 4722 dies
1451 4666 1604 4725 idem
1641 4666 1738 4723 ille
1786 4665 1882 4734 sit,
1923 4667 2140 4722 Pascha

2256 4665 2417 4719 πάλιν
2470 4665 2518 4720 ἐν
2571 4666 2701 4737 ποίᾳ
2748 4667 3007 4739 τυγχάνει
3045 4669 3146 4731 τῆς
3194 4660 3498 4737 ἑϐδομάδος
3548 4663 3725 4736 ἡμέρᾳ
3757 4684 3769 4694 ·
3818 4661 3897 4715 ’ἶν’

492 4756 760 4807 nostrum
791 4758 947 4807 certe
976 4752 1199 4813 ratione
1228 4754 1610 4816 celebremus.

2249 4757 2413 4827 ἡμεῖς
2444 4755 2640 4810 ἐκεῖθεν
2692 4754 2778 4810 ἐπὶ
2818 4757 2916 4824 τήν
2950 4756 3173 4829 πρώτην
3223 4757 3321 4823 τῆς
3378 4749 3678 4827 ἑϐδομάδος
3708 4750 3897 4823 ἐλθόν-

491 4857 599 4906 τες,
651 4838 742 4893 καὶ
795 4840 896 4907 τήν
961 4841 1079 4909 κατ’
1145 4842 1314 4911 αὐτὴν
1361 4840 1666 4905 αὖθιςτοῦ
1732 4844 1906 4917 μηνὸς
1963 4844 2180 4919 γνόντες
2244 4848 2470 4916 ποστήν,
2534 4850 2592 4899 τὸ
2640 4846 2908 4918 ἡμέτερον
2968 4845 3163 4920 Ιιάσχα
3223 4838 3455 4918 βεϐαίως
3509 4842 3896 4919 πανηγυρίζω-

495 4944 613 4996 μεν.

560 5017 839 5077 Ceterum
867 5021 1022 5078 circa
1052 5021 1278 5079 Pascha
1309 5027 1579 5081 nostrum
1609 5029 1859 5096 quatuor
1888 5032 2024 5081 sunt
2046 5025 2134 5081 de-

497 5110 936 5167 terminationes
950 5110 1275 5168 necessario
1297 5113 1693 5184 exquirenda;
1721 5113 1977 5183 aquibus
1999 5114 2145 5170 duas

493 5197 732 5268 quidem
760 5199 970 5256 statuit
1000 5216 1182 5256 canon
1218 5200 1593 5271 apostolicus,
1644 5206 1708 5257 ut
1753 5218 1928 5275 supra
1959 5204 2016 5258 in
2049 5219 2143 5257 ca-

498 5285 614 5356 pite
642 5286 712 5342 de
740 5286 1019 5346 Paschate
1049 5290 1253 5351 litterae
1283 5288 1331 5346 ΙΙ
1374 5290 1625 5347 diximus
1651 5307 1663 5344 :
1715 5290 1928 5363 quibus
1975 5306 2145 5349 acce-

498 5374 647 5430 dunt
676 5375 805 5432 duae
852 5376 977 5433 alia
1025 5393 1095 5433 ex
1142 5377 1452 5435 traditione
1500 5395 1613 5435 non
1660 5380 1895 5449 scripta.
1949 5379 2143 5447 Prima

496 5462 673 5535 igitur
699 5471 789 5520 est
816 5466 969 5538 quod
1013 5467 1234 5525 Pascha
1264 5473 1397 5540 post
1441 5467 1853 5541 aquinoctium
1900 5483 2142 5526 vernum

498 5552 790 5610 celebrare
820 5558 1084 5626 oportet:
1118 5558 1394 5625 secunda,
1446 5558 1602 5628 quod
1633 5574 1753 5614 non
1781 5558 1983 5615 eodem
2024 5558 2141 5627 die,

2316 5023 2579 5097 Τέσσαρες
2629 5020 2689 5077 δέ
2746 5023 2876 5078 εἰσιν
2921 5023 2973 5078 οἱ
3030 5022 3337 5098 ἀναγκαίως
3390 5021 3719 5094 ζητούμενοι
3765 5019 3893 5094 περὶ

2252 5114 2313 5166 τὸ
2344 5115 2610 5187 ἡμέτερον
2642 5117 2803 5166 τοῦτο
2856 5115 3046 5187 Πάσχα
3079 5112 3356 5188 διορισμοί
3391 5131 3404 5144 ·
3457 5109 3552 5166 δύο
3593 5110 3706 5185 μὶν,
3739 5107 3829 5170 οὓς
3864 5110 3895 5165 ὁ

2252 5202 2615 5262 ἀποστολικὸς
2665 5201 2903 5269 θεσπίζει
2949 5202 3145 5272 κανὼν,
3178 5201 3255 5263 ὡς
3296 5200 3345 5255 ὲν
3379 5220 3392 5232 ’
3440 5204 3520 5272 τῷ
3567 5202 3662 5253 τοῦ
3695 5204 3893 5274 Πάσχα

2253 5289 2534 5367 κεφαλαίῳ
2580 5289 2683 5360 πρὸ
2741 5288 2975 5367 βραχέος
3024 5290 3343 5363 εἰρήκαμεν,
3394 5289 3485 5343 καί
3535 5283 3654 5357 δύο,
3704 5288 3789 5347 οἷς
3839 5285 3893 5355 ἐξ

2251 5378 2500 5454 ἀγράφου
2532 5378 2804 5453 χρώμεθα
2833 5375 3182 5452 παραδόσεως
3216 5396 3228 5409 ·
3281 5383 3346 5446 α’,
3376 5377 3458 5431 ὅτι
3492 5373 3574 5430 δεῖ
3608 5375 3740 5448 μετὰ
3773 5373 3894 5443 ἶσηο

2257 5468 2445 5537 μερίαν
2478 5465 2693 5537 ἐαρινὴν
2740 5468 2802 5520 τὸ
2838 5468 3031 5545 Πάσχα
3080 5464 3344 5522 ἐπιτελεῖν
3377 5483 3390 5497 ·
3430 5465 3496 5538 β’,
3547 5463 3629 5518 ὅτι
3679 5463 3743 5517 οὐ
3791 5464 3892 5531 τὴν

2251 5554 2417 5623 αὐτὴν
2470 5555 2678 5628 ἡμέραν
2729 5562 2829 5624 τῆς
2881 5554 3186 5624 Ἰουδαϊκῆς
3232 5553 3459 5623 τελετῆς
3493 5573 3504 5584 ·
3537 5554 3608 5628 γ’,
3655 5552 3740 5607 ὅτι
3783 5552 3897 5626 οὐχ

569 5730 647 5803 (1)
674 5731 839 5804 Apud
869 5731 1219 5792 Cotelerium
1249 5736 1310 5793 in
1339 5736 1699 5795 leuamenti:
1730 5737 1984 5796 Ecclesiae
2009 5736 2140 5793 Grca

2267 5737 2388 5793 tom
2420 5736 2523 5806 llI,
2556 5751 2611 5808 p.
2642 5737 2773 5805 646,
2801 5753 2873 5794 ex
2900 5737 3069 5795 codd.
3099 5735 3322 5794 Joliano
3351 5738 3409 5791 et
3437 5733 3577 5805 Reg.
