4098 6332
180 407 242 467 91
1216 400 1643 469 SYNTAGMA
1686 390 2327 481 ALPHABETIGUH.
2373 442 2452 456 —
2494 416 2563 471 Π.
3510 402 3589 474 se

180 537 357 597 ἁπλῶς
396 539 519 610 μετ’
570 536 889 611 ἰσημερίαν,
920 536 1065 593 ἄλλα
1115 538 1249 611 μετὰ
1298 540 1396 608 τὴν
1448 540 1671 613 πρώτην
1704 541 1818 614 μετ’

1934 544 2030 616 qui
2062 544 2316 601 Judaica:
2345 543 2731 601 observationi
2775 542 3136 599 destinatur:
3187 542 3381 613 tertia,
3422 545 3578 615 quod

180 627 458 702 ἰσθμερίαν
495 625 845 697 πανσέληνον
882 647 894 657 ·
926 627 1015 682 καὶ
1050 624 1113 690 δ’,
1148 629 1230 682 ὅτι
1260 628 1348 682 καὶ
1384 628 1518 702 μετά
1545 630 1644 698 τὴν
1694 652 1831 685 πανο

180 715 432 786 σὲληνον,
487 717 652 779 εὐθὺς
693 721 798 785 τῆς
856 711 1161 789 ἑϐδομάδος
1220 718 1433 791 πρώτῃ.
1481 719 1596 773 Ἵνα
1648 719 1828 774 τοίνυν

176 806 261 861 καὶ
292 807 345 859 οἱ
376 807 642 878 τέσσαρες
671 805 824 861 οὗτοι
865 802 1144 880 διορισμοέ
1189 810 1349 861 πᾶσιν
1397 806 1590 876 ἐπίσης
1638 805 1827 880 διατη-

178 900 372 968 ρῶνται
406 899 604 972 σοφοῖς
635 914 695 950 τε
742 895 831 951 καὶ
867 891 1130 957 ἰδιώταις,
1163 895 1252 949 καὶ
1300 896 1351 951 o':
1382 894 1480 949 ἀνά
1526 901 1695 951 πᾶσαν
1727 898 1825 965 την

176 983 512 1056 οἰκουμένην
563 983 884 1054 Χριστιανοὶ
932 984 1025 1039 τὸν
1054 983 1215 1039 αὐτὸν
1267 984 1560 1058 ἑορτάζωσι
1601 986 1826 1059 χρόνον,

173 1075 261 1128 καὶ
315 1075 398 1146 μὶ,
450 1073 808 1146 ἀστρονόμων
859 1073 1111 1127 ἑκάστοτε
1159 1070 1403 1145 δέωνται,
1448 1074 1509 1127 τὸ
1559 1074 1727 1148 παρὸν
1775 1077 1826 1129 oi

174 1163 413 1236 Πατέρες
475 1164 641 1235 ἡμῶν
701 1162 945 1215 κανόνιον
1001 1162 1376 1236 συντετάχασι,
1427 1163 1516 1216 καὶ
1574 1167 1642 1236 τῇ
1702 1164 1826 1219 Ἐκ-

172 1254 380 1323 κλησίᾳ
432 1248 907 1325 παραδεδώκασιν,
956 1252 1228 1321 οἰηθέντες
1278 1250 1350 1306 δι’
1404 1253 1570 1307 αὐτοῦ
1622 1251 1826 1325 μηδένα

174 1347 275 1397 τῶν
333 1342 624 1417 ῥηθέντων
682 1338 1130 1417 προσδιορισμῶν
1188 1340 1566 1397 καταλύεσθαι.
1633 1342 1823 1419 Εῗργα-

178 1452 286 1485 σται
331 1429 396 1485 3‘s
445 1431 633 1493 αὐτοῖς
691 1432 719 1484 ὁ
770 1429 945 1485 κανὼν
1010 1429 1154 1484 οὕτω
1188 1449 1200 1460 ·
1265 1425 1523 1491 λαϐόντες
1586 1433 1648 1485 ιθ“
1704 1432 1825 1502 ἑξῆς

180 1519 455 1580 ἐνιαυτοὺς
502 1518 633 1581 τοὺς
677 1518 783 1573 ἀπὸ
831 1523 930 1575 τοῦ
987 1517 1156 1594 ’ςσλγ’
1198 1514 1349 1581 ἔτους
1406 1519 1512 1574 ἀπὸ
1569 1520 1823 1595 γενέσεως

176 1608 403 1681 κόσμου,
438 1610 615 1687 μέχρι
664 1613 763 1664 τοῦ
802 1616 977 1683 ,ςσναζ
1008 1608 1095 1663 καὶ
1142 1606 1591 1684 ἐπιλογισάμενοι
1640 1611 1736 1678 τήν
1770 1611 1820 1665 ἐν

177 1698 377 1770 ἑκάστῳ
422 1698 610 1752 αὐτῶν
663 1700 801 1770 μετά
845 1699 945 1766 τὴν
994 1697 1213 1771 ἐαρινὴν
1265 1697 1550 1770 ἰσημερίαν
1597 1699 1819 1772 πρώτην

178 1788 517 1856 πανσέληνον
569 1780 842 1857 (ἐπέὂαινε
874 1784 930 1840 δὲ
979 1788 1075 1840 τοῦ
1114 1789 1213 1851 τῆς
1261 1785 1548 1860 ἰσημερίας
1592 1788 1821 1859 σημείου

1940 650 2054 690 non
2094 633 2439 706 simpliciter
2494 642 2622 707 post
2679 631 3117 705 aequinoctium,
3178 633 3274 689 sed
3332 637 3392 689 et
3451 637 3582 703 post

1939 723 2192 792 primum
2226 723 2638 794 plenilunium,
2671 722 2825 795 quod
2852 721 3266 793 aequinoctium
3297 722 3580 793 sequitur.

1935 813 2079 869 Dein
2110 817 2318 885 quarta
2339 812 2610 868 limitatio
2633 817 2722 867 est
2752 812 2974 877 isthaec,
2998 813 3147 882 quod
3172 811 3360 882 primo
3380 810 3581 867 statim

1938 902 2276 971 septimana
2307 902 2399 955 die
2447 906 2579 974 post
2609 900 3013 973 plenilunium.
3059 900 3278 955 Idcirco
3325 903 3388 955 ut
3436 917 3583 973 qua-

1939 993 2072 1045 tuor
2101 992 2226 1047 istie
2257 989 2631 1046 limitationes
2664 988 2735 1043 ab
2783 988 3054 1045 omnibus
3086 988 3320 1059 pariter,
3352 990 3587 1060 sapien-

1936 1078 2092 1134 tibus
2147 1086 2202 1134 et
2244 1078 2460 1146 idiotis,
2517 1079 2988 1144 observarentur,
3025 1085 3079 1132 et
3125 1076 3436 1133 Christiani
3486 1094 3588 1149 per

1935 1170 2121 1222 totum
2156 1171 2438 1222 terrarum
2481 1167 2679 1223 orbem
2726 1165 2927 1220 eodem
2977 1169 3236 1236 tempore
3267 1181 3386 1221 una
3416 1165 3583 1222 feria-

1935 1260 2157 1321 rentur,
2190 1270 2380 1327 neque
2421 1255 2637 1328 passim
2689 1254 3040 1311 astronomia
3087 1270 3237 1326 opus
3285 1255 3583 1318 haberent.

1935 1345 2125 1401 Patres
2156 1345 2338 1401 nostri
2371 1344 2629 1400 tabulam
2664 1345 2837 1400 istam
2889 1344 3262 1409 fabricarunt,
3307 1348 3363 1399 et
3395 1345 3579 1399 Ecclev

1930 1439 2030 1494 sia
2082 1437 2463 1504 tradiderunt,
2516 1437 2918 1492 existimantes
2970 1452 3070 1506 per
3115 1435 3277 1491 illam
3326 1450 3451 1506 qua
3503 1440 3572 1490 ad

1931 1526 2186 1582 debitam
2216 1526 2621 1582 limitationem
2651 1525 2864 1597 requiri
2890 1524 3011 1594 jam
3057 1524 3337 1593 diximus,
3377 1525 3582 1580 omnia

1932 1615 2208 1672 inviolata
2250 1616 2488 1673 servari.
2539 1615 2941 1670 Condidernnt
2987 1622 3177 1669 autem
3228 1615 3483 1669 tabulam
3521 1619 3584 1670 il-

1930 1706 2050 1761 lam
2080 1704 2189 1760 hoc
2221 1706 2423 1761 modo:
2453 1703 2721 1775 Acceptis
2771 1703 2837 1758 19
2884 1703 3090 1758 ordine
3127 1702 3297 1759 annis
3326 1704 3399 1758 ab
3430 1719 3582 1758 anno

1932 1793 2090 1848 orbis
2120 1793 2334 1849 conditi
2375 1792 2563 1849 sexies
2612 1792 2923 1848 millesimo
2969 1790 3368 1848 ducentesimo
3415 1793 3586 1847 trice-

174 1882 469 1948 τηνικαῦτα
521 1878 553 1931 ὁ
601 1876 788 1947 ἥλιος,
840 1880 929 1933 ὅτε
975 1884 1093 1941 τοῖς
1152 1879 1391 1953 Πατρσὶσι
1438 1883 1604 1935 ταῦτα
1664 1880 1820 1935 ἐσκο-

1934 1883 2084 1939 simo
2111 1883 2302 1950 tertio,
2354 1897 2537 1954 usque
2588 1884 2657 1937 ad
2709 1896 2929 1936 annum
2973 1881 3137 1944 6251,
3190 1884 3587 1952 supputarnnt

172 1974 337 2040 πεῖτο,
372 1968 481 2036 τήν
514 1967 743 2041 πρώτην
774 1967 870 2022 καὶ
921 1968 1170 2036 εἰκοστὴν
1197 1972 1295 2022 τοῦ
1345 1969 1589 2044 Μαρτίου
1624 1970 1819 2042 μηνὸς,

167 2059 235 2119 ὡς
265 2060 335 2111 τά
361 2053 533 2118 ἰδίως
564 2058 700 2128 ἡμῖν
746 2054 1020 2112 ἐντεθέντα
1055 2061 1239 2136 σαφῶς
1270 2055 1502 2126 δηλοῦσι
1551 2060 1820 2133 κανόνια),

166 2143 583 2218 ἐσημειώσαντο
630 2144 721 2197 καὶ
752 2146 914 2198 ποίαν
962 2150 1058 2199 τοῦ
1107 2146 1349 2218 Μαρτίου
1394 2146 1429 2215 ἢ
1483 2149 1579 2200 τοῦ
1629 2147 1823 2220 Ἀπρι-

166 2233 285 2287 λίου
346 2225 645 2305 συμϐαίνει
700 2236 809 2287 τῶν
864 2234 1213 2303 πανσελήνων
1273 2234 1501 2304 ἑκάστην
1556 2236 1818 2310 γίνεσθαι.

170 2318 573 2398 Πφιλαὸόντες
632 2319 725 2377 οὖν
776 2323 875 2391 τὴν
936 2321 1376 2378 ἐννεακαιδεκίδα
1439 2324 1642 2394 ταύτην
1714 2328 1822 2379 τῶν

170 2412 292 2468 ἑτῶν
348 2433 415 2468 τε
472 2413 568 2465 καὶ
644 2410 996 2481 πανσελήνων
1052 2413 1130 2467 ἑνὶ
1206 2413 1445 2484 κανονίῳ
1498 2409 1592 2467 δύο
1648 2412 1822 2488 περιέ-

176 2522 317 2575 χοντι
367 2498 616 2570 σελίδια,
668 2502 758 2555 καὶ
803 2502 969 2576 μέχρι
1017 2503 1343 2573 τριακοσίων
1390 2502 1522 2556 ἐτῶν
1566 2502 1660 2563 τὰς
1704 2500 1822 2575 μετ’

180 2590 467 2666 ἰσημερίαν
521 2590 743 2665 ἐαρινὴν
790 2594 888 2645 τοῦ
932 2592 1155 2666 πρώτου
1220 2592 1392 2662 μηνὸς
1451 2591 1820 2661 πανσελήνους

178 2687 280 2741 ταῖς
310 2680 514 2740 αὑταῖς
564 2683 672 2733 τῶν
721 2683 910 2752 μηνῶν
960 2679 1285 2751 συμπίπτειν
1334 2679 1564 2752 ἡμέραις
1614 2682 1822 2751 σκοπή-

180 2789 382 2837 σαντες,
446 2771 520 2841 τῇ
580 2767 769 2842 ἑφεξῆς
825 2768 1187 2839 ἀνακυκλήσει
1245 2773 1354 2823 τῶν
1422 2767 1823 2825 ἐννεακαιδεκα-

178 2855 472 2933 ετηρίόων,
504 2856 686 2929 τούτῳ
714 2858 850 2930 ἡμῖν
879 2858 1119 2934 χρῆσθαι
1156 2862 1236 2930 τῷ
1265 2858 1451 2913 κανόνι
1499 2856 1823 2931 παρέδοσαν,

174 2948 305 3003 κατά
347 2968 415 3022 γε
465 2948 536 3001 τά
584 2946 706 3017 ἑξῆς
763 2947 971 3001 ἅπαντα
1026 2945 1144 3018 ἔτη,
1196 2947 1269 3009 ὡς
1330 2947 1429 3001 οὐκ
1484 2944 1685 3003 ἄτοπον
1745 2946 1822 3016 ὃν,

172 3035 295 3093 οὐδὲ
341 3040 417 3111 τῇ
481 3030 727 3108 εὐσεϐείᾳ
775 3034 1209 3109 λυμαινόμενον,
1250 3036 1296 3091 εἷ’
1345 3037 1490 3113 παρα
1536 3039 1634 3106 την
1686 3036 1824 3091 ἀνώ-

174 3125 351 3197 μαλον
404 3128 510 3190 τῆς
560 3123 797 3195 σελήνης
845 3124 1076 3194 κίνησιν,
1133 3127 1268 3199 μετά
1317 3128 1417 3196 τὴν
1474 3125 1826 3200 ἐξαρίθμησιν

170 3218 274 3268 τῶν
306 3215 590 3288 ῥηθέντων
616 3214 660 3267 τ’
689 3214 847 3281 ἐτῶν,
880 3215 908 3269 ὁ
957 3215 1133 3268 κανὼν
1184 3213 1397 3283 οὑτοσὶ,
1434 3216 1510 3287 μὴ
1559 3214 1694 3268 κατά
1723 3220 1819 3281 την

1936 1972 2188 2043 primum
2214 1971 2602 2043 plenilunium
2627 1970 2681 2024 in
2706 1969 2957 2041 quolibet
2980 1969 3237 2041 ipsorum
3263 1972 3394 2041 post
3413 1970 3584 2039 siqni-

1935 2061 2201 2119 noctium
2234 2075 2498 2116 vernum.
2536 2062 2839 2132 ingressus
2872 2062 3184 2115 autemest
3212 2057 3321 2125 sol,
3353 2058 3589 2129 quando

1932 2150 2131 2206 Patres
2161 2150 2232 2206 de
2266 2149 2374 2206 hac
2404 2165 2467 2205 re
2515 2147 2936 2214 deliberabant,
2989 2150 3267 2219 punctum
3315 2146 3580 2219 inquina-

1933 2240 2029 2295 clii
2065 2240 2159 2296 die
2209 2238 2484 2294 vicesimo
2528 2237 2717 2309 primo
2763 2236 2950 2292 Martii
3002 2235 3245 2304 mensis,
3289 2236 3443 2293 sicut
3490 2240 3579 2291 ta-

1932 2326 2082 2385 bula
2113 2344 2260 2400 quas
2292 2330 2523 2385 nosmet
2559 2326 2822 2398 privatim
2851 2324 3307 2393 construximus,
3354 2325 3578 2397 liquldo

1935 2422 2281 2474 monstrant.
2340 2416 2711 2473 Adnotabant
2767 2419 2960 2471 autem
3014 2414 3096 2469 illi
3174 2430 3428 2486 quonam
3484 2416 3577 2471 die

1938 2507 2126 2562 Martii
2172 2507 2260 2563 vel
2304 2505 2518 2576 Aprilis
2565 2504 2951 2576 plenilunium
3002 2504 3305 2575 quodlibet
3349 2508 3577 2562 contin-

1932 2604 2125 2667 geret:
2169 2596 2427 2664 adeoqne
2470 2595 2527 2648 in
2579 2609 2756 2650 unam
2807 2591 3066 2648 tabulam
3116 2592 3574 2648 hicolumnarem

1932 2683 2310 2753 conjicientes
2339 2681 2889 2738 enneacaidecadem
2910 2678 3007 2737 8|
3024 2681 3068 2737 ὗ
3106 2679 3266 2735 illam
3292 2697 3580 2736 annorum

1933 2779 1989 2828 et
2046 2771 2523 2844 pleniluniorum.
2582 2772 2767 2841 Atque
2844 2784 3013 2839 porro
3090 2768 3587 2839 deprehendentes

1934 2861 2122 2933 spatio
2147 2876 2426 2916 annorum
2459 2860 2565 2915 300
2618 2858 2936 2930 plenilunia
2996 2857 3165 2927 primi
3199 2857 3418 2913 mensis
3448 2874 3580 2929 pro-

1935 2950 2080 3005 xime
2122 2948 2425 3020 sequentia
2470 2945 2884 3020 aquinoctium
2937 2960 3185 3000 vernum
3235 2944 3293 2999 in
3341 2946 3576 3001 eosdem

1939 3037 2224 3096 mensium
2256 3038 2381 3093 dies
2412 3035 2687 3106 incidere,
2738 3038 2971 3106 propter
3017 3032 3433 3089 revolutionem
3484 3050 3580 3089 en-

1938 3126 2591 3193 neacaidecaeteridum,
2626 3125 2779 3181 hunc
2799 3123 3080 3178 cadonem
3106 3122 3277 3179 nobis
3301 3123 3579 3179 utendum

1938 3216 2307 3275 tradiderunt
2361 3216 2533 3271 etiam
2586 3230 2690 3286 pro
2735 3213 3009 3270 omnibus
3062 3210 3231 3267 annis
3287 3214 3582 3283 sequenti-

182 3264 267 3268 ν--
306 3264 582 3288 ε--ιν-ηπ-
629 3264 641 3267 ν
690 3264 847 3281 ww,
886 3264 903 3269 —
958 3264 1125 3268 αντ
1192 3264 1397 3283 η---νι
1434 3264 1510 3287 ,πη
1561 3264 1693 3268 ηη-
1733 3264 1809 3281 -τ

168 3302 518 3371 πανσέληνον
569 3306 668 3356 τοῦ
716 3303 937 3376 πρώτου
983 3304 1180 3373 μηνὸς,
1231 3301 1376 3356 ἀλλά
1424 3304 1557 3375 μετά
1609 3302 1731 3376 μίαν
1782 3301 1819 3373 ἢ

1936 3264 3029 3375 iis:';;.;;.i‘h;ii";b.:.a.;i;‘ius,
3068 3264 3270 3372 ἧᾶυἰο
3319 3264 3584 3372 istisin

169 3388 261 3446 δύο
318 3391 537 3464 ἡμέρας
587 3391 651 3444 τὸ
709 3391 936 3462 νομικὸν
1014 3388 1171 3460 δείξει
1232 3392 1449 3465 Πάσχα,
1519 3390 1606 3445 καὶ
1676 3391 1822 3468 παρά

166 3484 327 3534 τοῦτο
378 3473 722 3550 συμϐήσεται
780 3479 872 3532 τὸν
927 3476 972 3533 δ’
1032 3477 1199 3533 ἐνίοτε
1258 3482 1335 3553 μὴ
1387 3482 1665 3554 τηρεῖσθαι
1722 3484 1819 3536 τοῦ

170 3570 363 3642 Πάσχα
416 3566 730 3641 διορισμὸν,
763 3568 873 3622 ἅτε·
899 3575 999 3637 τῆς
1028 3569 1348 3642 προσθήκης
1388 3573 1495 3622 τῶν
1540 3566 1634 3624 δύο
1682 3571 1820 3643 ἡμε.

172 3662 277 3729 ρῶν
334 3651 687 3730 ὑπερϐαίνειν
746 3652 856 3710 ἔσθ’
905 3655 993 3711 ὅτε
1050 3656 1319 3727 ποιούσης
1372 3657 1471 3724 τὴν
1533 3659 1667 3728 μετά
1720 3660 1820 3727 τὴν

170 3745 521 3814 πανσέληνον
557 3744 780 3818 πρώτην
831 3747 1125 3818 Κυριακὴν,
1158 3744 1412 3816 κάκείνην
1464 3747 1558 3817 μὲν
1595 3749 1664 3811 τῆ
1712 3767 1820 3800 των

173 3834 353 3891 Βαέων
382 3834 655 3912 ἀφοσεοῦν
707 3835 894 3909 ἑορτῇ,
920 3838 987 3908 τῇ
1015 3856 1077 3910 γε
1128 3836 1236 3909 μὴν
1267 3836 1389 3908 ἑξῆς
1433 3832 1494 3889 τὸ
1547 3838 1817 3910 σωτήριον

173 3926 365 3999 Πάσχα
406 3922 704 3978 ἐπιτελεῖν.
739 3927 906 3977 Τοῦτο
938 3920 1003 3993 δὴ
1036 3926 1098 3977 τὸ
1148 3923 1230 4000 ἐφ’
1259 3926 1394 3997 ἡμῖν
1445 3923 1642 3997 ἀρτίως
1690 3946 1821 3997 συμ-

171 4007 378 4081 εαῖνον,
410 4011 504 4067 καὶ
552 4010 682 4072 τοὺς
730 4008 975 4070 πολλοὺς
1022 4010 1369 4085 ἐκταράττον,
1412 4012 1485 4072 ὡς
1532 4012 1820 4087 ἀναγκαίου

167 4104 310 4163 τινὸς
342 4097 766 4170 καταλυομένου
816 4097 1090 4173 δόγματος
1120 4100 1207 4155 καὶ
1258 4100 1408 4170 ἀξίου
1443 4102 1519 4173 μὴ
1570 4107 1818 4175 παρορᾶ-

171 4194 310 4247 σθαι.
342 4193 524 4244 Τοῦτο
572 4185 627 4243 δὲ
659 4187 838 4263 ὥσπερ
869 4188 1041 4244 πάλαι
1084 4189 1448 4264 ἐπιτυγχάνον
1492 4188 1590 4245 οὐκ
1640 4190 1817 4265 ἄχρη-

174 4300 313 4347 στον,
366 4277 516 4333 οὕτω
563 4281 653 4330 νῦν
703 4275 1069 4352 διαμαρτάνον
1118 4276 1395 4333 ἀκίνδυνον
1446 4275 1815 4353 δειχθήσεται.

174 4370 247 4424 Οὐ
279 4369 388 4442 γαρ
422 4364 631 4433 λέληθε
678 4370 843 4421 τοῦτο
872 4365 998 4427 τοὺς
1048 4368 1249 4429 πάντας
1281 4365 1533 4440 ἀρίστους
1585 4365 1820 4432 ἐκείνους

178 4460 446 4532 Πατέρας,
479 4451 606 4509 οὐδὲ
647 4456 793 4529 παρα
819 4457 882 4510 τὸ
928 4456 1375 4529 ἀνεπιστημόνως
1428 4453 1571 4531 ἔχειν
1622 4455 1818 4519 αὐτοὺς

174 4548 295 4622 περί
352 4547 460 4614 τὴν
508 4544 915 4619 ἄστροθεάμονα
960 4547 1182 4621 τέχνην,
1235 4548 1396 4601 τοῦτο
1454 4541 1816 4619 συμϐέϐηκεν,

171 4636 323 4693 ἀλλά
350 4635 505 4709 παρὰ
533 4636 636 4705 τὴν
667 4640 775 4690 τῶν
817 4639 1145 4712 φωστήρων,
1177 4636 1253 4698 ὡς
1304 4634 1540 4708 εἴρηται,
1570 4633 1775 4702 κίνησιν
1810 4652 1826 4666 ⁸

174 4728 233 4780 τὸ
283 4722 333 4780 δ’
383 4722 565 4791 ὅπως,
599 4722 787 4779 αὐτίκα
836 4726 1150 4798 ῥηθήσεται.
1194 4724 1265 4778 Τὸ
1308 4721 1571 4778 ἐνιαύσιον
1615 4724 1826 4798 κίνημα

176 4813 244 4869 δι’
302 4815 536 4887 ἡμερῶν
596 4812 1026 4869 ἀποκαθίσταται
1082 4815 1180 4884 τξε⁹
1236 4813 1325 4868 καὶ
1384 4814 1825 4889 τεταρτημορίου

174 4903 386 4977 ἡμέρας
452 4900 725 4979 ἔγγιστα·
788 4904 842 4956 αἱ
902 4901 960 4958 δὲ
1016 4903 1170 4976 μέσαι
1229 4910 1330 4970 τῆς
1395 4900 1633 4973 σελήνης
1689 4902 1826 4957 κατά

176 4999 354 5065 μῆκος
406 4988 642 5066 πάροδοι
704 4992 806 5047 οὐκ
862 4992 1308 5047 ἀποκαθίστανται
1366 4989 1417 5045 ἐν
1474 4990 1629 5053 ὅλοις
1684 4985 1821 5046 ἔτεσι

174 5084 236 5135 ιθ¹
279 5086 398 5142 τοῖς
443 5082 582 5135 κατά
638 5082 960 5154 προσθήκην
1013 5086 1109 5137 τοῦ
1164 5079 1421 5151 τετάρτου
1482 5076 1825 5154 ἀριθμουμέ-

172 5191 283 5232 νοις
319 5190 332 5200 ·
367 5168 518 5225 ἀλλά
550 5174 696 5241 παρὰ
749 5174 879 5242 μιᾶς
908 5170 1115 5244 ἡμέρας
1147 5169 1414 5239 ἑξηκοστὰ
1457 5172 1645 5242 πρῶτα
1674 5168 1824 5243 τρία,

170 5261 256 5315 καὶ
293 5257 516 5333 δεύτερα
565 5257 674 5331 λζ’,
706 5260 798 5315 καὶ
849 5255 940 5314 διὰ
968 5257 1129 5314 τοῦτυ
1177 5258 1230 5314 ἐν
1274 5256 1353 5313 τδ¹
1400 5257 1666 5321 ἐνιαυτοῖς
1714 5257 1823 5336 οὐχ

174 5350 325 5410 ὅλοις
350 5350 540 5418 πάλιν,
570 5348 705 5405 ἀλλ’
737 5347 1159 5422 ἐλαττουμένοις
1191 5347 1397 5421 ἡμέρας
1439 5344 1614 5410 οὐδὲν,
1649 5345 1824 5403 λιπτᾶ

174 5443 359 5512 πρῶτα
389 5441 466 5509 νζ
511 5439 601 5495 καί
651 5434 878 5513 δεύτερα
904 5437 1011 5511 νβ’,
1060 5436 1186 5505 ἤτοι
1236 5437 1365 5510 μίαν
1416 5437 1627 5511 ἡμέραν
1672 5432 1821 5510 ἔγγι-

176 5548 287 5596 στα,
340 5531 376 5597 ἡ
431 5528 697 5603 εἰρημένη
759 5525 962 5603 γίνεται
1040 5525 1495 5587 ἀποκατάστασις.
1556 5518 1823 5587 Λαϐόντες

176 5618 271 5691 γὰρ
302 5617 501 5693 ἀρτίως
550 5621 723 5692 ἡμεῖς
757 5616 861 5684 τήν
913 5613 1049 5688 μετά
1078 5612 1153 5668 τδ’
1202 5610 1295 5685 ἔτη
1338 5612 1444 5669 ἀπὸ
1491 5616 1600 5669 τῶν
1650 5610 1820 5668 Πατέ-

181 5726 279 5783 ρων
334 5702 813 5780 ἐννεακαιδεκάδα,
873 5701 1105 5778 δεκάτην
1174 5699 1415 5781 ἑϐδόμην
1485 5702 1644 5762 οὖσαν
1717 5708 1819 5777 τῆς

1933 3397 2193 3462 noxium,
2226 3395 2273 3450 si
2308 3398 2542 3467 propter
2571 3396 2764 3448 motus
2795 3390 3019 3446 lunaris
3055 3390 3427 3457 anomaliam,
3453 3397 3586 3462 post

1924 3484 2346 3544 revolutionem
2386 3483 2672 3539 dictorum
2721 3481 2828 3536 300
2874 3494 3187 3547 annorum,
3239 3492 3424 3536 canon
3476 3481 3584 3535 iste

1933 3588 2050 3630 non
2082 3573 2153 3629 ad
2186 3572 2574 3643 plenilunium
2606 3570 2776 3642 primi
2813 3568 3057 3628 mensis.
3108 3568 3206 3622 sed
3252 3571 3379 3638 post
3425 3567 3578 3624 diem

1931 3679 2114 3720 unum
2166 3667 2267 3720 aut
2318 3662 2563 3718 alterum
2609 3658 2791 3730 legale
2842 3657 3057 3714 Pascha
3105 3656 3476 3722 ostenderet;
3526 3664 3583 3712 et

1934 3755 2082 3812 hanc
2111 3754 2182 3809 ob
2214 3767 2447 3808 causam
2497 3764 2920 3821 nonnunquam
2960 3748 3265 3812 accideret,
3313 3752 3579 3818 quartam

1933 3842 2227 3900 l‘sschatis
2260 3841 2669 3896 limitationem
2723 3837 2968 3895 minime
3018 3835 3332 3899 observari,
3377 3850 3585 3907 nempe

1930 3934 2083 4004 quod
2143 3932 2373 3986 dierum
2430 3929 2678 3985 duorum
2752 3925 3009 3982 accessio
3090 3927 3446 3995 promoveat,
3523 3929 3585 3979 ut

1932 4022 2018 4087 fit,
2053 4019 2409 4078 Dominicam
2459 4033 2587 4089 qum
2633 4015 2887 4087 primum
2938 4011 3330 4084 plenilunium
3381 4014 3571 4086 sequi-

1931 4119 2041 4177 tur,
2085 4110 2366 4178 faciatque
2411 4111 2475 4163 ut
2525 4105 2675 4161 hanc
2725 4104 2867 4159 festo
2918 4102 3250 4157 Palmarum
3295 4100 3582 4170 dicemus,

1931 4203 2109 4271 atque
2142 4197 2436 4255 Dominica
2468 4194 2727 4267 proxime
2766 4195 3045 4262 sequente
3070 4188 3326 4246 salutare
3359 4189 3581 4247 Pascha

1930 4287 2314 4344 celebremus.
2347 4285 2491 4342 Illud
2533 4287 2726 4340 autem
2753 4279 3083 4350 nuperrime
3113 4278 3266 4349 apud
3294 4294 3402 4335 nos
3432 4295 3578 4335 con-

1930 4378 2080 4449 tigit,
2139 4380 2197 4433 et
2254 4392 2369 4432 non
2427 4389 2639 4445 paucos
2685 4370 2957 4436 turbavit,
3005 4367 3173 4439 quasi
3225 4371 3579 4439 pmceptum

1931 4466 2164 4537 aliquod
2192 4464 2588 4521 necessarium
2637 4467 2696 4516 et
2726 4458 2962 4516 minime
2994 4455 3414 4528 negligendum
3461 4457 3581 4511 dis-

1933 4557 2289 4614 solveretur:
2319 4570 2451 4609 cum
2483 4557 2673 4608 tamen
2701 4549 2855 4604 sicut
2887 4545 3044 4602 haud
3074 4544 3282 4600 inutile
3315 4549 3443 4600 erat
3472 4545 3583 4599 hoc

1864 4620 1906 4684 θ
1938 4645 2247 4711 canonion,
2283 4642 2516 4716 quando
2563 4639 2700 4694 olim
2750 4636 2855 4692 rite
2897 4651 2959 4691 se
3008 4632 3229 4696 habuit,
3260 4632 3365 4697 ita
3412 4632 3582 4688 hodie

1937 4734 2066 4789 sine
2096 4736 2252 4805 gravi
2299 4731 2492 4803 aliquo
2540 4727 2792 4799 periculo
2849 4742 2884 4781 a
2940 4738 3073 4779 vero
3131 4722 3272 4785 abit,
3332 4724 3394 4776 ut
3452 4735 3585 4775 mox

1938 4820 2452 4879 demonstraliitur.
2501 4818 2696 4889 Neque
2746 4818 2900 4871 enim
2956 4812 3065 4867 hoc
3111 4808 3581 4881 praclarissimos

1940 4914 2137 4968 Patres
2183 4910 2375 4975 intuit,
2434 4907 2516 4963 vel
2566 4909 2650 4963 sic
2698 4906 2818 4960 ﬂeri
2870 4900 3111 4971 contigit
3158 4914 3274 4970 pro
3318 4898 3581 4969 ipsorum

1936 5001 1995 5056 in
2024 5001 2367 5057 astronomia
2398 4997 2712 5070 imperitia,
2761 4994 2860 5050 sed
2905 4996 3136 5064 propter
3181 4986 3585 5057 luminarinm,

1940 5099 2003 5145 ut
2052 5090 2268 5146 dictum
2326 5092 2436 5155 est,
2493 5090 2739 5142 motum.
2800 5083 3059 5152 Tempus
3115 5091 3247 5133 vero
3299 5091 3584 5145 annuum,

1938 5180 2092 5252 quod
2154 5179 2351 5235 statim
2412 5176 2669 5249 pluribus
2736 5173 2979 5239 dicetur,
3034 5168 3236 5223 diebus
3291 5164 3397 5222 365
3452 5182 3585 5224 cum

1934 5269 2256 5338 quadrante
2286 5266 2466 5324 ferme
2496 5263 2610 5320 diei
2655 5260 2997 5318 restituitur.
3031 5255 3203 5311 Medii
3234 5259 3421 5312 autem
3453 5271 3587 5311 mo-

1934 5357 2033 5410 tus
2062 5354 2214 5410 lunas
2243 5354 2301 5410 in
2333 5351 2761 5425 longitudinem
2803 5361 2914 5402 non
2973 5343 3233 5409 redeunt,
3294 5341 3355 5397 in
3411 5342 3585 5398 annis

1936 5443 2174 5517 integris
2233 5443 2299 5498 19
2353 5441 2668 5497 secundum
2719 5433 3062 5507 quadrantis
3110 5431 3582 5487 additamentum

1935 5533 2322 5603 computatis:
2369 5531 2469 5587 sed
2520 5528 2922 5584 desiderantur
2971 5521 3149 5578 unius
3192 5520 3305 5575 diei
3349 5532 3586 5590 sexage-

1934 5622 2096 5677 sima:
2130 5623 2325 5692 primis
2358 5631 2492 5687 tres,
2532 5624 2587 5669 et
2630 5612 2897 5669 secunde
2945 5613 3035 5667 37.
3083 5614 3268 5681 Atque
3310 5608 3454 5662 hanc
3504 5606 3578 5662 ob

1934 5727 2170 5770 causam
2202 5711 2261 5767 in
2291 5711 2395 5765 304
2424 5708 2593 5765 anuis
2629 5718 2739 5757 non
2790 5701 3029 5774 integris
3062 5698 3316 5773 quidem,
3354 5694 3455 5752 sed
3481 5693 3587 5755 mi.
