4098 6332
503 442 581 504 99
1785 441 2155 512 MAT'I‘HIEI
2202 445 2635 513 BLAS'I‘ARIS

3793 431 3909 497 100

505 593 617 631 nus
649 575 827 632 unius
857 577 968 632 diei
1011 577 1254 634 minutis
1305 579 1506 650 primis
1551 574 1620 636 57
1651 587 1707 637 et
1738 584 2010 640 secundis
2056 585 2147 652 52,

2281 584 2352 637 m'
2378 580 2594 636 ἐκείνων
2625 582 2703 649 τῷ
2732 577 2855 632 τότε
2899 573 3221 650 ληφθείσης,
3252 574 3373 642 ἥτις
3423 570 3646 645 ἄρχεται
3702 567 3908 639 δηλον-

503 666 612 720 hoc
641 671 727 721 est
766 665 881 722 fere
937 666 1029 721 die
1092 684 1231 734 uno,
1293 667 1446 724 dicta
1499 671 1778 727 revolutio
1837 675 2150 745 peragitur.

503 754 646 810 Nam
679 755 730 810 si
778 764 1006 812 nosmet
1060 772 1213 812 nunc
1273 774 1578 816 sumamus
1609 763 2154 819 enneacaidscaete-

506 843 632 899 rida
663 848 794 915 post
822 844 926 900 304
957 860 1141 901 annos
1173 861 1207 900 ει
1246 845 1516 904 Patribus
1565 849 1836 920 Nicanis,
1865 867 1991 923 qua
2022 869 2152 925 sep-

501 936 647 990 tima
676 938 765 988 est
794 934 866 990 ab
905 933 1006 988 illa
1036 950 1209 1003 quam
1259 936 1298 990 ii
1329 954 1634 1009 sumpsere
1681 939 1926 1012 (incepit
1958 947 2153 998 autem

506 1021 625 1077 hanc
654 1023 726 1077 ab
757 1038 908 1078 anno
936 1023 1116 1092 6537),
1138 1033 1192 1079 et
1238 1035 1650 1095 computemus
1694 1027 2015 1098 plenilunia
2064 1031 2154 1101 ip-

506 1111 627 1166 sius
657 1116 786 1182 post
809 1111 1215 1182 aaquinoctium
1256 1129 1523 1182 vernum,
1572 1118 1931 1188 reperiemus
1975 1121 2158 1190 quod-

509 1197 652 1254 libet
684 1198 1068 1270 plenilunium
1103 1217 1220 1255 uuo
1252 1201 1345 1256 die
1375 1212 1719 1272 praevertere
1766 1205 1865 1261 illa
1914 1223 2040 1278 quae
2087 1207 2158 1262 ad

511 1289 766 1360 primum
797 1289 1436 1347 enneacaidecaeterida
1459 1293 1772 1364 pertinent,
1797 1296 1999 1366 utjam
2031 1313 2163 1353 con-

509 1377 779 1433 stitutum
813 1383 900 1433 est
932 1379 988 1432 in
1014 1379 1234 1444 tabula,
1296 1397 1472 1451 quam
1533 1383 1603 1438 de
1655 1383 1780 1440 istis
1838 1387 2161 1441 construxi-

509 1482 662 1523 mus.
696 1469 880 1538 Atque
906 1469 1120 1539 pariter
1149 1468 1197 1524 si
1228 1468 1450 1526 similes
1487 1472 2160 1530 enneacaidscasteridos

509 1558 945 1628 conjugationes
976 1557 1196 1615 calculo
1241 1575 1624 1632 exponamus,
1671 1579 1800 1634 qua
1849 1565 1921 1620 ab
1970 1565 2160 1620 isthao

509 1647 723 1718 inpari
775 1646 1074 1702 intervallo
1106 1646 1331 1720 incipit,
1389 1655 1452 1705 ut
1509 1668 1543 1706 a
1599 1653 1785 1708 sexies
1846 1653 2160 1710 millesimo

513 1735 954 1806 nongentesimo
1012 1738 1461 1809 quadragesimo
1519 1740 1708 1812 primo
1758 1758 1934 1812 anno,
1989 1743 2164 1800 hasce

515 1825 607 1881 die
638 1841 756 1881 uno
783 1823 900 1880 illis
947 1826 1166 1896 priores
1216 1827 1748 1900 deprehendamus.
1791 1831 1938 1888 Tum
1989 1833 2164 1888 etiam

513 1914 575 1970 in
605 1914 774 1969 annis
821 1915 1218 1985 sequentibus,
1255 1918 1352 1988 qui
1403 1920 1528 1989 pari
1576 1920 1879 1977 intervallo
1920 1921 2163 1988 distant,

512 2003 764 2076 reperire
807 2008 896 2060 est
941 2004 1093 2060 inter
1139 2007 1578 2078 conjugationes
1628 2009 1803 2065 unius
1840 2011 1954 2066 diei
2003 2011 2164 2067 diffe-

513 2087 784 2144 rentiam.
815 2087 1175 2161 Quapropter
1205 2091 1375 2146 hodie
1412 2091 1528 2147 duo
1557 2093 1682 2149 dies
1731 2101 1864 2165 post
1911 2095 2159 2167 plenilu-

513 2178 676 2232 nium
697 2177 1056 2248 adjiciuntur
1083 2179 1152 2233 ad
1178 2179 1398 2235 Pascha
1419 2180 1600 2253 legale
1631 2183 2154 2255 adenveniendum,

518 2267 797 2336 quoniam
830 2267 1216 2338 plenilunium
1249 2271 1449 2340 nequit
1476 2272 1757 2343 attingam
1804 2273 1958 2329 diem
2001 2289 2163 2328 men-

2262 694 2344 748 ρτι
2377 672 2480 727 ἀπὸ
2523 669 2620 725 τοῦ
2664 666 2832 747 ,ςφλζῖ
2862 662 3037 728 ἔτους,
3069 665 3158 720 καὶ
3209 661 3658 738 ἰπιλογισάμενοι
3708 661 3808 722 τὰς
3859 660 3909 713 ἐν

2261 761 2396 834 αὐτῇ
2450 759 2566 832 μετ’
2615 754 2904 831 ἰσημερίαν
2947 755 3166 831 έαρινήν
3223 750 3621 821 πανσελήνους,
3675 747 3906 824 εὕρομεν

2260 853 2489 920 έκαστην
2548 846 2849 925 γενομένην
2911 843 3260 916 πανσέληνον
3318 841 3424 916 πρὸ
3486 844 3612 914 μιᾶς
3697 840 3910 914 ἡμέρας

2261 945 2368 996 τῶν
2402 939 2453 995 έν
2501 941 2571 1013 τῇ
2622 939 2668 993 α’
2715 931 3166 1005 έννεακαιδεκάδι,
3197 935 3273 996 ὡς
3320 930 3678 1004 προτέτακται
3731 927 3788 984 έν
3837 931 3914 998 τῷ

2263 1031 2392 1104 παρ’
2422 1031 2582 1101 ἡμῶν
2623 1027 2888 1082 ἐκτεθέντι
2935 1022 3059 1096 περί
3088 1023 3295 1079 τούτων
3344 1020 3593 1092 κανονίῳ.
3631 1016 3915 1078 Ὡσαύτως

2267 1117 2323 1174 δὲ
2352 1119 2442 1173 καὶ
2491 1117 2588 1179 τὰς
2639 1115 2834 1188 ὁμοίας
2884 1111 3328 1187 ἔπιλογισάμενοι
3380 1107 3631 1184 συζυγίας
3679 1113 3787 1175 τῆς
3833 1105 3916 1160 έν-

2267 1203 2696 1268 νεακαιὸεκάδος,
2740 1203 2864 1274 ἥτις
2913 1204 3018 1258 ἀπὸ
3067 1201 3268 1272 ταύτης
3313 1197 3364 1254 ἐν
3427 1197 3524 1270 ἰ’σῳ
3581 1197 3914 1268 διαστήματι

2267 1296 2516 1372 ἄρχεται,
2567 1295 2673 1350 ἀπὸ
2721 1298 2818 1348 τοῦ
2857 1293 3048 1364 ,ςωμα’
3095 1289 3358 1360 δηλονότι
3401 1287 3574 1354 ἔτους,
3625 1286 3737 1357 πρὸ
3792 1289 3917 1356 μιᾶς

2268 1387 2432 1441 πάλιν
2483 1385 2695 1456 ἡμέρας
2738 1386 2846 1437 τῶν
2887 1381 2994 1454 πρὸ
3041 1380 3219 1434 αὐτῶν
3265 1377 3460 1438 ταύτας
3510 1374 3764 1448 εὕρομεν.
3822 1372 3915 1429 Καὶ

2267 1473 2321 1531 έν
2348 1478 2464 1536 τοῖς
2494 1473 2615 1543 ἑξῆς
2667 1469 2724 1525 δὲ
2752 1475 2862 1526 τῶν
2913 1470 3062 1531 ἐτῶν,
3095 1473 3210 1529 τοῖς
3254 1465 3335 1538 τῷ
3383 1463 3487 1538 ἴσῳ
3534 1462 3613 1518 ἀεὶ
3666 1460 3916 1536 διέχουσι

2272 1561 2624 1636 διαστήματι,
2685 1561 2810 1633 μίαν
2873 1558 3083 1632 ὁμοίως
3149 1555 3358 1629 ἡμέραν
3419 1550 3639 1628 ἔγγιστα
3701 1551 3919 1624 εὑρήσει

2276 1673 2360 1714 τις
2409 1652 2508 1719 τήν
2553 1653 2661 1704 τῶν
2713 1651 2980 1722 συζυγιῶν
3029 1643 3315 1719 διαφοράν.
3347 1643 3444 1699 Διὰ
3492 1640 3557 1711 δὴ
3605 1643 3778 1696 τοῦτο
3827 1638 3922 1711 ἆρ-

2269 1741 2401 1802 τίως
2455 1737 2550 1794 δύο
2605 1738 2739 1812 μετὰ
2787 1739 2884 1806 τήν
2937 1733 3273 1805 πανσέληνον
3333 1735 3534 1806 ἡμέραι
3585 1729 3922 1805 εὑρίσκονται

2272 1831 2694 1905 προστιθέμεναι
2753 1825 2805 1882 ἕν
2865 1829 2934 1900 τῇ
2993 1829 3090 1880 τοῦ
3143 1826 3373 1897 νομικοῦ
3452 1821 3647 1898 Πάσχα
3696 1818 3922 1893 εὑρέσει,

2272 1925 2374 1988 τῆς
2426 1917 2762 1987 πανσελήνου
2816 1917 2892 1988 μὴ
2937 1912 3239 1987 δυναμένης
3285 1905 3614 1967 καταλαϐεῖν
3661 1909 3766 1976 τὴν
3816 1908 3925 1979 ὁρι-

2273 2011 2486 2064 σθεῖσαν
2533 2011 2649 2067 τοῖς
2703 2005 2937 2079 Πατράσι
2999 2003 3208 2070 ποστήν
3266 2005 3362 2054 τοῦ
3420 1999 3616 2072 μηνὸς,
3670 1998 3924 2068 ὀπιστορ-

2276 2099 2455 2170 μήτου
2511 2095 2835 2172 γενομένης,
2886 2094 2961 2155 ὡς
3016 2091 3251 2167 εἶ’ρηται,
3300 2088 3353 2144 ἐν
3411 2086 3494 2143 τδ¹
3553 2085 3746 2156 ἔτεσιν,
3802 2087 3923 2158 μιᾶς

2273 2185 2483 2259 ἡμέρας
2542 2180 2763 2257 ἔγγιστα
2831 2181 3210 2253 διαστήματι·
3289 2177 3560 2246 τοσαύτην
3621 2177 3650 2230 ὁ
3730 2173 3924 2248 χρόνος

2276 2275 2397 2348 περί
2431 2275 2521 2329 τὸν
2554 2272 2751 2326 κανόνα
2780 2275 2971 2326 τοῦτον
3000 2269 3269 2338 πεποίηκε
3298 2269 3398 2336 τὴν
3428 2263 3847 2338 πλημμέλειαν.

524 2356 666 2412 sisa
707 2355 961 2412 Pahibus
1009 2357 1336 2425 deﬁnitum,
1399 2366 1633 2430 propter
1683 2363 2158 2419 retrocessiouem
2218 2366 2342 2435 ejus
2400 2367 2459 2419 in
2521 2365 2692 2419 annis
2749 2364 2874 2429 304,
2934 2366 3220 2432 quantum
3281 2359 3458 2413 ferme
3523 2363 3612 2410 est
3666 2356 3922 2426 spatium

516 2448 688 2503 anuis
713 2445 845 2502 dici.
878 2445 993 2502 Hoc
1025 2447 1201 2502 errati
1229 2448 1286 2502 in
1318 2463 1538 2504 canone
1560 2451 1670 2505 isto
1705 2459 1933 2522 tempus
1965 2469 2229 2508 annuum
2264 2455 2503 2511 creavit.

1011 2539 1086 2592 De
1121 2539 1453 2608 aequinoctio
1486 2555 1664 2594 verno.

583 2626 691 2681 Sed
724 2640 828 2681 nec
861 2635 1149 2681 momenta
1187 2627 1516 2697 aequinoctii
1557 2628 1614 2682 in
1647 2629 1850 2684 eodem
1905 2629 1998 2684 die
2047 2635 2168 2686 ste-

509 2719 726 2771 terunt.
769 2714 1049 2779 Quoniam
1082 2714 1238 2769 enim
1288 2715 1374 2771 sol
1406 2717 1463 2770 in
1513 2717 1702 2772 medio
1749 2718 1982 2774 zodiaco
2033 2735 2159 2774 mo-

507 2813 631 2864 tum
669 2809 968 2879 proprium
1001 2809 1164 2862 tarde
1189 2809 1430 2879 peragit,
1455 2809 1535 2864 ita
1561 2811 1808 2865 ulunica
1829 2811 2163 2868 istiusmodi

506 2896 790 2952 revolutio
848 2913 1069 2952 annum
1125 2897 1332 2952 reddat
1385 2898 1699 2970 integrum.
1751 2900 2166 2956 circumfertur

508 2990 707 3042 tamen
739 2987 864 3058 pari
920 2985 1098 3041 ferme
1145 2984 1445 3042 velocitate
1487 3003 1618 3044 cum
1673 2993 1834 3044 motu
1885 2990 2160 3057 universi;

511 3079 804 3146 quatenus
862 3074 1034 3130 unica
1090 3075 1539 3132 circumactione
1597 3078 1750 3133 diem
1833 3079 2165 3134 naturalem

512 3180 690 3236 quam
723 3163 981 3235 proxime
1020 3163 1209 3230 faciat,
1259 3166 1492 3235 quando
1525 3167 1725 3238 itaque
1777 3169 2063 3238 reperitur
2107 3169 2166 3224 in

2573 2540 2727 2614 Περὶ
2767 2547 2887 2608 τῆς
2926 2539 3199 2612 έαρινῆς
3245 2534 3632 2608 ἰσημερίας.

2347 2629 2508 2686 Ἀλλ’
2539 2627 2663 2684 οὐδὲ
2696 2632 2758 2683 τὰ
2799 2636 2897 2696 τῆς
2931 2625 3216 2699 ἰσημερίας
3264 2625 3351 2679 ἐπὶ
3395 2630 3494 2691 τῆς
3543 2623 3715 2692 αὐτῆς
3768 2617 3922 2687 ’έστη-

2274 2741 2361 2774 κεν
2411 2722 2622 2792 ἡμέρας
2670 2718 2776 2776 ἀεί.
2823 2716 2974 2773 Ἐπεὶ
3035 2715 3138 2792 γὰρ
3182 2716 3281 2782 τὴν
3325 2713 3413 2767 ἐπὶ
3468 2717 3565 2766 τοῦ
3615 2711 3789 2780 λοξοῦ
3837 2705 3921 2761 διὰ

2278 2808 2443 2881 μέσου
2473 2813 2581 2862 τῶν
2634 2806 2846 2877 ζωδίων
2881 2805 3018 2860 ἰδίαν
3066 2805 3279 2873 κίνησιν
3334 2799 3577 2878 βραδέως
3620 2797 3921 2854 ποιεῖταιὸ

2273 2898 2458 2969 ἥλιος,
2491 2899 2565 2960 ὡς
2613 2899 2747 2953 εἶναι
2797 2897 2896 2966 τὴν
2955 2894 3078 2967 μίαν
3125 2893 3292 2948 αὐτοῦ
3340 2891 3803 2950 ἀποκατάστασιν,
3833 2886 3920 2939 τὸν

2275 2987 2404 3042 ὅλον
2439 2987 2700 3053 ἐνιαυτὸν,
2731 2989 2811 3055 τῷ
2857 2982 2914 3038 δέ
2945 2981 3104 3038 παντὶ
3139 2979 3412 3058 ἰσοταχῶς
3466 2976 3660 3053 σχεδὸν
3718 2994 3918 3048 συμπε-

2281 3075 2520 3150 ριπολεῖ,
2587 3071 2714 3128 ὥστ’
2775 3071 2827 3127 έν
2905 3075 3002 3145 μιᾷ
3057 3071 3398 3146 περιστροφῇ
3449 3068 3511 3122 τὸ
3567 3067 3921 3141 νυχθήμερον

2280 3160 2500 3240 ἔγγιστα
2556 3167 2755 3231 ποιεῖν,
2816 3161 2941 3216 ὅταν
2993 3158 3093 3234 ἆρα
3153 3158 3242 3213 ἐπὶ
3295 3161 3403 3212 τῶν
3463 3159 3660 3211 κοινῶν
3739 3155 3919 3240 τομῶν

509 3252 808 3309 communi
855 3252 1256 3308 intersectioue
1313 3253 1512 3309 circuli
1569 3255 1785 3326 proprii
1842 3260 1967 3325 (seu
2027 3256 2168 3313 ecli-

2283 3229 2526 3330 γένηται,
2556 3255 2658 3306 τοῦ
2686 3272 2745 3305 τε
2776 3250 2981 3304 οἰκείου
3007 3248 3095 3302 καὶ
3125 3251 3223 3302 τοῦ
3267 3244 3520 3319 μεγίστου
3549 3248 3656 3299 τῶν
3713 3239 3921 3316 παραλ-

509 3342 693 3412 plicis)
725 3346 784 3396 et
817 3341 1059 3397 maximi
1103 3341 1365 3414 paralleli
1392 3343 1525 3415 (hoc
1582 3349 1671 3399 est
1725 3345 2170 3418 mquinoctialis)

508 3430 722 3486 latione
751 3429 854 3484 illa
885 3430 1100 3485 diurna
1131 3446 1325 3500 parem
1360 3431 1573 3503 ubique
1603 3432 1800 3500 efficit,
1833 3434 1986 3489 210
2009 3435 2163 3506 quod

513 3535 684 3590 opus,
717 3519 871 3575 diem
907 3519 1086 3576 nocti.
1121 3518 1264 3574 Nam
1289 3521 1424 3590 quia
1444 3522 1734 3577 maximus
1759 3523 2165 3594 parallelorum

514 3607 760 3679 aequalia
818 3612 1122 3679 segmenta
1174 3607 1350 3664 habet
1387 3625 1562 3680 supra
1617 3618 1670 3666 et
1721 3610 1874 3666 infra
1929 3617 2166 3676 terram,

519 3699 753 3769 quando
786 3698 869 3754 sol
918 3700 1304 3756 circumactus
1345 3700 1405 3756 in
1437 3716 1504 3756 eo
1552 3717 1680 3757 cum
1734 3703 2004 3758 universo
2054 3720 2171 3759 una

517 3787 793 3855 decurrit,
827 3787 1154 3843 necessario
1196 3805 1388 3844 moras
1449 3790 1558 3845 sub
1601 3795 1660 3844 et
1719 3807 1898 3862 supra
1952 3796 2170 3846 terram

514 3892 683 3946 pares
726 3877 880 3931 facit.
925 3876 1066 3932 Nam
1127 3894 1254 3948 qua
1311 3878 1671 3950 aequabiliter
1723 3886 2050 3946 moventur,
2111 3881 2170 3936 in

512 3964 713 4035 aequali
747 3970 1008 4035 tempore
1048 3966 1287 4036 aequalia
1336 3973 1744 4037 pertranseunt
1785 3970 1995 4040 spatia.
2051 3973 2173 4025 lmo

518 4057 754 4123 propter
784 4055 1178 4124 aequalitatem
1238 4057 1426 4111 noctis
1486 4072 1552 4111 ac
1609 4057 1748 4122 diei,
1807 4074 1934 4128 qua
1984 4058 2043 4113 in
2075 4059 2180 4114 illo
2231 4111 2233 4116 .

523 4142 824 4212 contingit,
875 4144 1294 4213 aequinoctialis
1343 4155 1580 4200 vocatur
1636 4145 1731 4200 ille
1787 4147 2064 4214 circulus,
2124 4157 2179 4201 et

525 4235 741 4301 puncta
771 4230 905 4286 huic
933 4237 992 4287 et
1020 4233 1253 4288 zodiaco
1302 4235 1656 4304 communia,
1689 4236 1747 4290 in
1794 4237 2006 4305 quibus
2053 4237 2174 4291 die-

526 4318 636 4372 bus
667 4336 731 4374 a0
780 4320 1050 4376 noctibus
1099 4322 1419 4393 aequalibus
1466 4339 1591 4378 esse
1641 4323 1873 4392 accidit,
1915 4325 2175 4396 aequino-

521 4409 752 4479 ctialia;
779 4411 1190 4481 aequinoctium
1217 4413 1465 4482 denique
1487 4414 1763 4484 temporis
1783 4421 2176 4482 momentum,

521 4515 636 4568 quo
658 4501 920 4551 centrum
946 4497 1087 4552 solis
1113 4515 1485 4553 communem
1511 4499 1798 4554 dictorum
1821 4500 2175 4556 circulorum

515 4586 986 4642 intersectionem
1019 4588 1198 4642 subit.
1236 4587 1377 4643 Bina
1406 4604 1538 4643 vero
1584 4594 1722 4643 sunt
1750 4597 1964 4659 puncta
1995 4591 2178 4660 aequi-

519 4674 812 4743 noctialis,
847 4676 1187 4730 autumnale
1218 4675 1457 4742 scilicet,
1509 4677 1665 4747 quod
1697 4678 1755 4733 in
1789 4679 2075 4750 principio
2105 4679 2176 4735 li-

529 4763 640 4817 bras
673 4763 850 4834 jacet,
893 4762 991 4816 ubi
1042 4763 1128 4818 sol
1176 4773 1440 4818 versatur
1472 4779 1602 4819 cum
1657 4765 1859 4821 relicto
1905 4766 2178 4838 aquilone

526 4851 600 4906 ad
630 4857 892 4906 austrum
927 4851 1128 4917 tendit,
1159 4857 1215 4906 et
1245 4868 1486 4907 vernum
1533 4854 1588 4907 in
1632 4854 1799 4910 initio
1833 4855 2053 4924 arietis,
2083 4856 2177 4910 cui

526 4941 726 4997 subest
783 4947 1048 4996 centrum
1096 4941 1235 4996 solis
1291 4957 1324 4996 a
1381 4942 1643 5011 partibus
1699 4944 2055 4999 australibus
2104 4945 2176 4999 ad

526 5028 1014 5100 septentrionales
1046 5029 1362 5100 vergentis,
1405 5034 1463 5083 et
1510 5038 1867 5087 momentum
1903 5033 2045 5087 illud
2076 5049 2180 5104 ap-

528 5117 778 5189 pellatur
809 5118 1223 5189 mquinoctium
1267 5133 1530 5186 vernum,
1581 5128 1708 5190 post
1748 5123 1896 5192 quod
1948 5121 2041 5176 lex
2086 5123 2180 5176 di-

526 5205 663 5260 vina
693 5205 912 5261 Pascha
943 5207 1222 5262 celebrari
1250 5208 1530 5279 praecipit.
1586 5209 1949 5282 Quapropter
1978 5225 2182 5282 respe-

527 5298 624 5349 ctu
663 5299 882 5348 naturte
911 5295 1097 5365 ipsius
1123 5296 1180 5350 in
1215 5295 1410 5351 eodem
1458 5300 1716 5367 tempore
1746 5314 1976 5371 semper
2005 5299 2180 5370 atqui-

533 5382 726 5438 noctia
756 5383 925 5452 fiunt,
957 5388 1192 5455 propter
1229 5385 1612 5456 quantitatem
1662 5403 1914 5443 annuam
1953 5403 2183 5461 semper

535 5487 712 5527 unam
745 5478 797 5526 et
831 5474 1115 5528 eamdem.
1167 5476 1236 5528 At
1281 5489 1412 5529 vero
1461 5481 1723 5546 respectu
1781 5477 2181 5550 dispositionis

536 5575 842 5632 corporum
903 5559 1216 5616 casleatium
1269 5565 1455 5633 quoad
1504 5568 1738 5630 terram,
1791 5569 1848 5621 et
1895 5581 2185 5622 mensuras

532 5650 708 5706 etiam
743 5651 964 5704 dierum
999 5666 1064 5704 ac
1097 5655 1378 5718 noctium,
1403 5669 1515 5721 qua
1548 5654 1712 5720 juxta
1743 5655 1916 5710 ritum
1952 5655 2184 5710 Latino-

532 5753 661 5799 rum
700 5756 804 5795 nos
851 5739 964 5813 ipsi
1017 5740 1260 5806 utimur,
1312 5757 1496 5813 neque
1544 5742 1748 5800 eadem
1785 5745 1947 5818 hora,
1997 5758 2185 5816 neque

2282 3341 2496 3413 λήλων,
2529 3340 2654 3411 ἴσην
2703 3339 2753 3410 έξ
2803 3338 3040 3412 ἀνάγκης
3087 3338 3371 3408 πανταχοῦ
3400 3334 3519 3389 κατ’
3566 3332 3782 3401 έκείνην
3828 3330 3918 3396 τὴν

2281 3431 2648 3506 περιστροφὴν
2679 3430 2777 3496 τὴν
2810 3427 3017 3501 ἡμέραν
3050 3430 3198 3479 ποιεῖ
3220 3427 3290 3497 τῇ
3319 3425 3611 3480 νυκτί.Τοῦ
3639 3421 3750 3496 γὰρ
3785 3417 3922 3506 μεγίξ

2282 3504 2410 3576 στου
2439 3504 2948 3588 τῶννπαραλλήλων
2983 3514 3186 3570 κύκλου
3213 3512 3302 3568 ἴσα
3320 3514 3584 3584 τμήματα
3605 3504 3918 3586 ἔχοντος,τό

2279 3630 2337 3664 τε
2361 3609 2493 3683 ὑπὲρ
2525 3614 2648 3681 γῆν,
2671 3607 2760 3660 καὶ
2792 3605 2854 3660 τὸ
2882 3603 2986 3659 ὑπὸ
3014 3601 3275 3677 γῆν,δταν
3298 3598 3383 3655 ἐπ’
3404 3599 3568 3655 αὐτοῦ
3591 3597 3668 3653 ὢν
3693 3600 3721 3653 ὁ
3743 3595 3917 3666 ἥλιος,

2282 3700 2382 3768 τὴν
2410 3699 2544 3769 μετᾶ
2563 3700 2659 3750 τοῦ
2690 3694 2886 3755 παντὸς
2918 3698 3141 3761 ποιῆται
3173 3689 3558 3766 περιστροφὴν,
3583 3687 3664 3761 τῷ
3698 3686 3798 3742 ὑπὸ
3823 3689 3916 3756 γῆν

2284 3789 2473 3862 χρόνῳ
2505 3786 2620 3840 ἴσον
2670 3788 2819 3840 ποιεῖ
2846 3783 2939 3836 τὸν
2991 3782 3122 3854 ὑπὲρ
3155 3783 3254 3855 γῆν
3296 3778 3345 3852 ἐξ
3379 3779 3618 3853 ἀνάγκης
3650 3799 3662 3811 ο
3714 3777 3780 3831 τὰ
3824 3772 3919 3848 γὰρ

2285 3875 2512 3950 ὁμαλῶς
2541 3875 2836 3946 κινούμενα
2885 3871 2935 3926 ἐν
2986 3869 3087 3942 ἰ¹σῳ
3133 3871 3322 3944 χρόνῳ
3351 3869 3417 3924 τὰ
3460 3866 3547 3921 ἴσα
3595 3864 3917 3939 διεξέρχεται

2287 3962 2649 4037 διαστήματα.
2686 3963 2781 4015 Διὰ
2807 3959 3007 4029 ταύτην
3051 3957 3144 4012 οὖν
3176 3959 3274 4026 τήν
3323 3955 3614 4033 γινομένην
3644 3955 3728 4010 ἐπ’
3758 3950 3919 4006 αὐτοῦ

2290 4053 2514 4123 ἰσότητα
2570 4058 2671 4120 τῆς
2727 4050 2920 4107 νυκτὸς
2979 4048 3116 4123 πρὸς
3163 4049 3262 4114 τὴν
3319 4047 3549 4120 ἡμέραν,
3608 4043 3766 4099 αὐτὸν
3831 4038 3917 4108 μέν

2289 4142 2606 4216 ἰσημερινὸν
2657 4139 2989 4212 ὀναμάζουσι
3040 4133 3266 4203 κύκλον,
3306 4137 3370 4189 τὰ
3421 4132 3476 4188 δὲ
3523 4134 3679 4187 κοινὰ
3727 4133 3921 4202 σημεῖα

2287 4233 2455 4286 αὐτοῦ
2481 4251 2539 4285 τε
2568 4230 2656 4284 καὶ
2701 4231 2798 4283 τοῦ
2848 4226 3034 4298 λοξοῦ,
3067 4225 3182 4279 καθ’
3228 4224 3260 4277 ἃ
3306 4225 3360 4277 αἱ
3409 4228 3514 4278 τῶν
3560 4221 3918 4296 νυχθημέρων

2287 4319 2534 4390 ἰσότητες
2607 4319 2873 4394 γίνονται,
2955 4313 3263 4388 ίσημερινᾶ,
3333 4311 3621 4386 ἰσημερίαν
3701 4308 3757 4364 δὲ
3824 4305 3918 4372 τήν

2289 4409 2460 4484 ὥραν,
2555 4411 2772 4481 πρῶτον
2817 4407 2914 4458 τοῦ
2953 4403 3119 4472 ἡλίου
3148 4404 3209 4457 τὸ
3261 4403 3479 4476 κέντρον
3530 4399 3617 4454 έπί
3665 4406 3764 4468 τῆς
3808 4414 3920 4484 κοι-

2287 4480 2384 4564 νῆς
2417 4480 2607 4568 τομῆς
2646 4495 2852 4570 γίνεται
2902 4496 3011 4546 τῶν
3061 4491 3362 4566 εἰρημένων
3413 4487 3509 4543 δύο
3549 4486 3788 4543 κύκλων.
3821 4480 3920 4536 Δύο

2290 4584 2348 4640 δέ
2378 4587 2480 4640 εἰσι
2526 4587 2594 4641 τὰ
2643 4580 2930 4656 ἰσημερινὰ
2961 4583 3129 4634 ταῦτα
3178 4584 3404 4652 σημεῖα,
3434 4578 3496 4632 τό
3545 4598 3601 4632 τε
3649 4578 3924 4655 φθινοπω-

2289 4677 2459 4751 ρινὸν,
2489 4677 2550 4730 τὸ
2599 4675 2717 4729 κατ’
2750 4672 2927 4746 ἀρχὴν
2972 4673 3068 4724 τοῦ
3101 4672 3268 4744 ζυγοῦ
3314 4667 3581 4742 κείμενον,
3614 4665 3666 4720 έν
3715 4665 3760 4737 ᾧ
3789 4661 3924 4751 γίνεο

2287 4750 2376 4819 ται
2409 4765 2436 4819 ὁ
2467 4764 2629 4834 ἥλιος
2659 4763 2765 4817 ἀπὸ
2795 4766 2905 4816 τῶν
2941 4759 3170 4834 βορείων
3203 4757 3289 4812 ἐπὶ
3339 4758 3406 4812 τὰ
3436 4757 3585 4811 νότια
3631 4750 3924 4826 διερχόμε-

2291 4877 2406 4925 νος,
2438 4855 2527 4909 καὶ
2566 4855 2629 4908 τὸ
2677 4853 2912 4927 έαρινὸν,
2943 4853 3003 4906 τὸ
3053 4851 3172 4905 κατ’
3220 4849 3399 4926 ἀρχὴν
3449 4849 3545 4900 τοῦ
3593 4847 3749 4919 κριοῦ
3799 4842 3924 4892 θεω-

2295 4944 2587 5018 ρούμενον,
2619 4942 2665 5014 ᾧ
2710 4963 2817 4996 τινι
2851 4941 2913 4996 τὸ
2958 4943 3056 4994 τοῦ
3102 4937 3269 5007 ἡλίου
3317 4937 3536 5009 κέντρον
3588 4934 3920 5028 συνέρχεταετ

2290 5033 2397 5088 ἀπὸ
2428 5037 2536 5086 τῶν
2580 5031 2900 5104 νοτιοτέρων
2939 5027 3026 5083 ἐπὶ
3073 5027 3143 5082 τὰ
3189 5027 3374 5100 βόρεια
3418 5022 3739 5091 κινουμένου
3772 5038 3785 5051 ·
3833 5022 3919 5104 κα.ἱ

2289 5125 2324 5191 ἡ
2375 5119 2494 5196 ὥρα
2545 5119 2714 5189 ἐκείνη
2761 5099 2946 5191 ἐαρινή
2997 5099 3570 5187 καλεῖτίιιίσημερία,
3623 5110 3736 5183 μεθ’
3785 5106 3842 5174 ἣν

2291 5189 2438 5272 θεῖος
2495 5211 2664 5282 νόμος
2719 5207 2781 5262 τὸ
2827 5189 3036 5281 -Πὰσχα
3092 5203 3454 5260 ἐπιτελεῖσθαι
3504 5201 3733 5256 κελεύει.
3783 5189 3918 5282 Κςιτά

2295 5300 2389 5373 μὲν
2442 5297 2533 5353 οῦν
2567 5280 2682 5368 τήν
2727 5300 2824 5351 τοῦ
2871 5280 3072 5358 παντὸς
3120 5293 3301 5373 φύσιν,
3337 5291 3388 5348 έν
3435 5296 3524 5384 tt]:
3558 5289 3713 5384 at’m'i:
3740 5280 3917 5384 χρόξιις

2290 5389 2357 5442 τὰ
2383 5393 2485 5456 τῆς
2537 5386 2822 5459 ἰσημερίας
2871 5384 2952 5440 ἀεὶ
2999 5385 3224 5462 γίνεται,
3256 5379 3345 5438 διὰ
3389 5382 3452 5437 τὸ
3497 5377 3612 5435 ³ίσον
3663 5376 3915 5469 εἶναιιάξῐ

2289 5477 2354 5531 τὸ
2387 5477 2612 5553 μέγεθος
2644 5479 2742 5530 τοῦ
2791 5459 3063 5530 ἐνιαυσίου
3109 5471 3337 5550 χρόνου.
3373 5468 3514 5525 Κατὰ
3563 5465 3618 5522 δέ
3661 5468 3753 5522 τὸν
3799 5459 3918 5514 ἐκά-

2296 5585 2452 5620 στονε
2482 5565 2766 5640 γινόμενον
2815 5562 2950 5638 πρός
2976 5565 3074 5633 τὴν
3103 5567 3208 5637 γῆν
3252 5581 3360 5615 των
3400 5557 3663 5633 οὐρανίων
3709 5563 3918 5640 σχημαῖ

2291 5654 2512 5727 τισμὸν,
2561 5655 2652 5709 καὶ
2709 5653 2851 5710 κατὰ
2904 5654 2968 5708 τὸ
3027 5653 3225 5724 μέτρον
3284 5653 3392 5702 τῶν
3452 5649 3670 5722 ἡμερῶν
3724 5661 3779 5696 τε
3829 5629 3915 5744 ita:

2300 5748 2513 5822 μηνῶν,
2569 5745 2616 5822 ᾧ
2672 5744 2808 5801 κατὰ
2863 5740 3168 5822 Ῥωμαίους
3229 5741 3393 5817 ἡμεῖς
3467 5736 3744 5815 χρώμεθα³
3797 5736 3914 5782 οὒτε
