4098 6332
239 442 343 502 101

1275 431 1706 496 ΞΥΝΤΔΟΜΑ
1749 429 2390 493 ALPHABETICUM.
2437 465 2514 474 —
2558 435 2628 490 Π.

3539 432 3655 494 102

233 579 368 632 κατᾶ
415 577 518 643 τήν
577 575 749 643 αὐτὴν
798 572 966 646 ὥραν,
1015 569 1136 625 οὔτε
1184 570 1322 624 κατὰ
1368 577 1468 637 τῆν
1523 568 1690 635 αὖ·τήν
1739 565 1886 637 ἠμὲ-
1921 572 1966 634 Α
2005 564 3178 636 νθιθοᾶοωᾶὶεοοοίάἰιωςυίοοοιοοιὶοηι
3199 564 3651 631 ﬁeri.0uoniam

237 687 328 739 ραν
391 659 681 736 συμϐαίνει
741 662 822 716 ἀεὶ
875 663 974 730 τήν
1049 661 1336 731 ἰσημερίαν
1415 658 1674 731 γίνεσθαι.
1740 655 1887 710 Ἐπεὶ

232 757 336 830 γὰρ
389 757 428 823 ἢ
506 752 775 814 ἐνιαύσιος
828 753 1068 818 ποσότης
1127 749 1266 818 πρὸς
1322 751 1440 809 ταῖς
1493 746 1595 814 τξε’
1653 745 1889 817 ἡμέραις

235 846 324 899 καὶ
414 842 674 917 τέταρτον
753 838 971 914 ἔγγιστα
1054 833 1492 912 προσλαμϐάνει’
1546 836 1673 889 ὅταν
1853 835 1887 900 ἡ

235 931 508 1004 ἰσημερία
582 934 707 1000 πιρί
791 923 1158 1000 μεσημϐρίαν,
1241 925 1302 979 τὸ
1390 925 1484 994 μὶν
1571 923 1694 993 ἑξῆς
1771 919 1891 980 ἔτθς

237 1023 397 1078 ἔσται
455 1021 579 1093 περὶ
648 1017 795 1073 δύσιν
854 1018 1042 1085 ἡλίου,
1101 1017 1163 1070 τὸ
1222 1012 1280 1068 δὲ
1344 1013 1466 1083 ἑξῆς
1542 1011 1667 1084 περὶ
1729 1006 1892 1084 μέσας

236 1114 464 1178 νύκτας,
510 1107 602 1162 καὶ
661 1105 805 1161 οὕτω
858 1106 1021 1179 μέχρι
1067 1103 1285 1164 παντός.
1340 1103 1612 1157 Ἐντεῦθεν
1661 1101 1761 1174 γὰρ
1800 1099 1891 1152 καὶ

234 1203 270 1266 ἡ
300 1202 406 1252 τοῦ
469 1197 720 1272 βισέκτου
781 1195 962 1267 ἡμέρα
993 1195 1070 1256 εἷς
1120 1191 1165 1246 δ’
1196 1191 1473 1251 ἐνιαυτοὺς
1521 1189 1892 1263 προσαπαρτί-

239 1296 409 1356 ζεται.
464 1286 614 1341 Ἐπεὶ
674 1283 723 1339 δ’
778 1282 934 1346 αὖθις
979 1285 1014 1352 ὴ
1075 1282 1164 1337 ἐπὶ
1212 1283 1314 1351 τξε’
1381 1279 1614 1355 ἡμέραις
1671 1277 1892 1334 ἐπουσία

241 1378 346 1451 οὐχ
379 1375 519 1431 ελον
550 1376 806 1450 τέταρτον
835 1375 1047 1446 ἡμέρας
1072 1374 1339 1446 περιέχει,
1371 1369 1519 1425 ἀλλᾶ
1547 1371 1693 1443 παρά
1735 1389 1892 1442 τρια-

240 1467 558 1532 κοσιοστὸν,
591 1466 757 1536 ἡμεῖς
788 1460 853 1517 δὲ
876 1467 955 1534 τῷ
977 1467 1087 1516 τῶν
1134 1463 1361 1534 ἡμερῶν
1409 1459 1497 1513 καὶ
1550 1462 1737 1529 μηνῶν
1775 1455 1892 1529 ἀρι-

243 1557 364 1626 θμῷ
423 1554 568 1608 κατὰ
621 1553 936 1624 Ῥωμαίους
995 1551 1280 1628 χρώμεθα,
1340 1549 1416 1608 ὡς
1465 1552 1562 1602 τοῦ
1632 1547 1893 1620 τετάρτου

243 1644 318 1698 ἀεὶ
369 1641 592 1697 τελείου
630 1639 1087 1715 προσγινομένου,
1133 1639 1222 1693 καὶ
1277 1635 1367 1691 διὰ
1412 1639 1572 1690 τοῦτο
1611 1634 1748 1690 κατᾶ
1775 1634 1894 1688 τέσ-

245 1753 410 1806 σαρας
462 1730 738 1792 ἐνιαυτοὺς
791 1728 918 1802 μίαν
976 1728 1186 1802 ἡμὲραν
1243 1731 1364 1787 ταῖς
1445 1727 1546 1797 τξε’
1606 1723 1894 1798 προστίθε-

246 1843 362 1892 μεν,
428 1813 714 1891 συμϐαίνει
778 1815 831 1887 ἐξ
889 1817 1130 1890 ἀνάγκης
1195 1816 1328 1888 μετὰ
1370 1818 1417 1868 τ’
1469 1811 1744 1875 ἐνιαυτοὺς
1787 1812 1893 1885 πρὸ

244 1917 373 1981 μιᾶς
438 1909 651 1981 ἡμέρας
710 1907 954 1980 γίνεσθαι
1003 1907 1104 1973 τήν
1173 1902 1462 1976 ἰσημερίαν
1522 1921 1535 1934 ·
1587 1904 1723 1969 οἷον,
1779 1901 1892 1955 ἐπεὶ

239 1997 472 2052 κατὰτὸ
530 1996 703 2070 παρὸν
761 1996 798 2062 ἡ
852 1993 1109 2066 ίσημερία
1163 1991 1365 2066 γίνεται
1395 1995 1464 2063 τῇ
1518 1993 1590 2059 ιη’
1625 1989 1891 2062 Μαρτίου,

244 2086 376 2158 μετᾶ
438 2086 486 2138 τ’
548 2082 640 2152 ἔτη
700 2077 946 2151 ἕσταιτῇ
1009 2084 1096 2150 ιζ’,
1147 2080 1261 2134 εἶτα
1303 2079 1437 2150 μετὰ
1463 2075 1618 2151 ἕτερα
1658 2081 1893 2131 τοσαῦτα

239 2178 305 2242 τῇ
373 2171 598 2238 ις’,καί
643 2170 818 2231 οὕτως
874 2168 975 2225 ἀεί.
1010 2173 1070 2222 Ἦ
1135 2171 1230 2238 μὲν
1288 2166 1379 2220 οὖν
1438 2169 1573 2218 κατὰ
1630 2166 1693 2217 τὸ
1736 2163 1894 2233 ,ὄρς’

239 2258 359 2321 ἔτος
392 2261 506 2313 ἀπὸ
554 2260 782 2317 κτίσεως
814 2277 1025 2326 κοσμου
1081 2255 1265 2327 ἐαρινή
1320 2253 1578 2326 ἰσημερίαι
1637 2251 1895 2306 ἐπιλελὸ-

237 2369 421 2423 γισται
456 2349 590 2418 ἡμῖν
621 2351 876 2420 γεγονυῖα
908 2343 1152 2417 Μαρτίου
1184 2347 1262 2411 κζ’
1312 2362 1446 2395 κατα
1496 2337 1840 2413 μεσημϐρίαν
1877 2361 1888 2371 ·

238 2437 388 2513 λέγω
448 2435 506 2490 δὲ
570 2429 968 2507 μεστημϐρίαν,
1024 2434 1160 2486 κατὰ
1210 2433 1304 2484 τὸν
1359 2428 1430 2484 δι’
1486 2428 1890 2502 Ἀλεξανδρείας

242 2522 654 2599 μεσημϐρινόν.
713 2529 826 2578 Τῶν
881 2521 937 2577 δὲ
984 2523 1126 2592 ἑξῆς,
1186 2520 1307 2578 ὅσαι
1361 2521 1455 2593 μὲν
1489 2525 1604 2581 τοῖς
1647 2523 1691 2573 τ’
1724 2518 1892 2573 ἔτεσιν

240 2616 521 2687 αλλήλων
557 2613 926 2692 διαφέρουσιν,
959 2612 1154 2681 ἑκάστη
1189 2611 1293 2680 πρὸ
1329 2631 1454 2682 μιας
1492 2616 1592 2677 τῆς
1640 2610 1747 2683 πρὸ
1803 2608 1893 2662 αὖ-

237 2714 335 2774 τῆς
388 2706 612 2779 ἡμέρας
661 2704 799 2756 κατὰ
842 2705 942 2770 τήν
988 2699 1157 2768 αὒτήν
1205 2698 1349 2770 ὥραν
1398 2698 1620 2774 γίνεται,
1650 2698 1724 2760 ὡς
1753 2718 1890 2769 προ-

236 2797 498 2848 τέτακται
559 2791 612 2845 ἐν
670 2795 750 2862 τῷ
785 2789 1159 2865 διαγράμματι
1197 2809 1207 2822 ο
1241 2790 1296 2840 αἱ
1345 2784 1401 2840 δὲ
1452 2787 1644 2859 μεταξὺ
1682 2787 1888 2840 τούτων

240 2884 560 2956 ἰσημερίαι,
605 2885 724 2942 τοῖς
773 2879 969 2952 μεταξὺ
1017 2876 1346 2950 ὃιασυήμασι
1396 2874 1651 2945 δηλονότι
1708 2878 1890 2949 γίνον-

236 2995 342 3027 ται.
383 2971 452 3028 Ei.
509 2969 568 3024 δὲ
609 2969 701 3023 καὶ
750 2969 1044 3044 σαφέστερα
1105 2965 1292 3040 βούλει
1351 2969 1550 3041 γνῶισι
1608 2969 1702 3019 τοῦ
1752 2964 1891 3039 χρό-

235 3083 329 3115 νου
393 3065 626 3130 σημεῖα,
677 3056 729 3111 ἐν
793 3058 887 3129 μὶν
956 3062 1071 3117 τοῖς
1155 3057 1379 3129 χρόνοις
1461 3049 1886 3128 Ναϐουνασάρου

234 3152 361 3223 περὶ
394 3147 561 3217 λῆξιν
594 3147 844 3220 ἑσπερίαν
876 3147 945 3215 ἧν
975 3148 1009 3214 ἡ
1041 3145 1300 3218 ἰσημερία
1349 3150 1448 3212 τῆς
1492 3147 1589 3198 τοῦ
1646 3143 1886 3213 Μαρτίου

232 3241 498 3312 πέμπτης
558 3237 647 3292 καὶ
707 3237 978 3303 είκοσνῆς,
1037 3233 1088 3289 ἐν
1146 3233 1202 3288 δὲ
1258 3239 1372 3295 τοῖς
1439 3232 1721 3288 Φιλίππου
1787 3237 1884 3287 τοῦ

235 3406 377 3468 "Em
394 3403 505 3455 απὸ
520 3399 747 3458 κτίσεως
769 3398 1008 3470 Κόσμου.
1042 3397 1342 3472 ’ἰσημερίαι
1367 3395 1500 3450 κατᾶ
1524 3417 1610 3450 τον
1626 3393 1888 3468 Μάρτιον.

308 4483 602 4562 Ἀριδαίου
649 4486 771 4559 περὶ
819 4479 1164 4558 μεσημϐρίαν
1214 4486 1312 4550 τῆς
1359 4480 1442 4536 κδ’
1486 4481 1682 4537 αὐτοῦ’
1717 4481 1768 4536 ἐν
1817 4483 1904 4542 αἱς

236 4575 298 4632 δὲ
350 4576 596 4649 ἡμέραις
649 4575 677 4627 ὁ
733 4575 966 4648 Χριστὸς
1013 4577 1094 4644 τῷ
1152 4571 1344 4644 οἰκείῳ
1401 4573 1608 4642 θανάτῳ
1653 4571 1745 4626 τὸν
1803 4572 1901 4624 θά-

1999 657 2153 711 enim
2191 661 2420 726 tempus
2458 671 2718 710 annuum
2755 659 2958 724 printer
2992 655 3113 709 dies
3139 655 3246 710 365
3277 655 3452 710 etiam
3480 671 3652 727 prope

1999 755 2261 816 quartam
2319 749 2542 816 partem
2621 743 2738 798 disi
2801 743 3063 812 requirit,
3140 741 3190 797 si
3265 759 3420 798 nunc
3479 744 3654 800 fuerit

1999 833 2410 906 aaquinoctium
2463 833 2614 887 circa
2664 831 2990 892 meridiem,
3044 848 3196 886 anno
3239 837 3522 904 sequente
3550 833 3659 889 erit

1998 925 2153 980 circa
2208 939 2478 978 occasum
2512 920 2673 986 solis,
2717 931 2767 975 et
2819 937 2973 977 anno
3021 921 3193 977 tertio
3241 921 3396 977 circa
3427 927 3656 978 noctem

2002 1013 2270 1079 mediam,
2315 1017 2373 1067 et
2427 1011 2511 1066 sic
2567 1009 2625 1064 in
2661 1010 2981 1065 infinitum.
3013 1010 3156 1064 Hinc
3206 1010 3364 1065 enim
3405 1016 3658 1082 quatuor

2000 1104 2171 1157 annis
2200 1101 2524 1171 completur
2554 1101 2678 1155 dies
2711 1100 3044 1155 bissextilis.
3082 1099 3298 1156 Deinde
3319 1117 3474 1169 vero,
3505 1117 3656 1171 quo-

2001 1193 2157 1247 niam
2205 1190 2590 1261 appendicula
2641 1204 2769 1258 quas
2828 1189 2898 1242 ad
2958 1187 3080 1243 dies
3109 1188 3216 1242 365
3255 1189 3500 1254 accedit,
3538 1205 3650 1244 non

1998 1281 2258 1337 continet
2305 1281 2598 1351 integrum
2665 1279 2777 1334 diei
2827 1279 3228 1346 quadrantem,
3300 1279 3398 1333 sed
3455 1279 3652 1334 deﬁcit

2006 1379 2160 1441 parte
2190 1367 2613 1432 trecentesima,
2653 1377 2708 1422 et
2740 1385 2846 1423 nos
2885 1367 3120 1438 quidem
3155 1383 3397 1423 numero
3428 1367 3652 1424 dierum

2002 1475 2069 1514 ac
2102 1456 2389 1513 mensium
2419 1473 2454 1512 a
2512 1455 2735 1511 Latinis
2765 1461 2998 1526 accepto
3041 1457 3280 1520 utimur,
3312 1457 3474 1528 quasi
3505 1473 3651 1528 qua-

2001 1550 2180 1604 drans
2235 1546 2350 1601 diei
2409 1545 2656 1616 perfecte
2715 1560 2944 1615 semper
3003 1545 3349 1614 expleretur,
3393 1546 3652 1616 adeoque

2003 1635 2266 1707 quolibet
2311 1633 2696 1704 quadriennio
2726 1634 2879 1689 diem
2912 1650 3093 1688 unum
3128 1633 3274 1704 ipsis
3299 1634 3407 1689 365
3435 1635 3648 1705 adjici-

2003 1739 2157 1790 mus,
2188 1721 2474 1793 contingit
2504 1720 2834 1776 necessario
2876 1726 3008 1790 post
3039 1737 3223 1776 annos
3254 1721 3358 1775 300
3381 1721 3650 1793 aaquino-

2002 1812 2184 1867 ctium
2213 1810 2383 1866 unico
2433 1810 2529 1866 die
2559 1810 2840 1881 praeverti.
2887 1808 2976 1874 Ut,
3025 1809 3274 1881 exempli
3301 1811 3510 1881 gratia,
3546 1811 3651 1866 hoc

2005 1901 2126 1972 ipso
2159 1906 2440 1971 tempore,
2496 1900 2912 1970 tequinoctium
2961 1899 3172 1954 accidit
3201 1899 3295 1954 die
3339 1901 3406 1954 18
3437 1899 3651 1966 Martii,

2013 2000 2143 2063 post
2180 2007 2368 2046 annos
2414 1990 2518 2044 300
2547 1991 2692 2045 illud
2751 1989 2956 2045 incidit
2983 1990 3039 2044 in
3073 1991 3160 2056 17,
3193 1997 3315 2044 tum
3349 1995 3479 2059 post
3506 1989 3654 2045 alios

2005 2081 2112 2136 300
2149 2081 2208 2135 in
2243 2079 2330 2145 l6,
2361 2090 2535 2150 atque
2557 2080 2636 2134 ita
2666 2085 2962 2150 perpetuo.
2995 2078 3426 2148 Equinoctium
3455 2079 3654 2150 itaque

2006 2189 2105 2242 pro
2125 2188 2276 2226 anno
2316 2170 2387 2226 ab
2433 2170 2568 2225 orbe
2597 2168 2833 2224 condito
2874 2169 3013 2222 4156
3043 2167 3264 2224 calculo
3295 2168 3462 2224 nobis
3492 2187 3654 2225 com-

2003 2261 2278 2331 probatur
2317 2259 2595 2313 incidisse
2651 2257 2710 2311 in
2782 2257 2972 2312 Martii
3025 2256 3093 2308 27
3126 2257 3272 2312 circa
3309 2257 3649 2324 meridiem;

2001 2350 2319 2413 meridiem,
2353 2349 2611 2418 inquam,
2638 2348 2805 2416 juxta
2839 2346 3223 2400 meridianum
3266 2346 3646 2401 Alexandria.

2000 2443 2349 2493 Umerorum
2382 2452 2513 2491 vero
2543 2437 3049 2506 asquinoctiorum,
3116 2451 3240 2505 quae
3285 2434 3530 2490 invicem
3565 2437 3659 2490 di-

2000 2532 2156 2582 stant
2181 2527 2288 2580 300
2333 2525 2518 2585 annis,
2573 2525 3031 2593 unumquodque
3060 2523 3212 2577 circa
3252 2525 3516 2580 eamdem
3549 2523 3656 2580 bo-

2004 2633 2153 2679 ram,
2183 2620 2243 2672 at
2272 2632 2388 2671 uno
2439 2617 2531 2669 die
2561 2615 2732 2670 citius
2774 2614 3027 2678 obvenit,
3064 2618 3122 2666 ut
3155 2613 3216 2668 in
3247 2614 3523 2669 laterculo
3552 2633 3655 2685 ap-

2009 2705 2189 2775 posito
2221 2706 2608 2761 constitutum
2662 2707 2771 2757 est.
2825 2701 3194 2770 [Equinoctia
3246 2707 3439 2756 autem
3472 2701 3652 2758 inter-

2001 2795 2191 2848 media
2252 2793 2425 2847 etiam
2489 2791 2848 2846 intermediis
2904 2789 3016 2844 diei
3056 2789 3258 2860 spatiis
3316 2792 3436 2846 sive
3493 2791 3652 2846 horis

2001 2883 2173 2938 ﬁunt.
2222 2884 2280 2938 Si
2344 2888 2538 2938 tamen
2594 2881 2734 2936 libet
2782 2879 2952 2950 paulo
3003 2881 3333 2936 accuratius
3374 2883 3651 2953 temporis

2002 2977 2292 3028 momenta
2322 2976 2490 3039 seire,
2552 2973 2738 3043 primo
2769 2972 3004 3042 quidem
3047 2986 3201 3026 anno
3261 2971 3651 3028 Nabonasaris

1996 3065 2150 3118 circa
2181 3079 2480 3134 vesperam
2534 3066 2843 3116 exeuntem
2886 3060 3299 3130 aequinoctium
3330 3067 3454 3117 erat
3494 3061 3652 3117 Mar-

1996 3152 2059 3207 tii
2093 3153 2186 3207 die
2215 3153 2304 3215 25,
2339 3151 2439 3206 sed
2467 3162 2721 3220 tempore
2752 3148 3024 3219 Phlilippi
3065 3149 3274 3204 Aridi
3304 3149 3462 3206 circa
3485 3154 3651 3207 meri-

1997 3241 2151 3296 diem
2237 3241 2349 3296 diei
2436 3240 2505 3294 24
2562 3239 2828 3310 ejusdem
2913 3238 3331 3296 Zlimensis:
3394 3246 3650 3312 tempore

2003 3402 2146 3453 Auni
2177 3404 2242 3452 ab
2263 3402 2389 3452 orbe
2419 3401 2653 3451 condito.
2875 3400 3208 3464 Equinoctia
3237 3401 3376 3451 circa
3406 3403 3648 3452 Martium

2252 3519 2392 3574 4156
3206 3519 3275 3571 27

2252 3607 2392 3662 4456
3206 3607 3278 3661 26

2255 3697 2393 3751 4756
3207 3697 3279 3750 25

2250 3789 2392 3842 5056
3206 3789 3277 3842 24

2252 3879 2394 3931 5356
3205 3877 3277 3930 23

2252 3968 2396 4022 5956
3203 3967 3276 4021 22

2254 4057 2397 4109 5956
3206 4055 3269 4108 21

2255 4147 2398 4200 6256
3209 4146 3281 4199 20

2257 4236 2400 4288 6556
3218 4236 3284 4288 19

2259 4324 2403 4378 6856
3221 4325 3286 4377 18

2013 4503 2146 4542 vero
2195 4487 2426 4556 quando
2481 4485 2747 4541 Christus
2808 4489 2993 4540 morte
3039 4502 3144 4542 sua
3184 4490 3429 4542 mortem
3469 4485 3654 4558 ipsam

2017 4576 2295 4640 enecavit,
2355 4575 2448 4630 die
2492 4575 2683 4630 Martii
2741 4577 3024 4646 vergentis
3059 4575 3151 4644 23,
3183 4577 3249 4631 ad
3274 4579 3502 4631 noctem
3537 4593 3658 4632 me-

241 4685 411 4720 νατον
501 4663 780 4728 ἐθανάτου,
830 4662 1018 4735 τρίτην
1094 4662 1183 4715 καὶ
1258 4661 1504 4728 εἰκοστὴν
1589 4657 1892 4719 διανύοντος

2007 4666 2203 4723 diam:
2255 4663 2388 4718 dein
2443 4665 2678 4734 quando
2735 4663 2885 4719 hanc
2945 4665 3207 4720 tabulam
3268 4663 3462 4720 Patres
3509 4681 3655 4719 con—

238 4756 433 4820 αὐτοῦ,
468 4753 594 4824 περὶ
629 4752 795 4823 μέσην
830 4750 1036 4820 ἐκείνην
1060 4752 1161 4817 τήν
1194 4749 1363 4804 νύκτα
1387 4769 1400 4781 ⁸
1437 4750 1524 4803 ὅτε
1575 4747 1632 4803 δὲ
1688 4747 1749 4802 τὸ
1789 4751 1895 4801 τῶν

245 4844 509 4916 Πατέρων
593 4842 746 4895 τουτὶ
827 4840 1072 4894 κανόνιον
1155 4839 1409 4915 ἐγεγόνει,
1462 4842 1530 4911 τῇ
1599 4841 1644 4892 α’
1699 4837 1898 4892 τούτου

239 4935 331 4988 καὶ
376 4936 427 4985 κ’
480 4931 548 4985 τὰ
591 4937 693 4999 τῆς
739 4929 1028 5002 ἰσημερίας
1079 4928 1331 4998 ἀπήνταο
1373 4932 1464 4980 νῦν
1525 4925 1571 4980 δ’
1601 4925 1682 5004 ἐφ’
1712 4929 1895 4998 ἡμῶν,

241 5023 319 5084 ῶς
372 5017 709 5089 δεδήλωται,
742 5019 777 5086 ἡ
816 5022 888 5085 ιη’
939 5017 1138 5085 ταύτην
1191 5016 1508 5090 ὁλοσχερῶς
1538 5017 1637 5090 ὁρᾷ
1668 5014 1898 5088 γινομέ-

243 5132 363 5180 νην.
399 5107 673 5177 Τοιαύτη-ι
724 5103 1044 5178 ἀνωμαλίαν
1093 5108 1127 5172 ἡ
1183 5104 1268 5158 ἐπὶ
1322 5108 1389 5177 τῇ
1439 5108 1545 5157 τῶν
1593 5106 1896 5179 φωστήρων

245 5203 456 5268 κινήσει
517 5198 844 5273 βραχυτάτη
907 5192 1154 5266 ἔλλειψις
1211 5197 1348 5248 κατὰ
1382 5193 1573 5266 μικρὸν
1606 5213 1895 5266 προσγινο-

248 5289 380 5359 μένη
442 5287 692 5355 ἀπέτεκε,
744 5285 835 5339 καὶ
892 5283 960 5338 τᾶ
1017 5289 1168 5358 φῶτα
1219 5283 1600 5356 ὀπισθόρμητα
1658 5282 1894 5354 γίνεσθαι

244 5377 657 5451 παρεσκεύασεν.
709 5379 792 5434 Οὐ
859 5375 968 5446 μὴν
1021 5373 1169 5446 παρά
1214 5377 1375 5426 τοῦτο
1433 5375 1743 5443 μεταποιεῖν
1802 5371 1892 5424 τὸν

243 5471 350 5521 τῶν
407 5467 657 5540 Πατὲρων
714 5464 987 5538 προσήκει
1037 5461 1270 5515 κανόνα·
1323 5457 1446 5514 οὔτε
1502 5460 1601 5534 γὰρ
1655 5460 1770 5513 οἷόν
1838 5479 1895 5513 τε

246 5560 508 5614 συνθεῖναι
561 5557 780 5630 ἕτερον,
815 5553 964 5608 οὕτω
1025 5554 1207 5625 σαφῶς
1260 5549 1540 5605 δεικνύντα
1586 5553 1702 5610 τοῖς
1764 5554 1892 5602 πᾶσι

250 5648 368 5709 τοὺς
413 5646 741 5723 εἰρημένους
802 5643 930 5718 περί
987 5640 1050 5696 τὸ
1111 5640 1300 5713 Πάσχα
1353 5639 1690 5714 διορισμούς.
1716 5637 1897 5694 Ἀλλὰ

244 5738 333 5795 καί
396 5739 452 5815 ἣν
523 5738 929 5814 ἐθελήσαιμεν,
997 5728 1073 5794 ὥς
1139 5749 1306 5799 τινες,
1358 5731 1686 5807 μεταθεῖναι,
1745 5723 1894 5782 δυσὶν

2007 4760 2363 4817 struxerunt,
2424 4750 2614 4805 Martii
2670 4752 2733 4806 21
2785 4753 2878 4807 die
2933 4753 3135 4808 aderat
3181 4757 3542 4807 momentum
3578 4769 3654 4807 te-

2007 4841 2375 4911 quinoctiale.
2463 4841 2626 4896 Nunc
2682 4848 2876 4897 autem
2952 4844 3104 4912 apud
3165 4859 3290 4910 nos,
3352 4848 3416 4898 ut
3475 4859 3652 4914 supra

2008 4937 2394 4986 monstratum
2452 4937 2560 4999 est,
2620 4931 2744 4986 dies
2786 4932 2848 4985 18
2904 4932 3082 4986 istius
3142 4935 3366 4987 mensis
3396 4933 3653 5001 aequino-

2005 5021 2185 5074 ctium
2209 5019 2478 5074 crassiori
2513 5020 2684 5074 modo
2704 5025 2944 5091 captum
2976 5022 3152 5076 videt.
3188 5020 3482 5089 Ejusmodi
3510 5037 3649 5075 ano-

2007 5108 2236 5163 maliam
2279 5107 2365 5162 vel
2393 5109 2672 5162 minimus
2704 5110 2858 5163 circa
2891 5115 3112 5163 motum
3140 5107 3517 5164 luminarium
3548 5110 3649 5165 de-

2005 5197 2211 5263 fectus,
2250 5196 2513 5268 quamvis
2544 5213 2658 5251 non
2705 5198 2804 5251 diu
2836 5198 2912 5251 sit
2942 5198 3096 5267 quod
3129 5199 3454 5268 contigerit,
3488 5214 3648 5254 crea-

2005 5285 2106 5354 vit,
2140 5287 2384 5354 fecitque
2442 5285 2754 5339 luminaria
2803 5293 2954 5340 retro
3011 5286 3230 5342 cedere.
3297 5285 3418 5342 Non
3452 5292 3646 5341 tamen

2003 5391 2130 5430 eam
2162 5375 2234 5430 ob
2266 5390 2502 5429 causam
2553 5390 2831 5429 canonem
2865 5372 3030 5428 illum
3071 5376 3304 5430 Patrum
3338 5376 3648 5430 immutare

2003 5469 2259 5534 Oportet:
2288 5478 2470 5534 neque
2499 5462 2654 5517 enim
2685 5461 2865 5516 alium
2907 5463 3151 5517 condere
3182 5463 3334 5532 licet,
3386 5463 3483 5534 qui
3526 5468 3644 5517 tam

2004 5553 2299 5607 evidenter
2331 5555 2744 5606 commonstret
2807 5551 2976 5604 etiam
3009 5551 3285 5606 omnibus
3318 5553 3504 5606 dictas
3537 5551 3642 5605 Pa-

2004 5643 2220 5696 schatis
2252 5641 2781 5696 determinationes.
2812 5640 3218 5696 Verumtamen
3244 5644 3350 5695 etsi
3377 5643 3641 5696 velimus»

2002 5732 2156 5806 quod
2190 5731 2406 5786 faciunt
2475 5728 2757 5796 nonnulli,
2791 5729 2947 5785 hunc
2977 5732 3303 5802 immutare,
3336 5737 3509 5803 atque
3537 5730 3644 5788 ini-
