4098 6332
461 421 577 499 los

1733 437 2110 500 MATTEEI
2153 425 2583 500 BLAS’I‘ARIS

3739 445 3854 509 ιοι

456 579 603 634 tium
637 579 936 632 sumentes
993 574 1065 629 ab
1096 590 1246 629 anno
1295 574 1457 641 6841,
1508 573 1631 630 dies
1660 574 1806 632 adeo
1836 576 1980 631 duos
2009 577 2082 630 de-

2218 574 2380 628 αὐτὸν
2429 573 2660 646 ἡμέραις
2736 570 3191 645 ὑποϐιϐάσαντες,
3258 577 3548 652 ἀρξάμενοι
3599 577 3856 650 δηλονότι

457 681 647 721 mere:
693 669 1078 736 praeterquam
1111 663 1263 733 quod
1319 679 1387 717 ne
1418 664 1509 718 vix
1539 663 1813 734 possibile
1859 673 1944 720 est
1988 681 2109 720 om-

454 754 630 810 nibus
660 769 762 825 per
801 757 982 806 totum
1035 755 1318 806 terrarum
1353 753 1549 806 orbem
1585 768 1777 808 rerum
1810 768 2104 808 sacrarum

457 841 922 898 moderatoribus
982 841 1329 908 persuadere
1375 844 1440 894 ut
1506 841 1847 896 methodum
1896 858 2102 896 novam

452 932 776 994 addiscant,
809 929 990 984 altera
1021 929 1250 997 rejecta,
1269 929 1444 982 etiam
1478 929 1571 983 hic
1605 936 1733 1000 post
1763 946 1950 985 annos
1972 931 2102 999 304,

452 1035 770 1090 rursusque
809 1024 941 1089 post
973 1017 1116 1071 alios
1146 1017 1272 1082 304,
1305 1023 1480 1088 atque
1514 1034 1684 1088 porro
1717 1020 1772 1072 in
1805 1019 2101 1074 inﬁnitum

450 1111 602 1163 idem
638 1125 799 1163 error
830 1113 1126 1178 sequetur,
1179 1113 1354 1177 atque
1385 1122 1530 1178 opus
1570 1109 1681 1162 erit
1713 1109 1971 1163 tabulam
2003 1125 2105 1161 eaa-

447 1199 576 1267 pius
606 1197 938 1251 immutare.
997 1197 1364 1266 Quapropter
1400 1196 1582 1250 mullo
1643 1196 1846 1251 melius
1903 1197 2101 1265 fuerit,

445 1285 774 1340 nullatenus
795 1285 1111 1339 innovare:
1139 1300 1274 1338 nam
1300 1284 1632 1338 istiusmodi
1656 1285 1952 1341 innovatio
1983 1302 2099 1341 non

443 1373 626 1429 solum
675 1389 788 1427 non
839 1377 1029 1444 potest
1086 1373 1354 1427 eumdem
1387 1387 1639 1426 errorem
1687 1375 1965 1437 devitare,
1997 1376 2098 1428 sed

444 1472 501 1518 et
534 1464 836 1518 turbarum
897 1477 1009 1515 non
1071 1462 1452 1516 minimarum
1514 1461 1572 1516 in
1630 1461 1880 1518 Ecclesia
1923 1479 2100 1519 causa

441 1553 572 1608 erit.
634 1551 706 1606 Ut
764 1567 897 1605 vero
956 1566 1139 1604 canon
1176 1549 1271 1604 ille
1305 1565 1460 1604 nunc
1519 1566 1580 1605 se
1631 1550 1826 1615 habet,
1876 1567 1945 1605 ea
1975 1568 2098 1620 qua:

442 1643 731 1712 praecipue
760 1640 914 1694 circa
947 1641 1165 1694 Pascha
1197 1639 1457 1694 oblinere
1486 1645 1728 1708 oportet,
1759 1640 1817 1694 in
1852 1641 1950 1694 illo
2000 1643 2098 1695 tir-

443 1732 614 1784 miter
667 1729 1071 1793 observantur,
1148 1729 1373 1782 scilicet
1432 1729 1587 1798 quod
1646 1734 1778 1800 post
1832 1729 2095 1800 equino-

441 1820 642 1885 ctinm,
700 1819 816 1872 imo
869 1817 1044 1871 etiam
1109 1825 1236 1886 post
1293 1818 1492 1876 lunam
1555 1817 1970 1888 aequinoctium
2002 1833 2092 1872 se-

441 1913 743 1978 quentem,
787 1907 914 1961 festi
947 1909 1118 1960 istius
1167 1905 1452 1961 solemnia
1502 1907 1573 1960 ab
1607 1907 1884 1962 omnibus
1920 1914 1978 1962 et
2005 1925 2097 1964 eo-

440 1997 570 2053 dem
602 2003 862 2066 tempore
892 1995 1212 2065 eodemque
1250 1996 1344 2049 die
1372 1995 1499 2050 sine
1530 1994 1780 2050 dissidio
1815 2011 2096 2067 peragan-

442 2091 559 2140 tur.
597 2085 895 2151 Praeterea,
929 2084 976 2137 si
1002 2088 1157 2137 recte
1193 2084 1380 2152 quoad
1412 2083 1612 2138 omnia
1643 2098 1704 2140 se
1737 2083 1975 2138 haberet
2004 2099 2098 2156 pe-

442 2174 699 2229 riodicus
729 2173 829 2227 ille
859 2187 1068 2238 canon,
1091 2186 1486 2240 saepenumero
1517 2177 1712 2228 tamen
1737 2173 2098 2240 contingeret

447 2261 668 2316 Pascha
725 2277 756 2316 a
813 2259 982 2315 nobis
1013 2259 1288 2331 postridie
1346 2259 1474 2314 festi
1521 2259 1861 2315 Judaaorum
1890 2261 2094 2317 obser-

439 2352 577 2405 vari.
611 2351 776 2406 Nunc
835 2353 1030 2404 autem
1084 2353 1214 2418 post
1240 2353 1360 2403 tres
1390 2349 1515 2403 dies
1555 2349 1626 2403 ad
1677 2349 1986 2405 minimum
2021 2351 2090 2405 ab

438 2441 700 2512 ipsorum
761 2439 902 2494 festo
961 2441 1230 2492 nostrum
1299 2436 1643 2492 celebratur.
1705 2438 1870 2503 Quod
1917 2439 2089 2495 etiam

439 2531 629 2599 magis
651 2527 918 2582 convenit
971 2527 1180 2581 canoni
1229 2525 1568 2596 apostolico,
1609 2526 1711 2598 qui
1743 2527 1952 2582 statuit
1981 2529 2088 2583 Pa-

438 2617 581 2673 scha
608 2617 806 2671 eodem
837 2619 1094 2686 tempore
1116 2629 1245 2669 cum
1276 2614 1495 2670 Judaais
1523 2615 1765 2670 minime
1795 2614 2091 2672 celebran-

437 2710 577 2762 dum
606 2722 770 2772 esse;
833 2711 890 2760 et
919 2721 1060 2760 sane
1115 2721 1278 2760 error
1308 2705 1417 2758 iste
1447 2704 1596 2760 circa
1631 2707 1874 2774 Pascha,
1921 2708 2088 2777 quasi

438 2815 504 2853 ex
535 2798 821 2864 consulto,
861 2797 1002 2851 facit
1033 2801 1096 2849 ut
1126 2801 1479 2867 praeceptum
1503 2795 1645 2850 illud
1671 2799 1858 2865 magis
1890 2797 2084 2852 obser-

435 2893 618 2943 vetur.
649 2887 780 2943 Jam
823 2901 955 2941 vero
1011 2889 1404 2956 opportunum
1437 2900 1563 2940 esse
1596 2901 1724 2940 reor
1753 2886 2085 2942 sanctiones

434 2979 606 3033 etiam
649 2976 1011 3032 necessarias
1051 2989 1530 3030 commemorare.

503 3065 732 3120 Primus
791 3065 988 3135 itaque
1035 3062 1263 3117 concilii
1312 3062 1655 3118 Antiocheni
1697 3079 1905 3130 canon,
1967 3063 2083 3118 Hoc

432 3154 668 3219 decreti,
702 3153 802 3220 ait,
847 3151 1103 3224 synodus
1158 3151 1387 3206 Nicena
1441 3151 1644 3220 edidit,
1704 3151 2080 3207 Constantino

435 3244 694 3314 piissimo
725 3242 1076 3312 imperatore
1134 3245 1434 3312 prasente,
1492 3257 1563 3295 ne
1603 3239 1913 3296 Christiani
1966 3259 2079 3296 una

2216 663 2320 718 ἀπὸ
2349 667 2446 718 τοῦ
2475 664 2661 734 ,ςωμα’
2691 660 2867 734 ἔτους,
2907 666 3044 736 πρὸς
3091 670 3168 736 τῷ
3213 665 3353 738 μηδὲ
3397 667 3598 730 πάντας
3636 666 3858 724 δυνατὸν

2217 753 2346 806 εἶναι
2396 753 2521 812 τοὺς
2576 751 2675 805 ἀνὰ
2738 757 2910 806 πᾶσαν
2956 755 3055 822 τὴν
3103 754 3429 829 οἰκουμένην
3479 758 3547 812 τὰ
3597 764 3856 832 Χριστια-

2214 845 2320 894 νῶν
2380 836 2775 914 πρεσϐεύοντας
2849 847 3056 901 πεῖσαι,
3122 846 3446 916 μεταμαθεῖν
3535 845 3719 915 αὐτὸν,
3776 843 3861 900 ἵτι

2214 931 2301 983 καὶ
2367 931 2500 1002 μετὰ
2554 926 2632 983 τδ¹
2690 929 2856 984 πάλιν
2907 923 3024 1000 ἔτη,
3082 931 3173 986 καὶ
3231 931 3386 993 αὖθις
3441 936 3573 1004 μετά
3601 938 3864 1000 τοσαῦτα,

2212 1020 2301 1072 καὶ
2334 1019 2414 1073 ἀεὶ
2463 1019 2637 1079 οὕτως
2682 1021 2716 1087 ἡ
2767 1019 2903 1086 αύτή
2954 1019 3426 1093 παρακολουθήσει
3475 1021 3734 1096 ἁμαρτία,
3765 1024 3862 1077 καὶ

2214 1107 2394 1178 δεήσει
2425 1108 2697 1169 πολλάκις
2738 1113 2931 1164 τοῦτον
2985 1116 3320 1181 μεταποιεῖν,
3343 1109 3481 1165 ὥστε
3524 1111 3740 1186 βέλτιον
3775 1114 3860 1186 μή

2209 1204 2574 1269 καινοτομεῖν.
2634 1203 2697 1253 Ἢ
2753 1199 2856 1271 γὰρ
2914 1197 3138 1266 τοιαύτη
3198 1200 3520 1272 καινοτομία
3577 1201 3640 1254 ού
3686 1202 3860 1272 μόνον

2211 1287 2272 1339 οὐ
2316 1286 2601 1355 δυνήσεται
2669 1288 2743 1358 μὴ
2793 1289 2862 1359 τῇ
2914 1286 3048 1359 αύτῇ
3094 1286 3259 1341 πάλιν
3307 1293 3615 1361 περιπεσεῖν
3674 1290 3860 1361 ἀμαρ-

2205 1375 2316 1445 τίᾳ,
2369 1374 2518 1430 ἄλλα
2576 1375 2666 1429 καὶ
2729 1375 2968 1437 στάσεως
3023 1374 3087 1429 οὐ
3152 1376 3377 1449 μετρίας
3433 1380 3500 1447 τῇ
3555 1377 3865 1447 Ἐκκλησίᾳ

2206 1465 2488 1534 γενήσεται
2542 1464 2816 1538 πρόξενος.
2852 1469 2963 1522 Νῦν
2998 1462 3054 1518 δὲ
3095 1465 3186 1520 καὶ
3247 1466 3422 1528 οὕτως
3481 1465 3706 1540 ἔχοντος
3757 1473 3862 1520 τοῦ

2205 1554 2451 1623 κανόνος,
2509 1553 2576 1606 τὰ
2633 1555 2962 1626 καιριώτερα
3014 1558 3125 1606 τῶν
3179 1552 3552 1629 ὀφειλομένων
3615 1556 3735 1627 περὶ
3791 1557 3860 1607 τὸ

2207 1641 2398 1714 Πάσχα
2467 1643 2776 1711 τηρεῖσθαι,
2831 1639 2903 1695 δι’
2984 1640 3148 1695 αὐτοῦ
3236 1638 3470 1715 βεϐαίως
3537 1648 3859 1716 τηροῦνται,

2205 1730 2267 1783 τὸ
2303 1732 2417 1801 μετ’
2451 1731 2738 1804 ἰσημερίαν
2773 1729 3055 1798 δηλονότι,
3087 1732 3174 1784 καὶ
3209 1733 3272 1784 τὸ
3325 1737 3460 1803 μετὰ
3506 1733 3607 1800 τήν
3657 1731 3858 1785 πανσέ-

2207 1818 2394 1886 ληνον,
2451 1821 2549 1887 τὴν
2610 1821 2725 1890 μετ’
2785 1819 3098 1891 ἰσημερίαν,
3170 1823 3234 1872 τὰ
3305 1819 3402 1883 τῆς
3478 1820 3671 1891 ἑορτῆς
3747 1819 3857 1872 ὑπὸ

2204 1911 2440 1976 πάντων,
2467 1909 2556 1962 καὶ
2585 1907 2637 1962 ἐν
2677 1913 2756 1979 τῷ
2806 1908 2955 1978 αύτῷ
2999 1909 3210 1986 χρόνῳ,
3239 1909 3329 1962 καὶ
3375 1912 3444 1981 τῇ
3495 1909 3628 1981 αὐτῇ
3669 1909 3857 1981 ἡμέρᾳ

2202 1998 2476 2053 τελεῖσθαι
2509 1999 2900 2060 ἀστασιάστως.
2929 2000 3049 2053 ’Έτι
3083 1996 3140 2053 δὲ
3182 1999 3230 2052 εἰ
3280 1999 3455 2073 ὀρθῶς
3485 1999 3632 2072 εἶχεν
3666 2000 3692 2051 ὁ
3753 2019 3852 2052 πε-

2207 2085 2442 2160 ριοδικὸς
2503 2086 2660 2148 οὗτος
2717 2092 2853 2141 κατὰ
2908 2087 3080 2142 πάντα
3154 2088 3349 2154 κανὼν,
3424 2087 3696 2147 πολλάκις
3783 2085 3848 2140 ἂν

2206 2171 2499 2242 συνέϐαινε,
2530 2178 2630 2244 τῆν
2663 2178 2783 2244 ἑξῆς
2827 2177 2981 2237 εὐθὺς
3028 2177 3236 2251 ἡμέραν
3293 2180 3392 2241 τῆς
3452 2176 3665 2231 ὶκεὶνων
3725 2175 3849 2249 ἑορ-

2201 2271 2300 2333 τῆς
2357 2267 2490 2337 ἡμῖν
2549 2266 2612 2318 τὸ
2659 2266 2850 2338 Πάσχα
2897 2265 3168 2319 τελεῖσθαι
3199 2283 3214 2297 ⁶
3259 2263 3347 2319 νῦν
3399 2262 3454 2319 δὲ
3524 2264 3658 2336 μετὰ
3698 2269 3850 2337 τρεῖς

2199 2353 2562 2427 τούλάχιστον
2597 2354 2804 2426 ἡμέρας
2835 2361 2934 2422 τῆς
2995 2353 3216 2410 ἐκείνων
3265 2354 3459 2428 top-:1];
3515 2355 3551 2421 ἡ
3599 2354 3846 2428 ἡμετέρα

2200 2441 2460 2498 τελεῖται.
2520 2443 2686 2516 Ὀπερ
2744 2437 2822 2496 ἔτι
2882 2440 3094 2514 μᾶλλον
3148 2447 3228 2513 τῷ
3276 2440 3626 2511 ἀποστολικῷ
3656 2443 3844 2495 κανόνι

2200 2527 2504 2604 συμϐαίνει,
2561 2536 2640 2603 τῷ
2695 2530 3058 2604 διοριζομένῳ
3121 2534 3196 2603 μὴ
3258 2529 3368 2586 δεῖν
3421 2531 3475 2586 ἐν
3542 2536 3620 2603 τῷ
3693 2531 3846 2602 αὐτῷ

2198 2623 2386 2694 χρόνῳ
2425 2626 2542 2682 τοῖς
2594 2618 2878 2682 Ἰουδαίοις
2916 2623 2978 2674 τὸ
3032 2621 3218 2694 Πάσχα
3257 2619 3432 2675 τελεῖν
3463 2639 3475 2651 ⁸
3511 2622 3599 2673 καὶ
3630 2622 3664 2688 ἢ
3698 2641 3844 2692 συμ-

2197 2704 2465 2776 ϐεϐηκυῖα
2520 2707 2642 2781 περὶ
2709 2709 2771 2761 τὸ
2833 2710 3027 2784 Πάσχα
3083 2705 3381 2781 διαμαρτία
3430 2707 3610 2780 ὥσπερ
3659 2707 3842 2775 ἐξεπί-

2196 2793 2353 2864 τηδες
2385 2801 2530 2850 ποιεῖ
2557 2798 2648 2850 τὸν
2679 2799 2928 2850 τοιοῦτον
2961 2795 3222 2851 ἐπιπλέον
3252 2799 3420 2868 νόμον
3454 2796 3842 2870 φυλάττεσθαι,

2195 2883 2356 2938 Ἀλλ’
2413 2883 2511 2938 οὐκ
2570 2885 2790 2958 ἄκαιρον
2843 2885 2997 2957 οἶμαι
3063 2886 3152 2938 καὶ
3212 2890 3319 2940 τῶι
3383 2885 3673 2959 ἐπικαίρων
3730 2884 3838 2955 ἤδη

2197 2974 2500 3044 μνησθῆναι
2533 2978 2824 3047 χρησμῶν.

2261 3065 2323 3118 Ὁ
2369 3066 2416 3114 α’
2473 3068 2574 3130 τῆς
2621 3061 2671 3114 έν
2731 3063 3042 3136 Ἀντιοχείᾳ
3103 3059 3331 3116 συνόδου
3400 3063 3597 3132 κανὼν,
3654 3066 3836 3136 Ὀρον,

2191 3150 2370 3218 σησὶν,
2424 3150 2736 3224 ἐξενήνοχεν
2795 3151 2830 3218 ἡ
2891 3149 2941 3204 ἓν
2991 3150 3190 3221 Νικαίᾳ
3237 3151 3430 3224 πρώτη
3465 3149 3709 3218 σύνοδος,
3745 3151 3839 3204 ὑπ’

2189 3238 2307 3313 ἔψιν
2362 3243 2458 3293 τοῦ
2504 3236 2756 3300 εὐσεϐοῦς
2813 3239 3084 3312 βασιλέως
3134 3241 3555 3310 Κωνσταντίνου,
3605 3242 3703 3307 τὴν
3735 3245 3836 3294 τοῦ

429 3300 556 3386 cum
588 3300 998 3386 Judaaissacra
1031 3300 1324 3384 Paschatis
1353 3300 1640 3384 solemnia
1691 3329 2075 3398 celebrarent,

2196 3330 2354 3402 ἁγίου
2389 3329 2578 3403 Πάσχα
2607 3327 2830 3395 τελετὴν
2867 3330 2944 3399 μὴ
2976 3329 3187 3400 σύναμα
3224 3335 3342 3389 τοῖς
3380 3327 3663 3389 Ἰουδαίοις
3703 3331 3835 3389 τοὺς

429 3419 529 3473 sed
563 3421 755 3491 potius
789 3419 870 3473 uti
931 3418 1154 3487 legibus
1183 3434 1248 3471 ac
1304 3418 1614 3481 sententia,
1647 3417 1732 3473 ita
1760 3427 1817 3472 et
1845 3420 2080 3474 dierum

427 3508 764 3564 discrimine
786 3508 859 3562 ab
889 3507 1018 3560 istis
1047 3507 1562 3578 distinguerentur.
1619 3506 1870 3562 Clericos
1941 3524 2077 3562 vero

424 3597 527 3668 qui
559 3597 956 3652 deﬁnitionem
1000 3594 1160 3649 illam
1222 3595 1438 3650 violare
1467 3595 1592 3650 ausi
1627 3595 1863 3660 fuerint,
1907 3602 2079 3667 atque

424 3687 504 3740 ita
534 3685 810 3757 populum
836 3685 1040 3739 docere
1080 3687 1575 3755 prissumpseriut,
1608 3685 1928 3740 sacerdotis
1949 3687 2077 3755 jac-

425 3781 593 3831 ctura
613 3776 859 3830 multat:
892 3780 1016 3829 tum
1040 3775 1213 3829 etiam
1249 3775 1346 3844 qui
1379 3791 1510 3829 cum
1567 3775 1724 3830 hisce
1752 3777 2074 3830 communi-

423 3867 699 3933 oaverint,
759 3870 886 3936 post
936 3865 1357 3934 depositionem
1401 3865 1617 3920 honore
1647 3865 1747 3935 qui
1779 3871 1939 3920 extra
1965 3883 2067 3920 sa-

423 3973 582 4012 crum
624 3954 878 4010 tribunal
939 3954 1012 4008 ad
1062 3956 1218 4025 ipsos
1286 3956 1555 4024 pertinet,
1613 3957 1888 4009 cathedra
1929 3961 2070 4026 puta

421 4044 666 4114 aliisque
691 4041 1022 4112 privilegiis,
1048 4043 1225 4095 exuit.
1256 4041 1402 4095 Nam
1437 4042 1536 4111 qui
1563 4041 1634 4095 ob
1656 4040 1929 4096 delictum
1953 4059 2069 4097 non

421 4148 712 4202 praegrave
744 4129 1066 4186 sacerdotio
1097 4146 1203 4184 suo
1255 4130 1552 4195 excidunt,
1585 4145 1699 4184 non
1731 4131 1929 4184 statim
1973 4132 2070 4187 ho-

420 4235 556 4276 nore
586 4220 683 4276 illo
711 4221 863 4275 circa
892 4223 1129 4274 externa
1162 4220 1483 4291 privantur.

487 4394 684 4450 Canon
697 4399 890 4449 autem
917 4397 984 4448 66
1007 4395 1204 4466 synodi
1231 4398 1450 4449 sextam
1491 4393 1583 4449 die
1602 4393 2060 4450 Resurrectionis

419 4485 690 4555 usquead
727 4483 1084 4538 Dominicem
1109 4488 1445 4552 sequentem
1483 4481 1721 4552 psalmis
1751 4492 1802 4538 et
1836 4485 2065 4554 hymnis

413 4580 469 4626 et
499 4573 743 4627 canticis
769 4570 1177 4641 spiritualibus
1205 4587 1407 4627 vacare
1439 4570 1638 4626 fideles
1678 4573 1974 4638 admonet,
2005 4579 2063 4627 et

417 4661 841 4733 hippodromiis
902 4661 1369 4732 spectaculisque
1419 4659 1668 4731 publicis
1699 4663 2059 4731 pretermis-
2097 4681 2138 4744 υ
2166 4662 2388 4724 πιστούς
2447 4682 2460 4696 ο

413 4751 512 4814 sis,
535 4750 594 4806 in
642 4749 824 4805 sacris
872 4748 1232 4818 frequentius
1266 4749 1504 4813 versari,
1563 4766 1676 4820 qua
1723 4750 1795 4804 de
1820 4765 1999 4805 causa
2027 4767 2062 4805 ο

412 4840 688 4894 servitute
720 4838 934 4893 diaboli
966 4837 1190 4892 liberati
1224 4854 1450 4893 sumus.
1494 4837 1708 4893 Verum
1739 4839 1895 4894 enim
1928 4854 2060 4894 vero

410 4929 799 4983 Christianum
857 4932 1083 4997 oportet
1139 4943 1435 4998 nunquam
1469 4943 1584 4982 non
1630 4933 1896 4998 paratum
1932 4944 2060 4983 esse

412 5019 480 5071 ad
514 5016 886 5086 suscipienda
937 5033 1100 5072 sacra
1136 5017 1445 5085 mysteria:
1481 5017 1560 5072 ita
1590 5017 1824 5089 quidem
1848 5018 1964 5084 ﬁet,
1996 5028 2059 5073 ut

412 5124 524 5161 una
554 5123 685 5162 cum
715 5106 948 5161 Christo
981 5121 1368 5177 resurgamus,
1391 5112 1564 5177 atque
1597 5107 1672 5163 de
1726 5107 1843 5161 vita
1864 5108 1962 5162 vili
2002 5113 2058 5162 et

409 5203 636 5249 terrena
674 5195 744 5248 ad
782 5194 1293 5250 ultramundauam
1344 5206 1398 5251 et
1433 5195 1797 5267 spiritualem
1827 5211 2056 5252 conver-

411 5283 693 5339 sationem
726 5283 981 5339 attollam
991 5299 1077 5339 ur.

479 5507 624 5562 Vide
662 5507 834 5562 etiam
891 5509 944 5563 in
988 5524 1114 5577 cap.
1151 5508 1174 5561 1
1211 5497 1417 5564 litterae
1447 5515 1484 5561 Θ
1518 5525 1790 5565 canonem
1822 5510 1882 5564 6|
1910 5525 2050 5568 con-

405 5599 522 5655 cilii
555 5595 1050 5668 Carthagiuensis.

478 5732 631 5792 2l8
693 5732 886 5789 Canon
937 5735 1127 5788 autem
1183 5733 1252 5788 89
1293 5735 1497 5809 synodi
1556 5739 1730 5792 sexta:
1775 5735 2046 5794 ﬁdelibus

2193 3419 2538 3488 Χριστιανοὺς
2600 3416 2768 3492 ἄγειν,
2823 3417 2952 3470 ἀλλ’
2995 3416 3178 3491 ὥσπερ
3225 3424 3343 3482 τοῖς
3391 3421 3585 3491 νόμοις
3631 3419 3834 3490 καὶτῷ

2188 3509 2522 3582 φρονήματι,
2580 3507 2726 3559 οὕτω
2767 3507 2876 3594 καὶ,
2912 3511 2990 3593 τῶ
3043 3505 3427 3594 διαλλάττοντι
3473 3513 3581 3560 τῶν
3610 3506 3833 3580 ἡμερῶν

2183 3597 2388 3650 τούτων
2418 3583 3255 3656 ἀποδιίστασθαι.’Τόὺξδῖτὸν
3301 3599 3427 3672 ὅρον
3471 3597 3670 3650 ἐκεῖνον
3726 3618 3828 3650 πα-

2184 3686 2402 3761 ραλύειν
2462 3683 2781 3766 τολμῶντας
2830 3684 3153 3756 κληρικοὺς,
3215 3688 3302 3740 καὶ
3363 3685 3504 3740 οὕτω
3548 3688 3640 3740 τὸν
3693 3687 3824 3739 λαον

2179 3775 2550 3849 πειρωμένους
2639 3771 2928 3854 δίδάσκειν,
2996 3778 3065 3848 τῇ
3142 3774 3416 3850 ἀφαιρέσει
3479 3779 3671 3844 ζημιοῖ
3723 3781 3824 3841 τῆς

2180 3863 2515 3938 ἱερωσύνης·
2576 3863 2710 3935 πρὸς
2768 3859 2844 3931 δὲ,
2896 3855 2986 3916 καὶ
3042 3855 3169 3924 τοὺς
3226 3855 3548 3935 τολμῶντας
3604 3862 3822 3922 τούτοις

2182 3953 2314 4022 μετὰ
2379 3953 2476 4019 τὴν
2537 3953 2844 4024 καθαίρεσιν
2903 3955 3211 4021 κοινωνεῖν,
3258 3951 3318 4005 ού
3372 3952 3480 4024 μὴν
3539 3949 3684 4005 ἀλλὰ
3731 3951 3816 4003 καί

2174 4049 2274 4109 τῆς
2336 4039 2435 4112 ἔξω
2465 4045 2560 4094 τοῦ
2622 4043 2868 4114 βήματος
2900 4039 3324 4114 ἀλλοτριοῦσθαι
3373 4047 3560 4112 τιμῆς,
3620 4048 3716 4106 τῆς
3764 4039 3815 4092 ἐν

2172 4133 2240 4202 τῇ
2273 4126 2506 4203 καθέδρᾳ
2536 4126 2774 4198 δηλαδὴ,
2806 4128 2896 4181 καὶ
2936 4117 3034 4197 τῆς
3082 4127 3284 4198 ἄλλης.
3318 4130 3380 4183 Οἱ
3432 4130 3537 4203 γὰρ
3586 4127 3673 4182 διὰ
3727 4129 3820 4200 μέ-

2172 4241 2321 4294 τριον
2382 4224 2628 4291 πταῖσμα
2674 4224 2774 4287 τῆς
2821 4218 3126 4303 ἱερωσύνης
3169 4217 3516 4292 ἀφῃρημένοι
3565 4225 3662 4286 τῆς
3690 4217 3813 4291 περί

2171 4309 2238 4362 τὰ
2277 4303 2568 4379 ἔξωτιμῆς
2597 4307 2696 4360 ούκ
2738 4298 3042 4383 εἴριξονταιξ
3127 4299 3136 4308 ’
3218 4298 3228 4310 ’
3313 4305 3322 4310 ’
3373 4352 3376 4358 .
3539 4320 3545 4328 “

2241 4396 2299 4449 Ὀ
2329 4398 2402 4464 ξς¹
2432 4399 2532 4461 τῆς
2567 4397 2604 4455 ς’
2637 4392 2863 4449 συνόδου
2887 4387 2992 4468 ἀπο
3039 4389 3138 4462 τῆς
3189 4387 3554 4467 ἀνάστασίμω
3603 4393 3810 4467 ἡμέρας

2170 4482 2300 4557 ἄχρι
2348 4491 2446 4552 τῆς
2480 4491 2669 4552 καινῆς
2702 4489 2995 4555 Κυριακῆς,
3019 4481 3072 4536 ἐν
3105 4481 3351 4556 ψαλμοῖς
3381 4484 3470 4537 καὶ
3503 4483 3690 4556 ὒμνοις
3721 4484 3810 4537 καὶ

2169 4571 2336 4644 ᾠδαῖς
2402 4577 2815 4645 πνευματικαῖς,
2873 4571 3145 4644 ἑορτάζειν
3235 4570 3600 4626 διακελεύεται
3682 4574 3810 4633 τοὺς

2520 4662 2610 4716 καὶ
2667 4659 2937 4735 ἐρρῶσθαι
3004 4660 3309 4739 φράσαντας
3364 4667 3483 4722 ταῖς
3540 4661 3812 4734 ἱπποδρο-

2174 4751 2346 4824 μίαις,
2401 4753 2491 4806 καὶ
2538 4757 2658 4812 ταῖς
2717 4748 2998 4823 δημώδεσι
3056 4749 3222 4818 θέαις,
3253 4751 3452 4825 θαμινὰ
3492 4757 3608 4812 τοῖς
3639 4751 3808 4824 ἱεροῖς

2169 4840 2575 4917 ἐπιχωριάζειν,
2624 4841 2740 4894 ἀνθ’
2787 4841 2861 4894 ὧν
2930 4843 3028 4904 τῆς
3084 4843 3181 4894 τοῦ
3240 4835 3499 4895 διαϐόλου
3558 4836 3808 4902 δουλείας

2167 4930 2612 5004 ἠλευθερώμεθα.
2643 4929 2741 4984 Τὸν
2801 4929 2905 5004 γὰρ
2962 4929 3145 4998 ἀληθῆ
3207 4930 3532 5002 Χριστιανὸν
3580 4927 3803 5000 ἕτοιμον

2167 5019 2301 5074 εἶναι
2351 5017 2431 5073 δεῖ
2469 5016 2662 5094 σχεδὸν
2719 5017 2975 5072 ἑκάστοτε
3029 5019 3164 5091 πρὸς
3215 5019 3316 5087 τῆν
3360 5023 3466 5071 τῶν
3509 5019 3666 5072 θείων
3698 5040 3804 5090 μυ-

2167 5107 2402 5180 στηρίων
2444 5105 2725 5180 ὑποδοχήν
2758 5125 2769 5136 ·
2817 5105 2964 5160 οὕτω
3011 5107 3111 5179 γὰρ
3161 5104 3392 5179 ἐσόμεθα
3449 5107 3800 5160 συναναστάν-

2165 5217 2251 5258 τες
2302 5199 2548 5268 Χριστῷ,
2593 5199 2692 5264 τῆς
2733 5193 3094 5268 χαμαιζήλου
3142 5195 3233 5250 καὶ
3261 5193 3458 5268 γηΐνης
3491 5201 3661 5264 ζωῆς,
3710 5196 3796 5249 καί

2166 5285 2561 5358 συνυψωθέντες
2615 5285 2748 5357 πρὸς
2827 5283 3194 5359 ὑπερκόσμιον
3272 5283 3360 5339 καὶ
3428 5286 3799 5358 πνευματικὴν

2163 5378 2243 5445 τῷ
2274 5371 2390 5428 ὄντι
2415 5371 2710 5448 διαγωγήν.

2235 5509 2391 5578 Ζήτὲι
2421 5507 2507 5561 καὶ
2542 5506 2593 5560 ἐν
2625 5510 2703 5579 τῷ
2735 5508 2784 5560 α’
2813 5526 2931 5584 κεφ.
2963 5509 3059 5562 τοῦ
3085 5512 3124 5561 Θ
3155 5505 3434 5580 στοιχείου
3481 5505 3677 5561 κανόνα
3726 5506 3797 5577 Ea’

2159 5601 2259 5666 τῆς
2291 5594 2342 5650 ἐν
2386 5596 2690 5671 Καρθαγένῃ
2723 5592 2965 5650 συνόδου.

2226 5730 2288 5789 Ὁ
2337 5727 2394 5786 δὶ
2441 5731 2528 5787 πθ’
2572 5735 2672 5804 τῆς
2723 5731 2766 5798 ς’
2814 5725 3046 5786 συνόδου
3082 5729 3178 5792 τὰς
3223 5733 3320 5786 τοῦ
3370 5727 3642 5805 σωτηρίου
3688 5730 3796 5786 πά-
