4098 6332
218 378 325 439 105

1246 362 1669 441 SYNTAGMA
1734 359 2369 424 ALPHABETICUM'
2403 398 2477 407 —
2513 369 2582 422 ,Π

3504 365 3621 431 106

218 513 334 570 θους
383 508 595 581 ἡμέρας
658 506 715 561 ἐν
767 504 986 575 νηστείᾳ
1043 501 1364 576 εἰσηγεῖται,
1412 498 1500 588 καὶ
1549 495 1855 588 προσευχῇ,

1995 495 2270 574 praecipit,
2304 502 2368 553 ut
2394 496 2667 554 salutaris
2696 497 2991 555 Passionis
3019 500 3172 556 diem
3203 499 3261 556 in
3305 501 3530 572 jejunio
3557 507 3615 559 et

216 601 299 653 καὶ
381 597 663 665 κατα-δόξει
737 590 958 660 καρδίας
1030 589 1296 645 ἔπιτελεῖν
1400 586 1528 648 τοὺς
1602 586 1855 650 πιστούς·

226 688 397 762 μέσων
428 684 487 741 δὲ
531 689 744 740 νυκτῶν
777 683 911 757 μετᾶ
950 681 1012 736 τὸ
1054 673 1339 733 Σάϐϐατον
1388 675 1865 747 ἀπονηστίζεσθαι,

225 782 328 832 τῶν
377 775 536 832 θείων
588 771 988 849 εὒαγγελιστῶν
1043 768 1317 825 Ματθαίου
1371 767 1455 821 καῖ
1518 771 1722 835 Λουκᾶ,
1767 771 1865 823 τοῦ

228 868 345 939 μὲν,
378 863 470 920 διὰ
494 869 593 921 τοῦ
625 864 726 937 ὀψὶ
776 856 1061 916 Σαϐϐἀτου
1092 859 1360 932 ῥήματος,
1388 860 1485 910 τοῦ
1534 852 1612 923 δὲ,
1645 852 1733 910 διὰ
1769 859 1867 911 τοῦ

228 955 419 1031 βαθέος
480 950 700 1029 ὄρθρου,
759 953 859 1020 τήν
934 946 1244 1024 βραδυτῆτα
1299 945 1434 1017 ἡμῖν
1499 951 1601 1014 τῆς
1677 946 1867 1031 νυκτὸς

227 1029 677 1120 ὗπογραφόντων.
739 1039 918 1114 Μέχρι
979 1038 1072 1109 μὲν
1128 1037 1233 1111 γὰρ
1283 1036 1382 1102 τῆς
1436 1037 1534 1089 τοῦ
1584 1029 1867 1089 Σαϐϐἀτου

218 1140 538 1206 νυκτερινῆς
589 1133 635 1196 ς’
691 1128 858 1204 ὥρας,
908 1128 1063 1201 θέμις
1116 1124 1392 1196 νηστεύειν
1427 1144 1441 1156 ·
1505 1123 1637 1193 μετᾶ
1694 1121 1751 1179 δὲ
1804 1143 1867 1197 γε

212 1225 309 1292 τὴν
358 1228 401 1292 ζ’
439 1222 541 1277 οὐκ
586 1216 665 1275 ἔτι
694 1238 709 1253 ·
760 1219 851 1274 ἅτε
897 1217 987 1272 καὶ
1031 1218 1130 1271 τοῦ
1187 1211 1385 1289 Κυρίου
1433 1210 1724 1286 ἔγηγὲρθαι
1771 1232 1867 1266 πι-

217 1312 547 1386 στευομένου
581 1314 662 1381 τῷ
707 1308 853 1375 τότε,
887 1306 974 1360 καὶ
1027 1305 1103 1378 μὴ
1134 1300 1409 1373 νηστεύειν
1452 1300 1549 1362 τὰς
1594 1300 1864 1374 κυριωνύ-

221 1423 344 1475 μους
373 1397 869 1476 προστεταγμένον.

278 1547 509 1605 Τούτοις
541 1540 783 1614 συνᾴδων
814 1539 904 1596 καὶ
936 1540 964 1594 6
994 1539 1045 1594 ἐν
1077 1538 1255 1609 ἁγίοις
1288 1536 1566 1599 Διονύσιος
1613 1531 1864 1605 Ἀλεξαν-

221 1634 418 1708 δρείας,
477 1632 597 1687 κατ’
654 1630 827 1686 ἐκεῖνο
878 1635 977 1698 τῆς
1034 1625 1180 1702 ὥρας
1236 1623 1448 1680 κελεύει
1501 1622 1865 1695 ἀπονηστίζε-

220 1728 331 1780 σθαι
360 1724 497 1784 τοὺς
543 1740 650 1794 προ
694 1724 792 1774 τοῦ
844 1718 1035 1796 Πάσχα
1080 1714 1518 1785 νενηστευκότας,
1550 1714 1625 1767 ὧν
1676 1713 1731 1766 οἱ
1765 1714 1861 1787 μὶν

214 1813 387 1869 ἄσιτοι
438 1816 616 1865 πᾶσαν
663 1810 763 1877 τήν
813 1808 919 1880 πρὸ
973 1809 1071 1862 τοῦ
1119 1805 1314 1880 Πάσχα
1368 1798 1647 1876 ἑϐδομάδα
1684 1798 1863 1857 διατε-

1977 591 2237 646 oratione
2285 594 2341 644 et
2400 591 2843 659 compunctione
2889 591 3083 646 cordis
3113 603 3407 664 peragant,
3440 600 3615 666 atque

1976 685 2101 733 tum
2123 677 2276 733 circa
2292 684 2518 733 noctem
2533 676 2785 733 mediam
2802 678 3037 734 Sabbati
3047 681 3130 750 jej
3141 681 3347 737 unium
3360 680 3610 751 solvere;

1973 783 2103 823 cum
2151 765 2336 822 sancti
2383 765 2745 837 evangelista
2797 766 3100 824 Mattheus
3147 785 3215 825 ac
3271 769 3470 836 Lucas,
3518 771 3618 828 ille

1977 857 2212 927 quidem
2255 853 2520 919 dicendo,
2552 869 2785 924 vespere
2833 854 3092 922 Sabbati,
3129 856 3218 913 hic
3262 873 3415 925 vero,
3455 859 3620 915 valde

1976 942 2254 1009 diluculo,
2304 941 2475 998 nobis
2525 942 2711 998 noctis
2775 943 3113 1002 tarditatem
3180 946 3615 1018 descripserint.

1973 1032 2171 1103 Usque
2219 1030 2376 1087 enim
2424 1030 2496 1086 ad
2542 1034 2762 1087 sextam
2810 1030 3015 1089 horam
3078 1038 3425 1090 nocturnam
3473 1036 3622 1092 Sab-

1975 1121 2092 1176 bati
2132 1120 2400 1190 jejunare
2446 1119 2530 1174 fas
2568 1124 2657 1174 est
2688 1136 2701 1174 :
2737 1134 2853 1174 non
2884 1123 3078 1177 tamen
3129 1132 3257 1192 post
3284 1123 3617 1195 septimam,

1973 1210 2111 1281 quia
2136 1208 2425 1265 Dominus
2456 1205 2610 1263 circa
2648 1206 2809 1263 illam
2840 1206 3043 1266 horam
3088 1212 3470 1269 resnrrexisse
3497 1228 3624 1269 cre-

1972 1299 2152 1363 ditur,
2201 1297 2410 1353 diebus
2460 1300 2654 1353 autem
2704 1295 3024 1353 Dominicis
3062 1299 3329 1370 jejunare
3375 1303 3618 1359 vetitum

1971 1390 2075 1445 est.

2040 1540 2324 1599 Convenit
2352 1557 2485 1596 cum
2534 1537 2651 1595 illis
2699 1537 2872 1596 etiam
2904 1540 2966 1596 B.
3001 1539 3313 1614 Dionysius
3364 1543 3623 1604 Alexan-

1971 1633 2111 1689 driae
2160 1628 2512 1703 patriarcha,
2553 1633 2726 1698 atque
2773 1629 2976 1685 eodem
3027 1633 3286 1704 tempore
3324 1633 3608 1704 jejuniua

1973 1723 2196 1778 solvere
2246 1735 2343 1775 eos
2384 1718 2575 1789 jubet,
2608 1718 2706 1789 qui
2759 1722 2894 1774 ante
2924 1718 3142 1775 Pascha
3189 1722 3620 1791 abstinuerunt,

1975 1826 2225 1886 quorum
2261 1808 2359 1864 alii
2390 1812 2571 1863 totam
2605 1806 2995 1879 septimanam
3028 1809 3250 1882 absque
3280 1812 3407 1869 cibo
3436 1817 3625 1870 trans-

214 1903 429 1968 λοῦσιν,
460 1897 631 1955 ἄλλοι
676 1895 735 1953 δὲ
783 1893 881 1951 δύο
932 1894 1166 1971 ἡμέρας,
1206 1895 1241 1963 ἣ
1287 1897 1456 1968 τρεῖς,
1489 1893 1524 1961 ἢ
1572 1893 1860 1965 τέσσαρας·

1989 1917 2166 1973 agere,
2199 1898 2297 1954 alii
2345 1898 2493 1953 duos
2543 1896 2756 1964 solum,
2788 1902 2889 1952 aut
2939 1908 3069 1967 tres,
3102 1904 3202 1955 aut
3249 1901 3426 1958 etiam
3474 1920 3627 1975 qua-

208 1997 277 2049 Τὸ
324 1993 439 2066 γὰρ
494 1989 597 2063 ὀψὲ
646 1980 936 2041 Σαϐϐάτου
984 1984 1270 2058 εἰρημένον
1315 1986 1394 2053 τῷ
1440 1980 1567 2052 θείῳ
1608 1978 1867 2053 Ματθαίῳ

210 2082 265 2137 οὗ
291 2085 402 2149 τὴν
453 2080 686 2152 ἑσπέραν
737 2074 930 2146 δηλοῖ,
973 2075 1161 2151 φησὶν,
1213 2071 1359 2128 ἀλλὰ
1403 2070 1568 2126 νύκτα
1623 2071 1866 2144 βαθεῖαν,

213 2169 532 2246 βραδυτῆτα
567 2166 659 2221 καὶ
708 2165 914 2238 μακρὸν
961 2164 1183 2238 χρόνον,
1227 2165 1325 2217 τοῦ
1371 2160 1489 2234 ὀψὲ
1539 2156 1862 2229 δηλοῦντος.

209 2262 375 2331 ταύτῃ
407 2279 500 2313 τοι
551 2256 643 2310 καὶ
690 2253 955 2329 ἐπήγαγε,
991 2278 1019 2303 ‹‹
1068 2255 1138 2323 τῇ
1191 2250 1573 2330 ἐπιφωσκούσῃ
1620 2247 1697 2310 εἷς
1741 2251 1868 2320 μίαν

215 2345 581 2405 Σαϐϐίτωνου
615 2347 644 2400 6
677 2342 734 2399 δὲ
766 2344 1077 2412 Ἰωάννηςρ
1110 2339 1500 2416 πρωῗ,σκοτίας
1533 2339 1612 2394 ἔτι
1642 2336 1866 2407 οὕσης,››

215 2440 371 2512 φησίν
410 2457 425 2469 ⁶
463 2438 495 2491 6
523 2434 583 2490 δὲ
612 2440 847 2498 Λουκᾶς,
882 2457 909 2484 ‹‹
942 2436 1008 2505 τῇ
1039 2436 1138 2505 μιᾷ
1164 2436 1273 2486 τῶν
1317 2425 1639 2498 Σαϐὗάτων,
1665 2424 1865 2503 ὄρθρου

220 2510 431 2601 βαθέος*
466 2548 496 2577 ››
536 2525 564 2577 6
596 2519 653 2576 δέ
687 2522 926 2595 Μάρκος,
949 2545 977 2570 ‹‹
1012 2518 1134 2574 λίαν
1167 2518 1336 2593 πρωὶ,
1357 2523 1456 2586 τῆς
1491 2521 1618 2589 μιᾶς
1649 2510 1861 2571 Σαϐϐί-

216 2638 336 2688 των,
390 2615 450 2669 αἱ
500 2616 752 2686 γυναῖκες
809 2610 976 2678 ἦλθον
1035 2608 1123 2662 ἐπὶ
1178 2608 1241 2661 τὸ
1300 2611 1592 2679 μνημεῖον,
1659 2603 1869 2659 ἀνατεί-

218 2704 416 2765 λαντος
441 2705 543 2756 τοῦ
565 2698 752 2768 ἡλίου·
781 2722 809 2750 ι)
835 2698 1027 2753 ταυτὸν
1048 2693 1105 2751 δέ
1134 2695 1247 2751 ἐστι
1270 2697 1330 2750 τὸ
1356 2721 1376 2745 ι
1406 2694 1529 2749 λίαν
1562 2694 1709 2768 πρωῒ
1740 2715 1766 2746 ι
1788 2697 1868 2766 τῷ

217 2819 243 2845 (ί
275 2794 478 2868 βαθέος
512 2787 737 2864 ὄρθρου.
764 2813 792 2838 ››
822 2787 994 2858 Ἀωρί
1032 2786 1125 2857 μὲν
1152 2785 1251 2859 γὰρ
1280 2789 1387 2839 τῶν
1405 2787 1609 2839 νυκτῶν
1640 2782 1776 2856 πρὸς
1805 2779 1868 2837 τδ

221 2887 498 2956 μνημεῖον
547 2879 603 2933 αἱ
652 2882 902 2953 γυναῖκες
942 2876 1181 2949 ἀπῄεσαν
1215 2895 1230 2909 ·
1274 2872 1646 2949 προσήδρευον
1694 2869 1750 2926 δὲ
1790 2874 1873 2943 τῷ

212 2972 369 3050 τάφῳ
410 2970 617 3043 μέχρις
667 2962 940 3032 ἂνατολῆς
970 2961 1156 3033 ἡλίου.
1193 2962 1255 3018 Εἰ
1301 2962 1405 3037 γὰρ
1436 2960 1525 3016 καὶ
1575 2960 1723 3035 ἀρχή
1767 2965 1870 3029 τῆς

221 3063 437 3133 ἡμέρας
469 3061 507 3127 ἡ
539 3060 639 3111 τοῦ
683 3053 850 3124 ἡλίου
899 3052 1137 3121 ἀνατολὴ
1177 3053 1408 3127 γίνεται,
1437 3052 1528 3105 καί
1575 3050 1724 3126 ἁρχὴ
1770 3055 1872 3118 τῆς

218 3151 414 3212 νυκτὸς
446 3149 482 3217 ἡ
516 3144 668 3206 δόσις
715 3142 901 3211 αὐτοῦ,
934 3140 1062 3197 ἀλλ’
1108 3142 1137 3195 6
1167 3139 1451 3202 πολιτικὸς
1500 3137 1665 3211 νόμος
1701 3136 1788 3192 καὶ
1822 3137 1875 3191 οἱ

1977 1994 2110 2046 tuor
2150 1988 2295 2043 dies.
2336 1984 2479 2041 Nam
2534 2001 2769 2057 vespere
2815 1985 3051 2042 Sabbati
3095 1989 3248 2059 quod
3295 1990 3446 2060 apud
3490 2008 3628 2047 san-

1977 2085 2137 2134 ctum
2163 2075 2498 2131 Mattheum
2522 2072 2754 2145 legitur,
2780 2090 2895 2130 non
2929 2091 3226 2147 vesperam
3249 2077 3506 2149 denotat,
3524 2080 3625 2136 sed

1978 2168 2325 2239 profundam
2375 2167 2640 2227 noctem;
2674 2163 2913 2218 tarditas
2960 2166 3099 2221 adeo
3130 2183 3197 2221 ac
3230 2167 3403 2239 longa
3439 2167 3626 2225 noctis

1980 2274 2138 2312 mora
2161 2269 2372 2327 vespere
2388 2252 2755 2324 signiﬁcatur
2777 2270 2790 2320 ;
2824 2252 3071 2325 ideoque
3090 2256 3248 2311 addit
3270 2257 3386 2326 ille,
3412 2283 3438 2309 ιι
3463 2259 3627 2322 Quod

1980 2344 2224 2401 lucescit
2255 2343 2442 2413 prima
2461 2340 2723 2396 Sabbati.
2754 2362 2781 2389 »
2812 2341 3067 2398 Joannes
3088 2349 3278 2401 autem
3310 2345 3393 2401 sic
3415 2346 3624 2402 habet:

1980 2458 2007 2485 ‹‹
2033 2434 2198 2489 Mane
2216 2448 2346 2488 cum
2366 2430 2557 2486 adhuc
2580 2431 2829 2485 tenebrae
2849 2439 3063 2488 essent.
3084 2455 3112 2482 ››
3139 2434 3200 2489 Et
3224 2435 3431 2505 Lucas,
3449 2460 3473 2484 «ε
3501 2435 3628 2491 Una

1977 2523 2209 2579 Subbati
2243 2521 2404 2576 valde
2452 2519 2728 2575 diluculo.
2766 2544 2793 2570 ››
2828 2520 3053 2577 Marcus
3086 2524 3356 2595 denique,
3384 2548 3412 2576 α
3445 2524 3627 2582 Valde

1980 2627 2147 2667 mane
2174 2626 2288 2665 una
2310 2609 2716 2676 Sabbatorum,
2740 2609 3010 2666 mulieres
3031 2619 3315 2668 venerunt
3334 2615 3404 2670 ad
3432 2630 3625 2670 monu-

1980 2699 2542 2769 mentum,ortojam
2566 2696 2706 2752 sole.
2723 2720 2751 2747 »
2774 2699 2931 2754 Idem
2957 2717 3090 2756 vero
3112 2705 3198 2756 est
3217 2725 3245 2751 ‹‹
3271 2702 3437 2759 valde
3458 2719 3627 2761 mane

1978 2790 2129 2860 quod
2181 2785 2389 2860 βαθέως
2436 2785 2657 2861 ὄρθρου,
2706 2789 2764 2843 id
2813 2794 2923 2852 est.
2972 2812 3000 2839 ‹‹
3051 2789 3213 2845 valde
3271 2791 3545 2848 diluculo.
3596 2816 3626 2843 ι»

1979 2879 2122 2935 Nam
2162 2877 2433 2934 mulieres
2455 2883 2631 2933 noctu
2664 2876 3014 2948 intempesta
3037 2891 3479 2937 monumentum
3512 2883 3631 2937 adi-

1982 2969 2143 3033 bant,
2175 2974 2352 3038 atqne
2382 2965 2716 3037 sepulcrum
2748 2965 3084 3023 assidebant
3116 2984 3305 3041 usque
3334 2970 3406 3025 ad
3437 2975 3627 3027 ortum

1983 3056 2145 3120 solis,
2178 3056 2467 3128 siquidem
2517 3057 2589 3110 ab
2637 3060 2766 3110 ortu
2813 3056 2954 3112 solis
3007 3056 3152 3123 dies,
3182 3050 3251 3114 et
3297 3060 3367 3115 ab
3417 3076 3626 3117 occasu

1982 3148 2109 3217 ejus
2132 3165 2242 3203 nox
2272 3147 2527 3217 incipiat.
2557 3143 2664 3200 Jus
2686 3149 2879 3199 autem
2904 3144 3072 3200 civile
3101 3152 3157 3201 et
3177 3148 3497 3204 astronomi
3529 3149 3631 3204 ho-

217 3238 343 3312 περὶ
387 3238 493 3303 τήν
541 3233 954 3308 ἀστροθεάμονα
1007 3229 1207 3324 τέχνην
1264 3227 1648 3305 ἐσχολακότες,
1695 3227 1872 3324 ἀρχὴν

1989 3255 2109 3295 ram
2143 3238 2331 3294 noctis
2374 3236 2682 3304 septimam
2717 3233 3072 3307 principium
3117 3236 3229 3292 diei
3262 3244 3550 3304 statuunt,
3575 3247 3630 3295 et

216 3336 318 3397 τῆς
355 3325 598 3398 ἡμέρας,
628 3324 729 3390 τήν
781 3321 1096 3394 νυκτερινὴν
1147 3313 1390 3390 ἑϐδόμην
1435 3317 1668 3372 τίθενται
1710 3314 1874 3391 ὥραν,

219 3418 307 3472 καὶ
354 3416 545 3488 ἀρχὴν
596 3418 696 3480 τῆς
742 3410 931 3469 νυκτὸς
973 3410 1074 3477 τήν
1128 3402 1373 3481 ἑϐδόμην
1430 3407 1718 3479 ἡμερινήν.
1781 3404 1878 3458 Διά

216 3506 383 3560 τοῦτο
414 3504 505 3555 καὶ
540 3498 594 3553 ἐν
640 3502 710 3572 τῇ
740 3499 860 3569 ἱερᾷ
907 3496 1057 3550 νυκτὶ
1088 3502 1188 3564 τῆς
1236 3499 1334 3549 τοῦ
1364 3495 1608 3567 Χριστοῦ
1650 3492 1880 3546 ἀναστά-

221 3615 387 3661 σεως,
464 3591 559 3645 ἅτε
630 3583 924 3657 τηνικαῦτα
1008 3583 1298 3658 ἰσημερίας
1385 3580 1551 3651 οὔσης
1636 3579 1878 3650 ἐαρινῆς,

220 3684 424 3754 ὄρθρος
464 3680 651 3753 βαθὺς,
684 3675 775 3731 καὶ
808 3674 932 3729 λίαν
963 3673 1108 3742 πρωὶ
1139 3670 1517 3731 ἀνατείλαονος
1545 3674 1641 3725 τοῦ
1689 3667 1879 3738 ἡλίου,

218 3753 583 3838 καὶῗσκοτία,
631 3766 722 3820 καὶ
769 3764 896 3837 ὀψία
944 3757 1224 3817 Σαϐϐἀτου
1271 3760 1346 3823 εἷς
1393 3760 1517 3832 μίαν
1563 3753 1880 3826 Σαϐϐἀτων,

219 3862 323 3927 τήν
384 3857 515 3910 τότε
588 3855 894 3925 Κυριακήν,
954 3847 1355 3926 ἒπιφώσκουσα,
1412 3849 1441 3901 6
1518 3847 1652 3919 μετὰ
1718 3843 1880 3914 ἕκτην

224 3950 376 4023 ὥραν
428 3943 622 4015 καιρὸς
672 3948 772 4009 τῆς
822 3940 1038 4006 νυκτὸς,
1078 3940 1148 4009 τῇ
1197 3937 1325 4007 θείᾳ,
1357 3941 1464 3991 τῶν
1512 3934 1880 4011 εαγγελιστῶν

221 4034 672 4112 προσηγόρευται
724 4025 946 4103 λογάδι,
994 4027 1052 4088 ’ὸς
1097 4027 1162 4094 ἦν
1205 4025 1355 4101 ἀρχή
1401 4028 1500 4090 τῆς
1552 4028 1880 4112 Rupta-41‘s

223 4110 372 4200 παρὸ
422 4121 494 4191 δὴ
544 4119 634 4174 καὶ
682 4121 983 4193 τριήμερον
1030 4113 1262 4189 λὲγομεν
1310 4116 1408 4184 τήν
1457 4115 1740 4170 ἀνάστασιν
1787 4110 1885 4169 τοῖ’)

228 4213 462 4285 Κυρίου,
508 4209 646 4265 κατᾶ
693 4210 793 4276 τὴν
849 4203 1056 4280 ἀψευδὴ
1116 4204 1280 4259 αὐτοῦ
1336 4204 1686 4281 ἐπαγγελίαν.
1733 4204 1884 4261 Ἐπεὶ

228 4307 337 4379 γὰρ
397 4305 474 4372 τῇ
526 4299 875 4374 Παρασκευνῇ
920 4297 1014 4349 τὸν
1073 4292 1340 4363 ζωοποιὸν
1383 4292 1590 4347 ὕπνωσε
1638 4294 1885 4362 θάνατον,

228 4377 356 4462 ἣτις
402 4390 477 4458 ἦν
516 4388 734 4462 πρώτη,
786 4383 1006 4457 δευτέρα
1054 4380 1110 4437 δὲ
1156 4382 1220 4436 τὸ
1270 4377 1553 4447 εάϐϐατον,
1598 4382 1781 4455 ἥψατο
1831 4378 1887 4435 δὲ

229 4483 326 4537 καὶ
357 4483 468 4545 τῆς
495 4471 741 4546 ἑϐδόμης
770 4472 913 4546 ὥρας
954 4473 1051 4534 τῆς
1080 4471 1292 4538 νυκτὸς,
1323 4470 1445 4539 ἥτις
1493 4468 1562 4538 ἦν
1594 4468 1739 4544 ἁρχὴ
1788 4476 1889 4539 τῆς

230 4570 549 4643 Κυριακῆς,
598 4563 672 4624 ὡς
718 4561 953 4635 εἴρηται,
999 4560 1158 4636 τρίτη
1208 4555 1311 4634 ἄρα
1356 4559 1634 4633 λογίζεται
1682 4561 1717 4628 ἡ
1778 4565 1889 4614 [ςυ-

231 4681 261 4735 ρ
271 4660 400 4728 ιακή
408 4702 425 4714 .

307 4783 461 4854 Φησὶ
499 4777 559 4849 εξ
589 4780 618 4834 6
645 4783 747 4847 τῆς
792 4775 1119 4845 Ἐκκλησίας
1164 4767 1480 4849 περίϐολος,
1514 4775 1550 4843 ἡ
1596 4780 1696 4842 τῆς
1727 4773 1889 4848 εὐαγ-

227 4872 470 4950 ῃλικῆς
506 4866 789 4941 ἐμπειρίας
841 4861 1059 4941 βίϐλος,
1089 4865 1117 4919 6
1166 4863 1531 4950 051053911143,
1581 4863 1890 4936 Χρυσόπο-

233 4948 368 5035 μος,
398 4960 488 5016 ὅτι
517 4958 581 5012 τὸ
638 4957 731 5029 μὲν
762 4956 955 5010 θᾶττον
1001 4955 1292 5021 ἀναστῆναι
1343 4948 1600 5024 ἔγκλημα
1647 4951 1745 5005 οὐκ
1773 4952 1840 5021 ἦν
1876 4972 1890 4986 ο

229 5055 297 5107 τὸ
326 5049 388 5107 δὲ
442 5045 693 5124 βράδιον,
728 5045 966 5117 ὑποψίας
1010 5038 1196 5116 ἔγεμεν
1233 5059 1246 5073 ·
1298 5040 1361 5094 οὐ
1406 5040 1510 5115 γὰρ
1559 5041 1618 5094 ἃν
1663 5042 1752 5096 καὶ
1799 5043 1893 5096 τὸν

230 5163 301 5218 χρ
316 5141 406 5203 ἐος
442 5131 869 5193 καταϐάλλοντα
917 5133 1024 5208 πρὸ
1054 5139 1152 5201 τῆς
1184 5128 1495 5205 ὁρισθείσης
1537 5130 1892 5203 προθεσμίας,

232 5237 364 5289 νοῦν
427 5229 578 5305 ἔχων
626 5228 907 5301 ἅνθρωπος
965 5222 1285 5279 αἰτιάσαιτο.
1338 5223 1404 5288 οἱ
1465 5221 1558 5294 μὲν
1616 5219 1707 5276 οὗν
1759 5224 1896 5277 θεῖοι

238 5320 631 5399 εὖαγγελισταί
689 5318 785 5380 τὰς
841 5318 951 5371 τῶν
1012 5315 1217 5387 εὐαγῶν
1282 5315 1550 5390 γυναικῶν
1604 5312 1897 5385 προσελεύο

238 5398 395 5481 σεις,
436 5411 527 5466 καί
587 5408 651 5472 ’ἀς
705 5402 957 5461 κατεῖδον
1020 5403 1173 5457 αὗται
1233 5398 1527 5476 διαφόρους
1599 5399 1725 5474 περὶ
1798 5401 1894 5469 τήν

243 5503 537 5556 ἀνάστασιν
588 5495 872 5564 ὀπτασίας,
922 5493 997 5555 ὡς
1044 5492 1193 5566 εἶχεν
1240 5487 1462 5551 ’ἕκαστος
1512 5484 1602 5542 διὰ
1651 5490 1901 5563 μνήμης,

242 5594 280 5661 ἢ
338 5588 638 5666 θειοτέρας,
717 5581 934 5660 μᾶλλον
1012 5582 1207 5651 εἰπεῖν,
1282 5577 1644 5653 ἐμπνεόσεως,
1717 5582 1904 5653 σαφῶς

244 5678 638 5757 ἀνεγράψαντο.
697 5681 765 5733 Ἦ
850 5669 1037 5747 μέντοι
1114 5669 1330 5739 ἀληθὴς
1401 5676 1501 5740 τῆς
1567 5673 1906 5734 ἀναστάσεως

564 5780 831 5843 ΡΑΤιιοι.
882 5776 990 5837 Gs.
1037 5771 1263 5837 CXLV.

1991 3345 2091 3397 pro
2122 3327 2303 3381 noctis
2330 3325 2496 3379 initio
2529 3324 2731 3379 borum
2782 3324 3090 3393 septimam
3123 3324 3413 3381 diurnam.
3446 3326 3628 3391 Quam

1988 3418 2062 3472 ob
2134 3431 2370 3470 causam
2446 3419 2504 3468 et
2570 3412 2630 3466 in
2703 3429 2870 3466 sacra
2945 3418 3111 3468 nocte
3189 3416 3630 3472 resurrectionis

1987 3502 2223 3570 Christi,
2256 3503 2489 3573 quando
2520 3499 2739 3555 scilicet
2768 3498 3009 3571 contigit
3056 3501 3470 3572 aequinoctium
3506 3519 3632 3558 ver-

1990 3608 2154 3659 num,
2207 3591 2563 3662 profundum
2614 3588 2956 3656 diluculum,
2988 3594 3045 3644 et
3093 3589 3257 3647 valde
3297 3608 3466 3647 mane
3515 3591 3633 3649 sole

1985 3683 2105 3752 jam
2171 3680 2413 3749 oriente,
2460 3685 2519 3734 et
2567 3679 2833 3744 tenebrae,
2884 3684 2941 3734 et
3006 3694 3245 3752 vespera
3286 3681 3522 3737 Sabbati
3570 3683 3630 3736 in

1994 3771 2245 3843 primum
2323 3775 2452 3841 post
2510 3768 2826 3823 Sabbatum
2884 3768 3032 3823 diem
3092 3768 3469 3837 allucescens,
3530 3768 3631 3843 qui

1993 3859 2332 3915 Dominicus
2405 3855 2642 3928 quidem
2720 3857 2844 3919 fuit,
2912 3873 3074 3913 sacra
3146 3859 3630 3929 evangelistarum

1993 3950 2189 4023 phrasi
2231 3960 2464 4003 vocatur
2493 3953 2724 4018 tempus
2773 3948 2961 4001 noctis
3009 3947 3342 4004 immediate
3389 3965 3634 4022 sequens

1994 4038 2193 4094 horam
2226 4046 2469 4104 sextam,
2501 4036 2653 4107 quod
2697 4034 3045 4106 principium
3096 4036 3335 4108 quidem
3365 4043 3491 4093 erat
3520 4036 3634 4093 diei

1994 4126 2324 4182 Dominicis.
2358 4124 2520 4180 Unde
2558 4124 2886 4179 triduanam
2935 4140 3064 4180 esse
3110 4124 3358 4182 dicimus
3404 4125 3633 4182 Domini

1997 4215 2442 4272 resurectionem
2466 4214 2635 4284 juxta
2683 4212 3045 4268 infallibilem
3081 4215 3268 4286 ipsius
3315 4216 3633 4285 praedictio-

1999 4322 2152 4361 nem.
2174 4304 2457 4368 Quoniam
2489 4303 2645 4358 enim
2677 4303 2734 4357 in
2760 4302 3068 4358 Parasceve
3092 4310 3334 4359 mortem
3361 4303 3636 4360 dormivit

1996 4396 2121 4448 vitae
2163 4396 2478 4464 parentem,
2510 4409 2637 4463 qua:
2687 4391 2876 4463 prima
2923 4391 3050 4460 fuit,
3093 4398 3151 4448 et
3197 4396 3473 4460 secunda,
3507 4410 3635 4464 quas

1996 4487 2121 4538 erat
2164 4482 2502 4547 Sabbatum,
2549 4481 2854 4551 septimam
2905 4482 3089 4536 noctis
3138 4480 3364 4551 horam,
3396 4482 3505 4538 hoc
3547 4486 3639 4537 est

2000 4571 2350 4644 principium
2383 4570 2495 4625 diei
2527 4569 2861 4638 Dominicas,
2896 4575 2957 4624 ut
2982 4569 3104 4640 jam
3148 4570 3421 4638 diximus,
3458 4571 3635 4644 perti-

1997 4661 2078 4732 git
2107 4677 2122 4727 ;
2156 4659 2322 4714 tertia
2350 4657 2529 4729 igitur
2556 4673 2798 4713 numero
2828 4657 2938 4712 fuit
2966 4659 3089 4713 dies
3120 4658 3439 4715 Dominica.

2062 4784 2216 4841 Dicit
2278 4786 2470 4838 autem
2533 4797 2735 4838 murus
2785 4781 2882 4836 ille
2949 4791 3290 4853 septumque
3346 4782 3636 4849 Ecclesia,

1995 4879 2166 4945 atque
2234 4873 2508 4928 doctrinas
2578 4870 2921 4942 evangelicae
2987 4873 3320 4941 pandeotes,
3376 4876 3636 4933 sanctus.

1997 4964 2263 5032 inquam,
2295 4960 2770 5032 Chrysostomus,
2802 4959 2975 5014 citius
3007 4959 3056 5014 si
3087 4961 3500 5015 resurrexisset
3530 4958 3640 5014 Do-

2002 5053 2219 5111 minus.
2251 5050 2615 5105 incusatione
2644 5051 2764 5104 fore
2795 5064 3038 5103 vacuum
3067 5065 3081 5113 ;
3106 5049 3196 5103 sin
3228 5064 3358 5105 vero
3389 5048 3640 5116 tardius,

2002 5141 2168 5196 valde
2198 5147 2552 5209 suspectum.
2585 5136 2727 5191 Nam
2762 5137 2809 5191 si
2860 5137 2991 5207 quis
3038 5137 3300 5192 debitum
3331 5142 3462 5191 ante
3496 5154 3641 5206 prm-

2004 5230 2274 5284 stitntum
2318 5234 2552 5297 tempus
2609 5224 2965 5294 persolverit,
2998 5223 3256 5294 prudens
3306 5241 3475 5281 nemo
3509 5226 3644 5280 vitio

2002 5320 2207 5373 vertat.
2254 5315 2452 5371 Sancti
2516 5320 2711 5369 autem
2766 5311 3136 5383 evangelista
3197 5330 3464 5369 accessus
3520 5316 3646 5385 agi-

2004 5407 2149 5462 lium
2180 5404 2411 5460 illarum
2457 5401 2789 5469 mulierum,
2819 5400 3126 5473 variasque
3170 5419 3316 5474 quas
3345 5403 3416 5458 de
3448 5419 3650 5459 resur-

2008 5495 2260 5552 rectione
2330 5492 2589 5547 viderunt
2652 5488 2924 5556 visiones,
2974 5495 3039 5545 ut
3084 5490 3333 5565 quisque
3401 5506 3470 5546 ex
3520 5507 3647 5548 me-

2011 5583 2197 5640 moria
2255 5582 2462 5654 potuit,
2511 5586 2610 5633 aut
2661 5577 2856 5648 potius
2899 5594 2970 5633 ex
3034 5580 3230 5635 divina
3278 5578 3648 5647 revelatione,

2012 5674 2163 5731 clare
2224 5670 2676 5743 descripserunt.
2728 5665 3096 5736 lpsissimam
3142 5672 3338 5725 autem
3385 5681 3653 5743 resurre-f

3300 5767 3343 5833 4
