4098 6332
502 381 615 442 10⁸7
1761 378 2115 442 ΜΑΤἸἮΕ

2241 379 2624 446 LASTABIS
3778 392 3880 454 108

497 515 674 573 tionis
730 515 956 584 horam,
1009 513 1132 570 sive
1183 511 1435 584 septima
1492 511 1683 581 fuerit,
1736 513 1856 568 sive
1911 520 2107 570 octava

2249 511 2384 587 ὥρα,
2429 512 2538 568 εἷ’τε
2586 509 2798 589 ἑϐδόμη
2849 519 3196 594 τυγχάνουσα
3241 519 3333 590 ἦν,
3385 519 3492 577 εἷ’τε
3533 523 3646 595 μὴν
3693 521 3875 599 ὀγδόη,

495 604 658 662 solus
687 605 839 661 Deus
863 603 1020 660 novit
1049 603 1149 674 qui
1183 601 1516 659 resurrexit.

2251 605 2404 674 μόνῳ
2431 607 2510 674 τῷ
2540 601 2818 660 ἂναστᾶντι
2851 613 2969 680 Θεῷ
2995 609 3293 684 γνώριμος.

541 695 828 781 ³ί]ι›,ιιοιιεδε
881 699 1073 750 autem
1130 691 1363 781 concilii
1429 692 1906 766 Carthaginensis
1957 693 2027 748 34
2084 709 2114 749 e

2319 693 2380 750 '0
2440 690 2498 748 δὲ
2546 700 2648 764 τῆς
2705 695 2758 750 ἐν
2815 696 3131 773 Καρθαγένῃ
3186 697 3415 756 συνόδου
3465 699 3546 757 λδ’
3593 703 3685 760 καὶ
3735 705 3764 758 ὁ
3808 707 3880 779 ογ’

491 779 562 842 73
599 785 764 842 'dism
809 784 958 840 sacri
1003 781 1303 840 Paschatis
1342 779 1399 837 in
1449 782 1688 854 synodis
1732 782 2115 838 anniversarii:

2245 781 2344 849 τήν
2398 785 2495 868 τοῦ
2553 782 2714 860 ἁγίου
2774 783 2964 861 Πάσχα
3021 787 3233 864 ἡμέραν
3291 795 3698 866 παρεγγυῶνται
3753 792 3883 868 γίνε-

489 871 774 932 declarari
795 873 1028 944 jubent,
1059 871 1267 944 synodi
1307 873 1500 928 autem
1547 871 1829 927 habenda
1859 871 2014 928 diem
2044 871 2115 927 in-

2245 871 2368 925 σθαι
2419 867 2596 943 δήλην
2654 870 2708 926 ἓν
2765 879 2884 936 ταῖς
2941 874 3173 946 ἐτὴσίως
3226 879 3541 954 γινομέναις
3591 867 3878 947 συνόδοις⁶

490 962 696 1018 dicunt
741 961 1031 1018 decimum
1085 958 1369 1016 Kalendas
1417 958 1796 1032 Septembris,
1843 959 1930 1017 vel
1978 975 2115 1032 quo:

2242 959 2452 1033 ἡμέραν
2484 957 2540 1017 δὲ
2585 969 2688 1032 τῆς
2726 961 2954 1019 συνόδου
3001 963 3276 1040 ὁρίζονται
3321 970 3420 1038 τήν
3472 969 3578 1044 πρὸ
3627 967 3756 1028 δέκα
3791 991 3878 1026 κα-

487 1051 644 1107 idem
680 1052 788 1119 est,
821 1049 889 1105 21
922 1048 1015 1104 die
1043 1047 1315 1120 Augusti.
1350 1046 1618 1104 Kalendis
1663 1049 1820 1104 enim
1855 1052 2115 1106 vocantm

2242 1045 2452 1105 λανδῶν
2527 1048 2936 1126 Σεπτεμϐρίων,
3003 1055 3078 1118 ὡς
3150 1056 3288 1111 εἶναι
3357 1056 3559 1130 ταύτην
3633 1058 3875 1130 εἰκοστὴν

489 1139 663 1212 primi
690 1139 982 1196 mensium
1013 1137 1160 1194 dies.
1192 1136 1458 1208 Demptis
1482 1137 1660 1208 igitur
1690 1139 1888 1195 decem
1928 1138 2115 1194 diebu:

2239 1139 2466 1212 πρώτην
2495 1143 2592 1194 τοῦ
2648 1139 2966 1218 Αὐγούστου
2998 1161 3012 1175 ο
3071 1142 3332 1200 καλάνδαι
3391 1147 3494 1222 γὰρ
3563 1147 3616 1202 αἱ
3675 1153 3879 1222 πρῶται

486 1229 589 1300 qui
634 1229 988 1300 praecedunt,
1046 1225 1403 1298 relinquitur
1444 1227 1687 1298 Augusti
1741 1225 1869 1298 (qui
1912 1227 2115 1284 mensi:

2237 1226 2440 1302 ὴμὲραι
2470 1232 2567 1284 τοῦ
2617 1230 2789 1302 μηνὸς
2837 1229 3131 1307 λέγονται·
3177 1232 3224 1287 εἰ
3256 1231 3346 1288 οὖν
3393 1235 3490 1298 τὰς
3521 1237 3627 1312 πρὸ
3671 1236 3874 1292 τούτων

483 1318 608 1376 dies
638 1318 703 1374 31
738 1318 1028 1390 numerat)
1061 1318 1186 1375 dies
1215 1316 1532 1374 vicesimus
1561 1317 1808 1390 primus.

554 1502 731 1558 Porro
780 1507 972 1560 autem
1005 1516 1193 1558 canon
1243 1501 1307 1556 14
1342 1499 1573 1558 concilii
1622 1499 1929 1558 Laodiceni
1957 1500 2128 1558 illici-

483 1595 607 1648 tum
632 1591 859 1662 judicat
888 1606 1052 1646 sacra
1095 1589 1392 1662 mysteria,
1425 1589 1849 1646 benedictionis
1889 1591 2126 1662 quidem

479 1681 884 1754 impertienda
913 1697 1111 1742 causa,
1145 1689 1401 1752 tempore
1442 1679 1741 1737 Paschatis
1770 1681 1844 1736 ab
1873 1697 1992 1737 una
2022 1697 2125 1753 pa-

481 1771 658 1827 rmcia
686 1771 745 1826 in
769 1770 939 1827 aliam
973 1771 1222 1826 mittere.
1256 1769 1374 1826 Hoc
1422 1768 1576 1826 enim
1627 1773 1903 1841 tanquam
1946 1770 2126 1826 moris

2237 1316 2462 1394 ἀφίλοις
2507 1315 2654 1390 δέκα,
2695 1321 2730 1388 ἡ
2778 1321 2860 1375 κα¹
2910 1319 3151 1378 λείπεται
3197 1326 3296 1377 τοῦ
3335 1322 3679 1400 Αὐγούστου,
3729 1327 3878 1402 τριά-

2234 1427 2398 1462 κοντα
2427 1408 2514 1462 καὶ
2552 1407 2679 1481 μίαν
2711 1409 2924 1483 ἡμέρας
2953 1405 3198 1486 ἔχοντος.

2307 1499 2364 1551 ‘0
2421 1494 2478 1552 δὲ
2538 1494 2604 1552 ιδ’
2659 1505 2761 1568 τῆς
2817 1498 2869 1554 ἐν
2922 1497 3212 1572 Λαοδικείᾳ
3259 1502 3362 1558 οὐκ
3419 1500 3594 1559 ο’ίεται
3650 1501 3760 1560 δεῖν
3813 1507 3876 1560 τὰ

2235 1587 2364 1662 ἅγια
2415 1583 2588 1663 δῶρα,
2647 1586 2902 1664 εὐλογίας
2952 1585 3114 1659 δῆθεν
3173 1589 3358 1666 χάριν,
3406 1596 3487 1665 τῷ
3537 1597 3636 1648 τοῦ
3689 1595 3876 1670 Πάσχα

2232 1681 2409 1752 καιρῷ
2465 1677 2571 1732 ἀπὸ
2629 1677 2920 1751 παροικίας
2979 1681 3213 1748 πέμπειν
3273 1680 3350 1745 εἰς
3404 1683 3700 1757 παροικίαν
3733 1703 3749 1717 ⁸
3805 1684 3876 1748 ὡς

2231 1766 2466 1841 ἀπρεπὲς
2513 1767 2616 1842 γὰρ
2661 1767 2752 1822 καὶ
2809 1767 2910 1822 οὐκ
2954 1765 3240 1844 εὔσχημον
3301 1765 3424 1836 ἔθος
3473 1768 3696 1836 δικαίως
3745 1773 3878 1849 πρὸς

481 1859 804 1916 indecentis
835 1863 890 1915 et
913 1859 1106 1915 minus
1129 1857 1530 1915 convenientis
1561 1859 1770 1916 merito
1798 1876 1832 1915 a
1858 1858 2115 1915 Patribus

2234 1858 2345 1909 τῶν
2401 1854 2652 1928 Πατέρων
2709 1853 3035 1913 κεκώλυται.
3075 1862 3250 1914 Τοῦτο
3309 1856 3365 1914 δὲ
3412 1863 3503 1914 νῦν
3551 1861 3604 1915 οἱ
3653 1866 3873 1917 Λατῖνοι

479 1948 838 2021 prohibitum
867 1948 996 2004 fuit.
1022 1949 1176 2005 219
1213 1948 1399 2005 Latini
1421 1953 1618 2004 autem
1650 1949 1933 2020 hodieque
1960 1949 2016 2006 ω
2049 1949 2127 2006 fa-

479 2037 666 2106 ciunt,
695 2037 974 2094 nimirum
999 2042 1260 2110 tempore
1281 2036 1539 2094 Paschali
1565 2053 1765 2110 azyma
1786 2039 1908 2110 jam
1931 2053 2130 2096 conse-

477 2129 659 2195 crata,
691 2131 972 2198 tanquam
1007 2125 1364 2194 communia,
1397 2126 1608 2199 popula
1640 2126 2020 2184 distribuunt.

1241 2215 1370 2272 Lex.

555 2305 749 2361 Primo
799 2305 1164 2378 paschalium
1193 2305 1416 2361 dierum
1467 2305 1832 2373 incarcerati,
1873 2306 1985 2362 nisi
2017 2308 2126 2362 im-

482 2396 765 2468 peratoris
806 2397 979 2466 jussu
1019 2395 1188 2450 aliter
1233 2399 1468 2451 cautum
1517 2396 1707 2462 fuerit,
1757 2395 2122 2453 liberentur:

482 2485 924 2558 praecluduntur
951 2489 1144 2541 tamen
1189 2484 1532 2556 sacrilegus,
1565 2485 1810 2555 adulter,
1836 2485 2122 2558 virginum

481 2581 700 2646 raptor,
748 2573 1000 2646 sepulcri
1060 2572 1327 2640 violator,
1381 2590 1610 2645 magus,
1661 2575 1970 2643 veneﬁcus,
2021 2574 2124 2631 lio-

478 2659 696 2718 I'uicida
744 2661 1052 2734 parricide,
1087 2666 1208 2716 tum
1241 2661 1512 2732 quisquis
1560 2661 1960 2732 deprehensus
2016 2664 2126 2718 fuit

479 2753 756 2809 adversus
785 2753 1191 2823 imperatorem
1223 2755 1324 2806 aut
1351 2754 1566 2806 statum
1597 2750 1824 2806 civilem
1858 2751 1988 2808 novi
2019 2750 2124 2807 ali-

475 2841 617 2912 quid
651 2840 920 2898 moliens.

890 2929 1049 2987 CAP.
1081 2929 1230 2986 VIII.
1262 2929 1339 2985 De
1365 2929 1710 3001 patriarcha.

545 3019 881 3079 Patriarcha
923 3025 1014 3076 est
1070 3019 1200 3076 viva
1253 3018 1467 3076 Christi
1515 3019 1700 3090 imago
1747 3015 2118 3092 spi‘ransque,

474 3112 753 3186 operibus
781 3117 840 3168 et
869 3109 1238 3168 sermonibus
1259 3109 1318 3166 in
1349 3109 1665 3182 semetipso
1692 3109 1764 3166 ad
1793 3109 1992 3166 vivum
2025 3111 2120 3167 de-

474 3205 723 3277 pingens
752 3203 1074 3259 veritatem.

2239 1947 2514 2014 ποιοῦσιν,
2547 1941 2599 1998 ἐν
2643 1948 2723 2016 τῷ
2768 1949 2944 2020 καιρῷ
2979 1949 3076 2000 τοῦ
3123 1947 3319 2023 Πάσχα
3365 1946 3772 2023 ἐπιμερίζοντες
3811 1949 3874 2005 τὰ

2237 2029 2416 2106 ἄζυμα
2474 2030 2609 2107 μετᾶ
2670 2033 2733 2088 τὸ
2792 2033 3127 2108 ἁγιασθῆναι,
3202 2035 3277 2098 ὡς
3334 2037 3488 2093 κοινὰ
3561 2041 3639 2110 τῷ
3714 2035 3872 2111 δήμῳ

2237 2123 2418 2178 παντί.

2933 2213 3172 2287 Νόμος

2305 2301 2382 2375 Τῇ
2413 2302 2604 2376 πρώτῃ
2652 2305 2760 2357 τῶν
2791 2302 3116 2376 πασχαλίων
3163 2307 3406 2382 ἡμερῶν,
3438 2307 3528 2362 καὶ
3581 2307 3872 2382 βασιλικῆς

2235 2387 2322 2443 ἐπὶ
2368 2389 2548 2462 τούτῳ
2599 2391 2676 2463 μὴ
2734 2386 3148 2462 καταλαϐούσης
3202 2395 3518 2464 κελεύσεως,
3567 2397 3764 2459 πάντες
3817 2397 3865 2450 οἱ

2235 2479 2286 2534 ἐν
2345 2480 2614 2556 φυλακαῖς
2671 2479 3113 2553 ἀπολυέσθωσαν,
3171 2483 3217 2538 εί
3277 2485 3353 2556 μή
3426 2483 3528 2556 ἀρα
3583 2482 3864 2559 ἱερόσυλός

2234 2567 2398 2638 ἐστιν,
2447 2568 2482 2638 ἢ
2544 2571 2768 2645 μοιχὸς,
2820 2569 2855 2638 ἢ
2912 2571 3188 2643 παρθένων
3247 2574 3438 2648 ἅρπαξ,
3483 2574 3517 2644 ἢ
3575 2570 3866 2648 τυμϐωρύ-

2231 2677 2362 2733 χος,
2407 2661 2441 2729 ἢ
2491 2658 2649 2732 γόης,
2700 2659 2735 2728 ἢ
2786 2661 3092 2736 φαρμακός,
3140 2661 3175 2730 ἢ
3225 2661 3436 2739 φονεὺς,
3481 2661 3515 2732 ἢ
3565 2665 3866 2738 πατροκτό-

2231 2767 2340 2816 νος,
2373 2749 2408 2818 ἢ
2461 2749 2598 2802 κατὰ
2647 2747 2917 2822 βασιλέως
2947 2748 2982 2819 ἢ
3030 2749 3246 2814 πόλεως
3292 2751 3486 2828 εὑρέθη
3542 2753 3874 2828 μηχανησᾶ-

2234 2857 2327 2910 μεν
2337 2855 2415 2898 ος.

2496 2932 2753 2984 ΚΕΦΑΛ.
2795 2928 2876 2984 H'.
2919 2928 3076 3004 Περὶ
3115 2927 3560 3007 πατριάρχὸυ.

2298 3014 2651 3091 Πατριάρχης
2697 3014 2842 3072 ἐστὶν
2889 3016 3047 3072 εἰκὼν
3081 3022 3228 3088 ζῶσα
3274 3016 3508 3094 Χριστοῦ
3556 3018 3647 3075 καὶ
3696 3017 3873 3096 ἔμψυ-

2225 3122 2348 3179 χος,
2401 3101 2470 3159 δι’
2523 3101 2694 3180 ἔργων
2751 3105 2841 3161 καὶ
2890 3104 3068 3182 λόγων
3122 3105 3176 3162 ἐν
3237 3109 3388 3182 αὐτῷ
3431 3113 3733 3189 ζωγραφῶν
3770 3111 3868 3180 τήν

2223 3190 2506 3264 ἀλήθειαν.

542 3264 756 3349 ianus
787 3295 980 3349 autem
1006 3289 1344 3363 patriarchae
1376 3290 1632 3363 primum
1655 3289 1893 3362 quidem
1923 3293 2032 3358 est,
2055 3289 2115 3346 il-

2292 3283 2505 3345 Σκοπὸς
2541 3287 2622 3356 τῷ
2666 3286 3007 3361 πατριᾶρχῃ,
3059 3289 3276 3361 πρῶτον
3329 3288 3450 3361 μὶν,
3491 3283 3582 3350 οὓς
3621 3285 3684 3344 ἐκ
3735 3290 3865 3345 Θεοῦ

469 3382 556 3440 los
579 3398 727 3455 quos
757 3381 1016 3453 suscepit
1034 3398 1068 3437 a
1088 3380 1204 3436 Deo
1228 3381 1286 3436 in
1309 3380 1524 3452 pietate
1544 3381 1918 3451 moribusque
1950 3381 2118 3436 bonis

472 3479 971 3538 conservare,tum
1003 3485 1136 3528 vero
1168 3476 1227 3526 et
1256 3468 1558 3526 haereticos
1588 3486 1812 3538 omnes,
1831 3474 2117 3541 quantum

469 3567 678 3635 potest,
729 3561 800 3617 ad
851 3559 1227 3616 orthodoxam
1274 3559 1447 3615 ﬁdem
1499 3564 1560 3615 et
1604 3557 1871 3615 Ecclesiae
1921 3560 2119 3616 unita-

471 3657 585 3707 tem
651 3655 998 3707 convertere.
1049 3647 1378 3708 (Haereticos
1439 3657 1629 3704 autem
1679 3652 1881 3704 vocant
1921 3653 1978 3704 et
2020 3649 2118 3719 jus

469 3741 636 3796 civile
667 3745 722 3796 et
748 3755 998 3797 canones
1028 3739 1178 3794 sacri
1209 3753 1308 3794 eos
1339 3737 1572 3810 quidem
1607 3754 1829 3806 omnes,
1858 3739 1953 3810 qui
1983 3754 2114 3795 cum

468 3829 725 3886 Ecclesia
771 3829 1056 3886 catholica
1103 3845 1219 3884 non
1267 3828 1750 3898 communicant.)
1778 3827 1968 3884 Tertio
2000 3845 2114 3883 au-

465 3924 580 3975 tem
611 3917 669 3974 in
689 3915 812 3974 loco
843 3917 924 3974 ita
953 3915 1220 3973 inﬁdeles
1251 3915 1531 3988 praeclara
1558 3920 1614 3972 et
1639 3917 1978 3973 admiranda
2007 3934 2116 3974 sua

465 4008 901 4064 conversatione
947 4006 1278 4079 percellere,
1324 4011 1390 4062 ut
1437 4006 1759 4062 imitatores
1808 4007 2115 4078 temulique

465 4095 601 4152 ﬁdei
628 4097 900 4164 evadant,
929 4101 1106 4168 atque
1151 4111 1391 4166 operum
1441 4110 1680 4151 suorum
1732 4095 2113 4167 inspectores,

463 4190 754 4258 quatenus
795 4185 906 4242 hoc
949 4184 1140 4254 liceat,
1188 4184 1561 4240 sanctissimae
1608 4188 1666 4240 et
1715 4184 2114 4240 consubstan-

465 4274 620 4332 tialis
648 4273 954 4330 Trinitatis
985 4273 1320 4330 adoratores
1350 4272 1614 4330 reddere.

534 4362 746 4420 Munus
768 4362 1106 4435 patriarchae
1135 4368 1226 4419 est
1254 4361 1580 4418 animarum
1612 4361 1724 4418 sibi
1756 4361 2108 4420 creditarum

462 4453 644 4524 salus,
675 4457 852 4524 atque
900 4451 960 4508 in
1007 4451 1236 4508 Christo
1275 4451 1483 4523 vivere,
1532 4467 1598 4508 ac
1641 4451 1862 4508 mundo
1909 4451 2110 4509 cruci-

461 4543 584 4616 figi.

532 4631 672 4690 Dein
703 4629 916 4688 eximia
945 4638 1080 4687 sunt
1127 4631 1350 4702 isthmc,
1381 4637 1584 4706 aptum
1638 4647 1766 4689 esse
1795 4631 1866 4688 ad
1899 4633 2108 4690 docen-
2141 4643 2189 4710 ι)

461 4723 626 4790 dum,
647 4737 784 4793 erga
809 4737 1014 4776 omnes
1034 4725 1164 4776 tum
1195 4721 1462 4777 sublimis
1487 4730 1610 4778 tum
1633 4721 1855 4777 vilioris
1883 4722 2108 4793 generis

464 4811 728 4868 homines
757 4811 952 4866 animo
1000 4809 1222 4866 liberali
1253 4827 1312 4867 se
1351 4827 1588 4882 gerere;
1621 4811 1862 4882 insuper
1907 4810 2105 4866 mitem

458 4917 586 4957 esse
615 4901 672 4955 in
698 4899 1196 4956 admonitionibus
1215 4915 1352 4970 erga
1380 4915 1480 4956 eos
1509 4915 1732 4968 omnes,
1755 4900 2104 4970 quibuscum

459 5005 581 5044 rem
627 4988 821 5056 habet,
875 4992 936 5044 at
983 5005 1113 5044 vero
1162 4989 1350 5059 quoad
1399 4994 1772 5046 contumaces
1829 4987 2106 5044 facultate

460 5078 914 5150 reprehendendi
983 5077 1199 5148 pollere
1247 5095 1260 5132 :
1310 5095 1415 5149 pro
1462 5078 1697 5134 veritate
1747 5079 1999 5149 denique
2047 5083 2106 5134 et

457 5169 800 5239 dogmatum
832 5167 1126 5237 vindiciis,
1155 5171 1214 5223 et
1246 5183 1349 5240 pro
1369 5165 1606 5239 justitia
1631 5183 1697 5222 ac
1731 5167 1941 5238 pietate
1971 5183 2103 5223 con-

458 5256 761 5314 servandis
809 5256 965 5328 apud
1011 5256 1389 5329 imperatores
1433 5256 1612 5313 verba
1658 5257 1866 5322 facere,
1916 5272 2105 5329 neque

457 5347 814 5404 erubescere.

529 5436 672 5492 Cum
704 5437 894 5490 autem
930 5433 1131 5506 politis
1163 5435 1570 5502 ecclesiastica,
1604 5437 1792 5493 instar
1821 5434 2104 5504 hominis,

458 5543 529 5583 ex
577 5523 845 5597 partibus
895 5539 961 5578 ac
1013 5526 1310 5595 particulis
1370 5530 1612 5592 constet,
1664 5527 1929 5583 membra
1974 5541 2104 5581 om-

459 5617 623 5672 nium
654 5611 911 5668 maxime
941 5613 1303 5686 maximeque
1333 5615 1663 5672 necessaria
1693 5623 1830 5672 sunt
1858 5615 2108 5688 impera-

457 5713 551 5787 tor
579 5706 635 5762 et
663 5699 1012 5777 patriarcha.
1045 5701 1321 5766 Quocirca
1369 5721 1477 5776 pax
1505 5709 1562 5762 et
1609 5704 1857 5764 felicitas
1901 5705 2104 5763 subdi-

2223 3366 2526 3446 παρέλαϐεν
2584 3371 2636 3427 ἐν
2694 3369 2934 3446 εὐσεβείᾳ
2989 3374 3079 3429 καὶ
3137 3374 3428 3449 σεμνότητι
3485 3376 3609 3452 βίου
3667 3374 3866 3455 διαφυ-

2226 3459 2382 3532 λάξαι
2413 3480 2428 3495 ⁶
2475 3459 2659 3517 ἔπειτα
2689 3461 2746 3518 δὲ
2792 3462 2884 3518 καὶ
2926 3463 3128 3526 πάντας
3171 3465 3300 3527 τοὺς
3348 3464 3676 3541 αἱρετικοὶδς,
3729 3467 3863 3522 κατὰ

2221 3551 2284 3606 τὸ
2315 3547 2540 3607 δυνατὸν
2572 3551 2742 3624 αὐτῷ,
2772 3551 2908 3627 πρὸς
2938 3553 3036 3622 τήν
3067 3550 3379 3629 ὀρθοδοξίαν
3419 3555 3512 3609 καὶ
3539 3557 3639 3625 τήν
3671 3550 3860 3611 ἕνωσιν

2221 3644 2320 3706 τῆς
2350 3640 2676 3712 Ἐκκλησίας
2725 3639 3039 3717 ἐπιστρέψαι
3070 3642 3357 3716 (αἱρετικοὶ
3408 3640 3466 3698 δὲ
3510 3649 3628 3708 τοῖς
3670 3647 3864 3719 νόμοις

2221 3732 2310 3786 καὶ
2367 3735 2484 3793 τοῖς
2531 3730 2717 3786 κανόσι
2762 3730 3078 3800 καλοῦνται,
3122 3733 3208 3787 καὶ
3257 3732 3312 3786 οἱ
3351 3736 3420 3808 τῇ
3463 3731 3737 3808 καθολικῇ
3785 3733 3860 3808 μή

2221 3823 2604 3882 κοινῶνοῦντες
2653 3819 2970 3895 Ἐκκλησία)
3004 3841 3018 3854 ο
3065 3816 3142 3876 ἔτι
3196 3819 3254 3876 δὲ
3297 3823 3386 3877 καὶ
3433 3825 3562 3886 τοὺς
3604 3823 3864 3885 ἀπίστους

2223 3907 2311 3964 διὰ
2365 3913 2464 3980 τῆς
2518 3909 2775 3986 λαμπρᾶς
2836 3909 2926 3966 καὶ
2999 3911 3302 3986 θαυμασίας
3374 3912 3538 3968 αὐτοῦ
3614 3915 3861 3990 πράξεως

2221 3997 2567 4070 ἐκπλήττων,
2617 3999 2860 4072 μιμητὰς
2905 4006 3132 4070 ποιῆσαι
3182 4003 3280 4070 τῆς
3327 4000 3582 4073 πίστεως,
3611 4003 3862 4062 καὶτοὺς

2219 4090 2458 4165 ὁρῶντας
2512 4091 2580 4145 τὰ
2653 4083 2786 4166 ἔργα
2850 4086 3014 4145 αὐτοῦ
3071 4089 3365 4167 λατρευτὰς
3420 4098 3520 4162 τῆς
3593 4091 3863 4168 παναγίας

2216 4181 2308 4234 καὶ
2356 4177 2654 4252 ὁμοουσίου
2701 4176 2948 4254 Τριᾶδος,
2993 4181 3056 4235 τὸ
3104 4181 3227 4236 ὅσον
3276 4179 3362 4237 ἐπ’
3403 4181 3553 4256 αὐτῷ
3608 4181 3859 4258 ἀπεργά-

2217 4272 2426 4331 σασθαι.

2285 4360 2451 4424 Τέλος
2505 4364 2584 4434 τῷ
2641 4362 2957 4436 πατριάρχῃ
3016 4362 3050 4432 ἡ
3109 4365 3220 4418 τῶν
3277 4363 3857 4438 καταπεπιστεᾶμὲνων

2214 4449 2364 4521 αὐτῷ
2411 4452 2606 4526 ψυχῶν
2653 4451 2918 4525 σωτηρία,
2957 4451 3048 4506 καὶ
3093 4445 3161 4506 τὸ
3218 4455 3314 4526 ζῇν
3365 4452 3460 4527 μὲν
3510 4452 3562 4510 ἐν
3607 4454 3857 4528 Χριστῷ,

2217 4538 2583 4614 ἐσταυρῶσθαι
2615 4536 2672 4594 δὲ
2699 4544 2778 4614 τῷ
2807 4540 3022 4614 κόσμῳ.

2290 4626 2429 4685 Ἴδια
2485 4631 2851 4705 πατριάρχου,
2897 4631 2962 4686 τὸ
3018 4629 3156 4686 εἶναι
3214 4627 3546 4702 διδακτικόν,
3602 4630 3665 4687 τὸ
3722 4633 3860 4708 πρὸς

2215 4719 2416 4781 πάντας
2478 4719 2725 4794 ὑψηλοὺς
2777 4740 2837 4774 τε
2893 4719 2981 4774 καὶ
3035 4722 3323 4784 ταπεινοὺς
3389 4720 3862 4797 ἆστενοχωρήτως

2216 4810 2547 4882 ἐξισοῦσθαι,
2586 4809 2677 4862 καὶ
2725 4813 2895 4880 πρᾶον
2931 4808 3028 4880 μὲν
3076 4809 3209 4864 εἶναι
3258 4810 3396 4882 πρὸς
3446 4809 3680 4871 ἅπαντος
3731 4809 3863 4870 τοὺς

2215 4897 2644 4974 ἐντυγχάνοννας
2713 4903 2832 4958 ταῖς
2907 4895 3280 4961 διδασκαλίαις
3313 4917 3327 4930 ·
3405 4897 3722 4975 ἐλεγκτικὸν
3801 4896 3862 4954 δὲ

2217 4988 2350 5059 πρὸς
2399 4987 2525 5048 τοὺς
2573 4985 2926 5047 ἀπειθοῦντας
2957 5004 2970 5017 ·
3026 4986 3156 5060 ὑπὲρ
3204 4984 3261 5041 δέ
3305 4994 3405 5056 τῆς
3452 4985 3737 5058 ἀληθείας,
3769 4986 3861 5042 καὶ

2211 5081 2310 5145 τῆς
2370 5073 2698 5144 ἐκδικήσεως
2755 5079 2863 5129 τῶν
2925 5072 3234 5150 δογμάτων,
3283 5076 3372 5130 καὶ
3428 5083 3529 5145 τῆς
3575 5078 3861 5150 συντηρήο

2214 5186 2347 5226 σεως
2380 5167 2478 5220 τοῦ
2526 5161 2736 5218 δικαίου
2783 5163 2874 5218 καὶ
2912 5171 3013 5233 τῆς
3059 5160 3329 5227 εὐσεϐείας
3373 5159 3559 5221 λαϐεῖν
3606 5165 3858 5220 ἐναντίον

2217 5253 2485 5329 βασιλέων
2517 5254 2606 5308 καὶ
2641 5255 2718 5326 μὴ
2751 5252 3124 5328 αἰσχύνεσθαι.

2284 5436 2392 5499 Τῆς
2421 5429 2701 5495 πολιτείας
2731 5430 2792 5488 ἐκ
2842 5436 3018 5508 μερῶν
3049 5431 3138 5488 καὶ
3192 5433 3398 5509 μορίων
3437 5430 3729 5509 ἀναλόγως
3777 5437 3859 5506 τῷ

2212 5541 2316 5576 τινι
2368 5520 2634 5595 ἀνθρώπῳ
2692 5523 3102 5596 συνισταμένης,
3144 5521 3211 5578 τὰ
3268 5523 3496 5600 μέγιστα
3544 5522 3635 5578 καὶ
3693 5522 3858 5596 ἆναγ·

2212 5611 2472 5665 καιότατα
2534 5611 2671 5684 μέρη
2736 5611 2988 5686 βασιλεύς
3045 5610 3154 5666 ἐστι
3211 5612 3303 5666 καὶ
3360 5611 3708 5688 πατριάρχης
3761 5610 3861 5665 Διὸ

2213 5699 2304 5756 καὶ
2345 5701 2380 5771 ἡ
2424 5699 2559 5755 κατά
2605 5701 2791 5776 ψυχὴν
2842 5701 2932 5759 καὶ
2981 5704 3140 5778 σῶμα
3186 5705 3292 5758 τῶν
3353 5700 3610 5776 ὑπηκόων
3654 5699 3858 5779 εἰρήνη
