4098 6332
238 346 351 408 109

1270 332 1700 401 SYNTAGMA
1746 329 2375 394 ALPHABETICUM.
2425 365 2499 376 —
2544 336 2611 391 II.

3530 334 3649 395 110

238 477 330 530 καὶ
380 470 708 548 εὐδαιμονία
756 467 1041 546 βασιλείας
1083 466 1196 524 ἐστὶ
1243 467 1333 522 καὶ
1385 464 1795 542 ἀρχιερωσύνης
1841 461 1934 562 ἐνί

2049 478 2227 533 arum,
2275 466 2396 519 tam
2463 463 2655 534 quoad
2718 464 2972 522 animam
3038 481 3212 537 quam
3276 481 3511 538 corpus,
3562 470 3653 524 est

242 571 415 622 πᾶσιν
448 563 809 640 ὁμοφροσύνη
842 560 931 615 καὶ
962 556 1264 633 συμφωνία.

315 748 382 804 Ὁ
462 737 1101 801 Κωνσταντινουπόλεως
1187 737 1375 813 θρόνος
1465 735 1716 809 βασιλείᾳ
1788 734 1906 792 ἐπι.

2008 552 2239 625 imperii
2270 567 2336 609 ac
2365 553 2668 610 sacerdotii
2698 554 2760 609 in
2789 553 3063 611 omnibus
3096 556 3408 613 concordia
3430 559 3487 613 et
3514 571 3655 613 con-

2012 657 2241 699 εοιιειιε.

2086 731 2262 789 Sedes
2309 730 2972 807 ConstantinOpolitena,
3014 748 3143 807 quas
3190 733 3433 808 imperio
3481 733 3659 793 coho-

259 834 566 908 κοσμηθεὶς
617 838 740 895 ταῖς
800 827 1104 891 συνοδικαῖς
1172 829 1377 904 ψήφοις
1432 831 1650 902 πρῶτος
1708 825 1910 902 ἀνηγο-

2049 826 2305 891 ιθεῑαῐυν,
2336 823 2581 879 decretis
2626 823 3004 896 synodalibus
3051 824 3316 882 omnium
3348 825 3537 897 prima
3564 824 3663 882 ds-

250 924 426 1001 ρεύθη
462 941 478 954 ’
506 922 599 984 αἷς
628 922 681 975 οἱ
715 921 853 975 θεῖοι
896 915 1423 978 κωακολουθοῦντες
1465 915 1628 988 νόμοι
1675 913 1766 968 καὶ
1816 912 1912 976 τᾶς

2017 913 2239 970 olarata
2286 911 2439 967 fuit:
2470 912 2624 969 unde
2669 912 3093 985 imperatorum
3137 915 3485 979 sanctiones,
3537 930 3663 988 quas

256 999 365 1069 ύπὸ
421 1009 553 1073 τοὺς
610 1009 832 1084 ἑτέρους
880 1008 1103 1083 θρόνους
1155 1005 1410 1079 γινομένα
1473 999 1913 1084 ἀμφισϐητήσεις

2049 1002 2220 1058 ιιὴωο
2240 1008 2564 1073 sequuntur
2591 1001 2725 1059 lites
2744 1002 2806 1058 in
2836 1002 2969 1060 aliis
2990 1004 3229 1060 sedibus
3258 1006 3309 1060 si
3329 1019 3453 1075 quas
3476 1002 3666 1059 orian-

260 1103 369 1159 ὑπὸ
401 1103 503 1170 τὴν
560 1099 763 1156 ἐκείνου
813 1098 1236 1173 προστάττουσιν
1269 1094 1624 1170 ἀναφέρεσθαι
1671 1090 1912 1170 διάγνω-

2049 1108 2139 1158 ur,
2162 1091 2234 1147 ad
2264 1092 2512 1164 hujusce
2533 1091 2730 1150 throni
2758 1093 3148 1165 cognitionem
3171 1110 3237 1150 ac
3259 1092 3550 1165 judicium
3583 1108 3666 1150 re-

257 1213 339 1247 σιν
372 1191 465 1245 καὶ
500 1189 699 1264 κρίσιν.

330 1281 567 1336 Πάντων
641 1283 752 1333 τῶν
835 1274 1262 1352 μητροπόλεων,
1349 1275 1439 1329 καὶ
1535 1272 1917 1342 ἐπισκοπείων,

266 1368 654 1444 μοναστηρίων
711 1387 768 1422 τε
823 1367 915 1421 καὶ
1000 1364 1307 1436 ἐκκλησιῶν
1395 1366 1431 1432 ἡ
1518 1364 1747 1439 πρόνοια
1824 1375 1919 1431 καὶ

266 1460 514 1539 οροντὶς,
574 1454 655 1512 ἔτι
712 1454 772 1510 δὲ
817 1456 907 1511 καὶ
961 1457 1162 1531 κρίσις,
1238 1452 1329 1509 καὶ
1414 1453 1751 1529 κατάκρισις,
1826 1449 1917 1508 καὶ

266 1538 550 1614 ἆθὼωσις,
600 1549 681 1616 τῷ
741 1545 929 1616 οἰκείῳ
977 1543 1294 1621 πατριάρχῃ
1356 1541 1648 1598 ἀνάκειται.
1706 1545 1793 1615 Τῷ
1864 1538 1921 1596 δὲ

263 1633 905 1696 Κωνσταντινουπόλεως
960 1630 1212 1708 προέδρῳ
1269 1627 1435 1702 ἔξεστι
1499 1630 1590 1686 καὶ
1676 1630 1727 1687 ἐν
1800 1634 1920 1692 ταῖς

264 1732 371 1782 τῶν
400 1724 599 1781 ἄλλων
633 1722 839 1798 θρόνων
872 1721 1125 1797 ἅνορίαις,
1154 1719 1210 1777 ἒν
1241 1724 1325 1783 οἷς
1375 1720 1474 1776 ούκ
1524 1719 1635 1776 ἔστι
1682 1721 1924 1795 προκαθ-

271 1817 492 1893 ιέρωσις
553 1819 722 1886 ναῶν,
770 1814 1148 1886 σταυροπγςγια
1195 1808 1423 1882 διδόναι,
1471 1810 1534 1866 οὐ
1595 1812 1706 1884 μὴν
1779 1808 1928 1865 ἀλλὰ

265 1908 355 1962 καὶ
386 1907 489 1967 τὰς
520 1904 578 1959 ἐν
632 1908 750 1964 τοῖς
800 1900 1000 1964 ἄλλοις
1050 1901 1270 1974 θρόνοις
1319 1898 1607 1977 γινομενας
1655 1893 1935 1978 ἀμφισϐη-

262 1997 454 2069 τήσεις
514 1993 797 2069 ἐπιτηρεῖν
840 1992 932 2046 καὶ
994 1988 1362 2065 διορθοῦσθαι,
1395 1990 1486 2046 καὶ
1536 1989 1705 2065 πέρας
1764 1988 1933 2044 ἐπιτι.

261 2087 404 2139 θέναι
464 2088 588 2144 ταῖς
646 2082 885 2155 κρίσεσιν
920 2101 933 2113 ·
996 2081 1259 2142 ὡσαύτως
1314 2079 1407 2133 καὶ
1475 2079 1787 2151 μετανοίας,
1838 2071 1929 2131 καί

262 2174 608 2249 ἐπιστροφῆς
673 2170 1083 2244 ἁμαρτημάτων
1141 2169 1232 2224 καὶ
1288 2167 1567 2243 αἱρέσεων,
1609 2167 1766 2229 αὐτὸς
1815 2187 1885 2221 κα

266 2265 437 2336 μόνος
466 2260 788 2322 καθίςταται
821 2257 1105 2328 διαιτητής
1133 2279 1193 2313 τε
1220 2257 1311 2311 καὶ
1344 2258 1615 2335 γνώμων.

332 2373 606 2426 ΚΕΦΑΛ.
633 2366 887 2442 θ’.Περὶ
917 2386 1037 2438 περ
1059 2363 1404 2434 ιοδευτῶν,
1430 2362 1580 2434 ἤτοι
1613 2362 1932 2439 ἐξάρχων.

328 2479 501 2546 Ζήτει
537 2475 591 2528 ἐν
621 2479 703 2545 τῷ
744 2471 793 2527 λ’
821 2472 1104 2550 κεφαλαίῳ
1159 2476 1256 2527 τοῦ
1315 2474 1356 2528 E
1406 2472 1685 2546 στοιχείου
1742 2470 1933 2525 κανόνα

264 2569 362 2636 τὴς
394 2565 453 2620 ἐν
486 2561 791 2633 Λαοδικείᾳ
821 2560 1051 2616 συνόδου
1090 2562 1187 2631 νζ’.

480 2672 749 2727 ΚΕΦΑΔ.
775 2667 1006 2743 Ι’.ῐ1ερὶ
1028 2666 1309 2729 πίστεως
1333 2664 1717 2743 ὀρθοδόξου.

338 2780 506 2849 Ζήτέι
526 2777 594 2830 τὸ
622 2772 920 2852 κεφάλαιον
941 2777 1106 2830 τοῦτο
1140 2772 1249 2850 πρὸ
1277 2778 1375 2831 τοῦ
1395 2784 1442 2832 Α
1476 2774 1773 2850 στοιχείου.

354 2976 627 3029 ΚΕΦΔΛ.
664 2971 766 3029 ΙΔ’.
794 2968 1361 3046 Περὶ-πλεονεξίας
1388 2971 1495 3025 καὶ
1528 2970 1862 3047 ἁρπαγῆς.

340 3066 512 3134 Ζήτει
541 3062 609 3116 τὸ
645 3061 717 3135 ιβ’
739 3058 1034 3139 κεφάλαιον
1054 3063 1154 3115 τοῦ
1186 3067 1229 3116 Α
1259 3060 1560 3136 σσοιχείου.

342 3158 404 3206 ‘0
435 3149 496 3206 εὶ
542 3151 711 3227 μέγας
764 3148 1066 3225 Γρηγόριος
1122 3151 1150 3205 ὁ
1208 3149 1424 3220 Νύσσης
1471 3149 1525 3204 ἒν
1572 3151 1653 3223 τῷ
1707 3150 1782 3224 ς’
1832 3169 1930 3204 κα-

2023 1180 2160 1236 ierri
2185 1180 2411 1251 iubent.

2094 1269 2370 1328 Omnium
2422 1268 2593 1343 plane
2637 1272 3014 1331 ecclesiarum
3066 1270 3671 1349 metropolitanarum,

2026 1363 2085 1416 et
2124 1360 2587 1432 episcopatuum,
2615 1367 2674 1418 et
2716 1362 3222 1432 monasteriorum,
3254 1366 3429 1435 atque
3475 1360 3673 1417 Eccle-

2026 1449 2238 1506 siarum
2288 1450 2651 1520 providentia
2697 1455 2755 1509 et
2779 1469 2942 1521 cura,
2972 1454 3089 1510 imo
3137 1453 3313 1509 etiam
3361 1449 3675 1521 recognitio

2028 1553 2095 1601 ac
2133 1553 2405 1609 censura,
2435 1543 2613 1612 atque
2658 1542 2946 1599 absolutio
2990 1543 3063 1599 ad
3096 1542 3397 1615 proprium
3429 1540 3677 1613 patriar-

2028 1627 2200 1683 cham
2252 1630 2518 1700 pertinet.
2564 1631 2806 1688 Prmeuli
2854 1646 2990 1688 vero
3038 1628 3679 1702 Constantinopolitano

2031 1703 2166 1774 licet
2194 1718 2368 1775 etiam
2390 1719 2449 1775 in
2481 1719 2733 1776 aliorum
2766 1720 3110 1778 thronorum
3143 1719 3407 1776 districta
3438 1718 3676 1790 largiri:

2035 1822 2222 1879 neque
2244 1808 2301 1863 id
2332 1809 2543 1878 solum,
2566 1810 2667 1865 sed
2699 1814 2756 1866 et
2785 1809 2937 1876 lites,
2961 1826 3086 1881 qum
3119 1808 3179 1864 in
3208 1808 3342 1865 aliis
3372 1806 3683 1878 provinciis

2038 1902 2359 1963 moventur,
2391 1900 2700 1955 observem
2730 1907 2783 1956 et
2809 1898 3119 1967 moderari,
3150 1902 3208 1954 et
3236 1897 3468 1970 penitus
3500 1897 3687 1953 deter-

2037 1984 2292 2053 minare;
2316 1986 2443 2059 ipse
2472 1988 2689 2059 pariter
2708 1994 2767 2044 et
2794 1988 3143 2059 paenitentia
3172 1995 3346 2059 atque
3367 1987 3686 2042 conversio-

2037 2075 2127 2130 nis
2156 2093 2190 2130 a
2218 2076 2445 2132 delictis
2476 2094 2542 2133 ac
2573 2078 2896 2134 haeresibus
2925 2079 2979 2135 ei
3012 2077 3249 2150 quidem
3282 2075 3442 2132 solus
3472 2076 3688 2131 consti-

2034 2166 2219 2221 tuitur
2247 2171 2478 2223 exactor
2504 2173 2562 2223 et
2588 2168 2935 2240 explorator.

2135 2364 2290 2421 220
2319 2365 2470 2420 CAP.
2507 2366 2594 2423 IX.
2628 2367 2699 2422 De
2736 2366 3131 2436 visilalom'bus,
3158 2366 3272 2423 sive
3307 2364 3584 2422 exercitis.

2106 2471 2305 2535 Quare
2350 2473 2409 2527 in
2458 2476 2646 2545 capite
2685 2473 2756 2528 30
2802 2473 3007 2531 litteras
3051 2477 3093 2529 E
3140 2491 3423 2531 canonem
3473 2470 3683 2545 synodi

2038 2559 2370 2617 Laodicenis
2396 2563 2486 2616 57.

2425 2670 2581 2727 CAP.
2613 2670 2682 2726 Χ.
2716 2674 2796 2727 De
2821 2670 2935 2743 ﬁde
2963 2670 3284 2728 orthodoxa.

2038 2861 2053 2918 Ι
2108 2775 2246 2833 Vide
2279 2792 2408 2850 cap.
2443 2776 2821 2846 Prmfationis,
2853 2796 2981 2851 qua
3010 2778 3343 2836 immediate
3391 2774 3685 2849 praecedit,

2061 2862 2149 2918 ιιι.
2180 2867 2247 2918 Α.

2061 2862 2149 2919 ιιι.
2180 2867 2247 2921 Α.

2372 2975 2523 3031 CAP.
2555 2975 2650 3032 Χῐ.
2685 2976 2758 3032 De
2785 2978 3031 3033 avaritia
3057 2984 3110 3032 et
3140 2978 3357 3048 rapina.

2110 3062 2362 3120 Consule
2390 3081 2516 3136 cap.
2550 3065 2619 3119 12
2646 3064 2753 3120 litt.
2786 3067 2851 3121 A.

2114 3149 2361 3222 Magnus
2392 3156 2585 3207 autem
2608 3150 2928 3226 Gregorius
2957 3151 3256 3225 Nyssenus
3277 3151 3337 3207 in
3368 3166 3588 3207 canone
3616 3149 3685 3218 G,

266 3242 411 3298 νόνι.
436 3242 520 3298 Τὸ
543 3214 662 3307 ,τῆς
706 3214 1190 3311 εἰδωλολατρείας,
1221 3238 1407 3317 φησὶν,
1440 3237 1604 3308 εἶδος,
1623 3214 1780 3295 ὀὔτ-ω
1826 3240 1927 3314 γὰρ

2049 3214 2276 3309 Species
2308 3239 2416 3296 ista
2462 3214 2825 3309 idololatriae,
2856 3214 3047 3312 inquit
3087 3240 3195 3313 (ita
3239 3241 3397 3297 enim
3449 3214 3687 3297 sanctus

268 3331 532 3403 ὠνόμασε
573 3330 678 3395 τήν
733 3326 1045 3397 πλεονεξίαν
1107 3329 1137 3381 ὁ
1196 3326 1368 3404 μέγας
1424 3326 1780 3398 ’Δπόστολος,
1829 3328 1927 3383 οὐκ

268 3417 379 3475 οἷδ’
411 3421 568 3479 ὅπως
621 3416 985 3491 ἀθεράπευτον
1034 3417 1138 3472 ὑπὸ
1175 3421 1286 3471 τῶν
1346 3419 1601 3493 Πατὲρων
1642 3420 1800 3491 ἡμῶν
1832 3438 1926 3472 πε-

273 3510 496 3586 ριώφθη
516 3526 532 3539 ⁸
564 3506 742 3561 καίτοι
771 3526 836 3580 γε
867 3503 1017 3561 δοκεῖ
1042 3508 1105 3562 τὸ
1146 3511 1395 3562 τοιοῦτον
1426 3509 1591 3563 κακὸν
1622 3514 1722 3578 τῆς
1770 3528 1930 3583 τριτ-

269 3605 376 3667 τῆς
406 3596 463 3652 ὲν
515 3600 588 3669 τῇ
631 3598 787 3671 ψυχῇ
827 3597 1205 3658 καταστάσεως
1252 3595 1421 3659 πάθος
1466 3598 1621 3653 εἶναι.
1674 3598 1775 3653 Καὶ
1823 3596 1928 3671 γὰρ

272 3688 304 3741 ὁ
354 3684 634 3760 λογισμὸς
689 3690 790 3752 τῆς
846 3682 945 3739 τδῦ
1000 3683 1173 3739 καλοῦ
1210 3684 1437 3759 κρίσεως
1487 3685 1832 3761 ἁμαρτάνων,
1877 3684 1930 3738 ἐν

270 3780 348 3850 τῇ
380 3774 494 3848 ὕλῃ
537 3774 605 3828 τὸ
657 3770 826 3827 καλὸν
884 3775 996 3827 εἷνα
1041 3774 1384 3849 φαντάζεται,
1416 3775 1477 3828 οὐ
1508 3777 1643 3848 πρὸς
1671 3774 1734 3829 τὸ
1761 3771 1929 3831 ἇϋλον

273 3858 610 3919 ἀναϐλέπων
668 3860 898 3925 κάλλος.
953 3862 1050 3917 Καὶ
1097 3865 1133 3932 ἠ
1188 3861 1448 3935 ἐπιθυμία
1502 3865 1640 3939 πρὸς
1682 3864 1748 3918 τὰ
1784 3863 1931 3918 κάτω

276 3953 383 4028 ῥεῖ,
413 3955 516 4008 τοῦ
548 3949 787 4021 ἀληθοῦς
838 3951 1063 4026 ὀρεκτοῦ
1114 3950 1460 4027 ἀποῤῥὲουσα
1493 3972 1505 3985 ·
1537 3954 1626 4006 καὶ
1685 3954 1720 4021 ἡ
1770 3951 1932 4028 φιλό-

277 4042 461 4102 νεικός
522 4062 583 4096 τε
636 4041 729 4095 καὶ
785 4038 1049 4113 θυμώδης
1107 4039 1364 4111 διάθεσις,
1430 4040 1647 4103 πολλὰς
1705 4042 1764 4097 ἐκ
1834 4048 1933 4112 τῆς

278 4132 553 4200 τοιαύτης
580 4128 851 4204 ἁμαρτίας
892 4129 988 4192 τὰς
1028 4130 1280 4208 ἀφορμὰς
1332 4127 1597 4203 λαμϐάνει
1630 4149 1645 4162 ·
1702 4132 1816 4203 καὶ,
1871 4134 1936 4187 τὸ

282 4219 421 4276 ὅλον
452 4217 650 4288 εἰπεῖν,
679 4224 960 4297 συμφωνεῖ
1006 4221 1042 4289 ἡ
1100 4217 1326 4290 τοιαύτη
1357 4218 1517 4281 νόσος
1573 4224 1653 4291 τῷ
1711 4221 1937 4275 ἀποστο-

288 4308 440 4380 λικῷ
470 4313 574 4377 τῆς
599 4304 912 4378 πλεονεξίας
971 4306 1106 4383 ὅρῳ.
1140 4311 1198 4362 Ὀ
1240 4308 1345 4385 γὰρ
1403 4310 1546 4370 θεῖος
1602 4309 1937 4372 Ἀπόστολος

284 4398 348 4454 οὗ
384 4395 557 4472 μόνον
586 4396 758 4464 αὐτὴν
790 4393 1268 4471 εἶδωλολατρείαν,
1300 4393 1448 4451 ἀλλά
1474 4399 1565 4453 καὶ
1598 4396 1747 4473 ῥίζαν
1770 4398 1938 4452 ἁπάν-

284 4508 397 4543 των
458 4490 574 4541 των
630 4488 809 4539 κακῶν
855 4484 1191 4562 ἀπεφήνατο.
1232 4486 1335 4542 Καὶ
1383 4485 1539 4558 ὅμως
1580 4488 1644 4542 τὸ
1688 4491 1940 4542 τοιοῦτον

2035 3330 2352 3399 Apostolus
2399 3330 2702 3387 avaritiam
2732 3332 2988 3402 vocavit),
3021 3331 3286 3387 Patribus
3331 3332 3551 3386 nostris
3583 3345 3689 3385 ns-

2038 3419 2156 3473 scio
2186 3434 2258 3472 an
2290 3422 2569 3490 tanquam
2602 3419 2945 3476 insanabilis
2972 3422 3207 3495 penitus
3238 3421 3501 3492 neglecta
3530 3419 3641 3474 fuit
3670 3434 3685 3485 ;

2037 3504 2331 3574 siquidem
2364 3505 2595 3562 videtur
2625 3506 2845 3564 malum
2878 3507 3021 3563 illud
3054 3508 3230 3564 tertia
3256 3508 3566 3577 cujusdam
3597 3508 3690 3563 fa—

2039 3595 2276 3650 cultatis
2324 3602 2537 3651 animas
2585 3597 2782 3669 passio
2831 3612 2976 3653 esse.
3013 3598 3179 3653 Ratio
3231 3597 3410 3661 enim,
3442 3612 3568 3668 quas
3618 3595 3690 3653 de

2041 3684 2189 3740 bono
2212 3684 2508 3755 judicium
2542 3686 2688 3741 ferre
2716 3686 2909 3752 debet,
2941 3688 3192 3754 aberrat,
3215 3697 3386 3758 atque
3414 3685 3475 3740 in
3508 3690 3661 3741 mete

2040 3773 2125 3827 rie
2149 3774 2364 3828 bonum
2391 3774 2567 3829 situm
2591 3790 2719 3830 esse
2750 3775 3085 3843 arbitratur,
3109 3774 3256 3830 nihil
3287 3777 3358 3831 ad
3385 3774 3562 3830 decus
3580 3773 3663 3828 im

2044 3862 2346 3918 materiale
2378 3863 2713 3934 respiciens.
2744 3865 2818 3919 Et
2847 3865 3338 3936 concupiscentia,
3369 3883 3405 3920 υ.
3432 3879 3565 3922 vero
3595 3881 3691 3936 ap-

2044 3959 2269 4031 pctibili
2299 3959 2613 4025 divertens,
2646 3960 2718 4014 ad
2760 3975 2826 4015 ea
2853 3975 2976 4029 quas
3007 3963 3149 4013 sunt
3177 3957 3329 4013 infra
3359 3955 3645 4012 delabitur
3673 3978 3688 4017 ;

2044 4050 2340 4122 appetitus
2369 4065 2501 4104 vero
2531 4048 2842 4104 irascibilis
2893 4053 3064 4120 atque
3095 4049 3397 4103 animosus
3428 4045 3693 4120 plerum-

2044 4154 2158 4210 que
2187 4154 2256 4194 ex
2279 4137 2377 4193 illo
2399 4153 2589 4194 errore
2608 4138 2973 4194 occasionem
2992 4136 3191 4193 sumit.
3214 4139 3422 4209 Atque,
3448 4141 3512 4192 ut
3532 4150 3694 4190 sum-

2048 4228 2253 4282 matim
2284 4225 2511 4298 loquar,
2545 4226 2813 4282 convenit
2858 4225 3149 4295 ejusmodi
3180 4226 3419 4281 morbus
3463 4229 3698 4294 aposto-

2045 4316 2170 4373 licae
2215 4317 2539 4373 detinitioni
2587 4317 2861 4373 avaritia.
2894 4316 3147 4372 Sanctus
3190 4316 3349 4372 enim
3379 4313 3698 4387 Apostolus

2047 4420 2174 4461 eam
2224 4422 2341 4461 non
2392 4406 2582 4461 solum
2609 4404 2995 4461 idololatriam
3043 4421 3171 4461 esse
3220 4404 3488 4471 asseruit,
3517 4403 3614 4458 sed
3645 4410 3701 4457 et

2050 4495 2341 4549 malorum
2364 4494 2630 4551 omnium
2658 4494 2929 4550 radicem.
2951 4495 3139 4560 Quare
3168 4494 3344 4551 etiam
3368 4492 3699 4564 neglectum

287 4573 435 4637 εἶδος
497 4574 772 4652 παρώφθη
802 4580 902 4644 τῆς
939 4573 1098 4629 νόσου
1129 4573 1517 4630 ἀνεπίσκέπτόν
1570 4596 1629 4631 τε
1666 4575 1757 4630 καὶ
1804 4577 1934 4643 ἀτη-

2058 4584 2171 4638 luit
2202 4582 2344 4639 illud
2379 4585 2563 4639 morbi
2597 4600 2778 4647 genus
2810 4583 2967 4639 nulla
2997 4582 3258 4638 adhibita
3286 4598 3426 4637 cura
3454 4585 3556 4635 aut
3583 4594 3702 4635 me-

292 4667 544 4740 μὲλητον
591 4683 604 4695 ·
639 4660 724 4718 διὸ
754 4664 844 4718 καὶ
876 4662 1163 4738 πλεονάξει
1191 4666 1327 4719 κατὰ
1355 4671 1456 4734 τῆς
1503 4664 1836 4736 Ἐκκλησίας
1886 4681 1950 4735 τὸ

292 4761 551 4812 τοιοῦτον
582 4752 925 4832 ἁρρώστημα
964 4773 979 4788 ⁸
1006 4756 1097 4809 καὶ
1128 4753 1306 4817 οὐδεὶς
1339 4755 1467 4817 τοὺς
1525 4754 1613 4811 ἔπὶ
1668 4757 1760 4811 τὸν
1816 4756 1951 4827 κλῆ-

304 4867 398 4921 ρον
454 4844 757 4919 ἀγομένους
828 4844 1259 4920 περιεργάζεται.
1325 4847 1527 4918 μήπως
1580 4850 1662 4917 τῷ
1715 4849 1953 4920 τοιούτῳ

301 4932 435 5001 εἴδει
468 4941 573 5004 τῆς
603 4930 1067 5008 εἰδωλολατρείας
1113 4934 1569 5008 κατεμιάνθησαν.
1602 4934 1777 4990 Ἀλλὰ
1830 4940 1952 5014 περὶ

298 5024 533 5092 τούτων,
568 5020 658 5077 διὰ
711 5023 775 5078 τὸ
832 5024 1115 5097 παρεῖσθαι
1171 5029 1288 5086 τοῖς
1340 5028 1606 5098 Πατράςιν
1651 5033 1836 5101 ἡμῶν,
1868 5032 1957 5105 ἀρ-

299 5118 414 5169 κεῖν
447 5112 735 5187 ἡγούμεθα
775 5115 857 5184 τῷ
908 5108 1162 5185 δημοσίῳ
1214 5121 1315 5183 τῆς
1374 5111 1729 5181 διδασκαλίας
1778 5118 1956 5195 λόγῳ,

303 5203 454 5263 ὅπως
511 5200 575 5256 ἄν
636 5200 756 5256 οἷόν
813 5220 871 5257 τε
920 5199 979 5271 ᾖ,
1042 5202 1370 5275 θεραπεύειν,
1447 5207 1538 5260 καὶ
1605 5206 1784 5283 ὥσπερ
1840 5211 1959 5264 τινὰ

303 5289 634 5366 πληθωρικὰ
713 5296 817 5361 τῆς
902 5288 1296 5363 πλεονεκτικῆς
1379 5292 1685 5369 ἆρῥωστίας
1767 5300 1960 5353 καθαί-

310 5399 441 5455 ρειν.

312 5474 562 5553 ΚῐζιξΑΑ,
596 5474 966 5553 [Ε’,ςοπως
999 5466 1101 5553 δεῖ
1135 5475 1635 5553 πνευματικιοὺς
1674 5480 1959 5553 πατέρας

380 5542 778 5619 οἰκονομεῖν
819 5542 980 5604 τοὺς
1019 5540 1249 5604 αὐτοῖς
1297 5540 1959 5624 ἰξομολογουμένους

380 5655 532 5726 Ζήτει
594 5652 694 5725 νρῦ
753 5657 805 5708 Μ
859 5648 1141 5726 στοιχείου
1198 5672 1318 5728 κειρ,
1360 5655 1421 5727 ε’,
1469 5657 1530 5729 ς’,
1591 5659 1652 5728 ζ’,
1684 5660 1740 5730 η’
1774 5661 1861 5715 καὶ
1894 5663 1957 5717 θ’.

2061 4673 2191 4729 dela
2224 4690 2237 4727 :
2268 4673 2422 4728 unde
2453 4689 2555 4744 per
2586 4673 2897 4728 Ecclesiam
2930 4676 3234 4744 grassatur
3265 4671 3369 4726 hoc
3398 4670 3625 4736 vitium,
3647 4677 3702 4724 et

2064 4778 2234 4817 nemo
2282 4761 2585 4834 quisquam
2637 4762 2742 4817 hos
2791 4762 2888 4833 qui
2919 4762 2990 4817 ad
3038 4762 3370 4817 clericatum
3419 4759 3706 4814 accedunt

2063 4850 2372 4922 diligenter
2400 4851 2693 4918 obserVat,
2714 4868 2783 4906 ne
2815 4852 2961 4907 forte
2990 4849 3098 4905 hoc
3128 4847 3467 4904 idololatriae
3495 4862 3706 4917 genere

2065 4940 2354 5010 inquinati
2388 4940 2622 4996 fuerint.
2656 4940 2761 4996 Sed
2806 4942 2993 5011 quoad
3028 4939 3162 5004 ista,
3193 4936 3330 5008 quia
3376 4936 3571 4992 Patres
3602 4952 3703 4991 no-

2065 5030 2172 5085 stri
2213 5046 2280 5085 ea
2325 5030 2830 5101 praetermiserunt,
2859 5044 3227 5085 communem
3267 5026 3587 5097 disciplinas
3616 5043 3705 5082 ra-

2066 5121 2284 5173 tionem
2314 5118 2582 5174 sufﬁcere
2612 5119 2985 5185 arbitramur,
3015 5134 3131 5187 qua
3160 5117 3481 5171 curandum
3514 5115 3609 5180 sit,
3643 5123 3706 5170 ut

2068 5208 2222 5276 licet,
2262 5211 2339 5276 et,
2371 5207 2523 5278 quod
2555 5207 2612 5262 in
2666 5208 2927 5279 plethora
2965 5206 3089 5261 ﬁeri
3135 5204 3302 5275 solet,
3334 5204 3704 5277 purgandum

2069 5294 2319 5353 avarities
2347 5295 2575 5352 vitium.

2069 5477 2221 5534 CAP.
2254 5478 2372 5534 XII.
2404 5482 2667 5551 Quonam
2712 5478 2874 5534 modo
2914 5481 3156 5551 Oporteat
3196 5481 3375 5548 palres
3401 5474 3713 5550 spirituum

2493 5567 2551 5607 se
2577 5566 2766 5620 gerere
2792 5565 2922 5620 erga
2957 5551 3288 5621 conﬁtentes.

2142 5659 2282 5719 Vide
2313 5657 2424 5715 litt.
2456 5662 2527 5714 Μ.
2560 5674 2687 5730 cap.
2718 5657 2775 5725 5,
2803 5658 2858 5723 6,
2879 5657 2935 5730 7,
2965 5658 3000 5713 8
3030 5667 3083 5717 et
3109 5660 3164 5717 9.
