4098 6332
389 373 495 432 111

1658 377 2034 440 ΜΑΤΤΗᾸΞΙ
2079 373 2378 436 BLASTA
2389 371 2508 432 RIS

3662 373 3780 433 112

382 519 537 576 CAP.
572 519 717 576 XIII.
769 519 919 588 Quod
977 521 1315 576 animalibus
1370 521 1641 591 suffocatis
1694 523 1834 576 vesci.
1879 515 2026 572 Imm!

2185 515 2444 568 ΚΕΦΑΛ.
2477 513 2580 566 ll".
2615 508 2858 565 Ὀτιού
2891 505 2992 563 δεῖ
3019 509 3258 564 πνικτά
3289 514 3420 580 ζῶα
3450 509 3720 568 ἐσθίειν.

1121 594 1300 648 liceat.

456 697 535 754 Ex
599 711 820 754 canone
865 697 936 754 63
982 704 1313 756 sanctorum
1377 696 1798 770 apostolorum,
1855 700 2030 767 atque

386 785 559 844 etiam
589 787 659 842 67
688 787 892 860 synodi
921 792 1113 858 sextae,
1134 803 1346 844 sanum
1368 803 1498 844 esse
1519 787 1752 843 videtur
1779 789 1837 842 et
1865 783 2030 841 valde

384 877 724 946 absurdum,
758 875 932 934 hosce
960 879 1263 935 brutorum
1294 877 1638 934 animalium
1661 875 2029 948 jugulatione

385 966 735 1038 sanguinem
769 984 882 1023 non
911 967 1072 1040 prius
1114 983 1392 1024 evacuare
1420 967 1521 1039 qui
1567 965 1792 1023 illorum
1825 978 2029 1021 carnes

386 1057 534 1112 22]
608 1057 918 1112 comesturi
986 1067 1142 1114 sunt.
1175 1057 1427 1114 Vetitum
1467 1062 1558 1112 est
1606 1075 1640 1112 a
1683 1054 1878 1112 bellua
1924 1071 2028 1109 ca-

383 1149 548 1216 ptum
581 1144 666 1201 vel
688 1147 1014 1203 emortuum
1047 1147 1234 1216 edere,
1255 1151 1432 1218 atque
1463 1145 1642 1202 etiam
1664 1145 1737 1201 ob
1765 1147 2026 1200 ventrem

381 1223 645 1289 voracem
695 1235 953 1306 cujusvis
999 1234 1266 1291 animalis
1297 1235 1638 1305 sanguinem
1683 1237 1803 1290 arte
1832 1231 2030 1302 aliqua

379 1321 744 1379 esculentum
779 1322 1036 1380 reddere.
1069 1323 1214 1380 Nam
1245 1322 1476 1380 etiamsi
1520 1322 1672 1379 Deus
1704 1325 1837 1394 post
1865 1320 2027 1376 dilu-

379 1412 540 1467 vium
573 1409 796 1468 homini
826 1413 1174 1470 concesserit
1201 1428 1307 1469 nos
1335 1412 1530 1468 minus
1559 1427 1730 1483 quam
1753 1410 1826 1467 de
1852 1409 2029 1465 oleri-

379 1499 494 1556 bus
541 1515 610 1555 ex
658 1499 846 1556 brutis
892 1501 1293 1557 animantibus
1340 1501 1536 1556 cibum
1583 1516 1807 1572 capere,
1850 1497 2029 1554 veluit

379 1595 575 1646 tamen
599 1607 803 1647 carnes
833 1607 948 1646 una
970 1606 1102 1646 cum
1136 1590 1423 1663 sanguine
1443 1590 1653 1647 anime
1683 1590 1870 1646 edere.
1895 1588 2028 1644 San-

380 1679 514 1752 guis
535 1679 690 1737 enim
726 1680 782 1736 in
804 1681 992 1736 brutis
1024 1680 1232 1736 animm
1256 1679 1539 1736 rationem
1561 1678 1800 1736 obtinet.
1820 1678 2028 1742 Quam-

379 1769 579 1828 obrem
631 1770 804 1826 etiam
853 1770 1100 1844 apostoli
1147 1770 1207 1826 in
1244 1770 1487 1826 Actibus
1536 1770 1935 1835 decreverunt,
1967 1771 2028 1822 ut

378 1859 578 1959 ﬁdeles
609 1859 780 1959 sicuti
807 1861 878 1959 ab
912 1860 1248 1959 idolothytis
1277 1864 1337 1915 et
1376 1859 1776 1959 fornicatione,
1809 1859 1972 1959 itaet
1993 1875 2026 1912 a
2055 1893 2104 1959 Β

378 1949 660 2006 sutfocato
683 1949 1047 2006 abstinerent
1071 1967 1086 2018 ;
1117 1949 1220 2022 qui
1243 1965 1374 2007 vero
1405 1965 1632 2020 cunque
1653 1949 1805 2006 hanc
1832 1947 2026 2018 injun-

381 2037 634 2093 ctionem
687 2038 1128 2110 parvipendent,
1161 2038 1209 2094 si
1255 2039 1375 2094 sint
1405 2054 1474 2094 ex
1519 2039 1720 2094 ordine
1749 2035 2024 2105 clericali,

379 2127 739 2197 depositione
770 2129 1109 2198 percellunt,
1134 2127 1314 2184 laicos
1343 2132 1538 2183 autem
1570 2126 2026 2183 excommunica-

380 2217 553 2273 tione.
585 2217 770 2274 Latini
801 2223 1020 2285 tamen,
1042 2233 1238 2274 sacros
1271 2218 1444 2275 hosce
1472 2233 1726 2276 canones
1749 2215 1895 2273 nihil
1924 2232 2022 2272 cu-

380 2315 595 2376 rantes,
628 2313 846 2366 temere
875 2310 1155 2366 suﬂ‘ocata
1181 2309 1481 2366 devorant.

1138 2491 1267 2548 Lex.

451 2597 648 2654 Sancit
676 2597 1011 2654 constitutio
1059 2598 1284 2654 novella
1310 2598 1381 2653 58
1415 2597 1620 2654 Leonis
1661 2598 2026 2670 imperatoris

375 2689 496 2742 tam
511 2702 609 2742 eos
623 2687 720 2758 qui
738 2687 1176 2756 venduntquam
1198 2687 1298 2758 qui
1315 2687 1626 2744 comedunt
1641 2689 2026 2760 quodcunque

376 2777 437 2832 in
467 2793 531 2833 se
561 2778 911 2848 sanguinem
963 2777 1244 2845 continet,
1279 2776 1472 2848 ﬂagris
1523 2794 1703 2833 ceses
1737 2777 2023 2834 bonorum

377 2865 825 2936 publicationem
875 2865 1188 2928 sustinere,
1237 2870 1296 2922 et
1345 2870 1480 2922 cute
1524 2871 1698 2923 tenus
1755 2867 2026 2922 tonsione

377 2953 714 3020 deformari,
763 2962 818 3010 et
877 2962 1151 3026 perpetuo
1217 2955 1419 3012 exsilio
1477 2955 1736 3021 multari,
1786 2959 1843 3010 et
1894 2971 2025 3010 ma-

377 3043 660 3116 gistratus
691 3043 790 3116 qui
820 3043 1022 3100 isthmc
1071 3063 1184 3101 non
1218 3045 1570 3117 puniverint.
1604 3048 1804 3102 decem
1845 3046 2023 3101 libra-

380 3149 510 3189 rum
541 3133 667 3190 auri
699 3132 948 3189 multam
983 3135 1198 3196 subire.

879 3238 1036 3296 CAP.
1064 3240 1214 3296 XIV.
1247 3240 1322 3297 De
1345 3243 1534 3314 panis.

455 3347 656 3413 Quare
683 3345 743 3402 in
777 3347 844 3402 12
869 3347 1056 3420 capite
1086 3347 1198 3406 litt.
1231 3352 1272 3402 Σ
1303 3365 1583 3406 canonem
1613 3350 1648 3405 5
1679 3350 1884 3421 synodi
1919 3352 2033 3406 An-

385 3437 691 3493 tiochense.

1117 3529 1302 3598 Leges.

453 3630 682 3686 Nullam
717 3631 1018 3688 mulierem
1050 3639 1282 3706 propter
1308 3634 1586 3690 actionem
1616 3635 2034 3707 pecuniariam,

382 3718 498 3776 sive
530 3719 762 3791 publica
784 3720 973 3786 fuerit,
1007 3722 1126 3778 sive
1153 3722 1396 3794 privata,
1428 3722 1514 3778 vel
1553 3739 1794 3779 causam
1827 3742 2032 3796 quam-

381 3824 632 3880 cunque,
665 3815 765 3865 aut
811 3809 870 3864 in
919 3811 1244 3868 custodiam
1291 3812 1500 3882 conjici
1537 3811 1828 3884 volumus,
1871 3820 1972 3869 aut
2000 3832 2034 3870 a

379 3896 522 3952 viris
569 3898 872 3964 custodiri,
911 3915 982 3954 ne
1025 3901 1168 3956 forte
1197 3917 1262 3957 ea
1307 3900 1612 3958 occasione
1658 3901 2033 3960 inveniantur

382 3989 571 4060 quoad
597 3989 936 4061 pudicitiam
963 3993 1352 4064 corruptionis
1374 4010 1504 4048 reae.
1526 3993 1630 4048 Sin
1665 4011 1798 4050 vero
1821 3995 2032 4066 gravis-

379 4081 575 4136 sinum
607 4081 684 4136 sit
712 4081 951 4152 crimen,
985 4085 1135 4156 quod
1169 4083 1458 4154 objicitur,
1487 4083 1758 4139 trudatur
1807 4087 1865 4140 in
1898 4101 2031 4141 mo-

382 4172 698 4228 nasterium
742 4171 828 4228 vel
878 4172 1222 4230 mulieribus
1273 4175 1548 4236 tradatur,
1583 4181 1644 4229 ut
1680 4179 1801 4230 tuto
1831 4181 2028 4232 custe-

381 4261 598 4329 diatur,
627 4261 810 4318 donec
838 4277 931 4319 res
960 4262 1062 4319 ﬁat
1091 4262 1422 4320 manifesta.

453 4443 512 4500 Si
541 4443 856 4516 imperator
885 4461 1110 4516 pinnam
1142 4445 1316 4503 alicui
1349 4447 1673 4516 denuntiet,
1709 4448 2029 4508 damnatus

381 4549 453 4587 ne
481 4533 679 4589 statim
711 4533 1005 4605 puniatur,
1036 4536 1135 4591 sed
1162 4535 1466 4592 differatur
1494 4536 1554 4593 in
1585 4536 1713 4594 dies
1743 4538 1814 4593 30
1845 4554 2030 4610 pmna

378 4621 621 4678 inﬂictio
657 4639 670 4676 :
705 4638 836 4678 nam
870 4623 1108 4680 forsitan
1130 4624 1360 4680 veniam
1390 4625 1729 4682 obtinuerit.

451 4801 692 4871 Liberis,
725 4804 826 4874 qui
857 4799 1000 4857 nihil
1035 4801 1171 4857 mali
1205 4807 1524 4874 patrarunt,
1549 4806 1781 4876 patrum
1816 4804 2030 4861 delicta

381 4890 534 4946 haud
560 4896 788 4959 nocent,
817 4907 1003 4962 neque
1032 4889 1348 4946 liberorum
1373 4891 1648 4964 patribus.
1667 4893 1855 4966 Caput
1871 4893 2028 4950 enim

381 4978 627 5035 crimina
657 4986 989 5052 sequuntur.

454 5155 620 5212 Vetat
649 5157 986 5214 constitutio
1020 5155 1104 5214 vel
1139 5171 1344 5212 manus
1377 5157 1578 5214 ambas
1611 5155 1696 5214 vel
1728 5156 1902 5230 pedes
1929 5157 2033 5214 ab-

455 5244 598 5303 indi.

455 5261 466 5298 I
519 5261 598 5303 αι.

386 5261 628 5390 8alanna
678 5333 890 5390 metalli
938 5339 1028 5391 est
1057 5334 1391 5406 quempiam
1443 5335 1708 5391 damnari
1738 5333 1810 5390 ad
1855 5334 2034 5392 ashe-

391 5427 544 5479 stum
575 5424 1042 5494 praeparandum,
1067 5430 1168 5479 aut
1223 5422 1475 5494 sulphur
1511 5423 1925 5481 eii'odiendum.

464 5511 600 5568 Vide
638 5518 696 5566 et
727 5511 784 5566 in
812 5512 848 5564 9
871 5514 1056 5582 capite
1099 5511 1210 5568 litt.
1242 5514 1316 5581 M,
1350 5517 1409 5568 et
1440 5512 1498 5568 in
1527 5513 1562 5565 9
1591 5513 1780 5585 capite
1829 5513 2035 5569 littere

387 5610 425 5659 Δ
457 5619 584 5660 can.
614 5600 686 5656 50
716 5600 944 5658 concilii
973 5601 1466 5675 Carthaginensis.

2053 4624 2103 4689 Ι)
2135 4613 2307 4668 θέσθω
2337 4611 2386 4667 λ’
2415 4614 2623 4686 ἡμέρας
2665 4614 2701 4681 ἡ
2749 4612 2866 4666 κατ’
2913 4611 3081 4667 αὐτοῦ
3135 4613 3378 4688 τιμωρία
3412 4633 3425 4646 ·

2207 695 2294 763 Τῷ
2324 692 2398 766 ξγ¹
2438 689 2620 743 κανόνι
2649 691 2756 743 τῶν
2802 687 2971 764 ἆγίων
3021 686 3364 760 ἀποστόλων,
3396 691 3528 765 πρὸς
3578 687 3636 746 δὲ
3684 693 3776 746 καὶ

2135 782 2215 850 τῷ
2243 779 2316 848 Et:
2341 781 2442 843 τῆς
2475 780 2517 839 ς’
2549 775 2798 845 συνόδου,
2832 777 3034 848 ἀπηνὲς
3071 778 3205 833 εἶναι
3255 776 3403 834 δοκεῖ
3447 779 3538 834 καὶ
3597 779 3778 853 ἀτεχ-

2135 873 2244 932 νῶς
2298 866 2502 943 ἄλογον
2542 867 2606 922 τὸ
2659 867 2736 940 μὴ
2785 870 3000 942 πρῶτον
3045 866 3293 923 ἐκκενοῦν
3338 872 3408 943 τῇ
3447 889 3622 946 σφαγῃ
3665 873 3778 926 τῶν

2138 957 2358 1034 ἀλόγων
2383 958 2537 1027 ζώων
2564 957 2628 1010 τὸ
2657 959 2796 1030 αἷμα
2825 958 2952 1018 τοὺς
2998 962 3106 1012 τῶν
3163 961 3337 1032 κρεῶν
3385 957 3556 1014 αὐτῶν
3612 955 3781 1014 ἅπτε-

2139 1046 2259 1099 σθαι
2323 1041 2647 1117 μέλλοντας.
2709 1043 3030 1118 Ἀπείρηται
3117 1041 3175 1098 δὲ
3255 1046 3343 1099 καὶ
3431 1045 3780 1120 θηριάλωτον

2137 1131 2328 1188 ἐσθίειν
2377 1133 2410 1202 ἢ
2460 1132 2738 1202 νεθνηκὸς,
2785 1127 2864 1185 ἔστι
2909 1129 2965 1185 δὲ
3010 1131 3100 1186 καὶ
3163 1129 3251 1186 διὰ
3297 1135 3396 1203 τὴν
3449 1131 3638 1208 λίχνον
3679 1155 3780 1209 γα-

2138 1223 2319 1298 στέρα,
2378 1224 2516 1295 αἷμα
2568 1219 2900 1292 οἱουδ-ιςποτε
2985 1223 3148 1290 ζώου,
3212 1221 3376 1297 τέχνῃ
3454 1222 3558 1277 τινὶ
3612 1244 3780 1278 κατα-

2137 1313 2410 1380 σκευάζειν
2445 1307 2734 1384 ἐδώδιμον.
2773 1309 2836 1365 Ei‘
2883 1310 2988 1384 γὰρ
3029 1310 3118 1364 καὶ
3170 1311 3304 1384 μετά
3349 1311 3439 1366 τὸν
3498 1311 3782 1367 κατακλυ-

2137 1400 2275 1474 σμὸν
2303 1400 2330 1454 ὁ
2363 1400 2490 1462 Θεὸς
2527 1405 2644 1462 τοῖς
2694 1399 3002 1474 ἀνθρώποις
3058 1399 3316 1476 ἐπέτρεψε
3361 1405 3468 1456 τῶν
3515 1399 3774 1480 λαχάνων

2136 1489 2244 1564 οὐχ
2299 1491 2463 1559 ἧττον
2509 1488 2577 1544 τὰ
2631 1485 2808 1564 ἄλογα
2856 1491 2966 1542 τῶν
3027 1489 3181 1556 ζώων
3219 1491 3491 1544 ποιεῖσθαι
3544 1493 3779 1567 τροφὴν,

2134 1577 2283 1634 ἀλλά
2329 1577 2458 1652 κρὲα
2512 1577 2563 1632 ἐν
2622 1573 2812 1650 ατίματι
2863 1581 3049 1653 ψυχῆς
3097 1575 3290 1632 ἐσθίειν
3334 1577 3594 1654 ἀπείρηκε
3635 1597 3650 1612 ⁶
3713 1580 3778 1634 τὸ

2135 1667 2240 1742 γὰρ
2288 1668 2431 1740 αἷμα
2479 1667 2664 1741 ψυχῆς
2713 1664 2766 1720 ἐν
2803 1671 2921 1740 γοῖς
2978 1665 3205 1741 ἀλόγοις
3271 1665 3458 1742 ἐπέχει
3523 1665 3772 1742 δύναμιν.

2137 1756 2234 1810 Διὰ
2272 1760 2434 1810 τοῦτο
2483 1756 2573 1811 καὶ
2617 1756 2669 1810 οἱ
2716 1753 3017 1811 ἀπὸστολοι
3066 1753 3121 1810 ἐν
3158 1762 3279 1819 ταῖς
3339 1757 3587 1831 Πραξεσι,
3638 1759 3776 1830 μετὰ

2131 1849 2229 1900 τοῦ
2261 1843 2624 1901 είδωλοθύτου
2676 1844 2764 1900 καὶ
2805 1851 2905 1914 τῆς
2945 1844 3221 1920 πορνείας,
3255 1849 3342 1900 καί
3373 1845 3480 1901 ἀπὸ
3507 1851 3604 1901 τοῦ
3651 1867 3778 1901 πνιο

2132 1938 2262 1989 κτοῦ
2293 1931 2799 2012 παραφυλάττεσθαι
2831 1935 3287 2007 νενομοθετήκασι
3329 1934 3456 1996 τοὺς
3499 1936 3726 1998 πιστούς
3763 1957 3774 1969 ·

2132 2027 2250 2087 τοῖς
2280 2019 2337 2076 δὲ
2365 2021 2564 2092 ταύτην
2601 2021 2724 2097 περὶ
2774 2020 3070 2095 ἐλαχίστου
3121 2021 3423 2095 τιθεμένοις
3477 2025 3578 2094 τήν
3634 2021 3780 2078 ἐντιι⁶

2135 2110 2258 2179 λῆν,
2291 2109 2367 2172 εἰς
2392 2110 2695 2184 κληρικοὺς
2734 2110 2826 2182 μὲν
2874 2109 3118 2178 τελοῦσι,
3165 2107 3320 2181 δίκην
3371 2110 3628 2187 ἐπάγουσι
3674 2113 3776 2182 τὴν

2132 2200 2464 2273 καθαίρεσιν,
2497 2199 2802 2278 ἀφορισμὸν
2846 2197 2903 2253 δὲ
2949 2205 3070 2261 τοῖς
3114 2203 3211 2254 τοῦ
3259 2198 3414 2256 λαοῦ.
3446 2199 3512 2255 O'i
3545 2221 3606 2277 γε
3665 2202 3778 2274 μήν

2134 2295 2382 2358 Λατῖνοι,
2449 2289 2538 2344 καὶ
2612 2293 2719 2344 τῶν
2798 2289 2957 2364 ἱερῶν
3008 2289 3216 2344 τούτων
3276 2287 3776 2367 κατολιγωροῦντες

2133 2379 2394 2450 κανόνων,
2427 2375 2597 2441 ἀδεῶς
2623 2376 2861 2434 ἐσθίουσι
2891 2379 2958 2434 τὰ
2988 2379 3206 2435 πνικτά.

2853 2488 3103 2560 Νόμος.

2205 2598 2267 2653 Ἡ
2301 2595 2358 2652 δὲ
2382 2597 2465 2666 νη¹
2501 2595 2664 2670 νεαρά
2703 2599 2800 2650 τοῦ
2851 2594 3120 2667 βασιλέως
3171 2597 3400 2658 Λὲοντος
3459 2593 3774 2671 διορίζεται,

2132 2687 2258 2750 τοὺς
2283 2687 2376 2762 μὲν
2406 2686 2725 2746 πωλοῦντας
2772 2685 2808 2755 ἢ
2856 2683 3127 2745 ἐσθίοντας
3179 2683 3325 2748 εἶδος
3381 2683 3772 2757 οἱονδηποτοῦν

2137 2777 2366 2852 μετέχον
2412 2774 2663 2849 α’ίματος,
2708 2775 3086 2846 αἰκιζομένους
3150 2772 3501 2848 δημεύεσθαι,
3549 2776 3641 2831 καὶ
3685 2775 3777 2832 διὰ

2131 2871 2229 2936 τῆς
2262 2866 2315 2922 ἐν
2367 2871 2490 2942 χρῷ
2540 2865 2739 2939 κουρὰς
2779 2863 3131 2936 ἀτιμοῦσθαι,
3177 2865 3268 2918 καὶ
3314 2863 3568 2943 ἀειφυγίᾳ
3614 2887 3780 2922 κατα..

2132 2957 2405 3032 κρίνεσθαι
2435 2975 2446 2988 ·
2507 2954 2634 3016 τοὺς
2694 2952 2752 3008 δὲ
2810 2955 2888 3026 μὴ
2943 2953 3010 3008 τὰ
3055 2957 3278 3008 τοιαῦτα
3313 2951 3655 3017 ἐκδικοῦντας
3684 2953 3781 3028 ἄρ-

2134 3066 2334 3122 χοντας
2364 3041 2492 3100 δέκα
2522 3043 2711 3118 λίτρας
2744 3043 3069 3116 ζημιοῦσθαι
3101 3043 3358 3118 χρυσίου.

2511 3241 2771 3296 ΚΕΦΑΛ.
2801 3238 2898 3293 ῐΔ’.
2935 3235 3084 3309 Περὶ
3107 3256 3187 3292 πο
3205 3241 3380 3296 ινῶν.

2213 3349 2368 3418 Ζήτει
2392 3343 2443 3401 ἐν
2473 3349 2554 3418 τῷ
2588 3345 2656 3420 ιβ’
2703 3341 2982 3420 κεφαλαίῳ
3010 3346 3106 3398 τοῦ
3135 3351 3175 3399 Σ
3213 3343 3486 3420 στοιχείου
3515 3347 3709 3401 κανόνα
3740 3348 3778 3402 ε’

2139 3443 2241 3506 τῆς
2272 3435 2322 3490 ἐν
2352 3434 2664 3512 Ἀντιοχείᾳ
2693 3429 2942 3488 συνόδου.

2851 3521 3096 3595 Νόμομ

2211 3630 2482 3706 Οὕδεμίαν
2513 3635 2742 3706 γυναῖκα
2791 3629 2924 3704 ὑπὲρ
2967 3637 3322 3704 χρηματικῆς
3377 3629 3552 3693 αἰτίας
3609 3629 3780 3705 δημο·

2141 3721 2260 3784 σίας
2309 3723 2344 3792 ἢ
2395 3717 2698 3789 ἰδιωτικῆς,
2730 3719 2764 3788 ἢ
2801 3719 2932 3794 ὑπὲρ
2972 3717 3322 3794 ἐγκλήματος
3361 3719 3707 3792 οἱουδήποτε,
3741 3721 3776 3792 ἢ

2140 3811 2214 3874 εἷς
2262 3811 2498 3885 φρουρὰν
2553 3807 2850 3882 βάλλεσθαι
2899 3812 3317 3884 συγχωροῦμεν,
3356 3811 3392 3880 ἢ
3439 3807 3511 3864 δι’
3565 3807 3779 3884 ἀνδρῶν

2140 3899 2520 3974 φυλάττεσθαι,
2549 3895 2645 3951 ’ίνα
2677 3897 2755 3971 μή
2789 3894 2878 3950 διὰ
2920 3901 3030 3951 τῶν
3077 3898 3342 3952 τοιούτων
3390 3900 3651 3978 ἀφορμῶν
3681 3899 3780 3954 εύ-

2140 3991 2333 4062 ρεθῶσι
2376 3988 2499 4062 περὶ
2541 3989 2639 4056 τὴν
2689 3985 3047 4062 σωφροσύνην
3110 3987 3526 4061 ἀτιμαζόμεναι.
3592 3989 3650 4045 Εἰ
3720 3987 3778 4046 δὲ

2143 4075 2438 4153 βαρύτατον
2477 4075 2563 4146 εἴη
2605 4075 2665 4129 τὸ
2715 4069 2988 4148 ἔγκλημα,
3038 4073 3120 4152 ἐφ’
3148 4076 3194 4147 ᾧ
3239 4082 3652 4151 κατηγορεῖται,
3701 4077 3780 4140 εἰς

2141 4167 2502 4240 μοναστήριον
2572 4158 2955 4237 ἐμϐαλλὲσθω,
3012 4163 3046 4233 ἢ
3118 4165 3322 4240 γυναιξὶ
3372 4161 3778 4239 παραδιδόσθω,

2137 4255 2276 4310 ὥστε
2319 4253 2574 4332 ἂσφαλῶς
2631 4254 2934 4330 τηρεῖσθαι,
2963 4251 3070 4316 ἓως
3105 4253 3168 4308 οὗ
3215 4255 3279 4310 τὸ
3335 4259 3563 4330 πρᾶγμα
3617 4276 3783 4334 φανε-

2139 4347 2313 4421 ρωθῇ.

2209 4435 2332 4492 Ἐὰν
2371 4432 2616 4510 ἐπαγάγῃ
2651 4433 2679 4488 ὁ
2723 4431 2980 4507 βασιλεὺς
3021 4432 3292 4507 τιμωρίαν
3329 4431 3455 4504 rivi,
3489 4435 3568 4508 μή
3610 4433 3782 4491 κολαο

2139 4526 2309 4594 ζὲσθω
2358 4529 2699 4598 παραχρῆμα
2756 4524 2786 4576 ὁ
2840 4519 3270 4595 καταδικασθεὶς,
3340 4520 3470 4578 ἀλλ’
3552 4523 3782 4598 ὑπερτι-

3477 4611 3609 4675 ἴσως
3667 4615 3774 4689 γὰρ

2135 4703 2372 4773 τεύξεται
2399 4701 2832 4778 φιλανθρωπίας.

2205 4790 2339 4852 Τοὺς
2389 4789 2558 4864 μηδὲν
2609 4787 3003 4864 ἡμαρτηκότας
3042 4788 3238 4852 παῖδας
3279 4789 3346 4846 τὰ
3408 4793 3516 4847 τῶν
3574 4792 3780 4846 παντέ-

2139 4902 2248 4957 ρων
2301 4880 2668 4956 ἁμαρτήματα
2711 4881 2773 4934 οὐ
2819 4875 3216 4949 καταϐλάπτει,
3269 4877 3394 4935 οὐδὲ
3448 4880 3574 4942 τοὺς
3618 4881 3782 4936 πατὲ-

2142 4991 2234 5046 ρας
2263 4971 2330 5026 τα
2357 4974 2463 5024 τῶν
2490 4969 2688 5025 τὲκνιιιν
2724 4987 2739 5004 ’
2772 4969 2838 5025 τὰ
2884 4967 2986 5044 γὰρ
3037 4969 3402 5043 ἁμαρτήματα
3448 4973 3518 5044 τῇ
3561 4973 3777 5046 κεφαλῇ

2137 5059 2378 5119 ἕπονται.

2211 5150 2564 5224 Ἀπαγορεύει
2613 5151 2648 5218 ἡ
2717 5146 2950 5221 διάταξις
2999 5147 3307 5229 ἀμφοτέρας
3359 5149 3644 5222 τὲμνεσθαι
3685 5149 3781 5206 ea:

2143 5244 2356 5315 χεῖρας,
2388 5238 2422 5309 ἧ
2454 5237 2582 5299 τοὺς
2614 5234 2807 5300 πόδας.

2215 5329 2386 5397 Ποινὴ
2449 5325 2724 5400 μετάλλου
2808 5325 2918 5381 ἐστῖ
2973 5325 3036 5381 τὸ
3126 5323 3582 5397 καταδικασθῆναι
3661 5347 3782 5383 τινα

2143 5413 2397 5473 ἄσϐεστον
2432 5421 2626 5487 ποιεῖν,
2657 5418 2690 5486 ἢ
2725 5417 2868 5471 θεῖον
2899 5415 3168 5490 ἀρύττειν.

2215 5509 2375 5577 Ζάτει
2404 5505 2492 5560 καὶ
2524 5504 2576 5560 ἐν
2603 5509 2684 5578 τῷ
2723 5507 2765 5560 θ’
2802 5504 3082 5585 κεφαλαίῳ
3111 5509 3209 5561 τοῦ
3257 5511 3309 5563 Μ
3357 5505 3658 5584 στοιχείου.
3689 5507 3782 5561 καὶ

2147 5597 2200 5653 ἐν
2230 5601 2310 5667 τῷ
2339 5597 2380 5650 θ’
2413 5615 2537 5672 κεφ,
2571 5597 2669 5650 τοῦ
2699 5603 2737 5650 Δ
2767 5595 3044 5673 στοιχείου
3073 5594 3273 5651 κανόνα
3319 5601 3361 5650 ν’
3389 5601 3490 5666 τῆς
3528 5593 3582 5651 ἐν
3634 5602 3782 5670 Καρ-

2146 5687 2340 5764 θαγένῃ
2365 5683 2614 5744 συνόδου.
