4098 6332
234 430 343 492 113

298 652 460 718 Ζήτει
512 647 566 704 ἓν
611 655 692 722 τῷ
748 649 832 706 ιδ’.
865 669 982 728 κεφ.
1026 651 1122 703 τοῦ
1163 655 1218 706 M
1263 650 1542 725 στοιχείου
1588 649 1788 705 κανόνα
1836 647 1882 705 δ’

232 744 323 794 τοῦ
392 737 643 814 μεγάλου
704 737 1010 813 Γρηγορίου
1068 738 1308 807 Νύσσης,
1360 737 1507 801 ὅστις
1565 740 1655 795 καὶ
1712 740 1788 804 εἰς
1835 742 1882 794 θ’

235 824 470 905 χρόνους
497 827 626 890 τοὺς
652 828 892 901 πόρνους
922 826 1275 901 ἐπιτιμᾶσθαι
1305 826 1537 884 κελεύει.

298 919 362 974 Ὀ
402 915 461 972 δὲ
508 917 674 991 μέγας
733 915 1040 985 Βασίλειος,
1072 915 1124 972 ἐν
1171 920 1250 987 τῷ
1288 919 1357 972 νθ’
1384 917 1594 988 κανόνι,
1622 919 1713 973 τὸν
1748 920 1885 994 πόρ-

227 1028 316 1061 νον
383 1006 583 1081 μέχρις
638 1005 921 1067 ἑπταετίας
982 1011 1083 1075 τῆς
1138 1006 1428 1067 κοινωνίας
1505 1005 1770 1083 ἀπείργει.
1816 1007 1883 1065 Εἴ

231 1097 337 1172 γὰρ
369 1095 460 1150 καὶ
493 1094 545 1149 ἓν
577 1098 656 1166 τῷ
686 1090 774 1148 κδ’
803 1092 1012 1165 κανόνι,
1039 1095 1097 1150 ’ὁν
1126 1095 1216 1149 καὶ
1250 1097 1400 1164 ζήτει
1451 1093 1503 1150 ἐν
1547 1100 1627 1167 τῷ
1659 1098 1723 1171 ιγ’
1762 1117 1882 1173 κεφ.

226 1189 326 1239 τοῦ
373 1190 417 1241 Α
468 1182 771 1259 στοιχείου,
814 1184 949 1257 μετᾶ
995 1184 1302 1259 τετραετίαν
1354 1181 1505 1239 δοκεῖ
1570 1184 1722 1240 λύειν
1769 1192 1887 1248 τοῖς

229 1274 511 1334 τοιούτοις
555 1274 622 1327 τὸ
667 1272 964 1347 ἐπιτίμιον,
1005 1272 1132 1329 ἀλλ’
1178 1273 1306 1348 οὖχί
1358 1274 1588 1347 γνώμην
1660 1275 1883 1344 οἰκείαν,

231 1364 331 1431 τήν
385 1360 443 1417 δὲ
497 1366 607 1418 τῶν
655 1362 762 1437 πρὸ
812 1362 976 1418 αὐτοῦ
1027 1362 1280 1435 Πατέρων
1329 1363 1643 1440 εἰσήνεγκε·
1674 1366 1776 1436 τήν
1825 1387 1889 1440 γε

239 1453 345 1524 μὴν
405 1451 692 1506 ἑπταετίαν
752 1450 823 1526 τῇ
901 1447 1015 1522 ἰδίᾳ
1081 1453 1254 1526 κρίσει
1309 1451 1515 1507 τούτων
1583 1455 1886 1533 κατεψηφίο

232 1562 385 1610 σατο,
421 1538 724 1615 βαρύτερον
774 1540 810 1610 ἢ
869 1542 920 1596 οἱ
970 1541 1076 1615 πρὸ
1122 1540 1289 1597 αὐτοῦ
1334 1543 1436 1611 τὴν
1493 1542 1742 1617 πορνείαν
1790 1565 1887 1599 κο-

232 1631 440 1701 λάζων,
501 1626 685 1704 ὥσπερ
762 1629 869 1704 ἄρα
948 1631 1036 1686 καὶ
1118 1628 1278 1706 ἕτερα
1351 1635 1461 1687 τῶν
1546 1634 1731 1688 παθῶν
1790 1632 1887 1689 οὐκ

235 1723 421 1800 ὀλίγα.

303 1812 439 1886 Περὶ
470 1808 533 1866 δὲ
560 1814 660 1865 τοῦ
686 1810 901 1887 γυναικὶ
931 1814 1311 1874 συνοικοῦντος
1342 1812 1572 1886 νομίμῳ
1600 1812 1692 1868 καὶ
1740 1832 1886 1887 παρ-

1264 427 1693 491 SYNTAGMA
1746 428 2379 492 ALPHABETICUM.
2427 463 2504 474 -
2546 435 2615 486 II.

562 564 816 616 ΚΕΦΑΛ.
864 565 947 615 1Ε.
994 560 1147 633 Περὶ
1187 562 1525 634 πορνείας.
1900 563 1956 631 Α

3528 425 3639 488 IM-

2306 560 2467 618 222
2498 560 2651 618 CAP.
2686 559 2801 615 XV.
2836 563 2915 615 De
2942 561 3322 630 fornicatione.

2064 653 2262 717 Quaere
2291 651 2351 707 in
2384 651 2451 706 14
2481 665 2608 721 cap.
2643 649 2761 706 litt.
2794 651 2845 704 Μ
2876 664 3156 705 canonem
3201 650 3234 703 4
3268 647 3461 721 magni
3493 648 3642 704 Gre-

1992 742 2432 814 goriiNysseni,
2466 742 2565 813 qui
2596 742 2656 797 in
2712 741 3067 798 novennium
3118 740 3495 798 fornicatores
3540 757 3645 795 ca-

1993 834 2197 905 stigari
2221 832 2411 903 jubet.

2065 923 2314 995 Magnus
2345 925 2540 977 autem
2563 920 2837 987 Basilius,
2870 920 2928 976 in
2960 935 3182 977 canone
3236 936 3410 987 nono,
3462 919 3646 974 forni-

1994 1016 2251 1068 catorem
2277 1028 2378 1083 per
2396 1010 2769 1081 septennium
2790 1009 3201 1066 communione
3220 1008 3648 1080 privat.0uam-

1994 1100 2079 1157 vis
2110 1104 2267 1157 enim
2299 1117 2520 1157 canone
2548 1102 2623 1155 22
2649 1101 2843 1173 (quem
2879 1100 3089 1156 videsis
3121 1101 3179 1155 in
3210 1100 3400 1171 capite
3433 1100 3497 1155 l3
3526 1100 3642 1154 litt.

1993 1192 2082 1263 Α)
2129 1191 2396 1248 videatur
2473 1195 2605 1261 post
2686 1189 3132 1261 quadriennium
3221 1189 3375 1245 hisce
3455 1205 3647 1245 corre-

1994 1280 2248 1335 ctionem
2270 1277 2509 1347 solvere,
2528 1295 2640 1334 non
2655 1282 2849 1333 tamen
2871 1278 2952 1333 ibi
2965 1278 3258 1350 propriam
3274 1282 3646 1344 sententiam,

1995 1367 2097 1424 sed
2127 1369 2371 1423 Patrum
2409 1367 2855 1438 pra-cedentium
2890 1366 3108 1422 attulit.
3142 1366 3222 1421 Ex
3271 1365 3506 1438 propria
3535 1382 3647 1421 au-

1994 1463 2111 1513 tem
2138 1456 2429 1513 sententia
2467 1473 2568 1513 eos
2621 1458 2683 1513 in
2731 1455 3097 1528 septennium
3148 1454 3465 1521 damnavit,
3513 1471 3647 1528 gra-

1994 1545 2238 1616 viusque
2260 1545 2403 1601 adeo
2435 1560 2612 1618 quam
2641 1544 2741 1616 qui
2766 1549 3183 1616 praeesserunt
3204 1545 3646 1601 fornicationem

1996 1634 2239 1708 punivit,
2270 1634 2443 1690 sicuti
2474 1638 2531 1691 et
2560 1632 2833 1706 pleraque
2863 1632 2978 1690 alia
3008 1633 3163 1689 vitia.

2065 1815 2197 1871 Jam
2230 1830 2361 1870 vero
2393 1813 2462 1869 de
2493 1829 2559 1870 eo
2584 1811 2684 1886 qui
2714 1811 2978 1884 legitima
3006 1826 3141 1867 cum
3176 1826 3350 1867 uxore
3397 1827 3507 1868 sua
3552 1825 3651 1867 co-

234 1902 486 1962 νεύοντος
537 1901 689 1970 ζήτει
740 1897 793 1954 ἓν
842 1903 924 1971 τῷ
976 1901 1041 1962 ις’
1071 1899 1350 1979 κεφαλαίῳ
1391 1904 1488 1956 τοῦ
1540 1907 1574 1956 Γ
1615 1901 1891 1979 στοιχείου

2031 1904 2244 1970 ιοδὶιιιῑ,
2276 1901 2545 1976 quamvis
2595 1901 2932 1965 fornicatur,
2965 1900 3094 1955 vids
3123 1901 3182 1955 in
3214 1898 3409 1972 capite
3441 1899 3505 1953 l6
3535 1899 3648 1956 litt.

234 1992 437 2046 κανόνα
467 1990 568 2044 τοῦ
602 1988 848 2063 μεγάλου
884 1987 1167 2045 Βασιλείου
1201 1998 1301 2047 κα’.

304 2080 440 2153 Περὶ
498 2077 558 2133 δὲ
613 2083 708 2133 τοῦ
771 2083 999 2154 γυναῖκα
1071 2078 1334 2154 παρθένον
1408 2080 1721 2157 φθείραντος
1802 2082 1895 2157 βίᾳ

236 2171 386 2240 ζήτει
424 2169 492 2223 τὸ
524 2168 575 2222 λ’
599 2188 720 2243 κεφ.
751 2171 851 2223 τοῦ
889 2173 925 2223 Γ
958 2168 1256 2243 στοιχείου.

299 2260 364 2316 '0
424 2256 486 2313 δὲ.
564 2258 730 2333 μέγας
806 2256 1095 2319 Βασίλειος
1172 2257 1223 2312 ἐν
1289 2265 1363 2314 κε’
1419 2258 1627 2330 κανόνι,
1686 2262 1746 2313 '0
1794 2262 1894 2329 τήν

231 2350 614 2419 ἆμνήστευτον
667 2348 891 2423 φθείρας
935 2345 1221 2422 παρθένον,
1272 2349 1428 2423 φησί,
1468 2349 1556 2403 καὶ
1609 2348 1744 2421 μετᾶ
1793 2352 1891 2418 τὴν

232 2439 439 2514 φθορὰν
493 2439 585 2491 οἷα
630 2434 850 2509 συζῦγῳ
910 2436 1309 2514 χρώμενος,τὸ
1360 2438 1455 2508 μὲν
1495 2436 1583 2492 ἐπὶ
1613 2443 1682 2512 τῇ
1721 2440 1897 2516 φθορᾷ

234 2526 522 2598 ἐπιτίμιον
598 2525 983 2596 ὑποστήσεται.
1031 2526 1138 2594 Τὴν
1203 2523 1261 2580 δὲ
1322 2532 1569 2598 γυναῖκα,
1617 2530 1715 2597 τὴν
1780 2536 1895 2600 μετ’

237 2614 409 2670 αὑτοῦ
490 2610 800 2686 συμϐίωσιν
868 2615 1219 2688 αἱρουμένην,
1280 2614 1378 2670 οὐκ
1449 2616 1894 2691 ἀφαιρεθήσεται,

239 2706 287 2760 εἷ’
328 2726 396 2780 γε
445 2706 542 2759 καὶ
595 2705 648 2758 οἱ
692 2709 870 2778 γονεῖς
915 2711 1016 2773 τῆς
1045 2703 1216 2777 κόρης
1256 2701 1469 2775 δηλαδὴ
1503 2704 1894 2781 καταδέχοιντο

238 2790 313 2850 ἔτι
348 2791 529 2862 οὔσης
581 2792 921 2863 ὑπεξουσίου.
956 2794 1207 2848 Ἐκείνων
1251 2794 1356 2868 γὰρ
1410 2796 1485 2867 μὴ
1526 2795 1895 2870 ἀνεχομένων,

241 2884 270 2939 ὁ
300 2881 534 2959 φθείρας
593 2881 727 2937 κατᾶ
772 2882 900 2945 τοὺς
954 2880 1274 2944 πολιτικοὺς
1324 2883 1526 2957 νόμους
1567 2888 1897 2962 τιμωρηθή-

242 2993 420 3041 σεται,
454 2970 551 3033 οὖς
605 2971 696 3025 καὶ
755 2973 903 3041 ζήτει
960 2972 1095 3026 κατὰ
1149 2971 1212 3026 τὸ
1266 2972 1427 3046 ῥηθὲν
1486 2972 1533 3029 λ’
1588 2995 1708 3048 κεφ.
1731 2980 1828 3030 τοῦ
1862 2981 1898 3031 Γ

243 3059 555 3139 στοιχείου.

316 3150 445 3205 Ἐπὶ
495 3147 732 3223 τριετίαν
780 3144 838 3203 δὲ
875 3147 965 3203 καὶ
1005 3148 1033 3203 ὁ
1083 3150 1305 3226 φθείρας
1354 3148 1689 3226 ἐπιτιμᾶται,
1730 3152 1817 3208 καὶ
1862 3154 1897 3222 ἡ

2001 1999 2040 2048 Γ
2070 2009 2354 2050 canonem
2388 1992 2583 2063 magni
2618 1989 2813 2047 Basilii
2847 2005 3088 2045 numero
3116 1990 3208 2044 21.

2073 2084 2153 2139 De
2185 2098 2251 2137 so
2282 2081 2383 2153 qui
2416 2080 2698 2153 virginem
2730 2096 2833 2151 per
2865 2079 2981 2134 vim
3026 2078 3376 2149 stupraverit
3413 2076 3652 2135 consule

2002 2188 2129 2243 cap.
2163 2172 2233 2226 30
2263 2171 2374 2227 litt.
2407 2173 2464 2224 Γ.

2074 2261 2223 2316 Tum
2277 2276 2403 2315 vero
2455 2274 2700 2331 magnus
2749 2256 3003 2313 Basilius
3040 2258 3100 2311 in
3146 2272 3368 2312 canone
3409 2256 3502 2322 25,
3544 2256 3651 2323 Qui

2002 2351 2287 2422 virginem
2346 2349 2606 2405 nondum
2685 2348 3123 2419 desponsatam,
3190 2346 3401 2418 inquit,
3454 2362 3650 2402 corru-

2004 2441 2172 2511 perit,
2204 2453 2385 2509 eaque
2416 2442 2545 2508 post
2574 2442 2844 2505 stuprum
2876 2440 3154 2506 tanquam
3213 2436 3459 2506 conjuge
3511 2451 3649 2489 usus

2008 2529 2201 2596 fuerit,
2256 2524 2747 2597 constuprationis
2834 2540 3035 2595 pmuas
3092 2522 3275 2579 dabit.
3347 2522 3647 2580 Feminam

2005 2634 2157 2684 vero,
2190 2617 2239 2673 si
2260 2632 2388 2671 cum
2421 2614 2521 2671 illo
2555 2632 2667 2671 una
2698 2613 2886 2670 vivere
2914 2613 3072 2682 velit,
3120 2630 3235 2669 non
3295 2612 3642 2684 repudiabit,

2004 2706 2283 2764 nimirum
2318 2706 2636 2761 dummodo
2676 2707 2940 2776 parentes
2997 2702 3224 2775 puellae,
3283 2719 3406 2775 quin
3455 2702 3647 2757 adhuc

2004 2796 2115 2853 sub
2146 2798 2430 2868 potestate
2460 2794 2690 2850 illorum
2723 2794 2821 2862 sit,
2853 2793 2908 2848 id
2934 2794 3057 2848 fieri
3082 2793 3469 2864 permiserint.
3503 2797 3643 2847 Nam

2007 2886 2057 2942 si
2075 2885 2162 2941 illi
2185 2882 2595 2949 recusaverint,
2614 2886 2907 2955 stuprator
2929 2882 3248 2938 secundum
3272 2882 3429 2954 leges
3449 2881 3647 2937 civiles

2005 2975 2308 3047 punietur:
2358 2971 2510 3044 quod
2556 2971 2744 3028 disces
2809 2971 2985 3027 etiam
3050 2986 3116 3027 ex
3175 2970 3326 3028 dicto
3387 2987 3511 3042 cap.
3576 2971 3648 3025 30

2008 3064 2119 3120 litt.
2153 3066 2211 3116 Γ.

2077 3153 2311 3209 Pcsnam
2370 3155 2565 3208 autem
2624 3149 2967 3206 triennalsm
3029 3149 3138 3206 luit
3189 3157 3303 3206 tam
3359 3153 3654 3222 stuprator

249 3242 542 3318 φθαρεῖσα,
603 3237 739 3293 κατᾶ
813 3236 942 3302 τοὺς
1002 3239 1271 3311 κειμένοις
1335 3243 1433 3294 τοῦ
1491 3240 1647 3315 ἁγίου
1701 3243 1898 3297 το·3του

2031 3258 2190 3315 ιυοω
2222 3245 2509 3313 stuprata,
2535 3241 2703 3312 juxta
2728 3254 2980 3296 canones
3020 3238 3196 3310 hujus
3246 3238 3433 3295 sancti
3464 3239 3654 3295 Patris

249 3330 481 3391 κανόνας
532 3327 585 3382 ἐν
630 3332 710 3400 τῷ
754 3332 805 3396 η’
833 3348 953 3404 κεφ.
981 3331 1080 3382 τοῦ
1124 3334 1161 3383 Γ
1209 3329 1507 3403 στοιχείου.
1551 3328 1899 3394 Ἀκολούθως

253 3420 314 3477 δὲ
362 3421 458 3474 καί
513 3418 675 3481 οὗτος
719 3422 800 3491 τῷ
847 3418 1198 3491 ἀποστολικῷ
1238 3421 1281 3489 ζ’
1309 3419 1515 3491 κανόνι,
1550 3422 1608 3476 ’ὀν
1635 3423 1724 3477 καὶ
1758 3424 1909 3493 ζήτει

254 3509 311 3565 ἐν
362 3512 448 3581 τῷ
497 3505 647 3580 αὖτῷ
692 3505 744 3561 λ’
777 3526 896 3586 κεφ.
928 3508 1024 3562 τοῦ
1054 3515 1074 3564 Ι
1106 3507 1410 3584 στοιχείου,
1440 3510 1532 3566 τὸν
1578 3513 1678 3581 τήν
1710 3510 1909 3587 παρθέ-

259 3619 353 3653 νον
416 3596 710 3674 φθείραντα
765 3596 1018 3670 νομίμως
1073 3598 1245 3671 ταύτῃ
1310 3599 1664 3655 συνάπτεσθαι
1737 3598 1912 3675 διορί-

263 3695 452 3758 ζεται·
511 3684 645 3745 ἴσως
701 3686 807 3760 γὰρ
867 3684 910 3740 εἴ
972 3687 1049 3758 μή
1105 3686 1288 3760 τούτῳ
1344 3690 1659 3765 συναφθείη,
1720 3690 1914 3763 ἄτιμος

264 3775 777 3853 περιλειφθήσεται,
838 3772 1049 3839 οὐδενὸς
1102 3777 1301 3847 ταύτην
1374 3777 1705 3854 αἱρουμένου
1778 3781 1914 3855 πρὸς

268 3868 453 3942 γάμον
492 3859 704 3921 λαϐεῖν.

348 3959 439 4012 Ἐν
486 3954 548 4011 δὲ
576 3960 654 4009 τῶ
683 3954 787 4022 κς’,
816 3956 879 4008 Ἦ
927 3954 1148 4028 πορνεία
1187 3955 1365 4031 γάμος
1415 3956 1516 4011 οὐκ
1561 3952 1696 4024 ἔστι,
1737 3959 1920 4035 φησὶν,

272 4047 403 4103 ἀλλ’
438 4043 566 4101 οὐδὲ
594 4046 776 4121 γάμου
808 4047 955 4123 ἀρχή
984 4067 995 4079 ·
1026 4044 1072 4099 εί
1106 4045 1200 4116 μὲν
1232 4042 1326 4099 οὖν
1370 4045 1492 4099 οἷόν
1534 4068 1590 4100 τε
1631 4046 1756 4108 τοὺς
1787 4048 1924 4102 κατᾶ

275 4135 535 4211 πορνείαν
605 4133 1040 4206 συναπτομένους
1103 4134 1453 4208 χωρίζεσθαι,
1502 4139 1662 4189 τοῦτο
1737 4136 1921 4204 κράτι-

278 4244 453 4280 στονο
501 4226 695 4298 σαθρὸς
744 4224 851 4298 γὰρ
895 4224 970 4283 ὡς
1014 4221 1247 4296 ἄθεσμος
1288 4223 1317 4277 ὁ
1372 4227 1467 4277 τοῦ
1523 4224 1779 4279 τοιούτου
1826 4227 1926 4297 γά·

280 4338 392 4390 μου
444 4313 721 4385 θεμέλιος.
758 4314 817 4369 Εἰ
878 4312 933 4368 δὲ
990 4313 1334 4388 πτὲργουσιν
1389 4313 1447 4368 ἐκ
1495 4315 1692 4376 παντὸς
1721 4315 1927 4383 τρόπου

278 4405 370 4459 καὶ
425 4401 596 4480 ἄμφω
636 4403 699 4456 τὸ
748 4401 1106 4471 ωνοικέσιον,
1131 4404 1195 4457 τὸ
1249 4404 1343 4475 μὲν
1380 4410 1481 4472 τῆς
1527 4402 1779 4479 πορνείας
1820 4402 1930 4456 ἐπι-

274 4494 471 4567 τίμιον
525 4491 950 4565 γνωριζέτωσαν,
997 4491 1334 4568 ἀφιὲσθωσαν
1395 4488 1452 4546 δὲ
1508 4497 1796 4560 συιδοικεῖὗ,
1839 4488 1931 4545 ’ἱνα

285 4588 364 4657 μή
431 4580 620 4656 χεῖρόν
674 4601 728 4635 τι
781 4580 1020 4654 γένηται.
1055 4582 1125 4637 Ἠ
1183 4582 1287 4654 γὰρ
1343 4580 1511 4655 ἑτέρῳ
1552 4587 1835 4655 συζυγεῖσα
1894 4582 1928 4648 ἡ

283 4674 451 4748 γυνὴ,
482 4671 559 4732 εἷς
599 4670 852 4745 μοιχείαν
885 4668 1353 4741 ἐκκυλισθήσεται,
1385 4664 1462 4741 τῷ
1509 4672 1710 4745 πρώτῳ
1760 4668 1933 4741 λάθρα

286 4760 776 4837 συμφθειρομὲνη·
835 4757 870 4828 ἢ
929 4758 1238 4835 στέργοντες
1307 4758 1592 4830 ἀλλήλους
1671 4756 1929 4827 διακαῶς,

284 4852 377 4906 καὶ
421 4854 658 4904 συνεῖναι
704 4847 1073 4922 κωλυόμενοι,
1106 4847 1327 4911 ὶαυτοὺς
1372 4847 1823 4927 διαχειρίσοντσι,
1855 4852 1933 4919 τῷ

286 4944 406 4996 κατ’
469 4936 638 5012 ἄκρας
697 4936 906 4993 ἁλῶναι
973 4942 1051 5009 τῷ
1126 4936 1309 5013 ἔρωτι,
1358 4939 1460 5007 τήν
1518 4939 1610 4992 ἀπ’
1666 4936 1932 5007 ἀλλήλων

290 5031 372 5103 μή
433 5025 735 5101 ἐνεγκόντες
810 5023 1096 5099 διάζευξιν.
1155 5029 1315 5097 Ζήτει.
1388 5027 1478 5082 καὶ
1552 5027 1643 5081 τὸν
1698 5030 1753 5080 π’
1808 5023 1938 5080 τού-

284 5139 387 5174 του
474 5115 677 5172 κανόνα
738 5115 792 5170 ἐν
874 5119 954 5188 τῷ
1038 5112 1083 5170 δ’
1148 5116 1426 5196 κεφαλαίῳ
1499 5120 1597 5172 τοῦ
1674 5121 1710 5170 Γ
1786 5135 1937 5170 στοι-

289 5207 471 5283 χείου.

997 5297 1244 5367 Νόμοι.

363 5388 528 5449 Ἀλλ’
578 5389 605 5443 ὁ
662 5388 830 5454 νόμος
882 5408 975 5442 τον
1028 5385 1286 5459 παλλακῇ
1354 5387 1591 5461 σώφρονι
1652 5386 1941 5461 χρώμενον

294 5481 688 5555 ἀναγκάζεσθαι
731 5477 947 5535 κελεύει
989 5477 1190 5547 ταύτην
1239 5477 1328 5531 καὶ
1397 5478 1555 5550 νόμῳ
1614 5477 1797 5547 γάμου
1843 5473 1941 5529 λα-

294 5567 413 5627 ϐεῖν
442 5590 455 5601 ’
485 5573 585 5641 τήν
618 5566 677 5625 δὲ
705 5569 793 5623 καὶ
830 5566 1036 5643 ἑτέροις
1088 5568 1437 5641 μιγνυμένην,
1470 5566 1558 5621 καὶ
1610 5568 1684 5638 μὴ
1742 5569 1823 5637 τῷ
1867 5562 1944 5618 ἑνὶ

291 5659 641 5736 ἆρκουμὲνην
674 5658 981 5729 προσώπῳ,
1014 5656 1232 5726 καὶτῆς
1282 5657 1457 5722 οἰκίας
1503 5661 1602 5711 τοῦ
1649 5654 1944 5728 πορνεύον-

294 5772 391 5814 τος
420 5747 756 5825 ἐξωθεῖσθαι.

2016 3334 2074 3389 in
2105 3349 2231 3403 cap.
2254 3332 2289 3385 8
2317 3330 2426 3386 litt.
2462 3334 2517 3383 Γ.
2548 3329 2615 3385 Et
2644 3330 2704 3385 in
2735 3345 2802 3385 eo
2832 3328 3065 3400 quidem
3097 3328 3365 3385 convenit
3405 3326 3656 3383 Basilius

2016 3439 2151 3479 cum
2178 3422 2212 3473 7
2235 3436 2456 3477 canone
2478 3419 2897 3492 apostolorum,
2924 3434 3098 3490 quem
3117 3417 3353 3474 consule
3376 3417 3432 3471 iu
3456 3418 3656 3472 eodem

2018 3512 2088 3568 30
2145 3527 2270 3582 cap.
2305 3509 2415 3565 litt.
2468 3510 2511 3573 Ι,
2573 3509 2727 3582 quod
2794 3512 3185 3579 stupratorem
3264 3505 3500 3577 virginis
3576 3505 3656 3561 ls-

2022 3601 2225 3675 gitime
2254 3617 2385 3656 cum
2417 3616 2484 3656 ea
2515 3598 2792 3670 conjungi
2852 3597 3154 3669 (tauquam
3203 3596 3507 3666 maritum)
3552 3595 3661 3649 de-

2023 3694 2242 3747 cernat.
2277 3689 2400 3746 Nisi
2434 3689 2589 3744 enim
2621 3687 2702 3743 illi
2727 3689 2931 3759 juncta
2961 3686 3149 3752 fuerit,
3176 3684 3393 3741 fortean
3421 3683 3662 3740 infamis

2027 3778 2403 3850 relinquetur,
2436 3777 2574 3849 quia
2604 3793 2774 3833 nemo
2797 3775 2954 3831 illam
2986 3775 3196 3831 ducere
3223 3772 3379 3829 velit.

2099 3958 2331 4015 Canone
2362 3961 2555 4012 autem
2586 3956 2676 4024 26,
2710 3953 3055 4023 Fornicatlo,
3087 3953 3168 4009 ait
3213 3953 3330 4020 ille,
3363 3950 3667 4008 matrimo-

2032 4049 2194 4104 nium
2229 4065 2339 4103 non
2372 4052 2478 4116 est,
2505 4047 2617 4101 imo
2641 4062 2744 4100 nec
2775 4045 3006 4100 initium
3042 4043 3417 4100 matrimonii.
3454 4040 3670 4096 ldcirco

2033 4138 2081 4193 si
2115 4137 2234 4193 fieri
2270 4136 2466 4209 possit,
2503 4140 2567 4190 ut
2595 4135 2693 4206 qui
2743 4152 2843 4206 per
2888 4133 3329 4189 fornicationem
3378 4129 3671 4201 conjuncti

2034 4240 2170 4285 sunt
2219 4232 2584 4300 separentur,
2631 4226 2737 4281 hoc
2786 4225 2969 4281 multo
3018 4224 3247 4281 melius.
3300 4223 3472 4278 Putre
3518 4221 3674 4277 enim

2035 4325 2143 4384 est,
2177 4317 2257 4372 uti
2293 4328 2348 4372 et
2380 4316 2750 4386 illegitimum
2785 4315 2916 4369 talis
2952 4313 3303 4370 matrimonii
3326 4312 3674 4366 fundamen—

2036 4414 2183 4463 tum.
2218 4407 2319 4462 Sin
2352 4424 2484 4462 vero
2525 4407 2694 4461 ambo
2741 4405 2903 4461 omni
2945 4405 3116 4459 modo
3164 4403 3402 4473 capiant
3443 4399 3676 4456 cohabi-

2038 4498 2340 4563 tationem,
2391 4495 2790 4551 fornicationis
2837 4494 3075 4565 quidem
3123 4509 3353 4565 pmnam
3401 4491 3675 4558 sentiant,

2042 4586 2454 4659 permittantur
2484 4591 2676 4640 tamen
2712 4601 2824 4640 una
2855 4582 3139 4647 habitare,
3162 4599 3232 4637 ne
3254 4581 3395 4653 quid
3427 4579 3680 4634 deterius

2041 4676 2357 4746 contingat.
2392 4674 2613 4745 Quippe
2642 4679 2743 4729 aut
2774 4673 3159 4737 alterijuncta
3181 4669 3391 4726 mulier
3419 4668 3477 4723 in
3508 4665 3681 4722 adul-

2040 4762 2253 4819 terium
2305 4760 2656 4829 prolabatur,
2726 4774 2855 4815 cum
2920 4758 3103 4814 altero
3162 4754 3488 4811 clanculum
3536 4766 3683 4807 con-

2042 4867 2262 4923 gressa,
2295 4854 2416 4916 aut,
2457 4865 2586 4904 cum
2620 4850 2884 4904 ardenter
2913 4864 2976 4904 se
3004 4847 3317 4918 depereant
3336 4843 3603 4907 invicem,
3626 4844 3685 4896 et

2044 4944 2239 4995 tamen
2273 4937 2616 4994 aconnubio
2651 4937 3088 5008 prohibeantur,
3121 4933 3233 4990 sibi
3291 4947 3500 4988 manus
3555 4929 3683 4984 vio-

2046 5030 2230 5085 lentas
2263 5028 2532 5094 inferent,
2566 5045 2682 5101 prae
2713 5043 2941 5084 summo
2980 5040 3177 5081 amore
3207 5039 3322 5095 quo
3352 5021 3683 5093 capiuntur,

2046 5116 2464 5190 separationem
2498 5117 2566 5173 ab
2596 5117 2844 5173 invicem
2876 5114 3117 5171 minime
3136 5111 3465 5168 tolerantes.
3487 5108 3686 5174 Quare

2047 5210 2104 5263 et
2132 5224 2261 5264 can.
2287 5207 2357 5261 80
2384 5207 2639 5276 ejusdem
2664 5206 2859 5262 Basilii
2888 5220 3013 5275 cap.
3049 5203 3082 5258 4
3112 5200 3220 5257 litt.
3254 5204 3313 5254 Γ.

2783 5297 2963 5364 Leges.

2125 5385 2253 5441 Vult
2282 5390 2476 5441 autem
2504 5388 2600 5457 jus
2630 5383 2795 5439 civile
2841 5384 3027 5437 virum
3075 5381 3176 5452 qui
3224 5377 3543 5435 concubina
3584 5390 3687 5446 pu-

2055 5475 2184 5530 dica
2215 5475 2416 5542 utitur,
2450 5474 2573 5546 cogi
2596 5482 2655 5527 ut
2686 5472 2842 5526 illam
2878 5477 3158 5541 tanquam
3185 5482 3419 5524 uxorem
3443 5468 3685 5530 tractet;

2055 5580 2184 5620 eam
2230 5580 2363 5619 vero
2425 5579 2555 5635 quas
2623 5576 2757 5617 cum
2802 5558 2933 5615 aliis
2981 5575 3044 5614 se
3088 5557 3443 5619 commiscet,
3502 5564 3691 5620 neque

2059 5670 2170 5708 uno
2202 5653 2322 5709 viro
2368 5658 2636 5709 contenta
2672 5657 2778 5715 est,
2835 5648 3012 5703 etiam
3060 5662 3092 5703 e
3135 5648 3305 5702 domo
3353 5639 3691 5724 fornicantis

2055 5740 2213 5816 pelli.
