4098 6332
440 407 554 468 115

1716 409 2089 470 ΜΑΤἸἫΆΕΙ
2135 408 2285 470 BLA
2297 409 2568 471 STARIS

3727 411 3834 468 116

511 543 672 608 Quod
705 545 898 597 autem
932 544 1205 599 mulieres
1241 544 1464 610 attinet,
1497 559 1625 614 quae
1669 560 1771 616 per
1805 543 1922 599 vim
1957 545 2078 600 l'or-
2107 606 2108 610 η

2267 542 2395 616 Περὶ
2445 539 2503 595 δὲ
2557 543 2664 596 τῶν
2716 539 3128 616 πορνευομένων
3182 540 3232 609 ἐξ
3281 541 3518 615 ἀνάγκης
3566 543 3832 612 γυναικῶν

441 631 730 700 nicantnr,
762 647 1010 703 magnus
1040 632 1289 690 Basilius
1318 632 1378 688 in
1403 650 1528 689 ean.
1569 635 1659 699 49,
1691 638 1919 706 Stupra,
1975 635 2075 702 ait,

443 737 570 792 quas
603 737 706 792 per
728 721 843 776 vim
875 722 1222 790 inferuntur,
1247 722 1415 792 culpa
1444 727 1673 779 vacant.
1696 724 1784 778 Ita
1805 723 1852 778 si
1873 723 2084 779 ancilla

443 825 478 863 a
508 809 739 880 preprio
771 809 1006 865 domino
1035 810 1151 864 vim
1185 828 1349 882 passa
1373 811 1564 878 fuerit,
1590 813 2084 884 constupralionis

444 898 680 970 quidem
735 900 943 971 gratia,
987 898 1222 954 multari
1271 917 1394 955 eam
1447 901 1689 955 minime
1737 906 1997 972 oportet;
2033 903 2084 956 si

446 995 632 1042 tamen
683 987 856 1042 fuerit
925 987 1272 1056 diaconissa,
1359 987 1678 1045 abstinebit
1751 1007 1784 1044 a
1844 1005 2085 1046 munere

447 1075 919 1132 diaconico.Imo
968 1093 1099 1132 vero
1158 1077 1371 1133 femina
1429 1094 1556 1148 quae
1612 1079 1698 1132 vel
1758 1096 1792 1134 a
1848 1081 2084 1136 domino

449 1181 556 1220 suo
617 1165 702 1221 vel
769 1165 881 1221 alio
942 1166 1148 1237 quovis
1209 1172 1482 1238 corrupta
1541 1168 1732 1234 fuerit,
1801 1169 1919 1224 viro
1987 1170 2084 1240 qui

450 1269 646 1309 sacros
690 1255 923 1310 ordines
969 1263 1344 1327 suscepturus
1393 1260 1504 1324 est,
1544 1273 1913 1329 nequaquam
1967 1275 2088 1314 ma-

450 1342 724 1399 trimonio
747 1345 1045 1416 jungatur.

523 1520 684 1578 223
716 1523 944 1580 Primus
975 1532 1159 1581 autem
1191 1543 1374 1583 canon
1400 1529 1581 1583 sancti
1605 1528 1860 1601 Gregorii
1897 1527 2090 1583 Thau-

455 1615 731 1686 maturgi,
765 1617 815 1672 si
847 1616 1094 1684 feminae,
1151 1616 1364 1688 inquit,
1415 1635 1448 1673 a
1495 1619 1761 1674 barbaris
1809 1624 2093 1689 corruptas

455 1706 569 1760 vita
591 1705 749 1776 prior
771 1707 1039 1762 damnata
1063 1707 1252 1777 fuerit,
1286 1723 1474 1778 neque
1508 1712 1693 1763 status
1725 1707 2092 1774 fornicarius,

457 1794 690 1866 captivas
722 1793 872 1863 licet,
910 1795 1242 1867 suspicione
1289 1801 1454 1852 vacat
1485 1813 1498 1851 :
1533 1813 1710 1868 quare
1755 1813 1885 1852 cum
1935 1798 2098 1868 ejus—

2190 633 2218 687 ὁ
2267 631 2435 708 μέγας
2486 628 2770 692 Βασίλειος
2813 628 2868 685 ἐν
2922 631 3008 695 μθ¹
3050 631 3257 700 κανόνι,
3287 631 3357 686 Αἱ
3405 629 3540 702 πρὸς
3583 627 3837 703 ἀνάγκην,

2191 719 2346 796 φησὶ,
2393 720 2676 794 γενόμεναι
2751 718 2970 797 φθοραὶ,
3021 719 3297 774 ἀνεύθυνοι
3363 713 3636 772 ἔστωσαν·
3687 715 3832 772 ὥστα

2189 809 2280 863 καὶ
2321 811 2356 878 ἡ
2404 805 2601 878 δούλη,
2635 808 2682 862 εἰ
2729 809 2876 882 παρά
2919 812 3018 863 τοῦ
3070 805 3210 862 ἰδίου
3242 804 3507 861 δεσπότου
3543 802 3839 880 βεϐίασται,

2191 899 2526 974 ἀνέγκλητος
2580 893 2755 954 ἔστω⁶
2791 898 2971 974 ὥσπερ
3019 896 3086 969 δὴ
3137 914 3226 954 και
3272 900 3309 967 ἡ
3351 896 3400 966 ἐξ
3433 896 3678 971 ἀρπαγῆς
3716 899 3837 968 βια-

2194 991 2396 1059 σθεῖσα,
2428 988 2463 1058 ἢ
2513 991 2546 1057 ἡ
2597 994 2716 1051 τοῖς
2763 988 3060 1062 πολεμίοις
3109 986 3404 1064 ληφθεῖσα,
3444 986 3536 1041 καὶ
3589 986 3673 1039 ὑπ’
3705 984 3848 1039 ὲκεί-

2191 1101 2293 1135 νων
2349 1081 2648 1158 φθαρεῖσα·
2681 1078 2828 1135 ἀλλά
2876 1085 2976 1149 τῆς
3037 1081 3132 1152 μὲν
3187 1081 3391 1158 φθορᾶς
3439 1076 3606 1133 ἓνενεν
3660 1077 3844 1131 ἐπιτι-

2197 1172 2396 1243 μᾶσθαι
2441 1170 2640 1240 ταύτην
2706 1167 2767 1224 οὒ
2817 1167 2960 1224 δέον.
3015 1169 3077 1226 Εἰ
3143 1167 3201 1224 δὲ
3248 1167 3500 1229 διάκονος
3549 1166 3850 1243 ἐτύγχανεν

2196 1257 2348 1326 οὖσα,
2385 1263 2483 1313 τοῦ
2532 1257 2800 1314 διακονεῖν
2848 1257 3107 1314 παύσεται
3135 1277 3148 1288 ·
3201 1257 3329 1313 ἀλλ’
3379 1255 3502 1312 οὐδὲ
3549 1261 3627 1327 τῷ
3673 1257 3840 1328 ἰερω-

2195 1349 2454 1418 θήσεσθαι
2517 1346 2777 1421 μέλλοντι
2836 1351 2872 1418 ἡ
2939 1349 3043 1403 ὑπὸ
3097 1347 3364 1402 τοιούτων
3427 1345 3764 1424 ἐφθαρμένη,
3825 1341 3857 1411 ἢ

2195 1436 2540 1509 οἴουδήτινος
2573 1437 2771 1507 ἄλλου,
2804 1439 3236 1516 συναφθήσεται.

2269 1529 2327 1582 '0
2375 1525 2434 1582 δὲ
2471 1528 2517 1582 α’
2563 1528 2742 1582 κανὼν
2775 1530 2871 1582 τοῦ
2912 1527 3077 1602 ἁγίου
3129 1526 3444 1600 Γρηγορίου
3497 1528 3594 1580 τοῦ
3644 1531 3865 1596 Θαυμα-

2198 1621 2458 1692 τουργοῦ.
2517 1623 2625 1686 Τῆς
2687 1617 2790 1671 ὑπὸ
2861 1611 3152 1692 βαρϐάρων
3214 1614 3540 1690 φθαρείσης,
3602 1613 3762 1691 φησὶ,
3823 1611 3865 1664 εἰ

2207 1709 2302 1779 μὲν
2340 1706 2428 1762 καὶ
2479 1706 2507 1760 ὁ
2560 1707 2823 1780 πρότερος
2885 1703 3002 1780 βίος
3059 1702 3441 1778 κατέγνωστο,
3489 1700 3618 1757 οὐδὲ
3675 1698 3865 1774 δορυα-

2206 1798 2392 1854 λώτου
2440 1797 2732 1873 γενομένης
2778 1799 2812 1865 ἡ
2863 1796 3095 1868 πορνικὴ
3147 1793 3258 1865 ἕξις
3305 1793 3643 1861 ἀνύποπτος,
3697 1790 3862 1864 ταύτῃ

458 1883 616 1941 modi
650 1884 812 1942 facile
843 1886 1202 1941 orationibus
1231 1887 1664 1942 communicare
1705 1904 1819 1942 non
1850 1891 2096 1958 oportet.

2225 1911 2298 1945 ιοι
2352 1890 2442 1943 καὶ
2489 1886 2805 1962 προχείρως
2855 1885 2916 1940 ού
2959 1883 3042 1940 δεῖ
3071 1890 3190 1946 ταῖς
3221 1884 3500 1945 τοιαύταις
3538 1881 3716 1957 εὐχῶν
3750 1901 3868 1935 κοι-

461 1974 562 2030 Sin
595 1991 728 2030 vero
759 1972 952 2044 aliqua
983 1974 1040 2030 in
1077 1991 1314 2030 summa
1369 1975 1728 2031 continentia
1782 1977 2010 2045 vixerit,
2045 1981 2103 2031 et

461 2065 710 2135 priorem
742 2065 922 2120 vitam
953 2065 1488 2122 commonstraverit
1518 2065 1711 2122 omnis
1754 2066 2108 2138 suspicionis

463 2152 878 2225 liberam,jam
930 2171 1062 2211 vero
1103 2172 1169 2210 ex
1212 2155 1264 2209 vi
1314 2155 1490 2214 allata
1547 2173 1614 2212 ac
1661 2156 2010 2212 necessitate
2048 2156 2107 2210 in

465 2243 880 2298 contumeliam
910 2242 1077 2316 lapsa
1104 2245 1292 2313 fuerit,
1327 2245 1661 2300 miseranda
1691 2243 1876 2316 magis
1933 2261 2104 2316 quam

466 2333 806 2402 incusanda,
833 2335 1002 2403 juxta
1029 2335 1360 2405 exemplum
1392 2334 1537 2389 illud
1570 2335 1627 2389 in
1661 2333 2109 2390 Deuteronomio

468 2423 538 2477 de
559 2421 1013 2492 adolescentula,
1060 2440 1229 2493 quam
1278 2423 1452 2478 homo
1493 2423 1553 2479 in
1604 2440 1740 2493 agro
1789 2423 2022 2495 reperit,
2056 2429 2112 2480 et

469 2527 572 2582 per
598 2511 715 2566 vim
747 2512 1002 2581 corrupit
1038 2528 1050 2567 :
1105 2532 1130 2563 α
1165 2511 1646 2581 Adolescentulaa,
1697 2513 1913 2584 inquit,
1966 2512 2111 2567 nihil

470 2599 690 2656 facietis
725 2616 739 2655 :
777 2621 801 2652 ιι
833 2599 1278 2658 Adolescentula
1317 2600 1509 2657 delicti
1558 2601 1822 2673 capitalis
1865 2618 1979 2656 non
2026 2605 2115 2657 est

470 2706 590 2760 rea,
623 2691 762 2762 quia
809 2690 1298 2761 quemadmodum
1348 2691 1392 2745 si
1446 2691 1574 2762 quis
1625 2691 1798 2746 homo
1833 2692 2114 2747 adversus

471 2780 801 2851 proximum
852 2796 1024 2836 suum
1074 2780 1474 2848 insurrexerit,
1516 2787 1570 2836 et
1600 2780 1791 2852 ipsum
1816 2781 2113 2849 occiderit,

471 2869 552 2924 sic
581 2873 639 2923 et
667 2884 758 2925 res
790 2870 900 2924 ista
965 2887 1092 2925 sese
1135 2870 1324 2925 habet.
1377 2870 1729 2926 Exclamavit
1777 2869 2113 2926 adolescen-

470 2957 616 3025 tula,
647 2960 747 3013 sed
793 2975 908 3014 non
956 2964 1081 3015 erat
1127 2959 1223 3030 qui
1267 2959 1318 3014 ei
1350 2975 1515 3029 opem
1564 2958 1757 3014 ferret.
1807 2959 2116 3016 Verumta-

473 3062 606 3101 men
653 3052 710 3102 et
756 3047 867 3102 illae
917 3047 1284 3103 mediocriter
1325 3050 1660 3118 punientur,
1701 3047 1871 3102 sicuti
1925 3048 1966 3102 ii
2015 3049 2114 3118 qui

473 3137 632 3192 cibos
663 3137 986 3209 prohibitos
1017 3139 1192 3194 invite
1215 3138 1350 3195 licet
1380 3139 1718 3210 degustant.

543 3225 622 3282 De
650 3226 874 3283 clericis
906 3236 1097 3283 autem
1130 3229 1227 3300 qui
1260 3228 1317 3284 in
1364 3229 1807 3284 fornicationem
1859 3211 2115 3300 prolapsi

473 3315 611 3382 sint,
639 3317 718 3371 ita
747 3316 806 3372 in
839 3317 1159 3373 cononibus
1191 3318 1584 3374 constitutum
1614 3323 1737 3373 est:

542 3405 770 3462 Primus
819 3406 1054 3479 quidem
1107 3425 1291 3464 canon
1343 3406 1572 3463 concilii
1635 3406 2111 3464 Neocaesariensis

473 3511 608 3551 eum
640 3495 740 3566 qui
771 3504 898 3565 post
927 3501 1262 3568 susceptum
1297 3497 1685 3553 sacerdotium
1739 3496 2110 3552 matrimonio

473 3585 732 3657 legitimo
762 3585 898 3640 licet
927 3586 1155 3642 mulieri
1179 3587 1464 3658 jungitur,
1503 3603 1743 3641 munere
1764 3585 1862 3642 illo
1906 3586 2111 3652 privat,

474 3676 857 3732 fornicantem
889 3692 1022 3731 vero
1052 3677 1233 3731 autin
1257 3675 1539 3732 adulterio
1563 3676 1908 3748 prehensum
1932 3692 1999 3731 ex
2021 3676 2113 3730 Ec-

474 3765 619 3823 lesia
645 3781 885 3835 prorsus
910 3765 1090 3836 pellit,
1113 3769 1169 3820 et
1198 3766 1256 3821 in
1296 3764 1422 3820 loca
1446 3765 1853 3835 pmnitentium
1905 3764 2108 3834 rejicit,

473 3854 571 3908 sed
622 3854 754 3909 istis
818 3856 999 3922 pcenis
1055 3853 1244 3926 plecti,
1293 3856 1651 3910 sacerdotem
1709 3856 2111 3917 fornicantem,

475 3958 660 4011 neque
693 3942 1012 3999 canonibus
1041 3944 1458 4015 apostolorum:
1480 3961 1668 4016 neque
1714 3945 1950 3999 Patrum
1983 3960 2114 3998 san-

476 4031 687 4099 citum;
721 4047 869 4102 quos
898 4033 1110 4088 videsis
1140 4033 1199 4088 in
1231 4049 1356 4104 cap.
1392 4034 1458 4087 10
1487 4033 1690 4089 litteras
1739 4038 1797 4087 A.

549 4219 725 4274 Porro
779 4217 987 4274 tertius
1074 4232 1257 4273 canon
1311 4215 1503 4287 magni
1558 4213 1760 4270 Basilii
1808 4214 2116 4270 diaconum

476 4307 858 4363 fornicantem
890 4307 1198 4362 diaconatu
1231 4305 1466 4377 quidem
1499 4304 1717 4374 dejicit,
1748 4308 1804 4359 et
1847 4304 1904 4358 in
1937 4303 2121 4359 laico-

479 4413 607 4452 rnm
641 4396 834 4452 locum
857 4395 1054 4463 trudit,
1097 4395 1199 4450 sed
1248 4401 1445 4450 tamen
1491 4411 1525 4448 a
1572 4393 1977 4449 communione
2020 4410 2122 4447 sa-

478 4502 577 4543 cra
609 4486 760 4542 haud
789 4484 1065 4542 excludit.
1097 4484 1242 4540 Illud
1275 4483 1782 4555 quidem‘factum,
1837 4483 1936 4550 ait,
1997 4500 2124 4553 pro-

481 4581 604 4648 pter
633 4576 816 4647 legem
850 4584 1116 4643 veterem,
1149 4593 1275 4647 quae
1308 4573 1449 4630 dicit
1491 4591 1503 4628 :
1554 4596 1582 4624 «
1628 4573 1754 4629 Non
1802 4573 2123 4629 vindicabis

2215 1984 2426 2036 νωνεῖν.
2471 1979 2532 2034 Εἰ
2582 1975 2640 2032 δέ
2681 1998 2766 2039 τις
2809 1976 2863 2030 ἐν
2915 1972 3053 2049 ἄκρᾳ
3122 1977 3330 2045 ζήσασα
3379 1972 3734 2049 σωφροσύνῃ,
3781 1970 3866 2024 καὶ

2218 2068 2473 2130 ὑπονοίας
2518 2068 2696 2136 πάσης
2745 2065 3026 2138 ἐλεύθερον
3082 2065 3174 2120 τὸν
3242 2063 3508 2137 πρότερον
3569 2058 3863 2134 ἐπιδεδειγ-

2221 2165 2354 2231 μὲνη
2413 2159 2556 2232 βίον,
2588 2159 2678 2210 νῦν
2736 2155 2797 2210 ἐκ
2855 2156 2977 2229 βίας
3026 2153 3121 2208 καὶ
3172 2152 3412 2226 ἀνάγκης
3463 2154 3870 2225 περιπέπτωκεν

2218 2245 2392 2323 ὕϐρει,
2436 2247 2702 2302 ἐλεεῖσθαι
2759 2241 2996 2317 μᾶλλον,
3027 2243 3062 2312 ἢ
3110 2239 3457 2315 ἐγκαλεῖσθαι
3505 2237 3708 2308 δικαία,
3739 2239 3870 2294 κατά

2217 2339 2279 2392 τὸ
2338 2337 2392 2392 έν
2451 2338 2529 2408 τῷ
2590 2332 2942 2408 Δευτερομίῳ
2998 2329 3350 2405 παράδειγμα
3397 2331 3483 2385 ἐπὶ
3535 2333 3600 2403 τῇ
3653 2326 3870 2399 νεάνιδι,

2218 2430 2279 2497 ἣν
2339 2428 2391 2482 ἐν
2444 2431 2525 2497 τῷ
2582 2422 2754 2496 πεδίῳ
2813 2424 2984 2496 εὑρὼν
3040 2417 3326 2495 ἅνθρωπος
3385 2415 3673 2475 έϐιάσστο·
3711 2442 3740 2470 ‹‹
3799 2421 3868 2489 Τῇ

2221 2514 2422 2573 νεάνιδι
2454 2516 2580 2591 γὰρ,
2612 2538 2638 2570 ι
2671 2515 2857 2593 φησὶν,
2884 2536 2914 2565 ‹‹
2946 2512 3013 2566 οὐ
3046 2513 3338 2582 ποιήσεται
3372 2507 3546 2566 οὐδέν.
3576 2531 3602 2563 ι
3625 2509 3747 2566 Οὐκ
3765 2505 3868 2562 ἔστι

2221 2611 2289 2679 τῇ
2339 2602 2542 2660 νεάνιδι
2586 2604 2886 2677 ἁμάρτημα
2927 2603 3186 2668 θανάτου,
3219 2600 3304 2654 ὅτι
3363 2601 3437 2660 ὡς
3485 2595 3536 2653 εἷ’
3559 2619 3642 2661 τις
3672 2597 3868 2668 ἀναστῇ

2221 2696 2307 2752 ἐπὶ
2339 2696 2429 2749 τὸν
2478 2694 2714 2764 πλησίον
2761 2693 2952 2762 αὐτοῦ,
2983 2693 3072 2746 καὶ
3129 2691 3414 2764 θανατώσῃ
3466 2687 3624 2743 αύτύν
3653 2707 3668 2720 ο
3733 2685 3869 2742 οὕτω

2222 2785 2311 2840 καὶ
2341 2785 2405 2840 τὸ
2445 2788 2670 2859 πρᾶγμα
2704 2788 2865 2838 τοῦτο
2892 2800 2906 2814 ·
2956 2780 3179 2852 ἐϐόησεν
3231 2783 3267 2850 ἡ
3316 2785 3508 2849 νεᾶνις,
3539 2779 3629 2832 καὶ
3676 2778 3706 2832 ὁ
3741 2777 3871 2852 βοη-

2224 2881 2330 2934 θῶν
2387 2877 2485 2931 οὐκ
2532 2877 2599 2945 ἦν
2655 2876 2819 2948 αὐτῇ.
2853 2873 3008 2942 Πλὴν
3059 2874 3150 2928 καὶ
3207 2871 3362 2926 αὗται
3425 2869 3664 2943 μετρίως
3699 2867 3869 2922 ἐπιτι-

2227 2967 2588 3041 μηθήσονται,
2620 2964 2694 3027 ὥς
2727 2987 2789 3040 γε
2819 2962 2886 3034 δὴ
2918 2964 3007 3019 καὶ
3039 2965 3092 3018 οἱ
3126 2963 3434 3038 βρωμάτων
3481 2959 3865 3033 ἀπειρημένων

2221 3063 2338 3112 κατ’
2369 3057 2604 3130 ἀνᾶγκην
2635 3054 3095 3130 ἀπογευσάμενοι.

2298 3236 2426 3310 Περὶ
2480 3231 2537 3289 δὲ
2584 3237 2692 3287 τῶν
2739 3230 2963 3308 πορνείᾳ
3023 3226 3519 3305 περιπεπτωκότων
3589 3225 3868 3300 κληρικῶν

2223 3329 2391 3379 ταῦτα
2418 3329 2534 3384 τοῖς
2565 3321 2750 3378 κανόσι
2779 3319 3094 3391 διείληπται
3122 3338 3135 3351 ·

2291 3415 2354 3471 Ὁ
2415 3414 2508 3485 μὲν
2555 3415 2658 3487 γὰρ
2707 3419 2751 3466 α’
2794 3411 2966 3465 κανὼν
3011 3415 3112 3479 τῆς
3161 3409 3212 3463 ἐν
3281 3402 3670 3478 Νεοκαισαρείᾳ
3719 3401 3866 3457 συνό-

2225 3501 2320 3558 δου
2369 3501 2460 3558 τὸν
2511 3503 2645 3575 μετά
2687 3503 2785 3570 τήν
2835 3499 3136 3574 ἱερωσύνην
3185 3498 3413 3571 νομίμῳ
3466 3491 3626 3562 δῆθεν
3654 3488 3861 3567 γυναικὶ

2224 3590 2549 3668 συναφθέντα
2589 3597 2689 3659 τῆς
2748 3589 3044 3663 ἱερωσύνης
3105 3589 3448 3662 ἀπογυμνοῖ’
3500 3587 3861 3657 πορνεύσαντα

2227 3679 2282 3737 δὲ
2328 3683 2362 3750 ἢ
2423 3681 2791 3755 μοιχεύσαντα
2840 3676 3040 3742 τελέως
3093 3684 3191 3745 τῆς
3235 3672 3563 3744 Ἐκκλησίας
3617 3670 3859 3744 ἐξοστρα-

2225 3771 2386 3841 κίζει,
2417 3771 2505 3825 καὶ
2552 3768 2604 3824 ἐν
2654 3773 2774 3829 τοῖς
2820 3767 3014 3829 τόποις
3068 3765 3248 3834 ῗστησι
3279 3769 3386 3819 τῶν
3423 3761 3856 3834 μετανοούντων·

2225 3861 2372 3917 ἀλλά
2427 3861 2488 3915 τὸ
2532 3859 2879 3931 ἐπιτιμᾶσθαι
2925 3857 3093 3930 ταύτῃ
3143 3856 3236 3909 τὸν
3291 3852 3656 3928 πορνεύσαντα
3699 3849 3859 3923 ἱερέα,

2229 3949 2351 4006 οὔτε
2392 3956 2506 4012 τοῖς
2554 3946 2964 4017 ἄποστολικοῖς,
3006 3943 3131 4002 οὔτε
3176 3949 3294 4006 τοῖς
3341 3946 3634 4018 Πατρικοῖς
3683 3937 3861 3994 κανόσι

2229 4038 2400 4111 δοκεῖ,
2433 4038 2524 4101 οὓς
2571 4039 2656 4094 καὶ
2705 4037 2856 4108 ζήτει
2902 4035 2954 4092 ἐν
3002 4039 3083 4108 τῷ
3132 4036 3160 4088 ι’
3190 4031 3476 4108 κεφαλαίῳ
3513 4034 3611 4086 τοῦ
3651 4038 3690 4085 Δ
3724 4048 3860 4083 στοι-

2227 4130 2408 4204 χείου.

2300 4221 2502 4294 Ὥσπερ
2554 4216 2620 4287 δὴ
2666 4217 2754 4273 καὶ
2806 4218 2836 4272 ὁ
2882 4217 2926 4291 γ’
2960 4219 3057 4271 τοῦ
3109 4212 3349 4288 μεγάλου
3382 4208 3664 4267 Βασιλείου
3695 4207 3863 4294 κανὼν

2229 4310 2319 4364 τὸν
2375 4292 2738 4382 πορνεύσαντα
2786 4304 3032 4361 διάκονον
3081 4310 3181 4373 τῆς
3237 4303 3331 4375 μὲν
3375 4297 3649 4361 διακονίας
3680 4292 3868 4353 ἐκϐάλ-

2232 4396 2339 4468 λει,
2366 4399 2456 4452 καὶ
2513 4397 2589 4460 είς
2645 4397 2737 4451 τὸν
2791 4400 2903 4451 τῶν
2963 4394 3167 4450 λαϊκῶν
3231 4393 3523 4448 ἀπωθεῖται
3551 4387 3741 4457 τόπον,
3769 4391 3866 4452 τῆς

2235 4484 2291 4542 δὲ
2341 4486 2627 4547 κοινωνίας
2677 4485 2776 4540 ούκ
2832 4483 3073 4559 ἀπείργει
3128 4485 3238 4536 τῶν
3289 4479 3638 4554 ἁγιασμάτων
3667 4478 3865 4530 ⁹τοῦτο

2236 4578 2354 4650 μὲν,
2386 4575 2538 4653 φησὶ,
2570 4573 2658 4630 διὰ
2687 4577 2796 4644 τὸν,
2829 4598 2858 4627 ‹‹
2891 4573 2999 4630 Ούκ
3028 4569 3353 4642 έκδικήσεις,
3388 4593 3416 4621 ››
3453 4567 3700 4642 λέγοντα,
3732 4589 3760 4619 ‹‹
3793 4561 3870 4625 δὶς

480 4666 647 4722 bisin
681 4666 954 4735 idipsum.
998 4686 1026 4714 »
1061 4665 1175 4720 Hoc
1206 4668 1419 4733 autem,
1454 4665 1591 4736 quia
1609 4679 1741 4734 spes
1762 4665 1951 4718 omnis
1984 4678 2108 4734 prae

2230 4666 2318 4722 ἐπὶ
2356 4667 2418 4722 τὸ
2467 4667 2622 4728 αὐτὸ,
2656 4690 2684 4716 ››
2715 4663 2950 4719 παλαιὸν
2993 4663 3191 4735 νόμον·
3226 4664 3388 4714 τοῦτο
3439 4657 3518 4725 δὲ,
3548 4657 3640 4711 καὶ
3686 4653 3773 4710 διὰ
3810 4653 3869 4706 τὸ

480 4755 691 4812 ciditur
720 4757 792 4810 ad
827 4754 1136 4825 pristinum
1159 4754 1404 4824 gradum
1431 4754 1728 4808 redeundi.
1760 4756 1984 4824 Quippe
2019 4752 2121 4806 lai-

482 4861 606 4912 cus,
640 4845 737 4916 qui
770 4844 970 4916 lapsus
1003 4843 1191 4910 fuerit,
1248 4848 1378 4913 post
1437 4843 1713 4912 temporis
1771 4857 2004 4896 cursum
2063 4840 2121 4894 in

483 4933 836 5003 pcenitentiea
886 4933 1066 4988 forma
1111 4947 1451 5003 expressum
1515 4930 1660 4986 redit
1705 4931 1858 4986 unde
1905 4931 2124 4985 disces-

483 5030 664 5089 serat;
699 5021 945 5076 clericus
967 5026 1157 5076 autem
1187 5020 1366 5076 semel
1397 5019 1505 5074 luit
1551 5034 1898 5087 permanens
1948 5019 2126 5089 depo-

485 5110 715 5168 sitionis
745 5110 1118 5182 supplicium.
1158 5113 1329 5164 Porro
1362 5113 1554 5163 autem
1592 5107 1649 5162 in
1681 5123 1892 5178 genere
1922 5123 2124 5162 verum

485 5200 804 5256 remedium
829 5205 884 5256 et
923 5199 1268 5272 praaparatio
1299 5198 1424 5268 ejus
1456 5198 1521 5251 ad
1559 5197 1966 5268 mysteriorum
1995 5213 2127 5268 par-

486 5289 878 5361 ticipationem
949 5298 1036 5344 est
1098 5288 1342 5345 recessio
1395 5305 1428 5342 a
1477 5291 1733 5358 peccato,
1785 5302 1885 5357 per
1935 5285 2128 5341 cordis

484 5378 893 5436 contritionem
923 5382 979 5434 et
1007 5378 1198 5434 carnis
1229 5378 1666 5448 subjectionem.
1707 5378 1848 5432 Nam
1875 5377 1923 5431 si
1940 5375 2127 5431 adhuc

488 5468 760 5541 persistat
793 5468 849 5522 in
884 5468 1242 5535 fornicando,
1270 5483 1381 5522 non
1403 5465 1592 5521 solum
1610 5482 1675 5522 ex
1694 5465 2125 5535 communione,

487 5557 581 5613 sed
623 5563 681 5613 et
701 5561 981 5612 conventu
1027 5555 1284 5611 ﬁdelium
1334 5555 1623 5610 orantium
1675 5555 2032 5619 excludetur,
2075 5562 2128 5608 et

489 5645 967 5715 correctionibus,
1000 5649 1063 5699 ut
1092 5644 1278 5712 laisci,
1301 5644 1663 5714 subjicietur.

2238 4759 2314 4828 μὴ
2374 4750 2517 4830 ἔχειν
2577 4753 2653 4809 ἔτι
2714 4751 2912 4808 ἐλπίδα
2965 4753 3098 4825 πρὸς
3150 4751 3240 4805 τὸν
3291 4748 3552 4823 πρότερον
3601 4742 3865 4800 ἐπανιέναι

2239 4845 2469 4920 βαθμόν.
2525 4848 2581 4900 '0
2635 4845 2727 4918 μὲν
2786 4842 2887 4920 γὰρ
2958 4840 3150 4902 λαϊκὸς
3223 4837 3521 4907 ἐκπίπτων,
3580 4836 3715 4909 μετὰ
3772 4833 3866 4920 τήν

2235 4933 2676 5007 ἐντετυπωμένην
2730 4931 2782 4986 ἐν
2842 4934 2910 5001 σῇ
2972 4928 3226 5002 μετανοίᾳ
3281 4931 3376 4982 τοῦ
3426 4926 3635 5000 χρόνου
3685 4919 3870 4996 περίο-

2236 5022 2348 5096 δον,
2407 5021 2670 5078 ἐπάνεισιν
2745 5020 2864 5076 ὅθεν
2955 5017 3274 5089 ἐξελήλυθεν
3313 5035 3327 5050 ·
3388 5016 3545 5076 οὗτος
3622 5010 3679 5068 δὲ
3742 5011 3870 5080 ἅπαξ

2235 5109 2362 5188 ἔσχε
2408 5110 2601 5188 διαρκῆ
2649 5113 2746 5180 τὴν
2797 5106 3093 5178 καταδίκην
3141 5114 3242 5175 τῆς
3287 5106 3688 5180 καθαιρέσεως·
3740 5101 3873 5155 καθ-

2237 5203 2372 5258 όλου
2429 5223 2488 5276 γε
2544 5202 2649 5275 μὴν
2709 5199 2911 5270 ἀληθὲς
2969 5197 3117 5268 αύτῷ
3178 5196 3311 5270 ἴαμα
3357 5197 3492 5270 πρὸς
3540 5195 3637 5262 τήν
3674 5191 3870 5266 μέθεξιν

2236 5298 2344 5346 τῶν
2376 5290 2748 5364 ἁγιασμάτων,
2780 5289 2815 5356 ἥ
2843 5293 2942 5356 τῆς
2977 5287 3242 5362 ἁμαρτίας
3275 5283 3646 5363 ἀναχώρησις,
3671 5279 3757 5336 διά
3818 5295 3872 5330 τε

2238 5381 2575 5455 συντρίμμοῦ
2638 5375 2888 5453 καρδίας,
2944 5376 3035 5431 καὶ
3091 5372 3460 5451 παιδαγωγίας
3509 5379 3613 5441 τῆς
3660 5366 3868 5443 σαρκός-

2335 5471 2439 5543 γὰρ
2488 5463 2564 5522 ἔτι
2615 5466 2887 5541 πορνεύων
2935 5465 2995 5521 οὐ
3037 5467 3331 5536 πέπαυται,
3365 5464 3441 5536 μή
3491 5463 3573 5517 ὅτι
3619 5463 3716 5524 τῆς
3764 5474 3871 5509 κοι-

2240 5558 2450 5625 νωνίας,
2483 5557 2629 5613 ἀλλά
2672 5558 2764 5610 καὶ
2810 5563 2910 5624 τῆς
2963 5555 3097 5628 μετά
3145 5558 3250 5609 τῶν
3294 5559 3496 5609 πιστῶν
3548 5552 3622 5613 εἰς
3652 5549 3748 5609 τάς
3784 5545 3872 5600 εὐ-

2241 5647 2343 5724 χὰς
2375 5646 2733 5708 συνελεύσεως
2766 5640 3187 5716 ἐκϐληθήσεται,
3223 5645 3312 5698 καὶ
3370 5640 3664 5715 ἐπιτιμίοις
3697 5635 3869 5704 ὥσπερ

2241 5737 2293 5791 οἱ
2323 5739 2424 5790 τοῦ
2448 5734 2582 5791 λαοῦ
2611 5730 3182 5805 καθυποϐληθήσεται.
