4098 6332
243 396 352 454 117

1276 390 1718 456 SYNTAGMA
1765 391 2393 454 ALPHABETICUM.
2439 422 2516 433 ——
2560 394 2626 447 Π.

3540 373 3654 433 118

329 526 378 579 Ο
430 522 489 578 δὲ
549 523 635 596 μδ’
686 529 914 597 γυναῖκα
979 523 1226 580 διάκονον
1266 524 1501 594 Ἕλληνι
1558 525 1897 598 συμπορνεύ-

2080 526 2298 582 Deinde
2329 540 2513 579 canon
2545 522 2612 576 44
2663 517 3052 574 diaconissam
3102 528 3232 584 quae
3279 525 3411 565 cum
3455 508 3653 564 Graeco

246 634 412 667 σασαν
465 621 564 682 τῆς
619 617 718 686 μὲν
773 615 924 685 ἀξίας
973 616 1236 688 καθαιρεῖ,
1268 619 1541 669 κοινωνεῖν
1576 611 1633 667 δὲ
1660 617 1738 684 τῷ
1778 611 1897 686 λαῷ

247 704 488 764 στάσεως
537 704 625 756 καὶ
675 703 860 778 εὕχῶν
913 702 1008 758 οὐκ
1054 703 1299 778 ἄπείργει
1326 723 1340 735 ·
1373 708 1453 775 τῷ
1485 700 1540 756 δὲ
1581 706 1625 772 ζ’
1656 697 1762 756 ἔτει
1798 709 1897 770 τῆς

248 799 360 846 τῶν
411 795 767 866 ἁγιασμάτων
818 793 1100 856 κοινωνίας
1148 794 1421 864 ἀξιοῦσθαι
1475 791 1705 859 κελεύει,
1747 791 1797 846 εἷ’
1836 812 1900 865 γε

250 881 265 898 ,
341 882 386 916 ,ς
473 883 484 898 ,
653 883 664 898 ,
824 883 836 899 .
1127 884 1138 900 ,
1318 888 1342 897 -
1446 883 1456 901 ρ
1628 879 1669 897 κ,

245 903 298 936 εν
329 903 520 955 αίνειᾳ
572 884 716 954 βιῳη
747 905 839 937 και
890 904 1238 959 σωφροσυνῃ.
1271 891 1346 956 Tn
1394 904 1574 938 πιστει
1626 901 1682 936 οε
1729 901 1901 955 προσ-

251 971 392 1026 ιόντι
452 977 532 1043 τῷ
581 974 820 1043 ’Έλληνι
875 975 963 1027 καὶ
1019 975 1220 1043 ταύτην
1268 974 1344 1034 εἰς
1390 976 1572 1049 γάμου
1617 973 1898 1050 συνάφειαν

246 1063 585 1134 αἰτουμένῳ,
645 1062 741 1118 οὐκ
801 1061 975 1117 οἴεται
1055 1061 1163 1118 δεῖν
1242 1059 1532 1132 ἐκδιδόναι,
1589 1059 1898 1135 ἱεροσυλίαν

248 1162 404 1231 σαιρῆ
439 1154 825 1230 λογιζόμενος,
856 1156 919 1209 τὸ
953 1155 1088 1224 ἅπαξ
1121 1156 1413 1231 ἀφιερωθὲν
1453 1158 1531 1224 τῷ
1577 1157 1694 1222 Θεῷ
1743 1156 1900 1223 σῶμα

248 1246 331 1308 εἰς
397 1251 600 1318 χρῆσιν
654 1252 914 1318 σαρκικῆς
973 1246 1236 1319 ὑπάρχειν
1287 1243 1599 1314 ἐπιθυμίας.
1628 1242 1901 1298 Ἐντεῦθεν

248 1341 372 1395 τοῖς
421 1335 597 1408 ὀρθῶς
643 1339 934 1388 σκοποῦσιν
983 1334 1081 1389 οὐκ
1128 1331 1355 1403 ἄδηλον,
1407 1334 1479 1394 ὡς
1527 1330 1652 1387 οὐδὲ
1699 1331 1904 1405 κληρι-

251 1423 383 1484 κοὺς
475 1424 1155 1500 μετασχηματιζομένους,
1215 1425 1249 1491 ἢ
1339 1420 1636 1494 μοναχοὺς,
1695 1419 1902 1493 γυναιξὶ

258 1513 624 1568 συνάπτεσθαι
670 1513 889 1584 θεμιτόν
917 1532 929 1544 ·
964 1511 1024 1567 οὐ
1086 1513 1180 1583 μέν
1241 1509 1368 1566 οὐδὲ
1417 1511 1512 1574 τὰς
1556 1515 1664 1564 τῶν
1715 1509 1902 1583 ἱερέων

257 1608 522 1677 γυναῖκας
579 1602 747 1672 ὅσιον,
807 1599 1077 1676 δευτέροις
1136 1602 1337 1676 γάμοις
1403 1597 1790 1675 προσομιλεῖν,
1848 1598 1902 1653 ’ἐν

261 1696 426 1764 σῶμα
498 1696 571 1764 τῇ
666 1692 800 1765 πρὸς
885 1692 1010 1754 τοὺς
1094 1689 1266 1764 ἱερέας
1353 1689 1608 1765 συναφείᾳ
1691 1708 1908 1763 γεγενη-

258 1781 444 1852 μένας.

325 1873 489 1940 Ζήτει
548 1871 640 1924 καὶ
695 1871 756 1924 τὸ
810 1875 883 1926 κε’
939 1890 1056 1947 κεφ.
1113 1874 1210 1924 τοῦ
1267 1875 1316 1924 Χ
1374 1866 1670 1942 στοιχείου,
1704 1868 1791 1922 καὶ
1853 1864 1904 1921 έν

252 1965 331 2031 τῷ
393 1957 436 2014 δ’
504 1979 625 2035 κεφ.
684 1963 780 2014 τοῦ
838 1966 874 2015 Γ
929 1959 1207 2037 στοιχείου
1285 1959 1506 2018 κανόνας
1561 1962 1669 2011 τῶν
1728 1957 1898 2032 ἁγίων

251 2049 584 2105 ἀποστόλων
623 2051 684 2119 ιζ’
713 2051 801 2104 καὶ
843 2050 933 2118 ιη’,
965 2050 1056 2102 καὶ
1099 2049 1188 2103 τὸν
1229 2049 1302 2120 ξα¹
1331 2045 1383 2100 έν
1433 2050 1510 2117 τῷ
1556 2043 1622 2099 ιδ’
1652 2065 1772 2118 κεφ.
1803 2048 1902 2098 τοῦ

253 2147 302 2196 Μ
367 2138 691 2213 στοιχείου·
725 2141 814 2194 καὶ
867 2139 919 2193 ἐν
965 2143 1042 2210 τῷ
1095 2139 1138 2191 θ’
1195 2159 1314 2213 κεφ.
1374 2138 1470 2190 τοῦ
1531 2141 1566 2189 Γ
1624 2133 1901 2208 στοιχείου

252 2231 461 2283 κανόνα
512 2229 592 2296 κζ’
638 2232 735 2283 τοῦ
785 2225 1029 2301 μεγάλου
1074 2223 1378 2288 Βασιλείου,
1419 2224 1509 2278 καὶ
1561 2229 1660 2292 τῆς
1712 2223 1755 2285 ς’
1786 2243 1906 2276 συν-

254 2315 387 2372 όδου
419 2319 528 2386 κς’,
561 2316 647 2372 καὶ
698 2316 752 2371 έν
807 2321 888 2389 τῷ
939 2318 996 2371 ιε’
1025 2337 1142 2392 κερ.
1184 2319 1280 2369 τοῦ
1321 2313 1484 2369 αὐτοῦ
1515 2311 1790 2387 στοιχείου
1817 2331 1907 2366 κα-

252 2407 382 2462 νόνα
412 2411 513 2462 τοῦ
550 2405 794 2479 μεγάλου
827 2404 1114 2462 Βασιλείου
1143 2406 1241 2474 ξθ’.
1266 2418 1270 2460 .’

319 2498 456 2571 Περὶ
492 2494 551 2551 δὲ
587 2500 694 2550 τῶν
743 2494 1148 2569 πόρνευσάντων
1201 2497 1458 2572 μοναχῶν
1510 2493 1659 2562 ζήτει
1705 2489 1793 2545 καὶ
1840 2491 1903 2546 τὸ

255 2594 305 2640 ιε’
334 2584 646 2662 κεφάλαιον
676 2589 772 2640 τοῦ
811 2592 861 2641 Μ
895 2583 1195 2659 στοιχείου.

249 2698 512 2750 ΚΒΦΑΛ.
555 2693 676 2766 ις’.
719 2693 875 2766 Περί
913 2694 1423 2766 τοῦῗπορνεῦσαι
1463 2688 1906 2761 ἐπιθυμήσαν-

645 2784 788 2834 τος,
817 2762 935 2818 ’καὶ
988 2765 1074 2835 μὴ
1122 2762 1510 2838 πράξαντος.

315 2856 488 2915 ’Έθος
541 2874 602 2927 γε
646 2856 755 2926 μὴν
795 2853 1024 2928 ἀρχαῖόν
1073 2851 1184 2907 ἐστι
1234 2855 1304 2924 τῇ
1353 2850 1534 2922 κακίᾳ,
1581 2852 1656 2923 μή
1708 2847 1898 2924 ἀθρόον

248 2946 412 3016 ἡμῖν,
450 2940 597 3016 μηδὲ
650 2943 756 2997 ἀπὸ
806 2947 903 2996 σοῦ
950 2941 1170 3017 πρώτου
1227 2941 1596 3015 παραστάντος
1648 2937 1902 3012 ἐπιστρα-

248 3034 428 3087 τεύειν
470 3032 541 3088 τὰ
590 3034 758 3102 πάθη,
785 3031 934 3086 ἀλλὰ
978 3031 1148 3106 τέχνῃ
1193 3031 1300 3086 τινὶ
1349 3029 1439 3084 καὶ
1480 3028 1723 3102 περινοίᾳ
1753 3048 1900 3101 σοφι-

252 3123 412 3194 στικῇ
457 3122 523 3176 τὸ
571 3127 672 3188 τῆς
721 3119 997 3183 ἀπωλείας
1043 3122 1179 3192 ἡμῖν
1230 3119 1495 3194 βάραθρον
1544 3118 1678 3172 κατὰ
1712 3118 1902 3191 μικρὸν

253 3210 606 3285 ὑπορύττειν.
639 3210 815 3284 Ταύτῃ
856 3230 941 3264 τοι
991 3209 1077 3264 καὶ
1127 3214 1245 3272 τοῖς
1288 3208 1581 3283 λογισμοῖς
1614 3207 1793 3277 ἠπίως
1824 3211 1902 3277 τῷ

2008 616 2287 672 fornicata
2332 612 2523 678 fuerit,
2567 608 2851 682 dignitate
2900 622 3007 660 sua
3055 602 3312 668 abdicat;
3348 616 3461 654 non
3501 602 3653 652 vetat

2007 709 2202 760 tamen
2233 703 2373 774 quin
2424 700 2670 756 statione
2709 714 2774 752 ac
2826 694 3094 766 precibus
3142 707 3270 746 cum
3321 688 3488 744 laicis
3536 703 3654 741 una

2007 793 2432 850 communicet:
2462 805 2613 845 anno
2643 788 2778 842 dein
2823 784 3074 856 septimo
3123 782 3189 834 ad
3231 794 3458 834 sacram
3491 792 3653 832 com-

2009 884 2344 938 munionem
2377 878 2600 935 admitti
2644 877 2834 946 jubet,
2878 873 2927 928 si
2977 873 3036 926 in
3079 869 3342 925 castitate
3376 883 3441 921 ac
3487 865 3653 936 pudi-

2009 973 2144 1029 citia
2173 972 2398 1026 vixerit.
2430 970 2622 1025 Graeco
2653 982 2784 1020 vero
2815 964 2931 1028 isti,
2968 963 3017 1016 si
3042 961 3111 1015 ad
3140 959 3313 1012 fidem
3341 970 3654 1011 conversus

2011 1063 2284 1119 feminam
2319 1061 2480 1115 illam
2524 1057 2582 1112 in
2634 1052 3070 1110 matrimonium
3121 1048 3366 1120 petierit,
3414 1044 3654 1099 minime

2010 1151 2349 1209 tradendam
2379 1163 2507 1204 esse
2527 1145 2773 1217 judicst,
2799 1145 3075 1214 reputans
3109 1136 3486 1199 manifestum
3526 1148 3654 1188 esse

2011 1239 2376 1311 sacrilegium
2428 1251 2637 1307 corpus
2703 1230 2882 1287 semel
2956 1228 3070 1284 Deo
3136 1228 3542 1281 consecratum
3595 1223 3653 1276 in

2013 1346 2188 1386 usum
2223 1325 2473 1383 carnalis
2511 1318 2992 1392 concupiscentiae
3033 1316 3258 1372 cedere.
3311 1312 3456 1368 Hinc
3503 1313 3656 1381 patet

2010 1425 2123 1476 ista
2171 1419 2279 1473 rite
2340 1411 2790 1487 pensilantibus,
2847 1407 2997 1479 quod
3059 1419 3247 1475 neque
3278 1401 3514 1456 clericos
3554 1398 3652 1469 qui

2012 1509 2277 1564 habitum
2343 1506 2592 1567 mutant,
2645 1501 2765 1556 sive
2833 1493 3153 1551 monachos
3196 1506 3399 1546 uxores
3445 1489 3655 1543 ducere

2015 1598 2102 1653 fas
2123 1596 2232 1651 sit:
2256 1595 2372 1648 imo
2404 1606 2591 1663 neque
2625 1589 2784 1660 pium
2819 1599 3026 1640 uxores
3048 1581 3409 1638 sacerdotum
3439 1593 3651 1632 secun-

2013 1689 2116 1744 das
2145 1685 2374 1758 nuptias
2401 1680 2762 1745 contrahere,
2793 1692 2927 1732 eum
2987 1688 3087 1746 per
3133 1671 3468 1740 conjugium
3518 1683 3651 1722 cum

2013 1775 2409 1834 sacerdotibus
2443 1773 2606 1828 facta:
2637 1767 2854 1824 fuerint
2884 1780 3070 1820 unum
3101 1777 3329 1832 corpus.

2085 1869 2285 1930 Quaere
2313 1864 2485 1918 etiam
2517 1876 2644 1931 cap.
2675 1859 2746 1912 25
2777 1857 2885 1912 litt.
2920 1860 2983 1922 Χ,
3015 1857 3072 1908 et
3119 1854 3177 1906 in
3227 1866 3356 1920 cap.
3396 1848 3426 1901 4
3475 1845 3584 1901 litt.
3618 1848 3654 1896 I‘

2013 1959 2347 2013 sanctorum
2377 1952 2563 2023 apost.
2597 1961 2846 2003 canones
2879 1944 2941 1998 17
2972 1949 3022 1997 et
3050 1941 3133 2008 18,
3169 1943 3341 2010 atque
3379 1937 3444 1990 61
3479 1950 3654 1989 cano-

2013 2060 2142 2101 nem
2198 2045 2257 2098 in
2305 2057 2432 2112 cap.
2484 2039 2549 2093 14
2619 2036 2728 2094 litt.
2781 2040 2852 2100 M,
2897 2036 2954 2088 et
3003 2032 3060 2086 in
3116 2045 3238 2099 cap.
3278 2027 3314 2080 9
3363 2026 3568 2080 littera
3616 2026 3652 2074 Γ

2012 2148 2290 2190 canonem
2330 2132 2399 2184 27
2466 2127 2661 2198 magni
2711 2121 2928 2189 Basilii,
2996 2123 3052 2175 et
3099 2135 3228 2189 syn.
3286 2132 3341 2169 vr
3383 2131 3516 2170 con.
3561 2112 3653 2179 26,

2011 2229 2065 2278 et
2136 2221 2196 2276 in
2264 2221 2331 2275 15
2390 2233 2516 2289 cap.
2592 2214 2854 2285 ejusdem
2929 2209 3039 2264 litt.
3118 2222 3247 2261 can.
3320 2206 3391 2259 69
3456 2202 3653 2274 magni

2013 2311 2236 2368 Basilii.

2086 2400 2340 2469 Denique
2397 2397 2467 2452 de
2534 2391 2838 2450 monachis
2925 2385 3345 2445 fornicantibus
3419 2379 3652 2439 consule

2013 2506 2139 2562 cap.
2174 2489 2239 2542 15
2268 2485 2470 2541 litterae
2500 2488 2575 2540 M.

2084 2696 2240 2753 224
2270 2691 2423 2749 CAP.
2458 2691 2604 2747 XVI.
2641 2688 2838 2744 Deillo
2867 2685 2964 2756 qui
3019 2680 3288 2749 fornicari
3337 2681 3510 2751 cupit,
3558 2693 3656 2733 nec

2486 2766 2671 2817 tamen
2697 2762 2820 2814 actu
2848 2758 3176 2827 fornicatur.

2081 2858 2258 2914 Vetus
2287 2855 2385 2911 ille
2414 2869 2539 2909 mos
2559 2854 2650 2908 est
2681 2846 3004 2921 pravitatis,
3034 2861 3148 2899 non
3187 2840 3521 2905 confestim,
3554 2855 3655 2895 ne-

2011 2964 2122 3020 que
2154 2947 2226 3004 ad
2268 2944 2512 3017 primam
2542 2937 2882 2995 instantiam
2915 2934 3210 3007 passiones
3240 2934 3470 2986 nostras
3501 2929 3656 2984 inva-

2011 3019 2166 3105 dere,
2199 3035 2301 3092 sed
2332 3037 2454 3088 arte
2476 3030 2731 3102 quadam
2763 3031 2820 3082 et
2869 3025 3083 3080 astutia
3119 3019 3433 3093 sophistica
3490 3019 3655 3073 bara-

2011 3127 2211 3184 thrum
2246 3119 2578 3194 perditionis
2609 3119 2677 3172 ad
2713 3117 2886 3189 pedes
2915 3117 3143 3169 nostros
3174 3108 3454 3182 paulatim
3486 3107 3659 3163 suffo-

2011 3220 2162 3276 dere.
2199 3218 2555 3285 Quapropter
2580 3217 2638 3264 et
2667 3204 3116 3279 cogitationibus
3147 3199 3421 3257 immittit
3442 3199 3512 3254 ad
3545 3197 3656 3252 im-

254 3300 440 3356 δοκεῖν
515 3302 603 3355 καὶ
693 3300 899 3374 ἱλαρῶς
978 3296 1385 3374 ἐπιμίγνυσθαι,
1443 3295 1706 3372 προτέραν
1795 3295 1898 3350 τινὶ

2024 3305 2373 3362 :niscendum
2452 3315 2577 3356 sese
2625 3297 2871 3369 placide,
2931 3292 3235 3364 utquidem
3302 3289 3554 3354 videtur,
3603 3289 3660 3342 et

254 3389 567 3466 λεγομένην
650 3388 834 3465 ἐφίησι
917 3384 1232 3460 προσϐολὴν
1313 3391 1390 3459 τῷ
1469 3385 1736 3462 ἐπαγωγῷ
1809 3389 1904 3439 τοῦ

254 3477 614 3551 δεικνυμένου
675 3475 1005 3549 ἱνδάλματος
1090 3477 1412 3554 ὑποφθεῖραι
1488 3474 1714 3537 τούτους
1795 3473 1905 3528 ἐπι·

255 3567 479 3631 ϐούλιος
541 3569 942 3642 μηχανωμένη,
984 3568 1071 3622 καὶ
1131 3567 1225 3628 τὰς
1275 3570 1384 3620 τῶν
1439 3561 1654 3633 ἡδονῶν
1707 3563 1903 3641 ἀρχὰς,

256 3661 330 3720 ὡς
385 3658 556 3733 ψιλὰς
603 3657 835 3723 ἐννοίας,
866 3655 954 3710 καὶ
1008 3653 1175 3727 μηδὲν
1225 3654 1415 3722 πλέον,
1447 3653 1512 3709 ti
1551 3675 1610 3728 γε
1661 3652 1734 3713 εἷς
1779 3632 1907 3727 βλά-

260 3745 355 3812 ϐος
418 3748 678 3822 ἐχούσας,
711 3743 884 3806 ἀδεῶς
943 3743 1269 3816 εἰσδέξασθαι
1326 3744 1606 3798 πείθουσα.
1670 3741 1909 3814 Κρύπτει

256 3840 359 3914 γὰρ
414 3838 477 3892 τὸ
546 3844 645 3904 τῆς
705 3834 974 3910 ἁμαρτίας
1051 3835 1358 3908 ἄγκιστρον,
1415 3838 1494 3905 τῷ
1550 3841 1650 3901 τῆς
1709 3829 1908 3900 ἡδονῆς

262 3927 503 3996 δελέατι,
549 3926 624 3988 ὡς
679 3923 738 3979 ἂν
797 3925 977 3995 τούτῳ
1034 3924 1438 3997 περιχανόντες,
1501 3922 1688 3976 ἐκείνω
1748 3941 1910 3994 περι-

260 4023 507 4090 παρῶσι,
567 4017 846 4070 κάντεῦθεν
910 4010 1148 4068 λαϐοῦσα
1234 4011 1609 4086 ὕποχειρίους,
1669 4011 1766 4064 ὅσα
1822 4011 1911 4064 καὶ

263 4109 565 4181 ὑπηρέταις
623 4104 805 4159 αὐτοῖς
860 4105 1158 4178 χρήσηται.
1221 4101 1342 4159 Εἴθε
1403 4103 1496 4173 μέν
1556 4101 1644 4155 οῦν
1690 4101 1766 4172 μὴ
1823 4100 1912 4154 καὶ

267 4194 608 4271 συμμάχους
664 4189 972 4267 ἐκλάμϐανε
1040 4191 1173 4247 κατὰ
1229 4199 1327 4260 τῆς
1377 4195 1584 4268 ψυχῆς,
1632 4190 1756 4250 τοὺς
1812 4187 1910 4243 διέ-

261 4309 386 4343 πειν
468 4286 601 4360 φεῦί
662 4283 751 4338 καὶ
824 4287 1076 4358 φρουρεῖν
1140 4281 1310 4350 αὐτὴν
1397 4278 1913 4353 ἐπιτετραμμένοος.

263 4377 328 4432 Εἰ
380 4376 490 4449 γὰρ
543 4373 855 4447 γυμνωθείη
904 4378 1002 4440 τῆς
1049 4369 1108 4425 ἐκ
1144 4374 1252 4425 τῶν
1286 4368 1564 4445 λογισμῶν
1599 4366 1917 4440 συμμαχίας

263 4469 299 4536 ἡ
331 4467 458 4520 καθ’
490 4465 652 4535 ἡμῶν
699 4461 918 4535 ὀργῶσα
960 4459 1138 4529 κακία,
1171 4459 1250 4522 εἷς
1299 4460 1474 4530 μάτην
1528 4457 1664 4530 αὐτῇ
1713 4458 1777 4510 τὰ
1815 4464 1914 4524 τῆς

263 4553 488 4627 ἐνέδρας
552 4550 698 4606 ἔσται
755 4551 842 4604 καὶ
907 4548 1255 4624 μαγγανείας,
1319 4549 1395 4620 μή
1454 4552 1720 4624 πεφυκυῖα
1774 4546 1913 4617 μόνη

2010 3395 2268 3466 jucunde
2299 3391 2548 3462 primum
2571 3387 2674 3459 qui
2703 3390 2938 3441 vocatur
2978 3380 3323 3451 impulsum,
3377 3381 3432 3433 et
3488 3376 3660 3431 hasce

2016 3465 2317 3539 blanditiis
2343 3478 2551 3550 speciei
2580 3476 2818 3544 objectae
2848 3485 3219 3540 corrumpere
3259 3465 3500 3523 subdole
3532 3482 3657 3520 ma-

2016 3572 2310 3634 chinatur,
2367 3573 2540 3638 atque
2593 3563 2876 3636 principia
2942 3559 3329 3629 voluptatum,
3381 3559 3658 3625 tanquam

2018 3666 2332 3730 conceptus
2380 3673 2592 3723 meros,
2653 3668 2836 3722 neque
2903 3649 3094 3719 majus
3151 3644 3386 3716 aliquod
3440 3642 3657 3698 malum

2019 3750 2336 3812 trahentes,
2370 3754 2586 3800 temere
2617 3743 2870 3810 recipere
2894 3734 3216 3809 persuadet.
3239 3732 3384 3787 Nam
3418 3731 3660 3785 hamum

2021 3839 2235 3912 peccati
2271 3837 2380 3891 sub
2412 3852 2542 3889 esca
2572 3830 2884 3900 voluptatis
2933 3825 3257 3883 abscondit.
3305 3829 3369 3878 ut
3395 3820 3496 3893 qui
3529 3819 3663 3875 huic

2019 3910 2264 3993 inhient,
2299 3928 2354 3979 in
2389 3926 2560 3978 istum
2585 3920 2882 3985 incidant;
2917 3921 3039 3971 tum
3070 3930 3168 3970 eos
3210 3913 3372 3969 ducit
3403 3910 3661 3982 captivos

2021 4025 2080 4074 et
2108 4023 2388 4087 tanquam
2451 4009 2740 4076 mancipia
2777 4010 3001 4062 tractat.
3038 4005 3270 4059 Utinam
3321 4001 3499 4073 igitur
3545 4013 3662 4053 non

2021 4122 2281 4162 sumeres
2311 4106 2513 4159 contra
2567 4099 2828 4154 animam
2887 4094 3262 4149 auxiliatores
3311 4092 3467 4161 ipsos
3510 4088 3663 4155 illos,

2023 4195 2236 4265 quibus
2259 4191 2416 4245 illam
2442 4184 2818 4258 persequendi
2852 4199 2917 4236 ac
2957 4179 3322 4235 custodiendi
3371 4192 3511 4232 cura
3557 4179 3662 4229 est.

2023 4285 2162 4340 Nam
2191 4282 2238 4337 si
2265 4280 2484 4352 privata
2524 4276 2694 4330 fuerit
2723 4271 3136 4342 cogitationum
3169 4267 3384 4323 auxilio
3417 4265 3666 4338 pravitas

2021 4375 2123 4430 illa
2153 4388 2278 4444 quis
2309 4373 2507 4425 contra
2529 4383 2634 4421 nos
2665 4364 2892 4420 infensa
2922 4368 3030 4425 est,
3065 4360 3284 4414 frustra
3331 4360 3500 4412 erunt
3530 4369 3663 4408 om-

2027 4480 2129 4519 nes
2148 4463 2272 4532 ejus
2306 4457 2535 4514 insidiae
2565 4472 2629 4510 ac
2655 4449 2968 4515 lenocinia,
2997 4463 3132 4504 cum
3165 4449 3446 4516 nequeant
3489 4459 3556 4497 ex
3607 4458 3669 4497 se

2026 4553 2165 4609 solis
2198 4565 2412 4620 regere,
2463 4549 2518 4601 et
2569 4544 2629 4599 in
2679 4543 2964 4596 actionem
3016 4537 3329 4608 producere
3374 4534 3666 4596 affectum,

263 4647 440 4706 πάθος
519 4639 951 4714 δημιουργῆσαι,
1007 4638 1098 4692 καὶ
1180 4637 1255 4700 εἰς
1333 4631 1486 4710 ἔργον
1537 4623 1908 4710 προενεγκεῖν,

2024 4643 2124 4714 qui
2155 4645 2433 4710 tanquam
2461 4633 2621 4689 bulla
2655 4632 2824 4687 modo
2857 4632 3111 4700 apparet,
3138 4627 3309 4681 modo
3342 4623 3595 4694 disparet
3614 4624 3674 4675 et

265 4737 328 4790 τὸ
388 4730 760 4806 πομφόλυγος
821 4727 973 4798 δίκην
1032 4729 1173 4800 ὁμοῦ
1228 4747 1285 4781 τε
1341 4727 1684 4804 φαινόμενον,
1716 4745 1803 4778 και
1835 4724 1918 4778 εὐ-

268 4825 361 4886 θὺς
418 4819 808 4892 ἀπολλύμενον
855 4817 943 4873 καὶ
1003 4815 1381 4891 διαλυόμενον,
1424 4821 1611 4889 νεκρᾶς
1659 4816 1714 4869 ὃν
1767 4815 1918 4888 ἀτεχ-

265 4921 398 4982 νῶς,
433 4913 508 4974 ὠς
565 4911 760 4980 εἰπεῖν,
812 4910 899 4963 καὶ
955 4908 1296 4982 ἀνυπάρκτου
1354 4906 1596 4982 φύσεως·
1657 4905 1803 4961 ἀλλὰ
1857 4904 1919 4957 τὸ

274 5006 413 5059 εἶναι
453 5000 546 5056 καὶ
604 5001 666 5053 τὸ
725 5002 824 5072 ζῇν
885 4999 1020 5071 πρὸς
1072 5002 1180 5052 τῶν
1229 4995 1509 5068 ἡμετέρων
1549 4992 1918 5066 δανειζόμενον

275 5094 588 5169 λογισμῶν,
615 5093 801 5163 νεκροῖ
858 5084 988 5147 τοὺς
1042 5086 1103 5141 τὸ
1152 5089 1248 5159 ζῇν
1303 5082 1544 5146 διδόντας
1587 5085 1752 5155 αὐτῷ.
1785 5086 1912 5140 Τοι-

275 5189 414 5238 αῦτα
469 5181 573 5256 γὰρ
631 5179 699 5233 τὰ
756 5181 865 5231 τῶν
941 5177 1123 5230 παθῶν
1199 5181 1298 5244 τῆς
1375 5175 1564 5235 κακίας
1631 5171 1920 5246 ἐπίχειρα·

275 5272 411 5341 αῦτη
441 5269 624 5324 τοίνυν
648 5269 683 5336 ὴ
730 5260 1020 5340 προσϐολὴ
1052 5265 1124 5326 ὡς
1154 5266 1350 5333 ἥκιστα
1395 5270 1492 5332 τῆς
1538 5266 1698 5334 ἡμῶν
1742 5282 1922 5335 προαι-

281 5360 472 5433 ρέσεως
533 5353 851 5431 ἠρτημένη,
883 5348 1140 5428 ἔγκλημα
1189 5354 1323 5423 ἡμῖν
1384 5353 1496 5425 οὐχ
1551 5349 1643 5405 οἶα
1671 5371 1726 5405 τε
1755 5370 1922 5424 προσ-

279 5449 589 5523 τρίψασθαι,
670 5451 729 5498 ⁴Ο
823 5439 1163 5512 συνδυασμὸς
1247 5439 1418 5495 ἔπεισι
1508 5437 1777 5514 δεύτερος,
1862 5441 1923 5494 ὃν

275 5539 455 5612 ἡρέμα
507 5536 597 5592 καὶ
658 5534 780 5590 κατ’
815 5529 1011 5606 ὀλίγον
1071 5532 1132 5584 τὸ
1177 5536 1276 5600 τῆς
1325 5526 1642 5604 προσϐολῆς
1701 5530 1922 5602 θαμινὸν

279 5629 451 5685 εἰώθει
531 5629 854 5702 ἀπογεννᾷν,
936 5619 1191 5694 ἐμπαθῶς
1373 5620 1460 5674 καὶ
1535 5620 1753 5681 ἀπαθῶς
1827 5623 1924 5674 τοῦ

282 5721 544 5795 λογισμοῦ
601 5713 1027 5774 συλλαλοῦντος
1086 5714 1164 5783 τῷ
1219 5707 1617 5784 προσϐαλόντιο
1655 5714 1814 5765 τοῦτο
1844 5709 1926 5774 τίς

2027 4710 2386 4796 dissolvitur,
2421 4721 2677 4780 mortalis
2711 4720 2878 4791 plane
2916 4734 2982 4774 ac
3032 4731 3234 4788 parum
3294 4710 3672 4768 subsistentis

2029 4824 2272 4876 naturze.
2307 4814 2522 4872 Verum
2553 4811 2609 4866 id
2638 4809 2792 4881 quod
2816 4823 2944 4862 esse
2963 4809 3022 4861 et
3043 4805 3228 4860 vivere
3248 4802 3458 4874 accipit
3475 4817 3507 4855 a
3525 4797 3675 4870 cogi-

2031 4907 2350 4964 tationibus
2397 4900 2632 4964 nostris,
2681 4895 2955 4952 interﬁcit
3000 4910 3095 4949 eas
3148 4907 3274 4962 quas
3324 4888 3436 4962 ipsi
3493 4887 3672 4942 vitam

2031 4997 2332 5053 dederunt.
2370 4987 2665 5062 Ejusmodi
2688 4987 2840 5042 enim
2863 4987 3332 5054 sunt.pravorum
3357 4977 3673 5033 all'ectuum

2035 5084 2287 5158 przemia.
2314 5081 2412 5136 llic
2444 5078 2617 5150 igitur
2645 5074 2948 5145 impulsus,
2983 5087 3122 5128 cum
3156 5067 3392 5124 minime
3423 5083 3456 5122 a
3477 5069 3677 5122 nostra

2031 5155 2326 5232 voluntate
2345 5170 2687 5241 dependeat,
2718 5165 2940 5222 crimen
2972 5161 3141 5216 nobis
3163 5159 3428 5215 aﬂricare
3450 5155 3675 5228 nequit.

2032 5264 2264 5321 Accedit
2294 5259 2554 5316 secunda
2582 5254 2910 5325 conjunctio
2955 5265 3132 5320 quam
3168 5249 3387 5304 sensim
3436 5245 3675 5316 quidem

2033 5363 2086 5409 et
2119 5351 2399 5424 paulatim
2423 5350 2693 5418 frequens
2727 5341 3016 5411 impulsus
3063 5337 3210 5394 solet
3255 5351 3548 5408 generare,
3587 5351 3676 5388 ra—

2033 5444 2190 5498 tione
2220 5439 2306 5495 vel
2339 5453 2469 5493 cum
2505 5435 2771 5508 passione
2798 5431 2881 5484 vel
2925 5429 3068 5484 citra
3117 5425 3485 5498 impressioni
3533 5439 3674 5478 con-

2034 5531 2338 5586 sentiente-
2373 5527 2510 5592 Quis
2559 5539 2691 5578 vero
2734 5522 2956 5574 asserat
3003 5517 3112 5573 hoc
3161 5516 3368 5572 anima:
3409 5511 3677 5570 rationali

2035 5637 2150 5676 non
2193 5633 2416 5683 nocere,
2468 5613 2654 5686 quoad
2698 5609 2793 5662 Dei
2843 5607 3254 5678 cognitionem,
3285 5621 3420 5661 cum
3465 5603 3678 5673 cogita-

2039 5712 2228 5768 tiones
2276 5709 2402 5780 ejus
2463 5703 2680 5761 talibus
2746 5697 3141 5768 ocoupentur?
3185 5696 3360 5752 Adest
3405 5691 3572 5749 tertio
3620 5689 3677 5744 in
