4098 6332
428 413 544 476 119

1703 420 2084 482 ΜΛΤἸἪᾹΞΙ
2128 412 2554 480 BLASTABIS

3711 405 3823 464 120

430 547 556 603 loco
600 563 893 618 assensus,
942 549 1209 606 indicans
1256 551 1440 622 ipsam
1491 553 1698 608 animae
1740 553 2067 608 inclinatio-

2200 546 2238 601 ὶν
2299 544 2639 619 ἶσχυρίσαιτο
2697 543 2773 614 μή
2833 539 3034 613 ζημίαν
3105 540 3240 594 εἶναι
3312 542 3500 617 ψυχῆς
3565 536 3824 612 λογικῆς,

431 652 563 691 nem
606 635 679 691 ad
727 637 996 693 affectum
1055 639 1482 710 voluptuosum.
1544 659 1712 713 quem
1791 649 2072 713 tanquam

432 725 826 797 syngrapham
869 728 1153 798 recipiens
1199 730 1556 799 prohibitum
1605 731 1719 786 sive
1777 731 2073 803 captivitas

432 829 630 885 presse
660 824 860 884 quarto
891 815 948 869 in
985 817 1106 870 loco
1138 819 1415 888 sequitur,
1469 820 1680 875 bonam
1729 837 1855 892 qua
1887 821 2074 874 adhuc

432 907 555 957 erat
585 903 760 958 animi
812 904 1248 974 dispositionem
1298 907 1543 973 violans,
1604 911 2075 980 persuadensque

431 989 674 1058 experiri
712 990 878 1045 fallax
908 991 1340 1057 imaginationis
1365 995 1606 1052 malum.
1626 997 1728 1051 Sin
1760 1013 1892 1052 vero
1928 1002 2075 1050 tem-

432 1095 572 1148 pore
618 1079 892 1134 orationis
956 1082 1293 1151 obrepserit,
1346 1084 1590 1154 impedit
1635 1103 1706 1140 ne
1766 1086 2073 1140 utilitatem

433 1167 568 1222 inde
599 1166 777 1222 ullam
811 1168 1125 1235 capiamus,
1158 1175 1213 1224 et
1266 1171 1438 1226 malis
1486 1173 1936 1244 cogitationibus
1979 1176 2076 1228 in-

431 1254 662 1309 volutos
690 1257 854 1311 ridet.
887 1257 1032 1312 Cum
1066 1259 1241 1329 igitur
1270 1260 1690 1334 intelligamus,
1733 1279 1908 1333 quam
1941 1263 2075 1318 mali

434 1346 644 1412 simus,
678 1349 1012 1404 annitamur
1051 1351 1109 1405 id
1167 1350 1533 1408 colluctando
1589 1370 1862 1426 superare
1921 1353 2074 1425 quod

436 1439 666 1490 nosmet
687 1436 1058 1507 supplantare
1089 1447 1359 1506 conatur;
1406 1446 1461 1496 et
1509 1442 1756 1497 duorum
1805 1441 2077 1506 alterum,

436 1527 536 1578 aut
565 1524 783 1580 scilicet
811 1527 1212 1583 vehementius
1242 1529 1583 1586 anhelantes
1622 1532 1836 1586 auxilio
1885 1533 2078 1586 divino

433 1613 682 1670 victores
713 1616 1082 1684 evaserimus,
1136 1625 1234 1672 aut
1280 1621 1516 1674 emolliti
1563 1626 1618 1675 et
1663 1628 1824 1692 terga
1873 1624 2078 1675 dantes

438 1718 677 1770 agemur
744 1709 802 1758 et
866 1706 1120 1760 feremur
1204 1708 1281 1763 lta
1347 1709 1578 1777 quidem
1665 1710 1906 1780 spiritus
1990 1725 2082 1764 ne-

438 1790 634 1860 quitia:
683 1791 957 1847 diuturno
1015 1800 1274 1867 tempore
1339 1800 1489 1867 apud
1570 1798 1822 1854 animam
1863 1815 2080 1870 perma-

439 1885 681 1946 mentes,
713 1889 760 1934 et
794 1880 853 1935 in
904 1899 1073 1936 suum
1126 1885 1385 1942 habitum
1431 1886 1621 1955 ipsam
1645 1889 2078 1954 transferentes,

439 1969 658 2023 dictum
693 1969 929 2026 demum
963 1972 1229 2027 affectum
1250 1979 1525 2046 tanquam
1551 1983 1857 2047 tropeaaum
1896 1978 2084 2048 figunt

439 2062 496 2112 Βία
516 2058 849 2113 columnam
885 2061 939 2113 in
973 2065 1145 2116 corde
1175 2065 1459 2119 memoria
1504 2071 1854 2120 crescentem
1891 2072 1947 2121 et
1974 2083 2080 2120 USII

440 2155 866 2215 conservatam,
920 2157 977 2204 et
1041 2153 1296 2207 animam
1353 2161 1797 2224 praeparantem,
1845 2157 1910 2210 ad
1954 2173 2084 2225 per-

443 2237 783 2306 petrandam
816 2238 874 2292 in
906 2239 1106 2308 quavis
1136 2258 1195 2296 re
1227 2244 1494 2310 quamvis
1520 2243 1964 2312 turpitudinem.

2178 640 2279 701 τῆς
2326 638 2424 690 τοῦ
2473 637 2607 688 Θεοῦ
2656 630 2866 691 ἐννοίας
2917 631 3040 703 περὶ
3092 630 3344 689 πλείονος
3381 634 3488 682 τῶν
3541 625 3824 700 λογισμῶν

2180 725 2347 793 αὐτῆς
2407 725 2751 792 ποιουμένων
2807 719 2905 785 τὴν
2961 719 3086 792 περὶ
3141 719 3207 772 τὰ
3270 721 3495 771 τοιαῦτα
3567 713 3826 789 σχολήν;

2181 816 2243 870 Ἠ
2293 812 2677 886 συγκατάθεσις
2747 807 3026 887 ἐφίσταται
3101 807 3281 880 τρίτη,
3329 809 3503 859 νεῦσιν
3579 804 3670 859 καὶ
3725 811 3826 871 τῆς

2183 905 2368 979 ψυχῆς
2417 901 2800 972 κατηγοροῦσα
2851 897 2987 970 πρὸς
3013 896 3077 949 τὸ
3117 894 3282 956 πάθος
3324 891 3595 964 ἐνήδονον,
3625 893 3693 961 ἣν
3739 890 3827 946 καὶ

2183 993 2259 1053 ὡς
2297 995 2672 1064 γραμματεῖον
2722 985 2831 1056 ἤδη
2879 984 3138 1058 δεξαμένη
3191 984 3523 1060 ἀπόῤῥητον,
3619 981 3828 1055 αἲχμα-

2183 1078 2358 1135 λωσία
2435 1080 2572 1133 κατὰ
2641 1075 2812 1137 πόδας
2897 1077 3125 1148 τετάρτη
3213 1073 3669 1146 κατεξανίσταται,
3728 1072 3828 1137 τήν

2182 1171 2405 1245 ἀρίστην
2469 1171 2631 1240 ἡμῶν
2680 1167 2980 1245 ἀχρειοῦσα
3039 1165 3380 1234 κατάστασιν,
3437 1168 3535 1230 τῆς
3600 1157 3828 1233 καρδίας

2183 1259 2292 1328 ἤδη
2365 1255 2783 1332 περιγενομένη,
2863 1253 2950 1308 καὶ
3037 1250 3318 1325 δρέπεσθαι
3389 1250 3648 1305 πείθουσα
3731 1251 3830 1315 τὴν

2184 1349 2475 1418 ἀπατηλήν
2537 1347 2777 1420 βλάστην
2837 1349 2939 1412 τῆς
2997 1340 3310 1420 φαντασίας.
3369 1340 3434 1396 Εἴ
3479 1337 3537 1394 δέ
3592 1340 3684 1393 καὶ
3752 1342 3831 1409 τῷ

2185 1443 2360 1510 καιρῷ
2418 1443 2518 1504 τῆς
2567 1437 2884 1509 προσευχῆς
2944 1431 3282 1508 εἴσφθαρείη,
3332 1428 3483 1485 οὐδὲν
3534 1427 3834 1483 ἀπόνασθαι

2183 1527 2386 1597 ταύτης
2445 1525 2526 1595 ἐᾷ,
2558 1525 2646 1578 καὶ
2713 1522 2950 1594 μάλιστα
3005 1526 3270 1590 πονηροῖς
3325 1518 3703 1591 ἐνθυμήμασιν
3743 1518 3832 1570 αἱ·

2189 1618 2489 1691 ρουμένους
2549 1609 3003 1687 ἐγκαλινδεῖσθαι.
3067 1605 3309 1668 Συνέντες
3370 1605 3427 1662 δὲ
3560 1610 3732 1660 κακοῦ
3761 1624 3836 1679 γε·

2188 1701 2445 1780 γόναμεν,
2477 1700 2568 1756 διὰ
2621 1699 2806 1770 πάλης
2857 1697 3228 1775 περιγενέσθαι
3268 1701 3366 1751 τοῦ
3407 1697 3690 1769 πτερνίσαι
3729 1716 3836 1749 πει-

2193 1793 2442 1870 ρωμένου
2497 1791 2819 1864 περώμεθα·
2879 1788 2968 1843 καὶ
3029 1784 3178 1841 δυοῖν
3235 1788 3475 1859 θάτερον,
3516 1784 3550 1853 ἢ
3604 1782 3834 1860 σφοδρό-

2189 1902 2342 1955 τερον
2422 1879 2741 1940 πνεύσαντες
2826 1875 3194 1952 ἐκρατήσαμεν
3271 1875 3514 1947 θειοτέρα
3570 1875 3740 1947 ῥοπῇ,
3798 1873 3831 1940 ἢ

2200 1972 2590 2046 γαυνωθέντες,
2647 1968 2737 2021 καὶ
2815 1968 2881 2021 τὰ
2959 1970 3106 2018 νῶτα
3188 1961 3389 2031 δόντες,
3443 1963 3690 2038 ἀγόμεθα
3747 1961 3834 2015 καὶ

2194 2061 2485 2138 φερόμεθα.
2537 2057 2690 2111 Οὕτω
2754 2053 2810 2109 δὲ
2877 2054 2945 2110 τὰ
3025 2061 3126 2122 τῆς
3211 2052 3473 2125 πονηρίας
3553 2052 3836 2123 πνεύματα

2193 2155 2380 2224 συχνῷ
2438 2149 2624 2223 χρόνῳ
2678 2151 2748 2220 τῇ
2797 2149 2949 2220 ψυχῇ
3000 2145 3422 2219 παραμείναντα,
3453 2144 3540 2197 καὶ
3602 2145 3679 2204 εἰς
3737 2145 3836 2209 τήν

2195 2245 2342 2318 σφῶν
2401 2239 2575 2292 αὐτῶν
2644 2233 2750 2306 ἕξιν
2823 2235 2993 2303 αύτήν
3069 2235 3421 2306 μεταθέμενα,
3476 2229 3837 2298 τελευτῶντα,

441 2345 504 2378 το
563 2325 861 2397 λεγόμενον
919 2327 1113 2395 πάθος,
1172 2330 1362 2384 ὡσανεὶ
1419 2331 1703 2405 τρόπαιον,
1760 2334 2022 2408 πήγνυσι,
2070 2333 2160 2386 καὶ
2219 2329 2429 2400 στήλην
2484 2327 2535 2382 έν
2587 2330 2656 2399 τῇ
2714 2323 2909 2400 καρδίᾳ
2963 2328 3032 2398 τῇ
3095 2327 3285 2396 μνήμῃ
3339 2321 3694 2399 τρεφόμενον,
3751 2322 3838 2375 καὶ

444 2419 514 2488 τῇ
579 2415 832 2489 συνηθείᾳ
895 2414 1350 2493 διατηρούμενον,
1398 2420 1489 2475 καῖ
1571 2423 1670 2490 τήν
1755 2424 1940 2497 ψυχὴν
2027 2421 2428 2496 παρασκευάζον
2508 2417 2632 2492 περὶ
2717 2416 2912 2477 παντὸς
3004 2415 3277 2468 ποιεῖσθαι
3357 2418 3529 2467 πᾶσαν
3609 2411 3840 2486 αἰσχρό-

443 2525 604 2575 τητα.

518 2597 825 2668 Propterea
851 2603 907 2654 et
938 2600 969 2653 4
1031 2618 1156 2672 eyn.
1207 2602 1692 2658 Neocaesariensis
1742 2620 1926 2658 canon
1959 2619 2087 2656 eum

447 2687 546 2756 qui
575 2687 870 2742 mulierem
905 2692 1260 2759 concupiscit
1293 2697 1350 2745 et
1381 2691 1440 2746 in
1491 2695 1686 2747 animo
1739 2693 1915 2747 habet
1952 2708 2087 2746 cum

444 2775 546 2831 illa
587 2793 703 2831 una
751 2778 1024 2841 dormire,
1076 2779 1122 2834 si
1174 2781 1344 2835 modo
1391 2783 1750 2851 pr0positum
1795 2783 1922 2850 ejus
1971 2797 2084 2834 non

447 2867 706 2935 procedat
741 2866 810 2920 ad
842 2870 1059 2927 actum,
1094 2885 1192 2940 per
1221 2870 1465 2940 gratiam
1509 2869 1737 2924 liberari
1793 2870 2082 2936 afﬁrmat;

447 2958 702 3008 attamen
733 2954 963 3022 expedit
1009 2971 1140 3010 eum
1191 2958 1555 3013 mediocriter
1601 2959 2086 3029 castigari,juxta

446 3059 728 3098 canonem
757 3043 828 3097 70
860 3044 1047 3116 magni
1085 3045 1296 3100 Basilii.
1333 3046 1422 3100 Ait
1452 3048 1628 3108 enim.
1682 3048 1992 3102 diaconum
2025 3047 2083 3101 in

445 3130 617 3185 labiis
664 3129 951 3201 pollutum
1000 3138 1056 3187 et
1101 3135 1471 3189 confitentem
1517 3150 1577 3189 se
1624 3137 1812 3206 quoad
1882 3134 2086 3191 oscula

447 3235 738 3291 peccasse,
771 3223 842 3274 ab
861 3221 1050 3276 ofﬁcio
1072 3223 1361 3279 abstinere
1391 3225 1809 3296 aliquantisper
1838 3230 2080 3297 oportet,

447 3311 544 3366 sed
573 3325 704 3366 cum
726 3310 987 3366 diaconis
1027 3311 1254 3367 interim
1305 3331 1466 3369 sacra
1513 3314 1965 3369 communicare.
2003 3316 2084 3369 Ita
2115 3345 2157 3411 ρ

448 3402 507 3452 et
538 3399 957 3471 presbyterum.
990 3399 1090 3454 Sin
1121 3417 1252 3455 vero
1284 3403 1754 3472 deprehendatur
1781 3402 1839 3457 in
1881 3404 2079 3457 eodem

451 3486 660 3542 delicto
709 3503 1099 3557 perseverans,
1152 3491 1552 3562 cujuscunque
1615 3492 1833 3563 gradus
1892 3493 2084 3560 fuerit,

450 3575 659 3646 deponi
691 3575 917 3631 debere.

523 3755 671 3812 225
705 3755 1066 3812 Conveniunt
1097 3773 1233 3812 cum
1282 3758 1410 3812 istis
1462 3776 1650 3814 nonus
1697 3761 1871 3815 etiam
1917 3765 2093 3831 atque

452 3845 713 3899 decimus
763 3845 1020 3913 eiusdem
1053 3847 1279 3901 concilii
1312 3851 1786 3905 Neocaesariensis
1819 3865 2090 3916 canones,

453 3933 728 4000 dicentes,
765 3933 1002 3990 Peccata
1065 3953 1191 4006 quae
1260 3937 1700 3992 fornicationem
1759 3939 2094 3993 antecedere

453 4023 662 4091 solent,
697 4023 975 4078 nimirum
1021 4039 1146 4094 quas
1197 4030 1463 4095 spectant
1511 4028 1580 4080 ad
1635 4031 1845 4094 tactus,
1886 4030 1942 4081 et
1982 4026 2096 4082 alia

455 4113 1017 4184 hujusmodi,sermo
1049 4115 1270 4170 obtinet
1301 4115 1456 4185 apud
1504 4116 1835 4188 complures
1868 4118 2093 4170 ordina-

450 4203 611 4258 tione
643 4201 803 4258 solvi.
855 4204 916 4257 Si
951 4210 1144 4258 tamen
1191 4210 1325 4258 ante
1377 4205 1802 4261 ordinationem
1850 4207 2100 4261 fornica-

452 4292 628 4348 tionis
672 4298 936 4346 teneatur
1003 4293 1083 4348 vel
1137 4295 1451 4364 presbyter,
1521 4295 1607 4349 vel
1677 4295 1976 4362 diaconus,
2043 4301 2101 4350 et

451 4384 808 4440 conscientia
856 4383 1196 4453 compulsus
1251 4384 1528 4438 delictum
1597 4390 1730 4439 ante
1787 4386 2100 4440 ordinatio-

451 4491 584 4530 nem
607 4475 986 4530 commissum
1019 4476 1323 4530 confessus
1358 4476 1546 4543 fuerit,
1582 4494 1612 4530 a
1664 4479 2099 4532 consecratione

453 4563 826 4618 Eucharistiae
860 4562 1276 4631 prohibebitur,
1331 4567 1423 4618 sed
1458 4571 1649 4619 tamen
1704 4567 1771 4619 ad
1825 4566 2093 4620 virtutem

451 4669 813 4707 conversusa
845 4652 1064 4706 caeteris
1096 4654 1396 4707 sacerdotii
1445 4655 1758 4724 privilegiis
1806 4672 1919 4708 non
1963 4655 2085 4723 reji-

452 4743 654 4797 cietur.
698 4744 767 4796 At
814 4757 947 4796 vero
1014 4742 1061 4795 si
1131 4759 1233 4796 nec
1302 4745 1423 4812 ipse
1473 4745 1836 4811 confiteatur,
1904 4760 2089 4814 neque

453 4831 758 4886 manifeste
807 4831 1203 4893 convincatur,
1263 4837 1486 4900 oportet
1535 4849 1708 4902 penes
1771 4831 2100 4901 ipsummet'

455 4925 799 4990 potestatem
845 4934 972 4974 esse
1012 4920 1096 4972 vel
1165 4921 1433 4973 cessandi
1493 4921 1542 4975 si
1613 4923 1955 4991 peccaverit,
2006 4922 2093 4975 vel

456 5025 615 5064 sacra
646 5009 919 5072 obeundi,
955 5013 1001 5060 si
1028 5007 1172 5061 nihil
1214 5007 1322 5060 sibi
1375 5009 1644 5063 conscius
1705 5011 1892 5064 fuerit.
1944 5011 2094 5075 Quin

454 5098 573 5152 imo
603 5097 646 5151 si
679 5114 711 5151 a
743 5098 1001 5168 quinque
1039 5096 1309 5162 testibus,
1357 5098 1454 5166 qui
1497 5099 1828 5166 juramento
1851 5115 2097 5153 accusa-

456 5188 668 5241 tionem
740 5187 1230 5253 confirmaverint,
1282 5186 1582 5240 convictus
1657 5187 1828 5241 fuerit
1892 5193 2098 5256 praeter

455 5275 873 5348 depositionem
904 5276 1073 5330 etiam
1107 5274 1420 5344 privilegiis
1465 5275 1767 5329 sacerdotii
1828 5274 2098 5330 multabi-

455 5371 554 5420 tur
582 5370 635 5419 et
664 5363 724 5418 in
746 5364 1020 5418 laicorom
1051 5364 1242 5419 locum
1277 5365 1630 5420 retrudetur.

525 5451 884 5521 Theophilus
931 5457 1126 5506 autem
1181 5451 1606 5506 Alexandrinus
1669 5453 1724 5505 in
1796 5468 2015 5507 canone
2062 5453 2098 5506 5

455 5543 556 5603 ait,
593 5542 880 5595 Lectorem
915 5541 1312 5596 fornicationis
1347 5557 1527 5602 reum.
1572 5541 1619 5594 si
1671 5549 1936 5597 accurata
1966 5558 2095 5596 exa-

459 5631 776 5688 minutione
822 5630 970 5686 facta
1011 5637 1202 5700 aperte
1251 5630 1646 5696 convincatur,
1687 5648 1720 5685 a
1769 5631 1918 5687 clero
1965 5630 2095 5701 ejici

456 5724 711 5794 oportet;
759 5722 817 5780 et
864 5719 922 5774 in
990 5717 1141 5775 clero
1175 5719 1407 5789 quidem
1470 5735 1825 5790 permanere,
1880 5723 1928 5778 si
1978 5735 2095 5777 non

2269 2607 2365 2653 Δια
2412 2595 2477 2667 δὴ
2528 2602 2693 2651 τοῦτο
2736 2597 2827 2650 καὶ
2877 2597 2905 2650 ὁ
2945 2594 3196 2667 τέταρτος
3227 2599 3328 2661 τῆς
3363 2593 3414 2648 ἐν
3444 2594 3839 2666 Νεοκαισαρείᾳ

2195 2686 2421 2742 συνόδου
2506 2687 2676 2741 κανὼν
2754 2686 2847 2739 τὸν
2917 2685 3325 2755 ἐπιθυμήσαντα
3397 2683 3676 2756 γυναικὸς,
3752 2681 3838 2735 καὶ

2195 2772 2623 2850 συγκαθευδῆσαι
2669 2774 2838 2847 ταύτῃ
2890 2773 3242 2847 προθέμενον,
3293 2771 3370 2833 εἰς
3423 2767 3580 2844 ἔργον
3642 2769 3703 2825 δέ
3763 2773 3836 2843 μὴ

2193 2860 2601 2940 προϐεϐηκυίας
2657 2869 2756 2931 τῆς
2843 2861 3209 2934 ἐνθυμήσεως,
3247 2860 3350 2914 ὑπὸ
3431 2866 3531 2928 τῆς
3609 2862 3837 2933 χάριτος

2195 2957 2453 3029 ῥυσθῆναι
2508 2951 3106 3025 διῖσχυρίζεται,πλήν
3163 2949 3251 3004 καὶ
3308 2952 3502 3002 τοῦτον
3551 2947 3720 3003 καλὸν
3781 2945 3840 3002 ἂν

2194 3046 2276 3116 εἷή
2343 3045 2576 3120 μετρίως
2619 3043 2993 3116 ἐπιτιμᾶσθαι,
3041 3042 3178 3096 κατὰ
3222 3042 3312 3095 τὸν
3363 3043 3410 3094 o'
3446 3044 3542 3095 τοῦ
3593 3042 3842 3117 μεγάλου

2193 3134 2477 3191 Βασιλείου
2534 3132 2748 3189 κανόνα.
2782 3133 2928 3201 Φησὶ
2987 3131 3130 3206 γάρ·
3163 3131 3265 3186 Τὸν
3321 3129 3372 3185 ἐν
3421 3128 3636 3207 χείλεσι
3697 3150 3845 3203 μιαν-

2193 3221 2348 3276 θέντα
2395 3219 2668 3287 διάκονον,
2720 3219 2810 3274 καὶ
2877 3218 3041 3292 μέχρι
3100 3217 3413 3295 φιλήματος
3445 3219 3841 3291 ιὴμαρτηκέναι

2195 3308 2634 3383 ὁμολογήσαντα,
2664 3317 2766 3378 τῆς
2821 3308 2916 3379 μέν
2972 3307 3315 3383 λειτουργίας
3357 3303 3488 3384 ἄχρι
3535 3309 3687 3370 τινὸς
3741 3307 3843 3362 ἐπι-

2196 3402 2456 3472 σχεθῆναι
2487 3400 2599 3472 χρή
2630 3419 2642 3431 ·
2672 3402 2780 3452 τῶν
2811 3395 2866 3451 δὶ
2896 3396 3246 3472 ἁγιασμάτων
3280 3397 3373 3449 σὺν
3402 3401 3518 3457 τοῖς
3569 3393 3843 3456 διακόνοις

2199 3483 2631 3562 μεταλαμϐάνειν
2673 3506 2685 3519 ·
2766 3486 3024 3547 ὡσαύτως
3103 3485 3193 3540 καὶ
3273 3481 3658 3559 πρεσϐύτερον.
3743 3487 3838 3539 Τὸν

2197 3575 2255 3633 δέ
2307 3600 2361 3632 τι
2409 3577 2575 3632 πλέον
2626 3576 2941 3651 φωραθέντα
2987 3576 3384 3650 ἡμαρτηκέναι,
3417 3573 3470 3629 ἐν
3514 3573 3614 3647 οἵῳ
3661 3574 3726 3630 ἂν
3756 3573 3834 3642 εἴη

2202 3669 2420 3740 βαθμῷ,
2453 3667 2844 3741 καθαιρεῖσθαι.

2269 3759 2492 3811 ’Έπεται
2541 3755 2756 3817 τούτοις
2803 3757 2889 3810 καὶ
2941 3757 2969 3810 ὁ
3017 3756 3059 3808 θ’
3089 3756 3310 3828 προσέτι
3358 3754 3444 3809 καὶ
3479 3757 3506 3809 ὁ
3549 3762 3578 3809 ι’
3607 3758 3708 3824 τῆς
3741 3755 3840 3809 αύ-

2201 3853 2299 3913 τῆς
2363 3844 2415 3899 έν
2490 3845 2878 3917 Νεοκαισαρείᾳ
2955 3842 3198 3912 συνόδου,
3257 3845 3324 3899 τὰ
3386 3845 3481 3914 μέν
3561 3846 3670 3916 πρὸ
3739 3853 3836 3913 τῆς

2203 3937 2456 4008 πορνείας
2536 3933 2780 4011 λέγοντες
2855 3937 3246 4008 ἁμαρτήματα,
3303 3937 3434 4006 ἅπερ
3508 3933 3559 3989 ἔν
3614 3933 3844 4011 ἐπαφαῖς

2204 4027 2294 4080 καὶ
2379 4026 2677 4103 φιλήμασι,
2735 4027 2822 4080 καὶ
2906 4025 3108 4101 ἑτέροις
3195 4023 3260 4095 δή
3337 4045 3446 4080 τισι
3520 4026 3844 4097 θεωροῦνται

2204 4117 2497 4183 τοιούτοις,
2530 4113 2696 4187 λόγος
2731 4115 2876 4184 αἱρεῖ
2927 4115 3074 4187 παρὰ
3109 4119 3227 4176 τοῖς
3266 4111 3502 4178 πολλοῖς
3531 4111 3846 4169 διαλύεσθαι

2205 4207 2274 4276 τῇ
2344 4203 2676 4277 χειροθεσίᾳ.
2738 4202 2798 4257 Et
2869 4204 3056 4275 μέντοι
3133 4203 3239 4276 πρὸ
3323 4210 3425 4272 τῆς
3501 4202 3844 4281 χείροτονίας

2209 4293 2461 4366 πορνείας
2536 4291 2660 4360 ἥλω
2735 4286 3096 4365 πρεσϐύτερος
3283 4289 3557 4354 διάκονος,
3617 4294 3708 4347 καὶ
3773 4295 3846 4362 τῷ

2210 4379 2473 4435 συνειδότι
2523 4381 2854 4453 κρουόμενος
2905 4381 3272 4456 ὁμολογήσειε
3319 4382 3380 4436 τὸ
3425 4383 3529 4454 πρὸ
3576 4389 3678 4451 τῆς
3725 4402 3849 4457 χει-

2210 4474 2454 4543 ροτονίας
2514 4469 2838 4543 ἁμάρτημα,
2888 4474 2983 4524 τοῦ
3035 4471 3129 4540 μὲν
3191 4471 3492 4544 ἱερουργεῖν
3561 4470 3846 4546 εἷρχθήσε-

2206 4578 2331 4612 ται·
2394 4559 2590 4632 ἀρετῆς
2653 4556 2710 4613 δέ
2771 4559 3254 4632 μεταποιούμενος,
3313 4563 3421 4613 τῶν
3483 4557 3692 4613 λοιπῶν
3747 4565 3846 4624 τῆς

2207 4647 2511 4724 ἱεφωσύνης
2580 4644 2874 4722 πρεσϐείων
2934 4648 3034 4702 ούκ
3092 4643 3528 4717 ἐκϐληθήσεταί·
3581 4650 3719 4719 μήτε
3790 4644 3846 4700 δέ

2209 4736 2366 4797 αὐτὸς
2412 4737 2726 4809 ὁμολογῶν,
2773 4740 2909 4809 μήτε
2965 4739 3074 4808 μὴν
3122 4742 3414 4814 προφανῶς
3460 4735 3842 4810 ἐλεγχόμενος,

2205 4827 2286 4881 ἐπ’
2318 4826 2507 4899 ἐκείνῳ
2565 4826 2684 4882 δέον
2741 4830 2840 4896 τὴν
2894 4826 3131 4896 ἐξουσίαν
3187 4828 3481 4895 ποιεῖσθαι,
3639 4825 3844 4880 παύσα-

2207 4917 2325 4969 σθαι
2399 4915 2452 4970 ei’
2505 4938 2567 4990 γε
2624 4915 2957 4990 ἥμαρτεν,ἢ
3017 4915 3277 4989 ἐνεργεῖν,
3337 4915 3384 4970 εἴ
3444 4913 3611 4988 μηδὲν
3674 4917 3844 4982 ἑαυτῷ

2208 5003 2475 5064 σύνοιδεν,
2520 5004 2833 5084 Ἐλεγχθεὶς
2884 5003 2940 5060 δέ
2993 5006 3097 5060 ὑπὸ
3140 5010 3293 5060 πέντε
3344 5005 3653 5078 μαρτύρων,
3699 5007 3843 5078 ὅρκῳ

2205 5095 2303 5162 τὴν
2336 5093 2670 5169 κατηγορίαν
2730 5090 3205 5169 βεϐαιωσαμένων,
3235 5115 3371 5168 προς
3427 5098 3496 5167 τῇ
3541 5095 3841 5166 καθαιρέσει

2206 5184 2293 5237 καὶ
2362 5188 2468 5238 τῶν
2531 5188 2703 5258 γερῶν
2757 5190 2856 5252 τῆς
2915 5183 3211 5253 ἱερωσύνης
3274 5185 3704 5255 ζημιωθήσεται,
3762 5181 3834 5239 εἰς

2207 5270 2401 5326 λαϊκοῦ
2443 5271 2808 5344 διωθούμενος
2839 5271 3025 5329 τόπον.

2277 5454 2332 5504 '0
2390 5449 2446 5504 δέ
2504 5450 2766 5527 Θεόφιλος
2826 5449 3228 5525 Ἀλεξανδρείας
3305 5452 3356 5506 ἐν
3414 5457 3493 5524 τῷ
3545 5453 3583 5506 ε’
3639 5451 3837 5515 κανόνι,

2206 5539 2588 5611 Ἀναγνώστην
2648 5541 2892 5613 πορνείαν
2953 5543 3214 5618 φυγόντα,
3248 5543 3291 5594 εἰ
3345 5543 3642 5617 γενομένης
3688 5540 3836 5609 ἀκρι-

2206 5623 2334 5687 ϐοῦς
2394 5629 2678 5697 ἐξετάσεως
2757 5635 2998 5704 φανερῶς
3056 5629 3371 5705 ἐλεγχθείη,
3428 5628 3523 5685 τοῦ
3607 5628 3834 5701 κλήρου,

2205 5718 2389 5796 φησὶν,
2448 5714 2806 5775 ἐκϐάλλεσθαι
2865 5722 3015 5797 χρή·
3076 5719 3128 5774 ἐν
3183 5724 3262 5792 τῷ
3335 5721 3529 5795 κλήρῳ
3597 5716 3654 5774 δὲ
3722 5714 3836 5791 μένε
