4098 6332
252 404 360 462 121

1289 411 1722 473 SYNTAGMA
1766 414 2392 482 ALPHABETICUM.
2440 456 2513 464 —
2561 429 2630 481 11.

3550 416 3663 478 122

258 537 328 607 μή
361 533 703 610 ἐλεγχθέντα
736 558 748 568 ’
810 538 874 593 οὐ
945 541 1045 615 γὰρ
1105 538 1186 594 δεῖ
1238 546 1354 603 ταῖς
1423 542 1676 614 ματαίαις
1731 565 1908 619 προσ-

2040 552 2193 607 'uerit
2251 554 2566 608 convictus.
2630 553 2866 608 Minime
2926 553 3081 608 enim
3159 553 3324 608 decet
3391 549 3661 606 futilibus

255 625 397 698 ἐχειν
427 620 750 689 διαϐολαῖς.

956 735 1210 809 Νόμος.

326 823 473 890 Φησὶ
537 820 593 876 δὲ
650 824 740 877 καὶ
794 825 823 877 ὁ
871 823 1060 897 νόμος,
1123 832 1379 899 Κρεῖσσον
1428 830 1495 882 τὰ
1541 831 1908 905 ἁμαρτήματα

257 910 690 984 καταλιμπάνειν
743 911 1088 984 ἀνεκδίκητα,
1147 917 1182 985 ἢ
1242 938 1388 978 τινας
1435 919 1694 983 ἀναιτίως
1741 922 1910 976 καλά-

260 1001 465 1067 ζεσθαι.

519 1111 782 1165 ΚΕΦΔΛ.
821 1111 917 1166 ΙΖ’.
953 1113 1110 1184 Περί
1144 1109 1659 1186 παρνοϐοσκῶν.

329 1196 389 1248 Ὀ
445 1197 533 1255 πς¹
589 1201 689 1262 τῆς
747 1199 788 1258 ς’
846 1197 1075 1255 σονόδού
1133 1203 1310 1256 κανὼν
1368 1205 1492 1262 τοὺς
1557 1203 1642 1258 ἐπ’
1707 1205 1914 1278 ὀλίσθῳ

256 1288 457 1359 ψυχῶν
519 1286 720 1359 πόρνας
786 1289 1116 1362 συνάγοντας
1183 1291 1273 1344 καὶ

259 1373 450 1444 ρικοὺς
515 1375 610 1446 μὲν
680 1376 839 1436 ὄντας

1330 1291 1711 1366 ἒκτρὲυοντας,
1778 1293 1915 1364 κλη-

917 1379 1205 1453 καθαιρεῖ’
1267 1382 1402 1454 πρὸς
1476 1381 1646 1456 ταύτῃ
1705 1383 1913 1437 κελεύει

258 1464 345 1515 καί
410 1463 786 1539 ἀφορίζεσθαι,
857 1465 1059 1536 διπλῆν
1133 1467 1348 1531 τούτοις
1409 1468 1624 1543 ἐπάγων
1679 1474 1777 1542 τήν
1826 1471 1915 1527 ἐπ-

261 1549 560 1624 εξέλευσιν,
592 1552 817 1615 λαῖκοὺς
850 1554 928 1627 δὲ,
960 1558 1331 1632 ἀφορίζεσθαι.

964 1665 1211 1737 Νόμομ

328 1751 395 1806 Ὁ
449 1750 614 1813 εἰδὼς
668 1754 1018 1824 πορνεύεσθαι
1093 1756 1193 1824 τὴν
1269 1757 1464 1811 ἑαυτοῦ
1521 1761 1767 1834 γυναῖκα,
1825 1763 1914 1816 καὶ

263 1843 515 1906 σιωπῶν,
548 1836 922 1914 πορνοϐοσκός
959 1843 1118 1898 ἐστιν.

2018 639 2484 696 incusationibus
2514 641 2836 696 intendere.

2781 752 2904 803 Lex.

2094 837 2245 892 Dicit
2271 838 2446 894 etiam
2468 839 2570 909 jus
2599 839 2763 893 civile
2787 839 3002 894 melius
3041 855 3166 893 esse
3224 837 3432 893 delicta
3479 837 3664 891 inulta

2025 927 2374 998 relinquere,
2409 945 2582 998 quam
2617 930 2950 999 quempiam
2985 928 3273 983 insontem
3299 926 3514 998 puniri.

2214 1108 2367 1162 CAP.
2412 1108 2593 1163 XVII.
2631 1113 2704 1163 De
2726 1112 2794 1164 iis
2825 1112 2920 1180 qui
2950 1113 3261 1165 meretrices
3289 1111 3464 1164 alunt.

2095 1198 2288 1251 Canon
2352 1198 2422 1250 86
2489 1199 2690 1265 synodi
2749 1205 2942 1260 sextis.
3003 1199 3101 1268 qui
3188 1199 3245 1253 in
3335 1198 3660 1252 animarum

2024 1287 2338 1355 perniciem
2393 1293 2581 1342 scorta
2612 1293 2667 1342 et
2698 1293 2915 1357 cogunt
2944 1295 3000 1342 et
3031 1289 3218 1350 alunt,
3251 1288 3494 1343 clericos
3533 1287 3666 1358 qui-

2025 1376 2155 1430 dem
2189 1376 2448 1445 deponit,
2482 1377 2598 1430 imo
2628 1382 2684 1431 et
2736 1376 3322 1431 excommunicandos
3379 1376 3660 1443 decernit,

2023 1464 2320 1535 geminum
2379 1465 2463 1519 eis
2518 1465 2772 1521 inferens
2829 1464 3228 1537 supplicium;
3280 1464 3458 1520 laicos
3527 1480 3662 1520 vero

2021 1553 2310 1625 segregari
2341 1555 2480 1608 vult.

2779 1667 2910 1719 Lex.

2094 1751 2224 1818 Qui,
2300 1768 2434 1808 cum
2510 1753 2656 1806 sciat
2733 1769 2962 1808 uxorem
3057 1769 3226 1808 suam
3318 1752 3662 1808 fornicatam

2027 1841 2488 1906 fuisse,tacuerit
2518 1846 2734 1904 tamen,
2767 1842 2892 1910 ipse
2924 1843 3049 1897 leno
3090 1847 3199 1898 est.

328 1930 399 1985 Οἱ
463 1928 526 1982 ἐκ
583 1929 832 2003 πορνείας
882 1931 1267 2006 γεγεννημέναι
1336 1934 1397 1989 οὐ
1449 1937 1614 2008 μόνου
1663 1945 1762 2007 τῆς
1815 1961 1911 2011 μη-

2097 1930 2175 1985 Ex
2221 1930 2600 1987 fornicatione
2648 1934 2767 1986 nati
2830 1932 3221 1987 haereditatem
3281 1948 3396 1986 non
3456 1932 3662 1987 matris

258 2021 412 2094 τρὸς,
462 2019 611 2074 ἀλλὰ
643 2021 732 2074 καῖ
784 2025 892 2075 τῶν
953 2020 1010 2076 ἐκ
1073 2026 1280 2096 μητρὸς
1333 2032 1599 2100 συγγενῶν
1644 2027 1913 2104 κληρονο.

263 2113 456 2181 μοῦσῖ,
490 2108 584 2162 καὶ
639 2110 726 2164 ὑπ’
769 2110 946 2164 αὐτῶν
996 2111 1491 2186 κληρονομοῦνται.
1545 2121 1604 2172 Ἢ
1641 2115 1696 2172 δὲ
1729 2117 1916 2173 ἷλλου-

257 2201 418 2272 στρία
449 2198 725 2270 νομίμους
757 2196 962 2273 ἔχουσα
994 2199 1191 2266 παῖδας
1231 2203 1320 2257 καὶ
1361 2213 1724 2281 παρνογενεῖς,
1759 2207 1911 2262 οὐδὲν

258 2284 479 2342 δύναται
542 2294 848 2365 παρασχεῖν
907 2294 1022 2352 τοῖς
1080 2292 1476 2366 πορνογενὲσιν,
1562 2293 1684 2350 οὕτε
1748 2302 1913 2369 ζῶσα,

257 2379 381 2434 οὗτε
410 2379 752 2434 τελευτῶσα.

325 2473 390 2526 Ἦ
454 2473 557 2523 τοῦ
605 2475 968 2546 πορνογενοῦς
1019 2471 1363 2546 κληρονομέα
1414 2474 1512 2530 ούκ
1561 2475 1750 2546 ἀνήκει
1799 2483 1916 2541 τοῖς

262 2560 393 2632 πρὸς
477 2561 684 2628 πατρὸς
763 2562 1064 2633 συγγενέσιν
1101 2580 1114 2592 ·
1177 2562 1237 2616 οὐ
1315 2565 1416 2639 γὰρ
1497 2563 1706 2638 λέγεται
1767 2564 1912 2642 ἔχειν

260 2648 495 2723 πατέρα,
543 2651 612 2720 τῇ
666 2650 837 2718 μητρὶ
889 2646 946 2703 δὲ
1006 2649 1172 2705 αὐτοῦ
1229 2653 1318 2706 καὶ
1369 2658 1484 2714 τοῖς
1545 2656 1917 2731 ὁμομητρίοις

260 2736 552 2800 ἀδελφοῖς.
605 2740 667 2793 Οἱ
719 2735 775 2792 δὲ
828 2740 949 2812 περὶ
998 2742 1186 2816 γάμων
1226 2743 1412 2814 νόμοι,
1461 2746 1548 2798 καὶ
1601 2746 1651 2799 οἱ
1701 2747 1916 2810 κανόνες

258 2827 694 2903 ἑπιγινώσκουσι
745 2833 840 2882 καῖ
898 2831 997 2897 τὴν
1043 2829 1101 2884 ἐκ
1148 2832 1400 2902 πορνείας
1444 2833 1776 2910 συγγένειαν,
1827 2837 1914 2890 καὶ

259 2916 709 2988 συναπτομὲνους
755 2917 883 2979 τοὺς
928 2917 989 2972 ἐκ
1031 2921 1283 2993 πορνείας
1335 2930 1624 2996 συγγενεῖς,
1670 2925 1744 2986 ὡς
1791 2925 1916 2987 τοὺς

257 3006 311 3075 ἐξ
353 3003 604 3077 ἐννόμων
653 3004 842 3078 γάμων
889 3008 1179 3081 αἱμομιξίᾳ
1226 3012 1611 3086 περιπεσόντας
1658 3013 1916 3084 κολάζου·

260 3116 366 3152 σιν.

2026 2022 2215 2076 solum
2250 2023 2349 2077 sed
2383 2026 2440 2077 et
2469 2029 2845 2090 cognatorum
2890 2022 3016 2090 ejus
3049 2023 3284 2089 adeunt,
3318 2025 3376 2076 et
3406 2021 3662 2076 heredes

2023 2110 2094 2164 ab
2127 2109 2241 2164 illis
2271 2110 2692 2166 inscribuntur.
2737 2111 2972 2166 Femina
3011 2119 3202 2166 autem
3251 2110 3496 2165 illustris
3535 2128 3665 2182 quae

2024 2206 2079 2255 et
2108 2199 2400 2271 legitimos
2429 2207 2486 2255 et
2517 2205 2810 2256 naturales
2837 2201 2988 2257 lilios
3021 2200 3380 2268 habes,nihil
3402 2201 3662 2255 conferre

2025 2295 2212 2358 potest
2238 2289 2477 2360 spuriis,
2517 2306 2703 2360 neque
2733 2291 2856 2345 viva
2889 2307 3072 2360 neque
3095 2291 3367 2345 moriens.

2097 2471 2410 2526 Hereditas
2434 2471 2615 2540 spurii
2649 2487 2761 2525 non
2813 2471 3056 2541 pertinet
3085 2472 3156 2525 ad
3218 2471 3400 2541 patris
3447 2486 3667 2540 cogna-

2026 2565 2156 2627 tos;
2185 2578 2298 2614 non
2330 2564 2484 2615 enim
2521 2560 2570 2614 is
2615 2568 2834 2632 patrem
2882 2560 3097 2615 habere
3152 2561 3510 2631 agnoscitur,
3539 2575 3664 2630 per-

2025 2650 2178 2705 venit
2221 2655 2415 2705 autem
2456 2650 2526 2704 ad
2589 2653 2835 2704 matrem
2886 2655 2944 2704 et
2992 2649 3196 2704 fratres
3255 2664 3390 2703 suos
3445 2665 3514 2702 ex
3569 2664 3666 2702 ea-

2025 2739 2157 2794 dem
2205 2745 2462 2810 parenle.
2527 2739 2708 2809 Leges
2750 2747 2936 2792 autem
2991 2738 3145 2792 circa
3203 2737 3434 2805 nuptias
3491 2742 3666 2806 atque

2028 2845 2279 2884 canones
2337 2834 2622 2898 agoscunt
2678 2827 2852 2882 etiam
2917 2832 3102 2882 ortam
3159 2843 3227 2882 ex
3287 2826 3666 2881 fornicatione

2027 2919 2458 2989 cognationem,
2517 2923 2573 2973 et
2620 2926 2894 2988 cognatos
2951 2933 3018 2971 ex
3086 2915 3517 2981 fornicationes,
3566 2914 3669 2985 qui

2030 3006 2469 3062 matrimonium
2503 3005 2746 3060 invicem
2780 3006 3042 3072 trahunt,
3071 3009 3349 3075 tanquam
3383 3004 3483 3075 qui
3525 3019 3669 3074 nup-

2027 3097 2127 3153 tiis
2157 3097 2433 3168 legitimis
2452 3103 2684 3168 prepter
2712 3094 3282 3167 consanguinitatem
3315 3092 3670 3160 exciderant,

2029 3185 2306 3258 plectunt.

329 3275 390 3325 '0
438 3273 629 3345 μέντοι
676 3273 1065 3347 παλλακισμὸς
1108 3276 1344 3350 νόμιμός
1394 3278 1568 3334 ἐστιν·
1615 3282 1642 3334 ὁ
1685 3282 1788 3356 γὰρ
1823 3287 1911 3355 γυ-

2098 3275 2531 3331 Concubinatus
2588 3279 2779 3329 autem
2830 3274 3024 3328 licitus
3066 3277 3172 3328 est.
3205 3272 3352 3327 Nam
3411 3271 3510 3342 qui
3544 3287 3669 3326 mu-

259 3369 417 3417 εαῐκα
471 3365 676 3435 σεμνὴν
725 3362 1229 3437 παλλακευόμενος,
1279 3367 1367 3421 καὶ
1417 3374 1587 3423 ποιῶν
1622 3369 1674 3424 ἐν
1717 3370 1919 3444 ἐκμαρ-

258 3452 425 3526 τυροῖᾳ
480 3456 646 3506 τοῦτο
719 3451 1051 3523 κατάδηλον,
1113 3455 1187 3516 ὡς
1246 3459 1486 3532 γαμετήν
1545 3460 1714 3528 αὐτὴν
1770 3461 1916 3534 ἔχειν

261 3541 449 3597 δοκεῖ·
483 3542 531 3595 εἰ
564 3539 610 3595 δ’
663 3541 778 3611 οὖν,
833 3543 1116 3614 ἀσέλγειαν
1168 3546 1302 3620 πρὸς
1351 3547 1522 3617 αὐτὴν
1570 3548 1916 3624 πλημμελεῖ.

261 3746 535 3817 ΚΒξβΑέἱ.
571 3740 677 3794 IH'.
718 3736 1291 3817 Hepi_npsc€siwv
1338 3745 1445 3798 καὶ
1496 3746 1915 3817 προνομὲων,

333 3807 739 3888 ὧνέχουσιν
767 3807 838 3888 οἳ
877 3807 1232 3886 ἀρχιερεῖς
1271 3817 1376 3888 καὶ
1420 3817 1484 3870 αἱ
1524 3807 1914 3888 ε’κκλήσίαις

333 3884 445 3936 καὶ
498 3883 650 3954 περί
696 3887 823 3937 τῶν
870 3883 1241 3958 παρ-οικιῶν
1287 3885 1526 3944 αὑτῶν.

333 3993 500 4060 Ζήτει
529 3990 593 4043 τὸ
629 3992 699 4043 ια’
727 3988 1022 4067 κεφὰλαιον
1054 3997 1152 4046 τοῦ
1185 3994 1226 4049 Ε
1255 3995 1556 4070 στοιχείου.

260 4101 527 4155 ΚΕΦΑΛ.
566 4104 662 4152 ΙΘ’.
709 4097 864 4172 Περὶ
905 4095 985 4185 ὧθ
1035 4093 1312 4225 ἔχίουσιν
1360 4104 1422 4156 οἱ
1471 4100 1913 4180 πρεσϐύτεροι

941 4185 1089 4224 οικα
1136 4193 1248 4225 ων.

941 4185 1248 4228 οικαιων.

254 4281 423 4347 Ζγξτει
456 4277 520 4329 τὸ
553 4277 595 4329 Θ¹
624 4275 917 4352 κεφάλαιον
956 4280 1052 4330 τοῦ
1083 4285 1132 4333 Μ
1166 4281 1467 4354 στοιχείου.

356 4390 620 4441 ΚΕΦΑΛ.
663 4387 722 4441 Κ¹
773 4386 930 4460 Περὶ
984 4389 1340 4462 μροικῲων
1383 4393 1812 4466 πραγμάτων.

965 4476 1218 4549 Νόμοι.

329 4567 394 4618 Ἡ
466 4559 899 4634 διατετιμημένη
963 4564 1121 4636 προὲξ
1171 4569 1252 4637 τῷ
1299 4563 1452 4639 ἀνδρῖ
1504 4565 1908 4624 κινδυνεύεταιο

2029 3364 2227 3421 lierem
2261 3381 2490 3435 gravem
2524 3370 2580 3418 et
2611 3366 2916 3435 ingenuam
2955 3362 3012 3416 in
3064 3361 3451 3416 concubinam
3501 3376 3665 3415 sum-

2029 3455 2225 3525 pserit,
2274 3455 2448 3525 idque
2496 3453 2738 3509 testibus
2797 3451 3076 3507 adhibitis
3134 3453 3324 3522 palam
3370 3452 3663 3522 professus

2029 3544 2220 3610 fuerit,
2271 3543 2639 3598 existimatur
2718 3558 2844 3596 eam
2914 3541 3067 3594 velut
3123 3555 3359 3595 uxorem
3416 3539 3662 3607 habere;

2027 3648 2197 3686 secus
2218 3648 2370 3698 vero,
2393 3638 2662 3702 stuprum
2695 3646 2823 3684 cum
2861 3629 2959 3684 illa
2990 3630 3366 3684 committere.

2027 3736 2192 3794 220
2233 3739 2384 3793 CAP.
2419 3738 2622 3793 XVIII.
2658 3739 2728 3792 De
2774 3737 3078 3806 privilegiis
3135 3743 3186 3791 et
3220 3737 3667 3791 immunitatibus

2094 3811 2459 3878 praelatarum
2489 3826 2552 3863 ac
2595 3811 3154 3879 ecclesiarum,atquc
3196 3811 3364 3862 etiam
3418 3809 3486 3862 de
3538 3823 3663 3878 pro-

2096 3881 2294 3936 vinciis
2326 3883 2571 3935 istorum.

2095 3990 2295 4054 Quaere
2325 4006 2452 4060 cap.
2489 3989 2546 4043 11
2585 3987 2792 4043 litteris.
2823 3988 2884 4041 E.

2306 4100 2455 4155 CAP.
2499 4099 2646 4154 XIX.
2680 4101 2751 4154 De
2771 4101 2892 4167 iure
2918 4098 3374 4170 presbyterorum.

2091 4282 2237 4337 Vide
2267 4285 2440 4351 caput
2469 4281 2503 4334 9
2534 4279 2735 4335 littera;
2762 4279 2836 4333 M.

2473 4389 2628 4443 CAP.
2673 4386 2785 4442 XX.
2821 4389 2896 4441 De
2927 4403 2982 4441 re
3010 4385 3199 4440 dotali.

2748 4477 2930 4544 Leges.
2944 4481 2950 4489 '

2089 4567 2202 4624 Dos
2244 4568 2532 4622 aestimata
2561 4565 2684 4620 viro
2731 4563 3053 4636 periculum
3085 4562 3272 4634 gignit
3304 4579 3315 4616 :
3348 4561 3478 4616 licet
3536 4562 3659 4616 ani-

255 4651 352 4706 κᾶν
412 4651 728 4706 ἀποθάνωσι
784 4653 853 4705 τὰ
911 4656 1044 4724 ζῶα,
1103 4649 1199 4706 κᾶν
1258 4656 1356 4722 τήν
1426 4653 1624 4725 ἐσθῆτα
1681 4660 1715 4726 ἡ
1767 4661 1904 4734 γυνὴ

2040 4656 2185 4712 nalia
2214 4655 2712 4714 intermoriantur,
2738 4660 2838 4708 aut
2868 4653 3077 4708 mulier
3107 4657 3321 4706 vestem
3355 4649 3654 4716 atlriverit,

253 4743 588 4815 κατατρίψῃ,
647 4741 748 4808 τήν
805 4740 1136 4814 ἀποτίμησιν
1199 4743 1370 4797 αὐτῶν
1429 4741 1652 4798 δίδωσιο
1703 4746 1803 4814 τῆς
1850 4747 1907 4802 δὲ

253 4829 628 4903 ἀδιατιμήτου
669 4829 758 4883 καὶ
803 4831 838 4898 ἡ
890 4827 1109 4900 αὕξησ,ς
1165 4834 1252 4886 καὶ
1307 4834 1340 4896 ἡ
1395 4833 1616 4904 μείωσις
1657 4837 1756 4903 τήν
1806 4859 1907 4912 γυ-

252 4928 409 4974 ναῖκα
471 4921 594 4993 ὁρᾷ,
664 4924 755 4973 καῖ
813 4919 949 4989 αὖτή
1007 4917 1272 4994 λαμϐάνει
1351 4924 1441 4978 τὸν
1517 4924 1737 4979 τοκετὸν
1797 4930 1902 4980 τῶν

254 5009 478 5065 δούλων
507 5027 522 5040 ·
566 5008 692 5071 τοὺς
735 5006 792 5063 δὲ
830 5009 1070 5083 καρποὺς
1108 5011 1197 5066 καὶ
1233 5013 1335 5080 τήν
1376 5021 1544 5088 γονήν
1589 5018 1695 5067 τῶν
1739 5016 1908 5088 θρεμ-

256 5101 448 5175 μάτων
480 5100 509 5152 ὁ
541 5097 680 5172 ἀνὴρ
712 5093 1001 5172 λαμϐάνει.

324 5190 406 5244 Τὰ
451 5187 860 5265 ἒπαγγελθὲντα
907 5189 1072 5262 χάριν
1117 5191 1366 5263 προικὸς,
1417 5192 1462 5246 εὶ
1499 5192 1575 5262 μὴ
1622 5190 1770 5254 ἐντὸς
1811 5190 1905 5248 δύο

255 5277 390 5333 ἐτῶν
433 5273 856 5348 καταϐληθεῖεν,
901 5275 1250 5333 ἀπαιτοῦνται
1299 5281 1390 5334 καὶ
1441 5282 1493 5335 οἱ
1532 5282 1685 5336 τόκοι
1726 5281 1903 5335 αὐτῶν

257 5368 360 5422 ἀπὸ
387 5368 578 5441 τρίτης
609 5367 928 5433 ἑκατοστῆς.

324 5457 700 5530 Ἀποροῦντος
747 5458 847 5509 υοῦ
898 5450 1093 5528 ἀνδρὸς
1142 5454 1196 5510 ἐν
1255 5462 1543 5512 συνεστῶτι
1593 5464 1671 5529 τῷ
1717 5460 1904 5532 γάμῳ,

255 5543 473 5600 δύναται
527 5549 562 5615 ἠ
624 5547 764 5621 γυνή
846 5547 1207 5618 παρακρατεὶν
1266 5549 1334 5600 τὰ
1388 5547 1686 5621 πράγματα
1741 5545 1905 5602 αὑτοῦ

255 5635 326 5696 εἰς
385 5637 482 5705 τήν
543 5635 683 5693 ἰδίαν
744 5637 971 5707 προῖκα,
1015 5635 1408 5707 προτιμωμένη
1479 5638 1678 5698 παντὸς
1736 5634 1906 5691 δανει-

257 5729 376 5781 στοῦ
430 5729 516 5783 καὶ
569 5726 869 5796 ὑποθήκην
929 5715 1190 5799 ἔχοντος·
1244 5723 1390 5795 πλὴν
1434 5725 1496 5780 οὐ
1547 5724 1766 5782 δύναται
1816 5726 1905 5781 ἐκ-

2020 4747 2143 4816 ipse
2157 4745 2597 4800 aestimationem
2613 4759 2809 4798 eorum
2827 4740 3655 4811 pi-«estat.lnmstimalwautem

2019 4835 2170 4890 dotis
2201 4852 2333 4890 cum
2369 4834 2791 4888 incrementum
2848 4838 2964 4886 tum
3008 4831 3319 4885 diminutio
3355 4827 3653 4883 mulierem

2019 4925 2270 4994 respicit.
2323 4924 2440 4978 Ista
2494 4939 2722 4994 quoque
2771 4938 3067 4977 servorum
3107 4919 3367 4974 sobolem
3425 4917 3656 4987 accipit,

2017 5015 2238 5068 fructus
2271 5030 2399 5067 vero
2431 5029 2496 5068 ac
2527 5028 2798 5083 pecorum
2834 5014 3012 5067 fetum
3043 5011 3125 5064 vir
3157 5007 3420 5080 percipit.

2089 5193 2380 5249 Promissa
2410 5194 2645 5248 nomine
2687 5194 2837 5248 dotis
2867 5189 2979 5246 nisi
3023 5190 3176 5244 intra
3204 5187 3507 5244 biennium
3538 5189 3656 5244 sol-

2016 5289 2243 5348 vantur,
2270 5283 2578 5354 exiguntur
2611 5300 2808 5338 eorum
2849 5298 3034 5337 usurae
3083 5281 3150 5334 ad
3207 5279 3474 5364 trientem
3524 5297 3656 5336 cen-

2015 5375 2240 5429 tesimae
2271 5373 2470 5444 patris.

2087 5462 2146 5518 Si
2196 5467 2498 5518 constante
2557 5460 2920 5517 matrimonio
2991 5461 3075 5515 vir
3142 5462 3337 5531 inopia
3410 5460 3653 5526 laboret,

2017 5556 2203 5620 potest
2261 5551 2468 5606 mulier
2528 5569 2616 5606 res
2673 5567 2805 5605 snas
2850 5568 2949 5620 pro
2983 5550 3116 5606 dote
3149 5550 3333 5622 ipsius
3384 5550 3648 5616 retinere,

2015 5647 2145 5696 ante
2203 5658 2435 5697 omnem
2493 5639 2834 5697 creditorem
2893 5645 2949 5694 et
3005 5639 3652 5712 hypolbecarium;ve-

2017 5740 2348 5789 rumtamen
2390 5746 2514 5801 quae
2563 5728 2793 5798 retinet,
2853 5727 3176 5788 abalienare
3235 5726 3456 5799 nequit,
3502 5741 3639 5796 quo-
