4098 6332
483 340 600 404 123

481 566 634 624 alere
655 570 845 628 debet.

551 656 759 716 Mulier
790 678 903 719 non
938 669 1170 723 tenetur
1217 676 1608 734 contractibus
1669 681 1796 749 viri,
1835 682 1968 739 licet
2016 685 2123 754 ipsi

484 744 834 817 desponsata
865 753 1040 809 fuerit
1070 773 1257 829 neque
1308 763 1479 817 etiam
1533 767 1742 823 marito
1784 744 2123 844 proscripto

482 832 636 888 bona
684 838 944 896 mulieris
1005 845 1407 918 publicantur,
1434 854 1536 907 sed
1587 872 1691 910 nec
1742 832 2125 917 extradotalia

479 919 588 975 viri
620 927 855 983 servitio
886 941 1042 986 sunt.

545 1110 811 1183 Maritus,
846 1115 1017 1188 inops
1048 1119 1203 1192 licet,
1235 1123 1525 1198 integram
1556 1129 1748 1186 dotem
1784 1132 1972 1189 debet.

545 1292 601 1346 Si
631 1309 798 1350 socer
824 1313 856 1350 a
879 1315 1089 1369 genero
1121 1306 1175 1358 et
1209 1320 1349 1362 uxor
1380 1324 1412 1363 a
1444 1310 1655 1367 marito
1703 1310 1895 1369 dotem
1943 1334 2116 1387 quam

477 1382 924 1458 stipulabantur,
947 1399 1285 1464 exposcunt,
1307 1397 1379 1452 ad
1414 1399 1757 1459 facultatum
1782 1382 2116 1466 mensuram

474 1470 768 1529 evincunt.

548 1561 607 1617 Si
639 1565 886 1622 maritus
917 1585 1049 1624 cum
1086 1587 1261 1630 uxore
1292 1577 1614 1648 contrahat,
1646 1586 1710 1637 ut
1758 1583 1883 1655 ipse
1925 1602 2116 1642 emor-

475 1653 587 1705 ιυω
619 1650 1009 1712 hereditatem
1052 1661 1241 1731 adeat,
1272 1663 1473 1721 irritus
1506 1674 1594 1724 est
1653 1671 1699 1726 is
1758 1650 2113 1732 contractus.

475 1738 535 1794 Si
568 1746 764 1798 autem
797 1744 869 1799 ab
893 1746 1058 1803 initio
1082 1756 1315 1821 pactum
1342 1755 1535 1827 fuerit,
1561 1762 1624 1814 ut
1649 1760 1697 1815 si
1732 1761 1937 1817 mulier
1960 1764 2117 1835 prior

476 1827 688 1885 obierit
742 1834 898 1904 apud
950 1837 1219 1894 maritum
1278 1843 1378 1898 dos
1435 1852 1694 1918 maneat,
1724 1853 1895 1921 atque
1951 1827 2117 1924 pater

476 1915 671 2009 dotem
728 1922 870 1978 adeo
922 1927 1257 1999 reddiderit,
1308 1936 1544 2005 pactum
1604 1915 1772 2009 valet,
1799 1915 1864 1996 et
1917 1915 2115 1999 esciu-

474 2005 636 2063 ditur
657 2014 834 2079 pater.

543 2188 603 2245 Si
643 2195 813 2251 modo
853 2202 1018 2269 pater
1054 2201 1241 2273 turpis
1286 2205 1428 2261 adeo
1469 2205 1664 2277 fuerit,
1699 2212 1760 2265 ut
1800 2218 1987 2268 metus
2034 2212 2111 2270 sit

470 2294 543 2334 ne
599 2282 786 2341 dotem
847 2292 1234 2349 concreditam
1284 2295 1576 2365 absumat,
1632 2298 1786 2355 hunc
1842 2303 2110 2373 prohibet

467 2370 649 2442 actio;
682 2378 739 2430 et
761 2375 940 2445 judex
970 2384 1098 2437 tum
1128 2383 1226 2438 isti
1250 2385 1528 2458 prospicit
1559 2396 1677 2444 tum
1708 2370 1864 2446 ﬁlim.

535 2553 594 2609 Si
626 2554 763 2613 ﬁliis
796 2559 988 2616 adhuc
1018 2566 1436 2636 superstitibus
1484 2586 1631 2643 opus
1688 2573 1856 2630 fuerit
1915 2576 2102 2633 virum

464 2643 563 2716 qui
612 2649 741 2716 post
794 2649 1019 2706 obitum
1069 2654 1336 2727 conjugis
1373 2674 1492 2714 sua:
1543 2661 1753 2718 viduus
1800 2666 2103 2735 manserit,

466 2748 656 2805 neque
685 2738 756 2793 ad
788 2742 1077 2798 secundas
1109 2745 1348 2817 nuptias
1375 2751 1702 2820 accesserit,
1728 2770 1761 2807 ιι
1780 2752 2100 2812 liberorum

464 2838 703 2881 suorum
734 2828 1001 2886 convictu
1026 2836 1299 2905 separari,
1332 2837 1502 2894 debet
1531 2839 1581 2896 is
1610 2846 1816 2911 praeter
1844 2844 2101 2917 integras

461 2926 552 2967 res
580 2930 721 2970 suas
749 2918 922 2974 etiam
954 2922 1130 2978 unius
1163 2923 1265 2979 filii
1315 2930 1531 2982 sortem
1576 2946 1780 3002 capere
1832 2950 1935 3004 pro
1984 2951 2101 2990 nu-

460 3016 618 3058 mero
659 3002 996 3078 liberorum,
1035 3027 1146 3067 non
1185 3017 1413 3071 tantum
1471 3002 1849 3078 educationis:
1887 3023 2098 3095 gratis,

457 3091 558 3145 sed
593 3101 943 3153 conservata
975 3098 1085 3170 ipsi
1116 3117 1251 3175 erga
1279 3104 1499 3176 primas
1547 3111 1784 3179 nuptias
1842 3091 2098 3169 re‘veren-

460 3179 555 3235 tiae
584 3184 640 3236 et
669 3181 928 3243 honoris.

535 3270 595 3327 Si
628 3281 859 3346 propter
887 3293 1163 3350 sponsam
1195 3299 1360 3339 suam
1393 3290 1767 3358 aegrotantem
1799 3289 1887 3347 vir
1933 3309 2099 3348 sum-

462 3362 599 3431 ptus
629 3362 780 3419 227
807 3366 1032 3436 aliquos
1063 3371 1281 3441 fecerit,
1315 3391 1428 3429 non
1462 3381 1657 3448 potest
1691 3387 1823 3450 post
1869 3381 2099 3439 obitum

462 3466 690 3522 sponsas
718 3470 745 3509 θ
779 3472 946 3512 socro
978 3466 1256 3532 repetere,
1289 3467 1359 3520 ad
1415 3483 1593 3536 quem
1633 3470 1736 3525 dos
1790 3471 1921 3526 filiae
1981 3490 2101 3530 sum

463 3541 716 3610 redierit,
777 3546 879 3601 sed
938 3546 997 3603 in
1066 3550 1251 3621 ipsius
1317 3554 1676 3626 beneplccito
1734 3562 2104 3632 acquiescere

460 3628 649 3685 debet.
709 3633 1032 3705 Sepultum
1082 3645 1277 3697 autem
1346 3650 1615 3716 sumptus
1672 3628 1857 3705 reddit
1916 3657 2100 3722 pater,

462 3721 632 3790 cujus
659 3722 715 3776 in
752 3741 961 3783 manus
989 3729 1090 3785 dos
1121 3732 1375 3789 redierit.

533 3809 592 3865 Si
638 3811 1047 3875 ﬁliusfamilias
1104 3835 1336 3878 uxorem
1393 3825 1638 3895 duxerit,
1673 3833 1834 3899 pater
1875 3835 2103 3888 tenetur

465 3902 523 3952 et
552 3899 744 3970 ipsum
777 3908 834 3958 et
862 3908 1170 3981 conjugem
1193 3911 1365 3969 alere.
1398 3914 1451 3970 ls
1471 3916 1626 3971 enim
1650 3933 1826 3974 onero.
1854 3920 2104 3977 sustinet

458 3988 802 4058 nuptiarum
835 3993 941 4050 ﬁlii
973 3998 1092 4053 sui.

531 4170 734 4235 Quaere
762 4181 939 4248 caput
964 4180 1000 4232 2
1031 4179 1237 4239 litteras
1268 4190 1326 4240 A.

852 4307 1009 4363 CAP.
1038 4307 1178 4365 XXI.
1212 4312 1287 4367 De
1312 4312 1710 4382 proditoribus.

537 4412 733 4469 Canon
770 4431 961 4472 nonus
1007 4417 2102 4496 GregoriiThaumaturgi,quicunque,

1754 368 2127 435 ΜΑΤΤΗιΕΙ
2171 378 2610 442 BLASTARIS

481 473 640 533 niam
670 494 738 535 ex
768 479 899 540 istis
937 486 1189 558 seipsam
1221 495 1278 546 et
1308 496 1584 552 maritum
1616 503 1673 555 et
1712 500 1926 561 liberos
1983 523 2120 565 suos
2154 514 2202 581 Α
2239 516 2414 566 ποιεῖν
2457 514 2492 568 ’ὰ

3753 396 3855 456 124

2531 522 2857 589 καρακρατεῖ
2883 535 2895 550 ⁸
2946 516 3137 586 ἐπειδὴ
3181 519 3391 599 ὀφεῖλει
3427 522 3479 594 ἐξ
3517 523 3688 581 αὐτῶν
3735 527 3853 580 ἀπο-

2233 596 2448 675 τρέφειν
2481 603 2677 673 ἑαυτὴν
2708 604 2797 659 καὶ
2826 607 2918 660 τὸν
2958 605 3126 683 ἄνδρα
3150 631 3161 642 ·
3195 610 3284 664 καὶ
3314 612 3379 665 τὰ
3410 613 3570 668 τέκνα
3595 613 3777 683 αὐτῆς.

2305 690 2381 746 Ού
2422 690 2706 768 κατέχεται
2755 696 2790 762 ἡ
2839 699 2975 770 γυνή
3028 695 3086 752 ἐκ
3133 703 3237 753 τῶν
3287 704 3383 754 τοῦ
3431 700 3617 775 ἀνδρὸς
3664 702 3853 758 συναλ-

2236 777 2555 853 λαγμάτων,
2609 780 2706 837 κᾶν
2753 782 3088 859 ἐγγυήσηται
3129 787 3288 844 αὐτόν
3326 791 3415 845 καὶ
3456 788 3581 845 οὐδὲ
3623 788 3855 865 δημευο-

2235 867 2401 941 μένου
2448 876 2544 925 τοῦ
2600 870 2792 947 ἀνδρὸς
2861 875 3247 952 συναπάγονται
3302 881 3370 933 τά
3423 882 3715 955 πράγματα
3758 888 3850 948 τῆς

2229 960 2522 1031 γυναικός·
2575 958 2700 1015 οὐδὲ
2756 965 2825 1018 τά
2880 964 3184 1040 ἐξώπροικα
3245 968 3555 1026 ὑπόκεινται
3612 977 3728 1035 ταῖς
3767 977 3856 1028 τοῦ

2232 1046 2427 1124 ἀνδρὸς
2460 1049 2849 1128 λειτουργίαις.

2303 1141 2363 1195 Ὁ
2421 1140 2582 1215 ἀνὴρ,
2641 1144 2729 1197 καὶ
2797 1138 3003 1218 ἄπορος
3078 1144 3178 1219 ὢν,
3252 1153 3424 1204 πᾶσαν
3501 1152 3599 1221 τήν
3670 1159 3857 1227 προῖκα

2229 1234 2519 1303 χρεωστεῖ.

2298 1318 2360 1375 Ὀ
2408 1321 2661 1395 πενθερὸς
2714 1322 2817 1377 ὑπὸ
2864 1327 2962 1377 τοῦ
3022 1320 3297 1400 γαμϐροῦ,
3345 1326 3437 1381 καὶ
3486 1329 3521 1397 ἡ
3571 1331 3707 1403 γυνὴ
3761 1331 3855 1384 ὑπὸ

2224 1409 2323 1460 τοῦ
2369 1405 2567 1482 ἀνάρὸς
2615 1409 3008 1485 ἀπαιτούμενοι
3055 1413 3121 1482 ἢν
3186 1414 3607 1490 ἐπερωτήθησαν
3643 1423 3854 1493 προῖκα,

2225 1494 2362 1568 πρὸς
2388 1497 2451 1551 τὸ
2486 1499 2685 1572 μέτρον
2712 1507 2812 1570 τῆς
2846 1500 3030 1565 οὐσίας
3061 1502 3240 1558 αὐτῶν
3271 1503 3739 1577 καταδικάζονται.

2299 1584 2420 1640 Ἐὰν
2477 1587 2505 1640 6
2561 1585 2701 1662 ἀνὴρ
2748 1594 3088 1668 συμφωνήσῃ
3139 1594 3276 1667 πρὸς
3319 1595 3419 1664 τήν
3482 1602 3723 1670 γυναῖκα,
3772 1596 3856 1652 ’ἱνα

2226 1670 2562 1730 τελευτῶσαν
2590 1678 2762 1747 αὐτὴν
2792 1676 3214 1755 κληρονομήσῃ,
3243 1682 3306 1738 τὸ
3336 1684 3627 1763 σύμφωνον
3679 1685 3856 1765 ἄχρη-

2223 1761 2346 1837 στόν
2377 1761 2517 1818 ἐστιν
2544 1808 2559 1823 .
2593 1765 2714 1821 Ἐὰν
2753 1764 2810 1822 δὲ
2848 1769 3070 1845 γένηται
3125 1768 3415 1846 σύμφωνον
3527 1761 3856 1853 ἆρχῆςξῗνα

2224 1853 2676 1926 προτελευτώσης
2749 1863 2849 1925 τῆς
2927 1858 3184 1933 γυναικὸς
3250 1862 3286 1930 ἡ
3344 1862 3505 1936 προὶξ
3587 1863 3850 1938 ἀπομείνῃ

2221 1941 2369 2016 παρᾶ
2411 1947 2489 2014 τῷ
2533 1943 2708 2019 ἀνδρὶ,
2745 1945 2837 2001 καὶ
2884 1945 2930 2002 εἷ
2988 1949 3134 2022 παρᾶ
3191 1953 3289 2004 τοῦ
3345 1952 3549 2020 πατρὸς
3597 1948 3848 2023 δεδομένη

2221 2028 2362 2085 ἐστὶν
2399 2033 2434 2101 ἡ
2477 2034 2655 2108 προὶξ,
2696 2032 2929 2109 ἕρῥωται
2967 2038 3029 2091 τὸ
3071 2037 3383 2117 σύμφωνον,
3433 2042 3521 2096 καί
3571 2040 3853 2098 ἀποκλείε-

2218 2140 2307 2176 ται
2338 2121 2367 2175 6
2398 2124 2603 2199 πατήρ.

2290 2212 2414 2268 Ἐὰν
2475 2212 2503 2266 ὁ
2564 2213 2742 2289 πατὴρ
2802 2212 2977 2276 οὕτως
3033 2214 3177 2272 ἐστὶν
3234 2216 3485 2297 αἷσχρὸς.
3547 2216 3688 2275 ὥστε
3738 2216 3850 2282 δέος

2218 2300 2372 2371 εἶναι,
2426 2303 2640 2374 μήποτε
2687 2299 2875 2359 λαϐὼν
2922 2306 3022 2375 τὴν
3068 2310 3277 2380 προῖκα
3318 2305 3626 2384 δαπανήσῃ,
3678 2308 3848 2384 ἀρνεῖ-

2212 2409 2300 2443 ται
2347 2392 2497 2464 αύτῷ
2541 2394 2576 2462 ἡ
2629 2391 2819 2469 ἀγωγή
2849 2408 2861 2423 ’
2911 2394 3001 2449 καὶ
3043 2396 3072 2450 6
3112 2393 3369 2466 δικαστής
3416 2403 3647 2472 προνοεῖ
3692 2398 3849 2454 αὐτοῦ

2212 2478 2302 2533 καὶ
2332 2484 2432 2549 τῆς
2461 2480 2744 2554 θυγατρός.

2284 2568 2346 2625 Εἰ
2397 2566 2605 2626 παίδων
2665 2572 2906 2628 ὑπόντων
2961 2570 3142 2645 δεήσει
3196 2574 3289 2630 τὸν
3334 2575 3673 2650 ἐμμείναντα
3721 2577 3851 2652 μετὰ

2208 2657 2468 2728 τελευτὴν
2519 2666 2619 2730 τῆς
2679 2660 2909 2735 συζύγου
2967 2662 3153 2733 αὐτοῦ,
3217 2662 3342 2720 ἄνευ
3401 2670 3496 2721 τοῦ
3546 2667 3847 2743 περιελθεῖν

2209 2748 2285 2810 εἰς
2349 2744 2529 2823 ἕτερον
2599 2750 2955 2820 συνοικέσιον,
3020 2755 3121 2816 τῆς
3186 2757 3296 2808 τῶν
3382 2753 3600 2810 οῗιιείων
3658 2757 3849 2812 τέκνων

2209 2834 2586 2913 συνδιαγωγῆς
2618 2841 2987 2915 χωρισθῆναι,
3030 2842 3165 2915 μετὰ
3201 2844 3265 2898 τὸ
3305 2840 3605 2900 ἀπολαϐεῖν
3659 2843 3847 2914 ἐντελῆ

2205 2925 2271 2981 τὰ
2330 2926 2442 2982 ἴδια
2497 2928 2815 3005 πράγματα,
2873 2927 2956 2986 δεῖ
3013 2927 3311 3006 λαμϐάνειν
3365 2933 3530 2989 αὐτὸν
3589 2936 3682 2990 καὶ
3738 2935 3849 2996 ἑνὸς

2205 3013 2398 3078 παιδὸς
2440 3022 2633 3092 μοῖραν
2675 3020 2813 3074 κατὰ
2846 3020 2939 3075 τὸν
2987 3020 3219 3096 ἀριθμὸν
3266 3026 3375 3077 τῶν
3419 3024 3645 3096 τέκνων,
3679 3044 3852 3081 τεκνο-

2203 3106 2430 3184 τροφίας
2458 3128 2519 3163 τε
2546 3104 2719 3179 ἕνεκα,
2760 3110 2848 3165 καὶ
2891 3116 2992 3179 τῆς
3023 3107 3465 3185 διασεσωσμένης
3516 3114 3670 3186 αὐτῷ
3716 3115 3848 3189 πρὸς

2131 3222 2174 3291 C
2208 3195 2303 3251 τὸν
2333 3202 2551 3271 πρῶτον
2582 3198 2757 3271 γάμον
2789 3195 2978 3261 αἰδοῦς
3007 3200 3099 3255 καὶ
3128 3207 3321 3273 τιμῆς.

2282 3286 2352 3344 Εἴ
2403 3288 2456 3343 τί
2513 3289 2541 3342 6
2600 3289 2737 3364 ἀνὴρ
2785 3287 3087 3362 ἐδαπάνησε
3142 3292 3280 3368 πρὸς
3336 3293 3435 3363 τὴν
3488 3297 3734 3368 γαμετὴν
3769 3293 3849 3350 αύ-

2206 3381 2302 3431 τοῦ
2357 3382 2642 3448 νοσοῦσαν,
2695 3378 2830 3453 μετᾶ
2872 3381 2965 3436 τὸν
3015 3382 3183 3451 αὐτῆς
3229 3383 3459 3437 θάνατον
3514 3381 3576 3438 οὐ
3626 3381 3844 3439 δύναται

2206 3466 2454 3521 ἀπαιτεῖν
2500 3468 2590 3522 τὸν
2642 3469 2897 3544 πενθερὸν
2945 3471 3131 3540 αὐτοῦ,
3183 3472 3319 3545 πρὸς
3367 3472 3427 3526 ’ὸν
3468 3473 3503 3541 ἡ
3543 3473 3706 3547 προὶξ
3752 3480 3848 3543 τῆς

2208 3557 2469 3630 θυγατρὸς
2529 3556 2693 3613 αὐτοῦ
2750 3557 3023 3631 ἐπανήξει,
3086 3558 3233 3615 ἀλλὰ
3279 3565 3348 3634 τῇ
3399 3556 3632 3616 διαθέτει
3689 3560 3846 3617 αὐτοῦ

2208 3644 2417 3721 ὀφείλει
2449 3644 2757 3720 λογίζεσθαι
2783 3665 2796 3677 ⁸
2839 3647 2939 3703 ὅσα
2968 3645 3024 3703 δὲ
3055 3649 3128 3711 εἷς
3166 3651 3265 3719 τὴν
3316 3652 3490 3727 ταφὴν
3540 3648 3846 3720 ἠνάλωσεν,

2207 3735 2236 3789 6
2266 3738 2448 3809 πατὴρ
2490 3732 2681 3790 δίδωσι
2719 3738 2857 3811 πρὸς
2887 3739 2946 3792 ’ὸν
2979 3741 3013 3807 ἡ
3041 3740 3199 3814 προὶξ
3228 3738 3545 3805 ἐπανῆλθεν.

2278 3826 2340 3882 Ὁ
2391 3829 2488 3879 τοῦ
2546 3827 2830 3901 γήμαντος
2894 3828 3214 3898 ὑπεξουσίου
3289 3830 3469 3904 πατὴρ
3549 3830 3640 3884 καὶ
3695 3830 3850 3884 αὐτὸν

2205 3911 2559 3986 ἀναγκάζεται
2606 3914 2842 3990 τρέφειν,
2909 3915 2999 3970 καὶ
3066 3917 3165 3984 τήν
3216 3918 3458 3991 γαμετὴν
3505 3917 3715 3972 αὐτοῦ⁸
3765 3916 3851 3972 αὖ-

2204 4005 2295 4064 τὸς
2326 4005 2425 4078 γὰρ
2479 4004 2757 4059 ὑπόκειται
2807 4012 2923 4068 τοῖς
2978 4005 3166 4083 βάρεσι
3213 4011 3310 4061 τοῦ
3359 4009 3538 4083 γάμου
3584 4012 3684 4063 τοῦ⁹
3734 4009 3850 4062 υἱοῦ

2210 4094 2395 4149 αὐτοῦ.

2279 4183 2437 4253 Ζήτει
2467 4183 2528 4237 τὸ
2648 4181 2947 4261 κεφάλαιον
2979 4189 3077 4240 τοῦ
3119 4190 3156 4240 Δ
3187 4183 3486 4261 στοιχείου.

2511 4317 2768 4371 ΚΕΦΔΛ.
2812 4314 2937 4371 KA'.
2981 4313 3137 4389 Περῖ
3170 4310 3545 4389 προδοτῶν.

2278 4418 2335 4472 Ὀ
2366 4418 2414 4472 θ’
2443 4419 2622 4474 κακῶν
2661 4423 2759 4474 τοῦ
2799 4419 2958 4493 ἁγίου
2997 4421 3306 4497 Γρηγορίου
3353 4424 3450 4476 τοῦ
3500 4426 3851 4495 Θαυματουρ-

470 4499 682 4572 inquit,
713 4518 845 4559 cum
873 4506 1085 4578 captivi
1113 4508 1326 4564 fuerint
1363 4511 1517 4582 apud
1548 4512 1853 4582 barbaros,
1883 4517 1942 4569 et
2005 4530 2105 4570 eo-

2231 4510 2332 4580 [οὖ,
2372 4508 2548 4579 Ὅσοι,
2606 4510 2794 4582 φησὶν,
2844 4508 3195 4585 αἰχμάλωτοι
3244 4514 3359 4572 τοῖς
3411 4505 3711 4586 βαρϐάροις
3763 4531 3851 4586 γε·

470 4604 600 4646 rum
642 4577 956 4664 impietate
990 4598 1311 4670 constricti,
1344 4577 1419 4655 in.
1455 4605 1680 4671 tantum
1716 4577 1904 4675 ipsius
1960 4604 2105 4659 fiant

2231 4577 2397 4670 ξόνασι
2422 4643 2436 4668 ,
2510 4577 2629 4654 διαὶ-
2779 4577 2959 4677 ⁷σφεὶξί
3028 4597 3309 4673 δυσσεϐείᾳ
3383 4577 3810 4679 συναπαχθέντες
3836 4643 3851 4669 ,

472 4680 785 4752 participes
836 4687 897 4739 ut
942 4684 1283 4742 Christiana
1340 4704 1460 4745 sua:
1516 4690 1884 4762 professionis
1939 4691 2105 4748 obliti

468 4768 788 4827 nonnullos
813 4789 1053 4832 suorum
1085 4776 1501 4835 contribulium
1541 4779 1699 4852 ligno
1746 4786 1848 4838 aut
1892 4781 2099 4854 laqueo

466 4856 840 4930 interficiant,
896 4869 953 4921 et
1007 4866 1129 4922 vias
1184 4883 1251 4923 ac
1307 4869 1512 4927 domos
1558 4872 1818 4929 barbaris
1855 4874 2099 4932 istarum

462 4944 686 5018 ignaris
714 4958 1201 5021 commonstrent,
1236 4972 1304 5012 ex
1353 4959 1688 5019 auditorum
1728 4963 1975 5021 statione
2021 4965 2100 5037 eji

462 5035 710 5109 ciautur,
746 5043 1077 5114 usquedum
1109 5047 1330 5104 sanctis
1353 5048 1524 5106 simul
1578 5051 1941 5125 congregatis
1994 5035 2102 5109 ali-

468 5127 623 5197 quod
655 5129 727 5184 de
756 5130 827 5187 iis
854 5134 1242 5193 communiter
1274 5136 1462 5195 visum
1494 5138 1594 5207 sit,
1614 5144 1671 5197 et
1724 5140 1886 5213 prius
1918 5143 2102 5215 Spiri-

464 5217 548 5272 tui
572 5223 794 5276 sancto.

1190 5333 1372 5406 Leges.

529 5432 636 5497 Qui
667 5432 909 5507 instigat
939 5435 1156 5506 hostes,
1198 5445 1297 5496 aut
1325 5440 1384 5496 in
1417 5458 1618 5500 eorum
1651 5460 1860 5503 manus
1906 5446 2101 5519 prodit

457 5523 778 5591 Romanos,
837 5526 1021 5598 capite
1071 5529 1363 5599 plectitur.
1415 5533 1518 5599 Qui
1551 5549 1681 5589 vero
1717 5534 1777 5591 in
1844 5537 2093 5593 desertis

457 5613 625 5681 locis,
669 5619 770 5669 aut
826 5619 1062 5687 propter
1113 5634 1272 5675 mare
1348 5620 1670 5679 latronibus
1707 5624 2093 5696 opitulantur,

459 5717 637 5778 quam
668 5703 869 5763 hostes
898 5705 1081 5777 aperti
1112 5723 1178 5765 eo
1206 5709 1436 5780 gravius
1452 5711 1799 5783 puniuntur,
1813 5729 1926 5788 quo
1938 5716 2103 5773 clan-

2211 4692 2471 4744 τοσοῦτον
2498 4687 2699 4761 ταύτης
2743 4688 3029 4766 μετέσχον,
3072 4688 3211 4746 ὥστε
3249 4692 3338 4747 καὶ
3371 4691 3546 4762 λήθην
3594 4686 3853 4755 λαϐόντες

2209 4780 2304 4831 τοῦ
2353 4778 2491 4833 εἶναι
2538 4778 2921 4853 Χριστιανοὺς,
2975 4778 3149 4844 ἐνίους
3197 4784 3304 4836 τῶν
3352 4782 3653 4861 ὁμοφύλων
3703 4780 3853 4856 ξύλῳ

2207 4864 2243 4936 ἢ
2304 4864 2517 4942 ἀγχόνῃ
2562 4867 2869 4944 ἐφόνευσαν,
2920 4868 3009 4924 καὶ
3077 4867 3237 4934 ὁδοὺς
3280 4872 3314 4941 ἢ
3366 4870 3542 4935 οἰκίας
3590 4873 3850 4948 ἃγνοοῢσι

2205 4961 2325 5020 τοῖς
2380 4953 2677 5034 βαρϐάροις
2745 4956 3045 5033 ὑπέδειξαν,
3111 4959 3201 5017 καὶ
3247 4967 3348 5033 τῆς
3396 4961 3711 5039 ἀκροάσεως
3760 4961 3852 5017 ἐκ-

2208 5040 2617 5119 ϐληθήτωσαν,
2698 5047 2896 5123 μέχρις
2968 5050 3027 5104 ἂν
3102 5048 3422 5107 συνελθοῦσι
3487 5057 3606 5116 τοῖς
3673 5052 3849 5127 ἁγίοις

2206 5142 2366 5212 κοινῇ
2396 5138 2521 5213 περὶ
2559 5138 2735 5195 αὐτῶν
2785 5160 2838 5194 τι
2887 5135 3043 5213 δόξῃ,
3091 5141 3179 5196 καὶ
3210 5142 3317 5217 πρὸ
3367 5141 3542 5199 αὐτῶν
3585 5147 3664 5214 τῷ
3712 5143 3850 5217 ἁγίῳ

2211 5227 2506 5302 Πνεύματι.

2900 5339 3162 5414 Νόμοι.

2281 5447 2342 5501 '0
2372 5443 2625 5516 ἐρεθίζων
2696 5444 3022 5520 πολεμίους,
3081 5446 3119 5518 ἥ
3175 5445 3470 5524 προδιδοὺς
3546 5447 3845 5522 πολεμίοις

2208 5531 2542 5605 Ῥωμαίους,
2582 5531 2897 5611 κεφαλιιιῶς
2934 5542 3281 5613 τιμωρεῖται.
3322 5538 3390 5595 Οἱ
3429 5534 3487 5593 δὲ
3531 5538 3667 5592 κατὰ
3712 5537 3845 5612 χέρ-

2208 5640 2322 5691 συν,
2363 5622 2396 5691 ἢ
2457 5620 2727 5679 θάλασσαν
2780 5628 2898 5688 τοῖς
2956 5624 3281 5701 λῃστεύουσι
3329 5625 3841 5701 συλλῃστεύσαντες,

2206 5714 2315 5769 τῶν
2381 5715 2623 5789 φανερῶν
2685 5711 2968 5790 πολεμίων
3038 5714 3252 5791 μᾶλλον
3318 5715 3663 5796 κολάζονται,
3728 5715 3841 5791 ὅσῳ
