4098 6332
217 403 326 463 125

1222 396 1648 459 SYNTAGMA
1691 391 2326 457 ALPHABETICUM.
2374 425 2450 437 —
2493 391 2648 450 Ρ-Σ.

3524 377 3639 439 126

216 534 301 589 καὶ
328 536 433 588 τοῦ
485 529 726 609 φανεροῦ
754 530 1014 603 πολέμου
1061 531 1096 599 ἡ
1128 530 1332 609 ἀφανής
1380 523 1650 598 ἐπιϐουλή
1701 526 1875 605 χαλε-

2032 524 2474 585 θειίοωὶοεὶάἰω
2504 523 2637 596 plus
2666 517 2903 594 periculi
2939 517 3131 575 ferunt
3159 529 3337 586 quam
3368 515 3635 585 apertum

220 622 441 698 πωτέρα
470 620 797 691 καθέστηκε.

287 712 427 776 Τοὺς
486 711 549 766 ἐκ
603 716 713 766 τῶν
776 712 1105 784 Ῥωμαϊκῶν
1177 709 1312 784 πρὸς
1370 709 1496 770 τοὺς
1574 705 1881 780 πολεμίους

227 802 635 879 ἀποφεύγοντας
684 801 760 862 ὡς
811 798 1115 873 πολεμίους
1171 796 1367 871 ἔξεστιν
1427 794 1725 859 ἀκινδύνως
1783 817 1881 874 φο·

225 913 420 950 νευειν.

296 987 362 1040 Ὁ
390 983 535 1037 κατὰ
572 987 675 1051 τῆς
710 978 985 1055 σωτηρίας
1030 983 1127 1035 τοῦ
1174 977 1441 1054 βασιλέως
1479 978 1514 1047 ἢ
1566 980 1668 1043 τῆς
1716 976 1881 1033 πολι-

226 1072 375 1134 τείας
436 1070 926 1145 μηχανησάμενος,
969 1070 1004 1139 ἢ
1067 1068 1391 1142 μελετήσας,
1450 1067 1734 1146 φονεύεται
1791 1065 1883 1121 καὶ

228 1160 555 1233 δημεύεται.

298 1251 368 1306 O't
447 1249 591 1323 πρὸς
669 1246 802 1310 τοὺς
886 1246 1187 1321 πολεμίους
1271 1244 1726 1320 αὐτομολοῦντες,
1794 1247 1885 1302 καὶ

223 1341 319 1402 τὰς
395 1337 668 1413 ἡμετέρας
749 1335 955 1411 βουλὰς
1040 1334 1502 1412 ἀπαγγέλλοντες,
1577 1337 1888 1413 ἀπαγχονί-

226 1436 438 1501 ζονται.

295 1519 462 1589 Ζήτει
494 1517 559 1572 τὸ
593 1517 663 1571 ια’
692 1514 989 1591 κεφάλαιον
1020 1519 1118 1572 τοῦ
1150 1521 1191 1570 Σ
1226 1513 1526 1594 στοιχείου.

640 1629 821 1679 ΑΡΧΗ
862 1629 986 1679 ΤΟΥ
1026 1628 1062 1677 Ρ
1102 1628 1481 1680 ΣΤΟΙΧΕΙΟΥ.

230 1738 489 1789 ΚΕΦΔΛ.
526 1732 606 1807 A'.
650 1729 806 1807 Περί
844 1728 1069 1807 τᾳῶνῄἐν
1107 1728 1293 1807 ῥύσει
1330 1730 1756 1805 ἀπροαιρέτῳ
1795 1751 1888 1807 γι-

439 1798 750 1875 νομένων.
780 1798 1033 1873 ἀνδρῶν
1066 1798 1135 1856 τε
1172 1802 1281 1856 καὶ
1318 1798 1672 1876 γυναικῶν.

1993 618 2230 775 11033:“;
2260 705 2466 763 castris
2498 701 2771 759 Romanis
2802 700 2874 755 ad
2919 699 3116 755 hostes
3151 698 3482 759 transeunt,
3515 696 3639 748 tan-

1993 812 2166 871 quam
2200 795 2399 852 hostes
2430 794 2647 864 absque
2679 790 2801 846 ullo
2824 786 3167 843 discrimine
3196 785 3459 842 occidere
3480 781 3634 837 licet.

2065 979 2170 1045 Qui
2201 978 2478 1035 adversus
2526 974 2778 1031 salutem
2822 968 3190 1044 imperatoris
3248 970 3354 1022 aut
3411 960 3641 1036 imperii

1994 1069 2316 1141 quidquam
2351 1065 2586 1123 molitur
2613 1064 3068 1131 autmeditatur,
3084 1073 3382 1117 summum
3417 1052 3641 1126 suppli-

1995 1159 2152 1216 cium
2185 1160 2307 1230 ipse
2336 1157 2466 1222 luit,
2499 1160 2556 1212 et
2586 1156 2740 1211 bona
2770 1154 2983 1210 cedunt
3014 1152 3176 1207 ﬁsco.

2067 1248 2172 1314 Qui
2204 1248 2275 1303 ad
2305 1247 2535 1302 hostem
2583 1244 2999 1315 transfugiunt,
3035 1244 3093 1297 et
3149 1236 3396 1295 consilia
3441 1237 3641 1291 nostra

1996 1337 2273 1411 produnt,
2304 1334 2770 1407 strangulatione
2794 1336 3056 1406 pereunt.

2068 1524 2271 1589 Quare
2300 1536 2429 1593 cap.
2455 1520 2515 1575 11
2547 1519 2658 1574 litt.
2693 1522 2753 1573 Σ.

2341 1626 2494 1683 228
2536 1625 2818 1682 INITIUM
2860 1621 3195 1679 LlTTER/E
3233 1620 3294 1676 P.

1998 1736 2148 1793 CAP.
2174 1737 2215 1792 Ι.
2246 1737 2323 1792 De
2348 1736 2491 1792 viris
2521 1750 2587 1791 ac
2612 1733 2963 1800 mulieribus,
2984 1732 3082 1802 qui
3103 1725 3492 1785 involuntario
3518 1740 3639 1797 pro-

2581 1808 2749 1877 ﬂuuio
2773 1805 3049 1861 laborant.

294 1894 461 1963 Ζῆτει
492 1892 559 1947 τὸ
611 1897 669 1955 ις’
695 1911 815 1967 κεφ.
847 1894 945 1946 τοῦ
991 1894 1030 1947 Δ
1078 1891 1357 1966 στοιχείου
1402 1892 1493 1947 καὶ
1538 1893 1603 1947 τὸ
1648 1898 1733 1964 κη’
1764 1914 1881 1968 κεφ.

2060 1898 2206 1955 Vide
2235 1900 2406 1970 caput
2437 1897 2504 1953 16
2533 1895 2647 1952 litt.
2679 1896 2743 1964 Α,
2776 1898 2832 1953 et
2861 1908 2987 1962 cap.
3019 1892 3089 1946 28
3120 1890 3230 1946 litt.
3265 1888 3331 1946 Κ.

230 1986 325 2037 τοῦ
358 1987 403 2036 Κ
436 1978 746 2056 στοιχείου.

642 2072 829 2127 ΑΡΧΗ
867 2075 991 2125 ΤΟΥ
1028 2075 1069 2124 Σ
1112 2076 1486 2129 ΣΤΟΙΧΕΙΟΥ.

2441 2096 2730 2155 INlTlUM
2775 2094 3104 2152 LITTERIE
3130 2097 3192 2147 Σ.

227 2163 492 2219 ΚΕΦΔΛ.
516 2160 736 2217 Α’.“Οτι
766 2162 911 2221 τοῖς
944 2153 1281 2213 Σάϐὄασιν
1311 2160 1383 2215 οὗ
1414 2157 1513 2215 δεῖ
1537 2160 1886 2232 νηστεύειν

2032 2192 2150 2247 ιΑΡ.
2186 2190 2230 2246 Ι.
2263 2188 2411 2260 Quod
2520 2153 2770 2245 animum
2798 2186 3027 2241 minime
3063 2182 3322 2255 jejunare
3378 2180 3638 2251 oporteat.

297 2252 463 2321 Ζήτει
526 2249 579 2303 ἐν
631 2252 711 2320 τῷ
758 2246 840 2318 λζ’
886 2246 1165 2325 κεφαλαίῳ
1209 2252 1305 2303 τοῦ
1354 2255 1395 2305 Κ
1451 2250 1731 2328 στοιχείου
1787 2273 1886 2307 κα-

225 2340 355 2394 νόνα
411 2342 527 2394 τῶν
587 2336 759 2411 ἁγίων
816 2335 1136 2392 ἀποστόλων
1191 2339 1282 2411 ξς’,
1339 2340 1427 2395 καὶ
1485 2346 1586 2410 τῆς
1664 2341 1704 2402 ς’
1761 2361 1889 2397 συν-

227 2426 356 2483 όδου
407 2428 512 2499 νε¹,
559 2427 654 2481 καὶ
707 2430 787 2499 τῷ
841 2423 922 2480 λε’
968 2447 1088 2505 κεφ.
1134 2431 1232 2481 τοῦ
1291 2434 1330 2483 Ε
1372 2427 1652 2505 στοιχείου
1687 2437 1789 2501 τῆς
1837 2428 1889 2486 ἒν

228 2515 527 2587 Λαοδικείᾳ
586 2512 816 2571 συνόδου
868 2515 1068 2572 κανόνα
1125 2518 1216 2587 ις’,
1274 2516 1365 2572 καὶ
1421 2518 1473 2573 ἐν
1538 2523 1617 2593 τῷ
1673 2520 1710 2576 ε’
1767 2540 1887 2599 κεφ.

230 2612 315 2663 τοῦ
345 2615 390 2664 Τ
422 2604 716 2682 στοιχείου
744 2603 941 2662 κανόνα
968 2610 1042 2661 νε’
1071 2613 1172 2677 τῆς
1204 2608 1248 2671 ς’
1280 2605 1530 2665 συνόδου.

574 2718 829 2769 ΚΕΦΑΛ.
871 2715 947 2770 B'.
990 2713 1150 2790 Περὶ
1190 2719 1548 2784 σκηκθικῶν.

294 2805 464 2873 Ζήτει
500 2801 556 2857 ἐν
586 2807 668 2875 τῷ
697 2804 742 2857 α’
789 2822 908 2878 κεφ.
939 2803 1037 2857 τοῦ
1068 2809 1108 2858 Θ
1155 2807 1436 2878 στοιχείου
1465 2807 1661 2862 κανόνα
1707 2808 1753 2862 α’
1790 2810 1888 2874 τῆς

224 2895 270 2958 ς’
300 2890 567 2963 συνόδου,
599 2894 690 2947 καὶ
738 2892 793 2949 ἐν
825 2897 904 2965 τῷ
935 2894 977 2964 ζ’
1020 2913 1138 2971 κεφ.
1169 2898 1266 2950 τοῦ
1297 2901 1348 2950 Μ
1379 2897 1658 2972 στοιχείου
1695 2897 1892 2955 κανόνα

239 2987 330 3057 μςῖ
350 2989 459 3052 τῆς
492 2981 552 3037 ἐν
578 2984 900 3058 Καρθαγὲνῃ
928 2978 1180 3041 συνόδου.

301 3072 474 3142 Ζήτει
503 3072 598 3126 καὶ
628 3071 693 3126 τὸ
728 3071 793 3126 ια’
820 3070 1118 3146 κεφάλαιον
1145 3077 1242 3129 τοῦ
1269 3080 1320 3132 Μ
1352 3075 1650 3152 στοιχείου.

2089 2280 2333 2337 Consule
2394 2279 2455 2334 in
2510 2277 2580 2333 3’7
2622 2292 2747 2346 cap.
2784 2275 2895 2330 litt.
2959 2274 3006 2329 K
3057 2286 3339 2329 canonem
3400 2272 3646 2325 sancto-

1998 2385 2132 2426 rum
2163 2367 2556 2439 apostolorum
2582 2364 2675 2432 66,
2706 2367 2764 2419 et
2813 2361 3017 2434 synodi
3074 2376 3132 2416 νι
3180 2374 3289 2415 can
3344 2357 3438 2422 55,
3469 2360 3527 2412 et
3582 2357 3642 2411 in

1996 2458 2067 2516 35
2123 2474 2249 2530 cap.
2285 2457 2324 2513 Ε
2386 2456 2588 2512 littera
2646 2470 2774 2524 διο.
2817 2451 3155 2508 Laodicenaa
3202 2461 3491 2504 canonem
3546 2446 3640 2516 16,

1996 2553 2057 2605 et
2084 2548 2143 2604 in
2161 2548 2199 2604 5
2228 2562 2352 2618 cap.
2381 2546 2423 2602 Τ
2451 2545 2654 2601 litterae
2685 2556 2966 2600 canonem
2996 2540 3070 2595 55
3097 2554 3152 2595 ιν
3180 2535 3407 2610 synodi.

2423 2730 2577 2787 CAP.
2601 2729 2666 2785 II.
2701 2730 2775 2785 De
2802 2728 2942 2784 ludis
2961 2725 3212 2784 scenicis.

2073 2826 2274 2889 Quaere
2303 2822 2363 2878 in
2392 2836 2520 2893 cap.
2556 2822 2581 2876 1
2616 2820 2728 2876 litt.
2761 2825 2802 2873 Θ
2823 2833 3102 2875 canonem
3149 2816 3407 2888 primum
3435 2814 3639 2887 synodi

2002 2917 2202 2979 sextis,
2229 2916 2287 2968 et
2341 2911 2403 2967 in
2447 2913 2484 2965 7
2541 2927 2668 2981 cap.
2702 2909 2811 2965 litt.
2864 2908 2936 2966 ll.
2969 2921 3252 2964 canonem
3309 2905 3379 2961 46
3434 2902 3642 2976 synodi

2004 3001 2503 3073 Carthaginensis.

2071 3094 2270 3157 Quare
2289 3094 2350 3147 et
2377 3106 2504 3163 cap.
2548 3091 2609 3146 11
2643 3089 2752 3145 litt.
2787 3088 2863 3144 M.

232 3178 824 3271 KE¢,A%.,I“;_‘"9:H
873 3179 1185 3271 σλτπιυρὸνν
1210 3178 1272 3233 ἰν
1325 3174 1556 3271 ξδ’άφεκι
1612 3185 1891 3271 γράφειν

2032 3200 2155 3255 :AP.
2198 3200 2297 3257 lll.
2359 3196 2508 3266 Quod
2547 3198 2913 3271 non_opo_rlet
2971 3196 3030 3249 in
3070 3194 3376 3271 pavimento
3429 3205 3648 3246 crucem

320 3250 399 3305 οὗ
443 3246 568 3316 δεῖ,
608 3246 782 3303 ἀλλὰ
819 3250 928 3303 καὶ
965 3245 1118 3314 τοὺς
1156 3245 1346 3315 ὄντας
1384 3245 1809 3330 άπάλείῖβειν.

299 3339 365 3392 Ὀ
427 3343 515 3411 ογ¹
570 3342 672 3406 τῆς
730 3343 770 3397 ς’
846 3334 1072 3393 συνόδου
1135 3340 1308 3394 κανὼν
1361 3340 1453 3396 τὸν
1541 3345 1640 3399 τοῦ
1708 3344 1897 3419 τιμίου

237 3429 486 3500 σταυροῦ
543 3424 711 3480 τύπον
786 3424 841 3480 ἐν
916 3424 1099 3505 ἇδάφει
1167 3430 1391 3507 γράφειν
1466 3431 1780 3505 ἀπείρηκεν,
1837 3434 1900 3490 οὐ

240 3517 351 3589 μὴν
386 3514 544 3570 ἀλλὰ
587 3514 835 3577 καὶτοὺς
884 3513 992 3586 ἤδη
1025 3519 1325 3595 γραφέντας
1376 3516 1692 3600 διαγράφειν
1743 3526 1897 3580 ἀνεν-

239 3600 516 3665 δοιάστως
565 3603 887 3673 ἐπισκήπτει
917 3605 1008 3660 καὶ
1053 3604 1375 3679 ἐξαλείφειν,
1406 3609 1481 3671 ὡς
1531 3610 1592 3665 ἂν
1628 3613 1705 3684 μὴ
1757 3634 1901 3687 συμ-

238 3694 593 3767 πατοῦμενον
642 3700 757 3757 τοῖς
813 3693 1154 3770 βαδίζουσιν,
1206 3695 1552 3776 ἐφυϐρίζοιτο
1607 3704 1670 3757 τὸ
1718 3707 1902 3776 σωτή-

241 3805 361 3859 ριον
386 3791 496 3852 τῆς
528 3785 692 3856 ἡμῶν
733 3782 889 3855 νίκης
921 3785 1179 3860 τρόπαιον
1212 3806 1226 3821 ⁸
1277 3791 1340 3843 τὸ
1370 3790 1458 3845 καὶ
1508 3788 1716 3863 διανοίᾳ
1756 3792 1903 3849 αἰδοῖ

239 3878 309 3947 τῇ
340 3873 497 3947 πάσῃ
546 3871 887 3946 τιμώμενον,
932 3876 1022 3930 καὶ
1067 3873 1225 3951 λόγῳ
1274 3875 1638 3956 διαφερόντως
1693 3883 1901 3956 θαυμα-

244 3965 503 4036 ζόμενον,
562 3963 650 4017 καὶ
706 3961 954 4034 αἰσθήσει
1021 3970 1338 4040 πρακτικῶς
1407 3971 1899 4045 προσκυνούμενον.

962 4072 1200 4145 Νόμοφ

314 4154 535 4229 Μηδεὶς
595 4155 649 4246 ἐν
706 4155 911 4236 ἒδάφει,
961 4158 998 4229 ἢ
1056 4157 1111 4216 ἐν
1172 4165 1468 4239 μαρμάρῳ,
1526 4165 1614 4222 ἐπὶ
1672 4166 1902 4246 ἐδάφους

240 4246 511 4337 κειμένῳ,
573 4244 610 4314 ἢ
676 4246 729 4337 ἐν
787 4246 992 4323 μυλίτῃ
1051 4249 1192 4324 λίθῳ
1249 4255 1475 4327 σταυρὸν
1531 4244 1852 4337 ἔγγλυφέτω
1884 4278 1898 4292 ·

243 4338 336 4392 καὶ
366 4337 427 4391 oi
476 4334 630 4397 ὄντες
677 4333 730 4391 ἔν
775 4336 991 4400 τούτοις
1038 4340 1519 4416 περιαιρείσθωσαν
1554 4365 1569 4379 ·
1620 4346 1648 4400 ὁ
1697 4333 1753 4402 δὲ
1797 4368 1901 4404 παο

247 4419 530 4501 ραϐαίνων
604 4425 696 4479 τὸν
772 4426 970 4500 νόμον,
1025 4428 1127 4498 τὴν
1206 4429 1512 4505 βαρυτάτην
1586 4434 1901 4510 ὑπομενέτω

246 4515 472 4584 ποινήν,

252 4623 518 4677 ΚΕΦΑΛ.
562 4619 636 4676 Δ’.
676 4620 839 4697 Περὶ
880 4618 1318 4696 συμϐολαίων
1360 4627 1469 4682 καὶ
1508 4631 1904 4708 συμφώνων.
1941 4642 1981 4705 [)

967 4711 1211 4787 Νόμομ

325 4800 394 4858 Ἦ
449 4803 564 4855 τῶν
625 4793 982 4872 συμϐολαίων
1052 4802 1304 4861 ἀπώλεια
1381 4806 1480 4861 οὐκ
1550 4807 1761 4886 ἀναιρεῖ
1815 4813 1912 4875 τάς

254 4889 503 4964 ἀγωγὰς,
534 4886 586 4943 ἐν
622 4889 669 4962 ᾧ
720 4886 944 4945 δυνατόν
975 4889 1113 4949 ἐστιν
1162 4894 1361 4972 ἑτέρως
1404 4894 1798 4974 ἀποδειχθῆναι
1849 4904 1912 4958 τὸ

254 4976 480 5049 ἀληθὲς.

324 5068 402 5125 Τά
432 5069 614 5144 χωρὶς
644 5065 816 5125 δόλου
848 5066 1112 5148 σύμφωνα
1140 5073 1229 5128 καὶ
1263 5075 1340 5148 μὴ
1370 5079 1490 5139 τοῖς
1519 5077 1710 5152 νόμοις
1761 5078 1915 5135 ἐναν-

250 5158 512 5232 τιούμενα
543 5152 807 5234 ἔρῥωται.

566 5270 832 5325 ΚΕΦΔΛ.
879 5268 956 5324 Ε’.
1000 5268 1159 5345 Περὶ
1197 5274 1610 5346 συμποσίων.

325 5355 411 5429 Τῷ
460 5357 531 5413 γε’
576 5361 682 5427 τῆς
736 5354 792 5411 ἐν
843 5352 1140 5431 Λαοδικείᾳ
1195 5360 1418 5419 συνόδου
1476 5366 1655 5420 κανόνι
1715 5363 1917 5440 κληρι·

255 5442 379 5507 mil;
434 5447 468 5517 ἢ
530 5444 770 5507 λαϊκοὺς
851 5446 1131 5519 συμπόσια
1184 5456 1362 5507 ποιεῖν
1439 5452 1488 5523 ἐξ
1559 5452 1751 5529 ἐράνου
1825 5455 1918 5511 καὶ

255 5529 538 5610 συμϐολῆς
598 5536 954 5612 ἀπείρηται·
1012 5540 1178 5592 ταῦτα
1233 5541 1358 5615 γάρ,
1411 5544 1484 5604 ὡς
1542 5542 1761 5616 ἐπίπαν,
1817 5545 1918 5601 οὐ-

246 5620 396 5774 δίνός
434 5628 571 5685 εἰσιν
621 5622 862 5705 άγαθοὸ,
910 5623 994 5681 ὅτι
1037 5626 1117 5700 μὴ
1176 5629 1266 5684 καὶ
1316 5631 1494 5703 πάσης
1547 5633 1912 5710 αἰσχρότητος

246 5737 280 5771 π
316 5738 402 5774 εα.

241 5737 402 5774 πΑεα.

2250 3264 2578 3337 describere,
2608 3268 2697 3326 sed
2716 3264 2770 3324 et
2792 3268 2870 3323 ita
2896 3281 3184 3338 expressas
3207 3264 3405 3321 delere.

2078 3360 2274 3416 Conon
2302 3361 2373 3415 63
2404 3358 2633 3415 concilii
2654 3375 2709 3413 vr
2740 3358 2987 3429 ﬁguram
3022 3354 3289 3426 pretiosae
3341 3352 3532 3408 crucis
3588 3350 3648 3406 in

2011 3450 2339 3522 pavimento
2378 3449 2704 3504 describere
2734 3452 2904 3512 vetat,
2941 3461 3129 3517 neque
3160 3444 3268 3499 hoc
3299 3441 3515 3508 solum,
3548 3440 3648 3497 sed

2004 3544 2061 3596 et
2084 3541 2204 3611 jam
2235 3539 2566 3594 eﬁ‘ormatas
2596 3535 3010 3593 deformandas
3045 3532 3284 3589 indubia
3315 3529 3526 3588 statuit
3586 3532 3647 3584 et

2010 3626 2346 3695 abolendae,
2379 3643 2449 3681 ne
2482 3626 2643 3692 forte,
2679 3625 2925 3697 pedibus
2956 3622 3384 3689 conculcatum,
3416 3617 3653 3675 vilescat

2011 3714 2266 3771 salutem
2293 3713 2544 3770 victoria:
2578 3716 2789 3769 nostrae
2818 3718 3126 3783 tropaeum,
3159 3708 3312 3781 quod
3357 3711 3415 3764 et
3462 3712 3653 3762 mente

2010 3805 2170 3861 omni
2193 3821 2325 3861 cum
2382 3804 2703 3861 reverentia
2757 3803 2990 3869 colitur,
3021 3806 3081 3858 et
3135 3814 3401 3858 sermone
3444 3796 3653 3854 eximie

2012 3894 2355 3962 celebratur,
2385 3903 2437 3951 et
2467 3894 2654 3966 quoad
2688 3909 2930 3949 sensum
2964 3906 3167 3963 reapse
3197 3888 3491 3944 adoretur.

2764 4058 2897 4113 Lex.

2084 4175 2261 4226 Nemo
2316 4169 2376 4225 in
2430 4167 2757 4241 pavimento
2822 4174 2921 4222 aut
2975 4177 3264 4220 marmore
3293 4159 3450 4233 quod
3482 4174 3657 4231 super

2013 4257 2529 4333 pavimentojacet,
2564 4261 2663 4311 aut
2692 4255 2881 4328 lapide
2914 4251 3119 4309 molari
3152 4266 3387 4306 crucem
3431 4248 3653 4305 inscul-

2013 4354 2139 4423 pat;
2170 4350 2220 4405 si
2252 4365 2377 4413 qua:
2416 4353 2608 4403 autem
2659 4347 2786 4417 jam
2833 4343 3063 4416 scriptae
3122 4340 3357 4406 fuerint,
3405 4337 3658 4393 eradan-

2013 4444 2127 4495 tur.
2180 4437 2521 4510 Quicunque
2581 4451 2712 4492 vero
2773 4435 2958 4506 legem
3016 4429 3466 4503 transgreditur,
3525 4442 3661 4500 gra-

2010 4529 2309 4585 vissimam
2343 4542 2571 4599 pmnam
2601 4525 2764 4581 ﬂuat.

2302 4654 2453 4708 CAP.
2478 4652 2568 4709 IV.
2591 4653 2665 4708 De
2690 4652 2864 4722 pacti:
2884 4658 2935 4706 et
2957 4649 3341 4708 contractibur

2778 4741 2908 4796 Lex.

2094 4830 2346 4889 Perditio
2404 4846 2625 4896 rerum,
2674 4830 2747 4886 de
2825 4828 3040 4900 quibus
3125 4831 3473 4886 conventum
3530 4825 3665 4896 fuit,

2030 4937 2145 4978 non
2202 4920 2357 4977 tollit
2419 4920 2700 4989 actiones,
2728 4919 2786 4974 in
2845 4923 3127 4990 quantum
3186 4917 3323 4973 licet
3362 4915 3668 4973 veritatem

2026 5010 2138 5067 alio
2170 5011 2343 5067 modo
2365 5008 2645 5081 pateﬁeri.

2095 5101 2248 5159 Citra
2292 5099 2491 5156 dolum
2544 5098 2759 5156 malum
2812 5102 2999 5172 pacta,
3045 5103 3102 5154 et
3158 5096 3384 5170 legibus
3433 5096 3672 5170 quidem

2032 5191 2279 5249 minime
2308 5189 2617 5258 contraria,
2648 5189 2861 5245 valent.

2415 5298 2568 5355 219
2601 5297 2758 5352 CAP.
2790 5296 2857 5352 V.
2902 5297 2974 5354 De
3001 5296 3286 5353 conviviis.

2100 5388 2472 5445 lnterdicitur
2495 5401 2626 5442 cum
2656 5385 2883 5441 clericis
2929 5386 3267 5451 tumilaicis
3322 5402 3545 5444 canone
3602 5387 3674 5442 55

2027 5477 2257 5533 concilii
2290 5475 2617 5541 Laudiceni,
2640 5473 2910 5530 convivia
2927 5491 3000 5530 ex
3020 5476 3327 5533 collatione
3349 5476 3667 5545 celebrare,

2028 5569 2144 5623 lsta
2163 5567 2317 5623 enim
2333 5564 2716 5636 utplurimum
2736 5563 2882 5619 nihil
2914 5570 3180 5639 prosunt,
3196 5568 3312 5624 imo
3333 5566 3672 5638 aliquando,

2026 5658 2188 5715 omni
2220 5655 2589 5730 turpitudine
2618 5651 2826 5709 referta
2853 5660 3015 5713 sunt.
