4098 6332
469 377 583 438 127

1539 632 1835 700 portiones
1865 637 2108 696 clericos

478 697 700 770 tollere,
723 706 780 756 et
807 705 1044 763 domum
1078 712 1308 770 referre.
1335 715 1450 772 Hoc
1480 719 1636 776 enim
1668 727 1860 796 arguit
1888 731 2084 798 gulosi-

478 791 649 818 ιοιιιννι
689 801 740 818 ..ι
784 793 1119 818 2......-ιεικι
1257 803 1311 818 οι.
1630 813 1641 818 -
1699 814 1708 818 -

2228 697 2318 702 -w-
2382 697 2695 724 --ι-...ηηυν

2216 735 2347 798 τοὺς
2377 744 2475 794 τοῦ
2517 741 2729 818 κλήρου

465 791 650 844 tatem
689 801 744 847 et
784 793 1220 866 improbitatem
1254 803 1509 878 illorum,
1543 813 1641 882 qui
1695 791 1775 870 ita
1833 791 2108 892 fecerint;

369 919 372 923 ,
471 877 614 933 adeo
647 886 710 934 ut
739 886 1092 942 contumelia
1121 892 1328 949 exinde
1357 877 1656 968 inﬂigatur
1695 905 1885 961 ordini
1919 908 2106 967 eccle-

465 965 722 1024 siastico.

533 1057 733 1121 Quaere
762 1062 936 1118 etiam
965 1072 1141 1139 caput
1171 1071 1201 1124 3
1231 1069 1340 1126 litt.
1377 1077 1441 1128 Α.

537 1163 688 1219 CAP.
723 1167 816 1224 Vl.
851 1178 928 1226 De
959 1175 1028 1229 iis
1055 1179 1152 1248 qui
1176 1195 1360 1236 sacra:
1381 1199 1616 1256 synaxes
1645 1194 1841 1247 vitant.

539 1330 785 1387 Consule
816 1332 874 1388 in
906 1352 1030 1406 cap.
1063 1338 1098 1392 9
1126 1340 1238 1398 litt.
1272 1344 1314 1399 B
1336 1363 1460 1402 can.
1495 1352 1765 1420 quintum
1794 1363 1852 1414 et
1879 1368 2106 1421 sextum

471 1419 680 1488 synodi
711 1419 1080 1495 Gangrensis.

454 1523 609 1580 CAP.
639 1525 756 1584 VII.
791 1530 865 1586 De
891 1533 1110 1594 clericis
1137 1543 1232 1612 qui
1278 1551 1573 1605 extraneas
1621 1554 1886 1613 mulieres
1923 1561 2104 1618 alunt.

522 1692 729 1756 Quaare
765 1703 944 1768 caput
971 1701 1006 1754 9
1037 1701 1151 1758 litt.
1186 1708 1242 1760 Γ.

453 1799 615 1856 CAP.
651 1802 809 1896 Ἤρ..
827 1807 906 1896 .ορ
934 1807 1014 1896 iis.
1035 1813 1133 1880 qui
1161 1814 1296 1896 aliis
1332 1823 1548 1896 conscii
1585 1834 1733 1896 sunt,
1765 1845 1865 1884 nec
1919 1839 2107 1892 tamen.

719 1875 920 1934 delicta
949 1875 1177 1940 illorum
1203 1887 1420 1945 clericis
1452 1875 1800 1964 amnti};in

531 1977 728 2034 Canon
749 1982 814 2036 71
843 1986 1038 2056 magni
1072 1988 1304 2047 Basilii:
1329 1995 1435 2060 Qui
1467 1999 1664 2057 delicti
1695 2005 1948 2078 alicujus
1969 2028 2102 2068 cum

463 2064 578 2120 alio
607 2071 877 2128 conscius
919 2091 1033 2130 non
1066 2081 1256 2136 tamen
1311 2087 1614 2146 confessus
1664 2093 1855 2165 fuerit,
1887 2099 1936 2155 is
1966 2117 2101 2158 con-

461 2154 648 2211 victus
679 2160 876 2214 landiu
913 2179 1114 2232 pmnas
1143 2167 1326 2238 dabit,
1357 2189 1533 2243 quam
1577 2177 1768 2250 ipsum
1817 2154 2098 2246 malorum

465 2249 810 2312 patratorem
837 2249 1005 2318 plecti
1037 2259 1307 2323 oportuit.
1327 2263 1444 2318 Non
1469 2249 1792 2340 eratiigitur
1817 2291 1884 2331 ex
1910 2285 2100 2337 mente

459 2331 565 2386 viri
597 2337 804 2402 sancti,
835 2343 900 2393 ut
921 2339 1018 2396 ille
1048 2347 1367 2415 puniretur,
1393 2353 1490 2421 qui
1533 2356 1842 2418 scientiam
1879 2382 2098 2425 meram

455 2421 594 2476 facti
625 2421 816 2494 habet,
849 2427 1131 2500 impedire
1189 2452 1320 2492 vero
1374 2445 1600 2514 nequit.
1632 2449 1732 2503 sed
1781 2453 1883 2523 qui
1926 2421 2096 2528 opem

453 2525 520 2564 ac
550 2513 858 2572 consilium
893 2519 1021 2586 fert,
1053 2526 1110 2578 et
1132 2522 1396 2584 inhibere
1430 2513 1636 2603 possit,
1668 2539 1718 2594 si
1749 2513 1904 2598 velit.
1959 2513 2092 2602 i’ro;

457 2597 633 2670 pheta
661 2605 817 2659 enim
853 2623 966 2662 non
997 2613 1122 2666 vult
1179 2614 1522 2686 simpliciter
1560 2640 1692 2680 eum
1745 2632 1960 2702 puniri,
1993 2639 2094 2706 qui

453 2689 642 2746 furem
674 2696 776 2748 aut
805 2696 1132 2756 adulterum
1160 2703 1334 2772 videt,
1357 2711 1454 2764 sed
1493 2713 1593 2782 qui
1637 2689 2090 2783 con-currit’cum

453 2781 600 2845 fure,
624 2781 675 2836 ei
705 2783 1046 2855 opitulatur,
1079 2793 1213 2846 etin
1247 2781 1637 2868 delinqueindo
1667 2821 1798 2862 cum
1831 2781 2091 2871 adultero

450 2869 745 2941 particeps
801 2881 910 2930 est.
949 2875 1270 2938 Universim
1334 2902 1467 2944 vero
1529 2895 1812 2952 confessio
1861 2917 2089 2970 poenam

447 2958 701 3014 maxima
721 2977 787 3016 ex
809 2971 969 3032 parte
989 2967 1225 3038 minuit,
1250 2976 1526 3034 convictio
1548 2991 1740 3038 autem
1764 2989 2088 3058 graviorem

441 3045 640 3100 trahit.

440 3149 575 3192 σεως
607 3133 914 3209 ἀφαιρεῖται
943 3143 1006 3197 τὸ
1037 3143 1294 3205 πλεῖστον
1329 3170 1344 3184 ο
1378 3154 1408 3208 ὁ
1441 3151 1499 3210 δὲ
1527 3151 1752 3237 ἕλεγγος
1783 3164 2175 3248 χαλεπωτέραν

515 3241 714 3304 Quaere
743 3253 800 3304 et
847 3249 904 3306 in
945 3254 982 3308 9
1040 3273 1169 3329 cap.
1201 3259 1312 3317 litt.
1348 3267 1692 3326 I‘canonem
1747 3275 1818 3330 25
1873 3241 2156 3355 synodic
2266 3241 2422 3356 Ζήτει

447 3331 788 3404 Anoyranaa.

1201 3457 1328 3514 Lex.

512 3530 618 3596 Qui
677 3533 936 3594 criminis
992 3543 1246 3617 alicuius
1303 3566 1467 3607 reum
1544 3556 1736 3616 sciens
1819 3565 2084 3638 suscipit,

435 3622 698 3678 eamdem
737 3641 966 3696 pcenam
1001 3634 1198 3706 subit;
1233 3641 1332 3710 qui
1363 3659 1493 3700 vero
1544 3645 1799 3708 latrones
1855 3655 2080 3728 recipit,

439 3722 627 3806 neque
677 3712 732 3767 in
785 3715 883 3814 jus
939 3722 1197 3796 adducit,
1257 3735 1659 3807 proscribitur,
1693 3745 1795 3794 aut
1849 3712 2082 3814 punitur

428 3794 602 3864 juxta
658 3803 1046 3865 conditionem
1105 3794 1382 3888 personas,
1429 3831 1600 3893 prout
1643 3794 2079 3898 'judicirvisum

441 3884 633 3942 fuerit.

533 3996 686 4054 280
715 4004 865 4058 CAP.
902 4007 992 4062 IX.
1034 4012 1108 4068 De
1134 4016 1354 4086 synodis
1383 4024 1680 4091 quotannis
1710 4025 1994 4087 habendis.

505 4179 848 4241 Sanctorum
892 4193 1291 4262 apostolorum
1341 4215 1522 4258 canon
1567 4205 1638 4260 37
1687 4209 1956 4281 imperat,
2011 4218 2076 4269 ut

431 4269 630 4338 quovis
682 4289 833 4332 anno
899 4278 983 4335 cis
1052 4295 1404 4360 congregent
1467 4295 1778 4354 concilium
1847 4301 2073 4372 cujuvis

431 4361 742 4430 provincias
770 4367 1049 4441 episcopi,
1081 4376 1154 4429 ad
1186 4393 1357 4434 suum
1384 4385 1892 4456 metropolitanum
1928 4408 2072 4447 con-

433 4449 699 4520 ﬂuentes,
723 4458 900 4512 semel
955 4463 1187 4530 quidem
1239 4479 1445 4538 quarta
1495 4449 1819 4545 septimana
1866 4479 2067 4536 Pente-

431 4545 640 4598 costes.
693 4547 904 4602 iterum
970 4567 1104 4608 vero
1161 4563 1442 4615 autumno
1502 4573 1765 4634 exeunte,
1849 4569 2073 4626 scilicet

436 4629 781 4691 duodecimo
855 4638 950 4694 die
1023 4641 1436 4713 Hyperboreum
1507 4653 1626 4709 sive
1685 4629 1974 4727 octobrie,
2014 4667 2078 4713 ut

430 4717 780 4780 uirimautur
799 4741 998 4784 omnes
1022 4737 1448 4805 controversiae,
1473 4756 1600 4810 qua:
1623 4744 1770 4798 circa
1794 4747 2072 4817 dogmata

427 4812 484 4860 et
513 4812 832 4880 qua-tiones
871 4817 1140 4888 scriptas,
1173 4827 1230 4877 et
1275 4823 1619 4896 argumenta
1677 4812 2072 4894 ecclesiastica

424 4898 714 4974 oriuntur,
772 4906 888 4962 imo
947 4913 1002 4964 et
1059 4909 1479 4983 dissensiones,
1519 4935 1646 4990 qua:
1694 4923 1846 4980 inter
1910 4925 2070 4997 ipsos

427 4990 790 5062 contingant,
821 5000 878 5050 et
905 5011 1132 5064 causas,
1166 5007 1338 5073 atque
1369 5007 1516 5063 lites.

501 5076 772 5136 Convenit
804 5099 937 5139 cum
969 5087 1080 5144 isto
1112 5091 1289 5146 ferme
1320 5098 1506 5164 quoad
1559 5101 1731 5155 verba
1779 5105 1837 5157 et
1872 5102 2073 5160 vicesi-

432 5182 566 5222 mus
596 5186 782 5229 canon
815 5179 1018 5247 synodi
1049 5180 1419 5238 Antiochense
1454 5203 1468 5240 :
1499 5187 1698 5258 adjicit
1719 5195 1916 5248 tamen
1959 5193 2069 5246 mi-

427 5258 584 5313 nime
628 5261 801 5318 licere
864 5267 1070 5336 quovis
1137 5286 1240 5342 per
1289 5273 1514 5346 seipsos
1560 5279 1809 5348 synodos
1858 5279 2070 5338 habere

429 5345 585 5402 haud
641 5359 926 5420 praesente
983 5345 1424 5430 metmpolitano
1497 5345 1806 5435 pro—vincies
1858 5385 1870 5425 :
1930 5373 2070 5426 tunc

421 5436 579 5492 enim
628 5439 944 5510 prefectum
1013 5447 1324 5506 concilium
1403 5452 1671 5522 habetur,
1728 5471 1861 5512 cum
1910 5457 2072 5514 adest

418 5523 638 5595 primas
673 5545 784 5585 una
815 5546 942 5588 cum
976 5537 1216 5594 caeteris.

495 5615 645 5681 Quin
678 5616 791 5675 imo
814 5636 998 5677 canon
1029 5626 1270 5696 quintus
1291 5631 1496 5702 synodi
1527 5631 1749 5704 primae.
1781 5641 2063 5692 autumno

424 5705 589 5778 lapso
620 5707 690 5764 ad
707 5707 1009 5770 Octobrem
1037 5731 1294 5776 mensem
1321 5719 1573 5780 alterum
1595 5725 1904 5784 concilium
1924 5741 2071 5783 con-

1743 410 2122 478 MATTHASI
2165 419 2590 486 BLASTARIS

3751 449 3866 508 128

2291 555 2349 611 Ὁ
2408 555 2467 614 δὲ
2520 561 2600 630 κζ’
2653 563 2856 634 ταύτης
2927 566 2980 622 ἐν
3039 575 3160 632 ταῖς
3239 573 3560 650 λεγομέναις
3633 577 3865 654 ἆγᾶπαις

2216 651 2326 702 τῶν
2378 653 2698 724 συμποσίων
2761 657 2899 732 μέρη
2969 658 3162 735 α’ίρειν,
3217 667 3308 720 καὶ
3363 665 3550 724 οἴκαδε
3625 651 3868 746 κομίζειν

2777 747 3076 822 ἀπείρηκεο
3125 753 3372 828 λιχνείαν
3420 757 3524 835 γὰρ
3573 764 3732 816 τοῦτο
3780 761 3869 817 καὶ

2225 827 2541 902 μοχθηρίαν
2569 835 2678 886 τῶν
2731 831 2982 908 δρώντων
3015 848 3330 916 κατηγορεῖ,
3362 845 3438 909 ὡς
3484 844 3722 902 ἐντεῦθεν
3769 851 3868 918 τὴν

2219 916 2322 978 τῆς
2353 915 2685 988 Ἐκκλησίας
2715 924 3032 980 κατάστασιν
3066 915 3452 1004 ἐξυϐρίζεσθαι.

2294 1093 2454 1162 Ζήτει
2485 1098 2574 1150 καὶ
2602 1099 2666 1152 τὸ
2695 1103 2748 1175 γ’
2777 1101 3068 1179 κεφάλαιον
3095 1109 3195 1161 τοῦ
3227 1109 3272 1164 Α
3306 1109 3609 1185 στοιχείου.

2222 1202 2478 1256 ΚΕΦΔΛ.
2659 1211 2742 1259 Πε
2801 1205 2817 1260 ἱ
2855 1211 2984 1263 τῶν
3019 1211 3133 1272 τὰς
3171 1215 3471 1286 συνάξεις
3518 1219 3630 1281 τὰς
3681 1221 3870 1296 ἱερὰς

2733 1224 3354 1332 ἱποστοεωοιιένων-

2776 1283 3356 1359 ποστρεφομένωνζ

2289 1359 2446 1427 Ζήτει
2479 1360 2530 1416 ἐν
2559 1367 2638 1434 τῷ
2671 1365 2718 1419 θ’
2749 1385 2868 1443 κεφ.
2917 1373 3014 1423 τοῦ
3051 1377 3090 1426 Β
3135 1375 3418 1452 στοιχείου
3465 1378 3666 1434 κανόνα
3695 1381 3735 1435 ε’
3780 1383 3872 1436 καὶ

2219 1449 2263 1507 ς’
2292 1453 2395 1516 τῆς
2423 1448 2476 1502 ἐν
2509 1451 2732 1528 Γάγγρᾳ
2759 1453 3005 1514 συνόδου.

2223 1557 2482 1613 ΚΕΦΑΛ.
2523 1563 2592 1616 Z'.
2646 1562 2803 1651 H‘epi
2849 1569 2978 1620 τῶν
3029 1569 3504 1651 συνεισάὶιτους
3551 1581 3871 1651 γυναῖκας

2683 1631 2981 1708 ἐχόντων
3021 1637 3394 1714 κληρικῶν.

2285 1737 2447 1806 Ζήτει
2477 1737 2541 1792 τὸ
2574 1739 2644 1793 ιθ¹
2671 1739 2968 1814 κεφάλαιον
3001 1750 3098 1800 τοῦ
3129 1753 3168 1802 Γ
3199 1747 3498 1825 στοιχείου.

2219 1847 2487 1928 ΚΕΦΑΛ..
2517 1845 2604 1902 Η’.
2646 1847 2802 1938 Περὶ
2839 1854 2966 1904 τῶν
3005 1859 3597 1938 συνεπισταμένων-
3632 1861 3874 1938 κληρι-

2135 1921 2189 1986 Β
2273 1918 2422 1975 κοῖς
2463 1916 2932 1990 ἁμαρτήματα,
2972 1925 3080 1977 καί
3123 1927 3209 1997 μή
3250 1916 3798 2004 ὁμολογούντων..

2285 2022 2342 2073 '0
2399 2021 2477 2074 οα’
2532 2025 2628 2076 τοῦ
2691 2023 2933 2098 μεγάλου
2984 2027 3270 2085 Βασιλείου
3326 2035 3524 2104 κανὼν,
3569 2041 3626 2092 '0
3682 2039 3867 2114 ἁμαρ-

2209 2108 2414 2178 τήματι
2465 2113 2820 2186 συνεγνωκὸς,
2853 2117 3010 2186 φησί,
3042 2117 3176 2190 τινὶ,
3204 2121 3294 2176 καὶ
3347 2125 3424 2195 μὴ
3475 2108 3866 2202 ὁμολογήσας,

2210 2191 2342 2248 ἀλλ’
2387 2193 2702 2272 ἐλεγχθεὶς,
2752 2199 2842 2256 ἐπὶ
2883 2208 3144 2260 τοσοῦτον
3192 2191 3422 2286 χρόνον,
3449 2211 3511 2266 ὃτ
3555 2213 3583 2268 ό
3629 2191 3869 2290 ἐργάτης

2208 2284 2316 2337 τῶν
2365 2291 2545 2340 κακῶν
2604 2286 3007 2364 ἐπιτετίμηται,
3063 2297 3151 2350 καί
3212 2298 3374 2363 αὐτὸς
3429 2297 3575 2356 ἔσται
3630 2301 3682 2358 ἐν
3741 2302 3872 2360 ἔπι-

2205 2372 2396 2445 τιμίῳ.
2448 2374 2558 2428 Ούκ
2607 2377 2674 2445 ἦν
2725 2375 2782 2464 δὲ
2839 2378 2942 2455 ἄρα
2992 2385 3071 2454 τῷ
3120 2385 3257 2460 ἁγίῳ
3312 2389 3448 2462 πρὸς
3498 2388 3706 2464 τρόπου
3764 2395 3870 2449 τὸν

2211 2461 2386 2532 μόνην
2456 2461 2662 2535 εἷ’δησιν
2734 2463 2956 2542 ἔχοντα,
3013 2473 3102 2527 καὶ
3183 2476 3262 2547 μή
3337 2477 3602 2552 ἀρκοῦντα
3674 2481 3868 2539 κωλῦ-

2206 2571 2316 2620 σαι,
2363 2557 2742 2627 τιμωρεῖσθαι,
2793 2558 2885 2613 τὸν
2939 2555 2998 2614 δέ
3043 2582 3106 2636 γε
3154 2563 3516 2639 συναράμενον
3575 2568 3664 2624 καὶ
3715 2592 3864 2644 συμυ

2204 2637 2591 2713 ϐουλεύσαντα,
2648 2647 2739 2699 καὶ
2797 2645 3088 2721 δυνάμενον
3147 2651 3412 2729 ἐπισχεῖν,
3472 2655 3624 2729 εἴπερ
3690 2657 3858 2717 ἐϐού-

2203 2727 2348 2784 λετο.
2403 2732 2508 2786 Καὶ
2556 2733 2584 2787 ὁ
2627 2737 2916 2812 προφήτης
2961 2737 3066 2814 γὰρ
3119 2740 3219 2796 οὐκ
3254 2727 3460 2806 ’ἁπλῶς
3514 2727 3845 2818 κολάζεσθαι

2199 2817 2344 2888 ἀξιοῖ
2389 2821 2480 2874 τὸν
2530 2823 2834 2896 θεωροῦντα
2881 2827 3123 2898 κλέπτην
3177 2831 3214 2902 ἢ
3277 2833 3502 2907 μοιχὸν,
3547 2834 3693 2892 ἀλλὰ
3750 2840 3853 2895 τὸν

2199 2909 2560 2984 συντρέχοντα
2637 2916 2716 2983 τῷ
2790 2915 3022 2990 κλέπτῃ,
3091 2919 3182 2974 καὶ
3266 2922 3672 2997 συναιρόμενον,
3755 2929 3858 2983 καὶ

2196 2997 2286 3051 τὸν
2317 3000 2792 3075 συμμεριζόμενον
2819 3007 2888 3077 τῇ
2921 3011 3182 3080 κοινωνίᾳ
3207 3014 3288 3082 τῷ
3336 3017 3527 3092 μοιχῷ
3556 3015 3618 3070 τὸ
3667 3015 3860 3092 ἁμάρ-

2193 3107 2366 3160 τημα.
2419 3094 2711 3166 Πανταιχοῦ
2753 3089 2812 3147 δὲ
2859 3095 2894 3163 ἡ
2948 3096 3044 3168 μὲν
3089 3089 3485 3176 ἐξομολόγησις
3531 3109 3631 3174 τῆς
3675 3089 3860 3163 κολά-

2205 3177 2408 3246 ταύτην
2437 3175 2740 3252 ἐργάζεται.

2472 3286 2562 3341 καὶ
2610 3284 2666 3342 ἒν
2713 3293 2794 3362 τῷ
2843 3292 2887 3346 θ’
2927 3313 3049 3368 κεφ.
3099 3299 3198 3350 τοῦ
3237 3303 3274 3353 Γ
3321 3301 3599 3377 στοιχείου
3651 3303 3856 3364 κανόνα

2195 3375 2272 3428 κε’
2299 3378 2398 3442 τῆς
2431 3374 2482 3431 ἐν
2513 3377 2758 3454 Ἀγκύρᾳ
2785 3379 3031 3439 συνόδου.

2896 3488 3141 3563 Νόμος.

2265 3573 2326 3628 Ὁ
2385 3569 2777 3648 ὑποδεξάμενός
2835 3597 2956 3632 τινα
3012 3576 3342 3656 ἐνεχόμενον
3418 3583 3727 3662 ἐγκλήματι
3783 3589 3846 3646 ἐν

2192 3657 2396 3731 εΐδήσει
2445 3663 2546 3732 τὴν
2592 3663 2760 3735 αὐτὴν
2809 3665 3093 3744 ὑφίσταται
3134 3673 3418 3748 ’τιμωρίαν
3453 3693 3465 3707 °
3521 3677 3550 3732 ὁ
3609 3675 3671 3733 δὲ
3737 3678 3845 3754 λῃ-

2190 3750 2315 3812 στὰς
2363 3749 2758 3825 ὑποδεξάμενος
2806 3755 2900 3810 καὶ
2956 3758 3034 3829 μὴ
3093 3763 3454 3838 προσαγαγὼν
3509 3763 3704 3829 αὐτοὺς
3757 3774 3845 3844 τῷ

2189 3836 2522 3914 δικαστηρίῳ
2597 3838 2914 3915 δημεύεται,
2990 3847 3024 3916 ἢ
3099 3856 3445 3926 τιμωρεῖται,
3525 3855 3663 3911 κατὰ
3733 3859 3839 3927 τὴν

2187 3928 2456 4000 ποιότητα
2485 3933 2580 3984 τοῦ
2610 3933 2934 4007 προσώπου,
2969 3937 3042 3998 ὡς
3072 3936 3132 3992 ἂν
3165 3939 3194 3993 ὁ
3227 3937 3483 4013 δικαστὴς
3515 3941 3724 4019 συνίδῃ.

2189 4040 2448 4092 ΚΕΦΑΛ.
2491 4038 2564 4094 Θ’.
2607 4039 2762 4112 Περί
2810 4039 3106 4127 συνόδων
3149 4050 3275 4100 τῶν
3323 4046 3608 4114 ἐτησίως
3657 4074 3836 4127 γινο-

2890 4113 3120 4186 μένων.

2257 4215 2313 4266 Ὀ
2345 4211 2426 4282 λζ’
2470 4219 2578 4268 τῶν
2624 4214 2946 4274 ἀποστόλων
2993 4221 3170 4275 κανὼν
3217 4219 3299 4285 δὶς
3346 4229 3442 4280 τοῦ
3492 4223 3650 4290 ἔτους
3699 4231 3836 4286 σύν-

2181 4300 2306 4358 οδον
2355 4302 2568 4362 κελεύει
2614 4314 2764 4363 ποιεῖ
2807 4311 2935 4372 τοὺς
2993 4312 3226 4384 ἑκάστης
3284 4315 3550 4392 ἐπαρχίας
3606 4317 3834 4378 ἒπισκόο

2179 4413 2320 4455 πους
2361 4399 2440 4465 τῷ
2491 4394 2677 4470 οῗκείῳ
2723 4401 2998 4464 συνιόντας
3053 4405 3436 4480 μητροπολίτῃ
3467 4425 3480 4438 °
3529 4409 3663 4479 ἅπαξ
3711 4412 3830 4486 μὲν³

2177 4484 2246 4553 τῇ
2302 4481 2528 4558 τετάρτῃ
2590 4493 2688 4554 τῆς
2767 4493 3140 4559 Πεντηκοστῆς
3211 4492 3498 4568 ἒβδομάδι,
3579 4481 3830 4573 δεύτερον

2179 4567 2257 4639 δὲ,
2298 4571 2591 4648 φθινούσης
2641 4572 2750 4646 ἤδη
2799 4579 2897 4646 τῆς
2946 4577 3113 4654 ὥρας,
3143 4585 3212 4656 τῇ
3248 4583 3318 4656 ιβ’
3353 4567 3462 4639 τοῦ
3511 4567 3828 4660 Ὑπερϐερε-

2106 4667 2152 4731 D
2183 4659 2362 4729 ταίου,
2407 4658 2532 4730 ἤτοι
2561 4668 2658 4718 τοῦ
2711 4661 3048 4742 Ὀκτωϐρίου
3083 4687 3094 4700 ·
3146 4669 3228 4744 ἐφ’
3269 4673 3316 4743 ᾧ
3364 4679 3537 4728 πᾶσαν
3587 4658 3830 4753 ἀμφιϐο-

2182 4746 2306 4802 λίαν
2355 4749 2479 4823 περί
2523 4773 2581 4806 τε
2629 4750 2943 4830 δογμάτων,
2992 4757 3083 4811 καὶ
3140 4765 3422 4836 γραφικῶν
3469 4746 3827 4838 ζητημάτων,

2179 4837 2270 4891 καὶ
2327 4837 2794 4910 ἐκκλησιαστικῶν
2875 4845 3179 4902 ὑποθέσεων
3259 4847 3500 4922 λύεσθαι,
3559 4854 3649 4908 καὶ
3728 4857 3826 4927 μέν

2177 4945 2262 4980 τοι
2307 4926 2396 4981 καὶ
2446 4925 2706 5007 διαφορὰς
2759 4927 2902 4990 ἔστιν
2931 4935 3005 4990 ὧν
3055 4938 3192 5010 πρὸς
3238 4937 3548 5012 ἀλλήλους,
3599 4943 3690 4998 καὶ
3741 4943 3828 5001 δί-

2177 5035 2298 5085 κας,
2331 5017 2418 5070 καὶ
2451 5014 2653 5092 ἔριδας.

2247 5106 2434 5178 Τούτῳ
2478 5107 2569 5162 καὶ
2620 5109 2647 5163 ὁ
2694 5113 2744 5164 κ’
2789 5117 2890 5182 τῆς
2949 5112 3000 5168 ἐν
3049 5115 3358 5193 Ἀντιοχεία
3413 5115 3638 5174 συνόδου
3686 5121 3824 5196 πρὸς

2179 5191 2321 5262 λέξιν
2381 5193 2578 5270 σχεδὸν
2632 5195 2816 5255 ἕπεται
2851 5219 2865 5234 ⁸
2929 5204 3004 5275 μή
3065 5191 3268 5278 ἐξεῖναι
3333 5205 3392 5264 δὲ
3464 5191 3824 5285 προστίθησιν

2178 5283 2340 5347 ἐνίοις
2399 5288 2518 5342 καθ’
2573 5288 2795 5355 ἑαυτοὺς
2851 5291 3108 5358 συνόδους
3164 5303 3364 5368 ποιεῖν,
3429 5283 3517 5374 μή.
3555 5303 3827 5377 παρόντος

2175 5376 2272 5426 τοῦ
2319 5379 2421 5442 τῆς
2470 5372 2738 5452 ἐπαρχίας
2789 5382 3202 5455 μητροπολίτου
3235 5405 3248 5417 ·
3308 5372 3440 5444 τότε.
3487 5389 3592 5463 γὰρ
3635 5372 3824 5446 ’τελεία

2177 5459 2382 5532 γίνεται
2415 5461 2662 5538 σύνοδος,
2693 5467 2783 5523 ὅτε
2813 5471 2900 5525 καὶ
2934 5471 2962 5526 ὁ
2996 5474 3416 5548 μητροπολίτης
3447 5476 3658 5532 σύνεστι
3705 5483 3821 5541 τοῖς

2179 5547 2417 5612 λοιποῖς.

2249 5637 2424 5696 Ἀλλὰ
2471 5644 2559 5698 καί
2609 5650 2637 5700 ὁ
2687 5647 2724 5702 ε’
2763 5655 2865 5718 τῆς
2908 5651 2955 5704 α’
3003 5649 3231 5708 συνόδου
3278 5655 3476 5727 κανὼν,
3525 5655 3820 5733 φθινούσης

2180 5728 2276 5803 μὲν
2327 5727 2476 5808 ὥρας
2533 5737 2670 5792 κατὰ
2723 5737 2817 5795 τὸν
2871 5739 3226 5820 Ὀκτώὸριον,
3272 5743 3482 5802 κελεύει
3537 5745 3638 5814 τὴν
3689 5745 3816 5821 μίαν
