4098 6332
215 377 316 438 129

209 511 306 562 τῶν
364 507 613 564 συνόδων
667 509 1008 585 ἀθροίζεσθαι
1043 529 1056 542 ·

209 600 274 668 τῇ
323 603 708 668 Πεντηκοστῆ,
760 599 906 654 ἀλλά
947 601 1055 674 πρὸ
1102 606 1202 669 τῆς
1251 605 1690 673 ’τεσσαρακοστῆς
1739 619 1867 652 συν-

213 689 426 743 εστάναι
479 707 492 719 ·
559 689 636 752 ὡς
697 687 780 757 ἂν,
842 688 1018 760 πάσης
1073 687 1269 760 ἀηδίας
1334 691 1424 744 καὶ
1489 689 1866 765 μικροψυχίας

209 777 305 842 τῆς
366 777 506 851 πρὸς
589 775 882 846 ἀλλήλους
966 779 1422 853 περιαιρεθείσης,
1485 778 1711 852 καθαροὶ
1785 779 1866 848 τῷ

210 863 366 940 φύσει
421 869 657 945 καιραρῷ
731 866 795 921 τὸ
853 873 954 936 τῆς
991 866 1240 938 νηστείας
1301 867 1709 944 προσενέγκοιεν
1762 865 1868 922 δῶ-

211 973 328 1026 ρον.
1373 1015 1377 1018 ,

280 1043 344 1100 Ὁ
367 1039 425 1098 δὲ
471 1045 534 1097 ιθ¹
581 1050 683 1112 τῆς
733 1041 782 1098 δ’
834 1043 1062 1100 συνόδου
1110 1044 1164 1100 ἐν
1220 1045 1365 1120 καλῇ
1425 1044 1600 1102 οἴεται
1657 1048 1866 1101 κεῖσθαι

209 1131 341 1192 τοὺς
399 1130 734 1194 ἐπισκόπους
802 1131 885 1196 δὶς
957 1139 1055 1188 106
1129 1132 1282 1195 ἔτους
1347 1133 1605 1198 συνόδους
1663 1141 1864 1207 ποιεῖν,

209 1213 336 1274 ἔνθα
396 1219 461 1274 ἃν
522 1222 551 1274 ὁ
605 1228 708 1290 τῆς
762 1221 1034 1298 ἐπαρχίας
1092 1219 1364 1297 δοκιμάσῃ
1421 1222 1864 1297 μητροπολίτης,

208 1311 294 1366 ἐπ’
335 1311 498 1368 ἐνίων
566 1312 1035 1384 ἐκκλησιαπικῶν
1113 1315 1400 1390 διορθώσει
1478 1317 1811 1392 πραγμάτων
1845 1334 1860 1348 ·

206 1401 338 1465 τοὺς
399 1399 458 1456 δὲ
523 1404 604 1474 μή
664 1405 944 1466 συνιόντας
993 1410 1104 1460 τῶν
1161 1403 1492 1475 ἐπισκόπων,
1544 1408 1712 1482 ὑγιῶς
1766 1411 1864 1460 106

209 1493 474 1564 σώματος
533 1487 782 1567 ἔχοντας,
814 1493 904 1548 καὶ
960 1500 1078 1557 ταῖς
1145 1493 1318 1550 αὐτῶν
1395 1494 1864 1570 ἐπιχωριάζοντας

212 1577 433 1650 πόλεσι,
499 1580 644 1653 μηδέ
707 1603 857 1646 τινος
924 1583 1108 1658 ἑτέρου
1181 1584 1472 1662 ἀναγκαίου
1543 1586 1864 1662 πράγματος

213 1668 516 1746 εἴργοντος,
541 1667 851 1750 ἀδελφικῶς
875 1673 1318 1744 ἐπιπλήττεσθαι.

276 1759 340 1816 Ὁ
372 1756 436 1814 δὲ
490 1766 596 1828 τῆς
637 1761 682 1824 ς’
712 1759 940 1817 συνόδου
998 1770 1049 1833 η’
1101 1767 1291 1819 τοῦτον
1355 1767 1449 1837 μὲν
1494 1765 1568 1828 ὡς
1616 1763 1733 1840 ἔχει
1783 1765 1863 1820 λέο

214 1853 338 1921 ξεως
388 1845 582 1918 δίεισι,
635 1853 922 1923 νομοθετεῖ
969 1850 1048 1922 δὲ,
1099 1853 1235 1923 ἅπαξ
1282 1857 1382 1909 106
1428 1849 1588 1916 ἔτους
1635 1855 1725 1910 καὶ
1787 1856 1865 1928 μὴ
1897 1886 1943 1950 Β

217 1935 258 1950 ς.
395 1936 409 1950 ,
492 1933 521 1950 ι.
681 1938 692 1950 .
791 1940 814 1950 -
1092 1942 1105 1950 .
1206 1943 1219 1950 .
1276 1943 1286 1950 .
1479 1943 1490 1950 .
1621 1943 1633 1950 .
1691 1944 1702 1950 .
1840 1947 1860 1950 _

213 1935 290 1999 δὶς
346 1933 584 1991 σύνοδον
639 1938 901 2012 γίνεσθαι,
960 1942 1145 2015 καιρὸν
1199 1943 1386 2016 ὁρίσας
1438 1943 1530 1997 τὸν
1608 1943 1715 1998 ἀπὸ
1769 1947 1866 1998 τοῦ

215 2027 412 2104 Πάσχα
467 2024 672 2100 μέχρις
722 2025 856 2082 ὅλου
913 2033 1012 2084 106
1083 2025 1444 2104 Ὀκτωϐρίου,
1513 2031 1600 2086 διά
1655 2052 1714 2086 τε
1767 2033 1866 2095 τὰς

214 2118 317 2167 τῶν
375 2109 680 2188 βαρϐάρων
744 2113 995 2190 ἐφόδους,
1073 2121 1158 2174 καὶ
1243 2119 1338 2179 τάς
1422 2122 1870 2194 προσπιπτούσας

211 2204 394 2277 ἑτέρας
435 2204 646 2273 αἰτίας,
703 2205 758 2258 αἶ
807 2203 1087 2281 δυσχερεῖς
1163 2207 1382 2263 ποιοῦσι
1463 2215 1580 2272 τοῖς
1653 2210 1867 2266 ἐπισκό-

211 2311 333 2352 ποις
362 2293 464 2352 τὰς
496 2298 744 2366 συνεχεῖς
773 2292 952 2362 ἀποδη
963 2296 1109 2366 μίας.

276 2383 498 2438 Τοῦτον
557 2380 716 2444 αὖθις
773 2383 801 2438 ὁ
864 2386 903 2445 ς’
960 2383 1230 2457 ἐπικυρῶν
1261 2387 1352 2442 καὶ
1394 2395 1494 2458 τῆς
1545 2389 1586 2456 ζ’
1618 2385 1867 2459 συνόδου,

216 2470 569 2546 ἀφορίζεσθαι
618 2471 780 2541 ἀξιοῖ,
835 2472 882 2528 εἳ
935 2493 1019 2537 τις
1083 2473 1274 2554 ἄρχων
1345 2477 1582 2552 εὑρεθείη
1669 2479 1866 2556 εἴργων

218 2563 326 2613 τινα
383 2565 506 2614 τῶν
556 2560 638 2620 εἰς
698 2562 798 2629 τήν
861 2560 1089 2617 σύνοδον
1151 2565 1424 2620 ἀπιόντων
1509 2567 1822 2623 ἐπισκόπων
1852 2589 1866 2601 ·

223 2651 454 2702 συνιοῦσι
498 2643 560 2701 δί
612 2649 850 2715 τούτοις,
908 2648 1210 2726 προῦργου,
1245 2655 1400 2724 φησὶ,
1455 2654 1689 2726 μελέτω,
1731 2655 1872 2712 ὥστε

218 2735 301 2797 τὰς
357 2738 462 2789 106
525 2733 870 2811 Εὐαγγελίου
918 2736 1162 2810 ἐντολάς,
1191 2741 1281 2794 καὶ
1333 2742 1429 2804 τάς
1484 2747 1593 2797 τῶν
1627 2746 1868 2800 κανόνων

220 2825 462 2894 μετιέναι
498 2820 784 2879 διδάσκειν
811 2827 937 2888 τοὺς
971 2827 1076 2882 ὑπὸ
1121 2835 1304 2902 χεῖρα.
1358 2829 1430 2887 Ei'
1477 2853 1597 2887 τινα
1654 2831 1711 2888 δὲ
1760 2840 1870 2889 τῶν

220 2911 685 2983 συνεληλυθότων
739 2912 1051 2970 ἐπισκόπων
1105 2925 1331 2988 κτῆνος,
1376 2920 1412 2988 ἢ
1463 2917 1644 2997 ἕτερον
1709 2921 1871 2995 εἶδος,

222 3001 250 3054 ὁ
305 3000 741 3076 μητροπολίτης
784 3001 1090 3076 ἀπαιτήσας
1143 3004 1342 3064 ἄκοντα
1416 3010 1732 3086 ἐλεγχθείη,
1785 3033 1875 3068 τε·

219 3109 311 3163 τρο
319 3089 396 3146 πλ
405 3094 474 3146 άσ
483 3111 565 3145 ιον
596 3091 931 3151 ἀποτισάτω.

290 3267 390 3321 Καὶ
425 3268 455 3322 ὁ
493 3271 552 3340 μ’
581 3273 685 3336 τῆς
733 3267 786 3323 ἐν
832 3270 1121 3341 Λαονικείᾳ
1177 3273 1398 3343 πολλῆς
1456 3277 1598 3348 ἀξιοῖ
1644 3279 1864 3354 φροντί-
1906 3255 1950 3323 C

221 3350 308 3417 δος
355 3355 422 3410 τὸ
479 3356 608 3410 καθ’
652 3355 882 3428 ἑκάστην
927 3357 1191 3435 ἐπαρχίαν
1243 3362 1476 3434 ἐτησίως
1526 3365 1745 3423 σύνοδον
1787 3369 1870 3444 γί-

219 3445 421 3505 νεςθαι.
481 3445 582 3498 Διὸ
638 3446 728 3500 καὶ
780 3450 910 3508 τοὺς
966 3446 1298 3513 ἐπισκόπους
1359 3453 1435 3515 είς
1507 3455 1707 3525 ταύτην
1774 3478 1872 3512 κα-

219 3529 532 3604 λουμένους
589 3531 690 3588 οὐκ
753 3532 1096 3606 ἀναδύεσθαι,
1151 3537 1280 3595 ἀλλ’
1345 3542 1584 3615 ἀμελητὶ
1657 3545 1871 3601 ἀπιέναι

219 3621 549 3695 προστάττει
597 3641 613 3654 ·
667 3623 758 3678 καὶ
814 3625 849 3692 ἢ
905 3624 1035 3688 τοὺς
1089 3628 1456 3707 σοφωτέρους,
1514 3634 1646 3688 ἃττα
1727 3633 1872 3689 ἴσασι

221 3709 522 3781 διδάσκειν,
555 3713 590 3780 ἢ
624 3714 753 3774 τοὺς
792 3713 1217 3792 ἁπλουστέρους,
1250 3721 1383 3794 ἅπερ
1435 3722 1687 3796 ἂγνοοῦσι
1733 3745 1870 3796 μανο

222 3799 422 3856 Θάνειν.
485 3799 651 3856 Οὐτω
713 3801 812 3875 γὰρ
899 3806 1290 3875 κατορθοῦσθαι
1371 3808 1470 3876 τὴν
1553 3810 1876 3882 Ἐκκλησίαν

221 3888 308 3942 καὶ
381 3885 692 3944 ἐπιδιδόναι
751 3886 1062 3964 συμϐαίνοι,
1119 3895 1243 3970 περί
1297 3917 1354 3951 τε
1409 3898 1476 3952 τά
1559 3899 1694 3973 ἀρθά
1773 3908 1874 3971 τῆς

221 3979 459 4040 πίστεως
524 3975 797 4055 δόγματα,
852 3982 942 4036 καὶ
996 3984 1091 4045 τὰς
1145 3985 1239 4039 τὸν
1307 3987 1425 4060 βίον
1507 3986 1870 4064 ῥυθμιζούσας

221 4069 449 4130 ἐντολάς
513 4087 529 4100 ⁶
589 4071 618 4124 ὁ
695 4067 753 4125 δὲ
809 4079 1181 4151 καταφρονῶν,
1267 4077 1453 4132 ἑαυτὸν
1529 4078 1874 4154 ἐπιτιμηθεὶς

222 4157 512 4228 αἰτιάσθω,
565 4157 612 4212 εἰ
663 4160 740 4231 μή
790 4180 892 4215 τινι
942 4161 1230 4237 ἀνωμαλίᾳ
1287 4167 1322 4236 ἢ
1381 4170 1478 4222 τοῦ
1537 4171 1793 4241 σώματος
1838 4172 1874 4242 ἢ

221 4251 324 4301 τῶν
357 4247 708 4323 πρηγμάτων
731 4246 1110 4322 ἐμποδισθείη.

292 4336 396 4391 Καὶ
449 4337 480 4390 ὁ
545 4337 609 4390 ιθ’
652 4343 754 4407 τῆς
815 4336 866 4392 ἐν
924 4341 1234 4416 Καρθαγὲνῃ
1293 4341 1516 4400 σύνοδον
1569 4352 1687 4409 τοῖς
1753 4347 1876 4404 ἐπι-

223 4424 453 4486 σκόποις
512 4427 632 4479 κατ’
675 4422 915 4482 ἐνιαυτὸν
973 4427 1292 4502 ἐπισκήπτει
1345 4438 1521 4488 ποιεῖν
1556 4453 1570 4466 ⁸
1627 4435 1873 4508 ἀλλάδή

219 4513 311 4566 καὶ
355 4513 386 4566 ὁ
434 4513 542 4588 ογ’,
597 4513 660 4566 ’ὀν
712 4515 798 4569 καὶ
860 4517 1009 4586 ζήτει
1057 4515 1110 4572 ἓν
1159 4524 1239 4593 τῷ
1286 4523 1327 4589 ζ’
1364 4522 1647 4598 κεφαλαίῳ
1693 4529 1789 4580 106
1826 4532 1876 4582 Η

222 4601 540 4679 στοιχείου.

294 4690 529 4754 Τούτοις
586 4687 646 4746 δί
699 4694 790 4747 καὶ
838 4693 868 4748 ὁ
925 4698 1000 4757 ος’
1067 4695 1478 4776 ἐπιψηφίζεται,
1542 4700 1638 4764 τάς
1713 4701 1878 4768 αὐτάς

221 4785 341 4841 τοῖς
398 4779 619 4853 ῥηθεῖσι
677 4782 891 4838 κανόσιν
947 4783 1120 4847 αἰτίας
1174 4786 1402 4860 ἐπεξιών
1458 4807 1474 4822 ⁸
1531 4788 1623 4845 τὰν
1683 4789 1741 4847 δὲ
1801 4795 1878 4867 μὴ

223 4869 557 4942 πειθόμενον
613 4875 715 4942 τῆς
772 4873 867 4946 μὲν
923 4878 1029 4929 τῶν
1075 4873 1263 4934 ἄλλων
1305 4879 1627 4955 ἀφίστασθαι
1683 4902 1879 4937 κοινω-

223 4958 346 5020 νίας
405 4957 645 5031 κελεύει,
694 4959 838 5036 μόνῃ
889 4958 948 5017 δὲ
1001 4967 1070 5038 τῇ
1139 4973 1240 5036 τῆς
1325 4965 1467 5031 ἰδίας
1549 4969 1880 5044 Ἐκκλησίας

223 5047 533 5120 ἀρκεῖσθαι.

293 5135 476 5191 Ἀλλά
541 5141 622 5210 τῷ
679 5138 760 5215 ιζ’
815 5137 1003 5194 κανόνι
1063 5141 1124 5196 οὗ
1177 5148 1287 5199 τῶν
1362 5146 1669 5220 ἀναγκαίων
1744 5149 1882 5204 εἶναι

225 5221 402 5296 δοκεῖ,
453 5227 574 5281 κατ’
625 5227 873 5284 ἐνιαυτὸν
915 5228 1137 5286 σύνοδον
1193 5233 1432 5307 γίοεσθαι
1497 5241 1606 5292 τῶν
1673 5237 1882 5293 ἐπισκό-

225 5334 344 5368 πων
376 5313 455 5377 εἷς
498 5315 856 5392 Καρχηδόνα,
885 5315 979 5372 ’ίνα
1039 5320 1114 5393 μὴ
1166 5319 1559 5400 συντρίϐωνται
1617 5327 1675 5381 οἱ
1719 5323 1884 5382 ἀδελ-

227 5404 340 5478 φοί.
394 5405 556 5462 Ἀλλ’
611 5407 659 5462 εἰ
721 5408 816 5478 μὲν
866 5407 1036 5463 αἰτίαι
1115 5413 1285 5466 κνιναὶ
1359 5414 1686 5490 ἀνακύψαιεν
1756 5416 1882 5490 περὶ

227 5491 522 5571 δογμάτων
572 5497 772 5573 τυχὸν,
822 5499 1110 5573 γράμμασι
1155 5498 1437 5558 καλεῖσθαι
1478 5505 1606 5566 τοὺς
1655 5503 1880 5561 ἐπισκό-

227 5607 384 5656 πους,
441 5587 530 5642 καί
585 5596 777 5660 κοινῆς
833 5589 1124 5665 γινομένης
1202 5590 1450 5666 συνόδου,
1537 5595 1758 5652 λύεσθαι
1815 5598 1878 5654 τὸ

230 5669 542 5755 ἀμφίϐολον
574 5701 588 5713 ·
651 5678 702 5734 εἰ
765 5675 826 5733 δὲ
879 5675 1046 5762 ἷ-δικαί
1106 5678 1230 5751 εἶεν,
1281 5681 1335 5738 ἐν
1393 5681 1630 5762 ἐπαρχίᾳ
1678 5687 1876 5762 ἑκάστῃ

230 5765 330 5838 τήν
360 5762 518 5824 λύσιν
546 5767 718 5836 αὐτὰς
750 5759 1078 5844 λαμϐάνειν.

1263 379 1688 441 SYNTAGMA
1729 377 2344 440 ALPHABETICUM.
2411 414 2470 424 —
2515 388 2580 439 Σ.

1115 512 1215 581 τήν
1270 508 1326 565 δὲ
1383 511 1590 586 ἑτέραν,
1648 507 1748 564 οὒκ
1802 509 1855 564 ἐν

1990 513 2157 567 rocari
2188 513 2370 578 jubet,
2423 514 2664 568 alterum
2707 530 2957 572 veronon
3012 517 3068 571 in
3136 518 3488 576 Pentecoste.
3521 524 3621 578 sed

3503 389 3620 449 130

1973 606 2107 656 ante
2164 603 2675 672 Quadragesimam
2735 605 3061 674 celebrari;
3123 615 3188 664 ut
3221 611 3407 679 posita
3467 625 3631 679 omni

1973 691 2212 747 acritate
2241 707 2308 748 ac
2339 692 2718 750 illiberalitate
2757 695 2960 763 animi,
2995 698 3124 768 puri
3184 699 3290 770 ipsi
3323 705 3529 758 natura
3557 718 3628 758 ex

1974 784 2179 852 suapte
2212 797 2354 854 puro
2378 782 2586 852 jejunii
2620 783 2838 838 donum
2879 786 3146 843 oﬂ‘erant.

2043 1044 2240 1100 Canon
2264 1046 2460 1100 autem
2496 1044 2560 1099 l9
2603 1045 2810 1117 synodi
2852 1051 3072 1118 quartae
3117 1063 3349 1119 aequum
3382 1050 3636 1108 bonum-

1973 1149 2092 1205 que
2132 1133 2381 1203 judicat,
2444 1138 2508 1188 ut
2563 1135 2817 1206 episcopi
2878 1135 2969 1190 bis
3021 1139 3334 1207 quotannis
3384 1140 3629 1197 concilia

1970 1222 2280 1289 celebrent,
2341 1222 2464 1288 ubi,
2523 1222 2572 1276 si
2641 1223 2946 1294 provincia
3023 1227 3466 1298 metropolitano
3545 1230 3629 1284 ita

1970 1311 2272 1382 placuerit,
2327 1312 2398 1366 de
2431 1313 2605 1368 rebus
2665 1315 3074 1371 ecclesiasticis
3106 1319 3490 1375 reformandis
3519 1321 3628 1376 de-

1971 1409 2208 1456 cernant
2265 1400 2604 1472 :episcOpos
2639 1409 2854 1471 autem,
2887 1403 2988 1474 qui
3029 1421 3162 1460 cum
3209 1423 3447 1479 corpore
3477 1409 3629 1466 bene

1972 1489 2217 1558 Valeant,
2249 1499 2303 1546 et
2359 1492 2416 1544 in
2451 1491 2695 1546 urbibus
2725 1494 2850 1548 suis
2908 1501 3232 1561 versentur,
3275 1513 3464 1569 neque
3505 1498 3626 1556 ulla

1973 1580 2089 1635 alia
2128 1595 2301 1636 causa
2338 1580 2640 1652 impediat,
2699 1599 2816 1637 non
2865 1585 3216 1640 conveniunt
3246 1590 3470 1658 tamen,
3504 1590 3624 1645 fra-

1971 1673 2140 1724 terno
2173 1684 2331 1724 more
2377 1669 2684 1739 increpari.

2043 1757 2187 1812 Dein
2218 1773 2400 1812 canon
2423 1765 2620 1812 sextus
2651 1758 2855 1827 sydoni
2912 1766 3088 1816 sextae
3147 1762 3299 1819 hunc
3343 1765 3622 1824 verbatim

1975 1843 2203 1911 repetit,
2252 1842 2442 1897 sancit
2491 1850 2682 1898 autem
2715 1845 2896 1900 semel
2926 1847 3162 1917 quidem
3197 1850 3254 1904 in
3296 1868 3472 1920 anno,
3507 1870 3624 1909 non

1975 1932 2062 1986 bis
2109 1931 2421 1988 concilium
2473 1932 2689 2000 haberi,
2723 1945 2896 2005 atque
2949 1941 3178 2008 tempus
3211 1943 3559 2011 praescribit,
3593 1960 3628 1999 a

1975 2020 2254 2076 Paschate
2286 2027 2415 2090 puta
2439 2038 2625 2092 usque
2647 2027 2714 2076 ad
2748 2023 3051 2081 Octobrem
3079 2027 3456 2100 completum,
3487 2049 3624 2088 cum

1975 2113 2210 2181 propter
2253 2109 2634 2165 barbarorum
2685 2112 2981 2183 incursus,
3015 2121 3140 2170 tum
3201 2135 3408 2173 causas
3456 2122 3624 2188 alias,

1973 2215 2096 2268 qua
2129 2198 2442 2268 obtingunt
2476 2208 2530 2252 et
2582 2201 2916 2271 frequentes
2966 2203 3466 2276 peregrinationes
3497 2211 3623 2280 epi-

1973 2287 2161 2356 scopis
2192 2285 2569 2357 permolestas
2607 2289 2874 2344 reddunt.

2048 2378 2214 2430 Hunc
2260 2391 2544 2431 canonem
2595 2377 2900 2434 conﬁrmat
2939 2381 3113 2436 etiam
3167 2388 3365 2438 sextus
3421 2384 3633 2457 synodi

1975 2463 2260 2535 septimas,
2293 2469 2465 2534 atque
2503 2468 2908 2536 magistratum
2944 2474 3434 2528 excommunicari
3485 2474 3628 2542 vult,

1976 2555 2076 2623 qui
2106 2551 2512 2624 episcoporum
2543 2556 2616 2608 ad
2647 2557 2934 2626 synodum
2959 2561 3387 2626 properantium
3419 2580 3626 2634 quem-

1977 2642 2132 2714 piam
2164 2642 2489 2714 impediens
2540 2645 3030 2714 deprebendatnr.
3062 2651 3203 2705 Cum
3237 2657 3429 2708 autem
3480 2671 3624 2710 con-

1976 2733 2188 2802 gregati
2223 2733 2457 2797 fuerint,
2492 2733 2799 2804 praecipua,
2833 2736 3044 2807 inquit,
3101 2755 3241 2794 cura
3265 2746 3391 2797 esto
3423 2743 3626 2798 subdi-

1978 2824 2070 2876 tos
2101 2837 2237 2875 suos
2294 2837 2665 2894 summopere
2714 2823 2918 2880 docere
2965 2836 3252 2900 prmccpta
3297 2831 3630 2902 evangelica

1979 2919 2038 2968 et
2064 2912 2361 2968 canonica.
2411 2913 2511 2969 Sin
2563 2931 2694 2971 vero
2737 2917 3105 2990 mctropolita
3136 2922 3493 2992 jumentum,
3543 2923 3629 2980 vel

1979 3017 2101 3058 rem
2135 3004 2401 3072 quamvis
2429 3003 2629 3072 aliam,
2671 3021 2800 3076 quae
2839 3008 2910 3062 ad
2942 3007 3248 3081 episcopos
3273 3012 3632 3070 conﬂuentes

1981 3091 2284 3162 pertineat,
2345 3091 2455 3148 sibi
2517 3093 2788 3163 vindicet,
2855 3101 2911 3151 et
2975 3098 3376 3170 convincatur,
3432 3101 3632 3157 reddet

1980 3179 2391 3250 quadruplum.

2059 3267 2179 3323 lmo
2222 3274 2279 3323 et
2345 3270 2414 3324 40
2477 3287 2663 3327 canon
2724 3273 2952 3328 concilii
3021 3274 3326 3330 Laudiceni
3384 3276 3626 3332 sollicite

1980 3357 2298 3413 admodum
2323 3359 2516 3429 jubet,
2550 3369 2609 3415 ut
2651 3363 2708 3416 in
2757 3362 3012 3433 qualibet
3048 3364 3336 3434 provincia
3366 3369 3626 3436 synodus

1979 3447 2292 3517 quotannis
2340 3454 2702 3505 convocetur.
2754 3451 3023 3523 Adeoque
3070 3453 3392 3525 episcopos,
3425 3455 3524 3526 qui
3556 3458 3625 3511 ad

1979 3550 2107 3591 eam
2139 3536 2417 3606 citantur,
2451 3538 2602 3594 haud
2657 3540 2999 3609 detrectare,
3031 3543 3132 3597 sed
3175 3543 3436 3614 protinus
3468 3545 3631 3601 adire

1971 3625 2164 3694 jubet,
2195 3629 2367 3697 atque
2397 3627 2776 3698 sapientiores
2790 3630 2837 3684 si
2863 3632 2999 3696 sint,
3023 3631 3368 3704 docereque
3389 3642 3627 3704 norunt,

1980 3711 2069 3768 vel
2116 3713 2496 3784 simpliciores
2545 3733 2609 3771 ea
2661 3717 2981 3784 addiscere,
3029 3735 3160 3788 quze
3210 3723 3497 3776 nesciunt.
3542 3725 3623 3778 Ita

1980 3800 2136 3856 enim
2197 3800 2283 3866 fit,
2336 3807 2400 3856 ut
2441 3802 2785 3860 reformatur
2838 3805 3108 3874 Ecclesia,
3167 3812 3225 3862 et
3271 3806 3421 3863 circa
3470 3815 3624 3865 recta

1983 3891 2253 3961 dugnata
2309 3891 2463 3958 fidei,
2495 3900 2546 3947 et
2598 3895 2872 3949 mandata
2909 3895 3039 3949 vitea
3097 3895 3240 3952 bene
3295 3897 3624 3954 ordinanda:

1983 3977 2378 4043 inservientia,
2403 3979 2710 4051 {profectus
2743 3983 2935 4037 faciat.
2967 3984 3075 4049 Qui
3111 4000 3242 4040 vero
3273 3993 3636 4058 contempse-

1985 4067 2080 4134 rit,
2103 4070 2252 4139 quod
2279 4069 2757 4140 reprehendatur,
2792 4073 3052 4144 seipsum
3086 4073 3296 4144 culpet,
3333 4077 3445 4131 nisi
3477 4078 3629 4133 forte

1985 4155 2182 4228 aliquo
2216 4159 2568 4226 discrimine,
2622 4161 2778 4232 quod
2821 4163 2892 4216 ad
2943 4177 3154 4234 corpus
3197 4164 3280 4218 vel
3333 4165 3634 4222 facultates

1984 4252 2222 4315 spectet,
2267 4249 2637 4319 impediatur.

2057 4337 2202 4393 2³1
2297 4337 2542 4410 Insuper
2596 4357 2779 4396 canon
2854 4341 2919 4395 19
2974 4359 3102 4412 syn.
3155 4343 3631 4416 Carthaginensis

1985 4427 2289 4498 episcopos
2347 4433 2541 4484 monet
2574 4429 2886 4486 concilium
2936 4431 3245 4502 quotannis
3282 4434 3514 4490 habere.
3548 4434 3632 4490 Ita

1985 4521 2042 4570 et
2070 4533 2254 4572 canon
2286 4518 2376 4586 73,
2408 4534 2574 4590 quem
2615 4519 2741 4575 vide
2783 4519 2838 4574 in
2871 4536 2997 4592 cap.
3029 4521 3062 4573 7
3095 4519 3180 4575 lit.
3205 4521 3272 4576 li.

2058 4697 2200 4754 Cum
2273 4698 2402 4755 istis
2458 4701 2750 4756 consentit
2801 4709 2854 4756 et
2910 4717 3095 4759 canon
3155 4704 3228 4757 76
3293 4705 3636 4776 easdemque

1991 4787 2243 4844 rationes
2297 4789 2509 4858 pariter
2564 4790 2749 4845 affert.
2785 4789 2954 4846 Illum
2997 4797 3188 4847 tamen
3237 4794 3338 4865 qui
3399 4809 3638 4850 recusa-

1987 4876 2156 4944 verit,
2186 4883 2526 4934 caeterorum
2559 4879 2964 4952 episcoporum
3011 4884 3421 4940 communione
3452 4884 3600 4939 absti
3623 4913 3638 4924 -

1991 4982 2126 5022 nere
2148 4967 2335 5038 jubet,
2367 4967 2634 5025 Ecclesiae
2664 4985 2786 5025 suae
2825 4969 2948 5026 sola
2993 4976 3346 5029 contentum.

2062 5149 2134 5200 At
2171 5161 2302 5201 vero
2359 5146 2568 5202 canoni
2611 5147 2680 5200 97
2726 5148 2882 5204 haud
2944 5151 3337 5206 necessarium
3388 5153 3636 5218 videtur,

1992 5238 2304 5308 quotannis
2346 5237 2660 5292 concilium
2707 5238 3051 5308 Carthagine
3081 5241 3472 5310 celebrari,ue
3502 5245 3637 5297 fati-

1992 5331 2199 5395 gentur
2233 5327 2458 5380 fratres.
2493 5326 2604 5379 Sed
2655 5326 3119 5398 quotiescunque
3147 5344 3338 5384 causa
3369 5345 3634 5384 commu-

1993 5429 2094 5469 nes
2125 5412 2489 5484 contingant,
2520 5414 2590 5468 de
2648 5415 2941 5482 dogmatis
2983 5425 3137 5484 puta,
3185 5415 3394 5472 litteris
3419 5433 3631 5472 convo-

1993 5502 2112 5558 cari
2141 5501 2462 5573 episcOpos,
2487 5513 2542 5556 et
2568 5502 2784 5572 synodo
2823 5503 3118 5558 communi
3139 5505 3357 5569 habita,
3389 5506 3631 5561 dubium

1987 5591 2152 5646 solvi.
2192 5590 2292 5646 Sin
2341 5607 2474 5646 vero
2521 5589 2747 5660 privatas
2805 5605 2995 5644 causae
3058 5593 3288 5661 fuerint,
3348 5594 3507 5664 ipsas
3553 5595 3631 5648 in-

1987 5679 2224 5752 propria
2254 5679 2550 5750 provincia
2590 5677 2991 5735 determinari.
