4098 6332
508 383 615 444 131

1264 524 1398 574 Lex.

575 607 889 664 Justiniani
939 606 1160 663 novella
1211 609 1311 662 137
1370 608 1549 664 semel
1598 613 1699 665 aut
1746 609 1833 666 bis
1869 610 1927 666 in
1969 629 2144 682 anno,

501 714 699 756 mense
766 697 1038 754 nimirum
1103 697 1279 754 Junio
1341 707 1438 755 aut
1496 699 1834 770 Septembri,
1893 700 2146 770 synodos

501 787 785 845 celebrari
853 787 1039 858 jubet,
1127 789 1631 861 metropolitarum
1692 790 1927 862 quidem
1987 791 2143 862 apud

501 877 864 949 patriarchas
919 883 976 934 et
1031 879 1434 950 episcoporum
1520 882 1670 954 apud
1728 880 2144 952 metropolitas,

500 983 825 1039 causasque
857 968 1198 1037 examinari,
1230 985 1379 1039 quas
1435 969 1688 1040 episcopi
1747 975 1805 1025 et
1860 970 2054 1026 clerici
2091 979 2146 1025 et

500 1057 776 1113 monachi
806 1058 1053 1113 invicem
1086 1059 1378 1114 sustinent
1408 1058 1560 1114 circa
1590 1059 1762 1114 fidem
1810 1064 1868 1115 et
1893 1075 2144 1115 canones

497 1155 552 1202 et
609 1163 697 1202 res
756 1146 1196 1215 ecclesiasticas,
1272 1153 1328 1203 et
1376 1164 1503 1218 quae
1554 1149 1702 1204 facta
1748 1154 1888 1204 sunt
1943 1153 2147 1204 contra

497 1252 750 1293 canones
788 1237 1038 1308 corrigi;
1072 1238 1452 1309 magistratus
1472 1253 1606 1293 vero
1657 1237 1756 1307 qui
1790 1254 1903 1294 non
1928 1243 2147 1310 cogunt

494 1326 912 1398 metrOpolitas,
944 1332 1001 1382 et
1029 1328 1332 1398 episcopos
1364 1343 1553 1384 moras
1591 1328 1885 1383 trahentes
1925 1332 2146 1382 statuta

494 1415 736 1470 concilia
801 1415 1113 1483 celebrare,
1168 1421 1268 1471 aut
1334 1432 1450 1470 non
1522 1416 1740 1470 idicant
1806 1416 2146 1487 imperatori

493 1505 917 1572 inobedientes,
959 1504 1232 1561 extremis
1273 1504 1574 1575 suppliciis
1623 1504 1852 1574 subjici.
1895 1507 1964 1558 At
2011 1520 2142 1558 vero

491 1593 612 1648 haec
643 1609 768 1665 qua:
817 1595 888 1648 ad
941 1593 1189 1650 concilia
1237 1593 1590 1650 celebranda
1625 1593 1916 1665 pertinent
1974 1592 2144 1648 hodie

490 1698 727 1754 prorsus
774 1682 1164 1755 negliguntur.

633 1883 787 1939 CAP.
819 1883 890 1938 Χ.
922 1883 1006 1938 De
1037 1881 1240 1939 litteris
1269 1881 1744 1939 commendatitiis.

560 1995 765 2058 Quaere
796 1997 970 2064 caput
998 1994 1033 2045 9
1053 1991 1164 2048 litt.
1198 1997 1266 2046 A.

485 2100 650 2157 CAP.
683 2103 783 2157 XI.
819 2103 892 2156 De
933 2103 1000 2155 iis
1041 2100 1138 2172 qui
1176 2102 1580 2168 conjuraliones
1621 2111 1674 2155 et
1741 2099 2133 2170 fraternitates,

941 2180 1039 2228 aut
1095 2172 1386 2228 seditiones
1441 2177 1679 2228 struunt.

559 2282 758 2337 Canon
809 2283 876 2336 18
935 2282 1137 2353 synodi
1188 2285 1431 2351 quartae,
1483 2283 1633 2336 6134
1687 2285 1889 2352 synodi
1938 2290 2134 2353 sextis,

491 2370 762 2441 Legibus,
822 2371 1032 2442 inquit,
1081 2371 1374 2437 civilibus,
1453 2386 1703 2441 quarum
1758 2372 2047 2443 pleraeque
2103 2391 2138 2428 a

490 2461 852 2531 sapientibus
906 2459 1193 2514 extraneis
1247 2475 1344 2514 seu
1405 2458 1720 2530 gentilibus
1787 2458 1916 2516 late
1973 2467 2132 2527 sunt,

489 2551 710 2604 crimen
758 2549 1185 2619 conjurationis
1227 2549 1314 2603 vel
1348 2549 1728 2604 fraternitatis
1769 2550 2129 2620 prohibetur,

489 2639 674 2693 multo
707 2654 837 2694 vero
880 2639 1064 2708 magis
1107 2638 1166 2692 in
1200 2633 1454 2692 Eccles‘ia
1513 2638 1632 2693 Dei.
1668 2639 1912 2709 Quiquis
1957 2641 2135 2711 igitur

486 2729 571 2784 vel
621 2729 867 2784 clericus
927 2729 1014 2783 vel
1081 2729 1402 2782 monachus
1461 2727 1800 2798 bujusmodi
1859 2729 2132 2785 facinoris

485 2835 620 2874 reus
657 2819 1072 2890 deprehensus,
1107 2824 1208 2873 aut
1253 2819 1550 2873 convictus
1604 2819 1801 2884 fuerit,
1833 2819 2130 2889 conspira-

483 2909 671 2963 tiones
749 2907 1071 2979 coagulans
1115 2907 1306 2976 quasi,
1357 2907 1478 2962 sive
1544 2906 1794 2962 moliens
1850 2908 2131 2963 adversus

481 2997 786 3066 episcopos
814 3001 914 3051 aut
961 2995 1220 3061 clericos,
1254 2995 1433 3065 gradu
1482 3011 1588 3050 suo
1637 2995 1883 3050 excidat.
1915 2997 2128 3066 Conju-

479 3084 622 3139 ratio
667 3088 862 3139 autem
901 3087 992 3139 esi.
1035 3083 1084 3138 si
1116 3084 1298 3154 aliqui
1332 3088 1534 3139 contra
1561 3083 1786 3154 aliquos
1817 3085 2126 3140 consilium

479 3175 702 3242 ineunt,
736 3179 792 3228 et
810 3190 871 3228 se
892 3172 1139 3229 invicem
1171 3173 1521 3243 juramentis
1556 3173 1815 3241 obligant
1847 3191 1879 3229 a
1917 3191 2126 3246 propo-

1782 387 1833 445 Μ
1841 388 2150 449 ΑΤΤΗιΈΙ
2199 390 2492 456 BLASTA
2507 393 2628 454 RIS

2177 524 2230 589 Α

2165 1887 2212 1954 Β

3775 414 3881 472 132

2957 533 3199 604 Νόμος.

2321 613 2387 666 Ἠ
2433 610 2489 667 δὲ
2533 614 2654 688 ρλζ¹
2705 619 3138 682 Ἰουστινιάνειος
3181 626 3342 697 νεαρὰ
3404 629 3540 698 ἅπαξ
3591 631 3624 699 ἢ
3675 627 3752 693 δὶς
3796 636 3883 685 τοῦ

2252 697 2404 795 ἔτους
2447 705 2788 795 Ἰουνίῳ
2845 710 2878 776 ἤ
2927 708 3006 782 τῷ
3064 711 3426 789 Σεπτεμϐρίῳ
3475 697 3728 782 συνόδους
3757 720 3886 795 γίνε-

2251 793 2373 844 σθαι
2439 792 2692 866 βούλεται
2742 800 2849 851 τῶν
2914 801 3336 874 μητροπολιτῶν
3396 807 3541 881 παρὰ
3604 814 3719 871 τοῖς
3771 792 3855 865 ’πα

2248 879 2542 954 τριάρχαις
2590 883 2680 938 καὶ
2727 889 2834 939 τῶν
2896 886 3204 946 ἐπισκόπων
3248 895 3392 968 παρᾶ
3438 901 3555 958 τοῖς
3614 919 3887 973 μητροπο-

2251 965 2450 1032 λίταις,
2511 972 2600 1026 καὶ
2657 971 2987 1044 ἐξετάζεσθαι
3045 979 3140 1042 τὰς
3194 965 3395 1054 αἰτίας,
3467 985 3528 1047 ἃς
3585 965 3635 1040 ol.
3679 965 3886 1043 ἐπίσκο-

2249 1078 2344 1149 ποι
2375 1059 2465 1112 καὶ
2498 1061 2550 1114 οἱ
2591 1061 2851 1136 κληρικοὶ
2890 1067 2980 1120 καὶ
3031 1069 3081 1122 οἱ
3127 1073 3362 1145 μοναχοὶ
3419 1075 3555 1149 πρὸς
3613 1075 3888 1147 ἀλλήλους

2250 1145 2440 1222 ἔχουσι
2472 1149 2596 1224 περί
2642 1171 2702 1206 τε
2757 1152 3011 1218 πίστεως,
3065 1159 3155 1212 καὶ
3211 1145 3473 1235 κανόνων,
3515 1165 3605 1219 καὶ
3652 1145 3886 1242 πραγμά-

2250 1259 2360 1293 των
2420 1239 2911 1314 ἐκκλησιαστικῶν,
2971 1248 3061 1302 καὶ
3125 1252 3190 1304 τὰ
3265 1255 3410 1319 παρὰ
3474 1258 3601 1318 τοὺς
3675 1239 3887 1319 κανόνας

2251 1329 2673 1403 ἁμαρτανόμενα
2731 1331 3078 1410 διορθοῦσθαι
3112 1357 3125 1371 ·
3186 1342 3313 1404 τοὺς
3369 1341 3426 1398 δὲ
3495 1343 3760 1419 ἄρχοντας
3813 1351 3882 1420 μὴ

2249 1415 2656 1492 ἐπιτιθεμένους
2701 1429 2820 1486 τοῖς
2878 1429 3318 1503 μητροπολίταις
3360 1434 3452 1487 καὶ
3504 1441 3621 1496 τοῖς
3670 1434 3886 1490 ἐπισκό-

2248 1528 2395 1577 ποις,
2491 1509 2929 1586 ὑπερτιθεμὲνοις
3020 1519 3116 1580 τὰς
3220 1522 3540 1595 τεταγμένας
3643 1522 3888 1587 συνόδους

2248 1602 2444 1664 ποιεῖν,
2503 1599 2537 1668 ἦ
2597 1602 2723 1664 τοὺς
2793 1605 2868 1676 μὴ
2923 1607 3280 1680 πειθομένους
3339 1612 3401 1666 οὐ
3465 1615 3763 1687 μηνύοντας
3814 1619 3887 1686 τῷ

2251 1686 2469 1760 βασιλεῖ
2529 1691 2777 1765 εσχάτως
2833 1699 3211 1769 τιμωρεῖσθαι.
3247 1699 3424 1757 Ἀλλὰ
3470 1686 3551 1757 τὸ
3606 1709 3714 1758 τῶν
3771 1725 3886 1760 συν-

2249 1775 2389 1833 όδων
2416 1779 2624 1835 τούτων
2647 1784 2818 1852 πάντη
2852 1786 2916 1839 τὸ
2945 1790 3037 1840 νῦν
3068 1786 3196 1863 ἔχον
3229 1793 3726 1868 καταπεφρόνηται.

2331 1889 2584 1942 ΚΕΦΑΛ.
2620 1889 2676 1943 1’.
2712 1891 2871 1965 Περὶ
2903 1900 3326 1950 συστατικῶν
3359 1901 3803 1974 γραμμάτων.

2319 1995 2478 2062 Ζήτει
2510 1994 2571 2048 τὸ
2602 1996 2645 2048 θ’
2675 1999 2970 2074 κεφάλαιον
2998 2005 3094 2054 τοῦ
3125 2009 3167 2058 Α
3202 2007 3499 2079 στοιχείου.

2250 2107 2500 2158 ΚΕΦΔᾹ.
2535 2105 2634 2158 ΙΑ’.
2673 2106 2826 2200 Ιξκερὶ
2859 2112 3000 2195 ντῶν
3034 2114 3488 2203 συνωμοσίας,
3589 2121 3885 2193 φατρίας,

2697 2199 2723 2246 η
2759 2199 3021 2242 στασεις
3046 2199 3444 2248 ποιούντων,

2315 2287 2367 2334 Ὁ
2411 2285 2481 2350 ιη’
2513 2288 2610 2350 τῆς
2646 2279 2685 2334 δ’
2721 2283 2948 2338 συνόδου
2978 2289 3180 2359 κανὼν,
3210 2293 3298 2345 καὶ
3341 2293 3368 2346 ὁ
3416 2293 3500 2348 λδ¹
3552 2303 3652 2364 τῆς
3701 2299 3742 2358 ς’
3797 2319 3886 2350 συ·-

2243 2366 2427 2438 νόδου,
2488 2373 2573 2424 Ἐν
2631 2378 2746 2432 τοῖς
2805 2375 3137 2448 πολιτικοῖς,
3192 2383 3341 2457 φασὶ,
3412 2386 3624 2456 νόμοις,
3691 2389 3766 2442 ὧν
3837 2387 3885 2441 οἱ

2245 2457 2466 2519 πλείους
2517 2461 2651 2533 πρὸς
2709 2467 2815 2516 τῶν
2871 2459 2971 2536 ἔξω
3020 2473 3201 2544 σοφῶν
3263 2473 3632 2544 συνετέθησαν,
3677 2477 3738 2530 τὸ
3792 2482 3884 2543 τῆς

2246 2549 2586 2620 συνωμοσίας
2637 2550 2672 2618 ἢ
2728 2555 2957 2626 φατρίας
3015 2557 3299 2632 ἀπείρηται
3355 2560 3645 2636 τόλμημα,
3690 2565 3885 2635 πολλῷ

2242 2659 2301 2711 γε
2333 2635 2512 2708 δήπου
2542 2642 2609 2712 τῇ
2640 2644 2736 2693 τοῦ
2769 2646 2902 2696 Θεοῦ
2947 2645 3265 2720 Ἐκκλησία.
3316 2653 3496 2713 Ὅστις
3545 2654 3730 2708 τοίνυν
3781 2662 3882 2710 τῶν

2245 2728 2580 2796 μοναζόντων
2623 2729 2656 2796 ἢ
2705 2727 2986 2805 κληρικῶν
3031 2737 3266 2808 τοιούτῳ
3331 2738 3494 2811 ἁλοίη
3561 2741 3882 2818 ἐγκλήματι,

2241 2817 2276 2884 ἢ
2352 2817 2610 2878 συσκευας
2687 2818 2974 2894 ἐλεγχθείη
3043 2825 3306 2898 τυρεύων,
3374 2827 3496 2898 ἤτοι
3573 2817 3884 2904 τεκταίνων,

2244 2904 2562 2968 ἐπισκόποις
2609 2907 2644 2976 ἢ
2694 2906 3005 2982 κληρικοῖς,
3036 2918 3134 2967 τοῦ
3186 2915 3388 2972 οἰκείου
3429 2918 3736 2977 ἐκπιπτέτω
3770 2926 3887 2998 βαθ-

2247 2999 2370 3065 μοῦ,
2405 2996 2732 3069 Συνωμοσία
2773 2995 2828 3052 δέ
2876 2999 2984 3055 ἐστι
3029 3004 3091 3056 τό
3141 3025 3294 3066 τινας
3343 3011 3480 3063 κατά
3533 3031 3696 3066 τινων
3759 2995 3886 3088 βου-

2239 3080 2672 3176 λεύσασθαι,ᾼκαί
2706 3083 2991 3176 ἀλλήλους
3024 3091 3210 3165 ὅρκοις
3239 3092 3523 3166 συνδῆσαι,
3555 3099 3589 3168 ἦ
3649 3080 3768 3172 μὴν.
3811 3103 3881 3176 μή

2239 3171 2634 3242 ἀποστήσεσθαι
2666 3178 2762 3228 τοῦ
2798 3175 3200 3252 βουλεύματος,
3236 3184 3433 3258 μέχρις
3465 3184 3524 3240 ἂν
3573 3171 3741 3246 τοῦτο
3795 3171 3878 3245 τε·

478 3263 593 3350 sito
640 3279 780 3350 non_
813 3263 1120 3350 desistere,
1153 3263 1495 3350 usquedum
1551 3263 1622 3350 ad
1654 3263 1873 3318 exitum
1908 3265 2119 3333 perdu-

2242 3257 2450 3350 λεσθείη
2486 3279 2500 3291 ·
2534 3259 2609 3326 ὥς
2637 3285 2742 3318 που
2783 3265 2871 3320 καὶ
2906 3267 2956 3322 ἐν
2987 3276 3106 3332 ταῖς
3159 3257 3382 3346 Πράξεσι
3413 3280 3492 3347 τῷ
3523 3279 3656 3350 θείῳ
3710 3284 3881 3350 Λουκᾷ

475 3343 684 3409 xerint,
737 3342 905 3398 sicuti
952 3342 1164 3398 alicubi
1197 3343 1256 3396 in
1308 3343 1555 3397 Actibus
1586 3343 1648 3398 B.
1685 3347 1867 3398 Lucas
1901 3360 2122 3399 memo—

476 3437 586 3487 rat.
639 3431 918 3488 Videlicet
965 3432 1298 3486 Judzeorum
1364 3431 1630 3487 nonnulli
1693 3433 2122 3504 conspiratione

474 3523 642 3588 facta,
699 3538 808 3576 sua
865 3521 1054 3592 capita
1094 3523 1468 3587 devoverant,
1528 3538 1590 3576 se
1657 3537 1844 3591 neque
1923 3523 2120 3577 cibum

474 3627 660 3682 neque
693 3620 890 3682 potum
941 3620 1307 3680 sumpturos,
1359 3611 1540 3666 donec
1599 3610 1839 3667 Paulum
1877 3611 2120 3668 interfe-

470 3701 703 3756 cissent.
738 3700 1097 3756 Fraternitas
1128 3705 1318 3755 autem
1364 3700 1594 3770 proprie
1623 3709 1712 3755 est
1740 3706 2119 3771 cognatorum

469 3798 566 3844 aut
587 3790 698 3844 alio
732 3791 904 3844 modo
935 3790 1385 3858 conjunctorum
1429 3805 1761 3860 compages.
1790 3789 1892 3844 Hic
1922 3797 2118 3845 autem

469 3880 872 3950 malignatium
923 3879 1119 3933 innuit
1179 3878 1669 3945 conventiculum,
1729 3886 1786 3932 et
1842 3881 1912 3934 ad
1972 3880 2118 3934 faci-

468 3985 612 4024 nora
660 3969 1049 4040 perpetranda
1114 3968 1581 4023 consensionem.
1632 3968 1949 4039 Coagulare
1987 3985 2118 4025 vero

453 4057 584 4114 sive
638 4055 881 4129 τορεύειν
923 4067 1009 4112 est
1058 4074 1330 4129 perversa
1388 4063 1446 4111 et
1505 4058 1769 4127 improba
1831 4061 2026 4112 stuere
2064 4063 2121 4112 et

465 4146 680 4203 moliri.
716 4146 806 4201 Uti
840 4147 896 4201 in
927 4146 1027 4202 illo
1057 4146 1203 4214 loco,
1247 4146 1610 4217 Coagulatum
1649 4151 1736 4202 est
1765 4163 1863 4201 cor
1893 4162 2116 4213 eorum,

468 4252 595 4308 pro,
639 4235 913 4292 induruit.

1109 4345 1262 4402 232
1295 4346 1478 4416 Leges.

534 4453 644 4516 Qui
698 4451 1126 4522 coniurationis
1189 4452 1472 4507 adversus
1541 4451 1957 4524 rempublicam
2019 4469 2120 4508 au-

461 4551 585 4598 ctor
638 4541 944 4609 exstiterit,
991 4546 1088 4595 aut
1149 4541 1358 4596 castris
1407 4541 1720 4596 insidiatus
1781 4542 1975 4613 fuerit,
2022 4553 2122 4599 aut

2232 3348 2538 3421 ἱστόρηται,
2581 3351 2669 3406 ὅτι
2716 3358 3044 3426 ποιήσαντές
3099 3381 3239 3424 τινες
3293 3369 3400 3418 τῶν
3453 3366 3734 3426 Ἰουδαίων
3786 3393 3880 3425 συ-

2232 3439 2490 3514 στροφὰς,
2535 3441 2922 3514 ἀνεθεμάτισαν
2981 3448 3227 3520 ἑαυτοὺς,
3282 3455 3422 3524 μήτε
3477 3463 3695 3532 φαγεῖν,
3750 3461 3883 3532 μήτε

2229 3532 2391 3590 πιεῖν,
2425 3523 2526 3590 ἕως
2585 3529 2646 3585 ἃν
2704 3533 3060 3592 ἀποκτείνωσι
3107 3540 3200 3594 τὸν
3263 3519 3505 3602 Παῦλουί
3567 3550 3780 3626 Φατρία
3827 3548 3880 3604 δέ

2231 3615 2342 3670 ἐστι
2392 3617 2595 3691 κυρίως
2624 3621 2686 3676 τὸ
2738 3627 2845 3677 τῶν
2899 3633 3172 3701 συγγενῶν
3205 3632 3240 3700 ἢ
3271 3637 3380 3686 τῶν
3425 3633 3611 3698 ἄλλως
3662 3615 3876 3712 ηνωμέ·

2229 3727 2332 3757 νων
2368 3705 2618 3780 σύστημα
2651 3729 2662 3742 ⁸
2717 3709 2942 3768 ἐνταῦθα
2973 3712 3029 3769 δὲ
3087 3721 3380 3783 κακοθελὲς
3437 3720 3606 3794 δηλοῖ
3656 3725 3878 3782 διαδού-

2232 3791 2378 3860 λιον,
2427 3796 2517 3849 καὶ
2561 3801 2872 3876 συμφωνίαν
2926 3809 3088 3858 τινῶν
3163 3807 3249 3861 ἐπὶ
3316 3812 3538 3883 πράξεσι
3621 3814 3874 3878 φαύλαις.

2229 3883 2481 3953 Τυρεύειν
2515 3882 2594 3952 δὲ,
2642 3889 2704 3942 τὸ
2755 3890 2970 3964 σκληρὰ
3022 3896 3110 3948 καὶ
3173 3899 3388 3972 πονηρά
3435 3907 3873 3974 κατασκευάζειν,

2229 3974 2318 4027 καὶ
2352 3980 2700 4049 μηχανασθαι
2729 3998 2741 4009 ·
2767 3981 2839 4042 ὡς
2861 3983 2942 4044 τὸ,
2968 4007 2995 4035 ιι
3025 3985 3300 4059 Ἐνυρώθη
3327 4015 3355 4040 υ
3384 3993 3417 4060 ἡ
3450 3992 3640 4066 καρδία
3674 3997 3871 4065 αὐτῶν,

2231 4062 2342 4115 ἀντὶ
2366 4069 2463 4117 τοῦ
2493 4090 2520 4117 ιι
2557 4064 2923 4140 ἐσκληρύνθη.
2953 4095 2982 4123 ››

2915 4354 3152 4428 Νόμοι.

2299 4454 2364 4508 '0
2397 4455 2737 4527 συνωμοσίαν
2789 4463 2923 4515 κατά
2969 4469 3069 4531 τῆς
3125 4463 3408 4530 πολιτείας
3448 4475 3866 4548 παρασκεμάσας

2225 4540 2495 4614 γενέσθαι,
2553 4545 2641 4598 καὶ
2699 4548 2731 4599 ἀ
2784 4544 3174 4615 ἐπιϐουλεύσας
3231 4560 3312 4627 τῷ
3388 4540 3758 4634 στρατοπέδω,
3833 4567 3868 4634 ἢ

459 4631 560 4686 illa
591 4631 742 4687 hosti
773 4630 1093 4702 prodiderit
1127 4649 1142 4697 ;
1189 4632 1356 4701 quive
1395 4630 1524 4686 dolo
1558 4630 1706 4686 male
1731 4633 2112 4703 impediverit,

2242 4635 2334 4688 ῖοῖς
2368 4630 2662 4706 πολεμίοις
2693 4637 2823 4692 αὐτὸ
2854 4638 3110 4713 προδοὺς,
3212 4645 3239 4698 ὁ
3289 4648 3425 4702 κατᾶ
3482 4646 3644 4704 δόλον
3690 4651 3870 4727 ἐμπο-

459 4722 772 4791 quominus
793 4722 988 4776 hostes
1007 4720 1066 4774 in
1090 4725 1436 4790 potestatem
1463 4721 1659 4790 populi
1685 4721 1929 4776 Romani
1954 4721 2113 4776 veni—

459 4815 607 4878 rent,
642 4821 744 4865 aut
772 4809 1057 4866 curaverit
1091 4826 1188 4863 eos
1218 4809 1481 4878 adjuvari
1521 4809 1726 4880 copiis,
1775 4809 1860 4864 vel
1909 4811 2106 4876 armis,

456 4899 543 4954 vel
576 4900 840 4970 pecunia,
863 4899 951 4954 vel
984 4898 1096 4953 alio
1141 4901 1310 4954 modo
1342 4915 1706 4970 quocunque,
1758 4898 1878 4969 lege
1928 4901 2105 4970 maje-

457 4989 625 5044 statis
655 4995 904 5045 tenetur.
967 4991 1086 5043 imo
1135 5004 1268 5042 vero
1302 4989 1530 5042 turbam
1577 4989 1863 5043 concitare
1903 4999 2106 5059 praeter

457 5076 800 5131 mandatum
826 5076 1212 5148 imperatoris,
1246 5075 1407 5146 gravi
1431 5075 1716 5146 supplicio
1748 5075 1991 5147 dignum
2015 5075 2108 5130 lex

455 5165 733 5221 decernit.
769 5168 968 5231 Quaere
990 5171 1048 5220 et
1079 5181 1202 5236 cap.
1234 5163 1300 5218 21
1334 5163 1443 5219 litt.
1472 5165 1538 5220 ll.

525 5343 964 5400 Novellaautem
1003 5344 1342 5400 constitutio
1374 5341 1732 5398 Constantini
1781 5341 2108 5414 Porphyro-

455 5439 738 5506 gennetaa,
771 5451 904 5488 cum
937 5434 1178 5489 scientia
1210 5431 1392 5487 Alexii
1424 5431 1763 5501 patriarchae
1792 5437 1847 5486 et
1873 5431 2102 5501 synodi,

453 5523 808 5578 anathemati
839 5523 1074 5593 subiicit
1117 5539 1215 5577 eos
1260 5522 1357 5591 qui
1421 5520 1825 5575 machinantur
1856 5518 2108 5575 insidias

452 5624 554 5670 aut
587 5613 904 5682 tumultus,
935 5621 1108 5684 atque
1139 5613 1314 5667 etiam
1345 5627 1444 5667 eos
1470 5611 1567 5680 qui
1601 5610 1730 5666 istis
1760 5626 1926 5682 opem
1948 5611 2111 5665 lerun

450 5712 507 5763 et
539 5705 600 5761 in
631 5704 958 5761 defectione
999 5707 1142 5760 sunt
1196 5701 1360 5770 socii,
1392 5709 1487 5758 aut
1539 5699 1656 5758 illis
1687 5701 2023 5768 consulunt,
2056 5704 2114 5755 et

2224 4717 2374 4780 δίσας
2430 4723 2534 4776 ὑπὸ
2593 4728 2905 4798 Ῥωμαίους
2951 4732 3190 4802 γενέσθαι
3247 4737 3378 4797 τοὺς
3443 4737 3774 4814 πολεμίους,
3833 4744 3867 4811 ἢ

2221 4814 2633 4902 παρασκευάσας
2683 4817 2877 4878 αύτνὺς
2927 4814 3269 4891 ϐοηζηθῆναι
3313 4825 3533 4898 πλήθει,
3577 4831 3611 4900 ἢ
3646 4831 3868 4902 ὅπλοις,

2216 4897 2251 4965 ἢ
2285 4901 2595 4972 χρήμασιν,
2637 4905 2670 4973 ἢ
2716 4903 2882 4980 ἑτέρῳ
2922 4907 3224 4980 οἱῳδησοτε
3261 4915 3470 4989 τρόπῳ,
3500 4922 3578 4989 τῷ
3607 4927 3710 4989 τῆς
3748 4925 3870 4976 καθο

2217 4989 2494 5051 οσιώσεως
2557 4992 2831 5048 ὑπόκειται
2890 4995 3221 5072 ἐγκλήματι.
3269 5003 3438 5059 Ἀλλά
3495 5007 3581 5060 καὶ
3631 5016 3694 5064 τὸ
3750 5031 3869 5066 συν-

2216 5079 2440 5173 οίγεσθιαι
2494 5079 2668 5155 ὅχλον
2726 5087 2903 5160 χωρὶς
2963 5089 3252 5162 βασιλικοῦ
3290 5092 3678 5173 ἐπιτάγματος,
3721 5101 3862 5157 πολ-

2218 5165 2320 5260 λῆις
2355 5165 2505 5260 ᾅζιον
2539 5173 2806 5245 τιμωρίας
2839 5175 3073 5249 κρίνεται
3103 5181 3238 5254 πρὸς
3286 5188 3394 5237 τῶν
3435 5165 3634 5259 νόμων.
3665 5165 3861 5260 ⁷Ζῖνςτει

2216 5253 2305 5309 καὶ
2335 5256 2395 5308 τὸ
2427 5257 2507 5310 κα¹
2536 5260 2829 5335 κεφάλαιον
2857 5269 2953 5317 τοῦ
2987 5271 3030 5321 Π
3059 5253 3360 5346 στοιχείου.

2287 5345 2350 5399 Ἢ
2384 5342 2441 5399 δὲ
2469 5349 2628 5421 νεαρά
2655 5355 2751 5404 τοῦ
2796 5352 3064 5425 βασιλέως
3124 5363 3531 5419 Κωνσταντίνου
3558 5371 3653 5421 τοῦ
3715 5375 3860 5443 Πορ-

2219 5437 2644 5509 φυρυγεννητου,
2705 5438 2908 5512 εἰδήσει
2964 5445 3054 5499 καὶ
3110 5452 3205 5501 τοῦ
3246 5453 3584 5529 πατριάρχον
3618 5437 3857 5528 Ἀλεξίοτ

2218 5521 2310 5575 καὶ
2339 5529 2438 5591 τῆς
2473 5525 2720 5598 συνόδου,
2754 5530 3047 5607 ἀναθέματι
3095 5521 3522 5596 καθυποόαλλεί
3546 5545 3670 5606 τοὺς
3722 5544 3857 5618 μέλ·

2221 5609 2412 5705 λοντας
2444 5614 2478 5683 ἢ
2513 5613 2832 5685 ἐπιϐουλαῖς
2861 5623 3173 5700 ἐπιχειρεῖν,
3197 5627 3232 5697 ἢ
3268 5629 3494 5703 μούλτῳ
3528 5652 3542 5664 ·
3593 5609 3737 5689 ἄλλα
3785 5633 3854 5705 δὴ

2220 5699 2307 5756 καὶ
2337 5701 2462 5766 τοῦς
2492 5711 2940 5783 συμπράττοντας
2989 5716 3078 5771 καί
3128 5724 3616 5796 συγκοινωνοῦντας
3654 5726 3722 5799 τῇ
3752 5725 3857 5781 αὐ-
