4098 6332
234 333 312 392 133
1247 320 1673 401 SYNTAGMA
1714 316 1906 379 ALPB

2029 314 2339 376 ETICUM.
2387 347 2462 361 —
2508 324 2573 377 Σ.
3498 321 3616 383 134

230 465 306 519 τῶν
355 459 692 532 ἀποστασίᾳ,
738 458 831 513 καὶ
879 457 1004 517 τοὺς
1044 451 1513 529 συμϐουλεύοντας
1554 452 1589 522 ἢ
1641 470 1853 527 παρορ-
1882 454 1906 520 1

2026 452 2037 504 Ι
2084 450 2377 521 ejusmodi
2430 450 2689 506 facinora
2735 450 3002 520 incitant,
3051 456 3150 508 aut
3197 453 3607 524 commilitant,

231 558 423 624 μῶντας
478 552 559 613 εἰς
618 552 687 604 τὰ
742 551 988 616 τοιαῦτα,
1016 544 1260 608 καὶτοὺς
1292 543 1856 616 συνεκστρατεύοντας,

2026 555 2097 594 .os
2135 541 2387 611 denique
2417 540 2513 610 qui
2548 539 2704 610 ipsos
2722 541 2791 596 ad
2816 543 3222 612 paenitentiam
3255 543 3607 616 suscipiunt,

226 646 297 699 καὶ
336 645 468 706 τοὺς
521 640 867 721 δεχομένους
914 639 1110 700 αὐτοὺς
1157 637 1233 698 εἰς
1287 636 1594 710 μετάνοιαν,
1630 637 1706 709 μή
1763 653 1859 706 με·

2026 645 2102 686 ιω
2167 628 2510 686 defectionis
2560 630 2960 701 paenitentiam
3007 632 3221 688 nedum
3269 639 3470 705 agant,
3515 642 3618 691 aut

226 717 627 807 upslotaévou'c‘
674 729 783 785 ἀπὸ
830 735 931 794 τῆς
976 726 1327 798 ἀποστασίας,
1374 726 1465 781 καὶ
1513 721 1861 795 καταλιμπά-

2026 734 2093 775 tm
2130 717 2486 790 relinquant.
2539 719 2742 784 Quaere
2790 720 2861 776 de
2900 720 3007 778 hac
3060 720 3288 778 novella
3316 722 3374 777 in
3410 724 3619 780 inscri-

226 844 400 886 νοντας
450 822 645 892 αὐτήν.
679 821 837 891 Ζήτει
885 819 1004 893 περὶ
1052 818 1254 887 ταύτης
1301 822 1403 885 τῆς
1442 820 1634 889 νεαρᾶς
1684 811 1736 867 ἐν
1790 814 1861 885 τῇ

2026 810 2168 865 tione
2199 825 2327 882 syn.
2360 808 2737 881 Gangrensis,
2763 826 2890 883 quae
2913 810 3066 868 circa
3099 810 3450 884 principium
3483 810 3617 868 libri

229 911 490 989 ἐπιγραφῇ
533 916 637 981 τῆς
697 908 751 966 ἐν
808 908 1027 985 Γάγγρᾳ
1084 904 1329 979 συνόδου,
1361 906 1483 974 ἣτις
1513 903 1564 959 ἐν
1614 906 1684 977 τῇ
1715 902 1861 977 ἀρχῇ
1971 898 2247 955 occurrit.

227 1006 315 1057 τοῦ
352 996 584 1077 βιϐλίου
614 1004 815 1055 κεῖται.

471 1223 728 1274 ΚΕΦΔΛ.
774 1219 881 1273 ΙΒ’.
926 1215 1080 1290 Περὶ
1120 1215 1607 1289 σχισματικῶν.

291 1310 451 1379 Ζήτει
510 1305 564 1361 ἐν
618 1310 699 1379 τῷ
844 1304 1126 1378 κεφαλαίῳ
1171 1307 1267 1358 τοῦ
1297 1307 1340 1359 Α
1377 1300 1622 1375 σοιχείου
1670 1300 1869 1354 κανόνα

230 1407 270 1453 α’
317 1402 415 1453 τοῦ
497 1396 744 1472 μεγάλου
797 1393 1111 1465 Βασιλείου,
1170 1398 1351 1472 σοφῶς
1409 1388 1732 1465 ὁριζομένου
1778 1391 1869 1443 καὶ

240 1486 571 1562 διαιροῦντος
630 1486 699 1541 τὰ
753 1484 1052 1560 σχίσματα,
1108 1481 1198 1538 καὶ
1271 1482 1368 1544 τάς
1442 1479 1697 1556 αἱρέσεις,
1753 1482 1874 1542 ταῖς

243 1576 503 1651 ἑκατέρων
532 1571 800 1645 ἰδιότησιν
812 1618 826 1631 .

294 1670 350 1721 '0
406 1662 467 1719 δὲ
526 1663 612 1720 λα’
656 1668 768 1719 τῶν
826 1662 996 1738 ἁγίων
1050 1659 1372 1718 ἀποστόλων
1422 1659 1617 1729 κανὼν,
1663 1660 1873 1726 ”Οστις,

235 1756 380 1830 snsi,
419 1747 813 1830 πρεσϐύτερος,
871 1748 1039 1825 μηδὲν
1085 1771 1139 1805 τι
1186 1749 1547 1823 κατεγνωκὼς
1593 1751 1691 1803 τοῦ
1731 1743 1874 1801 ἰδίου

2387 1213 2538 1268 CAP.
2572 1212 2695 1268 XII.
2730 1213 2804 1267 De
2823 1213 3206 1272 schismaticis.

2046 1303 2248 1368 Quare
2312 1302 2373 1358 iu
2442 1319 2571 1374 cap.
2630 1305 2664 1355 2
2720 1303 2830 1359 litt.
2902 1305 2948 1358 A
3017 1321 3297 1362 canonem
3368 1308 3623 1379 primum

1978 1391 2178 1463 magni
2218 1390 2445 1460 Basilii,
2474 1391 2765 1463 sapienter
2812 1392 2891 1447 ibi
2924 1394 3258 1451 definientis
3300 1413 3368 1453 ac
3406 1398 3623 1455 distin~

1978 1482 2209 1554 guentis
2238 1480 2566 1538 schismata
2595 1485 2769 1553 atque
2796 1482 3228 1555 haeresesjuxta
3252 1502 3390 1544 suas
3419 1505 3625 1559 quam-

1981 1570 2123 1626 libet
2152 1570 2568 1642 proprietates.

2051 1660 2248 1717 Canon
2316 1665 2509 1716 autem
2565 1659 2632 1715 3t
2694 1665 3027 1719 sanctorum
3107 1665 3530 1736 apostolorum,
3583 1668 3629 1724 si

1984 1750 2135 1822 quis,
2167 1749 2271 1818 ait,
2303 1747 2628 1821 presbyter.
2657 1766 2790 1806 cum
2837 1752 3177 1823 episcopum
3207 1769 3380 1811 suum
3414 1773 3638 1828 nequa-

236 1844 554 1914 ἐπισκόπου,
606 1843 745 1915 μήτε
793 1840 920 1914 περὶ
965 1840 1066 1908 τήν
1135 1834 1407 1894 εὐσέϐειαν
1471 1834 1883 1914 σφαλλομένου,

2030 1854 2168 1895 uam
2218 1838 2491 1894 incusare
2539 1854 2605 1893 ac
2647 1839 2925 1895 damnare
2982 1846 3178 1912 queat,
3237 1850 3435 1915 utpote
3486 1846 3641 1902 nihil

239 1934 359 2008 μήτ’
398 1931 469 1987 αὖ
529 1931 823 2006 χαίροντος
883 1925 1140 2000 ἀδικίαις,
1192 1926 1320 1983 ἀλλ’
1372 1921 1622 1988 εὐσεϐοῦς
1678 1925 1774 1998 μὶν
1812 1923 1880 1979 τά

233 2025 361 2097 πρὸς
407 2023 567 2090 Θεὸν,
601 2016 814 2074 δικαίοο
857 2016 914 2073 δὶ
957 2018 1023 2073 τά
1072 2019 1206 2092 πρὸς
1252 2015 1569 2092 ἀνθρώπους
1603 2016 1879 2090 ὑπαρχον-

233 2133 339 2179 τος,
371 2112 537 2166 πάθει
569 2106 870 2188 φιλαρχίας
918 2107 1157 2181 κάτοχος
1198 2104 1296 2175 ὢν,
1328 2103 1442 2176 ἰδίᾳ
1490 2106 1646 2175 πήξει
1706 2106 1884 2157 θυσια-

236 2205 476 2272 στήριον,
525 2200 614 2253 καὶ
661 2197 1051 2271 παρασυνάξεις
1101 2200 1273 2250 ποιῶν
1340 2193 1393 2249 ἐν
1443 2194 1623 2265 τούτῳ
1667 2195 1883 2266 ἱερουρ-

235 2297 332 2365 γεῖ,
385 2291 531 2363 μετά
582 2289 711 2360 μίαν
761 2287 850 2341 καὶ
902 2283 1150 2361 δευτέραν
1200 2284 1288 2338 καὶ
1337 2283 1527 2359 τρίτην
1573 2282 1887 2356 παραίνεσιν

236 2382 317 2435 καὶ
374 2378 730 2454 παράκλησιν
799 2376 888 2431 ἐπὶ
952 2378 1053 2446 τὴν
1126 2375 1389 2450 προτέραν
1473 2376 1747 2448 ὁμόνοιαν,
1806 2368 1887 2429 ἔτι

239 2473 422 2546 γνώμῃ
487 2469 788 2544 χρώμενος
845 2466 1181 2538 αὖθεκάστῳ,
1213 2466 1376 2526 αὐτὸς
1438 2465 1536 2537 μὶν
1584 2463 1659 2525 ὡς
1690 2463 1888 2542 φίλαρ-

244 2581 352 2634 χος,
403 2560 501 2613 καὶ
559 2556 873 2631 τυραννικὸν
947 2550 1107 2632 ἔργον
1181 2551 1646 2625 ἐπιδεικνύμενος,
1704 2556 1892 2607 καθαι-

244 2650 448 2722 ρείσθω.
495 2647 562 2701 Οἱ
617 2643 675 2701 δὲ
731 2646 1163 2722 συναπαχθέντες
1222 2643 1392 2714 αὐτῷ,
1450 2643 1541 2697 καὶ
1600 2640 1894 2713 συνεκκλη·

240 2740 537 2808 σιᾶζοντες,
597 2735 647 2790 εἰ
702 2735 797 2807 μὲν
852 2733 1113 2809 κληρικοὶ
1171 2733 1300 2803 εἶεν,
1350 2734 1436 2789 καὶ
1495 2732 1649 2789 αὐτοὶ
1707 2735 1897 2788 καθαι-

243 2829 568 2902 ρείσθωσαν,
601 2824 648 2880 εἰ
707 2821 766 2879 δὶ
823 2822 1029 2896 λαϊκοί,
1081 2822 1377 2902 ἀφορισμῷ
1433 2817 1897 2894 ὑποϐεϐλήσθων.

306 3027 597 3101 Ἐναργῶς
682 3019 864 3078 τοίνυν
934 3018 994 3076 ἐκ
1063 3020 1264 3076 τούτου
1348 3019 1699 3095 παρίσταται,
1770 3015 1902 3093 μηδ’

238 3119 533 3185 ἡντιναοῦν
584 3109 776 3188 ὄφλειν
827 3111 1077 3182 εὐθύνην,
1121 3112 1250 3172 τοὺς
1308 3115 1418 3167 τῶν
1482 3108 1634 3165 ἰδίων
1690 3108 1907 3165 ἐπισκό-

1987 1933 2189 1985 contra
2218 1927 2491 2000 pietatem
2512 1937 2865 1999 peccantem,
2889 1946 3070 2001 neque
3089 1931 3446 2004 improbitati
3468 1935 3634 1990 indul

1989 2021 2243 2090 gentem,
2300 2018 2403 2073 sed
2456 2034 2487 2072 e
2544 2022 2749 2073 contra
2805 2021 2991 2089 quoad
3071 2021 3335 2078 homines
3401 2025 3631 2094 justum

1992 2106 2273 2177 piumque
2319 2122 2456 2178 erga
2504 2105 2709 2174 Deum,
2759 2107 3074 2166 ambitione
3132 2116 3323 2167 tactus
3372 2114 3636 2183 privatim

1994 2198 2177 2253 altare
2226 2197 2433 2265 tixerit,
2473 2202 2530 2253 et
2582 2204 2900 2254 conventus
2939 2200 3217 2273 colligens
3263 2222 3443 2275 super
3493 2203 3636 2261 illud

1995 2287 2266 2353 celebret,
2297 2292 2471 2357 atque
2520 2292 2652 2356 post
2701 2304 2876 2343 unam
2909 2304 2976 2344 ac
3005 2291 3271 2356 alteram,
3302 2302 3476 2365 atque
3505 2295 3644 2351 dein

1998 2378 2229 2432 tertiam
2251 2375 2709 2431 admonitionem
2733 2383 2790 2431 et
2810 2377 3265 2437 oohortationem
3294 2385 3363 2437 ad
3389 2386 3641 2454 priorem

1998 2465 2487 2533 conformitatem,
2527 2464 2585 2518 in
2619 2465 2909 2520 sententia
2956 2484 3063 2522 sua
3101 2470 3389 2526 obstinate
3440 2488 3646 2543 perse-

2001 2561 2179 2622 veret,
2208 2559 2490 2626 tanquam
2524 2554 2876 2612 ambitiosus
2895 2563 2952 2611 et
2973 2556 3243 2615 allectum
3270 2561 3640 2632 tyrannicum

2004 2645 2278 2715 prodens.
2337 2642 2676 2714 deponatur.
2747 2645 2854 2710 Qui
2919 2649 3114 2701 autem
3182 2650 3541 2705 conveniunt
3586 2657 3646 2705 et

2007 2740 2431 2804 congregantur
2471 2733 2541 2788 ad
2574 2732 2763 2801 illum,
2796 2734 2845 2789 si
2877 2734 3072 2792 clerici
3104 2735 3337 2807 fuerint,
3368 2740 3541 2794 etiam
3589 2745 3648 2795 et

2006 2823 2093 2879 illi
2114 2824 2317 2879 ordine
2337 2829 2768 2892 semoveantur,
2791 2824 2883 2881 sin
2912 2830 3107 2882 autem
3138 2827 3290 2895 laici,
3317 2845 3650 2888 excommu-

2011 2911 2302 2969 nicentur.

2084 3017 2303 3075 Exinde
2332 3022 2528 3075 autem
2557 3019 2930 3076 manifestum
2954 3021 3099 3077 nihil
3121 3023 3402 3095 impedire
3423 3026 3653 3099 quomi-

2017 3125 2128 3165 nus
2150 3125 2185 3164 a
2205 3109 2329 3164 suis
2349 3108 2640 3181 episcOpis
2663 3108 2880 3166 faciant
2906 3110 3172 3183 divortia,
3191 3118 3249 3169 et
3264 3118 3531 3173 secedant
3551 3118 3656 3174 cle-

239 3227 354 3261 πων
401 3203 913 3276 ἀποσχιζομένους,
963 3201 1051 3255 καὶ
1111 3203 1519 3276 ἀποιροιτῶντας
1563 3197 1893 3274 κληρικοὺς,

2026 3200 2141 3267 rici,
2175 3199 2225 3255 si
2255 3199 2416 3271 ipsos
2446 3203 2723 3270 tanquam
2757 3201 3052 3271 improbos
3080 3211 3178 3258 aut
3206 3203 3458 3275 injustos
3488 3222 3654 3265 coar-

237 3293 759 3371 καταγινώσκοντας
837 3290 914 3352 ὡς
1005 3284 1345 3345 ἀσεϐούντων
1431 3289 1465 3359 ἢ
1542 3286 1898 3346 ἀδικούντων.

242 3386 317 3441 Δι’
345 3384 539 3457 ἓτερον
591 3380 776 3455 μέντοι
805 3400 870 3456 γε
916 3379 1140 3454 τρόπον,
1170 3377 1267 3434 κᾶν
1324 3378 1392 3434 τὰ
1438 3380 1686 3453 χείριστα
1735 3378 1899 3454 λέγηο

240 3495 328 3529 ται
375 3471 508 3546 περὶ
560 3469 862 3525 ἐπισκόπου
909 3467 945 3536 ἢ
993 3462 1381 3543 πρεσϐυτέρου,
1427 3468 1491 3522 ού
1541 3465 1746 3523 δίκαιον
1801 3475 1900 3536 τῆς

244 3562 455 3619 ἐκείνου
515 3558 809 3622 κοινωνίας
863 3555 1205 3633 ἀφίστασθαι,
1256 3556 1383 3630 πρὶν
1434 3556 1494 3610 ἃν
1555 3559 1590 3626 ἡ
1654 3554 1724 3611 δι’
1753 3557 1904 3628 ἀκρι-

244 3647 377 3713 ϐοῦς
437 3648 731 3720 ἐξετάσεως
790 3646 968 3721 κρίσις
1022 3648 1215 3700 τοῦτον
1272 3643 1500 3718 καθέλῃ.
1532 3644 1605 3699 Οὐ
1654 3644 1758 3721 γὰρ
1798 3648 1906 3698 τῶν

248 3740 554 3814 ἀνθρώπωί
609 3738 647 3805 ἡ
706 3736 890 3811 χάρις,
933 3733 1080 3791 ἀλλά
1134 3738 1233 3788 τοῦ
1289 3732 1447 3806 ἁγίου
1506 3733 1836 3806 Πνεύματος,
1877 3732 1907 3786 ’ὀ

249 3830 339 3883 καὶ
405 3826 500 3882 διά
557 3830 667 3881 τῶν
719 3823 951 3897 ἀναξίων
1010 3822 1253 3899 πορίζειν
1312 3823 1514 3893 ταύτην
1564 3822 1744 3877 εἰώθει
1789 3826 1906 3883 τοῖς

253 3919 564 3991 θερμότητι
621 3914 855 3975 πίστεως
913 3916 1220 3986 προσιοῦσι.
1278 3913 1483 3973 Πάντας
1537 3912 1661 3986 γὰρ,
1721 3910 1909 3989 φησὶν,

256 4010 283 4063 ὁ
314 4008 452 4068 Θεὸς
486 4006 557 4060 οὗ
589 4007 919 4082 χειροτονεῖ,
952 4000 1041 4057 διὰ
1074 4003 1290 4058 πάντων
1326 3999 1381 4057 δί
1412 4000 1634 4078 ἐνεργεῖ.

324 4099 405 4151 Τὰ
458 4095 601 4150 αὐτά
645 4094 736 4149 καὶ
785 4094 813 4148 ὁ
850 4100 950 4164 τῆς
980 4091 1034 4148 ἐν
1064 4092 1371 4168 Ἀντιοχείᾳ
1402 4096 1441 4148 ε’
1475 4090 1713 4165 διέξεισι,
1744 4112 1916 4169 προσ-

259 4187 374 4250 θεὶς
438 4186 543 4253 ὡς,
601 4180 649 4237 εί
706 4183 842 4254 μετά
905 4181 1004 4249 τήν
1059 4180 1368 4254 καθαίρεσιν
1425 4174 1672 4254 θορυϐῶν
1730 4178 1918 4254 ἐπιμέ-

256 4298 359 4347 νει,
392 4273 491 4329 καὶ
560 4272 659 4340 τήν
688 4268 1013 4340 Ἐκκλησίαν
1067 4267 1403 4339 ἀναπατῶν,
1437 4268 1525 4323 διὰ
1577 4275 1679 4339 τῆς
1729 4266 1921 4339 ἔξωθεν

258 4365 353 4417 καὶ
403 4357 709 4426 πολιτικῆς
756 4355 999 4426 ἐξουσίας
1058 4354 1575 4433 σωφρονιζέσθω,εἷ¹
1608 4377 1727 4418 πως
1756 4356 1925 4429 ταύτῃ

259 4455 395 4526 γοῦν
461 4448 604 4521 πρὸς
687 4446 969 4518 μετάνοιαν
1024 4443 1418 4519 ἐπιστρέψειεν.
1478 4447 1768 4517 Ἐπιτιμᾷν
1824 4444 1924 4512 τήν

269 4541 443 4612 μόνον
492 4536 705 4614 ἐφεῖται
751 4539 866 4595 τοῖς
910 4532 1251 4603 ἐπισκόποις,
1284 4532 1411 4589 ἀλλ’
1442 4533 1577 4608 οὐχὶ
1630 4533 1721 4588 καὶ
1755 4554 1926 4607 τιμω-

270 4631 484 4703 ρεῖσθαι
542 4626 672 4685 τοὺς
726 4625 1055 4684 πταίοντας⁸
1120 4624 1197 4695 μὴ
1269 4624 1624 4696 πειθομένους
1698 4619 1755 4676 δὲ
1809 4627 1926 4684 τοῖς

269 4718 513 4793 ἄρχουσι
546 4714 685 4789 πρὸς
717 4713 1097 4792 σωφρονισμὸν
1125 4708 1421 4771 ἐκδιδόναι,
1707 4743 1734 4783 φ

343 4809 508 4877 Ζήτει
569 4804 662 4858 καὶ
718 4804 812 4859 τὸν
872 4800 957 4855 λα’
985 4803 1074 4856 καὶ
1131 4802 1225 4855 τὸν
1277 4803 1353 4855 νθ’
1404 4808 1505 4870 τῆς
1546 4803 1587 4862 ς’
1617 4798 1845 4856 συνόδου
1876 4799 1930 4855 ἐν

273 4905 353 4973 τῷ
378 4901 429 4954 α’
451 4919 574 4976 κεφ.
600 4898 701 4951 τοῦ
733 4901 772 4949 Β
802 4894 1111 4971 στυιχείου.

348 5031 409 5079 '0
440 5023 499 5079 δέ
534 5024 604 5098 ιβ’
631 5020 817 5077 κανὼν
846 5025 948 5089 τῆς
980 5018 1283 5095 λεγομένης
1311 5019 1537 5094 πρώτης
1565 5018 1657 5073 καὶ
1689 5015 1937 5093 δευτέρας

279 5111 532 5183 συνόδου,
563 5116 654 5184 Τῷ
712 5108 818 5180 λα’,
853 5109 1010 5183 φησί,
1038 5114 1138 5176 τῆς
1201 5110 1238 5172 ς’
1293 5105 1522 5163 συνόδου
1571 5108 1756 5163 κανόνι
1795 5109 1937 5182 γινό-

285 5225 437 5277 μενοι
489 5201 811 5278 σύμψηφοι,
863 5195 1436 5272 ἀποκεκληρωμένους
1483 5197 1645 5266 εἶναι,
1675 5196 1765 5251 καὶ
1815 5195 1941 5251 ἐπι-

281 5292 690 5369 τετραμμένους
760 5284 1061 5361 κελεῦομεν
1142 5288 1277 5362 πρὸς
1352 5290 1448 5342 τοῦ
1532 5288 1667 5342 κατὰ
1752 5287 1938 5361 χώραν

286 5383 610 5453 ἐπισκόπου,
658 5379 792 5441 τοὺς
843 5375 897 5433 ἐν
950 5375 1255 5449 εὖκτηρίοις
1310 5374 1502 5447 οἷ’κοις,
1561 5370 1710 5430 ἔνδον
1768 5373 1942 5435 οἶκίας

288 5471 431 5542 οὗσι,
482 5471 938 5547 λειτουργοῦντας
981 5464 1176 5541 ἱερέας.
1226 5465 1291 5522 Εἰ
1337 5464 1394 5520 δέ
1439 5486 1576 5528 τινες
1616 5466 1764 5539 παρά
1816 5462 1943 5518 τού-

285 5582 414 5625 τους
469 5560 593 5617 ἄνευ
651 5564 893 5638 γνώμης
950 5559 1050 5611 τοῦ
1107 5552 1404 5609 ἐπισκόπου
1460 5554 1539 5619 εἰς
1610 5557 1708 5617 τὰς
1766 5552 1945 5616 οἰκίας

287 5652 655 5731 ἐμπίπτοντες
708 5645 951 5726 ἅψασθαι
1011 5643 1350 5720 λειτουργίαν
1406 5645 1765 5720 τολμήσαιεν,
1812 5642 1948 5699 ἐκεί-

1959 4585 2005 4647 D

2012 3295 2191 3360 guant
2219 3294 2276 3345 et
2307 3290 2602 3345 damnent.
2637 3288 2886 3361 Alioqui,
2915 3294 3181 3363 quamvis
3231 3297 3485 3364 pessima
3531 3314 3656 3368 per-

2010 3379 2322 3435 hibeantur
2367 3379 2438 3434 de
2487 3379 2761 3450 episcopo
2792 3387 2849 3435 et
2880 3382 3235 3453 presbytero,
3271 3400 3386 3441 non
3436 3386 3570 3442 licet
3623 3403 3657 3442 a

2014 3468 2431 3525 communione
2464 3467 2653 3539 ipsius
2683 3468 2973 3537 secedere,
3023 3478 3335 3543 antequam
3368 3474 3662 3544 judicium

2014 3563 2492 3629 postaccuratam
2508 3557 2995 3614 examinatiouem
3009 3560 3193 3616 latum
3210 3560 3388 3618 istum
3405 3579 3663 3621 semove-

2015 3645 2108 3701 rit.
2137 3649 2263 3701 Non
2293 3646 2450 3701 enim
2484 3646 2787 3702 hominum
2831 3663 2895 3703 ea
2924 3649 3118 3721 gratia
3144 3658 3253 3720 est,
3276 3651 3380 3707 sed
3408 3652 3659 3724 Spiritus

2016 3736 2226 3802 sancti,
2259 3736 2358 3806 qui
2392 3752 2494 3807 pro
2535 3735 2759 3791 meritis
2788 3754 2917 3793 eam
2949 3739 3096 3795 solet
3125 3739 3262 3797 viris
3293 3742 3496 3798 ardore
3522 3743 3660 3800 ﬁdei

2020 3824 2485 3897 praecellentibus
2516 3826 2795 3880 conferre.
2827 3826 3043 3883 Omnes
3072 3828 3251 3891 enim.
3284 3830 3493 3903 inquit,
3517 3835 3665 3902 (sci-

2016 3914 2153 3970 licet
2181 3913 2247 3970 D.
2289 3915 2760 3987 Chrysostomus)
2791 3931 2905 3972 non
2946 3918 3179 3975 ordinat
3212 3921 3377 3988 Deus,
3428 3923 3530 3979 sed
3562 3940 3663 3995 per

2022 4019 2228 4060 omnes
2255 4007 2555 4072 operatur.

2099 4091 2313 4148 Eadem
2343 4092 2517 4148 etiam
2543 4099 2845 4164 percenset
2864 4095 3095 4150 concilii
3116 4097 3459 4155 Antiocheni
3482 4117 3670 4157 canon

2027 4181 2284 4252 quintus,
2316 4186 2494 4252 atque
2524 4181 2687 4237 addit
2725 4197 2741 4237 :
2800 4185 2873 4238 At
2915 4200 3070 4251 vero,
3119 4186 3170 4240 si
3216 4192 3347 4258 post
3391 4188 3673 4262 depositi-

2028 4287 2199 4327 onem
2218 4271 2607 4342 permanserit
2629 4272 2829 4327 turbas
2850 4277 2906 4327 et
2930 4274 3275 4331 seditionem
3295 4292 3672 4336 commovens

2031 4361 2090 4414 in
2122 4359 2400 4424 Ecclesia,
2447 4375 2546 4430 per
2573 4364 2872 4416 externam
2901 4377 2968 4416 ac
3001 4362 3292 4432 politicam
3336 4372 3674 4437 potestatem

2031 4448 2366 4520 castigatur,
2402 4448 2451 4503 si
2485 4447 2630 4504 forte
2660 4448 2823 4504 illum
2871 4450 2944 4505 ad
2993 4453 3391 4522 paenitentiam
3439 4472 3675 4515 conver-

2034 4544 2156 4594 tere
2185 4543 2383 4610 queat.
2416 4539 2640 4610 Quippe
2668 4540 3010 4596 conceditur
3053 4542 3345 4616 episcopis
3394 4547 3680 4603 duntaxat

2040 4628 2337 4697 increpare
2368 4626 2799 4699 delinquentes,
2831 4644 2946 4685 non
2977 4632 3147 4686 etiam
3169 4633 3393 4703 punire,
3416 4636 3517 4690 sed
3544 4652 3677 4691 vero

2041 4716 2445 4771 inobedientes
2478 4716 2841 4786 magistratui
2875 4719 3243 4790 oastigandos
3276 4725 3518 4779 tradere.

2114 4810 2325 4949 Qua»;
2345 4810 2403 4861 et
2431 4823 2558 4861 can.
2592 4808 2655 4861 3t
2688 4812 2747 4862 et
2774 4808 2845 4860 59
2893 4811 3095 4881 synodi
3146 4819 3322 4868 sextis
3365 4815 3423 4868 in
3474 4831 3604 4886 cap.
3653 4818 3677 4871 1

2114 4904 2253 4949 terte
2335 4935 2348 4949 .

2045 4894 2253 4950 litterae
2283 4894 2348 4949 Β.

2117 5021 2271 5077 233
2319 5020 2519 5077 Canon
2568 5026 2762 5078 autem
2806 5023 2873 5077 12
2920 5023 3175 5091 concilii,
3226 5028 3382 5097 quod
3432 5031 3682 5101 primum

2048 5125 2113 5165 ac
2144 5110 2468 5166 secundum
2501 5111 2847 5183 appellatur,
2888 5113 3125 5180 Canoni,
3172 5115 3383 5188 inquit,
3431 5119 3498 5173 31
3547 5136 3684 5176 eon-

2050 5200 2169 5257 cilii
2208 5202 2354 5257 sexti
2403 5202 2855 5269 consentientes,
2896 5203 3168 5260 clericatu
3221 5207 3537 5279 privandos
3585 5213 3694 5267 de-

2052 5290 2367 5358 cernimus,
2427 5296 2484 5346 et
2537 5291 2808 5363 episcopo
2868 5291 3034 5348 istius
3111 5293 3220 5350 loci
3290 5298 3690 5367 subjiciendos

2053 5379 2399 5445 sacerdotes,
2432 5379 2533 5450 qui
2583 5380 2643 5435 in
2673 5379 2963 5445 oratoriis;
3012 5398 3139 5452 quae
3183 5385 3336 5441 intra
3373 5388 3526 5444 cades
3574 5390 3690 5459 pri-

2055 5474 2218 5523 vatas
2265 5467 2579 5537 habentur,
2611 5485 2774 5524 sacra
2813 5468 3125 5526 celebrant.
3177 5475 3518 5547 Quicunque
3560 5494 3693 5531 vero

2058 5564 2265 5629 praeter
2292 5558 2488 5627 hosce,
2528 5558 2676 5615 citra
2723 5558 2976 5629 episcopi
3027 5566 3382 5621 sententiam
3426 5566 3487 5622 in
3536 5568 3691 5623 aedes

2056 5647 2447 5721 ingredientes
2530 5649 2655 5705 ausi
2730 5647 2944 5705 fuerint
3017 5668 3185 5711 sacra
3255 5655 3466 5727 facere,
3541 5657 3694 5728 ipsos
