4098 6332
448 341 566 400 135

1728 341 1779 400 Μ
1788 338 2094 400 ΑΤΤΗᾸΞΙ
2137 335 2441 398 BLASTA
2453 336 2576 397 [ΠΒ

3723 348 3830 408 136

444 469 683 542 quidem
768 471 1002 543 deponi,
1086 471 1585 529 communicantes
1670 489 1801 530 vero
1887 487 2082 545 segre-

2199 488 2320 529 νους
2391 468 2484 540 μὲν
2560 469 2955 542 καθαιρεῖσθαι,
3012 470 3141 534 τοὺς
3214 469 3273 527 δὲ
3347 481 3830 550 πγκοινωνοῦντας

447 575 597 631 gari.

513 649 711 705 Canon
741 666 875 706 vero
906 650 992 717 13,
1021 649 1090 706 Ut
1118 649 1270 708 beare
1297 649 1544 708 ticornm
1584 651 1935 708 zizaniorum
1959 665 2094 722 ger-

445 739 630 808 mina,
680 739 894 811 inquit,
942 755 1082 796 ense
1130 740 1316 795 sancti
1365 740 1614 812 Spiritus
1667 740 1950 796 radicitus
1992 755 2089 794 ex-

441 829 874 898 scindebantur,
925 828 1006 883 ita
1046 826 1550 885 schismaticorum
1602 829 1924 896 insaniam,
1963 845 2092 900 qua!

441 933 556 988 pus
578 917 789 972 Christi
809 917 1062 973 dividere
1083 918 1299 985 studet,
1325 921 1554 973 nosmet
1570 917 1957 990 reprimentes
1976 921 2096 972 sta-

441 1007 687 1074 tuimus,
737 1006 890 1078 quod
931 1006 978 1061 si
1022 1005 1154 1076 quis
1187 1005 1478 1078 presbyter
1524 1011 1626 1062 aut
1674 1007 1960 1063 diaconus
2016 1007 2090 1062 ob

444 1095 693 1151 crimina
739 1096 1030 1166 quaedam,
1062 1111 1193 1166 quas
1245 1095 1317 1150 ad
1347 1097 1608 1151 carnales
1660 1096 1903 1152 affectus
1953 1111 2090 1167 per-

441 1185 653 1251 tinent,
685 1201 860 1240 suum
886 1185 1222 1254 episcopum
1257 1183 1565 1252 damnans,
1599 1185 1696 1255 qui
1747 1200 1883 1240 cum
1925 1175 2088 1241 omni

443 1274 653 1345 pietate
701 1291 769 1330 ac
810 1273 1144 1330 innocentia
1186 1273 1406 1340 vixerit,
1437 1273 1657 1330 directo
1699 1278 1901 1329 contra
1942 1291 2088 1344 apo-

440 1363 644 1419 stolico
693 1379 760 1419 ac
805 1379 968 1418 sacro
1016 1376 1235 1418 canone
1287 1361 1620 1428 definitum,
1684 1379 1864 1418 ausus
1912 1363 2088 1418 fuerit

439 1472 472 1510 a
526 1452 938 1509 communione
991 1452 1116 1522 ejus
1173 1451 1461 1517 secedere,
1511 1456 1646 1506 ante
1698 1451 2082 1524 cognitionem

442 1542 808 1614 synodicam,
835 1542 1078 1611 ejusque
1108 1555 1345 1604 nomen,
1376 1540 1612 1612 quando
1643 1557 1806 1596 sacra
1837 1540 2083 1613 peragit,

441 1648 558 1687 non
607 1631 835 1690 referat,
901 1629 1060 1684 hunc
1115 1627 1468 1700 depositioni
1519 1628 1736 1700 subjici
1796 1628 2084 1699 volumus,

441 1725 498 1776 et
526 1719 688 1776 omni
717 1717 1057 1776 sacerdotali
1091 1717 1311 1774 honore
1349 1717 1584 1789 privari.
1623 1718 1896 1775 Illicitum
1927 1718 2084 1776 enim

439 1813 533 1865 est
560 1825 693 1864 eum
725 1807 826 1879 qui
855 1807 1147 1878 judicium
1198 1807 1771 1876 metropolitanorum
1806 1807 2082 1880 praeripit,

441 1902 577 1954 ante
600 1897 913 1968 judicium,
937 1904 1219 1968 quantum
1275 1898 1346 1951 ad
1381 1895 1547 1952 illum
1599 1902 1847 1968 spectat,
1879 1899 2082 1954 adver-

441 2005 546 2044 sus
603 1993 823 2058 patrem
882 2001 1058 2041 suum
1139 1990 1309 2057 atque
1365 1987 1705 2058 episcopum
1754 1987 2083 2044 decernere.

441 2077 550 2132 Sed
585 2080 642 2131 et
670 2074 771 2147 qui
801 2091 934 2131 eum
968 2079 1310 2146 sequuntur,
1343 2076 1391 2130 si
1441 2075 1636 2131 clerici
1692 2075 1923 2144 iuerint,
1954 2093 2087 2132 eas-

445 2167 578 2222 dem
625 2180 826 2237 paanas
873 2165 1086 2232 subire,
1135 2165 1226 2218 sin
1266 2180 1402 2219 vero
1445 2163 1738 2232 monachi,
1785 2169 1886 2220 aut
1929 2164 2084 2233 laici,

451 2272 566 2312 non
598 2260 824 2310 tantum
860 2254 1272 2308 communione
1303 2253 1533 2324 privari,
1569 2254 1672 2309 sed
1703 2255 1872 2310 etiam
1905 2256 2088 2312 eccle-

451 2345 535 2401 sia
588 2345 820 2415 penitus
877 2343 1104 2415 expelli,
1153 2343 1336 2398 donec
1403 2345 1892 2414 conspirationem
1951 2362 2086 2400 cum

450 2432 842 2492 schismaticis
872 2438 1233 2503 respuentes,
1275 2433 1346 2486 ad
1397 2432 1698 2503 proprium
1747 2432 2084 2504 episcopum

448 2525 658 2582 reversi
689 2524 926 2580 fuerint.

2115 1861 2172 1928 B

2201 556 2388 618 αὖτοῖς
2421 555 2786 633 ἀφορίζεσθαι.

2271 647 2336 702 Ὀ
2393 643 2450 700 δὲ
2507 647 2592 720 ιγ’,
2623 647 2822 722 ’Ὠσαερ
2870 650 2926 702 αἱ
2971 653 3080 704 τῶν
3130 653 3418 726 αἱρετικῶν
3474 655 3719 724 ζιζανίων
3747 657 3834 712 ἐκ·

2200 733 2406 812 φύσεις,
2455 735 2608 814 φησί,
2662 740 2732 809 τῇ
2798 737 3047 812 μαχαίρᾳ
3118 745 3216 794 τοῦ
3299 743 3611 817 Πνεύματος
3666 746 3834 819 ῥίζαις

2199 821 2391 886 αὐταῖς
2439 822 2790 894 ἐξεκόπησαν,
2823 825 2966 880 οὕτω
3023 828 3115 882 καὶ
3147 830 3246 898 τὴν
3301 834 3410 886 τῶν
3463 838 3834 908 σχισματικῶν

2204 911 2417 984 μανίαν,
2449 913 2512 968 τὸ
2561 916 2660 968 τοῦ
2716 919 2950 988 Χριστοῦ
3012 921 3176 990 σῶμα
3235 920 3470 993 μερίζειν
3525 923 3836 997 ἐπιχειροῦ-

2200 1020 2318 1070 σαν,
2375 1002 2540 1073 ἡμεῖς
2606 1001 3056 1074 ἀναστέλλοντες,
3114 1007 3432 1083 ὁριζόμεθα,
3493 1010 3586 1079 ὡς,
3645 1011 3699 1066 εἴ
3752 1034 3838 1075 τις

2197 1085 2652 1162 πρεσϐύτερος,ἢ
2708 1089 2983 1158 διάκονος,
3023 1093 3113 1150 ἐπί
3167 1117 3278 1152 τισι
3335 1095 3496 1168 δῆθεν
3552 1099 3834 1177 ἐγκλήμα-

2198 1197 2299 1244 σιν,
2341 1177 2375 1235 ἆ
2417 1182 2526 1231 τῶν
2578 1185 2852 1254 σαρκικῶν
2917 1180 3142 1252 ἐξῆπται
3216 1188 3426 1258 παθῶν,
3482 1193 3580 1244 τοῦ
3638 1189 3836 1245 οἰκείου

2193 1266 2545 1339 κατεγνωκὼς
2591 1265 2918 1339 ἐπισκόπου,
2963 1272 3142 1343 πάσης
3189 1271 3503 1339 δυσσεϐείας
3567 1278 3659 1332 κάἰ
3723 1277 3836 1333 ἀδί-

2193 1377 2294 1410 κου
2323 1359 2570 1431 πράξεως
2600 1356 2832 1437 ἔχοντος
2887 1363 2978 1418 τὸν
3041 1365 3160 1439 βίον
3190 1366 3251 1421 ἐκ
3279 1363 3599 1442 διαμέτρου,
3630 1371 3706 1434 ὡς
3761 1375 3838 1443 τῷ

2191 1443 2548 1517 ἀποστολικῷ
2604 1447 2695 1500 καὶ
2755 1449 2884 1522 θείῳ
2939 1453 3122 1507 κανόνι
3169 1451 3504 1526 διείληπται,
3538 1458 3835 1528 ὄιοποστῆνα,⁵

2191 1539 2294 1602 τῆς
2350 1533 2518 1588 αὐτοῦ
2574 1538 2862 1600 κοινωνίας
2888 1538 3191 1613 τολμήσειε
3235 1544 3342 1618 πρὸ
3383 1543 3675 1617 συνοδικῆς
3724 1544 3836 1602 δια-

2196 1624 2466 1696 γνώσεως,
2498 1625 2584 1678 καὶ
2634 1623 2796 1682 τοῦδε
2853 1630 2917 1684 τὸ
2973 1627 3149 1703 ὄνομα
3199 1633 3300 1702 τὴν
3371 1633 3514 1690 θείαν
3571 1635 3834 1692 ἐπιτελῶν

2199 1709 2589 1785 ἱεροτελεστίαν
2651 1715 2727 1788 μή
2788 1715 3061 1794 ἀναφέροι,
3092 1724 3286 1776 τοῦτον
3346 1722 3662 1780 ὑποκεῖσθαι
3705 1727 3838 1780 καθ-

2201 1803 2402 1876 αιρέσει
2458 1798 2774 1876 κελεύομεν,
2832 1807 2922 1861 καὶ
2994 1809 3172 1879 πάσης
3259 1811 3534 1885 ἱερατικῆς
3609 1815 3838 1870 ἀποστε-

2205 1891 2409 1964 ρεῖσθαι
2436 1895 2629 1963 τιμῆς.
2664 1892 2953 1970 ’Δθέμιτον
2982 1897 3082 1972 γὰρ
3123 1901 3222 1968 τὴν
3269 1905 3379 1955 τῶν
3414 1903 3836 1979 μητροπολιτῶν

2195 1989 2370 2065 κρίσιν
2424 1991 2758 2065 ἁρπάζοντα,
2797 1989 2904 2064 πρὸ
2961 1989 3216 2063 κρίσεως,
3247 1989 3374 2044 ὅσον
3431 1993 3494 2046 τὸ
3551 1989 3637 2047 ἐπ’
3677 1993 3838 2065 αὐτῷ,

2193 2082 2292 2133 τοῦ
2340 2079 2544 2135 οἰκείου
2593 2081 2796 2154 πατρὸς
2856 2077 2945 2132 καὶ
3014 2076 3310 2133 ἐπισκόπου
3357 2082 3839 2157 καταψηφίζεσθαι.

2195 2168 2369 2224 Ἀλλά
2397 2171 2488 2225 καὶ
2521 2171 2648 2233 τοὺς
2694 2170 2994 2242 ἑπομένους
3043 2169 3214 2240 αὐτῷ,
3244 2167 3548 2245 κληρικόὺς
3581 2173 3681 2244 μὲν
3717 2193 3842 2244 τυγ⁹

2198 2258 2488 2334 χάνοντας,
2525 2266 2641 2322 τοῖς
2683 2259 2866 2318 αὐτοῖς
2911 2257 3212 2330 ἐπιτιμίοις
3251 2254 3661 2316 ὑποϐάλλεσθαι
3687 2279 3700 2291 ·
3751 2282 3842 2334 μο-

2197 2352 2402 2421 ναχοὺς
2434 2345 2514 2417 δέ,
2544 2349 2579 2418 ἢ
2614 2347 2864 2415 λαϊκοὺς,
2900 2347 2977 2421 μή
3026 2346 3108 2401 ὅτι
3157 2354 3256 2416 τῆς
3303 2349 3454 2423 ἱερᾶς
3495 2348 3840 2426 ἀφορίζεσθαι

2196 2438 2508 2506 κοινωνίας,
2566 2436 2714 2493 ἀλλὰ
2784 2437 2874 2492 καὶ
2951 2439 3052 2502 τῆς
3134 2435 3425 2506 ἐκκλησίας
3508 2440 3842 2493 παντάπασιν

2198 2521 2528 2595 ἐξωθεῖσθαι,
2565 2527 2762 2600 μέχρις
2817 2524 2876 2578 ἂν
2928 2526 3030 2594 τήν
3088 2525 3223 2598 πρὸς
3270 2525 3398 2587 τοὺς
3441 2526 3840 2601 σχισματικοὺς

447 2614 728 2692 συνάφειαν
757 2611 1162 2683 διαπτῦσαντες,
1195 2611 1328 2682 πρὸς
1357 2611 1447 2665 τὸν
1476 2608 1674 2664 οἰκεῖον
1708 2609 2107 2688 ἐπιστραφῶσιν
2135 2609 2448 2673 ἐπίσκοπον.

513 2705 706 2763 Canos
738 2721 906 2776 porro
943 2705 1005 2758 14
1035 2703 1450 2775 depositionem
1481 2702 1655 2756 etiam
1690 2702 1945 2774 episcOpi
1985 2703 2087 2758 de-

441 2799 646 2858 cernit,
680 2797 728 2852 si
758 2814 791 2852 a
817 2795 1228 2852 communione
1273 2793 1367 2849 sui
1394 2793 1827 2864 metrOpolitani
1859 2793 2088 2849 defece-

441 2889 541 2954 rit,
585 2891 688 2942 aut
736 2884 1084 2942 recusaverit
1131 2883 1192 2938 in
1241 2881 1432 2939 ofﬁcio
1483 2898 1650 2938 sacro
1699 2899 1911 2940 nomen
1960 2882 2090 2952 ejus

442 2977 675 3031 referre.

511 2993 675 3032 terre.

511 3065 657 3122 Tum
689 3081 872 3120 canon
907 3064 974 3120 15
1003 3063 1162 3136 paris
1199 3061 1464 3118 criminis
1511 3063 1705 3135 arguit
1751 3062 1926 3118 etiam
1970 3077 2088 3117 me-

2271 2707 2332 2761 Ὁ
2392 2703 2450 2760 δὲ
2512 2702 2577 2760 ιδ’
2606 2705 2910 2780 καθαίρεσιν
2967 2705 3057 2760 καὶ
3108 2709 3207 2760 τοῦ
3265 2705 3564 2760 ἐπισκόπου
3595 2709 3838 2780 καταψη-

2199 2793 2430 2870 φίζεται,
2462 2794 2508 2850 εἰ
2539 2802 2640 2864 τῆς
2670 2793 2957 2856 κοινωνίας
2988 2797 3086 2850 τοῦ
3131 2792 3272 2850 ἰδίου
3323 2794 3688 2870 ἀποσχισθείη
3735 2819 3839 2870 μη·

2197 2882 2552 2956 τροπολίτου,
2587 2881 2727 2956 μηδὲ
2775 2885 3050 2961 ἀναφέρειν
3100 2884 3358 2960 ἀνέχοιτο
3409 2883 3461 2938 ἐν
3507 2889 3626 2947 ταῖς
3669 2886 3838 2960 ἱεραῖς

2195 2971 2440 3035 τελεταῖς
2468 2974 2531 3028 τὸ
2571 2975 2742 3029 αὐτοῦ
2772 2973 2964 3048 ὄνομα.

2270 3067 2327 3118 ‘0
2383 3061 2440 3118 δέ
2501 3070 2556 3118 ιε’
2583 3067 2692 3117 τῶν
2745 3062 2922 3118 αὐτῶν
2978 3064 3212 3118 εὐθυνῶν
3241 3063 3331 3119 καὶ
3378 3069 3496 3128 τοῖς
3549 3085 3838 3140 μητροπο-

437 3156 740 3226 tropolitas
770 3153 932 3225 quia
961 3133 1068 3209 suo
1122 3152 1453 3225 patriarcha
1499 3133 1806 3208 recedunt.
1846 3151 2082 3208 Verum-

2199 3149 2374 3213 λίταις
2418 3155 2665 3224 τιμᾶται,
2694 3157 2811 3214 τοῖς
2861 3151 3327 3227 ἀποσχιζομένοις
3379 3157 3476 3208 τοῦ
3533 3157 3684 3232 σφῶν
3730 3174 3836 3208 πα-

437 3250 655 3308 tamen.
708 3245 754 3299 si
797 3242 1130 3315 patriarcha
1177 3243 1497 3298 fortassean
1541 3246 1644 3298 aut
1690 3241 2082 3312 metropolita,

438 3335 540 3395 ait.
575 3338 674 3389 aut
697 3335 1007 3404 episcopus
1061 3331 1301 3387 heresin
1353 3331 1614 3402 aliquam
1645 3347 1680 3385 ιι
1708 3331 1929 3386 sanctis
1977 3329 2084 3386 Pa-

433 3423 624 3479 trihus
662 3424 1003 3478 damnatam
1037 3421 1288 3491 publice,
1339 3425 1396 3476 et
1449 3426 1515 3476 ut
1564 3421 1647 3475 ita
1687 3421 1878 3475 dicam
1926 3421 2082 3474 nudo

433 3513 623 3583 capite
669 3510 1082 3584 pra'dicaverit,
1126 3508 1228 3581 qui
1283 3509 1684 3565 communioni
1738 3509 1866 3578 ejus
1923 3509 2082 3564 abre-

434 3603 730 3669 nuntiant,
776 3611 832 3657 et
873 3602 1100 3673 seipsos
1150 3601 1557 3655 communiunt
1603 3600 1878 3655 adversus
1923 3616 2080 3669 eum,

433 3709 551 3749 non
597 3708 766 3763 pcsna
805 3692 1043 3763 dignus,
1076 3689 1180 3746 sed
1226 3692 1420 3760 potius
1471 3689 1710 3754 honore,
1743 3689 1842 3759 qui
1891 3689 2082 3744 ortho-

430 3781 599 3838 doxis
646 3781 946 3852 competit,
1003 3779 1304 3834 habeatur.
1355 3779 1479 3833 Non
1552 3781 1706 3834 enim
1760 3779 2080 3849 episcopos,

430 3873 530 3928 sed
605 3871 1096 3942 pseudepiscopos
1144 3875 1202 3924 et
1251 3869 1798 3938 pseudodldascalos
1844 3869 2082 3923 damna-

437 3968 594 4030 runt,
627 3977 818 4030 neque
842 3960 901 4014 in
933 3959 1251 4014 schismata
1293 3959 1573 4013 unitatem
1620 3957 1888 4013 Ecclesiae
1936 3973 2082 4013 con-

435 4049 762 4116 sciderunt,
849 4050 950 4104 sed
1037 4065 1072 4102 a
1146 4045 1478 4101 schismatis
1557 4053 1616 4100 et
1699 4046 2082 4100 divisionibus

434 4137 753 4194 Ecclesium
821 4135 1068 4191 liberare
1122 4135 1496 4200 studuerunt,
1547 4138 1834 4204 quantum
1889 4133 1946 4188 in
1995 4133 2079 4189 eis

433 4231 577 4282 erat.
655 4225 1049 4289 Quamobrem
1106 4228 1166 4279 et
1223 4239 1329 4278 nos
1388 4230 1540 4278 recte
1613 4221 1858 4278 facimus
1922 4221 2078 4293 quod

430 4313 907 4371 communionem
980 4313 1190 4368 veteris
1248 4312 1445 4366 Romae
1501 4311 1833 4376 abnuimus,
1893 4313 2072 4367 etiam

432 4406 565 4458 ante
597 4398 938 4471 synodalem
971 4399 1364 4471 cognitionem
1388 4413 1454 4454 ac
1475 4399 1792 4470 judicium.

503 4580 700 4636 Canon
732 4583 924 4635 autem
969 4584 1166 4635 sextus
1195 4579 1402 4648 synodi
1450 4578 1802 4651 Gangrensis
1850 4579 1924 4648 ei,
1971 4581 2072 4649 qui

429 4667 748 4725 Ecclesium
802 4672 1180 4724 contemnens
1227 4667 1480 4740 privatas
1527 4669 1832 4724 conciones
1879 4668 2074 4736 habet,

430 4764 608 4830 atque
660 4759 788 4813 sine
837 4755 1071 4812 licentia
1122 4757 1376 4828 episcopi
1435 4773 1601 4825 sacra
1656 4756 1928 4826 celebrat,
1986 4757 2076 4813 ul-

429 4847 636 4901 timum
672 4845 1027 4918 supplicium
1061 4846 1370 4900 denuntiat
1399 4860 1414 4900 :
1447 4845 1584 4916 quid
1634 4848 1787 4900 enim
1840 4847 2074 4918 uspiam

429 4935 800 4990 anathemate
829 4935 1070 5006 gravius
1103 4939 1160 4989 et
1187 4933 1509 4990 terribilius
1537 4935 1566 4988 Ῥ
1604 4934 1922 4992 Ecclesium
1972 4951 2078 4991 au-

432 5031 543 5078 tem
603 5029 769 5079 vocat
824 5039 937 5078 non
988 5022 1298 5094 templum,
1359 5023 1459 5078 sed
1520 5027 1732 5078 emtum
1792 5022 2074 5080 ﬁdelium.

429 5111 739 5181 Templum
770 5112 926 5168 enim
960 5112 1282 5168 secundum
1323 5121 1592 5168 sanetum
1641 5112 1929 5169 Isidorum
1978 5113 2078 5169 Pe-

430 5199 703 5256 lusiotam
750 5201 984 5272 proprie
1041 5200 1531 5258 ecclesiasterium
1582 5200 1874 5273 appellare
1920 5200 2076 5272 licet,

431 5289 604 5345 sicuti
661 5285 908 5361 θυμίαμα
993 5289 1382 5362 θυμιατήριον,
1437 5295 1496 5345 et
1552 5288 1706 5344 θυσία
1789 5289 2079 5359 θυσιαστή-

433 5397 571 5452 ριον.

507 5468 628 5523 Imo
686 5466 862 5523 etiam
921 5483 1103 5523 canon
1165 5469 1233 5524 10
1289 5467 1522 5524 concilii
1578 5468 2075 5541 Carthaginensis,

433 5557 836 5631 presbyterum
879 5557 1239 5627 depositione
1288 5557 1657 5626 muletatum,
1698 5557 1748 5614 si
1794 5573 1863 5614 ex
1913 5559 2077 5615 inso-

429 5647 612 5704 lentia
640 5661 853 5702 novum
881 5644 1063 5702 altare
1091 5647 1389 5716 struxerit,
1417 5651 1474 5703 et
1491 5645 1752 5719 privatim
1779 5651 1889 5706 Deo
1911 5665 2076 5706 sacra

2188 3241 2478 3316 τριάρχου.
2540 3241 2600 3296 Εἰ
2656 3238 2702 3296 δ’
2758 3242 2787 3295 ὁ
2844 3243 3196 3316 πατριάρχης
3242 3242 3432 3316 τυχὸν,
3491 3243 3749 3321 φησὶν,ἢ
3807 3244 3834 3298 ὁ

2193 3327 2635 3402 μητροπολίτης,
2692 3327 2728 3397 ἢ
2785 3331 2814 3384 ὁ
2871 3327 3186 3398 ἐπίσκοπος,
3243 3328 3556 3400 οἱανδήτινα
3627 3329 3831 3406 αἳρεσιν

2189 3420 2326 3494 πρὸς
2372 3424 2481 3473 τῶν
2531 3419 2687 3473 θείων
2741 3419 3208 3492 κατηγνωσμένην
3269 3421 3545 3494 Πατέρων,
3587 3417 3836 3494 δημοσίᾳ

2189 3510 2279 3564 καὶ
2342 3512 2546 3583 γυμνῇ,
2577 3511 2758 3584 φάναι,
2785 3508 3028 3584 κηρύττῃ
3085 3512 3156 3582 τῇ
3212 3507 3449 3586 κεφαλῇ,
3482 3510 3534 3563 οἱ
3585 3517 3693 3580 τῆς
3742 3509 3836 3565 αὖ·

2187 3602 2285 3652 τοῦ
2337 3596 2621 3658 κοινωνίας
2679 3594 3262 3671 ἀποδιαστελλόμενοι,
3311 3597 3402 3652 καὶ
3447 3598 3836 3674 ἀποτειχίζον-

2187 3708 2274 3748 τες
2306 3685 2552 3758 ἑαυτοὺς,
2588 3689 2664 3759 μὴ
2722 3686 2805 3740 ὅτι
2850 3686 3152 3755 κολάσεως,
3183 3685 3329 3742 ἀλλά
3376 3688 3464 3741 καὶ
3519 3689 3618 3756 τῆς
3664 3708 3835 3763 προσ·

2192 3775 2432 3847 ηκούσης
2478 3780 2595 3837 τοῖς
2642 3774 2953 3849 ὁρθοδόξοις
3016 3775 3292 3848 ἀξιούσθεν
3362 3783 3552 3849 τιμῆς.
3595 3775 3674 3830 Οὖ
3736 3777 3836 3851 γὰρ

2191 3863 2522 3933 ἐπισκόπων,
2571 3861 2718 3918 ἀλλά
2761 3860 3207 3938 ψευδεπισκόπων
3259 3863 3348 3919 καὶ
3395 3861 3836 3938 ψευδοδιδασκα-

2191 3950 2305 4006 λων
2354 3952 2713 4027 κατέγνωσαν,
2761 3951 2850 4006 καὶ
2896 3952 3001 4008 οὐκ
3054 3953 3128 4014 εἰς
3178 3952 3452 4029 σχίσματα
3499 3954 3598 4021 τήν
3643 3951 3836 4008 ἕνωσιν

2187 4047 2286 4109 τῆς
2345 4039 2670 4109 Ἐκκλησίας
2744 4039 3057 4114 κατέτεμον,
3137 4040 3284 4097 ἀλλᾶ
3353 4043 3677 4116 σχισμάτων
3745 4043 3836 4098 καὶ

2193 4133 2472 4202 μερισμῶν
2511 4131 2611 4196 τήν
2657 4128 2984 4200 Ἐκκλησίαν
3060 4127 3392 4184 ἐσπούδασαν
3442 4129 3728 4206 ῥύσασθαι,
3771 4130 3834 4186 τό

2189 4239 2252 4293 γε
2281 4216 2359 4279 εἷς
2415 4217 2614 4281 αὐτοὺς
2661 4219 2819 4288 ἧκον.
2847 4218 2946 4274 Διά
2989 4223 3152 4274 τοῦτο
3197 4219 3287 4274 καὶ
3318 4221 3480 4292 ἡμεῖς
3510 4219 3567 4274 εὖ
3596 4223 3833 4275 ποιοῦν-

2185 4327 2295 4376 τες,
2354 4310 2455 4378 τὴν
2529 4313 2632 4376 τῆς
2715 4306 2952 4371 παλαιᾶς
3036 4311 3260 4382 Ῥώμης
3317 4309 3662 4382 ἀπειπάμεθα
3719 4330 3833 4364 κοι-

2186 4396 2527 4466 νωνίαν,καῖ
2587 4395 2692 4470 πρό
2749 4417 2813 4472 γε
2871 4395 3164 4466 συνοδικῆς
3201 4395 3655 4474 διαγνώμης,καὶ
3709 4399 3829 4471 κρίο

2103 4503 2149 4568 D
2184 4507 2342 4548 σεως.

2253 4579 2316 4633 Ὁ
2360 4573 2418 4631 δὲ
2474 4578 2522 4640 ς’
2553 4581 2654 4645 τῆς
2701 4573 2754 4630 ἐν
2801 4575 3021 4652 Γάγηρᾳ
3067 4573 3294 4632 συνόδου
3335 4575 3515 4631 κανὼν
3569 4579 3650 4648 τῷ
3706 4577 3833 4652 περὶ

2186 4663 2483 4741 ἐλαχίστου
2520 4661 2791 4738 τιθεμένῳ
2845 4667 2946 4735 τήν
2977 4663 3332 4735 Ἐκκλησίαν,
3363 4666 3450 4720 καὶ
3502 4663 3611 4719 ἰδία
3640 4663 3836 4736 ἐκκλη-

2187 4757 2459 4824 σιάζονίο,
2496 4756 2584 4810 κάξ
2643 4755 2787 4830 παρὰ
2840 4755 3070 4832 γνώμην
3129 4755 3498 4830 ἱερουργοῦντι
3550 4757 3649 4808 τοῦ
3706 4754 3835 4810 ἐπι-

2185 4845 2419 4908 σκόπου,
2477 4848 2587 4900 τῶν
2662 4843 2910 4917 ἐσχάτων
2984 4847 3148 4916 τιμᾷν
3218 4843 3398 4913 ἀξιοῖ’
3451 4841 3504 4897 τί
3573 4843 3676 4917 γὰρ
3734 4847 3834 4898 τοῦ

2183 4933 2517 5008 ἀναθέματος
2603 4931 2976 5009 ἐσχατώτερόν
3053 4953 3110 4988 τε
3183 4934 3274 4988 καὶ
3357 4929 3830 5011 φρικωδέστερονς

2183 5023 2513 5094 Ἐκκλησίαν
2567 5021 2624 5079 δὲ
2679 5021 2742 5079 οὒ
2799 5025 2892 5079 τὸν
2951 5022 3110 5094 νεὼν,
3143 5021 3290 5078 ἀλλά
3342 5024 3405 5078 τὸ
3460 5028 3569 5079 τῶν
3622 5028 3832 5078 πιστῶν

2184 5133 2320 5188 φησι
2349 5110 2633 5186 πλήρωμα
2655 5133 2669 5146 ο
2705 5113 2732 5166 ὁ
2767 5113 2871 5188 γὰρ
2918 5113 3077 5182 νεὼς,
3107 5111 3245 5168 κατά
3288 5111 3381 5166 τὸν
3433 5112 3834 5182 Πηλουσιώτην

2185 5196 2340 5276 ἅγιον
2374 5201 2683 5274 Ἰσίδωρον,
2714 5199 3206 5276 ἐκκλησιαστήριον
3239 5199 3302 5255 ἃν
3339 5200 3542 5274 κυρίως
3590 5199 3831 5274 λέγοιτο,

2186 5291 2261 5352 ὡς
2351 5289 2601 5364 θυμίαμα
2683 5291 3043 5364 θυμιατήριον
3120 5287 3208 5344 καὶ
3297 5288 3455 5344 θυσία
3537 5289 3832 5359 θυσιαστή-

2186 5398 2328 5453 ριον.

2259 5467 2435 5528 Ἀλλά
2489 5468 2580 5524 καὶ
2633 5470 2663 5525 ὁ
2715 5470 2746 5524 ι’
2794 5476 2896 5540 τῆς
2945 5469 2998 5524 έν
3049 5470 3384 5546 Καρθαγένῃ,
3416 5468 3505 5524 τὸν
3539 5467 3832 5545 ἀφορισμῷ

2186 5558 2583 5633 ἐπιτιμηθέντα
2630 5553 3012 5634 πρεσϐύτερον,
3063 5558 3109 5612 εἰ
3160 5557 3213 5630 ἐξ
3263 5555 3521 5618 ἄπονοίυς
3564 5555 3681 5610 νέον
3718 5558 3828 5625 πή-

2187 5649 2278 5722 ξας
2324 5652 2727 5725 θυσιαστήριον,
2783 5648 2921 5706 ἰδίαν
2969 5653 3048 5722 τῷ
3113 5653 3229 5721 Θεῷ
3302 5646 3604 5725 ἱερουργίαν
3659 5665 3828 5724 προσ-
