4098 6332
242 374 322 434 13⁵7

1250 371 1672 434 SYNTAGMA
1712 371 2352 439 ALPHABETICUM.
2398 414 2474 423 —
2516 383 2588 441 T.

3501 387 3616 448 138

238 517 384 590 φέρει,
414 520 496 588 τῷ
543 515 848 590 ἀναθέματι
899 517 1268 589 παραπέμπει,
1320 516 1412 569 οἷα
1459 516 1557 583 τὴν
1602 519 1702 580 τῆς
1740 517 1860 571 ἹΞκ⁴

1991 517 2192 584 ’ecerit,
2253 519 2622 575 anathemate
2680 521 2827 590 terit,
2879 526 3160 590 tanquam
3218 527 3616 595 corruptorem

235 605 441 675 κλησίας
501 604 687 660 πίστιν
749 606 839 659 καὶ
914 604 1234 660 κατάστασιν
1288 603 1710 677 λυμαινόμενον,
1769 605 1854 658 καὶ

237 695 666 772 βλασφημεῖσθαι
742 693 946 766 ταύτην
1021 691 1491 768 παρασκευάζοντα
1555 694 1692 766 πρὸς
1750 696 1857 746 τῶν

233 786 314 852 τῆς
368 783 637 855 ἀληθείας
698 781 934 858 ἐχθρῶν.
995 788 1218 856 Πρῶτον
1280 782 1373 856 μὲν
1432 783 1536 858 γὰρ
1592 800 1862 856 παραγγε-

235 870 364 934 λίαις
432 875 723 948 πειρᾶσθαι
793 870 874 927 δεῖ
933 872 1059 934 τοὺς
1117 871 1182 927 τὰ
1243 871 1519 946 σχίσματα
1575 873 1859 930 ποιοῦντας

232 963 507 1038 ἐπανάγειν
552 965 690 1034 πρὸς
747 965 851 1033 την
902 962 1193 1036 ὁμόνοιαν·
1251 963 1326 1034 μή
1377 959 1732 1035 πειθομένους
1781 957 1860 1027 δὲ,

231 1054 497 1127 καθαιρεῖν
532 1052 567 1122 ἧ
603 1051 884 1129 ἀφορίζειν
908 1070 920 1082 ·
954 1051 996 1104 εἰ
1031 1049 1088 1105 δὲ
1117 1051 1206 1106 καὶ
1248 1047 1390 1105 οὕτω
1437 1051 1645 1123 μένοιεν
1696 1050 1836 1104 ἆπαυ

228 1139 628 1215 θαδιαζόμενοι,
688 1142 778 1196 καὶ
838 1141 1227 1211 στασιάζοντες,
1285 1142 1593 1195 ὑποτιθέναι
1638 1138 1862 1199 τούτους

226 1235 298 1302 τῷ
327 1231 649 1304 ἄναθέματι,
677 1230 767 1285 καὶ
817 1231 891 1292 ὡς
934 1229 1206 1299 σεσηπότα
1257 1229 1398 1302 μέλη
1451 1227 1547 1284 τοῦ
1601 1226 1866 1303 ὑγιαίνον-

223 1341 308 1384 τος
337 1321 600 1392 σώματος
623 1326 722 1388 τῆς
753 1317 1079 1389 Ἐκκλησίας
1112 1318 1408 1392 ἐκτέμνειν.

287 1411 361 1464 Τὰ
399 1411 544 1464 αὐτὰ
602 1411 687 1464 καὶ
741 1410 768 1463 ὁ
831 1410 896 1462 ια’
960 1408 1354 1485 ἀποφαίνεται’
1421 1409 1526 1464 Τὸν
1590 1427 1861 1483 καταγνω-

226 1500 408 1554 σθέντα
449 1499 593 1574 πρὸς
644 1503 741 1553 τοῦ
800 1496 939 1553 ἰδίου
996 1496 1296 1552 ἐπισκόπου
1352 1492 1737 1572 πρεσϐύτερον,
1788 1497 1861 1557 ὡς

227 1591 292 1661 μὴ
333 1588 528 1650 καλῶς
575 1589 818 1662 βιοῦντα,
863 1587 1254 1662 προσαγγεῖλαι
1305 1586 1387 1642 δεῖ
1431 1593 1546 1648 τοῖς
1586 1591 1863 1663 γειτνιῶσι

221 1684 320 1732 τῶν
370 1677 716 1745 ἐπισκόπων,
764 1678 836 1738 ὡς
881 1677 942 1731 ἄν
981 1674 1051 1732 δι’
1090 1676 1306 1732 ἐκείνων
1344 1681 1425 1749 τῷ
1464 1674 1592 1748 ἰδίῳ
1635 1674 1863 1732 διαλλα-

220 1770 334 1842 τείη
362 1788 374 1799 ·
421 1769 469 1822 εἰ
515 1765 572 1822 δὶ
612 1767 921 1841 φυσιωθεὶς,
967 1765 1328 1841 ἀποσχισθείη
1379 1766 1472 1839 μὲν
1509 1770 1603 1820 τνῦ
1651 1764 1865 1821 ἐπισκό-

1972 605 2104 661 ﬂdei
2137 612 2311 679 atque
2349 610 2786 665 constitutionis
2819 610 3247 672 eccieiasticie.
3281 617 3337 667 et
3369 615 3614 670 studen-

1969 702 2086 752 tem
2114 696 2275 753 illam
2307 699 2662 772 contemptui
2712 714 2997 770 exponere
3029 700 3286 757 hostium
3321 703 3606 760 veritatis.

1973 785 2233 841 Primum
2267 788 2499 859 quidem
2531 788 3035 846 exhortationibus
3075 807 3224 862 opus
3273 800 3380 862 est,
3414 802 3476 849 ut
3514 810 3616 850 co-

1972 891 2180 931 nemur
2225 875 2395 932 hosce
2443 878 2546 949 qui
2590 878 2748 934 284
2791 878 3131 946 schismata,
3182 879 3405 938 faciunt
3452 884 3620 939 redu-

1972 980 2100 1020 cere
2143 965 2215 1020 ad
2265 965 2750 1035 conformitatem,
2802 967 3201 1025 inobedientes
3259 975 3456 1027 tamen
3517 976 3620 1028 aut

1975 1053 2283 1124 deponere,
2332 1063 2431 1110 aut
2504 1057 3029 1113 excommunicare.
3081 1059 3182 1114 Sin
3235 1075 3366 1116 vero
3425 1061 3616 1118 adhuc

1973 1142 2405 1214 permanserint
2435 1143 2728 1212 obstinati,
2783 1161 2847 1200 ac
2902 1147 3245 1202 seditionem
3299 1155 3616 1217 moventes,

1974 1230 2333 1287 anathemati
2373 1232 2531 1304 ipsos
2581 1233 2891 1304 subjicere,
2931 1246 2985 1291 et
3027 1240 3308 1307 tanquam
3359 1238 3619 1295 membra

1975 1325 2249 1391 corrupta
2278 1337 2307 1376 e
2338 1337 2577 1393 corpore
2608 1322 2871 1379 Ecclesia:
2901 1324 3247 1381 rescindere.

2045 1409 2250 1465 Eadem
2282 1412 2455 1466 etiam
2487 1411 2696 1467 asserit
2735 1418 2791 1467 et
2821 1413 2881 1466 tl
2917 1429 3099 1469 canon
3134 1432 3146 1468 :
3210 1415 3616 1488 Presbyterum

1973 1509 2004 1553 ι
2035 1513 2139 1554 suo
2184 1498 2454 1571 episcopo
2498 1501 2864 1569 damnatum,
2897 1506 3173 1573 tanquam
3225 1505 3374 1560 male
3422 1505 3620 1562 viven-

1973 1590 2110 1656 tem,
2180 1588 2526 1645 denuntiare
2598 1594 2822 1662 0portet
2887 1591 3173 1663 episcopis
3245 1593 3479 1664 vicinis,
3555 1600 3618 1651 ut

1974 1693 2168 1732 eorum
2237 1678 2426 1748 gratia
2497 1695 2603 1735 suo
2678 1683 2942 1752 episcopo
3019 1681 3445 1739 reconcilietur.
3518 1684 3618 1740 Sin

1975 1782 2104 1822 vero
2135 1767 2406 1838 superbia
2437 1767 2625 1824 elatus
2676 1784 2805 1826 sese
2852 1775 3081 1842 separet
3124 1773 3194 1827 ab
3241 1773 3530 1844 episcopo,
3563 1779 3622 1830 et

218 1882 336 1929 που,
372 1857 490 1930 ἰδίᾳ
524 1857 581 1913 δὲ
620 1859 922 1935 ἱερουργεῖν
959 1857 1283 1933 βουληθείη,
1315 1858 1376 1913 οὐ
1412 1857 1573 1930 μόνον
1599 1858 1689 1914 τὸν
1721 1856 1865 1913 tam

1991 1855 2240 1926 privatim
2274 1856 2564 1913 celebrare
2594 1859 2753 1923 velit,
2791 1875 2902 1914 non
2943 1859 3132 1915 solum
3165 1863 3413 1932 gradum
3445 1878 3618 1918 suum

218 1947 472 2004 ἀπολέσει
517 1947 746 2021 βαθμὸν,
797 1946 945 2003 ἀλλὰ
985 1947 1074 2002 καὶ
1116 1947 1354 2020 ἀνάθεμα
1401 1942 1569 2003 ἔσται.
1622 1948 1736 2022 Χρή
1787 1944 1864 2015 δὲ,

219 2039 368 2113 qusi,
410 2041 667 2101 σκοπεῖν,
715 2037 791 2108 μὴ
825 2033 927 2109 ἄρα
975 2033 1198 2098 δικαίως
1244 2036 1336 2090 τὸν
1378 2032 1521 2089 ’ίδιον
1573 2034 1864 2089 ἐπίσκοπον

217 2129 242 2181 ὁ
272 2126 553 2200 κληρικὸς
614 2125 868 2196 αἰτιῷτο,
915 2124 950 2194 ἢ
997 2122 1289 2179 ἀδικοῦντα
1341 2125 1558 2199 βλέπων
1612 2124 1796 2184 αὐτὸν.
1828 2122 1864 2193 ἤ

214 2220 285 2286 τῷ
325 2217 480 2289 ὀρθῷ
522 2214 932 2286 ἐναντιούμενον
983 2211 1235 2288 δόγματι,
1271 2213 1360 2267 καὶ
1409 2213 1506 2268 οὐκ
1550 2211 1650 2285 ἔξω
1699 2211 1866 2287 λόγου

218 2307 307 2372 τὴν
338 2305 521 2358 αὐτοῦ
552 2305 837 2357 κοινωνίαν
867 2301 1128 2357 έκκλίνοι.

285 2484 442 2551 Ζήτει
485 2481 544 2535 ἐν
590 2502 672 2552 τῳ
803 2501 924 2555 κειρ,
971 2483 1071 2534 τοῦ
1121 2485 1161 2533 Α
1213 2478 1488 2554 στοιχείου
1541 2479 1735 2532 κανόνα
1785 2477 1871 2553 λγ¹

226 2578 308 2638 τῆς
334 2575 393 2626 ἓν
430 2567 738 2640 Λαοδικείᾳ
776 2567 1020 2637 συνόδου,
1066 2569 1155 2622 καὶ
1204 2570 1266 2623 τὸ
1299 2573 1346 2623 κ’
1377 2566 1670 2646 κεφάλαιον
1699 2571 1795 2621 τοῦ
1826 2573 1864 2620 Κ

227 2661 532 2734 στοιχείου.

284 2755 344 2804 Ἡ
407 2749 468 2804 δὲ
520 2745 879 2820 πολύστομος
953 2753 1053 2815 τῆς
1128 2745 1453 2816 Ἐκκλησίας
1527 2745 1778 2822 σάλπιγξ,
1838 2745 1866 2797 ὁ

220 2840 489 2914 μακάριος
541 2837 735 2908 τῳόντι
792 2837 1216 2909 Χρυσόστομος,
1258 2838 1357 2905 τήν
1407 2836 1542 2910 πρὸς
1593 2834 1868 2911 Ἐφεσίους

215 2927 543 2999 ἑρμηνεύων
601 2926 956 2994 Ἐπιστολὴν,
1011 2925 1106 2978 κάν
1164 2929 1246 2997 τῷ
1304 2932 1369 2979 ια’
1416 2931 1516 2994 τῆς
1580 2923 1867 2997 ἑρμηνείας

215 3017 387 3090 λόγῳ,
420 3015 553 3089 περὶ
603 3017 712 3068 τῶν
755 3014 823 3067 τὰ
866 3013 1143 3086 σχίσματα
1191 3013 1493 3068 ποιούντων
1540 3010 1868 3087 διαλεγόμε-

214 3127 325 3172 νος,
396 3106 580 3177 Ἀνήρ
646 3123 727 3164 τις
793 3103 968 3178 ἅγιος,
1035 3124 1221 3178 φησιν,
1289 3101 1528 3177 εἷ’ρηκεν,
1595 3100 1677 3155 δτι
1743 3099 1870 3156 οὐδὲ

219 3194 532 3269 μαρτυρίου
589 3193 727 3263 αἷμα
789 3189 1086 3267 ἐξαλείφειν
1160 3189 1377 3246 δύναναι
1431 3193 1530 3260 τήν
1601 3189 1870 3263 ἁμαρτίαν

213 3285 441 3352 ταύτην.
499 3283 590 3336 Ἐν
632 3277 688 3333 δὲ
736 3284 814 3350 τῷ
853 3279 918 3349 Es’
958 3286 1056 3348 τῆς
1097 3278 1262 3348 αὐτῆς
1307 3279 1614 3356 κεφαλαίῳ,
1647 3281 1745 3332 τοῦ
1793 3277 1869 3337 εἰς

215 3370 426 3446 αἳρεσιν
470 3367 755 3441 ἐμπεσεῖν,
813 3370 876 3421 τὸ
922 3369 1020 3437 τήν
1076 3368 1404 3438 Ἐκκλησίαν
1456 3367 1662 3441 σχίσαι,
1713 3362 1870 3420 οὐδὲν

216 3460 450 3516 aut-rev
484 3460 659 3514 κακὸν
700 3456 963 3512 δείκνυσιν
988 3477 1001 3489 ·
1045 3455 1197 3512 οὐδὲν
1229 3455 1286 3512 δὶ
1331 3458 1443 3511 οἷον
1484 3457 1572 3511 καὶ
1608 3457 1708 3524 τήν
1755 3454 1870 3508 ἐπι-

220 3550 430 3619 στολήν
464 3547 761 3620 ἐνάριθμον
792 3548 962 3600 θεῖναι
999 3551 1114 3608 τοῖς
1165 3546 1415 3623 φθάσασι,
1454 3549 1550 3600 τοῦ
1598 3544 1648 3599 ἐν
1698 3545 1873 3617 ἁγίοις

222 3640 544 3695 Διονυσίου.
577 3633 981 3708 ’Δλεξανδρείας
1021 3635 1110 3688 καί
1159 3637 1453 3709 μάρτυρος,
1496 3635 1563 3703 ἦν
1603 3635 1738 3708 πρὸς
1778 3634 1870 3687 τὸν

223 3730 479 3784 Ναυάτον
510 3726 788 3803 πέπομφε,
819 3725 1039 3797 Ῥώμης
1072 3721 1198 3778 ὄντα
1228 3719 1613 3797 πρεσϐῦτερον,

223 3831 605 3900 Ἐπιστολή
639 3831 1190 3905 Διονυσίουρπρὸς
1233 3832 1566 3899 Ναυάτον,
1608 3829 1872 3900 Ῥώμης

818 3898 1292 3978 πρεσῦότερον.

295 3998 588 4056 Διονύσιος
646 3994 873 4066 Ναυάτῳ
920 3991 1140 4069 ἀδελφῷ
1189 3993 1422 4072 χαίρειν.
1474 3993 1534 4048 Εἰ
1584 3989 1751 4058 Ξίκων,
1801 3991 1875 4051 ὡς

227 4091 356 4165 Ῠῆετν
422 4087 641 4159 ﬁxam.
698 4082 909 4154 δείξεις,
963 4082 1049 4137 ἐὰν
1096 4083 1460 4158 ἀναχωρῆσ-ῃς
1528 4081 1663 4136 ἑκών
1697 4101 1709 4112 ·
1769 4074 1875 4133 ἔδει

233 4181 325 4251 μὲν
382 4175 496 4251 γὰρ
536 4174 626 4227 καὶ
664 4179 762 4227 πᾶν
807 4173 986 4227 ὁτιοῦν
1025 4174 1209 4226 παθεῖν
1254 4171 1386 4244 ὑπὲρ
1435 4170 1530 4224 τοῦ
1577 4170 1653 4241 μὴ
1698 4165 1878 4222 διακό-

231 4273 326 4340 ψαι
364 4267 475 4334 τήν
515 4261 838 4333 Ἐκκλησίαν
877 4265 974 4315 τοῦ
1013 4265 1177 4316 Θεοῦ·
1219 4261 1308 4314 καὶ
1348 4260 1416 4328 ἦν
1453 4260 1555 4313 οὐκ
1591 4255 1878 4330 ἄδοξονέρα

231 4364 329 4425 τῆς
391 4353 575 4408 ’ἕνεκεν
630 4351 728 4404 τοῦ
791 4352 866 4423 μὴ
945 4346 1418 4419 εἷδωλολατρῆσαι
1475 4343 1789 4420 γινομένης,
1842 4348 1877 4413 ἡ

227 4445 406 4500 ’ἕνεκεν
459 4445 564 4497 τοῦ
625 4442 700 4514 μὴ
759 4440 944 4514 σχίσαι
1007 4436 1294 4512 μαρτυρία,
1352 4437 1470 4490 κατ’
1527 4436 1626 4509 ἐμὲ
1678 4432 1734 4490 δὲ
1791 4435 1881 4488 καὶ

235 4535 446 4606 μείζων
481 4550 494 4562 ο
559 4527 668 4583 ἐκεῖ
725 4529 818 4601 μὶν
874 4528 977 4603 γὰρ
1035 4528 1164 4602 ὑπὲρ
1217 4531 1343 4598 μιᾶς
1401 4545 1484 4586 τις
1530 4532 1630 4594 τῆς
1693 4526 1885 4579 ἑαυτοῦ

1975 1944 2225 2008 amittet,
2257 1945 2355 2002 sed
2389 1946 2562 2001 etiam
2605 1947 2912 2003 anathema
2961 1949 3088 2006 erit.
3139 1952 3379 2020 Oportet
3425 1961 3618 2008 autem

1975 2034 2281 2106 dispicere,
2357 2036 2456 2102 ait,
2529 2051 2669 2090 num
2750 2037 2953 2093 merito
3025 2039 3365 2110 episcopum
3445 2057 3617 2098 suum

1975 2123 2216 2178 clericus
2265 2127 2516 2189 accuset,
2559 2124 2826 2180 videlicet
2873 2130 2975 2181 aut
3024 2128 3236 2198 injuste
3287 2130 3619 2196 facientem,

1977 2217 2078 2266 aut
2125 2220 2322 2266 contra
2369 2218 2581 2268 rectam
2632 2215 2950 2271 doctrinam
2987 2223 3336 2288 pugnantem
3389 2219 3618 2286 viderit,

1975 2305 2032 2355 et
2062 2317 2174 2356 non
2209 2301 2332 2356 sine
2371 2302 2591 2358 ratione
2634 2307 3102 2362 communionem
3136 2309 3266 2378 ejus
3315 2308 3613 2364 declinan-

1978 2393 2112 2444 tem.

2047 2479 2248 2542 Quare
2278 2479 2336 2534 in
2368 2496 2494 2550 cap.
2543 2481 2579 2532 2
2626 2480 2710 2536 lit.
2775 2488 2816 2536 Δ
2862 2499 2988 2538 can.
3051 2486 3119 2540 33
3175 2487 3378 2554 synodi
3414 2487 3622 2542 Laodi-

1979 2584 2156 2633 cenaa,
2187 2572 2244 2622 et
2272 2583 2398 2638 cap.
2429 2570 2500 2622 20
2530 2569 2616 2626 lit.
2653 2574 2713 2636 K,

2053 2730 2364 2786 Multisona
2410 2737 2599 2788 autem
2665 2735 2932 2791 Ecclesiae
2982 2739 3122 2794 tuba
3167 2744 3225 2794 et;
3271 2757 3400 2797 vere
3447 2745 3620 2818 Chry-

1979 2825 2292 2883 sostomus,
2353 2821 2667 2890 Epistolam
2728 2825 2799 2878 ad
2858 2825 3136 2896 Ephesios
3190 2831 3509 2900 explicans,
3565 2841 3622 2890 et

1979 2909 2040 2962 in
2118 2909 2177 2961 11
2257 2908 2654 2980 Expositionis
2719 2929 2836 2968 sua:
2911 2932 3176 2973 sermcne
3244 2919 3316 2975 de
3380 2921 3452 2976 iis
3519 2923 3621 2994 qui

1982 2999 2299 3055 schismata
2352 2999 2575 3055 faciunt
2648 3002 2966 3071 disserens,
3022 3006 3125 3062 Vir
3188 3011 3427 3080 quidam
3492 3029 3622 3070 san-

1983 3094 2134 3157 ctus,
2183 3090 2396 3159 inquit,
2445 3105 2632 3161 neque
2703 3096 2960 3166 martyrii
3018 3101 3365 3169 sanguinem
3418 3119 3619 3173 pecca-

1985 3186 2104 3232 tum
2160 3178 2303 3232 illud
2363 3177 2585 3235 diluere
2645 3198 2813 3252 posse
2863 3185 3028 3239 dixit.
3090 3187 3156 3242 Et
3210 3190 3268 3244 in
3319 3192 3505 3263 capite
3551 3194 3620 3247 65

1901 3236 1944 3302 C
1983 3268 2247 3338 ejusdem
2300 3236 2713 3338 Expositionis,
2763 3236 3077 3329 Ecclesium
3155 3236 3423 3334 scindere
3477 3281 3621 3336 nihil

1980 3358 2174 3412 minus
2204 3355 2425 3410 malum
2461 3363 2695 3426 praestat
2726 3376 2899 3431 quam
2927 3362 2985 3416 in
3020 3363 3262 3421 haeresin
3295 3368 3429 3422 labi.
3466 3369 3622 3425 Nihil

1978 3445 2154 3499 etiam
2203 3449 2355 3497 vetat
2403 3447 2720 3514 quominus
2763 3453 3224 3519 praecedentibus
3271 3459 3616 3527 adjiciamus

1980 3532 2290 3604 Epistolam
2327 3533 2475 3588 beati
2511 3534 2764 3606 Dionysii
2817 3541 3069 3610 episcopi
3121 3544 3492 3602 Alexandrini
3553 3566 3620 3604 ac

1981 3622 2266 3693 martyris,
2309 3638 2485 3692 quam
2535 3625 2604 3678 ad
2646 3624 2925 3684 Novatum
2976 3635 3169 3688 Roma
3219 3636 3619 3706 presbyterum

1981 3710 2169 3765 misit.-

2055 3819 2304 3890 Epistola
2398 3819 2677 3906 Dioni/siin
2725 3824 2795 3878 ad
2895 3828 3157 3886 Novatum
3247 3835 3620 3906 presbyterum

2639 3894 2963 3954 Romanum.

2054 3979 2360 4069 Dionysius
2400 3980 2610 4037 Novato
2653 3984 2814 4040 fratri
2862 3989 3127 4046 salutem.
3163 3993 3219 4047 Si
3257 3996 3427 4050 modo
3476 4013 3624 4069 aegre

1984 4067 2191 4128 tulisti,
2216 4070 2466 4139 utdicis,
2501 4075 2946 4141 promotionem,
2980 4091 3186 4150 sponte
3217 4067 3622 4142 recedendo'id

1987 4157 2173 4225 ipsum
2198 4159 2503 4246 ostendes.
2534 4161 2803 4232 Oportuit
2839 4167 2994 4222 enim
3033 4175 3088 4223 et
3135 4173 3382 4242 quodvis
3433 4177 3625 4246 potius

1989 4245 2441 4335 pe-rpeti,iquam
2493 4249 2820 4308 discindere
2867 4255 3184 4315 Ecclesium
3238 4263 3381 4318 Dei:
3437 4245 3624 4335 neque

1991 4333 2181 4390 minus
2203 4334 2520 4404 gloriosum
2545 4339 2651 4392 fuit
2675 4344 3009 4412 martyrium
3037 4353 3271 4419 propter
3291 4333 3624 4407 evitandum

1988 4422 2266 4487 schisma,
2310 4439 2486 4492 quam
2537 4426 2760 4483 cultum
2814 4431 3124 4496 idolorum.
3159 4438 3272 4493 imo
3322 4456 3447 4494 meo
3496 4443 3625 4512 qui-

1989 4512 2118 4566 dem
2152 4510 2607 4600 iudicioimagis.
2643 4516 2764 4571 lllic
2821 4522 2973 4575 enim
3015 4531 3254 4596 propter
3303 4529 3394 4582 sui
3443 4510 3629 4600 ipsius

233 4599 449 4700 ίᾲυέῆς,
491 4599 736 4673 ἐνταῦθα
768 4613 825 4670 δὲ
873 4599 1004 4690 ὅπερ
1049 4599 1186 4686 ὅλης
1226 4619 1332 4680 τῆς
1373 4613 1699 4683 Ἐκκλησίας
1752 4633 1870 4700 μαρ.

1991 4601 2247 4655 animam
2313 4599 2519 4667 solam,
2587 4604 2680 4659 hic
2752 4615 2985 4681 propter
3055 4617 3236 4671 totam
3313 4599 3627 4674 Ecclesium

235 4699 389 4782 τυρεῖ
415 4729 427 4741 ο
464 4707 557 4763 καὶ
601 4710 692 4761 νῦν
735 4704 813 4775 δὶ,
863 4704 914 4760 εἴ
944 4705 1175 4767 πείσαιο,
1208 4705 1243 4773 ἢ
1281 4702 1496 4779 βιάσαιο
1544 4701 1672 4764 τοὺς
1719 4699 1886 4756 ἀδελ-

240 4801 369 4878 ςθοῦς
402 4798 480 4860 είς
515 4797 776 4869 ὁμόνοιαν
808 4793 1006 4863 ἐλθεῖν,
1043 4795 1239 4867 μείζων
1276 4791 1420 4847 ἔσται
1462 4813 1545 4846 σοι
1583 4795 1680 4846 τοῦ
1721 4791 1886 4868 σφάλ-

241 4909 409 4959 ματος
449 4887 516 4941 τὸ
557 4885 927 4958 κατόρθωμαο
980 4883 1068 4936 καὶ
1105 4883 1167 4936 τὸ
1221 4883 1316 4956 μὶν
1369 4881 1430 4936 οὗ
1477 4881 1884 4956 λογισθήσεται,

235 4979 295 5031 τὸ
340 4976 398 5031 δὲ
436 4975 885 5043 έπαινεθήσεται’
930 4970 975 5025 εί
1034 4967 1090 5024 δὲ
1147 4972 1540 5037 ἀπειθούντων,
1586 4967 1884 5030 ἀδυνατεῖς,

240 5067 432 5136 σώζων
466 5070 609 5132 σῶζε
637 5064 736 5132 τὴν
771 5063 1003 5115 σταυτοῦ
1034 5062 1236 5137 ψυχήν.
1272 5057 1574 5132 Ἐῤῥῶσθαί
1605 5079 1660 5112 σε
1691 5056 1887 5132 ἐχόμε-

238 5175 321 5210 νον
350 5161 455 5226 τῆς
489 5154 741 5229 εἰρήνης,
776 5150 828 5205 ἐν
862 5148 1045 5221 Κυρίῳ
1076 5146 1334 5222 εὔχομαι.

643 5341 830 5392 ΑΡΧΗ
873 5337 996 5389 ΤΟΥ
1033 5339 1071 5387 Τ
1108 5338 1481 5388 ΣΤΟΙΧΕΙΟΥ.

242 5432 502 5486 ΚΕΦΑΛ.
544 5429 621 5483 A’.
669 5424 831 5499 Περί
881 5429 1002 5492 τῆς
1046 5421 1286 5491 τάξεως
1328 5425 1456 5475 τῶν
1513 5417 1887 5495 κληρικῶν.

308 5520 468 5592 Ζήτει
491 5518 555 5575 τὸ
583 5515 627 5573 δ’
659 5512 965 5593 κεφάλαιον
997 5514 1096 5567 τοῦ
1128 5520 1165 5564 Δ
1194 5511 1496 5584 στοιχείου.

304 5612 356 5665 Ὀ
415 5606 474 5664 δὲ
529 5609 600 5672 νς¹
655 5608 762 5671 τῆς
821 5601 877 5657 ἰν
934 5596 1224 5668 Λαοδικείᾳ
1282 5596 1506 5654 συνόδου
1564 5597 1734 5653 κανὼν
1791 5600 1890 5652 τοῦ

233 5696 530 5756 ἐπισκόπου
558 5698 664 5767 τήν
702 5688 927 5750 εἴσοδον
966 5686 1052 5742 ἐπὶ
1091 5687 1152 5742 τὸ
1191 5687 1572 5761 θυσιασνήριον
1620 5685 1889 5759 ποιουμέ-

546 5799 825 5862 Panos.
877 5793 985 5855 Gs.
1034 5789 1257 5854 CXLV.

1995 4690 2340 4760 martyrium
2397 4691 2538 4746 obit.
2609 4693 2741 4750 Jam
2801 4713 2936 4753 vero
2993 4701 3041 4755 si
3092 4707 3450 4774 persuaseris
3529 4716 3630 4763 aut

1995 4778 2250 4848 coegeris
2301 4779 2502 4835 fratres
2558 4782 2616 4836 in
2677 4787 3037 4844 concordiam
3097 4793 3447 4865 conspirare,
3494 4796 3634 4850 insi-

2002 4867 2271 4955 gniserit
2299 4867 2491 4923 delicti
2543 4875 2908 4937 emendatio;
2962 4883 3136 4950 atque
3193 4882 3333 4936 illud
3396 4884 3631 4955 quidem

2005 4953 2245 5008 minime
2301 4955 2707 5028 imputabitur,
2758 4964 2866 5020 hoc
2922 4973 3116 5023 autem
3176 4953 3637 5028 laudem'msre-

1995 5042 2170 5097 bitur.
2233 5044 2292 5098 Si
2353 5051 2544 5103 tamen
2615 5051 3059 5124 inobsequentes
3130 5061 3412 5115 servando
3493 5062 3638 5116 nihil

1993 5129 2206 5198 valeas,
2239 5136 2396 5188 tuam
2445 5138 2701 5194 animam
2752 5159 2932 5198 serva.
2995 5146 3143 5201 Bene
3201 5153 3276 5215 te,
3338 5155 3400 5204 ut
3440 5166 3638 5220 pacem

1997 5221 2240 5290 retines,
2269 5222 2460 5279 valere
2491 5235 2694 5300 exopto
2727 5231 2784 5286 in
2819 5233 3068 5290 Christo.

2345 5330 2504 5388 285
2540 5334 2820 5392 lNITlUM
2861 5339 3188 5396 LITTERIE
3227 5343 3294 5401 T.

2351 5420 2506 5476 CAP.
2549 5424 2590 5478 Ι.
2625 5426 2697 5482 De
2724 5429 2913 5485 ordine
2938 5431 3285 5489 clericorum.

2070 5507 2270 5570 Quaere
2300 5523 2406 5580 cap
2436 5512 2473 5566 5
2501 5512 2607 5568 litt.
2644 5523 2702 5568 A.

2070 5595 2264 5652 Canon
2295 5607 2489 5655 autem
2520 5602 2591 5656 56
2622 5605 2823 5674 synodi
2870 5607 3234 5677 Laodicenae,
3267 5611 3502 5680 quando
3529 5612 3649 5683 epi-

1999 5702 2212 5759 scopus
2235 5686 2308 5744 ad
2337 5687 2518 5746 altare
2549 5693 2817 5750 accedere
2848 5697 2987 5768 vult,
3022 5698 3260 5755 minime
3298 5699 3652 5774 licerejudi-g

3288 5801 3327 5861 5

3293 5863 3330 5877 »Α
