  <div class='ocr_page' id='page_1' title='image "/cluster/home/n/w/nwhite01/storage/ocr_20150623/145/mdp.39015061167048/077.png"; bbox 0 0 4098 6332; ppageno 0'>
   <div class='ocr_carea' id='block_1_1' title="bbox 497 403 615 465">
    <p class='ocr_par' dir='ltr' id='par_1_1' title="bbox 497 403 615 465">
     <span class='ocr_line' id='line_1_1' title="bbox 497 403 615 465; baseline -0.034 1"><span class='ocrx_word' id='word_1_1' title='bbox 497 403 615 465; x_wconf 81' lang='lat'><strong>139</strong></span> 
     </span>
    </p>
   </div>
   <div class='ocr_carea' id='block_1_2' title="bbox 1772 399 2614 463">
    <p class='ocr_par' dir='ltr' id='par_1_2' title="bbox 1772 399 2614 463">
     <span class='ocr_line' id='line_1_2' title="bbox 1772 399 2614 463; baseline 0.006 -6"><span class='ocrx_word' id='word_1_2' title='bbox 1772 399 2146 463; x_wconf 63' lang='grc' dir='ltr'><strong>ΜΑΤΤΗΛΕΙ</strong></span> <span class='ocrx_word' id='word_1_3' title='bbox 2188 399 2614 462; x_wconf 83' lang='lat' dir='ltr'><strong>BLASTARIS</strong></span> 
     </span>
    </p>
   </div>
   <div class='ocr_carea' id='block_1_3' title="bbox 3763 419 3866 478">
    <p class='ocr_par' dir='ltr' id='par_1_3' title="bbox 3763 419 3866 478">
     <span class='ocr_line' id='line_1_3' title="bbox 3763 419 3866 478; baseline 0.01 -1"><span class='ocrx_word' id='word_1_4' title='bbox 3763 419 3866 478; x_wconf 74' lang='grc' dir='ltr'><strong>ΗΟ</strong></span> 
     </span>
    </p>
   </div>
   <div class='ocr_carea' id='block_1_4' title="bbox 497 532 2108 623">
    <p class='ocr_par' dir='ltr' id='par_1_4' title="bbox 497 532 2108 609">
     <span class='ocr_line' id='line_1_4' title="bbox 497 532 2108 609; baseline -0.002 -18"><span class='ocrx_word' id='word_1_5' title='bbox 497 546 584 592; x_wconf 89' lang='lat' dir='ltr'><strong>cat</strong></span> <span class='ocrx_word' id='word_1_6' title='bbox 619 536 967 609; x_wconf 80' lang='lat' dir='ltr'><strong>presbyteris</strong></span> <span class='ocrx_word' id='word_1_7' title='bbox 994 550 1412 606; x_wconf 67' lang='lat' dir='ltr'><strong>praeoccupare,</strong></span> <span class='ocrx_word' id='word_1_8' title='bbox 1463 537 1633 602; x_wconf 90' lang='lat' dir='ltr'><strong>atque</strong></span> <span class='ocrx_word' id='word_1_9' title='bbox 1684 532 2042 589; x_wconf 77' lang='lat' dir='ltr'><strong>introeuntes</strong></span> <span class='ocrx_word' id='word_1_10' title='bbox 2074 551 2108 587; x_wconf 49' lang='lat' dir='ltr'><strong>si</strong></span> 
     </span>
    </p>
   </div>
   <div class='ocr_carea' id='block_1_5' title="bbox 2237 532 3862 623">
    <p class='ocr_par' dir='ltr' id='par_1_5' title="bbox 2249 534 3862 623">
     <span class='ocr_line' id='line_1_5' title="bbox 2249 534 3862 623; baseline 0.013 -39"><span class='ocrx_word' id='word_1_11' title='bbox 2249 553 2362 623; x_wconf 66' lang='grc' dir='ltr'>νου,</span> <span class='ocrx_word' id='word_1_12' title='bbox 2402 535 2476 605; x_wconf 68' lang='grc' dir='ltr'>μὴ</span> <span class='ocrx_word' id='word_1_13' title='bbox 2528 534 2718 604; x_wconf 81' lang='grc' dir='ltr'>ἐξεῖναι</span> <span class='ocrx_word' id='word_1_14' title='bbox 2767 537 2973 594; x_wconf 81' lang='grc' dir='ltr'>κελεύει</span> <span class='ocrx_word' id='word_1_15' title='bbox 3023 547 3137 604; x_wconf 84' lang='grc' dir='ltr'>τοῖς</span> <span class='ocrx_word' id='word_1_16' title='bbox 3186 541 3568 622; x_wconf 76' lang='grc' dir='ltr'>πρεσϐυτέροις</span> <span class='ocrx_word' id='word_1_17' title='bbox 3616 547 3862 623; x_wconf 88' lang='grc' dir='ltr'>προλαμ-</span> 
     </span>
    </p>
   </div>
   <div class='ocr_carea' id='block_1_6' title="bbox 496 621 2134 699">
    <p class='ocr_par' dir='ltr' id='par_1_6' title="bbox 496 621 2134 699">
     <span class='ocr_line' id='line_1_6' title="bbox 496 621 2134 699; baseline -0.001 -19"><span class='ocrx_word' id='word_1_18' title='bbox 496 629 599 682; x_wconf 87' lang='lat' dir='ltr'><strong>des</strong></span> <span class='ocrx_word' id='word_1_19' title='bbox 647 641 966 699; x_wconf 77' lang='lat' dir='ltr'><strong>capessere,</strong></span> <span class='ocrx_word' id='word_1_20' title='bbox 1026 630 1081 680; x_wconf 91' lang='lat' dir='ltr'><strong>et</strong></span> <span class='ocrx_word' id='word_1_21' title='bbox 1142 623 1478 695; x_wconf 81' lang='lat' dir='ltr'><strong>episcopum</strong></span> <span class='ocrx_word' id='word_1_22' title='bbox 1521 621 1712 678; x_wconf 82' lang='lat' dir='ltr'><strong>solum</strong></span> <span class='ocrx_word' id='word_1_23' title='bbox 1785 623 2134 694; x_wconf 84' lang='lat' dir='ltr'><strong>relinquere,</strong></span> 
     </span>
    </p>
   </div>
   <div class='ocr_carea' id='block_1_7' title="bbox 496 708 2133 778">
    <p class='ocr_par' dir='ltr' id='par_1_7' title="bbox 496 708 2133 778">
     <span class='ocr_line' id='line_1_7' title="bbox 496 708 2133 778; baseline -0.004 -6"><span class='ocrx_word' id='word_1_24' title='bbox 496 714 652 772; x_wconf 87' lang='lat' dir='ltr'>Illud</span> <span class='ocrx_word' id='word_1_25' title='bbox 681 715 836 770; x_wconf 90' lang='lat' dir='ltr'><strong>enim</strong></span> <span class='ocrx_word' id='word_1_26' title='bbox 867 730 983 770; x_wconf 92' lang='lat' dir='ltr'><strong>non</strong></span> <span class='ocrx_word' id='word_1_27' title='bbox 1015 716 1244 769; x_wconf 89' lang='lat' dir='ltr'><strong>tantum</strong></span> <span class='ocrx_word' id='word_1_28' title='bbox 1281 711 1507 767; x_wconf 81' lang='lat' dir='ltr'><strong>decoris</strong></span> <span class='ocrx_word' id='word_1_29' title='bbox 1541 708 1758 778; x_wconf 81' lang='lat' dir='ltr'><strong>violati,</strong></span> <span class='ocrx_word' id='word_1_30' title='bbox 1791 713 1891 768; x_wconf 90' lang='lat' dir='ltr'><strong>sed</strong></span> <span class='ocrx_word' id='word_1_31' title='bbox 1917 721 1964 770; x_wconf 89' lang='lat' dir='ltr'><strong>et</strong></span> <span class='ocrx_word' id='word_1_32' title='bbox 1994 727 2133 768; x_wconf 91' lang='lat' dir='ltr'><strong>con-</strong></span> 
     </span>
    </p>
   </div>
   <div class='ocr_carea' id='block_1_8' title="bbox 494 801 2134 874">
    <p class='ocr_par' dir='ltr' id='par_1_8' title="bbox 494 801 2134 874">
     <span class='ocr_line' id='line_1_8' title="bbox 494 801 2134 874; baseline -0.003 -15"><span class='ocrx_word' id='word_1_33' title='bbox 494 809 752 874; x_wconf 90' lang='lat' dir='ltr'><strong>temptus</strong></span> <span class='ocrx_word' id='word_1_34' title='bbox 784 802 1038 874; x_wconf 88' lang='lat' dir='ltr'><strong>episcopi</strong></span> <span class='ocrx_word' id='word_1_35' title='bbox 1071 803 1484 873; x_wconf 83' lang='lat' dir='ltr'><strong>argumentum</strong></span> <span class='ocrx_word' id='word_1_36' title='bbox 1507 803 1631 854; x_wconf 87' lang='lat' dir='ltr'><strong>est:</strong></span> <span class='ocrx_word' id='word_1_37' title='bbox 1665 801 1769 854; x_wconf 91' lang='lat' dir='ltr'><strong>sed</strong></span> <span class='ocrx_word' id='word_1_38' title='bbox 1802 801 1998 871; x_wconf 81' lang='lat' dir='ltr'><strong>potius</strong></span> <span class='ocrx_word' id='word_1_39' title='bbox 2020 816 2134 855; x_wconf 87' lang='lat' dir='ltr'><strong>una</strong></span> 
     </span>
    </p>
   </div>
   <div class='ocr_carea' id='block_1_9' title="bbox 493 889 2131 963">
    <p class='ocr_par' dir='ltr' id='par_1_9' title="bbox 493 889 2131 963">
     <span class='ocr_line' id='line_1_9' title="bbox 493 889 2131 963; baseline -0.003 -15"><span class='ocrx_word' id='word_1_40' title='bbox 493 909 626 948; x_wconf 87' lang='lat' dir='ltr'><strong>cum</strong></span> <span class='ocrx_word' id='word_1_41' title='bbox 657 893 924 963; x_wconf 87' lang='lat' dir='ltr'><strong>episcopo</strong></span> <span class='ocrx_word' id='word_1_42' title='bbox 963 890 1189 963; x_wconf 85' lang='lat' dir='ltr'><strong>ingredi</strong></span> <span class='ocrx_word' id='word_1_43' title='bbox 1215 889 1358 958; x_wconf 85' lang='lat' dir='ltr'><strong>vult,</strong></span> <span class='ocrx_word' id='word_1_44' title='bbox 1399 889 1515 944; x_wconf 83' lang='lat' dir='ltr'><strong>nisi</strong></span> <span class='ocrx_word' id='word_1_45' title='bbox 1545 889 1681 960; x_wconf 89' lang='lat' dir='ltr'><strong>quis</strong></span> <span class='ocrx_word' id='word_1_46' title='bbox 1731 905 1967 961; x_wconf 88' lang='lat' dir='ltr'><strong>corpore</strong></span> <span class='ocrx_word' id='word_1_47' title='bbox 2017 889 2131 945; x_wconf 91' lang='lat' dir='ltr'><strong>mi-</strong></span> 
     </span>
    </p>
   </div>
   <div class='ocr_carea' id='block_1_10' title="bbox 492 978 2128 1050">
    <p class='ocr_par' dir='ltr' id='par_1_10' title="bbox 492 978 2128 1050">
     <span class='ocr_line' id='line_1_10' title="bbox 492 978 2128 1050; baseline -0.002 -14"><span class='ocrx_word' id='word_1_48' title='bbox 492 998 606 1036; x_wconf 88' lang='lat' dir='ltr'><strong>nus</strong></span> <span class='ocrx_word' id='word_1_49' title='bbox 633 980 835 1048; x_wconf 81' lang='lat' dir='ltr'><strong>valeat,</strong></span> <span class='ocrx_word' id='word_1_50' title='bbox 869 986 924 1036; x_wconf 91' lang='lat' dir='ltr'><strong>et</strong></span> <span class='ocrx_word' id='word_1_51' title='bbox 967 979 1163 1036; x_wconf 85' lang='lat' dir='ltr'><strong>standi</strong></span> <span class='ocrx_word' id='word_1_52' title='bbox 1208 995 1430 1034; x_wconf 89' lang='lat' dir='ltr'><strong>moram</strong></span> <span class='ocrx_word' id='word_1_53' title='bbox 1484 979 1738 1050; x_wconf 86' lang='lat' dir='ltr'><strong>perferre</strong></span> <span class='ocrx_word' id='word_1_54' title='bbox 1785 978 2128 1050; x_wconf 80' lang='lat' dir='ltr'><strong>neutiquam</strong></span> 
     </span>
    </p>
   </div>
   <div class='ocr_carea' id='block_1_11' title="bbox 490 1069 693 1140">
    <p class='ocr_par' dir='ltr' id='par_1_11' title="bbox 490 1069 693 1140">
     <span class='ocr_line' id='line_1_11' title="bbox 490 1069 693 1140; baseline 0.01 -15"><span class='ocrx_word' id='word_1_55' title='bbox 490 1069 693 1140; x_wconf 82' lang='lat' dir='ltr'><strong>possit.</strong></span> 
     </span>
    </p>
   </div>
   <div class='ocr_carea' id='block_1_12' title="bbox 958 1155 1646 1226">
    <p class='ocr_par' dir='ltr' id='par_1_12' title="bbox 958 1155 1646 1226">
     <span class='ocr_line' id='line_1_12' title="bbox 958 1155 1646 1226; baseline -0.004 -14"><span class='ocrx_word' id='word_1_56' title='bbox 958 1158 1105 1213; x_wconf 81' lang='lat' dir='ltr'><strong>CAP.</strong></span> <span class='ocrx_word' id='word_1_57' title='bbox 1139 1157 1206 1213; x_wconf 86' lang='lat' dir='ltr'><strong>Il.</strong></span> <span class='ocrx_word' id='word_1_58' title='bbox 1238 1157 1311 1212; x_wconf 74' lang='lat' dir='ltr'><strong>De</strong></span> <span class='ocrx_word' id='word_1_59' title='bbox 1338 1155 1646 1226; x_wconf 75' lang='lat' dir='ltr'><strong>sepultura.</strong></span> 
     </span>
    </p>
   </div>
   <div class='ocr_carea' id='block_1_13' title="bbox 1218 1247 1399 1316">
    <p class='ocr_par' dir='ltr' id='par_1_13' title="bbox 1218 1247 1399 1316">
     <span class='ocr_line' id='line_1_13' title="bbox 1218 1247 1399 1316; baseline -0.017 -17"><span class='ocrx_word' id='word_1_60' title='bbox 1218 1247 1399 1316; x_wconf 78' lang='lat' dir='ltr'><strong>Leges.</strong></span> 
     </span>
    </p>
   </div>
   <div class='ocr_carea' id='block_1_14' title="bbox 558 1334 2132 1410">
    <p class='ocr_par' dir='ltr' id='par_1_14' title="bbox 558 1334 2132 1410">
     <span class='ocr_line' id='line_1_14' title="bbox 558 1334 2132 1410; baseline -0.004 -17"><span class='ocrx_word' id='word_1_61' title='bbox 558 1337 811 1410; x_wconf 90' lang='lat' dir='ltr'><strong>Sepelire</strong></span> <span class='ocrx_word' id='word_1_62' title='bbox 839 1336 998 1393; x_wconf 87' lang='lat' dir='ltr'><strong>haud</strong></span> <span class='ocrx_word' id='word_1_63' title='bbox 1032 1335 1118 1391; x_wconf 84' lang='lat' dir='ltr'><strong>l‘as</strong></span> <span class='ocrx_word' id='word_1_64' title='bbox 1149 1343 1257 1404; x_wconf 90' lang='lat' dir='ltr'><strong>est,</strong></span> <span class='ocrx_word' id='word_1_65' title='bbox 1289 1334 1388 1389; x_wconf 90' lang='lat' dir='ltr'><strong>ubi</strong></span> <span class='ocrx_word' id='word_1_66' title='bbox 1421 1337 1649 1389; x_wconf 83' lang='lat' dir='ltr'><strong>constat</strong></span> <span class='ocrx_word' id='word_1_67' title='bbox 1680 1349 1896 1405; x_wconf 89' lang='lat' dir='ltr'><strong>corpus</strong></span> <span class='ocrx_word' id='word_1_68' title='bbox 1923 1339 2132 1402; x_wconf 85' lang='lat' dir='ltr'><strong>marty-</strong></span> 
     </span>
    </p>
   </div>
   <div class='ocr_carea' id='block_1_15' title="bbox 485 1427 804 1496">
    <p class='ocr_par' dir='ltr' id='par_1_15' title="bbox 485 1427 804 1496">
     <span class='ocr_line' id='line_1_15' title="bbox 485 1427 804 1496; baseline -0.003 -14"><span class='ocrx_word' id='word_1_69' title='bbox 485 1427 566 1483; x_wconf 86' lang='lat' dir='ltr'><strong>ris</strong></span> <span class='ocrx_word' id='word_1_70' title='bbox 593 1428 804 1496; x_wconf 86' lang='lat' dir='ltr'><strong>jacere.</strong></span> 
     </span>
    </p>
   </div>
   <div class='ocr_carea' id='block_1_16' title="bbox 555 1511 2131 1587">
    <p class='ocr_par' dir='ltr' id='par_1_16' title="bbox 555 1511 2131 1587">
     <span class='ocr_line' id='line_1_16' title="bbox 555 1511 2131 1587; baseline -0.003 -15"><span class='ocrx_word' id='word_1_71' title='bbox 555 1516 735 1572; x_wconf 88' lang='lat' dir='ltr'><strong>Nemo</strong></span> <span class='ocrx_word' id='word_1_72' title='bbox 765 1515 1074 1587; x_wconf 87' lang='lat' dir='ltr'><strong>quisquam</strong></span> <span class='ocrx_word' id='word_1_73' title='bbox 1100 1513 1171 1569; x_wconf 88' lang='lat' dir='ltr'><strong>de</strong></span> <span class='ocrx_word' id='word_1_74' title='bbox 1190 1511 1474 1584; x_wconf 87' lang='lat' dir='ltr'><strong>sepulcris</strong></span> <span class='ocrx_word' id='word_1_75' title='bbox 1499 1512 1799 1567; x_wconf 87' lang='lat' dir='ltr'><strong>materiem</strong></span> <span class='ocrx_word' id='word_1_76' title='bbox 1814 1528 2131 1582; x_wconf 90' lang='lat' dir='ltr'><strong>quamcun-</strong></span> 
     </span>
    </p>
   </div>
   <div class='ocr_carea' id='block_1_17' title="bbox 485 1602 1897 1679">
    <p class='ocr_par' dir='ltr' id='par_1_17' title="bbox 485 1602 1897 1679">
     <span class='ocr_line' id='line_1_17' title="bbox 485 1602 1897 1679; baseline -0.004 -17"><span class='ocrx_word' id='word_1_77' title='bbox 485 1623 598 1679; x_wconf 90' lang='lat' dir='ltr'><strong>que</strong></span> <span class='ocrx_word' id='word_1_78' title='bbox 628 1607 695 1662; x_wconf 91' lang='lat' dir='ltr'><strong>ad</strong></span> <span class='ocrx_word' id='word_1_79' title='bbox 729 1606 905 1662; x_wconf 88' lang='lat' dir='ltr'><strong>aliam</strong></span> <span class='ocrx_word' id='word_1_80' title='bbox 937 1605 1176 1659; x_wconf 88' lang='lat' dir='ltr'><strong>domum</strong></span> <span class='ocrx_word' id='word_1_81' title='bbox 1204 1602 1613 1658; x_wconf 86' lang='lat' dir='ltr'><strong>exstruendam</strong></span> <span class='ocrx_word' id='word_1_82' title='bbox 1645 1602 1897 1657; x_wconf 85' lang='lat' dir='ltr'><strong>auferat.</strong></span> 
     </span>
    </p>
   </div>
   <div class='ocr_carea' id='block_1_18' title="bbox 555 1691 2123 1762">
    <p class='ocr_par' dir='ltr' id='par_1_18' title="bbox 555 1691 2123 1762">
     <span class='ocr_line' id='line_1_18' title="bbox 555 1691 2123 1762; baseline -0.003 -12"><span class='ocrx_word' id='word_1_83' title='bbox 555 1696 808 1752; x_wconf 85' lang='lat' dir='ltr'><strong>Cadaver</strong></span> <span class='ocrx_word' id='word_1_84' title='bbox 844 1693 1103 1749; x_wconf 87' lang='lat' dir='ltr'><strong>hominis</strong></span> <span class='ocrx_word' id='word_1_85' title='bbox 1135 1692 1278 1748; x_wconf 91' lang='lat' dir='ltr'><strong>citra</strong></span> <span class='ocrx_word' id='word_1_86' title='bbox 1304 1692 1639 1747; x_wconf 88' lang='lat' dir='ltr'><strong>mandatum</strong></span> <span class='ocrx_word' id='word_1_87' title='bbox 1675 1691 1826 1762; x_wconf 86' lang='lat' dir='ltr'><strong>imp.</strong></span> <span class='ocrx_word' id='word_1_88' title='bbox 1858 1708 2028 1748; x_wconf 92' lang='lat' dir='ltr'><strong>nemo</strong></span> <span class='ocrx_word' id='word_1_89' title='bbox 2064 1692 2123 1746; x_wconf 92' lang='lat' dir='ltr'><strong>in</strong></span> 
     </span>
    </p>
   </div>
   <div class='ocr_carea' id='block_1_19' title="bbox 485 1783 1256 1842">
    <p class='ocr_par' dir='ltr' id='par_1_19' title="bbox 485 1783 1256 1842">
     <span class='ocr_line' id='line_1_19' title="bbox 485 1783 1256 1842; baseline -0.008 0"><span class='ocrx_word' id='word_1_90' title='bbox 485 1786 677 1842; x_wconf 89' lang='lat' dir='ltr'><strong>locum</strong></span> <span class='ocrx_word' id='word_1_91' title='bbox 713 1784 891 1840; x_wconf 85' lang='lat' dir='ltr'><strong>alium</strong></span> <span class='ocrx_word' id='word_1_92' title='bbox 924 1783 1256 1838; x_wconf 78' lang='lat' dir='ltr'><strong>transferat.</strong></span> 
     </span>
    </p>
   </div>
   <div class='ocr_carea' id='block_1_20' title="bbox 552 1869 1439 1944">
    <p class='ocr_par' dir='ltr' id='par_1_20' title="bbox 552 1869 1439 1944">
     <span class='ocr_line' id='line_1_20' title="bbox 552 1869 1439 1944; baseline -0.007 -14"><span class='ocrx_word' id='word_1_93' title='bbox 552 1869 750 1938; x_wconf 67' lang='lat' dir='ltr'><strong>Quaere</strong></span> <span class='ocrx_word' id='word_1_94' title='bbox 779 1877 835 1929; x_wconf 90' lang='lat' dir='ltr'><strong>et</strong></span> <span class='ocrx_word' id='word_1_95' title='bbox 866 1872 926 1927; x_wconf 89' lang='lat' dir='ltr'><strong>in</strong></span> <span class='ocrx_word' id='word_1_96' title='bbox 958 1887 1082 1944; x_wconf 89' lang='lat' dir='ltr'><strong>cap.</strong></span> <span class='ocrx_word' id='word_1_97' title='bbox 1118 1871 1185 1925; x_wconf 89' lang='grc'>15</span> <span class='ocrx_word' id='word_1_98' title='bbox 1215 1870 1325 1926; x_wconf 90' lang='lat' dir='ltr'><strong>litt.</strong></span> <span class='ocrx_word' id='word_1_99' title='bbox 1362 1870 1439 1926; x_wconf 86' lang='grc' dir='ltr'>Μ.</span> 
     </span>
    </p>
   </div>
   <div class='ocr_carea' id='block_1_21' title="bbox 483 1976 2118 2048">
    <p class='ocr_par' dir='ltr' id='par_1_21' title="bbox 483 1976 2118 2048">
     <span class='ocr_line' id='line_1_21' title="bbox 483 1976 2118 2048; baseline -0.002 -12"><span class='ocrx_word' id='word_1_100' title='bbox 483 1981 642 2036; x_wconf 81' lang='lat' dir='ltr'><strong>CAP.</strong></span> <span class='ocrx_word' id='word_1_101' title='bbox 675 1978 772 2034; x_wconf 91' lang='lat' dir='ltr'><strong>IlI.</strong></span> <span class='ocrx_word' id='word_1_102' title='bbox 826 1977 982 2048; x_wconf 86' lang='lat' dir='ltr'><strong>Quod</strong></span> <span class='ocrx_word' id='word_1_103' title='bbox 1033 1981 1276 2032; x_wconf 75' lang='lat' dir='ltr'><strong>mortuos</strong></span> <span class='ocrx_word' id='word_1_104' title='bbox 1331 1976 1611 2045; x_wconf 65' lang='lat' dir='ltr'><strong>baptizare</strong></span> <span class='ocrx_word' id='word_1_105' title='bbox 1661 1977 1894 2032; x_wconf 78' lang='lat' dir='ltr'><strong>minime</strong></span> <span class='ocrx_word' id='word_1_106' title='bbox 1933 1977 2118 2044; x_wconf 75' lang='lat' dir='ltr'><strong>liceat,</strong></span> 
     </span>
    </p>
   </div>
   <div class='ocr_carea' id='block_1_22' title="bbox 550 2048 2116 2122">
    <p class='ocr_par' dir='ltr' id='par_1_22' title="bbox 550 2048 2116 2122">
     <span class='ocr_line' id='line_1_22' title="bbox 550 2048 2116 2122; baseline -0.001 -15"><span class='ocrx_word' id='word_1_107' title='bbox 550 2067 726 2122; x_wconf 78' lang='lat' dir='ltr'><strong>neque</strong></span> <span class='ocrx_word' id='word_1_108' title='bbox 754 2066 940 2106; x_wconf 78' lang='lat' dir='ltr'><strong>eorum</strong></span> <span class='ocrx_word' id='word_1_109' title='bbox 968 2048 1326 2104; x_wconf 80' lang='lat' dir='ltr'><strong>cadaveribus</strong></span> <span class='ocrx_word' id='word_1_110' title='bbox 1371 2065 1530 2103; x_wconf 68' lang='lat' dir='ltr'><strong>sacra</strong></span> <span class='ocrx_word' id='word_1_111' title='bbox 1568 2048 1829 2118; x_wconf 78' lang='lat' dir='ltr'><strong>mysteria</strong></span> <span class='ocrx_word' id='word_1_112' title='bbox 1856 2049 2116 2119; x_wconf 65' lang='lat' dir='ltr'><strong>przbcrc.</strong></span> 
     </span>
    </p>
   </div>
   <div class='ocr_carea' id='block_1_23' title="bbox 549 2231 1247 2304">
    <p class='ocr_par' dir='ltr' id='par_1_23' title="bbox 549 2231 1247 2304">
     <span class='ocr_line' id='line_1_23' title="bbox 549 2231 1247 2304; baseline -0.006 -13"><span class='ocrx_word' id='word_1_113' title='bbox 549 2235 746 2299; x_wconf 71' lang='lat' dir='ltr'><strong>Quaere</strong></span> <span class='ocrx_word' id='word_1_114' title='bbox 776 2249 904 2304; x_wconf 88' lang='lat' dir='ltr'><strong>cap.</strong></span> <span class='ocrx_word' id='word_1_115' title='bbox 933 2232 1005 2286; x_wconf 87' lang='lat'><strong>26</strong></span> <span class='ocrx_word' id='word_1_116' title='bbox 1034 2231 1148 2286; x_wconf 86' lang='lat' dir='ltr'><strong>litt.</strong></span> <span class='ocrx_word' id='word_1_117' title='bbox 1182 2231 1247 2287; x_wconf 89' lang='grc' dir='ltr'><strong>Κ.</strong></span> 
     </span>
    </p>
   </div>
   <div class='ocr_carea' id='block_1_24' title="bbox 833 2320 1761 2389">
    <p class='ocr_par' dir='ltr' id='par_1_24' title="bbox 833 2320 1761 2389">
     <span class='ocr_line' id='line_1_24' title="bbox 833 2320 1761 2389; baseline -0.005 -11"><span class='ocrx_word' id='word_1_118' title='bbox 833 2321 993 2378; x_wconf 84' lang='lat' dir='ltr'><strong>CAP.</strong></span> <span class='ocrx_word' id='word_1_119' title='bbox 1025 2321 1114 2376; x_wconf 83' lang='grc' dir='ltr'><strong>ιν.</strong></span> <span class='ocrx_word' id='word_1_120' title='bbox 1149 2322 1222 2376; x_wconf 82' lang='lat' dir='ltr'><strong>De</strong></span> <span class='ocrx_word' id='word_1_121' title='bbox 1245 2321 1570 2374; x_wconf 80' lang='lat' dir='ltr'><strong>clericorum</strong></span> <span class='ocrx_word' id='word_1_122' title='bbox 1599 2320 1761 2389; x_wconf 76' lang='lat' dir='ltr'><strong>ﬁliis.</strong></span> 
     </span>
    </p>
   </div>
   <div class='ocr_carea' id='block_1_25' title="bbox 547 2409 2111 2480">
    <p class='ocr_par' dir='ltr' id='par_1_25' title="bbox 547 2409 2111 2480">
     <span class='ocr_line' id='line_1_25' title="bbox 547 2409 2111 2480; baseline -0.004 -9"><span class='ocrx_word' id='word_1_123' title='bbox 547 2415 744 2471; x_wconf 88' lang='lat' dir='ltr'><strong>Canon</strong></span> <span class='ocrx_word' id='word_1_124' title='bbox 791 2413 858 2466; x_wconf 81' lang='lat'><strong>35</strong></span> <span class='ocrx_word' id='word_1_125' title='bbox 900 2411 1125 2468; x_wconf 90' lang='lat' dir='ltr'><strong>concilii</strong></span> <span class='ocrx_word' id='word_1_126' title='bbox 1174 2409 1643 2480; x_wconf 84' lang='lat' dir='ltr'><strong>Carthaginensis</strong></span> <span class='ocrx_word' id='word_1_127' title='bbox 1677 2409 1914 2464; x_wconf 90' lang='lat' dir='ltr'><strong>minime</strong></span> <span class='ocrx_word' id='word_1_128' title='bbox 1943 2426 2111 2479; x_wconf 87' lang='lat' dir='ltr'><strong>opor-</strong></span> 
     </span>
    </p>
   </div>
   <div class='ocr_carea' id='block_1_26' title="bbox 473 2498 2114 2573">
    <p class='ocr_par' dir='ltr' id='par_1_26' title="bbox 473 2498 2114 2573">
     <span class='ocr_line' id='line_1_26' title="bbox 473 2498 2114 2573; baseline -0.004 -14"><span class='ocrx_word' id='word_1_129' title='bbox 473 2509 595 2560; x_wconf 87' lang='lat' dir='ltr'><strong>tere</strong></span> <span class='ocrx_word' id='word_1_130' title='bbox 624 2502 916 2559; x_wconf 81' lang='lat' dir='ltr'><strong>existimat</strong></span> <span class='ocrx_word' id='word_1_131' title='bbox 946 2501 1250 2573; x_wconf 89' lang='lat' dir='ltr'><strong>episcopos</strong></span> <span class='ocrx_word' id='word_1_132' title='bbox 1289 2515 1356 2554; x_wconf 89' lang='lat' dir='ltr'><strong>ac</strong></span> <span class='ocrx_word' id='word_1_133' title='bbox 1405 2499 1643 2554; x_wconf 89' lang='lat' dir='ltr'><strong>clericos</strong></span> <span class='ocrx_word' id='word_1_134' title='bbox 1693 2498 1858 2553; x_wconf 80' lang='lat' dir='ltr'><strong>facile</strong></span> <span class='ocrx_word' id='word_1_135' title='bbox 1916 2498 2114 2553; x_wconf 87' lang='lat' dir='ltr'><strong>liberis</strong></span> 
     </span>
    </p>
   </div>
   <div class='ocr_carea' id='block_1_27' title="bbox 473 2587 2118 2664">
    <p class='ocr_par' dir='ltr' id='par_1_27' title="bbox 473 2587 2118 2664">
     <span class='ocr_line' id='line_1_27' title="bbox 473 2587 2118 2664; baseline -0.005 -14"><span class='ocrx_word' id='word_1_136' title='bbox 473 2594 600 2650; x_wconf 88' lang='lat' dir='ltr'><strong>suis</strong></span> <span class='ocrx_word' id='word_1_137' title='bbox 632 2595 974 2664; x_wconf 83' lang='lat' dir='ltr'><strong>potestatem</strong></span> <span class='ocrx_word' id='word_1_138' title='bbox 1009 2590 1098 2644; x_wconf 90' lang='lat' dir='ltr'><strong>sui</strong></span> <span class='ocrx_word' id='word_1_139' title='bbox 1132 2589 1466 2654; x_wconf 89' lang='lat' dir='ltr'><strong>concedere,</strong></span> <span class='ocrx_word' id='word_1_140' title='bbox 1491 2587 1600 2641; x_wconf 89' lang='lat' dir='ltr'><strong>nisi</strong></span> <span class='ocrx_word' id='word_1_141' title='bbox 1630 2603 1729 2656; x_wconf 91' lang='lat' dir='ltr'><strong>per</strong></span> <span class='ocrx_word' id='word_1_142' title='bbox 1760 2591 1986 2642; x_wconf 64' lang='lat' dir='ltr'><strong>aetatem</strong></span> <span class='ocrx_word' id='word_1_143' title='bbox 2017 2593 2118 2643; x_wconf 91' lang='lat' dir='ltr'><strong>aut</strong></span> 
     </span>
    </p>
   </div>
   <div class='ocr_carea' id='block_1_28' title="bbox 474 2677 2116 2752">
    <p class='ocr_par' dir='ltr' id='par_1_28' title="bbox 474 2677 2116 2752">
     <span class='ocr_line' id='line_1_28' title="bbox 474 2677 2116 2752; baseline -0.005 -12"><span class='ocrx_word' id='word_1_144' title='bbox 474 2699 699 2739; x_wconf 87' lang='lat' dir='ltr'><strong>morum</strong></span> <span class='ocrx_word' id='word_1_145' title='bbox 731 2680 1070 2752; x_wconf 88' lang='lat' dir='ltr'><strong>probitatem</strong></span> <span class='ocrx_word' id='word_1_146' title='bbox 1118 2679 1289 2732; x_wconf 85' lang='lat' dir='ltr'><strong>ﬁdem</strong></span> <span class='ocrx_word' id='word_1_147' title='bbox 1321 2683 1533 2731; x_wconf 89' lang='lat' dir='ltr'><strong>certam</strong></span> <span class='ocrx_word' id='word_1_148' title='bbox 1569 2677 2022 2747; x_wconf 63' lang='lat' dir='ltr'><strong>foceriut,,posse</strong></span> <span class='ocrx_word' id='word_1_149' title='bbox 2054 2693 2116 2731; x_wconf 86' lang='lat' dir='ltr'><strong>se</strong></span> 
     </span>
    </p>
   </div>
   <div class='ocr_carea' id='block_1_29' title="bbox 473 2765 2111 2838">
    <p class='ocr_par' dir='ltr' id='par_1_29' title="bbox 473 2765 2111 2838">
     <span class='ocr_line' id='line_1_29' title="bbox 473 2765 2111 2838; baseline -0.006 -10"><span class='ocrx_word' id='word_1_150' title='bbox 473 2771 882 2829; x_wconf 85' lang='lat' dir='ltr'><strong>convenienter</strong></span> <span class='ocrx_word' id='word_1_151' title='bbox 930 2785 992 2822; x_wconf 88' lang='lat' dir='ltr'><strong>ac</strong></span> <span class='ocrx_word' id='word_1_152' title='bbox 1043 2766 1280 2838; x_wconf 88' lang='lat' dir='ltr'><strong>provide</strong></span> <span class='ocrx_word' id='word_1_153' title='bbox 1346 2781 1436 2820; x_wconf 90' lang='lat' dir='ltr'><strong>res</strong></span> <span class='ocrx_word' id='word_1_154' title='bbox 1495 2781 1630 2820; x_wconf 85' lang='lat' dir='ltr'><strong>suas</strong></span> <span class='ocrx_word' id='word_1_155' title='bbox 1680 2765 2111 2819; x_wconf 86' lang='lat' dir='ltr'><strong>administrare.</strong></span> 
     </span>
    </p>
   </div>
   <div class='ocr_carea' id='block_1_30' title="bbox 473 2853 2112 2929">
    <p class='ocr_par' dir='ltr' id='par_1_30' title="bbox 473 2853 2112 2929">
     <span class='ocr_line' id='line_1_30' title="bbox 473 2853 2112 2929; baseline -0.003 -14"><span class='ocrx_word' id='word_1_156' title='bbox 473 2862 648 2917; x_wconf 89' lang='lat' dir='ltr'><strong>Seous</strong></span> <span class='ocrx_word' id='word_1_157' title='bbox 694 2859 850 2916; x_wconf 85' lang='lat' dir='ltr'><strong>enim</strong></span> <span class='ocrx_word' id='word_1_158' title='bbox 882 2862 940 2912; x_wconf 93' lang='lat' dir='ltr'><strong>et</strong></span> <span class='ocrx_word' id='word_1_159' title='bbox 969 2857 1082 2929; x_wconf 89' lang='lat' dir='ltr'><strong>ipsi</strong></span> <span class='ocrx_word' id='word_1_160' title='bbox 1129 2855 1446 2911; x_wconf 91' lang='lat' dir='ltr'><strong>liberorum</strong></span> <span class='ocrx_word' id='word_1_161' title='bbox 1493 2870 1728 2910; x_wconf 90' lang='lat' dir='ltr'><strong>suorum</strong></span> <span class='ocrx_word' id='word_1_162' title='bbox 1770 2853 2112 2910; x_wconf 84' lang='lat' dir='ltr'><strong>criminibus</strong></span> 
     </span>
    </p>
   </div>
   <div class='ocr_carea' id='block_1_31' title="bbox 472 2949 922 3006">
    <p class='ocr_par' dir='ltr' id='par_1_31' title="bbox 472 2949 922 3006">
     <span class='ocr_line' id='line_1_31' title="bbox 472 2949 922 3006; baseline -0.013 0"><span class='ocrx_word' id='word_1_163' title='bbox 472 2949 704 3006; x_wconf 83' lang='lat' dir='ltr'><strong>obnoxii</strong></span> <span class='ocrx_word' id='word_1_164' title='bbox 735 2954 922 3004; x_wconf 86' lang='lat' dir='ltr'><strong>erunt.</strong></span> 
     </span>
    </p>
   </div>
   <div class='ocr_carea' id='block_1_32' title="bbox 1195 3033 1381 3103">
    <p class='ocr_par' dir='ltr' id='par_1_32' title="bbox 1195 3033 1381 3103">
     <span class='ocr_line' id='line_1_32' title="bbox 1195 3033 1381 3103; baseline -0.005 -17"><span class='ocrx_word' id='word_1_165' title='bbox 1195 3033 1381 3103; x_wconf 76' lang='lat' dir='ltr'><strong>Leges.</strong></span> 
     </span>
    </p>
   </div>
   <div class='ocr_carea' id='block_1_33' title="bbox 543 3119 2111 3196">
    <p class='ocr_par' dir='ltr' id='par_1_33' title="bbox 543 3119 2111 3196">
     <span class='ocr_line' id='line_1_33' title="bbox 543 3119 2111 3196; baseline -0.004 -14"><span class='ocrx_word' id='word_1_166' title='bbox 543 3128 722 3196; x_wconf 80' lang='lat' dir='ltr'><strong>Leges</strong></span> <span class='ocrx_word' id='word_1_167' title='bbox 768 3126 960 3180; x_wconf 87' lang='lat' dir='ltr'><strong>autem</strong></span> <span class='ocrx_word' id='word_1_168' title='bbox 1022 3124 1292 3177; x_wconf 89' lang='lat' dir='ltr'><strong>statuunt</strong></span> <span class='ocrx_word' id='word_1_169' title='bbox 1348 3119 1672 3176; x_wconf 89' lang='lat' dir='ltr'><strong>libertatem</strong></span> <span class='ocrx_word' id='word_1_170' title='bbox 1734 3119 1874 3174; x_wconf 85' lang='lat' dir='ltr'><strong>ﬁliis</strong></span> <span class='ocrx_word' id='word_1_171' title='bbox 1918 3135 2030 3174; x_wconf 91' lang='lat' dir='ltr'><strong>non</strong></span> <span class='ocrx_word' id='word_1_172' title='bbox 2077 3135 2111 3175; x_wconf 92' lang='lat' dir='ltr'><strong>a</strong></span> 
     </span>
    </p>
   </div>
   <div class='ocr_carea' id='block_1_34' title="bbox 470 3208 2105 3289">
    <p class='ocr_par' dir='ltr' id='par_1_34' title="bbox 470 3208 2105 3289">
     <span class='ocr_line' id='line_1_34' title="bbox 470 3208 2105 3289; baseline -0.006 -17"><span class='ocrx_word' id='word_1_173' title='bbox 470 3223 635 3289; x_wconf 90' lang='lat' dir='ltr'><strong>patre</strong></span> <span class='ocrx_word' id='word_1_174' title='bbox 679 3213 822 3280; x_wconf 90' lang='lat' dir='ltr'><strong>solo,</strong></span> <span class='ocrx_word' id='word_1_175' title='bbox 865 3213 982 3269; x_wconf 89' lang='lat' dir='ltr'><strong>sive</strong></span> <span class='ocrx_word' id='word_1_176' title='bbox 1017 3211 1265 3266; x_wconf 89' lang='lat' dir='ltr'><strong>clericus</strong></span> <span class='ocrx_word' id='word_1_177' title='bbox 1309 3208 1408 3278; x_wconf 85' lang='lat' dir='ltr'><strong>sit,</strong></span> <span class='ocrx_word' id='word_1_178' title='bbox 1451 3209 1570 3264; x_wconf 89' lang='lat' dir='ltr'><strong>sive</strong></span> <span class='ocrx_word' id='word_1_179' title='bbox 1629 3209 1837 3278; x_wconf 89' lang='lat' dir='ltr'><strong>laicus,</strong></span> <span class='ocrx_word' id='word_1_180' title='bbox 1881 3210 2105 3278; x_wconf 82' lang='lat' dir='ltr'><strong>donari,</strong></span> 
     </span>
    </p>
   </div>
   <div class='ocr_carea' id='block_1_35' title="bbox 2245 617 3859 711">
    <p class='ocr_par' dir='ltr' id='par_1_35' title="bbox 2245 617 3859 711">
     <span class='ocr_line' id='line_1_35' title="bbox 2245 617 3859 711; baseline 0.011 -36"><span class='ocrx_word' id='word_1_181' title='bbox 2245 617 2448 692; x_wconf 70' lang='grc' dir='ltr'>ϐαίνειν,</span> <span class='ocrx_word' id='word_1_182' title='bbox 2503 627 2588 679; x_wconf 79' lang='grc' dir='ltr'><strong>καὶ</strong></span> <span class='ocrx_word' id='word_1_183' title='bbox 2639 626 3051 703; x_wconf 79' lang='grc' dir='ltr'><strong>εἰσερχομένους</strong></span> <span class='ocrx_word' id='word_1_184' title='bbox 3120 634 3372 706; x_wconf 83' lang='grc' dir='ltr'><strong>καθίζειν,</strong></span> <span class='ocrx_word' id='word_1_185' title='bbox 3438 637 3527 692; x_wconf 84' lang='grc' dir='ltr'><strong>καὶ</strong></span> <span class='ocrx_word' id='word_1_186' title='bbox 3579 638 3732 711; x_wconf 82' lang='grc' dir='ltr'>μόνον</span> <span class='ocrx_word' id='word_1_187' title='bbox 3781 639 3859 710; x_wconf 82' lang='grc' dir='ltr'>ἐᾷν</span> 
     </span>
    </p>
   </div>
   <div class='ocr_carea' id='block_1_36' title="bbox 2241 713 3860 800">
    <p class='ocr_par' dir='ltr' id='par_1_36' title="bbox 2241 713 3860 800">
     <span class='ocr_line' id='line_1_36' title="bbox 2241 713 3860 800; baseline 0.01 -34"><span class='ocrx_word' id='word_1_188' title='bbox 2241 713 2332 767; x_wconf 86' lang='grc' dir='ltr'>τὸν</span> <span class='ocrx_word' id='word_1_189' title='bbox 2393 713 2684 772; x_wconf 83' lang='grc' dir='ltr'>ἐπίσκοπον</span> <span class='ocrx_word' id='word_1_190' title='bbox 2743 721 2879 794; x_wconf 81' lang='grc' dir='ltr'>(οὐχ</span> <span class='ocrx_word' id='word_1_191' title='bbox 2941 721 3090 787; x_wconf 79' lang='grc' dir='ltr'>ὅπως</span> <span class='ocrx_word' id='word_1_192' title='bbox 3146 725 3250 800; x_wconf 74' lang='grc' dir='ltr'>γᾶρ</span> <span class='ocrx_word' id='word_1_193' title='bbox 3307 725 3543 800; x_wconf 76' lang='grc' dir='ltr'><strong>ἀταξίας,</strong></span> <span class='ocrx_word' id='word_1_194' title='bbox 3600 727 3742 784; x_wconf 86' lang='grc' dir='ltr'><strong>άλλὰ</strong></span> <span class='ocrx_word' id='word_1_195' title='bbox 3777 728 3860 782; x_wconf 88' lang='grc' dir='ltr'><strong>καὶ</strong></span> 
     </span>
    </p>
   </div>
   <div class='ocr_carea' id='block_1_37' title="bbox 2240 806 3860 890">
    <p class='ocr_par' dir='ltr' id='par_1_37' title="bbox 2240 806 3860 890">
     <span class='ocr_line' id='line_1_37' title="bbox 2240 806 3860 890; baseline 0.009 -34"><span class='ocrx_word' id='word_1_196' title='bbox 2240 806 2336 856; x_wconf 80' lang='grc' dir='ltr'><strong>τοῦ</strong></span> <span class='ocrx_word' id='word_1_197' title='bbox 2367 813 2708 884; x_wconf 70' lang='grc' dir='ltr'><strong>περιφρονεῖν</strong></span> <span class='ocrx_word' id='word_1_198' title='bbox 2749 810 2838 864; x_wconf 87' lang='grc' dir='ltr'>τὸν</span> <span class='ocrx_word' id='word_1_199' title='bbox 2878 809 3166 867; x_wconf 82' lang='grc' dir='ltr'>ἐπίσκοπον</span> <span class='ocrx_word' id='word_1_200' title='bbox 3201 819 3362 870; x_wconf 79' lang='grc' dir='ltr'>τοῦτο</span> <span class='ocrx_word' id='word_1_201' title='bbox 3403 820 3674 890; x_wconf 80' lang='grc' dir='ltr'>σημεῖον),</span> <span class='ocrx_word' id='word_1_202' title='bbox 3724 816 3860 872; x_wconf 80' lang='grc' dir='ltr'>ἀλλὰ</span> 
     </span>
    </p>
   </div>
   <div class='ocr_carea' id='block_1_38' title="bbox 2238 891 3857 982">
    <p class='ocr_par' dir='ltr' id='par_1_38' title="bbox 2238 891 3857 982">
     <span class='ocr_line' id='line_1_38' title="bbox 2238 891 3857 982; baseline 0.011 -40"><span class='ocrx_word' id='word_1_203' title='bbox 2238 891 2416 964; x_wconf 84' lang='grc' dir='ltr'>τούτῳ</span> <span class='ocrx_word' id='word_1_204' title='bbox 2465 897 2801 966; x_wconf 80' lang='grc' dir='ltr'>συνεισιὲναι,</span> <span class='ocrx_word' id='word_1_205' title='bbox 2852 899 2896 953; x_wconf 84' lang='grc' dir='ltr'><strong>εἰ</strong></span> <span class='ocrx_word' id='word_1_206' title='bbox 2931 903 3118 973; x_wconf 77' lang='grc' dir='ltr'>μήπου</span> <span class='ocrx_word' id='word_1_207' title='bbox 3165 924 3247 964; x_wconf 87' lang='grc' dir='ltr'><strong>τις</strong></span> <span class='ocrx_word' id='word_1_208' title='bbox 3286 904 3594 978; x_wconf 78' lang='grc' dir='ltr'><strong>ἀνωμάλως</strong></span> <span class='ocrx_word' id='word_1_209' title='bbox 3643 905 3756 982; x_wconf 84' lang='grc' dir='ltr'>ἔχει</span> <span class='ocrx_word' id='word_1_210' title='bbox 3800 905 3857 960; x_wconf 86' lang='grc' dir='ltr'>τὸ</span> 
     </span>
    </p>
   </div>
   <div class='ocr_carea' id='block_1_39' title="bbox 2239 984 3586 1071">
    <p class='ocr_par' dir='ltr' id='par_1_39' title="bbox 2239 984 3586 1071">
     <span class='ocr_line' id='line_1_39' title="bbox 2239 984 3586 1071; baseline 0.013 -39"><span class='ocrx_word' id='word_1_211' title='bbox 2239 984 2419 1052; x_wconf 89' lang='grc' dir='ltr'>σῶμα,</span> <span class='ocrx_word' id='word_1_212' title='bbox 2443 984 2531 1037; x_wconf 83' lang='grc' dir='ltr'><strong>καὶ</strong></span> <span class='ocrx_word' id='word_1_213' title='bbox 2563 987 2663 1053; x_wconf 85' lang='grc' dir='ltr'><strong>τήν</strong></span> <span class='ocrx_word' id='word_1_214' title='bbox 2697 987 2878 1042; x_wconf 81' lang='grc' dir='ltr'>στάσιν</span> <span class='ocrx_word' id='word_1_215' title='bbox 2910 989 3106 1058; x_wconf 67' lang='grc' dir='ltr'>ἣκιστα</span> <span class='ocrx_word' id='word_1_216' title='bbox 3137 989 3353 1048; x_wconf 86' lang='grc' dir='ltr'>δύναται</span> <span class='ocrx_word' id='word_1_217' title='bbox 3385 993 3586 1071; x_wconf 67' lang='grc' dir='ltr'>φέρειν.</span> 
     </span>
    </p>
   </div>
   <div class='ocr_carea' id='block_1_40' title="bbox 2639 1154 3477 1233">
    <p class='ocr_par' dir='ltr' id='par_1_40' title="bbox 2639 1154 3477 1233">
     <span class='ocr_line' id='line_1_40' title="bbox 2639 1154 3477 1233; baseline 0.011 -29"><span class='ocrx_word' id='word_1_218' title='bbox 2639 1154 2890 1208; x_wconf 83' lang='grc' dir='ltr'><strong>ΚΕΦΑΛ.</strong></span> <span class='ocrx_word' id='word_1_219' title='bbox 2935 1154 3005 1212; x_wconf 81' lang='grc' dir='ltr'>Β’.</span> <span class='ocrx_word' id='word_1_220' title='bbox 3049 1155 3208 1228; x_wconf 84' lang='grc' dir='ltr'>Περὶ</span> <span class='ocrx_word' id='word_1_221' title='bbox 3236 1163 3477 1233; x_wconf 70' lang='grc' dir='ltr'>ταφῆς.</span> 
     </span>
    </p>
   </div>
   <div class='ocr_carea' id='block_1_41' title="bbox 2937 1245 3180 1316">
    <p class='ocr_par' dir='ltr' id='par_1_41' title="bbox 2937 1245 3180 1316">
     <span class='ocr_line' id='line_1_41' title="bbox 2937 1245 3180 1316; baseline 0.016 -20"><span class='ocrx_word' id='word_1_222' title='bbox 2937 1245 3180 1316; x_wconf 85' lang='grc' dir='ltr'><strong>Νόμοι.</strong></span> 
     </span>
    </p>
   </div>
   <div class='ocr_carea' id='block_1_42' title="bbox 2305 1321 3853 1411">
    <p class='ocr_par' dir='ltr' id='par_1_42' title="bbox 2305 1321 3853 1411">
     <span class='ocr_line' id='line_1_42' title="bbox 2305 1321 3853 1411; baseline 0.006 -30"><span class='ocrx_word' id='word_1_223' title='bbox 2305 1325 2420 1381; x_wconf 87' lang='grc' dir='ltr'><strong>Ούκ</strong></span> <span class='ocrx_word' id='word_1_224' title='bbox 2447 1321 2611 1395; x_wconf 79' lang='grc' dir='ltr'>ἔξεστι</span> <span class='ocrx_word' id='word_1_225' title='bbox 2645 1330 2862 1385; x_wconf 82' lang='grc' dir='ltr'><strong>θάπτειν</strong></span> <span class='ocrx_word' id='word_1_226' title='bbox 2901 1327 3021 1386; x_wconf 79' lang='grc' dir='ltr'>ἔνθα</span> <span class='ocrx_word' id='word_1_227' title='bbox 3071 1329 3239 1398; x_wconf 80' lang='grc' dir='ltr'>δῆλόν</span> <span class='ocrx_word' id='word_1_228' title='bbox 3287 1333 3427 1389; x_wconf 73' lang='grc' dir='ltr'>ἐστιν</span> <span class='ocrx_word' id='word_1_229' title='bbox 3465 1335 3545 1390; x_wconf 78' lang='grc' dir='ltr'><strong>δτι</strong></span> <span class='ocrx_word' id='word_1_230' title='bbox 3591 1337 3853 1411; x_wconf 79' lang='grc' dir='ltr'>μάρτυρος</span> 
     </span>
    </p>
   </div>
   <div class='ocr_carea' id='block_1_43' title="bbox 2235 1417 2722 1486">
    <p class='ocr_par' dir='ltr' id='par_1_43' title="bbox 2235 1417 2722 1486">
     <span class='ocr_line' id='line_1_43' title="bbox 2235 1417 2722 1486; baseline 0.014 -20"><span class='ocrx_word' id='word_1_231' title='bbox 2235 1417 2392 1486; x_wconf 90' lang='grc' dir='ltr'>σῶμα</span> <span class='ocrx_word' id='word_1_232' title='bbox 2422 1417 2722 1474; x_wconf 86' lang='grc' dir='ltr'>ἀπόκειται.</span> 
     </span>
    </p>
   </div>
   <div class='ocr_carea' id='block_1_44' title="bbox 2305 1501 3856 1589">
    <p class='ocr_par' dir='ltr' id='par_1_44' title="bbox 2305 1501 3856 1589">
     <span class='ocr_line' id='line_1_44' title="bbox 2305 1501 3856 1589; baseline 0.006 -30"><span class='ocrx_word' id='word_1_233' title='bbox 2305 1501 2494 1566; x_wconf 75' lang='grc' dir='ltr'>Οὐδεὶς</span> <span class='ocrx_word' id='word_1_234' title='bbox 2533 1504 2640 1560; x_wconf 82' lang='grc' dir='ltr'>ἀπὸ</span> <span class='ocrx_word' id='word_1_235' title='bbox 2681 1512 2789 1562; x_wconf 88' lang='grc' dir='ltr'><strong>τῶν</strong></span> <span class='ocrx_word' id='word_1_236' title='bbox 2840 1510 3021 1586; x_wconf 73' lang='grc' dir='ltr'>τάφων</span> <span class='ocrx_word' id='word_1_237' title='bbox 3071 1511 3208 1582; x_wconf 81' lang='grc' dir='ltr'>ὕλην</span> <span class='ocrx_word' id='word_1_238' title='bbox 3260 1515 3380 1568; x_wconf 72' lang='grc' dir='ltr'>τινα</span> <span class='ocrx_word' id='word_1_239' title='bbox 3482 1510 3663 1589; x_wconf 77' lang='grc' dir='ltr'>ἕτερον</span> <span class='ocrx_word' id='word_1_240' title='bbox 3712 1514 3856 1569; x_wconf 84' lang='grc' dir='ltr'>εἰκο-</span> 
     </span>
    </p>
   </div>
   <div class='ocr_carea' id='block_1_45' title="bbox 2235 1589 2805 1673">
    <p class='ocr_par' dir='ltr' id='par_1_45' title="bbox 2235 1589 2805 1673">
     <span class='ocr_line' id='line_1_45' title="bbox 2235 1589 2805 1673; baseline 0.012 -28"><span class='ocrx_word' id='word_1_241' title='bbox 2235 1589 2294 1646; x_wconf 90' lang='grc' dir='ltr'><strong>δό</strong></span> <span class='ocrx_word' id='word_1_242' title='bbox 2305 1614 2380 1664; x_wconf 87' lang='grc' dir='ltr'><strong>μη</strong></span> <span class='ocrx_word' id='word_1_243' title='bbox 2391 1613 2464 1666; x_wconf 90' lang='grc' dir='ltr'><strong>μα</strong></span> <span class='ocrx_word' id='word_1_244' title='bbox 2499 1596 2805 1673; x_wconf 74' lang='grc' dir='ltr'>μεταφέρει.</span> 
     </span>
    </p>
   </div>
   <div class='ocr_carea' id='block_1_46' title="bbox 2306 1682 3854 1771">
    <p class='ocr_par' dir='ltr' id='par_1_46' title="bbox 2306 1682 3854 1771">
     <span class='ocr_line' id='line_1_46' title="bbox 2306 1682 3854 1771; baseline 0.006 -31"><span class='ocrx_word' id='word_1_245' title='bbox 2306 1682 2511 1754; x_wconf 77' lang='grc' dir='ltr'><strong>Μηδεὶς</strong></span> <span class='ocrx_word' id='word_1_246' title='bbox 2562 1691 2722 1758; x_wconf 89' lang='grc' dir='ltr'>σῶμα</span> <span class='ocrx_word' id='word_1_247' title='bbox 2769 1688 3106 1764; x_wconf 86' lang='grc' dir='ltr'>ἀνθρώπινον</span> <span class='ocrx_word' id='word_1_248' title='bbox 3151 1695 3330 1768; x_wconf 83' lang='grc' dir='ltr'>χωρὶς</span> <span class='ocrx_word' id='word_1_249' title='bbox 3377 1695 3675 1758; x_wconf 88' lang='grc' dir='ltr'>κελεύσεως</span> <span class='ocrx_word' id='word_1_250' title='bbox 3723 1696 3854 1771; x_wconf 78' lang='grc' dir='ltr'>βασι-</span> 
     </span>
    </p>
   </div>
   <div class='ocr_carea' id='block_1_47' title="bbox 2235 1773 3306 1861">
    <p class='ocr_par' dir='ltr' id='par_1_47' title="bbox 2235 1773 3306 1861">
     <span class='ocr_line' id='line_1_47' title="bbox 2235 1773 3306 1861; baseline 0.01 -34"><span class='ocrx_word' id='word_1_251' title='bbox 2235 1773 2397 1844; x_wconf 79' lang='grc' dir='ltr'>λικῆς</span> <span class='ocrx_word' id='word_1_252' title='bbox 2429 1775 2504 1838; x_wconf 83' lang='grc' dir='ltr'><strong>εἰς</strong></span> <span class='ocrx_word' id='word_1_253' title='bbox 2532 1773 2711 1850; x_wconf 75' lang='grc' dir='ltr'>ἕτερον</span> <span class='ocrx_word' id='word_1_254' title='bbox 2739 1777 2905 1834; x_wconf 85' lang='grc' dir='ltr'>τόπον</span> <span class='ocrx_word' id='word_1_255' title='bbox 2943 1783 3306 1861; x_wconf 73' lang='grc' dir='ltr'>μεταφερέτω.</span> 
     </span>
    </p>
   </div>
   <div class='ocr_carea' id='block_1_48' title="bbox 2303 1867 3558 1948">
    <p class='ocr_par' dir='ltr' id='par_1_48' title="bbox 2303 1867 3558 1948">
     <span class='ocr_line' id='line_1_48' title="bbox 2303 1867 3558 1948; baseline 0.01 -29"><span class='ocrx_word' id='word_1_256' title='bbox 2303 1867 2462 1934; x_wconf 85' lang='grc' dir='ltr'>Ζήτει</span> <span class='ocrx_word' id='word_1_257' title='bbox 2492 1869 2583 1921; x_wconf 82' lang='grc' dir='ltr'>καὶ</span> <span class='ocrx_word' id='word_1_258' title='bbox 2613 1867 2664 1921; x_wconf 84' lang='grc' dir='ltr'>ἐν</span> <span class='ocrx_word' id='word_1_259' title='bbox 2703 1872 2780 1940; x_wconf 81' lang='grc' dir='ltr'>τῷ</span> <span class='ocrx_word' id='word_1_260' title='bbox 2815 1869 2868 1923; x_wconf 86' lang='grc' dir='ltr'>ιε’</span> <span class='ocrx_word' id='word_1_261' title='bbox 2900 1890 3018 1947; x_wconf 72' lang='grc' dir='ltr'>κειρ.</span> <span class='ocrx_word' id='word_1_262' title='bbox 3050 1875 3146 1926; x_wconf 81' lang='grc' dir='ltr'>τοῦ</span> <span class='ocrx_word' id='word_1_263' title='bbox 3177 1880 3228 1928; x_wconf 83' lang='grc' dir='ltr'><em>Μ</em></span> <span class='ocrx_word' id='word_1_264' title='bbox 3259 1874 3558 1948; x_wconf 74' lang='grc' dir='ltr'>στοιχείου.</span> 
     </span>
    </p>
   </div>
   <div class='ocr_carea' id='block_1_49' title="bbox 2237 1976 3848 2057">
    <p class='ocr_par' dir='ltr' id='par_1_49' title="bbox 2237 1976 3848 2057">
     <span class='ocr_line' id='line_1_49' title="bbox 2237 1976 3848 2057; baseline 0.006 -31"><span class='ocrx_word' id='word_1_265' title='bbox 2237 1979 2491 2057; x_wconf 41' lang='lat' dir='ltr'><strong>“Edidit.</strong></span> <span class='ocrx_word' id='word_1_266' title='bbox 2526 1978 2787 2057; x_wconf 42' lang='lat' dir='ltr'><strong>P&#39;.A&quot;01‘t</strong></span> <span class='ocrx_word' id='word_1_267' title='bbox 2812 1976 3544 2057; x_wconf 28' lang='grc' dir='ltr'>’τοὺςΑτελευτήσαντας</span> <span class='ocrx_word' id='word_1_268' title='bbox 3578 1981 3728 2057; x_wconf 76' lang='grc' dir='ltr'>οὔτε</span> <span class='ocrx_word' id='word_1_269' title='bbox 3760 1984 3848 2057; x_wconf 88' lang='grc' dir='ltr'><strong>βα-</strong></span> 
     </span>
    </p>
   </div>
   <div class='ocr_carea' id='block_1_50' title="bbox 2301 2047 3852 2127">
    <p class='ocr_par' dir='ltr' id='par_1_50' title="bbox 2301 2047 3852 2127">
     <span class='ocr_line' id='line_1_50' title="bbox 2301 2047 3852 2127; baseline 0.008 -30"><span class='ocrx_word' id='word_1_270' title='bbox 2301 2047 2912 2127; x_wconf 40' lang='grc' dir='ltr'>πτίζειν-θεμιτὸν,</span> <span class='ocrx_word' id='word_1_271' title='bbox 2949 2051 3098 2127; x_wconf 28' lang='grc' dir='ltr'>οᾳῦτε</span> <span class='ocrx_word' id='word_1_272' title='bbox 3133 2047 3610 2127; x_wconf 71' lang='grc' dir='ltr'>τοῖςσώμασιν</span> <span class='ocrx_word' id='word_1_273' title='bbox 3651 2047 3852 2109; x_wconf 67' lang='grc' dir='ltr'>αὖτ’ῶν</span> 
     </span>
    </p>
   </div>
   <div class='ocr_carea' id='block_1_51' title="bbox 2301 2121 3184 2192">
    <p class='ocr_par' dir='ltr' id='par_1_51' title="bbox 2301 2121 3184 2192">
     <span class='ocr_line' id='line_1_51' title="bbox 2301 2121 3184 2192; baseline 0.012 -22"><span class='ocrx_word' id='word_1_274' title='bbox 2301 2121 2663 2181; x_wconf 80' lang='grc' dir='ltr'>κοινωνίας</span> <span class='ocrx_word' id='word_1_275' title='bbox 2717 2121 3184 2192; x_wconf 82' lang='grc' dir='ltr'>μεταδιδόναι.</span> 
     </span>
    </p>
   </div>
   <div class='ocr_carea' id='block_1_52' title="bbox 2300 2227 3506 2307">
    <p class='ocr_par' dir='ltr' id='par_1_52' title="bbox 2300 2227 3506 2307">
     <span class='ocr_line' id='line_1_52' title="bbox 2300 2227 3506 2307; baseline 0.011 -29"><span class='ocrx_word' id='word_1_276' title='bbox 2300 2227 2456 2296; x_wconf 69' lang='grc' dir='ltr'>Ζήτει</span> <span class='ocrx_word' id='word_1_277' title='bbox 2486 2228 2548 2280; x_wconf 83' lang='grc' dir='ltr'>τὸ</span> <span class='ocrx_word' id='word_1_278' title='bbox 2579 2231 2658 2289; x_wconf 90' lang='grc' dir='ltr'>κς¹</span> <span class='ocrx_word' id='word_1_279' title='bbox 2688 2227 2982 2304; x_wconf 76' lang='grc' dir='ltr'>κεφάλαιον</span> <span class='ocrx_word' id='word_1_280' title='bbox 3014 2235 3110 2286; x_wconf 79' lang='grc' dir='ltr'><strong>τοῦ</strong></span> <span class='ocrx_word' id='word_1_281' title='bbox 3144 2238 3180 2285; x_wconf 80' lang='grc' dir='ltr'><strong>Κ</strong></span> <span class='ocrx_word' id='word_1_282' title='bbox 3211 2231 3506 2307; x_wconf 81' lang='grc' dir='ltr'>στοιχείου.</span> 
     </span>
    </p>
   </div>
   <div class='ocr_carea' id='block_1_53' title="bbox 2303 2319 3853 2394">
    <p class='ocr_par' dir='ltr' id='par_1_53' title="bbox 2303 2319 3853 2394">
     <span class='ocr_line' id='line_1_53' title="bbox 2327 2319 3776 2338; baseline 0.001 -5"><span class='ocrx_word' id='word_1_283' title='bbox 2327 2323 2386 2334; x_wconf 62' lang='grc' dir='ltr'>ν.</span> <span class='ocrx_word' id='word_1_284' title='bbox 2640 2319 2652 2334; x_wconf 70' lang='grc' dir='ltr'><strong>ρ</strong></span> <span class='ocrx_word' id='word_1_285' title='bbox 2855 2319 2867 2335; x_wconf 84' lang='lat'><strong>.</strong></span> <span class='ocrx_word' id='word_1_286' title='bbox 2953 2324 2975 2334; x_wconf 86' lang='lat'><strong>..</strong></span> <span class='ocrx_word' id='word_1_287' title='bbox 3107 2319 3118 2338; x_wconf 87' lang='lat'><strong>.</strong></span> <span class='ocrx_word' id='word_1_288' title='bbox 3377 2326 3401 2334; x_wconf 75' lang='lat'><strong>-</strong></span> <span class='ocrx_word' id='word_1_289' title='bbox 3752 2326 3776 2335; x_wconf 88' lang='grc'><strong>..</strong></span> 
     </span>
     <span class='ocr_line' id='line_1_54' title="bbox 2303 2321 3853 2394; baseline 0.003 -25"><span class='ocrx_word' id='word_1_290' title='bbox 2303 2323 2556 2371; x_wconf 66' lang='grc' dir='ltr'>ίιΕΦΑΛ.</span> <span class='ocrx_word' id='word_1_291' title='bbox 2601 2326 2670 2374; x_wconf 86' lang='grc' dir='ltr'>Δ.</span> <span class='ocrx_word' id='word_1_292' title='bbox 2716 2325 2869 2391; x_wconf 88' lang='grc' dir='ltr'>Περι</span> <span class='ocrx_word' id='word_1_293' title='bbox 2899 2343 3027 2374; x_wconf 86' lang='grc' dir='ltr'><strong>των</strong></span> <span class='ocrx_word' id='word_1_294' title='bbox 3059 2341 3297 2375; x_wconf 84' lang='grc' dir='ltr'>τεκνων</span> <span class='ocrx_word' id='word_1_295' title='bbox 3328 2343 3452 2376; x_wconf 87' lang='grc' dir='ltr'><strong>των</strong></span> <span class='ocrx_word' id='word_1_296' title='bbox 3485 2321 3853 2394; x_wconf 79' lang='grc' dir='ltr'>κληρικων.</span> 
     </span>
    </p>
   </div>
   <div class='ocr_carea' id='block_1_54' title="bbox 2299 2405 3856 2483">
    <p class='ocr_par' dir='ltr' id='par_1_54' title="bbox 2299 2405 3856 2483">
     <span class='ocr_line' id='line_1_55' title="bbox 2299 2405 3856 2483; baseline -0.001 -22"><span class='ocrx_word' id='word_1_297' title='bbox 2299 2407 2360 2461; x_wconf 77' lang='grc' dir='ltr'><strong>Ὀ</strong></span> <span class='ocrx_word' id='word_1_298' title='bbox 2392 2405 2468 2459; x_wconf 90' lang='grc' dir='ltr'>λε’</span> <span class='ocrx_word' id='word_1_299' title='bbox 2499 2408 2598 2475; x_wconf 69' lang='grc' dir='ltr'><strong>τῆς</strong></span> <span class='ocrx_word' id='word_1_300' title='bbox 2631 2406 2682 2459; x_wconf 80' lang='grc' dir='ltr'>ἐν</span> <span class='ocrx_word' id='word_1_301' title='bbox 2729 2409 3039 2483; x_wconf 76' lang='grc' dir='ltr'>Καρθαγένῃ</span> <span class='ocrx_word' id='word_1_302' title='bbox 3077 2407 3300 2462; x_wconf 85' lang='grc' dir='ltr'>συνόδου</span> <span class='ocrx_word' id='word_1_303' title='bbox 3343 2409 3518 2463; x_wconf 86' lang='grc' dir='ltr'>κανὼν</span> <span class='ocrx_word' id='word_1_304' title='bbox 3560 2410 3662 2463; x_wconf 86' lang='grc' dir='ltr'><strong>ούκ</strong></span> <span class='ocrx_word' id='word_1_305' title='bbox 3699 2408 3856 2462; x_wconf 75' lang='grc' dir='ltr'>οἴεται</span> 
     </span>
    </p>
   </div>
   <div class='ocr_carea' id='block_1_55' title="bbox 2229 2490 3861 2570">
    <p class='ocr_par' dir='ltr' id='par_1_55' title="bbox 2229 2490 3861 2570">
     <span class='ocr_line' id='line_1_56' title="bbox 2229 2490 3861 2570; baseline 0.002 -25"><span class='ocrx_word' id='word_1_306' title='bbox 2229 2490 2340 2547; x_wconf 86' lang='grc' dir='ltr'>δεῖν</span> <span class='ocrx_word' id='word_1_307' title='bbox 2391 2493 2715 2556; x_wconf 82' lang='grc' dir='ltr'>ἐπισκόπους</span> <span class='ocrx_word' id='word_1_308' title='bbox 2756 2495 2844 2548; x_wconf 80' lang='grc' dir='ltr'>καὶ</span> <span class='ocrx_word' id='word_1_309' title='bbox 2885 2496 3182 2568; x_wconf 80' lang='grc' dir='ltr'>κληρικοὺς</span> <span class='ocrx_word' id='word_1_310' title='bbox 3227 2496 3463 2570; x_wconf 78' lang='grc' dir='ltr'>εὐχερῶς</span> <span class='ocrx_word' id='word_1_311' title='bbox 3502 2502 3617 2557; x_wconf 85' lang='grc' dir='ltr'>τοῖς</span> <span class='ocrx_word' id='word_1_312' title='bbox 3662 2496 3861 2557; x_wconf 71' lang='grc' dir='ltr'>τεκνοις</span> 
     </span>
    </p>
   </div>
   <div class='ocr_carea' id='block_1_56' title="bbox 2227 2582 3863 2657">
    <p class='ocr_par' dir='ltr' id='par_1_56' title="bbox 2227 2582 3863 2657">
     <span class='ocr_line' id='line_1_57' title="bbox 2227 2582 3863 2657; baseline 0.001 -21"><span class='ocrx_word' id='word_1_313' title='bbox 2227 2585 2403 2637; x_wconf 82' lang='grc' dir='ltr'>αὐτῶν</span> <span class='ocrx_word' id='word_1_314' title='bbox 2449 2582 2651 2638; x_wconf 84' lang='grc' dir='ltr'>διδόναι</span> <span class='ocrx_word' id='word_1_315' title='bbox 2694 2585 2756 2638; x_wconf 89' lang='grc' dir='ltr'>τὸ</span> <span class='ocrx_word' id='word_1_316' title='bbox 2804 2585 3170 2654; x_wconf 79' lang='grc' dir='ltr'>αύτεξούσιον;</span> <span class='ocrx_word' id='word_1_317' title='bbox 3221 2585 3267 2640; x_wconf 81' lang='grc' dir='ltr'>εἷ</span> <span class='ocrx_word' id='word_1_318' title='bbox 3318 2587 3395 2657; x_wconf 74' lang='grc' dir='ltr'>μὴ</span> <span class='ocrx_word' id='word_1_319' title='bbox 3440 2586 3546 2640; x_wconf 87' lang='grc' dir='ltr'><strong>ἀπὸ</strong></span> <span class='ocrx_word' id='word_1_320' title='bbox 3595 2594 3696 2655; x_wconf 82' lang='grc' dir='ltr'><strong>τῆς</strong></span> <span class='ocrx_word' id='word_1_321' title='bbox 3742 2583 3863 2654; x_wconf 73' lang='grc' dir='ltr'>ἡλιο</span> 
     </span>
    </p>
   </div>
   <div class='ocr_carea' id='block_1_57' title="bbox 2226 2673 3863 2755">
    <p class='ocr_par' dir='ltr' id='par_1_57' title="bbox 2226 2673 3863 2755">
     <span class='ocr_line' id='line_1_58' title="bbox 2226 2673 3863 2755; baseline 0 -29"><span class='ocrx_word' id='word_1_322' title='bbox 2226 2675 2345 2733; x_wconf 79' lang='grc' dir='ltr'>κίας</span> <span class='ocrx_word' id='word_1_323' title='bbox 2404 2674 2493 2726; x_wconf 83' lang='grc' dir='ltr'><strong>καὶ</strong></span> <span class='ocrx_word' id='word_1_324' title='bbox 2550 2678 2657 2726; x_wconf 91' lang='grc' dir='ltr'><strong>τῶν</strong></span> <span class='ocrx_word' id='word_1_325' title='bbox 2718 2674 2934 2748; x_wconf 81' lang='grc' dir='ltr'>ἀγαθῶν</span> <span class='ocrx_word' id='word_1_326' title='bbox 2990 2676 3209 2747; x_wconf 83' lang='grc' dir='ltr'>τρόπων</span> <span class='ocrx_word' id='word_1_327' title='bbox 3266 2673 3406 2728; x_wconf 85' lang='grc' dir='ltr'>δοῖεν</span> <span class='ocrx_word' id='word_1_328' title='bbox 3457 2674 3863 2755; x_wconf 75' lang='grc' dir='ltr'>πληροφορίαν,</span> 
     </span>
    </p>
   </div>
   <div class='ocr_carea' id='block_1_58' title="bbox 2227 2759 3861 2832">
    <p class='ocr_par' dir='ltr' id='par_1_58' title="bbox 2227 2759 3861 2832">
     <span class='ocr_line' id='line_1_59' title="bbox 2227 2759 3861 2832; baseline 0.001 -16"><span class='ocrx_word' id='word_1_329' title='bbox 2227 2761 2309 2816; x_wconf 74' lang='grc' dir='ltr'><strong>ὅτι</strong></span> <span class='ocrx_word' id='word_1_330' title='bbox 2344 2759 2662 2832; x_wconf 74' lang='grc' dir='ltr'>δυνήσονται</span> <span class='ocrx_word' id='word_1_331' title='bbox 2696 2760 2922 2824; x_wconf 86' lang='grc' dir='ltr'>δεόντως</span> <span class='ocrx_word' id='word_1_332' title='bbox 2961 2765 3050 2818; x_wconf 81' lang='grc' dir='ltr'><strong>καὶ</strong></span> <span class='ocrx_word' id='word_1_333' title='bbox 3091 2759 3338 2825; x_wconf 74' lang='grc' dir='ltr'>εὐλαϐῶς</span> <span class='ocrx_word' id='word_1_334' title='bbox 3380 2765 3445 2818; x_wconf 75' lang='grc' dir='ltr'><strong>τὰ</strong></span> <span class='ocrx_word' id='word_1_335' title='bbox 3480 2766 3601 2818; x_wconf 82' lang='grc' dir='ltr'>καθ’</span> <span class='ocrx_word' id='word_1_336' title='bbox 3644 2764 3861 2824; x_wconf 70' lang='grc' dir='ltr'>ἑαυτοὺς</span> 
     </span>
    </p>
   </div>
   <div class='ocr_carea' id='block_1_59' title="bbox 2227 2849 3859 2929">
    <p class='ocr_par' dir='ltr' id='par_1_59' title="bbox 2227 2849 3859 2929">
     <span class='ocr_line' id='line_1_60' title="bbox 2227 2849 3859 2929; baseline 0 -24"><span class='ocrx_word' id='word_1_337' title='bbox 2227 2852 2532 2924; x_wconf 83' lang='grc' dir='ltr'>οἰκονομεῖν</span> <span class='ocrx_word' id='word_1_338' title='bbox 2567 2868 2582 2882; x_wconf 90' lang='grc'><strong>·</strong></span> <span class='ocrx_word' id='word_1_339' title='bbox 2625 2851 2667 2905; x_wconf 84' lang='grc' dir='ltr'><strong>εἰ</strong></span> <span class='ocrx_word' id='word_1_340' title='bbox 2710 2849 2756 2905; x_wconf 88' lang='grc' dir='ltr'>δ’</span> <span class='ocrx_word' id='word_1_341' title='bbox 2795 2851 2912 2921; x_wconf 78' lang='grc' dir='ltr'>οὖν,</span> <span class='ocrx_word' id='word_1_342' title='bbox 2951 2858 3058 2907; x_wconf 88' lang='grc' dir='ltr'><strong>τῶν</strong></span> <span class='ocrx_word' id='word_1_343' title='bbox 3106 2855 3515 2929; x_wconf 77' lang='grc' dir='ltr'>ἁμαρτημάτων</span> <span class='ocrx_word' id='word_1_344' title='bbox 3557 2853 3738 2908; x_wconf 81' lang='grc' dir='ltr'>αὐτῶν</span> <span class='ocrx_word' id='word_1_345' title='bbox 3775 2850 3859 2907; x_wconf 81' lang='grc' dir='ltr'><strong>καὶ</strong></span> 
     </span>
    </p>
   </div>
   <div class='ocr_carea' id='block_1_60' title="bbox 2225 2939 2921 2996">
    <p class='ocr_par' dir='ltr' id='par_1_60' title="bbox 2225 2939 2921 2996">
     <span class='ocr_line' id='line_1_61' title="bbox 2225 2939 2921 2996; baseline 0.001 -1"><span class='ocrx_word' id='word_1_346' title='bbox 2225 2941 2378 2996; x_wconf 80' lang='grc' dir='ltr'>αὐτοὶ</span> <span class='ocrx_word' id='word_1_347' title='bbox 2409 2939 2617 2996; x_wconf 76' lang='grc' dir='ltr'>ἔσονται</span> <span class='ocrx_word' id='word_1_348' title='bbox 2647 2941 2921 2996; x_wconf 86' lang='grc' dir='ltr'>κοινωνοί.</span> 
     </span>
    </p>
   </div>
   <div class='ocr_carea' id='block_1_61' title="bbox 2925 3032 3166 3104">
    <p class='ocr_par' dir='ltr' id='par_1_61' title="bbox 2925 3032 3166 3104">
     <span class='ocr_line' id='line_1_62' title="bbox 2925 3032 3166 3104; baseline 0.008 -18"><span class='ocrx_word' id='word_1_349' title='bbox 2925 3032 3166 3104; x_wconf 54' lang='grc' dir='ltr'>Νόμομ</span> 
     </span>
    </p>
   </div>
   <div class='ocr_carea' id='block_1_62' title="bbox 2294 3115 3856 3196">
    <p class='ocr_par' dir='ltr' id='par_1_62' title="bbox 2294 3115 3856 3196">
     <span class='ocr_line' id='line_1_63' title="bbox 2294 3115 3856 3196; baseline 0.003 -25"><span class='ocrx_word' id='word_1_350' title='bbox 2294 3118 2360 3175; x_wconf 82' lang='lat' dir='ltr'><strong>Oi</strong></span> <span class='ocrx_word' id='word_1_351' title='bbox 2394 3115 2451 3172; x_wconf 80' lang='grc' dir='ltr'>δὲ</span> <span class='ocrx_word' id='word_1_352' title='bbox 2487 3117 2646 3191; x_wconf 82' lang='grc' dir='ltr'>νόμοι</span> <span class='ocrx_word' id='word_1_353' title='bbox 2685 3118 2968 3174; x_wconf 89' lang='grc' dir='ltr'>κελεύουσι</span> <span class='ocrx_word' id='word_1_354' title='bbox 3009 3121 3085 3192; x_wconf 82' lang='grc' dir='ltr'>μὴ</span> <span class='ocrx_word' id='word_1_355' title='bbox 3127 3122 3270 3196; x_wconf 86' lang='grc' dir='ltr'>παρὰ</span> <span class='ocrx_word' id='word_1_356' title='bbox 3314 3122 3478 3194; x_wconf 81' lang='grc' dir='ltr'>μόνου</span> <span class='ocrx_word' id='word_1_357' title='bbox 3517 3125 3612 3176; x_wconf 78' lang='grc' dir='ltr'><strong>τοῦ</strong></span> <span class='ocrx_word' id='word_1_358' title='bbox 3658 3122 3856 3196; x_wconf 83' lang='grc' dir='ltr'>πατρὸς</span> 
     </span>
    </p>
   </div>
   <div class='ocr_carea' id='block_1_63' title="bbox 2220 3204 3855 3281">
    <p class='ocr_par' dir='ltr' id='par_1_63' title="bbox 2220 3204 3855 3281">
     <span class='ocr_line' id='line_1_64' title="bbox 2220 3204 3855 3281; baseline 0.004 -21"><span class='ocrx_word' id='word_1_359' title='bbox 2220 3204 2332 3261; x_wconf 62' lang='grc' dir='ltr'>εἶτε</span> <span class='ocrx_word' id='word_1_360' title='bbox 2379 3206 2670 3281; x_wconf 82' lang='grc' dir='ltr'>κληρικοῦ,</span> <span class='ocrx_word' id='word_1_361' title='bbox 2723 3206 2834 3263; x_wconf 83' lang='grc' dir='ltr'>ε’ίτε</span> <span class='ocrx_word' id='word_1_362' title='bbox 2881 3208 3096 3272; x_wconf 79' lang='grc' dir='ltr'>λα’ίκου,</span> <span class='ocrx_word' id='word_1_363' title='bbox 3143 3212 3241 3280; x_wconf 70' lang='grc' dir='ltr'>τὴν</span> <span class='ocrx_word' id='word_1_364' title='bbox 3301 3215 3408 3264; x_wconf 88' lang='grc' dir='ltr'><strong>τῶν</strong></span> <span class='ocrx_word' id='word_1_365' title='bbox 3466 3213 3670 3266; x_wconf 86' lang='grc' dir='ltr'>τὲκνων</span> <span class='ocrx_word' id='word_1_366' title='bbox 3730 3213 3855 3267; x_wconf 84' lang='grc' dir='ltr'>αύτ-</span> 
     </span>
    </p>
   </div>
   <div class='ocr_carea' id='block_1_64' title="bbox 470 3275 2108 3377">
    <p class='ocr_par' dir='ltr' id='par_1_64' title="bbox 470 3275 2108 3375">
     <span class='ocr_line' id='line_1_65' title="bbox 470 3275 2108 3375; baseline -0.006 -13"><span class='ocrx_word' id='word_1_367' title='bbox 470 3275 580 3362; x_wconf 67' lang='lat' dir='ltr'><strong>nisi</strong></span> <span class='ocrx_word' id='word_1_368' title='bbox 608 3302 862 3375; x_wconf 82' lang='lat' dir='ltr'><strong>cognitio</strong></span> <span class='ocrx_word' id='word_1_369' title='bbox 909 3298 1310 3356; x_wconf 88' lang='lat' dir='ltr'><strong>auctoritativa</strong></span> <span class='ocrx_word' id='word_1_370' title='bbox 1340 3299 1422 3353; x_wconf 88' lang='lat' dir='ltr'><strong>ita</strong></span> <span class='ocrx_word' id='word_1_371' title='bbox 1449 3297 1743 3353; x_wconf 89' lang='lat' dir='ltr'><strong>decernat.</strong></span> <span class='ocrx_word' id='word_1_372' title='bbox 1778 3299 1901 3353; x_wconf 87' lang='lat' dir='ltr'><strong>Non</strong></span> <span class='ocrx_word' id='word_1_373' title='bbox 1951 3299 2108 3354; x_wconf 90' lang='lat' dir='ltr'><strong>enim</strong></span> 
     </span>
    </p>
   </div>
   <div class='ocr_carea' id='block_1_65' title="bbox 2237 3275 3852 3377">
    <p class='ocr_par' dir='ltr' id='par_1_65' title="bbox 2237 3297 3852 3377">
     <span class='ocr_line' id='line_1_66' title="bbox 2237 3297 3852 3377; baseline 0.003 -29"><span class='ocrx_word' id='word_1_374' title='bbox 2237 3297 2568 3365; x_wconf 72' lang='grc' dir='ltr'>ιξουσιότητα</span> <span class='ocrx_word' id='word_1_375' title='bbox 2599 3299 2861 3372; x_wconf 88' lang='grc' dir='ltr'>γίνεσθαι,</span> <span class='ocrx_word' id='word_1_376' title='bbox 2910 3299 2954 3353; x_wconf 88' lang='grc' dir='ltr'><strong>εἰ</strong></span> <span class='ocrx_word' id='word_1_377' title='bbox 3001 3300 3078 3372; x_wconf 73' lang='grc' dir='ltr'>μὴ</span> <span class='ocrx_word' id='word_1_378' title='bbox 3116 3301 3203 3354; x_wconf 78' lang='grc' dir='ltr'><strong>καὶ</strong></span> <span class='ocrx_word' id='word_1_379' title='bbox 3246 3297 3528 3369; x_wconf 80' lang='grc' dir='ltr'>δικαστική</span> <span class='ocrx_word' id='word_1_380' title='bbox 3570 3299 3852 3377; x_wconf 80' lang='grc' dir='ltr'>διάγνωσις</span> 
     </span>
    </p>
   </div>
   <div class='ocr_carea' id='block_1_66' title="bbox 470 3387 2108 3459">
    <p class='ocr_par' dir='ltr' id='par_1_66' title="bbox 470 3387 2108 3459">
     <span class='ocr_line' id='line_1_67' title="bbox 470 3387 2108 3459; baseline -0.004 -10"><span class='ocrx_word' id='word_1_381' title='bbox 470 3408 787 3450; x_wconf 89' lang='lat' dir='ltr'><strong>consensus</strong></span> <span class='ocrx_word' id='word_1_382' title='bbox 836 3406 1032 3446; x_wconf 88' lang='lat' dir='ltr'><strong>merus</strong></span> <span class='ocrx_word' id='word_1_383' title='bbox 1080 3387 1260 3459; x_wconf 88' lang='lat' dir='ltr'><strong>patris</strong></span> <span class='ocrx_word' id='word_1_384' title='bbox 1308 3391 1510 3443; x_wconf 89' lang='lat' dir='ltr'><strong>natum</strong></span> <span class='ocrx_word' id='word_1_385' title='bbox 1567 3389 1756 3458; x_wconf 88' lang='lat' dir='ltr'><strong>patria</strong></span> <span class='ocrx_word' id='word_1_386' title='bbox 1823 3391 2108 3458; x_wconf 86' lang='lat' dir='ltr'><strong>potestate</strong></span> 
     </span>
    </p>
   </div>
   <div class='ocr_carea' id='block_1_67' title="bbox 469 3476 1316 3552">
    <p class='ocr_par' dir='ltr' id='par_1_67' title="bbox 469 3476 1316 3552">
     <span class='ocr_line' id='line_1_68' title="bbox 469 3476 1316 3552; baseline -0.009 -13"><span class='ocrx_word' id='word_1_387' title='bbox 469 3483 698 3551; x_wconf 89' lang='lat' dir='ltr'><strong>liberat,</strong></span> <span class='ocrx_word' id='word_1_388' title='bbox 732 3482 830 3538; x_wconf 88' lang='lat' dir='ltr'><strong>sed</strong></span> <span class='ocrx_word' id='word_1_389' title='bbox 861 3477 1121 3552; x_wconf 86' lang='lat' dir='ltr'><strong>legitima</strong></span> <span class='ocrx_word' id='word_1_390' title='bbox 1149 3476 1316 3534; x_wconf 87' lang='lat' dir='ltr'><strong>actio.</strong></span> 
     </span>
    </p>
   </div>
   <div class='ocr_carea' id='block_1_68' title="bbox 539 3657 2108 3732">
    <p class='ocr_par' dir='ltr' id='par_1_68' title="bbox 539 3657 2108 3732">
     <span class='ocr_line' id='line_1_69' title="bbox 539 3657 2108 3732; baseline -0.004 -12"><span class='ocrx_word' id='word_1_391' title='bbox 539 3663 730 3720; x_wconf 89' lang='lat' dir='ltr'><strong>Liberi</strong></span> <span class='ocrx_word' id='word_1_392' title='bbox 759 3667 955 3718; x_wconf 86' lang='lat' dir='ltr'><strong>autem</strong></span> <span class='ocrx_word' id='word_1_393' title='bbox 983 3659 1414 3732; x_wconf 88' lang='lat' dir='ltr'><strong>episcoporum,</strong></span> <span class='ocrx_word' id='word_1_394' title='bbox 1445 3658 1544 3728; x_wconf 90' lang='lat' dir='ltr'><strong>qui</strong></span> <span class='ocrx_word' id='word_1_395' title='bbox 1584 3657 1865 3729; x_wconf 80' lang='lat' dir='ltr'><strong>dignitate</strong></span> <span class='ocrx_word' id='word_1_396' title='bbox 1911 3658 2108 3730; x_wconf 88' lang='lat' dir='ltr'><strong>aliqua</strong></span> 
     </span>
    </p>
   </div>
   <div class='ocr_carea' id='block_1_69' title="bbox 467 3746 2107 3819">
    <p class='ocr_par' dir='ltr' id='par_1_69' title="bbox 467 3746 2107 3819">
     <span class='ocr_line' id='line_1_70' title="bbox 467 3746 2107 3819; baseline -0.004 -9"><span class='ocrx_word' id='word_1_397' title='bbox 467 3755 941 3818; x_wconf 88' lang='lat' dir='ltr'><strong>cohonestantur,</strong></span> <span class='ocrx_word' id='word_1_398' title='bbox 973 3749 1065 3805; x_wconf 87' lang='lat' dir='ltr'><strong>sui</strong></span> <span class='ocrx_word' id='word_1_399' title='bbox 1103 3748 1254 3819; x_wconf 86' lang='lat' dir='ltr'><strong>juris</strong></span> <span class='ocrx_word' id='word_1_400' title='bbox 1289 3749 1459 3818; x_wconf 88' lang='lat' dir='ltr'><strong>juxta</strong></span> <span class='ocrx_word' id='word_1_401' title='bbox 1509 3746 1667 3818; x_wconf 85' lang='lat' dir='ltr'><strong>leges</strong></span> <span class='ocrx_word' id='word_1_402' title='bbox 1697 3749 1972 3813; x_wconf 88' lang='lat' dir='ltr'><strong>evadunt,</strong></span> <span class='ocrx_word' id='word_1_403' title='bbox 2005 3764 2107 3803; x_wconf 90' lang='lat' dir='ltr'><strong>ne-</strong></span> 
     </span>
    </p>
   </div>
   <div class='ocr_carea' id='block_1_70' title="bbox 467 3836 2103 3914">
    <p class='ocr_par' dir='ltr' id='par_1_70' title="bbox 467 3836 2103 3914">
     <span class='ocr_line' id='line_1_71' title="bbox 467 3836 2103 3914; baseline -0.004 -15"><span class='ocrx_word' id='word_1_404' title='bbox 467 3860 579 3914; x_wconf 91' lang='lat' dir='ltr'><strong>que</strong></span> <span class='ocrx_word' id='word_1_405' title='bbox 610 3859 710 3914; x_wconf 94' lang='lat' dir='ltr'><strong>pro</strong></span> <span class='ocrx_word' id='word_1_406' title='bbox 739 3841 858 3896; x_wconf 89' lang='lat' dir='ltr'><strong>illis</strong></span> <span class='ocrx_word' id='word_1_407' title='bbox 890 3848 1079 3912; x_wconf 88' lang='lat' dir='ltr'><strong>patres</strong></span> <span class='ocrx_word' id='word_1_408' title='bbox 1122 3836 1400 3892; x_wconf 89' lang='lat' dir='ltr'><strong>rationem</strong></span> <span class='ocrx_word' id='word_1_409' title='bbox 1455 3836 1721 3891; x_wconf 89' lang='lat' dir='ltr'><strong>reddunt.</strong></span> <span class='ocrx_word' id='word_1_410' title='bbox 1759 3837 1904 3892; x_wconf 88' lang='lat' dir='ltr'><strong>Dicit</strong></span> <span class='ocrx_word' id='word_1_411' title='bbox 1948 3838 2103 3892; x_wconf 90' lang='lat' dir='ltr'><strong>enim</strong></span> 
     </span>
    </p>
   </div>
   <div class='ocr_carea' id='block_1_71' title="bbox 470 3924 2102 3996">
    <p class='ocr_par' dir='ltr' id='par_1_71' title="bbox 470 3924 2102 3996">
     <span class='ocr_line' id='line_1_72' title="bbox 470 3924 2102 3996; baseline -0.006 -8"><span class='ocrx_word' id='word_1_412' title='bbox 470 3930 704 3988; x_wconf 87' lang='lat' dir='ltr'><strong>Novella</strong></span> <span class='ocrx_word' id='word_1_413' title='bbox 731 3927 1045 3984; x_wconf 86' lang='lat' dir='ltr'><strong>Justiniani</strong></span> <span class='ocrx_word' id='word_1_414' title='bbox 1067 3929 1133 3982; x_wconf 89' lang='grc'>81</span> <span class='ocrx_word' id='word_1_415' title='bbox 1165 3943 1177 3979; x_wconf 94' lang='lat'><strong>:</strong></span> <span class='ocrx_word' id='word_1_416' title='bbox 1203 3926 1307 3989; x_wconf 89' lang='lat' dir='ltr'><strong>Qui</strong></span> <span class='ocrx_word' id='word_1_417' title='bbox 1332 3924 1676 3996; x_wconf 87' lang='lat' dir='ltr'><strong>dignitatem</strong></span> <span class='ocrx_word' id='word_1_418' title='bbox 1703 3925 1921 3995; x_wconf 90' lang='lat' dir='ltr'><strong>indepti</strong></span> <span class='ocrx_word' id='word_1_419' title='bbox 1948 3932 2102 3992; x_wconf 90' lang='lat' dir='ltr'><strong>sunt,</strong></span> 
     </span>
    </p>
   </div>
   <div class='ocr_carea' id='block_1_72' title="bbox 467 4014 2103 4090">
    <p class='ocr_par' dir='ltr' id='par_1_72' title="bbox 467 4014 2103 4090">
     <span class='ocr_line' id='line_1_73' title="bbox 467 4014 2103 4090; baseline -0.005 -14"><span class='ocrx_word' id='word_1_420' title='bbox 467 4037 534 4076; x_wconf 88' lang='lat' dir='ltr'><strong>ac</strong></span> <span class='ocrx_word' id='word_1_421' title='bbox 562 4019 756 4076; x_wconf 76' lang='lat' dir='ltr'><strong>officia</strong></span> <span class='ocrx_word' id='word_1_422' title='bbox 800 4017 1032 4090; x_wconf 90' lang='lat' dir='ltr'><strong>publica</strong></span> <span class='ocrx_word' id='word_1_423' title='bbox 1079 4014 1394 4080; x_wconf 83' lang='lat' dir='ltr'><strong>sustinent,</strong></span> <span class='ocrx_word' id='word_1_424' title='bbox 1432 4030 1551 4068; x_wconf 68' lang='lat' dir='ltr'><strong>sum</strong></span> <span class='ocrx_word' id='word_1_425' title='bbox 1601 4016 1901 4082; x_wconf 85' lang='lat' dir='ltr'><strong>potestatis</strong></span> <span class='ocrx_word' id='word_1_426' title='bbox 1947 4020 2103 4078; x_wconf 87' lang='lat' dir='ltr'><strong>sunt,</strong></span> 
     </span>
    </p>
   </div>
   <div class='ocr_carea' id='block_1_73' title="bbox 411 4098 2103 4181">
    <p class='ocr_par' dir='ltr' id='par_1_73' title="bbox 411 4098 2103 4181">
     <span class='ocr_line' id='line_1_74' title="bbox 411 4098 2103 4181; baseline -0.004 -16"><span class='ocrx_word' id='word_1_427' title='bbox 411 4098 413 4100; x_wconf 47' lang='grc'><strong><em>’</em></strong></span> <span class='ocrx_word' id='word_1_428' title='bbox 466 4109 734 4181; x_wconf 89' lang='lat' dir='ltr'><strong>quamvis</strong></span> <span class='ocrx_word' id='word_1_429' title='bbox 766 4123 867 4179; x_wconf 88' lang='lat' dir='ltr'><strong>per</strong></span> <span class='ocrx_word' id='word_1_430' title='bbox 895 4109 1121 4162; x_wconf 62' lang='lat' dir='ltr'><strong>atatem</strong></span> <span class='ocrx_word' id='word_1_431' title='bbox 1153 4120 1268 4159; x_wconf 91' lang='lat' dir='ltr'><strong>non</strong></span> <span class='ocrx_word' id='word_1_432' title='bbox 1299 4106 1560 4174; x_wconf 89' lang='lat' dir='ltr'><strong>oporteat</strong></span> <span class='ocrx_word' id='word_1_433' title='bbox 1605 4102 1765 4173; x_wconf 89' lang='lat' dir='ltr'><strong>ipsos</strong></span> <span class='ocrx_word' id='word_1_434' title='bbox 1812 4105 1880 4158; x_wconf 89' lang='lat' dir='ltr'><strong>de</strong></span> <span class='ocrx_word' id='word_1_435' title='bbox 1926 4119 2103 4159; x_wconf 88' lang='lat' dir='ltr'><strong>manu</strong></span> 
     </span>
    </p>
   </div>
   <div class='ocr_carea' id='block_1_74' title="bbox 466 4195 930 4271">
    <p class='ocr_par' dir='ltr' id='par_1_74' title="bbox 466 4195 930 4271">
     <span class='ocr_line' id='line_1_75' title="bbox 466 4195 930 4271; baseline -0.013 -16"><span class='ocrx_word' id='word_1_436' title='bbox 466 4199 656 4271; x_wconf 89' lang='lat' dir='ltr'><strong>patria</strong></span> <span class='ocrx_word' id='word_1_437' title='bbox 676 4195 930 4254; x_wconf 89' lang='lat' dir='ltr'><strong>liberari.</strong></span> 
     </span>
    </p>
   </div>
   <div class='ocr_carea' id='block_1_75' title="bbox 538 4281 2102 4352">
    <p class='ocr_par' dir='ltr' id='par_1_75' title="bbox 538 4281 2102 4352">
     <span class='ocr_line' id='line_1_76' title="bbox 538 4281 2102 4352; baseline -0.004 -10"><span class='ocrx_word' id='word_1_438' title='bbox 538 4286 698 4342; x_wconf 67' lang='lat'><strong>236</strong></span> <span class='ocrx_word' id='word_1_439' title='bbox 732 4285 952 4342; x_wconf 89' lang='lat' dir='ltr'><strong>Delicta</strong></span> <span class='ocrx_word' id='word_1_440' title='bbox 981 4283 1130 4339; x_wconf 88' lang='lat' dir='ltr'><strong>circa</strong></span> <span class='ocrx_word' id='word_1_441' title='bbox 1159 4283 1442 4337; x_wconf 88' lang='lat' dir='ltr'><strong>damnum</strong></span> <span class='ocrx_word' id='word_1_442' title='bbox 1479 4297 1606 4352; x_wconf 63' lang='lat' dir='ltr'><strong>que</strong></span> <span class='ocrx_word' id='word_1_443' title='bbox 1639 4286 1970 4352; x_wconf 87' lang='lat' dir='ltr'><strong>perpetrant</strong></span> <span class='ocrx_word' id='word_1_444' title='bbox 2000 4281 2102 4337; x_wconf 85' lang='lat' dir='ltr'><strong>ﬁlii</strong></span> 
     </span>
    </p>
   </div>
   <div class='ocr_carea' id='block_1_76' title="bbox 463 4372 2100 4448">
    <p class='ocr_par' dir='ltr' id='par_1_76' title="bbox 463 4372 2100 4448">
     <span class='ocr_line' id='line_1_77' title="bbox 463 4372 2100 4448; baseline -0.005 -13"><span class='ocrx_word' id='word_1_445' title='bbox 463 4380 572 4435; x_wconf 91' lang='lat' dir='ltr'><strong>sub</strong></span> <span class='ocrx_word' id='word_1_446' title='bbox 631 4376 816 4448; x_wconf 86' lang='lat' dir='ltr'><strong>patria</strong></span> <span class='ocrx_word' id='word_1_447' title='bbox 863 4381 1161 4447; x_wconf 87' lang='lat' dir='ltr'><strong>potetate,</strong></span> <span class='ocrx_word' id='word_1_448' title='bbox 1213 4372 1326 4444; x_wconf 92' lang='lat' dir='ltr'><strong>ipsi</strong></span> <span class='ocrx_word' id='word_1_449' title='bbox 1397 4377 1589 4441; x_wconf 88' lang='lat' dir='ltr'><strong>patres</strong></span> <span class='ocrx_word' id='word_1_450' title='bbox 1657 4373 1858 4428; x_wconf 91' lang='lat' dir='ltr'><strong>merito</strong></span> <span class='ocrx_word' id='word_1_451' title='bbox 1913 4372 2100 4441; x_wconf 90' lang='lat' dir='ltr'><strong>luunt,</strong></span> 
     </span>
    </p>
   </div>
   <div class='ocr_carea' id='block_1_77' title="bbox 462 4462 2101 4534">
    <p class='ocr_par' dir='ltr' id='par_1_77' title="bbox 462 4462 2101 4534">
     <span class='ocr_line' id='line_1_78' title="bbox 462 4462 2101 4534; baseline -0.003 -9"><span class='ocrx_word' id='word_1_452' title='bbox 462 4485 578 4525; x_wconf 92' lang='lat' dir='ltr'><strong>non</strong></span> <span class='ocrx_word' id='word_1_453' title='bbox 609 4470 691 4522; x_wconf 89' lang='lat' dir='ltr'><strong>ita</strong></span> <span class='ocrx_word' id='word_1_454' title='bbox 721 4471 778 4522; x_wconf 89' lang='lat' dir='ltr'><strong>et</strong></span> <span class='ocrx_word' id='word_1_455' title='bbox 806 4465 1074 4521; x_wconf 83' lang='lat' dir='ltr'><strong>crimina.</strong></span> <span class='ocrx_word' id='word_1_456' title='bbox 1108 4462 1306 4533; x_wconf 89' lang='lat' dir='ltr'><strong>Neque</strong></span> <span class='ocrx_word' id='word_1_457' title='bbox 1349 4462 1504 4518; x_wconf 89' lang='lat' dir='ltr'><strong>enim</strong></span> <span class='ocrx_word' id='word_1_458' title='bbox 1537 4463 1863 4534; x_wconf 90' lang='lat' dir='ltr'><strong>puniuntur</strong></span> <span class='ocrx_word' id='word_1_459' title='bbox 1911 4472 2101 4533; x_wconf 86' lang='lat' dir='ltr'><strong>patres</strong></span> 
     </span>
    </p>
   </div>
   <div class='ocr_carea' id='block_1_78' title="bbox 460 4551 2102 4630">
    <p class='ocr_par' dir='ltr' id='par_1_78' title="bbox 460 4551 2102 4630">
     <span class='ocr_line' id='line_1_79' title="bbox 460 4551 2102 4630; baseline -0.002 -18"><span class='ocrx_word' id='word_1_460' title='bbox 460 4560 688 4630; x_wconf 88' lang='lat' dir='ltr'><strong>propter</strong></span> <span class='ocrx_word' id='word_1_461' title='bbox 719 4555 891 4623; x_wconf 80' lang='lat' dir='ltr'><strong>filios,</strong></span> <span class='ocrx_word' id='word_1_462' title='bbox 923 4569 1057 4610; x_wconf 90' lang='lat' dir='ltr'><strong>cum</strong></span> <span class='ocrx_word' id='word_1_463' title='bbox 1091 4552 1182 4607; x_wconf 86' lang='lat' dir='ltr'><strong>lex</strong></span> <span class='ocrx_word' id='word_1_464' title='bbox 1213 4551 1430 4607; x_wconf 87' lang='lat' dir='ltr'><strong>diserte</strong></span> <span class='ocrx_word' id='word_1_465' title='bbox 1463 4551 1650 4608; x_wconf 87' lang='lat' dir='ltr'><strong>dicat:</strong></span> <span class='ocrx_word' id='word_1_466' title='bbox 1685 4551 1904 4608; x_wconf 91' lang='lat' dir='ltr'><strong>Delicta</strong></span> <span class='ocrx_word' id='word_1_467' title='bbox 1927 4557 2102 4624; x_wconf 88' lang='lat' dir='ltr'><strong>caput</strong></span> 
     </span>
    </p>
   </div>
   <div class='ocr_carea' id='block_1_79' title="bbox 459 4649 813 4718">
    <p class='ocr_par' dir='ltr' id='par_1_79' title="bbox 459 4649 813 4718">
     <span class='ocr_line' id='line_1_80' title="bbox 459 4649 813 4718; baseline -0.017 -14"><span class='ocrx_word' id='word_1_468' title='bbox 459 4649 813 4718; x_wconf 88' lang='lat' dir='ltr'><strong>sequuntur.</strong></span> 
     </span>
    </p>
   </div>
   <div class='ocr_carea' id='block_1_80' title="bbox 456 4751 2096 4825">
    <p class='ocr_par' dir='ltr' id='par_1_80' title="bbox 456 4751 2096 4825">
     <span class='ocr_line' id='line_1_81' title="bbox 456 4751 2096 4825; baseline -0.004 -10"><span class='ocrx_word' id='word_1_469' title='bbox 456 4760 610 4816; x_wconf 85' lang='lat' dir='ltr'><strong>CAP.</strong></span> <span class='ocrx_word' id='word_1_470' title='bbox 645 4755 713 4810; x_wconf 90' lang='lat' dir='ltr'><strong>V.</strong></span> <span class='ocrx_word' id='word_1_471' title='bbox 746 4756 820 4810; x_wconf 81' lang='lat' dir='ltr'><strong>De</strong></span> <span class='ocrx_word' id='word_1_472' title='bbox 855 4769 1016 4810; x_wconf 76' lang='lat' dir='ltr'><strong>sacra</strong></span> <span class='ocrx_word' id='word_1_473' title='bbox 1064 4751 1613 4825; x_wconf 27' lang='lat' dir='ltr'><strong>Qua‘dragesima,_et</strong></span> <span class='ocrx_word' id='word_1_474' title='bbox 1657 4755 1857 4809; x_wconf 80' lang='lat' dir='ltr'><strong>ritibus</strong></span> <span class='ocrx_word' id='word_1_475' title='bbox 1896 4756 1990 4825; x_wconf 80' lang='lat' dir='ltr'><strong>qui</strong></span> <span class='ocrx_word' id='word_1_476' title='bbox 2035 4755 2096 4808; x_wconf 78' lang='lat' dir='ltr'><strong>in</strong></span> 
     </span>
    </p>
   </div>
   <div class='ocr_carea' id='block_1_81' title="bbox 1041 4822 1506 4879">
    <p class='ocr_par' dir='ltr' id='par_1_81' title="bbox 1041 4822 1506 4879">
     <span class='ocr_line' id='line_1_82' title="bbox 1041 4822 1506 4879; baseline 0 -1"><span class='ocrx_word' id='word_1_477' title='bbox 1041 4839 1108 4878; x_wconf 86' lang='lat' dir='ltr'><strong>ea</strong></span> <span class='ocrx_word' id='word_1_478' title='bbox 1137 4822 1506 4879; x_wconf 77' lang='lat' dir='ltr'><strong>observantur.</strong></span> 
     </span>
    </p>
   </div>
   <div class='ocr_carea' id='block_1_82' title="bbox 523 4911 1191 4985">
    <p class='ocr_par' dir='ltr' id='par_1_82' title="bbox 523 4911 1191 4985">
     <span class='ocr_line' id='line_1_83' title="bbox 523 4911 1191 4985; baseline -0.012 -10"><span class='ocrx_word' id='word_1_479' title='bbox 523 4921 724 4984; x_wconf 66' lang='lat' dir='ltr'><strong>Quaere</strong></span> <span class='ocrx_word' id='word_1_480' title='bbox 755 4931 880 4985; x_wconf 89' lang='lat' dir='ltr'><strong>cap.</strong></span> <span class='ocrx_word' id='word_1_481' title='bbox 913 4916 946 4968; x_wconf 79' lang='grc'><strong>4</strong></span> <span class='ocrx_word' id='word_1_482' title='bbox 979 4912 1087 4967; x_wconf 88' lang='lat' dir='ltr'><strong>litt.</strong></span> <span class='ocrx_word' id='word_1_483' title='bbox 1121 4911 1191 4967; x_wconf 91' lang='lat' dir='ltr'><strong>N.</strong></span> 
     </span>
    </p>
   </div>
   <div class='ocr_carea' id='block_1_83' title="bbox 522 5001 2093 5073">
    <p class='ocr_par' dir='ltr' id='par_1_83' title="bbox 522 5001 2093 5073">
     <span class='ocr_line' id='line_1_84' title="bbox 522 5001 2093 5073; baseline -0.004 -8"><span class='ocrx_word' id='word_1_484' title='bbox 522 5010 718 5064; x_wconf 89' lang='lat' dir='ltr'><strong>Canon</strong></span> <span class='ocrx_word' id='word_1_485' title='bbox 750 5009 944 5060; x_wconf 90' lang='lat' dir='ltr'><strong>autem</strong></span> <span class='ocrx_word' id='word_1_486' title='bbox 977 5002 1050 5055; x_wconf 83' lang='lat'><strong>65</strong></span> <span class='ocrx_word' id='word_1_487' title='bbox 1099 5001 1337 5072; x_wconf 85' lang='lat' dir='ltr'><strong>synodis</strong></span> <span class='ocrx_word' id='word_1_488' title='bbox 1363 5006 1501 5056; x_wconf 68' lang='lat' dir='ltr'><strong>extre</strong></span> <span class='ocrx_word' id='word_1_489' title='bbox 1544 5018 1643 5056; x_wconf 89' lang='lat' dir='ltr'><strong>eos</strong></span> <span class='ocrx_word' id='word_1_490' title='bbox 1693 5003 1792 5073; x_wconf 89' lang='lat' dir='ltr'><strong>qui</strong></span> <span class='ocrx_word' id='word_1_491' title='bbox 1843 5006 2093 5058; x_wconf 89' lang='lat' dir='ltr'><strong>veterem</strong></span> 
     </span>
    </p>
   </div>
   <div class='ocr_carea' id='block_1_84' title="bbox 453 5091 2093 5159">
    <p class='ocr_par' dir='ltr' id='par_1_84' title="bbox 453 5091 2093 5159">
     <span class='ocr_line' id='line_1_85' title="bbox 453 5091 2093 5159; baseline -0.004 -5"><span class='ocrx_word' id='word_1_492' title='bbox 453 5099 697 5154; x_wconf 85' lang='lat' dir='ltr'><strong>Romam</strong></span> <span class='ocrx_word' id='word_1_493' title='bbox 756 5093 1042 5159; x_wconf 84' lang='lat' dir='ltr'><strong>incolunt,</strong></span> <span class='ocrx_word' id='word_1_494' title='bbox 1105 5095 1301 5144; x_wconf 87' lang='lat' dir='ltr'><strong>monet</strong></span> <span class='ocrx_word' id='word_1_495' title='bbox 1359 5106 1431 5144; x_wconf 90' lang='lat' dir='ltr'><strong>ne</strong></span> <span class='ocrx_word' id='word_1_496' title='bbox 1490 5091 1546 5144; x_wconf 91' lang='lat' dir='ltr'><strong>in</strong></span> <span class='ocrx_word' id='word_1_497' title='bbox 1601 5091 1868 5146; x_wconf 85' lang='lat' dir='ltr'><strong>Sabbatis</strong></span> <span class='ocrx_word' id='word_1_498' title='bbox 1921 5108 2093 5148; x_wconf 64' lang='lat' dir='ltr'><strong>sacras</strong></span> 
     </span>
    </p>
   </div>
   <div class='ocr_carea' id='block_1_85' title="bbox 451 5179 2094 5254">
    <p class='ocr_par' dir='ltr' id='par_1_85' title="bbox 451 5179 2094 5254">
     <span class='ocr_line' id='line_1_86' title="bbox 451 5179 2094 5254; baseline -0.004 -12"><span class='ocrx_word' id='word_1_499' title='bbox 451 5182 915 5254; x_wconf 80' lang='lat' dir='ltr'><strong>Quadragesimaa</strong></span> <span class='ocrx_word' id='word_1_500' title='bbox 941 5181 1229 5251; x_wconf 87' lang='lat' dir='ltr'><strong>jejunent.</strong></span> <span class='ocrx_word' id='word_1_501' title='bbox 1265 5185 1647 5250; x_wconf 68' lang='lat' dir='ltr'><strong>praeterquam</strong></span> <span class='ocrx_word' id='word_1_502' title='bbox 1687 5179 1744 5234; x_wconf 90' lang='lat' dir='ltr'><strong>in</strong></span> <span class='ocrx_word' id='word_1_503' title='bbox 1800 5197 1914 5234; x_wconf 91' lang='lat' dir='ltr'><strong>uno</strong></span> <span class='ocrx_word' id='word_1_504' title='bbox 1963 5186 2094 5236; x_wconf 89' lang='lat' dir='ltr'><strong>tan-</strong></span> 
     </span>
    </p>
   </div>
   <div class='ocr_carea' id='block_1_86' title="bbox 451 5267 2092 5342">
    <p class='ocr_par' dir='ltr' id='par_1_86' title="bbox 451 5267 2092 5342">
     <span class='ocr_line' id='line_1_87' title="bbox 451 5267 2092 5342; baseline -0.005 -10"><span class='ocrx_word' id='word_1_505' title='bbox 451 5285 596 5337; x_wconf 89' lang='lat' dir='ltr'><strong>tum,</strong></span> <span class='ocrx_word' id='word_1_506' title='bbox 646 5285 827 5342; x_wconf 91' lang='lat' dir='ltr'><strong>eoque</strong></span> <span class='ocrx_word' id='word_1_507' title='bbox 877 5285 1088 5339; x_wconf 87' lang='lat' dir='ltr'><strong>magno</strong></span> <span class='ocrx_word' id='word_1_508' title='bbox 1146 5267 1416 5322; x_wconf 87' lang='lat' dir='ltr'><strong>Sabbato.</strong></span> <span class='ocrx_word' id='word_1_509' title='bbox 1469 5268 1572 5322; x_wconf 90' lang='lat' dir='ltr'><strong>Sed</strong></span> <span class='ocrx_word' id='word_1_510' title='bbox 1624 5274 1960 5339; x_wconf 88' lang='lat' dir='ltr'><strong>arrogantes</strong></span> <span class='ocrx_word' id='word_1_511' title='bbox 2008 5269 2092 5323; x_wconf 89' lang='lat' dir='ltr'><strong>illi</strong></span> 
     </span>
    </p>
   </div>
   <div class='ocr_carea' id='block_1_87' title="bbox 447 5359 2090 5431">
    <p class='ocr_par' dir='ltr' id='par_1_87' title="bbox 447 5359 2090 5431">
     <span class='ocr_line' id='line_1_88' title="bbox 447 5359 2090 5431; baseline -0.005 -9"><span class='ocrx_word' id='word_1_512' title='bbox 447 5359 870 5431; x_wconf 89' lang='lat' dir='ltr'><strong>incorrigibiles</strong></span> <span class='ocrx_word' id='word_1_513' title='bbox 949 5363 1415 5429; x_wconf 88' lang='lat' dir='ltr'><strong>perseverarunt,</strong></span> <span class='ocrx_word' id='word_1_514' title='bbox 1499 5373 1686 5427; x_wconf 90' lang='lat' dir='ltr'><strong>neque</strong></span> <span class='ocrx_word' id='word_1_515' title='bbox 1766 5359 2090 5414; x_wconf 89' lang='lat' dir='ltr'><strong>canonibus</strong></span> 
     </span>
    </p>
   </div>
   <div class='ocr_carea' id='block_1_88' title="bbox 448 5446 2089 5525">
    <p class='ocr_par' dir='ltr' id='par_1_88' title="bbox 448 5446 2089 5525">
     <span class='ocr_line' id='line_1_89' title="bbox 448 5446 2089 5525; baseline -0.004 -15"><span class='ocrx_word' id='word_1_516' title='bbox 448 5448 802 5525; x_wconf 87' lang='lat' dir='ltr'><strong>apostolicis,</strong></span> <span class='ocrx_word' id='word_1_517' title='bbox 830 5461 1018 5518; x_wconf 90' lang='lat' dir='ltr'><strong>neque</strong></span> <span class='ocrx_word' id='word_1_518' title='bbox 1059 5446 1193 5501; x_wconf 87' lang='lat' dir='ltr'><strong>huic</strong></span> <span class='ocrx_word' id='word_1_519' title='bbox 1237 5448 1641 5517; x_wconf 85' lang='lat' dir='ltr'><strong>obsequentes,</strong></span> <span class='ocrx_word' id='word_1_520' title='bbox 1687 5449 1942 5520; x_wconf 87' lang='lat' dir='ltr'><strong>adeoque</strong></span> <span class='ocrx_word' id='word_1_521' title='bbox 1983 5465 2089 5504; x_wconf 88' lang='lat' dir='ltr'><strong>nec</strong></span> 
     </span>
    </p>
   </div>
   <div class='ocr_carea' id='block_1_89' title="bbox 446 5536 2085 5608">
    <p class='ocr_par' dir='ltr' id='par_1_89' title="bbox 446 5536 2085 5608">
     <span class='ocr_line' id='line_1_90' title="bbox 446 5536 2085 5608; baseline -0.006 -7"><span class='ocrx_word' id='word_1_522' title='bbox 446 5539 639 5602; x_wconf 90' lang='lat' dir='ltr'><strong>clerici</strong></span> <span class='ocrx_word' id='word_1_523' title='bbox 672 5536 1095 5608; x_wconf 87' lang='lat' dir='ltr'><strong>depositionem</strong></span> <span class='ocrx_word' id='word_1_524' title='bbox 1127 5541 1418 5604; x_wconf 81' lang='lat' dir='ltr'><strong>metuunt,</strong></span> <span class='ocrx_word' id='word_1_525' title='bbox 1453 5553 1641 5606; x_wconf 80' lang='lat' dir='ltr'><strong>neque</strong></span> <span class='ocrx_word' id='word_1_526' title='bbox 1685 5536 1815 5592; x_wconf 88' lang='lat' dir='ltr'><strong>laici</strong></span> <span class='ocrx_word' id='word_1_527' title='bbox 1856 5553 2085 5594; x_wconf 80' lang='lat' dir='ltr'><strong>excom-</strong></span> 
     </span>
    </p>
   </div>
   <div class='ocr_carea' id='block_1_90' title="bbox 446 5623 2083 5695">
    <p class='ocr_par' dir='ltr' id='par_1_90' title="bbox 446 5623 2083 5695">
     <span class='ocr_line' id='line_1_91' title="bbox 446 5623 2083 5695; baseline -0.006 -6"><span class='ocrx_word' id='word_1_528' title='bbox 446 5626 925 5690; x_wconf 87' lang='lat' dir='ltr'><strong>municationem.</strong></span> <span class='ocrx_word' id='word_1_529' title='bbox 954 5623 1136 5679; x_wconf 88' lang='lat' dir='ltr'><strong>Tanto</strong></span> <span class='ocrx_word' id='word_1_530' title='bbox 1186 5630 1379 5680; x_wconf 89' lang='lat' dir='ltr'><strong>autem</strong></span> <span class='ocrx_word' id='word_1_531' title='bbox 1429 5626 1718 5695; x_wconf 87' lang='lat' dir='ltr'><strong>turpiores</strong></span> <span class='ocrx_word' id='word_1_532' title='bbox 1758 5630 2083 5692; x_wconf 85' lang='lat' dir='ltr'><strong>evaserunt,</strong></span> 
     </span>
    </p>
   </div>
   <div class='ocr_carea' id='block_1_91' title="bbox 447 5712 2084 5789">
    <p class='ocr_par' dir='ltr' id='par_1_91' title="bbox 447 5712 2084 5789">
     <span class='ocr_line' id='line_1_92' title="bbox 447 5712 2084 5789; baseline -0.009 -4"><span class='ocrx_word' id='word_1_533' title='bbox 447 5727 655 5784; x_wconf 86' lang='lat' dir='ltr'><strong>utnon</strong></span> <span class='ocrx_word' id='word_1_534' title='bbox 687 5715 878 5774; x_wconf 88' lang='lat' dir='ltr'><strong>solum</strong></span> <span class='ocrx_word' id='word_1_535' title='bbox 910 5713 969 5770; x_wconf 90' lang='lat' dir='ltr'><strong>in</strong></span> <span class='ocrx_word' id='word_1_536' title='bbox 1001 5712 1150 5789; x_wconf 72' lang='lat' dir='ltr'><strong>istis,</strong></span> <span class='ocrx_word' id='word_1_537' title='bbox 1200 5717 1298 5771; x_wconf 91' lang='lat' dir='ltr'><strong>sed</strong></span> <span class='ocrx_word' id='word_1_538' title='bbox 1344 5721 1400 5773; x_wconf 91' lang='lat' dir='ltr'><strong>et</strong></span> <span class='ocrx_word' id='word_1_539' title='bbox 1447 5716 1580 5773; x_wconf 88' lang='lat' dir='ltr'><strong>aliis</strong></span> <span class='ocrx_word' id='word_1_540' title='bbox 1630 5715 1766 5771; x_wconf 83' lang='lat' dir='ltr'><strong>anni</strong></span> <span class='ocrx_word' id='word_1_541' title='bbox 1813 5715 2084 5771; x_wconf 87' lang='lat' dir='ltr'><strong>Sabbatis</strong></span> 
     </span>
    </p>
   </div>
   <div class='ocr_carea' id='block_1_92' title="bbox 2217 3385 3852 3466">
    <p class='ocr_par' dir='ltr' id='par_1_92' title="bbox 2217 3385 3852 3466">
     <span class='ocr_line' id='line_1_93' title="bbox 2217 3385 3852 3466; baseline 0.002 -27"><span class='ocrx_word' id='word_1_542' title='bbox 2217 3389 2378 3439; x_wconf 83' lang='grc' dir='ltr'>τοῦτο</span> <span class='ocrx_word' id='word_1_543' title='bbox 2424 3385 2768 3466; x_wconf 71' lang='grc' dir='ltr'>ἐπιψηφίσειε</span> <span class='ocrx_word' id='word_1_544' title='bbox 2801 3405 2813 3418; x_wconf 77' lang='grc'><strong><em>⁸</em></strong></span> <span class='ocrx_word' id='word_1_545' title='bbox 2863 3389 2988 3462; x_wconf 75' lang='grc' dir='ltr'><strong>φασί</strong></span> <span class='ocrx_word' id='word_1_546' title='bbox 3037 3389 3140 3464; x_wconf 83' lang='grc' dir='ltr'><strong>γάρ</strong></span> <span class='ocrx_word' id='word_1_547' title='bbox 3177 3409 3188 3421; x_wconf 76' lang='grc'><strong><em>⁸</em></strong></span> <span class='ocrx_word' id='word_1_548' title='bbox 3248 3390 3325 3446; x_wconf 88' lang='grc' dir='ltr'><strong>Ού</strong></span> <span class='ocrx_word' id='word_1_549' title='bbox 3385 3391 3566 3466; x_wconf 87' lang='grc' dir='ltr'>γυμνή</span> <span class='ocrx_word' id='word_1_550' title='bbox 3616 3389 3852 3446; x_wconf 87' lang='grc' dir='ltr'>συναίνε-</span> 
     </span>
    </p>
   </div>
   <div class='ocr_carea' id='block_1_93' title="bbox 2219 3477 3852 3552">
    <p class='ocr_par' dir='ltr' id='par_1_93' title="bbox 2219 3477 3852 3552">
     <span class='ocr_line' id='line_1_94' title="bbox 2219 3477 3852 3552; baseline 0.002 -24"><span class='ocrx_word' id='word_1_551' title='bbox 2219 3495 2300 3537; x_wconf 91' lang='grc' dir='ltr'><strong>σις</strong></span> <span class='ocrx_word' id='word_1_552' title='bbox 2355 3479 2452 3529; x_wconf 80' lang='grc' dir='ltr'>τοῦ</span> <span class='ocrx_word' id='word_1_553' title='bbox 2509 3477 2712 3549; x_wconf 86' lang='grc' dir='ltr'>πατρὸς</span> <span class='ocrx_word' id='word_1_554' title='bbox 2769 3477 3045 3552; x_wconf 73' lang='grc' dir='ltr'>ἐλευθεροῖ</span> <span class='ocrx_word' id='word_1_555' title='bbox 3095 3485 3196 3548; x_wconf 78' lang='grc' dir='ltr'><strong>τῆς</strong></span> <span class='ocrx_word' id='word_1_556' title='bbox 3253 3480 3708 3550; x_wconf 80' lang='grc' dir='ltr'>ὑπεξουσιότητος</span> <span class='ocrx_word' id='word_1_557' title='bbox 3763 3479 3852 3534; x_wconf 87' lang='grc' dir='ltr'><strong>τὸν</strong></span> 
     </span>
    </p>
   </div>
   <div class='ocr_carea' id='block_1_94' title="bbox 2216 3560 3090 3641">
    <p class='ocr_par' dir='ltr' id='par_1_94' title="bbox 2216 3560 3090 3641">
     <span class='ocr_line' id='line_1_95' title="bbox 2216 3560 3090 3641; baseline 0.005 -25"><span class='ocrx_word' id='word_1_558' title='bbox 2216 3560 2401 3631; x_wconf 82' lang='grc' dir='ltr'>παῖδα,</span> <span class='ocrx_word' id='word_1_559' title='bbox 2435 3562 2580 3619; x_wconf 76' lang='grc' dir='ltr'>ἀλλὰ</span> <span class='ocrx_word' id='word_1_560' title='bbox 2611 3567 2847 3639; x_wconf 88' lang='grc' dir='ltr'>νόμιμος</span> <span class='ocrx_word' id='word_1_561' title='bbox 2878 3569 3090 3641; x_wconf 77' lang='grc' dir='ltr'>πρᾶξις,</span> 
     </span>
    </p>
   </div>
   <div class='ocr_carea' id='block_1_95' title="bbox 2287 3653 3851 3731">
    <p class='ocr_par' dir='ltr' id='par_1_95' title="bbox 2287 3653 3851 3731">
     <span class='ocr_line' id='line_1_96' title="bbox 2287 3653 3851 3731; baseline 0 -22"><span class='ocrx_word' id='word_1_562' title='bbox 2287 3656 2354 3712; x_wconf 77' lang='lat' dir='ltr'><strong>O&#39;t</strong></span> <span class='ocrx_word' id='word_1_563' title='bbox 2394 3654 2450 3709; x_wconf 78' lang='grc' dir='ltr'>δὲ</span> <span class='ocrx_word' id='word_1_564' title='bbox 2499 3653 2738 3731; x_wconf 66' lang='grc' dir='ltr'>ὀφῳικίῳ</span> <span class='ocrx_word' id='word_1_565' title='bbox 2775 3655 3092 3728; x_wconf 78' lang='grc' dir='ltr'>τιμηθέντες</span> <span class='ocrx_word' id='word_1_566' title='bbox 3137 3655 3324 3718; x_wconf 86' lang='grc' dir='ltr'>παῖδες</span> <span class='ocrx_word' id='word_1_567' title='bbox 3369 3662 3476 3712; x_wconf 89' lang='grc' dir='ltr'><strong>τῶν</strong></span> <span class='ocrx_word' id='word_1_568' title='bbox 3518 3657 3851 3726; x_wconf 82' lang='grc' dir='ltr'>ἐπισκόπων,</span> 
     </span>
    </p>
   </div>
   <div class='ocr_carea' id='block_1_96' title="bbox 2218 3743 3852 3824">
    <p class='ocr_par' dir='ltr' id='par_1_96' title="bbox 2218 3743 3852 3824">
     <span class='ocr_line' id='line_1_97' title="bbox 2218 3743 3852 3824; baseline 0 -27"><span class='ocrx_word' id='word_1_569' title='bbox 2218 3743 2547 3814; x_wconf 77' lang='grc' dir='ltr'>αύτεξούσιοι</span> <span class='ocrx_word' id='word_1_570' title='bbox 2608 3744 2751 3818; x_wconf 82' lang='grc' dir='ltr'><strong>παρὰ</strong></span> <span class='ocrx_word' id='word_1_571' title='bbox 2805 3749 2902 3799; x_wconf 78' lang='grc' dir='ltr'><strong>τοῦ</strong></span> <span class='ocrx_word' id='word_1_572' title='bbox 2954 3745 3124 3818; x_wconf 87' lang='grc' dir='ltr'>νόμου</span> <span class='ocrx_word' id='word_1_573' title='bbox 3199 3747 3458 3822; x_wconf 88' lang='grc' dir='ltr'>γίνονται,</span> <span class='ocrx_word' id='word_1_574' title='bbox 3535 3747 3629 3801; x_wconf 84' lang='grc' dir='ltr'><strong>καὶ</strong></span> <span class='ocrx_word' id='word_1_575' title='bbox 3691 3747 3852 3824; x_wconf 87' lang='grc' dir='ltr'>λόγον</span> 
     </span>
    </p>
   </div>
   <div class='ocr_carea' id='block_1_97' title="bbox 2220 3831 3851 3912">
    <p class='ocr_par' dir='ltr' id='par_1_97' title="bbox 2220 3831 3851 3912">
     <span class='ocr_line' id='line_1_98' title="bbox 2220 3831 3851 3912; baseline 0.001 -25"><span class='ocrx_word' id='word_1_576' title='bbox 2220 3834 2351 3907; x_wconf 75' lang='grc' dir='ltr'>ὑπὲρ</span> <span class='ocrx_word' id='word_1_577' title='bbox 2385 3831 2556 3888; x_wconf 83' lang='grc' dir='ltr'>αὐτῶν</span> <span class='ocrx_word' id='word_1_578' title='bbox 2598 3835 2650 3887; x_wconf 79' lang='grc' dir='ltr'>οἱ</span> <span class='ocrx_word' id='word_1_579' title='bbox 2691 3833 2917 3908; x_wconf 75' lang='grc' dir='ltr'>πατέρας</span> <span class='ocrx_word' id='word_1_580' title='bbox 2970 3832 3030 3889; x_wconf 78' lang='grc' dir='ltr'>οὒ</span> <span class='ocrx_word' id='word_1_581' title='bbox 3082 3833 3288 3891; x_wconf 80' lang='grc' dir='ltr'>διδόασι</span> <span class='ocrx_word' id='word_1_582' title='bbox 3321 3855 3334 3868; x_wconf 88' lang='grc'><strong>·</strong></span> <span class='ocrx_word' id='word_1_583' title='bbox 3391 3837 3521 3912; x_wconf 71' lang='grc' dir='ltr'>φησῖ</span> <span class='ocrx_word' id='word_1_584' title='bbox 3565 3837 3670 3911; x_wconf 79' lang='grc' dir='ltr'><strong>γὰρ</strong></span> <span class='ocrx_word' id='word_1_585' title='bbox 3701 3839 3734 3905; x_wconf 69' lang='grc' dir='ltr'>ἡ</span> <span class='ocrx_word' id='word_1_586' title='bbox 3768 3836 3851 3889; x_wconf 85' lang='grc' dir='ltr'>πα’</span> 
     </span>
    </p>
   </div>
   <div class='ocr_carea' id='block_1_98' title="bbox 2217 3922 3851 3998">
    <p class='ocr_par' dir='ltr' id='par_1_98' title="bbox 2217 3922 3851 3998">
     <span class='ocr_line' id='line_1_99' title="bbox 2217 3922 3851 3998; baseline 0 -21"><span class='ocrx_word' id='word_1_587' title='bbox 2217 3922 2639 3983; x_wconf 86' lang='grc' dir='ltr'>Ἰοοστινιάνειος</span> <span class='ocrx_word' id='word_1_588' title='bbox 2705 3923 2885 3996; x_wconf 70' lang='grc' dir='ltr'>νεαρὰ,</span> <span class='ocrx_word' id='word_1_589' title='bbox 2953 3923 3037 3978; x_wconf 84' lang='grc' dir='ltr'><strong>ὅτι</strong></span> <span class='ocrx_word' id='word_1_590' title='bbox 3101 3930 3296 3987; x_wconf 83' lang='grc' dir='ltr'>πάντες</span> <span class='ocrx_word' id='word_1_591' title='bbox 3355 3926 3406 3979; x_wconf 74' lang='grc' dir='ltr'>οἱ</span> <span class='ocrx_word' id='word_1_592' title='bbox 3467 3925 3851 3998; x_wconf 80' lang='grc' dir='ltr'>ἀξιωματικοὶ,</span> 
     </span>
    </p>
   </div>
   <div class='ocr_carea' id='block_1_99' title="bbox 2214 4007 3851 4090">
    <p class='ocr_par' dir='ltr' id='par_1_99' title="bbox 2214 4007 3851 4090">
     <span class='ocr_line' id='line_1_100' title="bbox 2214 4007 3851 4090; baseline 0.002 -25"><span class='ocrx_word' id='word_1_593' title='bbox 2214 4011 2304 4066; x_wconf 86' lang='grc' dir='ltr'><strong>καὶ</strong></span> <span class='ocrx_word' id='word_1_594' title='bbox 2346 4013 2398 4065; x_wconf 76' lang='grc' dir='ltr'>οἱ</span> <span class='ocrx_word' id='word_1_595' title='bbox 2447 4007 2663 4085; x_wconf 83' lang='grc' dir='ltr'>ἔχοντες</span> <span class='ocrx_word' id='word_1_596' title='bbox 2712 4012 2937 4090; x_wconf 72' lang='grc' dir='ltr'>ὀφφίκια</span> <span class='ocrx_word' id='word_1_597' title='bbox 2984 4011 3264 4088; x_wconf 78' lang='grc' dir='ltr'>ἄρχοντες,</span> <span class='ocrx_word' id='word_1_598' title='bbox 3307 4015 3644 4082; x_wconf 78' lang='grc' dir='ltr'>αύτεξούσιοι</span> <span class='ocrx_word' id='word_1_599' title='bbox 3683 4013 3851 4070; x_wconf 76' lang='grc' dir='ltr'>ἔστω-</span> 
     </span>
    </p>
   </div>
   <div class='ocr_carea' id='block_1_100' title="bbox 2217 4097 3847 4182">
    <p class='ocr_par' dir='ltr' id='par_1_100' title="bbox 2217 4097 3847 4182">
     <span class='ocr_line' id='line_1_101' title="bbox 2217 4097 3847 4182; baseline 0.002 -29"><span class='ocrx_word' id='word_1_600' title='bbox 2217 4121 2334 4170; x_wconf 83' lang='grc' dir='ltr'>σαν,</span> <span class='ocrx_word' id='word_1_601' title='bbox 2375 4101 2463 4154; x_wconf 86' lang='grc' dir='ltr'><strong>καὶ</strong></span> <span class='ocrx_word' id='word_1_602' title='bbox 2494 4099 2543 4154; x_wconf 74' lang='grc' dir='ltr'>εἴ</span> <span class='ocrx_word' id='word_1_603' title='bbox 2581 4107 2680 4170; x_wconf 79' lang='grc' dir='ltr'><strong>τῆς</strong></span> <span class='ocrx_word' id='word_1_604' title='bbox 2728 4108 2997 4176; x_wconf 77' lang='grc' dir='ltr'>πατρικῆς</span> <span class='ocrx_word' id='word_1_605' title='bbox 3056 4103 3244 4180; x_wconf 88' lang='grc' dir='ltr'>χειρὸς</span> <span class='ocrx_word' id='word_1_606' title='bbox 3294 4103 3392 4157; x_wconf 79' lang='grc' dir='ltr'><strong>οὐκ</strong></span> <span class='ocrx_word' id='word_1_607' title='bbox 3437 4097 3668 4182; x_wconf 67' lang='grc' dir='ltr'>ἔφθασαν</span> <span class='ocrx_word' id='word_1_608' title='bbox 3716 4103 3847 4157; x_wconf 84' lang='grc' dir='ltr'>ἀπο·</span> 
     </span>
    </p>
   </div>
   <div class='ocr_carea' id='block_1_101' title="bbox 2216 4191 2462 4261">
    <p class='ocr_par' dir='ltr' id='par_1_101' title="bbox 2216 4191 2462 4261">
     <span class='ocr_line' id='line_1_102' title="bbox 2216 4191 2462 4261; baseline 0.004 -15"><span class='ocrx_word' id='word_1_609' title='bbox 2216 4191 2462 4261; x_wconf 58' lang='grc' dir='ltr'>λυθῆναμ</span> 
     </span>
    </p>
   </div>
   <div class='ocr_carea' id='block_1_102' title="bbox 2283 4282 3853 4363">
    <p class='ocr_par' dir='ltr' id='par_1_102' title="bbox 2283 4282 3853 4363">
     <span class='ocr_line' id='line_1_103' title="bbox 2283 4282 3853 4363; baseline 0.003 -27"><span class='ocrx_word' id='word_1_610' title='bbox 2283 4287 2396 4336; x_wconf 88' lang='grc' dir='ltr'>Τῶν</span> <span class='ocrx_word' id='word_1_611' title='bbox 2456 4286 2707 4360; x_wconf 79' lang='grc' dir='ltr'>ψυχικῶν</span> <span class='ocrx_word' id='word_1_612' title='bbox 2763 4282 2944 4358; x_wconf 74' lang='grc' dir='ltr'>μέντοι</span> <span class='ocrx_word' id='word_1_613' title='bbox 2995 4283 3353 4363; x_wconf 74' lang='grc' dir='ltr'>σφαλμάτων,</span> <span class='ocrx_word' id='word_1_614' title='bbox 3407 4287 3540 4361; x_wconf 77' lang='grc' dir='ltr'>ἅπερ</span> <span class='ocrx_word' id='word_1_615' title='bbox 3589 4288 3643 4340; x_wconf 74' lang='grc' dir='ltr'>οἱ</span> <span class='ocrx_word' id='word_1_616' title='bbox 3689 4287 3853 4357; x_wconf 79' lang='grc' dir='ltr'>ὑπεξ-</span> 
     </span>
    </p>
   </div>
   <div class='ocr_carea' id='block_1_103' title="bbox 2215 4373 3849 4453">
    <p class='ocr_par' dir='ltr' id='par_1_103' title="bbox 2215 4373 3849 4453">
     <span class='ocr_line' id='line_1_104' title="bbox 2215 4373 3849 4453; baseline 0 -25"><span class='ocrx_word' id='word_1_617' title='bbox 2215 4375 2387 4428; x_wconf 83' lang='grc' dir='ltr'>ούσιοι</span> <span class='ocrx_word' id='word_1_618' title='bbox 2427 4374 2787 4449; x_wconf 80' lang='grc' dir='ltr'>ἁμαρτάνουσι</span> <span class='ocrx_word' id='word_1_619' title='bbox 2849 4373 3056 4444; x_wconf 78' lang='grc' dir='ltr'>παῖδες,</span> <span class='ocrx_word' id='word_1_620' title='bbox 3114 4374 3250 4440; x_wconf 55' lang='grc' dir='ltr'><strong>τίσως</strong></span> <span class='ocrx_word' id='word_1_621' title='bbox 3307 4377 3359 4431; x_wconf 76' lang='grc' dir='ltr'>οἱ</span> <span class='ocrx_word' id='word_1_622' title='bbox 3415 4377 3642 4453; x_wconf 82' lang='grc' dir='ltr'>πατέρες</span> <span class='ocrx_word' id='word_1_623' title='bbox 3695 4375 3849 4448; x_wconf 85' lang='grc' dir='ltr'>δίκην</span> 
     </span>
    </p>
   </div>
   <div class='ocr_carea' id='block_1_104' title="bbox 2215 4463 3852 4542">
    <p class='ocr_par' dir='ltr' id='par_1_104' title="bbox 2215 4463 3852 4542">
     <span class='ocr_line' id='line_1_105' title="bbox 2215 4463 3852 4542; baseline 0.002 -26"><span class='ocrx_word' id='word_1_624' title='bbox 2215 4463 2530 4537; x_wconf 76' lang='grc' dir='ltr'>ὑπέχουσιν,</span> <span class='ocrx_word' id='word_1_625' title='bbox 2568 4465 2633 4518; x_wconf 84' lang='grc' dir='ltr'><strong>ού</strong></span> <span class='ocrx_word' id='word_1_626' title='bbox 2675 4467 2782 4538; x_wconf 75' lang='grc' dir='ltr'>μὴν</span> <span class='ocrx_word' id='word_1_627' title='bbox 2833 4466 2922 4520; x_wconf 84' lang='grc' dir='ltr'><strong>καὶ</strong></span> <span class='ocrx_word' id='word_1_628' title='bbox 2965 4471 3074 4520; x_wconf 86' lang='grc' dir='ltr'><strong>τῶν</strong></span> <span class='ocrx_word' id='word_1_629' title='bbox 3125 4463 3540 4542; x_wconf 79' lang='grc' dir='ltr'>ἐγκληματικῶν</span> <span class='ocrx_word' id='word_1_630' title='bbox 3568 4486 3580 4498; x_wconf 91' lang='grc'>·</span> <span class='ocrx_word' id='word_1_631' title='bbox 3639 4467 3702 4522; x_wconf 87' lang='grc' dir='ltr'><strong>ού</strong></span> <span class='ocrx_word' id='word_1_632' title='bbox 3747 4468 3852 4542; x_wconf 75' lang='grc' dir='ltr'>γὰρ</span> 
     </span>
    </p>
   </div>
   <div class='ocr_carea' id='block_1_105' title="bbox 2211 4551 3845 4632">
    <p class='ocr_par' dir='ltr' id='par_1_105' title="bbox 2211 4551 3845 4632">
     <span class='ocr_line' id='line_1_106' title="bbox 2211 4551 3845 4632; baseline 0.002 -24"><span class='ocrx_word' id='word_1_633' title='bbox 2211 4551 2534 4621; x_wconf 82' lang='grc' dir='ltr'>κολάζονται</span> <span class='ocrx_word' id='word_1_634' title='bbox 2565 4553 2791 4629; x_wconf 79' lang='grc' dir='ltr'>πατὲρες</span> <span class='ocrx_word' id='word_1_635' title='bbox 2824 4555 2954 4629; x_wconf 78' lang='grc' dir='ltr'>ὑπὲρ</span> <span class='ocrx_word' id='word_1_636' title='bbox 2979 4554 3180 4609; x_wconf 82' lang='grc' dir='ltr'>τέκνων</span> <span class='ocrx_word' id='word_1_637' title='bbox 3205 4575 3217 4586; x_wconf 84' lang='grc'><em>’</em></span> <span class='ocrx_word' id='word_1_638' title='bbox 3263 4555 3397 4631; x_wconf 79' lang='grc' dir='ltr'>φησί</span> <span class='ocrx_word' id='word_1_639' title='bbox 3429 4556 3533 4632; x_wconf 79' lang='grc' dir='ltr'><strong>γὰρ</strong></span> <span class='ocrx_word' id='word_1_640' title='bbox 3572 4557 3598 4610; x_wconf 88' lang='grc' dir='ltr'>ὁ</span> <span class='ocrx_word' id='word_1_641' title='bbox 3639 4556 3845 4628; x_wconf 84' lang='grc' dir='ltr'>νόμος·</span> 
     </span>
    </p>
   </div>
   <div class='ocr_carea' id='block_1_106' title="bbox 2125 4639 3288 4718">
    <p class='ocr_par' dir='ltr' id='par_1_106' title="bbox 2125 4639 3288 4718">
     <span class='ocr_line' id='line_1_107' title="bbox 2125 4639 3288 4718; baseline 0.002 -20"><span class='ocrx_word' id='word_1_642' title='bbox 2125 4649 2176 4713; x_wconf 86' lang='lat' dir='ltr'><strong>D</strong></span> <span class='ocrx_word' id='word_1_643' title='bbox 2206 4641 2285 4698; x_wconf 82' lang='grc' dir='ltr'><strong>Τὰ</strong></span> <span class='ocrx_word' id='word_1_644' title='bbox 2316 4643 2682 4718; x_wconf 70' lang='grc' dir='ltr'>ἁμαρτήματα</span> <span class='ocrx_word' id='word_1_645' title='bbox 2710 4646 2777 4716; x_wconf 80' lang='grc' dir='ltr'><strong>τῇ</strong></span> <span class='ocrx_word' id='word_1_646' title='bbox 2809 4641 3019 4718; x_wconf 77' lang='grc' dir='ltr'>κεφαλῇ</span> <span class='ocrx_word' id='word_1_647' title='bbox 3045 4639 3288 4702; x_wconf 72' lang='grc' dir='ltr'>ἕπονται.</span> 
     </span>
    </p>
   </div>
   <div class='ocr_carea' id='block_1_107' title="bbox 2207 4750 3841 4825">
    <p class='ocr_par' dir='ltr' id='par_1_107' title="bbox 2207 4750 3841 4825">
     <span class='ocr_line' id='line_1_108' title="bbox 2207 4750 3841 4825; baseline 0.001 -21"><span class='ocrx_word' id='word_1_648' title='bbox 2207 4755 2471 4825; x_wconf 66' lang='grc' dir='ltr'><strong>ΚΕΦΔΛ.</strong></span> <span class='ocrx_word' id='word_1_649' title='bbox 2506 4751 2574 4804; x_wconf 80' lang='grc' dir='ltr'><strong>Ε“.</strong></span> <span class='ocrx_word' id='word_1_650' title='bbox 2629 4751 2784 4825; x_wconf 78' lang='grc' dir='ltr'>Περὶ</span> <span class='ocrx_word' id='word_1_651' title='bbox 2831 4757 2949 4825; x_wconf 82' lang='grc' dir='ltr'><strong>τῆς</strong></span> <span class='ocrx_word' id='word_1_652' title='bbox 3008 4750 3203 4825; x_wconf 78' lang='grc' dir='ltr'>ἁγίας</span> <span class='ocrx_word' id='word_1_653' title='bbox 3249 4758 3841 4825; x_wconf 81' lang='grc' dir='ltr'>Τεσσαρακοστῆς,</span> 
     </span>
    </p>
   </div>
   <div class='ocr_carea' id='block_1_108' title="bbox 2372 4821 3670 4897">
    <p class='ocr_par' dir='ltr' id='par_1_108' title="bbox 2372 4821 3670 4897">
     <span class='ocr_line' id='line_1_109' title="bbox 2372 4821 3670 4897; baseline 0.005 -23"><span class='ocrx_word' id='word_1_654' title='bbox 2372 4822 2628 4876; x_wconf 85' lang='grc' dir='ltr'>καὶτῶν</span> <span class='ocrx_word' id='word_1_655' title='bbox 2685 4821 2744 4876; x_wconf 81' lang='grc' dir='ltr'>ἐν</span> <span class='ocrx_word' id='word_1_656' title='bbox 2789 4823 2950 4897; x_wconf 86' lang='grc' dir='ltr'>αύτῇ</span> <span class='ocrx_word' id='word_1_657' title='bbox 2998 4821 3420 4897; x_wconf 73' lang='grc' dir='ltr'>τελουμένων</span> <span class='ocrx_word' id='word_1_658' title='bbox 3472 4821 3670 4881; x_wconf 63' lang='grc' dir='ltr'>ἱθῶν.</span> 
     </span>
    </p>
   </div>
   <div class='ocr_carea' id='block_1_109' title="bbox 2275 4908 3448 4990">
    <p class='ocr_par' dir='ltr' id='par_1_109' title="bbox 2275 4908 3448 4990">
     <span class='ocr_line' id='line_1_110' title="bbox 2275 4908 3448 4990; baseline 0.004 -26"><span class='ocrx_word' id='word_1_659' title='bbox 2275 4912 2431 4980; x_wconf 72' lang='grc' dir='ltr'>Ζήτει</span> <span class='ocrx_word' id='word_1_660' title='bbox 2463 4911 2524 4964; x_wconf 88' lang='grc' dir='ltr'>τὸ</span> <span class='ocrx_word' id='word_1_661' title='bbox 2549 4908 2589 4964; x_wconf 82' lang='grc' dir='ltr'>δ’</span> <span class='ocrx_word' id='word_1_662' title='bbox 2618 4910 2914 4987; x_wconf 71' lang='grc' dir='ltr'>κεφάλαιον</span> <span class='ocrx_word' id='word_1_663' title='bbox 2943 4915 3039 4965; x_wconf 77' lang='grc' dir='ltr'><strong>τοῦ</strong></span> <span class='ocrx_word' id='word_1_664' title='bbox 3071 4917 3117 4968; x_wconf 88' lang='grc' dir='ltr'><strong>Ν</strong></span> <span class='ocrx_word' id='word_1_665' title='bbox 3148 4912 3448 4990; x_wconf 87' lang='grc' dir='ltr'>στοιχείου.</span> 
     </span>
    </p>
   </div>
   <div class='ocr_carea' id='block_1_110' title="bbox 2275 4997 3841 5073">
    <p class='ocr_par' dir='ltr' id='par_1_110' title="bbox 2275 4997 3841 5073">
     <span class='ocr_line' id='line_1_111' title="bbox 2275 4997 3841 5073; baseline 0.001 -18"><span class='ocrx_word' id='word_1_666' title='bbox 2275 5003 2337 5055; x_wconf 75' lang='grc' dir='ltr'>Ὀ</span> <span class='ocrx_word' id='word_1_667' title='bbox 2371 4997 2426 5053; x_wconf 72' lang='grc' dir='ltr'>δὲ</span> <span class='ocrx_word' id='word_1_668' title='bbox 2467 5019 2521 5053; x_wconf 90' lang='grc' dir='ltr'><strong>νε</strong></span> <span class='ocrx_word' id='word_1_669' title='bbox 2568 5007 2668 5068; x_wconf 78' lang='grc' dir='ltr'><strong>τῆς</strong></span> <span class='ocrx_word' id='word_1_670' title='bbox 2710 5006 2748 5060; x_wconf 81' lang='grc' dir='ltr'>ς’</span> <span class='ocrx_word' id='word_1_671' title='bbox 2797 4997 3022 5054; x_wconf 88' lang='grc' dir='ltr'>συνόδου</span> <span class='ocrx_word' id='word_1_672' title='bbox 3071 5002 3246 5055; x_wconf 88' lang='grc' dir='ltr'>κανὼν</span> <span class='ocrx_word' id='word_1_673' title='bbox 3293 5007 3409 5064; x_wconf 88' lang='grc' dir='ltr'>τοῖς</span> <span class='ocrx_word' id='word_1_674' title='bbox 3455 5005 3554 5073; x_wconf 85' lang='grc' dir='ltr'><strong>τήν</strong></span> <span class='ocrx_word' id='word_1_675' title='bbox 3600 5002 3841 5058; x_wconf 79' lang='grc' dir='ltr'>παλαιὰν</span> 
     </span>
    </p>
   </div>
   <div class='ocr_carea' id='block_1_111' title="bbox 2205 5087 3842 5163">
    <p class='ocr_par' dir='ltr' id='par_1_111' title="bbox 2205 5087 3842 5163">
     <span class='ocr_line' id='line_1_112' title="bbox 2205 5087 3842 5163; baseline 0.002 -21"><span class='ocrx_word' id='word_1_676' title='bbox 2205 5087 2416 5142; x_wconf 76' lang='grc' dir='ltr'>οἰκοῦσι</span> <span class='ocrx_word' id='word_1_677' title='bbox 2491 5087 2711 5160; x_wconf 82' lang='grc' dir='ltr'>Ῥώμην</span> <span class='ocrx_word' id='word_1_678' title='bbox 2797 5094 3181 5163; x_wconf 82' lang='grc' dir='ltr'>πσρεγγυᾶται,</span> <span class='ocrx_word' id='word_1_679' title='bbox 3271 5093 3345 5163; x_wconf 82' lang='grc' dir='ltr'>μή</span> <span class='ocrx_word' id='word_1_680' title='bbox 3432 5092 3709 5160; x_wconf 84' lang='grc' dir='ltr'>νηστεύειν</span> <span class='ocrx_word' id='word_1_681' title='bbox 3776 5095 3842 5146; x_wconf 70' lang='grc' dir='ltr'>τὰ</span> 
     </span>
    </p>
   </div>
   <div class='ocr_carea' id='block_1_112' title="bbox 2203 5171 3843 5254">
    <p class='ocr_par' dir='ltr' id='par_1_112' title="bbox 2203 5171 3843 5254">
     <span class='ocr_line' id='line_1_113' title="bbox 2203 5171 3843 5254; baseline 0.002 -24"><span class='ocrx_word' id='word_1_682' title='bbox 2203 5171 2444 5230; x_wconf 71' lang='grc' dir='ltr'>σάϐϐατα</span> <span class='ocrx_word' id='word_1_683' title='bbox 2491 5183 2588 5244; x_wconf 76' lang='grc' dir='ltr'><strong>τῆς</strong></span> <span class='ocrx_word' id='word_1_684' title='bbox 2634 5177 2786 5250; x_wconf 83' lang='grc' dir='ltr'>ἁγίας</span> <span class='ocrx_word' id='word_1_685' title='bbox 2841 5186 3294 5251; x_wconf 71' lang='grc' dir='ltr'>τεσσαρακοστῆς,</span> <span class='ocrx_word' id='word_1_686' title='bbox 3346 5179 3498 5243; x_wconf 84' lang='grc' dir='ltr'>ἐκτὸς</span> <span class='ocrx_word' id='word_1_687' title='bbox 3539 5180 3703 5254; x_wconf 88' lang='grc' dir='ltr'>μόνον</span> <span class='ocrx_word' id='word_1_688' title='bbox 3745 5185 3843 5236; x_wconf 78' lang='grc' dir='ltr'><strong>τοῦ</strong></span> 
     </span>
    </p>
   </div>
   <div class='ocr_carea' id='block_1_113' title="bbox 2203 5262 3842 5344">
    <p class='ocr_par' dir='ltr' id='par_1_113' title="bbox 2203 5262 3842 5344">
     <span class='ocr_line' id='line_1_114' title="bbox 2203 5262 3842 5344; baseline 0.004 -25"><span class='ocrx_word' id='word_1_689' title='bbox 2203 5266 2320 5326; x_wconf 58' lang='lat' dir='ltr'><strong>ave;</strong></span> <span class='ocrx_word' id='word_1_690' title='bbox 2361 5267 2446 5319; x_wconf 85' lang='grc' dir='ltr'><strong>καὶ</strong></span> <span class='ocrx_word' id='word_1_691' title='bbox 2497 5264 2738 5340; x_wconf 82' lang='grc' dir='ltr'>μεγάλου</span> <span class='ocrx_word' id='word_1_692' title='bbox 2777 5262 3047 5322; x_wconf 77' lang='grc' dir='ltr'>σαϐϐάτου</span> <span class='ocrx_word' id='word_1_693' title='bbox 3073 5288 3086 5300; x_wconf 89' lang='grc'><strong>·</strong></span> <span class='ocrx_word' id='word_1_694' title='bbox 3133 5266 3260 5324; x_wconf 70' lang='grc' dir='ltr'>ἀλλ’</span> <span class='ocrx_word' id='word_1_695' title='bbox 3302 5267 3625 5344; x_wconf 83' lang='grc' dir='ltr'>ἀδιόρθωτοι</span> <span class='ocrx_word' id='word_1_696' title='bbox 3669 5291 3842 5344; x_wconf 82' lang='grc' dir='ltr'>μεμε·</span> 
     </span>
    </p>
   </div>
   <div class='ocr_carea' id='block_1_114' title="bbox 2201 5352 3844 5430">
    <p class='ocr_par' dir='ltr' id='par_1_114' title="bbox 2201 5352 3844 5430">
     <span class='ocr_line' id='line_1_115' title="bbox 2201 5352 3844 5430; baseline 0.003 -23"><span class='ocrx_word' id='word_1_697' title='bbox 2201 5356 2424 5424; x_wconf 70' lang='grc' dir='ltr'>νήκασιν</span> <span class='ocrx_word' id='word_1_698' title='bbox 2476 5355 2526 5408; x_wconf 82' lang='grc' dir='ltr'>οἱ</span> <span class='ocrx_word' id='word_1_699' title='bbox 2578 5352 2858 5424; x_wconf 86' lang='grc' dir='ltr'>ἀλαζόνες,</span> <span class='ocrx_word' id='word_1_700' title='bbox 2907 5358 3046 5430; x_wconf 79' lang='grc' dir='ltr'>μήτε</span> <span class='ocrx_word' id='word_1_701' title='bbox 3091 5361 3202 5412; x_wconf 90' lang='grc' dir='ltr'><strong>τῶν</strong></span> <span class='ocrx_word' id='word_1_702' title='bbox 3254 5357 3630 5413; x_wconf 86' lang='grc' dir='ltr'>ἀποστολικῶν</span> <span class='ocrx_word' id='word_1_703' title='bbox 3680 5359 3844 5413; x_wconf 87' lang='grc' dir='ltr'>κανό-</span> 
     </span>
    </p>
   </div>
   <div class='ocr_carea' id='block_1_115' title="bbox 2198 5443 3840 5521">
    <p class='ocr_par' dir='ltr' id='par_1_115' title="bbox 2198 5443 3840 5521">
     <span class='ocr_line' id='line_1_116' title="bbox 2198 5443 3840 5521; baseline 0.003 -25"><span class='ocrx_word' id='word_1_704' title='bbox 2198 5465 2322 5509; x_wconf 92' lang='grc' dir='ltr'>νων,</span> <span class='ocrx_word' id='word_1_705' title='bbox 2386 5444 2524 5515; x_wconf 73' lang='grc' dir='ltr'>μήτε</span> <span class='ocrx_word' id='word_1_706' title='bbox 2578 5443 2772 5498; x_wconf 87' lang='grc' dir='ltr'>τούτου</span> <span class='ocrx_word' id='word_1_707' title='bbox 2824 5443 3276 5521; x_wconf 69' lang='grc' dir='ltr'>ἐπιστρεφόμενοι</span> <span class='ocrx_word' id='word_1_708' title='bbox 3327 5467 3340 5480; x_wconf 74' lang='grc' dir='ltr'><strong>ο</strong></span> <span class='ocrx_word' id='word_1_709' title='bbox 3400 5447 3489 5502; x_wconf 86' lang='grc' dir='ltr'><strong>καὶ</strong></span> <span class='ocrx_word' id='word_1_710' title='bbox 3547 5449 3687 5520; x_wconf 72' lang='grc' dir='ltr'>μήτε</span> <span class='ocrx_word' id='word_1_711' title='bbox 3743 5451 3840 5516; x_wconf 70' lang='grc' dir='ltr'><strong>τήν</strong></span> 
     </span>
    </p>
   </div>
   <div class='ocr_carea' id='block_1_116' title="bbox 2196 5529 3835 5608">
    <p class='ocr_par' dir='ltr' id='par_1_116' title="bbox 2196 5529 3835 5608">
     <span class='ocr_line' id='line_1_117' title="bbox 2196 5529 3835 5608; baseline 0.003 -27"><span class='ocrx_word' id='word_1_712' title='bbox 2196 5529 2500 5602; x_wconf 82' lang='grc' dir='ltr'>καθαίρεσιν</span> <span class='ocrx_word' id='word_1_713' title='bbox 2553 5530 2604 5582; x_wconf 79' lang='grc' dir='ltr'>οἱ</span> <span class='ocrx_word' id='word_1_714' title='bbox 2664 5530 2976 5604; x_wconf 71' lang='grc' dir='ltr'>ἱερωμένοι,</span> <span class='ocrx_word' id='word_1_715' title='bbox 3037 5533 3165 5604; x_wconf 79' lang='grc' dir='ltr'>μήθ’</span> <span class='ocrx_word' id='word_1_716' title='bbox 3245 5534 3294 5586; x_wconf 78' lang='grc' dir='ltr'>οἱ</span> <span class='ocrx_word' id='word_1_717' title='bbox 3352 5537 3448 5589; x_wconf 80' lang='grc' dir='ltr'><strong>τοῦ</strong></span> <span class='ocrx_word' id='word_1_718' title='bbox 3505 5530 3686 5608; x_wconf 68' lang='grc' dir='ltr'>δήμου</span> <span class='ocrx_word' id='word_1_719' title='bbox 3743 5534 3835 5587; x_wconf 87' lang='grc' dir='ltr'>τὸν</span> 
     </span>
    </p>
   </div>
   <div class='ocr_carea' id='block_1_117' title="bbox 2197 5613 3836 5696">
    <p class='ocr_par' dir='ltr' id='par_1_117' title="bbox 2197 5613 3836 5696">
     <span class='ocr_line' id='line_1_118' title="bbox 2197 5613 3836 5696; baseline -0.004 -24"><span class='ocrx_word' id='word_1_720' title='bbox 2197 5618 2500 5695; x_wconf 65' lang='grc' dir='ltr'>ἁφορισμὸν</span> <span class='ocrx_word' id='word_1_721' title='bbox 2541 5613 2974 5690; x_wconf 75' lang='grc' dir='ltr'>εὐλαϐούμενοι·</span> <span class='ocrx_word' id='word_1_722' title='bbox 3031 5621 3243 5692; x_wconf 85' lang='grc' dir='ltr'>μᾶλλον</span> <span class='ocrx_word' id='word_1_723' title='bbox 3297 5620 3353 5676; x_wconf 78' lang='grc' dir='ltr'>δὲ</span> <span class='ocrx_word' id='word_1_724' title='bbox 3400 5627 3657 5677; x_wconf 71' lang='grc' dir='ltr'>τοσοῦτον</span> <span class='ocrx_word' id='word_1_725' title='bbox 3705 5629 3836 5696; x_wconf 77' lang='grc' dir='ltr'>χεί-</span> 
     </span>
    </p>
   </div>
   <div class='ocr_carea' id='block_1_118' title="bbox 2197 5709 3834 5787">
    <p class='ocr_par' dir='ltr' id='par_1_118' title="bbox 2197 5709 3834 5787">
     <span class='ocr_line' id='line_1_119' title="bbox 2197 5709 3834 5787; baseline 0.003 -25"><span class='ocrx_word' id='word_1_726' title='bbox 2197 5729 2324 5784; x_wconf 91' lang='grc' dir='ltr'>ρους</span> <span class='ocrx_word' id='word_1_727' title='bbox 2369 5709 2673 5784; x_wconf 86' lang='grc' dir='ltr'>γεγόνασιν,</span> <span class='ocrx_word' id='word_1_728' title='bbox 2710 5709 2783 5772; x_wconf 86' lang='grc' dir='ltr'><strong>ὡς</strong></span> <span class='ocrx_word' id='word_1_729' title='bbox 2827 5712 2902 5784; x_wconf 71' lang='grc' dir='ltr'>μὴ</span> <span class='ocrx_word' id='word_1_730' title='bbox 2955 5709 3114 5783; x_wconf 89' lang='grc' dir='ltr'>μόνον</span> <span class='ocrx_word' id='word_1_731' title='bbox 3165 5710 3217 5766; x_wconf 82' lang='grc' dir='ltr'>ἐν</span> <span class='ocrx_word' id='word_1_732' title='bbox 3262 5711 3498 5787; x_wconf 87' lang='grc' dir='ltr'>τούτοις,</span> <span class='ocrx_word' id='word_1_733' title='bbox 3548 5710 3691 5766; x_wconf 83' lang='grc' dir='ltr'>ἀλλά</span> <span class='ocrx_word' id='word_1_734' title='bbox 3735 5712 3834 5767; x_wconf 81' lang='grc' dir='ltr'><strong>κάν</strong></span> 
     </span>
    </p>
   </div>
  </div>
