4098 6332
259 424 352 483 141

1267 403 1690 470 SYNTAGMA
1734 399 2360 463 ALPHABE’I‘ICUM.
2409 431 2484 442 —
2525 399 2599 458 'l‘.

3518 400 3634 460 149

253 558 352 613 τοῖς
401 549 601 609 ἄλλοις
658 550 759 602 τοῦ
818 544 1024 620 χρόνου
1081 534 1336 605 σάϐϐασι,
1396 535 1728 612 παρανόμως
1783 555 1920 606 νη·-⁴

2037 549 2204 604 λιίοἱιθ
2228 547 2509 616 jejunent.
2545 546 2665 600 [mo
2694 548 2841 616 quod
2875 546 3065 600 adhuc
3098 545 3276 615 magis
3316 545 3639 603 canonibus

649 635 692 656 δ’

255 641 430 696 στεύειν
470 660 480 671 ·
534 641 597 693 τὸ
645 635 692 690 δ’
744 631 824 689 ἔτι
879 633 1073 688 τούτου
1122 628 1604 704 παρανομώτερον,
1657 623 1739 678 ὅτι
1786 624 1884 690 τήν

251 735 332 786 τοῦ
385 723 664 785 σαϐϐάτου
722 721 1020 780 κατάλυσιν
1074 719 1164 774 ἐπὶ
1219 718 1318 786 τὴν
1377 712 1606 789 τετράδα
1665 732 1889 786 μετενη-

251 820 429 895 νόχασι
477 817 570 872 καὶ
619 814 988 890 παρασκευὴν,
1033 812 1132 876 τὴν
1184 806 1229 862 δ’
1275 805 1326 862 ὲν
1373 806 1591 864 ταύταις
1639 801 1890 872 νηστείαν

251 892 340 964 ξπῖ
379 909 444 962 τὸ
506 900 802 970 σάϐϐατον,
859 901 1011 975 ἔργον
1068 896 1263 952 ὡσανεὶ
1316 893 1663 966 ποιούμενοι,
1722 892 1896 944 πάντα

251 1000 405 1071 νόμον
434 997 585 1071 ἱερὸν
615 993 820 1049 τιθέναι
851 990 1168 1046 ἀνάστατον.

312 1067 364 1142 ίΟ
416 1067 607 1148 δέ-νέ
661 1085 762 1152 την
813 1078 964 1143 αὖθις
1010 1077 1069 1132 ἐκ
1117 1074 1412 1148 διαμέτρου
1461 1075 1568 1127 τῶν
1600 1067 1899 1144 Ἀρμενίων

254 1172 635 1249 διορθούμενος
685 1167 924 1240 πλάνην,
966 1165 1017 1222 ἐν
1060 1170 1176 1226 τοῖς
1225 1157 1457 1218 σάϐϐασι
1504 1161 1594 1215 καὶ
1641 1163 1758 1218 ταῖς
1807 1177 1900 1210 κυ-

254 1268 466 1336 ριακαῖς
527 1268 627 1328 τῆς
690 1257 846 1334 ἁγίας
901 1254 1354 1330 τεσσαρακοστῆς,
1411 1252 1577 1324 τυροῦ
1633 1247 1723 1300 καὶ
1781 1243 1903 1298 ὠῶν

249 1352 546 1428 ἀπέγεσθαι
596 1348 687 1402 καὶ
737 1346 965 1408 τούτους
1012 1341 1244 1410 κελεύει,
1278 1343 1375 1394 οἶπ
1424 1338 1491 1406 δὴ
1540 1339 1706 1408 νόμος
1755 1334 1899 1405 πάσῃ

246 1446 301 1514 τῇ
351 1419 599 1514 ’ύφηλίῳ
645 1439 742 1491 τοῦ
797 1439 931 1489 Θεοῦ
990 1431 1312 1500 Ἐκκλησίᾳ.
1357 1429 1563 1498 ’Ὠσπερ
1615 1426 1718 1514 γὰρ
1767 1423 1904 1514 πάνε-

246 1511 348 1585 τιυν
375 1511 487 1584 τιῖιν
539 1527 823 1598 θυομένων
853 1521 1176 1597 ἀπεχόμεθα
1225 1519 1401 1590 ζώων,
1444 1517 1590 1570 οὕτω
1642 1511 1782 1582 δέον,
1813 1513 1900 1566 καὶ

245 1619 336 1674 ἆσαι
391 1619 610 1674 τούτων
683 1613 913 1689 καρπὸς,
972 1612 1049 1672 εἰς
1121 1609 1330 1686 τροφὴν
1414 1607 1490 1674 μή
1564 1601 1901 1678 προσίεσθαι.

245 1714 415 1766 Τοῦτο
450 1705 665 1761 καὶέπὶ
715 1708 822 1759 τῶν
871 1697 1143 1774 τετράδων
1191 1694 1607 1770 παρατηρητέον
1650 1692 1741 1746 καὶ
1795 1710 1906 1744 πα-

248 1800 522 1870 ρασκευῶν
555 1798 655 1850 τοῦ
707 1791 843 1847 ὅλου
892 1790 1173 1845 ἐνιαυτοῦο
1230 1790 1350 1846 τοῖς
1383 1781 1439 1838 δὲ
1487 1775 1904 1855 παραϐαίνουσι,

1997 640 2300 708 repugnat,
2342 634 2688 689 solutionem
2739 633 2976 689 Sabbati
3010 634 3066 688 in
3121 634 3322 689 feriam
3372 639 3637 705 quartam

1998 731 2055 783 et
2078 725 2427 780 Parasceven
2469 723 2746 790 referunt,
2781 727 2954 793 atque
2993 723 3241 778 istorum
3278 722 3507 780 dierum
3542 724 3640 794 je-

1992 814 2229 886 junium
2262 813 2320 867 in
2351 812 2684 878 Sabbatum,
2717 811 2888 882 quasi
2920 811 3164 867 sollicite
3193 812 3496 869 studentes
3527 827 3642 868 om-

2003 919 2135 962 nem
2167 903 2352 975 legem
2383 916 2610 958 sacram
2660 901 3012 956 subvertere.

2077 1089 2273 1140 Canon
2329 1098 2460 1138 vero
2509 1082 2580 1137 56
2627 1081 2985 1138 contrarium
3042 1081 3213 1152 plane
3261 1083 3647 1139 Armcnorum

2010 1189 2266 1230 errorem
2299 1172 2615 1244 corrigens,
2646 1170 2706 1226 in
2738 1171 3002 1227 Sabbatis
3033 1177 3090 1227 et
3134 1171 3458 1228 Dominicis
3494 1174 3648 1239 Qua-

2009 1261 2490 1332 dragesimalibus
2523 1277 2555 1316 a
2585 1277 2751 1316 caseo
2766 1266 2822 1316 et
2850 1261 2972 1316 ovis
3005 1260 3299 1316 abstinere
3327 1261 3485 1333 ipsos
3509 1279 3652 1329 pra:-

2012 1350 2187 1420 cipit;
2212 1348 2369 1420 quod
2401 1348 2638 1418 quidem
2661 1351 3006 1418 praeceptum
3031 1349 3089 1401 in
3121 1348 3388 1403 universa
3417 1347 3518 1402 Dei
3540 1347 3650 1402 Ec-

2011 1439 2188 1496 clesia
2217 1438 2460 1493 obtinet.
2494 1436 2639 1491 Nam
2672 1436 2840 1491 sicuti
2871 1437 2942 1492 ab
2988 1437 3264 1493 omnibus
3312 1437 3653 1493 sacriﬁcatio

2012 1528 2362 1585 animalibus
2388 1531 2806 1598 temperamus,
2840 1527 2916 1580 ita
2946 1529 3003 1582 et
3033 1527 3256 1583 fructus
3301 1527 3560 1598 ipsorum
3592 1526 3650 1580 in

2012 1619 2209 1674 cibum
2235 1617 2470 1672 minime
2484 1616 2755 1671 adbibere
2769 1615 3070 1671 debemus.
3096 1615 3211 1672 Hoc
3225 1617 3474 1672 etiamin
3498 1617 3654 1672 feriis

2013 1709 2232 1780 quartis
2261 1713 2316 1761 et
2346 1706 2522 1761 sextis
2555 1720 2654 1775 per
2683 1709 2865 1761 totum
2898 1721 3117 1760 annum
3157 1706 3460 1761 observare
3491 1721 3656 1777 opor-

2013 1802 2114 1852 tet.
2149 1795 2255 1859 Qui
2288 1812 2459 1851 secus
2489 1794 2754 1864 fecerint,
2785 1794 3166 1866 depositionis
3190 1799 3291 1850 aut
3321 1810 3653 1851 excommu-

247 1886 555 1961 καθαιρέσει
617 1884 651 1952 ἢ
712 1883 1003 1958 ἀφορισμῷ
1076 1880 1322 1950 τιμᾶται,
1385 1871 1674 1944 κληρικοῖς
1731 1871 1900 1935 οὖσιν,

258 1977 330 1980 γε-
450 1977 461 1980 -
767 1972 776 1980 ι
877 1967 1044 1980 --\\\
1129 1967 1143 1980 9
1307 1961 1320 1980 Ι
1531 1961 1540 1976 ¹¹
1653 1959 1772 1980 ικηι
1818 1977 1902 1980 -A-

2037 1885 2318 1940 licationis
2376 1899 2605 1955 poenam
2659 1883 2735 1939 iis
2783 1883 3052 1952 intentat,
3102 1891 3273 1954 prout
3303 1884 3497 1941 clerici
3527 1884 3658 1940 fue-

251 1959 590 2048 ἣδημόταις
639 1972 834 2046 τυχόν.
875 1967 1055 2025 Ἀλλὰ
1084 1967 1182 2021 κάν
1230 1961 1406 2033 τούτῳ
1460 1961 1588 2021 τοὺς
1639 1959 1903 2018 Λατίνους

255 2046 472 2137 μᾶλλον
506 2060 570 2117 ἂν
608 2059 730 2134 ’ίδῃς
784 2059 863 2122 εἴς
893 2053 1122 2135 ἔσχατον
1171 2053 1507 2129 ἀφιγμένους
1539 2046 1901 2122 παρανομίας,

255 2155 432 2227 ὥσπερ
484 2147 795 2223 ἐξεπίτηδες
836 2146 1005 2219 ὁμόσε
1055 2146 1372 2219 γωροῦντας
1428 2143 1544 2200 τοῖς
1604 2137 1770 2197 θείοις
1818 2156 1908 2189 κα-

256 2243 396 2298 νόσιν
433 2263 446 2273 ·
502 2240 555 2294 ἐν
591 2241 694 2313 γὰρ
738 2241 857 2296 τοῖς
910 2229 1138 2288 σαϐϐασι
1170 2231 1257 2285 καὶ
1310 2234 1430 2289 ταῖς
1480 2231 1761 2300 κυριακαῖς
1809 2230 1909 2292 τῆς

255 2331 720 2405 τεσσαρακοστῆς,
773 2325 836 2378 ού
894 2324 1055 2395 μόνον
1099 2323 1264 2393 τυροῦ
1310 2320 1399 2371 καὶ
1448 2317 1594 2383 ὠῶν,
1652 2313 1799 2368 ἀλλά
1852 2333 1911 2386 γε

260 2425 339 2476 καὶ
391 2424 572 2493 κρεῶν
627 2419 910 2475 ἅπτονται,
965 2412 1093 2485 ούχὶ
1148 2414 1246 2464 τοῦ
1295 2405 1474 2478 δήμου
1537 2407 1724 2477 μόνον,
1767 2402 1913 2456 ἀλλά

263 2512 340 2565 καὶ
390 2514 506 2562 τῶν
570 2508 835 2578 μοιθαχῶν
887 2502 940 2554 0i.
997 2499 1236 2558 ἀσθενῶς
1295 2494 1452 2560 δῆθεν
1507 2498 1604 2547 τοῦ
1662 2494 1912 2563 σώματος

266 2599 478 2672 ἔχοντες
491 2640 504 2651 .

322 2692 487 2757 Ζήτει
537 2685 627 2738 καὶ
660 2683 714 2736 ἐν
763 2686 845 2753 τῷ
894 2688 935 2734 d
984 2701 1102 2756 κεφ.
1153 2680 1250 2731 τοῦ
1305 2683 1340 2729 Β
1389 2673 1666 2745 στοιχείου
1712 2674 1812 2734 τῆς
1861 2668 1916 2722 ἐν

261 2774 556 2845 Λαοδικείᾳ
589 2769 822 2826 συνόδου
869 2771 1066 2824 κανόνα
1099 2774 1198 2840 με’,
1232 2767 1320 2818 καί
1371 2763 1422 2816 ἐν
1455 2767 1534 2832 τῷ
1586 2763 1623 2829 ζ’
1673 2781 1791 2837 κεφ.
1822 2761 1919 2811 τοῦ

266 2875 304 2922 Il
340 2867 631 2940 στοιχείου
662 2863 858 2916 κανόνα
887 2862 971 2913 πθ”
1003 2865 1098 2928 νῆς
1134 2865 1172 2918 ς’
1205 2855 1455 2912 συνόδου.

329 2961 392 3012 Ὁ
422 2953 482 3008 δὲ
533 2959 634 3021 τῆς
686 2953 728 3015 ς’
779 2947 1009 3004 συνόδου
1042 2948 1122 3022 νβ’
1171 2946 1371 3012 κανὼν,
1413 2943 1464 2998 ἒν
1516 2943 1608 3014 μὲν
1647 2944 1767 3000 ταῖς
1816 2935 1924 2991 ἅλ-

271 3046 389 3106 λαις
433 3050 538 3112 τῆς
583 3040 740 3115 ἁγίας
787 3043 1217 3112 τεσσαρακοστῆς
1267 3037 1528 3106 ἡμέραις,
1577 3032 1667 3084 οἷα
1714 3027 1924 3081 πενθεῖν

275 3134 766 3210 προστεταγμένον,
826 3129 917 3184 καὶ
991 3127 1268 3197 νηστεύειν
1344 3123 1434 3178 καὶ
1514 3117 1925 3175 κατανύσσεσθαι

279 3205 351 3285 είς
409 3205 676 3293 ἐξίλασμα
732 3223 841 3274 τῶν
903 3215 964 3272 οὔ
1022 3215 1204 3276 καλὼς
1275 3213 1480 3284 ἑκάστῳ
1553 3205 1928 3284 βεϐιωμένων,

2017 1975 2154 2044 rint,
2187 1979 2287 2030 aut
2319 1973 2472 2030 laici.
2494 1973 2606 2030 Sed
2627 1973 2716 2028 vel
2749 1973 2886 2030 hinc
2917 1974 3110 2030 videas
3136 1973 3369 2030 Latinos
3401 1975 3470 2030 ad
3499 1991 3660 2030 sum—

2017 2082 2168 2121 mam
2201 2065 2574 2121 insolentiam
2606 2064 2954 2135 pervenisse,
2976 2069 3251 2136 tanquam
3271 2066 3338 2119 de
3368 2064 3661 2120 industria

2017 2158 2199 2216 sacris
2247 2156 2570 2212 canonibus
2622 2155 2982 2221 resistentes,
3016 2156 3237 2211 scilicet
3284 2155 3341 2209 in
3393 2155 3660 2210 Sabbatis

2019 2252 2075 2301 et
2103 2245 2307 2300 diebus
2338 2243 2658 2299 Dominicis
2692 2261 2793 2315 per
2840 2245 3372 2315 Quadragesimam,
3406 2260 3518 2298 non
3562 2260 3663 2298 so—

2021 2336 2140 2390 lum
2172 2349 2404 2388 caseum
2438 2341 2494 2387 et
2544 2349 2671 2398 ova,
2723 2333 2820 2388 sed
2861 2334 3034 2388 etiam
3075 2347 3281 2388 carnes
3325 2334 3660 2400 comedunt,

2023 2439 2206 2493 neque
2248 2422 2451 2492 plebeii
2503 2421 2785 2476 duntaxat
2829 2422 2937 2477 hoc
2985 2422 3222 2485 faciunt,
3258 2421 3356 2477 sed
3401 2422 3664 2476 monachi

2023 2513 2197 2566 etiam
2231 2510 2425 2565 minus
2455 2509 2598 2564 bene
2639 2510 2909 2565 valentes.

2096 2690 2282 2752 Quare
2305 2698 2358 2744 et
2400 2691 2455 2742 in
2487 2705 2612 2758 cap.
2662 2691 2680 2743 l
2729 2688 2840 2742 litt.
2878 2689 2937 2743 Β.
2964 2705 3091 2760 syn.
3144 2689 3479 2744 Laodicenis
3537 2707 3665 2746 can.

2029 2777 2118 2841 42,
2151 2784 2206 2831 et
2234 2776 2294 2830 in
2328 2793 2456 2848 cap.
2487 2778 2520 2828 7
2546 2778 2652 2830 litt.
2690 2777 2738 2830 ll
2770 2776 3000 2832 concilii
3031 2778 3177 2831 sexti
3203 2794 3331 2832 can.
3363 2778 3453 2831 89.

2102 2865 2326 2920 Rursus
2358 2881 2544 2920 canon
2587 2867 2657 2918 52
2705 2866 2907 2935 synodi
2961 2875 3152 2933 sextae,
3183 2867 3241 2921 in
3291 2866 3513 2921 caeteris
3543 2866 3670 2936 qui-

2034 2958 2161 3010 dem
2187 2954 2653 3025 Quadragesimm
2682 2955 2905 3020 diebus,
2931 2953 3150 3010 scilicet
3182 2956 3380 3022 luctui,
3414 2955 3674 3027 jejuniis,

2037 3059 2101 3098 ac
2132 3044 2883 3114 compunctionidestinatis
2915 3043 2970 3097 in
2987 3044 3368 3114 expiationem
3397 3044 3678 3100 uniuscu-

2029 3133 2246 3203 jusque
2281 3149 2572 3203 perperam
2606 3133 3072 3200 commissorum,
3120 3133 3377 3189 officium
3430 3150 3679 3204 praesen-

2038 3219 2424 3274 ctificatorum
2457 3219 2731 3274 celebrari
2759 3220 2927 3290 jubet
2957 3237 2970 3273 :
3012 3225 3263 3275 attamen
3317 3221 3372 3276 in
3411 3221 3680 3276 Sabbatis

283 3315 374 3379 τήν
423 3317 536 3366 τῶν
589 3292 1050 3384 προηγιασμένων
1098 3301 1442 3378 λειτουργίαν
1498 3298 1705 3353 κελεύει
1753 3294 1920 3350 τελεῖ-

2042 3314 2100 3362 et
2135 3308 2444 3363 Dominicis
2473 3309 2957 3376 Quadragesimm,
2993 3313 3048 3364 ot
3097 3310 3188 3364 die
3237 3326 3398 3366 sacro
3446 3313 3681 3364 Annun-

290 3403 404 3455 σθαι
438 3421 451 3432 ⁸
487 3399 543 3452 ἐν
576 3396 633 3451 δὲ.
677 3417 737 3470 γε
773 3401 892 3456 τοῖς
940 3388 1169 3448 σάϐϐασι
1212 3391 1302 3446 καὶ
1344 3395 1461 3450 ταῖς
1504 3389 1786 3456 κεδριακαῖς
1837 3382 1931 3436 αύ-

288 3494 408 3561 τῆς,
456 3489 550 3544 καὶ
594 3491 664 3561 τῇ
715 3487 840 3562 ἁγίᾳ
893 3489 990 3540 τοῦ
1051 3481 1470 3556 Εὐαγγελισμοῦ
1527 3477 1727 3550 ἡμέρᾳ,
1785 3475 1932 3528 ἐπεί-

288 3600 386 3654 περ
441 3579 495 3633 ἐν
555 3577 778 3638 ταύταις
836 3572 1110 3644 νηστεύειν
1159 3572 1258 3626 οὐκ
1305 3566 1554 3642 ἔννομον,
1603 3565 1691 3620 καὶ
1748 3562 1931 3618 θυσίαν

287 3675 634 3749 προσφέρειν,
685 3665 775 3721 καὶ
833 3662 1046 3721 τελείαν
1105 3662 1342 3736 γίνεσθαι
1402 3656 1791 3729 λειτουργίανο
1845 3673 1934 3707 τι-

289 3746 475 3833 μῶμεν
509 3760 611 3833 γὰρ
661 3759 760 3822 τὴν
809 3758 908 3809 τοῦ
954 3750 1377 3828 Εὐαγγελισμοῦ
1427 3746 1660 3833 ἡμέραν,
1692 3763 1934 3816 πανηγυ-

286 3832 534 3920 ρίζόντεςί
584 3846 637 3901 ἐν
695 3845 860 3916 αὐτῇ.
921 3842 996 3903 ὡς
1067 3840 1248 3915 ἀρχὴν
1306 3837 1398 3892 καὶ
1469 3832 1764 3912 κεφάλαιον
1837 3837 1936 3898 τῆς

283 3941 439 4009 ἡμῶν
493 3933 791 4005 σωτηρίας.
825 3934 1037 3987 ’Έοικεν
1089 3927 1180 3983 οὖν
1238 3927 1364 4001 μίαν
1413 3925 1543 3980 εἶναι
1595 3923 1694 3989 τὴν
1740 3940 1939 3974 τεσσα-

287 4027 696 4100 ρακονθήμερον
744 4021 1017 4090 νηστείαν.
1071 4018 1129 4074 Εἰ
1178 4017 1281 4092 γὰρ
1326 4016 1415 4070 καὶ
1475 4010 1628 4086 ἑτέρα
1674 4015 1790 4070 τοῖς
1838 4029 1935 4063 κα-

286 4116 435 4170 νόσιν
495 4111 912 4185 ἐπεγινώσκετο,
963 4107 1169 4181 ὡρίσθη
1235 4105 1292 4160 ἂν
1343 4104 1432 4159 καὶ
1490 4101 1540 4157 ἐν
1601 4098 1802 4172 ἐκείνῃ,
1859 4099 1952 4170 μή.

285 4204 500 4260 τελείαν
578 4198 998 4275 ἱεροτελεστίαν,
1084 4195 1230 4251 ἀλλά
1311 4186 1764 4268 προηγιασμένην
1849 4207 1936 4241 τε·

292 4293 528 4349 λεῖσθαι.

290 4420 404 4474 Διὰ
449 4415 516 4470 τί
565 4415 648 4475 ὡς
688 4410 797 4467 ἐπὶ
843 4412 915 4466 τὸ
962 4410 1277 4490 πλεῖστον
1331 4407 1444 4479 μὶν
1492 4404 1731 4490 τρίτην
1771 4397 1937 4490 ὥραν

356 4497 477 4558 τῆς
536 4485 793 4571 ἡμέρας
843 4483 1091 4571 ἡεθείαὶ
1133 4476 1433 4571 τελεῖνται
1492 4476 1889 4566 λἐιτουργία
1923 4491 1934 4503 ·

358 4547 498 4618 ἔστι
561 4547 628 4613 δ”ἐ
666 4547 776 4613 ότε
811 4547 922 4610 καὶ
977 4553 1140 4626 πρὸς
1182 4551 1460 4623 ἒσπέραν
1522 4547 1583 4600 ἐν
1637 4549 1782 4604 ταῖς
1836 4562 1941 4616 με-

357 4633 628 4710 γίσταις
668 4633 795 4685 τῶν
835 4627 1106 4700 ἒορτῶν.

358 4739 537 4796 Ἀλλά
565 4737 668 4810 γὰρ
719 4729 982 4805 ζητητέον
1033 4731 1274 4800 ἐνταῦθα,
1305 4726 1453 4787 τίνος
1501 4723 1664 4798 χάριν
1707 4719 1796 4776 ἐπὶ
1830 4720 1938 4810 ,μὲν

288 4835 392 4885 τῶν
445 4809 646 4883 ἄλλων
685 4826 906 4897 ἡμερῶν
965 4826 1061 4877 τοῦ
1112 4819 1376 4885 ἐνιαυτοῦ,
1428 4813 1550 4888 περί
1598 4832 1704 4866 που
1750 4809 1940 4882 τρίτην

291 4920 432 4994 ὥραν
467 4916 577 4972 ἀπὸ
607 4920 707 4982 τῆς
755 4909 856 4977 ἕω,
887 4911 1057 4983 νόμος
1084 4912 1182 4978 τὴν
1235 4907 1378 4962 θείαν
1426 4901 1698 4958 τελεῖσθαι
1734 4917 1936 4970 μυστα-

289 4992 495 5083 γωγίαν
525 5023 540 5036 ’
605 5007 714 5058 τῶν
763 4998 820 5055 δὲ
874 5003 1175 5078 περιῳανῶν
1224 4993 1366 5051 ἔστιν
1425 4993 1484 5054 ἃς
1541 4992 1766 5064 ἑορτῶν,
1812 5007 1938 5083 -και-

286 5102 504 5172 νότερον
563 5095 766 5168 τρόπον
825 5091 992 5146 οἱονεὶ
1044 5083 1358 5162 πρεσϐεύειν
1418 5083 1681 5156 οἰόμενοι,
1729 5078 1938 5133 τούτων

289 5191 389 5259 τήν
419 5185 654 5254 τελετήν
697 5181 776 5243 εἷς
815 5180 916 5247 τήν
969 5177 1190 5252 ἑσπέραν
1239 5173 1626 5247 ταμιευόμεθα,
1667 5168 1756 5222 καὶ
1803 5167 1938 5240 μετὰ

287 5281 383 5343 τὰς
425 5274 713 5350 ἑσπερίους
766 5267 926 5329 εὐθὺς
975 5265 1325 5338 ἐπιτελοῦμεν
1377 5262 1540 5334 ᾠδάς.
1592 5259 1754 5317 Τουτὶ
1805 5259 1932 5330 γοῦν

286 5371 347 5424 τὸ
398 5366 519 5428 ἔθος
567 5364 690 5420 κατ’
733 5359 1002 5434 ἐξαίρετον
1047 5355 1138 5410 καὶ
1187 5353 1296 5425 ἷδίᾳ
1350 5353 1644 5424 τετήρηται
1691 5349 1758 5418 τῇ
1806 5345 1934 5421 ἁγίᾳ

283 5459 372 5513 καί
426 5455 640 5530 μεγάλῃ
702 5431 954 5523 πέμπτῃ,
1001 5449 1081 5516 τῷ
1120 5462 1176 5530 τε
1231 5440 1371 5516 ἁγίῳ
1422 5439 1510 5494 καὶ
1573 5431 1932 5530 μεγάλῳ-’καί

283 5543 564 5619 σεϐασμίῳ
609 5535 872 5610 σαϐϐάτῳ
904 5555 916 5566 ·
952 5535 1085 5610 πρὸς
1136 5529 1211 5602 δὲ,
1241 5535 1308 5604 τῇ
1354 5529 1636 5606 περιφανεῖ
1663 5529 1763 5591 τῆς
1795 5521 1935 5594 Χρι-

287 5642 413 5691 στοῦ
457 5612 767 5710 γεννήσεως
819 5625 1023 5700 ἡμέρᾳ,
1065 5620 1156 5676 καί
1177 5641 1260 5710 Ἷγε
1424 5619 1650 5710 λαμπρᾷ
1697 5612 1810 5710 καὶ.
1837 5630 1931 5710 cas-

290 5701 524 5807 ρωνᾶμιμ
560 5727 658 5779 τοῦ
710 5718 860 5774 θείου
910 5715 1112 5788 τρωτὸς,
1145 5708 1257 5785 εἷ’γε
1310 5709 1385 5780 μή
1436 5706 1740 5761 συνέλθοιεν
1787 5701 1925 5773 ἡμὲ-

1970 4663 2017 4728 D

2043 3398 2326 3463 tiationis,
2349 3397 2615 3467 jejuuare
2646 3398 2799 3453 baud
2822 3399 2970 3462 licet,
2996 3397 3128 3453 licet
3160 3404 3350 3453 tamen
3384 3407 3432 3454 et
3461 3399 3678 3453 sacrifi-

2042 3486 2196 3541 cium
2271 3487 2499 3551 onerre,
2560 3492 2616 3542 et
2673 3487 2982 3559 perfectam
3047 3489 3338 3559 liturgiam
3393 3503 3682 3559 peragere.

2042 3576 2415 3631 Celebramus
2441 3576 2597 3630 enim
2629 3575 3104 3632 Annuntiationis
3135 3578 3287 3631 diem
3335 3577 3592 3632 feriando
3624 3577 3681 3631 in

2042 3670 2190 3736 ipso,
2223 3670 2505 3736 tanquam
2538 3665 2888 3737 principium
2923 3682 2986 3720 ac
3018 3669 3195 3737 caput
3223 3666 3426 3722 salutis
3451 3671 3680 3722 nostrae.

2043 3758 2287 3812 Videtur
2349 3758 2526 3828 igitur
2585 3757 2822 3812 unicum
2881 3773 3006 3813 esse
3038 3774 3106 3814 ac
3152 3758 3399 3830 simplex
3429 3759 3684 3822 Quadra-

2045 3847 2321 3916 gesimale
2353 3846 2539 3901 istboc
2562 3847 2873 3916 jejunium.
2907 3846 3051 3902 Nam
3085 3847 3132 3903 si
3165 3848 3319 3902 aliud
3354 3848 3411 3903 in
3456 3849 3688 3903 canoni-

2047 3937 2156 3991 bus
2179 3941 2608 4008 agnosceretur,
2643 3936 3022 3990 constitutum
3058 3941 3212 3992 esset
3232 3941 3287 3990 et
3334 3937 3388 3991 in
3423 3935 3523 3991 illo
3573 3953 3685 3991 non

2047 4023 2366 4094 plenarium
2399 4022 2822 4084 ofﬁcirum,sed
2860 4023 3461 4094 praesanctificatorum
3491 4024 3670 4079 obire.

2052 4409 2226 4477 Quam
2253 4409 2317 4463 ob
2347 4425 2567 4464 causam
2616 4413 2672 4462 ut
2716 4410 3020 4478 plurimum
3069 4412 3231 4465 tertia
3270 4409 3404 4464 hora
3439 4408 3550 4465 diei
3593 4424 3683 4465 sa-

2119 4496 2214 4534 cra
2243 4481 2467 4552 liturgia
2496 4490 2821 4551 :peragatur
2868 4499 2887 4533 .-
2906 4497 3302 4552 nonnunquam
3351 4493 3558 4548 tamen,
3626 4483 3686 4535 in

2119 4551 2379 4606 maximis
2403 4561 2532 4621 puta
2561 4555 2730 4621 festis,
2753 4556 2989 4624 tempore
3018 4551 3344 4624 vespertino.

2119 4731 2247 4786 Jam
2283 4747 2411 4788 vero
2426 4731 2860 4802 disquirendum
2893 4737 2982 4789 est
3012 4734 3209 4805 quade
3238 4749 3438 4798 causa,
3470 4750 3600 4789 cum
3626 4733 3684 4789 in

2046 4818 2178 4874 aliis
2209 4822 2343 4875 anni
2369 4820 2576 4876 diebus
2606 4823 2758 4876 circa
2788 4821 2992 4877 horam
3032 4823 3260 4877 tertiam
3293 4839 3326 4876 a
3379 4824 3518 4878 solis
3559 4831 3683 4878 ortu

2045 4907 2136 4963 lex
2167 4910 2315 4965 287
2361 4908 2482 4963 vult
2511 4927 2739 4966 sacrum
2772 4912 3024 4966 officium
3068 4909 3364 4972 celebrari,
3410 4912 3684 4966 festorum

2044 4997 2426 5066 quorumdam
2459 5014 2525 5052 ex
2557 5015 2666 5052 usu
2701 4999 3177 5068 muderno,quasi
3212 4998 3487 5068 peculiari
3507 5000 3688 5052 bono-

2045 5102 2104 5140 re
2136 5086 2309 5157 digna
2339 5086 2436 5141 illa
2467 5087 2886 5154 existimantes,
2925 5088 3115 5141 ol'licia
3148 5088 3204 5141 in
3245 5103 3543 5158 vesperam
3594 5103 3685 5143 re-

2044 5189 2361 5242 servamus,
2393 5181 2450 5230 et
2481 5181 2612 5246 post
2655 5175 2902 5246 hymnos
2932 5177 3293 5244 vespertinas
3344 5175 3538 5228 statim
3596 5190 3683 5229 ce-

2044 5261 2357 5319 lebramus.
2375 5265 2471 5318 Hic
2504 5270 2699 5319 autem
2729 5280 2866 5319 usus
2889 5264 3258 5333 peculiariter
3278 5280 3341 5318 ac
3357 5261 3683 5333 specialiter

2044 5350 2381 5406 observatur
2401 5352 2456 5405 in
2483 5369 2644 5408 sacra
2665 5368 2871 5421 magna
2888 5353 3025 5406 feria
3052 5353 3280 5422 quinta,
3304 5357 3359 5407 et
3381 5353 3436 5406 in
3453 5367 3612 5406 sacro
3625 5358 3682 5406 et

2043 5448 2321 5510 magnoet
2337 5442 2666 5496 venerando
2683 5441 3078 5504 Sabbato,tum
3093 5441 3264 5495 etiam
3292 5440 3502 5496 illustri
3529 5440 3682 5495 Nati-

2039 5527 2236 5583 vitatis
2257 5529 2466 5586 Christi
2481 5531 2592 5598 die,
2608 5535 2777 5600 atque
2790 5529 2963 5584 etiam
2983 5530 3040 5584 in
3064 5546 3227 5586 sacro
3243 5530 3678 5586 etceleberrimo

2039 5615 2216 5672 divini
2231 5617 2612 5679 luminis.nisi
2631 5620 2773 5673 forte
2786 5619 2987 5672 diebus
3001 5617 3442 5687 coincidantqui
3457 5619 3681 5671 cummi

2041 5706 2196 5762 nime
2211 5707 2506 5776 patiuntur
2521 5708 2764 5763 istorum
2784 5723 2959 5761 causa
2971 5706 3159 5761 ofﬁcia
3173 5707 3282 5763 sibi
3295 5705 3505 5761 eximia
3525 5704 3676 5762 inter
