4098 6332
411 342 526 404 143

1684 327 2049 389 MATTil/El
2102 329 2525 394 BLASTARIS

3685 333 3787 393 144

410 474 581 529 mitti.
616 474 780 527 Hisce
802 470 976 525 etiam
992 468 1154 531 adde,
1188 465 1460 535 siplacet,
1485 462 1777 516 etfelicem
1807 466 2039 518 Annuu-

2164 486 2303 539 ραις,
2371 472 2476 521 τῶν
2550 467 2762 520 οἰκείων
2837 466 2936 520 οὐκ
3005 465 3368 540 ἀνεχομέναις
3441 467 3529 522 διὰ
3607 467 3790 527 ταύτας

409 563 672 619 tiationis
687 560 857 615 diem.
877 559 1100 628 Quippe
1113 554 1436 611 consimilis
1452 557 1541 607 est
1554 550 1698 607 ratio
1730 556 1903 622 atque
1923 554 2052 622 ejus

414 653 512 724 qui
530 650 859 723 praecessit;
879 647 1011 718 quia
1041 662 1177 701 nam
1200 643 1310 699 hoc
1330 645 1452 713 ipso
1485 641 1812 698 Paracletus
1825 645 1894 698 ad
1911 658 2048 714 apo-

406 741 584 796 stolos
601 739 812 795 illustri
832 736 1002 791 modo
1016 734 1344 798 adveniens,
1362 736 1418 788 et
1430 731 1848 802 triplexlumen
1868 732 2053 802 perte-

407 833 680 898 ctumque
711 827 962 898 perfecte
984 822 1098 877 illis
1123 822 1558 885 demonstrans,
1584 826 1813 874 nosmet
1833 835 2049 889 cogno-

406 917 550 970 mini
584 917 966 971 sacrosanctas
986 909 1249 966 Trinitati
1277 909 1414 963 hora
1435 909 1748 979 perfectum
1776 907 2047 962 ministe-

405 1003 555 1058 rium
587 999 956 1072 tripersonali
977 997 1185 1052 Deitati
1199 1011 1560 1065 consecrare,
1595 1011 1693 1066 per
1724 994 1885 1065 ipsos
1918 1011 2048 1066 per-

403 1091 606 1163 spicue
629 1089 843 1145 docuit.
877 1087 1152 1150 Quamvis
1183 1089 1341 1140 enim
1367 1085 1543 1140 ofﬁcii
1586 1084 1734 1140 sacri
1793 1083 2046 1139 admini-

407 1179 610 1234 stratio
664 1175 973 1233 ineffabilia
1016 1174 1186 1229 Verbi
1239 1173 1728 1242 dispensationem
1772 1173 2049 1244 mysterio

402 1270 635 1340 plenam
657 1266 953 1322 ostendat:
972 1263 1153 1318 nihilo
1175 1267 1370 1318 tamen
1397 1260 1591 1316 minus
1607 1261 1855 1332 gratiam
1881 1260 2050 1316 habe-

405 1374 535 1414 mus
567 1352 953 1427 complacenti
983 1357 1196 1408 aeterno
1245 1351 1370 1421 ejus
1403 1351 1580 1416 Patri,
1613 1358 1668 1406 et
1715 1350 2047 1421 cooperanti

401 1445 644 1518 Spiritui
672 1441 1006 1500 viviﬁcanti.
1043 1445 1257 1496 Verum
1289 1442 1348 1494 in
1379 1439 1546 1495 dictis
1593 1439 1930 1510 insignibus
1962 1440 2043 1494 fe-

405 1539 533 1606 stis,
566 1553 634 1591 ea
662 1532 938 1603 mysteria
970 1532 1028 1586 in
1065 1531 1348 1602 profundo
1393 1528 1752 1596 abscondita,
1804 1532 1861 1583 et
1907 1544 2046 1583 con-

401 1634 634 1697 ceptum
679 1622 976 1694 sapientiae
1044 1619 1250 1674 divinae
1313 1618 1671 1690 superantia,
1724 1617 2042 1673 subobscu-

405 1733 464 1770 re
493 1715 748 1786 quidem,
780 1711 944 1783 quasi
975 1708 1344 1780 sciagraphia
1395 1707 1646 1779 quadam
1697 1707 2046 1778 deteguntur

405 1809 463 1860 et
491 1801 932 1865 adumbrantur,
965 1800 1042 1854 ita
1061 1803 1122 1853 ut
1151 1813 1219 1852 ex
1240 1797 1549 1867 ejusmodi.
1577 1800 1863 1867 quantum
1885 1797 2040 1862 licet,

403 1892 746 1959 initiatione,
781 1887 946 1945 nobis
977 1887 1140 1942 detur
1169 1886 1240 1940 ad
1271 1886 1534 1940 divinum
1567 1901 1824 1940 amorem
1863 1885 2045 1955 magis

403 1982 545 2052 erigi
595 1984 651 2036 et
696 1978 901 2034 attolli.
955 1975 1401 2046 Quamprimum
1445 1979 1642 2028 autem
1689 1974 1942 2044 perfecta
1988 1977 2047 2027 et

399 2069 753 2126 summalux
772 2067 831 2120 in
866 2064 1034 2120 terris
1065 2063 1336 2136 apparuit
1377 2062 1718 2117 hominibus
1765 2070 2042 2132 tanquam

399 2162 456 2215 in
553 2172 807 2228 vespere,
879 2155 994 2208 ﬁne
1095 2152 1374 2207 nimirum
1463 2150 1833 2216 saeculorum,
1927 2151 2041 2204 diei

399 2249 570 2322 legis,
621 2251 682 2303 ut
731 2246 890 2316 loqui
949 2243 1103 2310 licet,
1157 2241 1508 2297 curriculum
1563 2243 1780 2296 exitum
1834 2240 1976 2296 vidit
2022 2256 2035 2294 :

400 2337 545 2395 Novi
577 2353 706 2394 vero
735 2331 1093 2390 Testamenti
1124 2330 1420 2402 splendor,
1481 2330 1850 2402 polytheismi
1891 2338 2042 2385 tene-

404 2430 535 2484 bras
568 2425 853 2496 dissipare
874 2421 1129 2493 primum
1163 2419 1370 2490 potuit,
1411 2436 1552 2488 quas
1593 2419 1919 2473 umbratilis
1951 2417 2041 2472 lex

403 2518 585 2574 multo
625 2521 759 2570 ante
804 2512 1002 2568 tollere
1050 2509 1346 2564 debuerat.
1397 2509 1756 2578 Quapropter
1812 2513 1867 2561 et
1903 2507 2038 2561 Ser-

399 2613 560 2664 vator
590 2610 787 2660 noster
815 2617 947 2657 cum
979 2596 1284 2669 discipulis
1323 2597 1466 2662 suis,
1509 2597 1607 2666 qui
1642 2602 1769 2650 tum
1801 2595 2038 2666 quidem

398 2695 774 2768 accipiebant,
833 2700 886 2747 et
936 2694 1130 2762 postea
1177 2688 1590 2743 ministrabant
1629 2684 1772 2740 illud
1825 2689 2038 2755 myste-

401 2787 577 2853 rium,
606 2781 1070 2844 communicans,
1095 2776 1498 2842 noninterdiu,
1531 2775 1629 2830 sed
1663 2774 1721 2828 in
1753 2774 2038 2845 profundo

399 2890 654 2948 vespere,
685 2887 907 2943 magna:
941 2875 1080 2939 puta
1116 2866 1265 2922 ferite
1288 2865 1542 2936 quintae;
1567 2864 1702 2919 etad
1731 2879 1895 2918 sacra
1917 2878 2040 2918 cer-

401 2965 625 3022 tamina
654 2975 1006 3034 pertingens,
1040 2961 1216 3028 atque
1248 2954 1459 3026 pariter
1489 2953 1810 3009 admonens
1849 2953 1921 3007 ab
1951 2967 2039 3007 er-

405 3069 533 3111 rore
582 3054 847 3107 recedere
895 3049 1087 3103 animo
1139 3046 1308 3118 plane
1354 3041 1689 3112 tranquillo,
1753 3047 1812 3096 et
1855 3041 2042 3096 ﬁrmis

404 3141 876 3217 cogitationibus,
925 3137 1166 3192 minime
1205 3134 1440 3206 quidem
1483 3133 1668 3188 instar
1713 3131 2037 3198 oculorum,

2160 553 2411 622 ἐκστῆναι
2461 550 2758 628 πρεσϐείων
2792 574 2803 585 °
2853 555 3095 622 ταύταις,
3146 554 3191 608 εἰ
3239 554 3448 628 βούλει,
3502 556 3794 629 προστίθει,

2159 643 2249 696 καὶ
2304 646 2401 711 τὴν
2465 645 2632 717 εὐαγῆ
2693 647 2789 698 τοῦ
2849 643 3263 720 Εὐαγγελισμοῦ
3320 647 3553 719 ἡμέραν.
3616 644 3711 699 Καὶ
3760 645 3792 712 ἡ

2164 733 2261 803 μὲν
2294 732 2352 787 ἐκ
2396 737 2504 787 τῶν
2557 732 2780 788 εἷκότων
2823 737 2920 787 τοῦ
2967 734 3235 807 προτέρου
3288 733 3457 802 αἰτία,
3487 733 3570 788 ὅτι
3614 732 3697 787 τοὶ
3744 730 3792 786 έν

2158 821 2336 892 τούτῳ
2367 829 2472 891 τῆς
2513 822 2722 896 ἡμέρας
2751 823 2780 876 6
2832 822 3189 895 Παράκλητος
3221 822 3455 896 ἐναργῶς
3501 827 3616 883 τοῖς
3655 821 3793 875 ἀπο-

2161 911 2382 972 στόλοις
2430 911 2810 988 ἐπιφοιτήσας,
2859 913 2948 966 καὶ
2995 913 3057 966 τὸ
3106 912 3321 985 τριττὸν
3381 916 3496 988 φῶς
3554 909 3661 981 ἤδη
3710 911 3794 964 καὶ

2155 998 2365 1054 τέλειον
2425 999 2626 1062 τελέως
2689 1001 2903 1062 τούτοις
2985 1003 3439 1076 μυσταγωγήσας,
3489 1000 3578 1055 καὶ
3652 1002 3792 1071 ἡμᾶς

2155 1092 2224 1162 τῇ
2276 1088 2553 1162 ἐπωνύμῳ
2608 1096 2709 1158 τῆς
2767 1089 2914 1152 θείας
2964 1088 3193 1162 Τριάδυς
3251 1087 3388 1164 ὥρᾳ,
3437 1092 3534 1159 τὴν
3592 1088 3796 1144 τελείαν

2156 1180 2442 1251 καθιεροῦν
2525 1177 2831 1253 ἱερουργίαν
2903 1182 2972 1251 τῇ
3053 1179 3465 1252 τρισυποστάτῳ
3552 1179 3795 1248 Θεότητι,

2158 1265 2228 1320 δι’
2275 1267 2451 1320 αὐτῶν
2500 1271 2680 1341 σαφῶς
2739 1263 3039 1336 ἐδιδάξατο.
3095 1267 3154 1320 Εἰ
3205 1267 3307 1342 γὰρ
3365 1267 3454 1320 καὶ
3514 1268 3610 1337 τῆς
3661 1265 3796 1326 θείας

2156 1355 2464 1430 ἱερουργίας
2523 1357 2558 1423 ἡ
2615 1353 2810 1423 τελετή
2870 1356 2932 1410 τὸ
3004 1362 3105 1424 τῆς
3180 1354 3422 1430 ἀρῥήτου
3481 1355 3796 1428 οἰκονομίας

2157 1443 2459 1520 ὑπογράφει
2487 1448 2584 1497 τοῦ
2644 1443 2819 1518 Λόγου
2882 1445 3203 1518 μυστήριον,
3263 1443 3389 1499 ἀλλ’
3432 1441 3584 1498 οὐδὲν
3636 1446 3794 1512 ἧττον

2152 1535 2252 1602 τὴν
2295 1533 2455 1608 χάριν
2503 1531 2658 1604 ἴσμεν
2718 1537 2798 1604 τῷ
2845 1553 2902 1586 τε
2963 1529 3316 1603 είιδοκήσαντι
3363 1531 3588 1607 άνάρχῳ
3636 1532 3795 1586 αὐτοῦ

2155 1620 2350 1696 Πατρὶ,
2407 1621 2496 1675 καὶ
2555 1625 2634 1692 τῷ
2708 1623 3091 1696 συνεργήσαντι
3169 1627 3427 1692 ζωοποιῷ
3503 1620 3794 1693 Πνεύματι.

2155 1712 2250 1766 Ἐν
2304 1731 2364 1784 γε
2423 1712 2531 1782 μὴν
2585 1716 2705 1771 ταῖς
2783 1711 3098 1784 εἰρημέναις
3169 1710 3463 1784 ἐπισήμοις
3542 1710 3794 1784 ἡμέραις,

2153 1798 2292 1874 ἕτερ’
2341 1800 2471 1854 ἅττα
2518 1799 2569 1853 ἐν
2623 1798 2775 1872 βάθει
2823 1798 3230 1873 κεκαλυμμένα,
3278 1799 3368 1853 καὶ
3421 1801 3554 1869 ὑπὲρ
3597 1797 3796 1854 ἔννοιαν

2154 1895 2254 1956 τῆς
2303 1892 2398 1941 τοῦ
2448 1892 2581 1942 Θεοῦ
2626 1889 2819 1966 σοφίας
2864 1891 3160 1963 μυστήρια,
3192 1886 3450 1962 ἀμυδρῶς
3500 1893 3616 1949 πῶς
3666 1890 3796 1958 ἡμῖν

2153 1981 2604 2050 παραγυμνοῦται
2662 1979 3158 2053 σκιαγραφυύμενα,
3217 1978 3290 2038 ὡς
3345 1975 3405 2030 ἂν
3463 1977 3554 2030 καὶ
3593 1975 3653 2031 ἐκ
3698 1982 3796 2044 τῆς

2151 2065 2378 2131 τούτων,
2433 2067 2663 2119 καθόσον
2703 2066 2945 2142 ἐφικτὸν,
2994 2069 3269 2139 μυήσεως,
3316 2066 3450 2140 πρὸς
3505 2065 3596 2118 τὸν
3655 2067 3794 2118 θεῖον

2153 2158 2289 2228 ἡμῖν
2341 2155 2546 2229 ὑπάρξῃ
2598 2157 2764 2209 πόθον
2815 2155 2899 2209 ἐπὶ
2951 2155 3117 2210 πλέον
3165 2157 3485 2227 πτεροῦσθαι
3532 2157 3624 2209 καὶ
3674 2156 3794 2208 ἀνα·

2151 2245 2430 2300 τείνεσθαι.
2492 2249 2595 2299 Τοῦ
2643 2250 2771 2319 γοῦν
2820 2245 3032 2300 τελείου
3073 2245 3160 2299 καὶ
3219 2244 3386 2318 ἄκρου
3443 2245 3647 2321 φωτὸς,
3709 2242 3793 2298 ἐπὶ

2151 2341 2254 2408 γῆς
2287 2335 2361 2396 ὡς
2411 2333 2461 2388 ἐν
2513 2334 2710 2407 ἑσπέρᾳ
2755 2339 2834 2404 τῷ
2879 2333 3024 2388 τέλει
3077 2339 3182 2389 τῶν
3229 2335 3438 2388 uidiva
3480 2338 3563 2405 τῷ
3603 2334 3794 2404 κόσμῳ

2152 2424 2428 2497 φανέντος,
2478 2423 2637 2485 τέλος
2693 2425 2785 2497 μὲν
2835 2425 2862 2477 ὁ
2914 2422 3118 2499 δρόμος
3169 2427 3265 2492 τῆς
3323 2428 3418 2478 τοῦ
3467 2422 3661 2496 νόμου,
3720 2423 3791 2482 ὡς

2152 2515 2336 2579 εἰπεῖν,
2372 2515 2581 2587 ἡμέρας
2621 2510 2924 2586 ἑλάμῦανεν
2958 2533 2970 2545 ⁸
3020 2516 3054 2582 ἡ
3089 2511 3144 2567 δὲ
3190 2521 3291 2582 τῆς
3336 2519 3535 2581 Καινῆς
3589 2514 3792 2581 Διαθή-

2151 2623 2252 2672 κης
2304 2603 2448 2676 αύγὴ
2505 2603 2598 2656 τὸν
2655 2605 2753 2666 τῆς
2810 2601 3081 2656 πολυθέου
3143 2601 3328 2656 σκότον
3389 2600 3578 2662 κακίας
3638 2620 3794 2654 κατα-

2153 2691 2301 2746 λύειν
2337 2693 2641 2766 ὑπῆρχετο,
2674 2693 2732 2746 ὃν
2783 2693 2810 2744 6
2842 2689 3082 2760 σκιώδης
3125 2691 3290 2764 νόμος
3341 2689 3558 2744 πολλοῦ
3603 2710 3664 2764 γε
3695 2688 3794 2763 ἄρα

2151 2773 2255 2831 ἔδει
2304 2777 2595 2852 περιελεῖν.
2649 2777 2824 2852 Ταύτῃ
2873 2798 2962 2831 τοι
3011 2777 3100 2830 καὶ
3154 2781 3250 2831 τοῦ
3313 2775 3617 2848 μυστηρίου
3672 2774 3797 2830 τού·

2150 2887 2244 2920 του
2274 2870 2394 2928 τοῖς
2441 2863 2893 2938 συλληψομένοις
2935 2863 3042 2936 ἤδη
3097 2866 3185 2920 καὶ
3236 2865 3640 2940 ὑπουργήσουσι
3694 2885 3796 2937 μα-

2152 2958 2343 3025 θηταῖς
2389 2958 2665 3009 κοινωνῶν
2696 2955 2724 3008 6
2766 2957 2984 3024 Σωτήρ,
3019 2955 3082 3008 ού
3135 2955 3251 3026 μεθ’
3299 2955 3532 3030 ἡμέραν,
3563 2953 3697 3008 ἀλλ’
3746 2952 3796 3007 έν

2152 3040 2347 3117 ἑσπέρᾳ
2407 3044 2612 3116 βαθείᾳ,
2669 3049 2770 3112 τῆς
2842 3041 3089 3118 μεγάλης
3154 3043 3408 3115 πέμπτης
3463 3046 3636 3121 φημί,
3711 3042 3799 3097 καὶ

2149 3133 2284 3205 πρὸς
2328 3133 2505 3192 θείους
2553 3130 2858 3210 ἐπαλείφων
2907 3133 3137 3208 ἀγῶνας,
3187 3132 3278 3186 καὶ
3328 3132 3496 3205 ὁμόσε
3542 3152 3801 3207 παρακα-

401 3194 684 3308 quiitenus
729 3227 986 3301 oportuit
1039 3241 1213 3295 opera
1261 3225 1382 3279 tore
1439 3222 1699 3289 meliora,
1735 3237 1908 3292 quam
1953 3236 2038 3274 se-

2154 3194 2266 3276 λῶν
2317 3223 2386 3293 τῇ
2443 3218 2620 3294 πλάνῃ
2693 3194 2918 3295 χωρεῖν,
2952 3194 3334 3295 ’ἀτρεμιζούσῃ
3365 3194 3375 3205 ι
3408 3194 3664 3294 καθαρῶς
3730 3223 3798 3293 τῇ

399 3323 656 3380 cundum
703 3324 951 3374 veterem
999 3315 1234 3387 legem:
1284 3315 1396 3369 Hoc
1457 3313 1786 3383 proculum,
1828 3310 2040 3382 inquit,

396 3414 617 3470 Novum
651 3409 856 3464 miscet
885 3406 1326 3460 Testamentum
1357 3401 1430 3458 iis
1471 3401 1565 3472 qui
1598 3417 1702 3472 pro
1751 3399 1850 3456 illo
1899 3416 2038 3456 con-

400 3503 644 3558 tendunt
693 3500 750 3553 et
799 3493 1126 3550 dimicant:
1173 3493 1496 3548 subinusns
1544 3491 1686 3546 adeo
1719 3507 1817 3561 per
1862 3506 2043 3560 pocu-

406 3593 552 3658 lum,
587 3601 886 3658 nunquam
928 3584 1048 3638 fore
1080 3587 1144 3638 ut
1173 3581 1283 3651 ipsi
1307 3580 1696 3652 periculorum
1738 3586 1795 3635 et
1852 3583 2039 3634 tenta«

404 3684 632 3738 tionum
663 3678 734 3731 ad
764 3689 1019 3730 errorem
1051 3671 1347 3728 immunes
1367 3669 1770 3734 consisterent,
1794 3669 1883 3722 vel
1905 3683 2039 3722 eum

408 3771 637 3844 penitus
685 3762 1060 3829 debellarent,
1097 3761 1264 3832 cujus
1314 3759 1593 3814 instantes
1647 3775 1714 3813 eo
1763 3758 2039 3828 temporis

405 3860 657 3918 tenebrae
685 3855 908 3909 illustre
929 3853 1162 3922 signum
1199 3855 1384 3905 erant.
1435 3849 1499 3903 ld
1543 3851 1796 3919 propter,
1850 3863 2039 3917 quan-

401 3959 524 4005 tum
557 3945 725 4002 nobis
753 3940 902 3998 scire
933 3941 1082 4005 licet,
1115 3953 1246 3993 cum
1276 3937 1337 3991 in
1369 3936 1500 3992 aliis
1530 3935 1667 3990 anni
1698 3935 1901 3990 diebus
1942 3934 2036 3990 bo-

396 4057 462 4094 ra
508 4037 680 4093 tertia
722 4032 1085 4088 Eucharistia
1143 4029 1472 4098 peragatur,
1505 4024 1566 4080 in
1618 4023 1788 4078 dictis
1841 4029 2037 4078 tamen

397 4127 624 4183 eximiis
645 4125 872 4188 diebus,
921 4121 1105 4190 iisque
1149 4115 1312 4182 solis,
1362 4113 1757 4184 vespertinum
1803 4116 2038 4182 tempus

392 4233 460 4272 ex
516 4217 747 4270 decreto
803 4211 1042 4266 Patrum
1125 4203 1485 4260 observatur.
1546 4199 1823 4256 Solebant
1880 4199 2036 4256 enim

392 4305 591 4362 Patres
619 4300 877 4358 otticium
927 4293 1384 4352 Eucharisticum
1437 4291 1753 4346 identidem
1804 4288 2038 4343 submu-

392 4400 535 4463 tare,
566 4401 622 4448 et
651 4406 754 4462 per
791 4387 1118 4444 varietatem
1167 4383 1318 4437 hanc
1363 4379 1772 4452 mysteriorum
1814 4377 2038 4432 incom-

388 4477 945 4554 prehensibilitatem
1003 4470 1440 4545 perhumaniter
1495 4467 1663 4523 nobis
1709 4467 2032 4533 ostendere,

2155 3312 2332 3383 ψυχῇ,
2385 3309 2474 3362 καὶ
2521 3314 2638 3370 τοῖς
2688 3309 2977 3383 λογισμοῖς
3028 3310 3274 3381 ἑστῶσιν,
3325 3310 3434 3383 οὐχ
3482 3308 3638 3369 ὅπως
3686 3315 3800 3370 τοῖς

2153 3396 2486 3477 ὀφθαλμοῖς,
2543 3398 2620 3459 ὡς
2679 3396 2910 3452 ἐντεῦθεν
2973 3395 3289 3468 μελλόντων
3345 3393 3512 3472 ἔργων
3587 3396 3798 3452 ἔσεσθαι

2151 3489 2475 3564 κρειττόνων
2509 3486 2543 3555 ἢ
2577 3488 2712 3542 κατὰ
2748 3486 2840 3541 τὸν
2886 3485 3118 3542 παλαιὸν
3163 3483 3357 3559 νόμον,
3387 3490 3560 3541 Τοῦτο
3589 3489 3658 3542 τὸ
3701 3507 3798 3541 πο-

2153 3580 2343 3651 τήριον
2374 3577 2407 3645 ἡ
2461 3579 2652 3644 Καινή,
2704 3577 2858 3652 φησί,
2891 3578 3104 3649 κίρνησι
3151 3577 3417 3646 Διαθήκη,
3463 3581 3580 3637 τοῖς
3638 3578 3796 3650 ὑπερ·

2157 3669 2396 3744 μάχοῦσι
2445 3665 2643 3735 ταύτης
2677 3665 2766 3719 καὶ
2815 3664 3261 3738 προασπίζουσιν,
3310 3665 3665 3743 ὑπεμφαίνων
3713 3664 3800 3720 διὰ

2149 3759 2247 3809 τοῦ
2295 3753 2588 3828 ποτηρίου,
2639 3757 2714 3827 μὴ
2766 3753 2828 3811 ἄν
2876 3774 3007 3810 ποτε
3048 3755 3263 3817 τούτοις
3310 3755 3560 3830 ὑπάρξαι,
3613 3752 3796 3809 κινδύο

2151 3866 2256 3899 νων
2302 3843 2426 3899 ἄνευ
2472 3845 2562 3899 καὶ
2611 3849 2925 3920 πειρασμῶν
2980 3851 3079 3912 τῆς
3137 3844 3349 3915 πλάνης
3401 3845 3795 3918 περιγενέσθαι,

2150 3935 2237 3988 καὶ
2271 3934 2345 3995 εἷς
2397 3933 2556 3995 τέλος
2605 3934 2806 4004 ταύτην
2857 3933 3343 4010 καταγωνίσασθαι,
3377 3937 3442 4003 ἧς
3491 3935 3553 3989 τὸ
3598 3933 3797 3989 ἐνιστά-

2155 4045 2315 4095 μενον
2364 4020 2620 4094 τηνικάδε
2667 4025 2879 4094 σκότος,
2931 4029 3158 4096 σημεῖον
3210 4025 3496 4103 περιφανὲς
3545 4026 3634 4094 ἦν.
3691 4024 3797 4085 Διά

2151 4111 2216 4182 δή
2264 4117 2450 4180 ταῦτα,
2499 4111 2596 4166 ὅσα
2653 4115 2801 4186 ἡμᾶς
2860 4110 3055 4167 εἰδέναι
3111 4113 3199 4167 καὶ
3249 4114 3310 4168 τὸ
3361 4112 3508 4175 εἷκὸς
3550 4114 3794 4182 ἀπαιτεῖ,

2148 4201 2235 4256 έπὶ
2271 4203 2366 4272 μὲν
2408 4207 2516 4258 τῶν
2566 4199 2750 4258 ἄλλων
2797 4205 3021 4277 ἡμερῶν
3068 4207 3164 4257 τοῦ
3213 4204 3438 4277 χρόνου,
3473 4201 3588 4276 ὥρᾳ
3635 4205 3792 4278 τρίτῃ

2146 4291 2212 4344 τὰ
2242 4294 2341 4356 τῆς
2369 4290 2511 4352 θείας
2560 4291 2798 4346 τελεῖται
2841 4291 3146 4366 ἱερουργίας
3176 4309 3188 4323 ⁸
3239 4293 3376 4346 κατά
3427 4291 3520 4363 μέν
3566 4312 3650 4346 τοι
3701 4294 3796 4352 τὰς

2150 4375 2491 4448 δηλωθείσας
2550 4378 2862 4454 έπέσήμους
2919 4379 3008 4434 καὶ
3070 4379 3250 4453 μόνον,
3313 4379 3509 4453 ἑσπέρα
3566 4382 3793 4453 θεσμοῖς

2151 4469 2402 4543 [Ιατέρων
2451 4471 2746 4542 τετήρηται
2782 4489 2794 4501 ’
2849 4470 3069 4524 εἰώθασι
3119 4469 3221 4543 γὰρ
3270 4471 3320 4524 oi
3371 4470 3520 4544 θεῖοιΔ
3559 4473 3792 4544 Πατέρες

392 4539 566 4641 atque
585 4569 655 4624 ad
691 4565 950 4629 unicam,
989 4539 1441 4625 ibeﬂ‘abilem,et
1472 4571 1806 4628 supremam
1839 4555 2032 4627 cogni-

2151 4556 2210 4610 τὰ
2237 4564 2337 4625 τῆς
2385 4558 2532 4632 ἱερᾶς
2583 4556 2946 4612 ὑπαλλάττειν
2984 4557 3386 4634 μυσταγωγίας,
3418 4539 3520 4612 καὶ.
3553 4556 3643 4612 διὰ
3689 4565 3792 4629 τῆς

388 4660 602 4714 tionem
635 4655 810 4711 etiam
845 4651 1086 4708 mirifice
1138 4647 1554 4702 manuducere.
1603 4645 1726 4700 lmo
1775 4643 2034 4715 quidem,

380 4751 546 4818 juxta
593 4743 930 4807 Historiam,
979 4743 1150 4794 noctu
1208 4737 1380 4806 Virgo
1421 4733 1732 4818 Dominum
1792 4731 2031 4803 peperit,

387 4836 540 4907 quod
572 4833 747 4889 etiam
780 4830 963 4900 liquet
992 4844 1060 4882 ex
1091 4825 1192 4880 illo
1225 4822 1614 4895 evangelista,
1649 4843 1676 4870 «
1711 4825 1889 4907 Erant
1928 4836 2030 4874 au-

385 4906 496 4976 tem
531 4924 813 4991 pastores,
848 4937 876 4966 ››
902 4922 1007 4971 etc.
1043 4913 1224 4968 Noctu
1258 4911 1434 4966 etiam
1465 4908 1749 4964 Dominus
1785 4924 1817 4962 a
1851 4906 2027 4962 Joan-

381 5027 452 5066 ne
480 5010 803 5080 baptizatus
851 5009 961 5070 est,
1009 5007 1073 5056 ut
1131 4999 1381 5071 Spiritus
1420 4998 1480 5052 in
1525 4998 1707 5052 forma
1749 4995 2033 5052 columbas

381 5099 450 5157 ad
485 5099 647 5153 illum
670 5095 972 5158 accedens,
1003 5096 1059 5147 et
1090 5089 1322 5160 copioso
1353 5087 1574 5142 lumine
1624 5089 1850 5141 noctem
1903 5085 2030 5139 illu-

377 5195 589 5252 strans,
625 5185 1018 5257 populumque
1055 5178 1374 5250 percellens
1398 5176 1632 5232 insolito
1671 5172 2022 5245 spectaculo,

380 5281 539 5348 ipsos
578 5277 692 5331 Deo
722 5273 1003 5328 Servatori
1032 5269 1335 5324 attendere
1384 5267 1651 5320 moneret
1680 5270 1730 5316 et
1782 5262 2032 5317 obtesta-

381 5374 564 5424 retur.
596 5367 876 5420 Praeterea
909 5367 1078 5416 noctu
1123 5358 1406 5414 Dominus
1448 5356 1518 5411 de
1565 5371 1728 5410 caena
1787 5354 2031 5422 mystica

380 5475 516 5517 cum
548 5452 848 5525 discipulis
877 5447 1379 5513 communicabat;
1420 5449 1591 5502 noctu
1625 5442 1800 5498 etiam
1832 5443 2032 5500 Resur-

2139 5184 2299 5251 ἦσαν,
2345 5183 2432 5238 καὶ
2490 5184 2555 5237 τὰ
2612 5184 2732 5253 ἑξῆς
2767 5200 2780 5213 '

2141 5273 2394 5326 Ἰωάννου
2453 5266 2806 5341 ἐϐαπτίσατο,
2855 5269 2946 5325 ’ίνα
2997 5273 3058 5326 τὸ
3117 5277 3338 5344 Πνεῦμα
3397 5271 3447 5326 ἐν
3504 5271 3630 5326 ε’ίδει
3690 5293 3791 5327 πε-

2141 5359 2389 5430 ριστερᾶς
2450 5356 2583 5431 πρὸς
2640 5354 2797 5410 αὐτὸν
2855 5355 3181 5432 ἐρχόμενον,
3236 5355 3458 5432 δαψιλεῖ
3510 5357 3588 5431 τῷ
3645 5359 3788 5435 φῶτί

2138 5445 2238 5513 τήν
2284 5443 2447 5499 νύκτα
2495 5449 2882 5520 περιαυγάσαν,
2925 5448 3012 5501 καὶ
3063 5447 3153 5502 τὸν
3203 5445 3330 5502 λαὸν
3382 5445 3650 5517 έκπλῆξαν
3705 5451 3789 5518 τῷ

2145 4645 2448 4716 ποικιλίας,
2504 4644 2642 4700 ἔστιν
2701 4646 2732 4700 ἃ
2788 4651 2894 4700 τῶν
2974 4647 3105 4720 ὑπὲρ
3171 4642 3371 4701 ἔννοιαν
3453 4649 3794 4721 μυστηρίων,

2147 4734 2546 4811 φιλανθρώπως
2593 4738 2728 4808 ἡμῖν
2789 4734 3159 4814 ὑπεμφαίνειν,
3209 4735 3299 4790 καὶ
3347 4739 3484 4810 πρὸς
3529 4737 3626 4806 τὴν
3679 4738 3794 4792 ἑνι-

2142 4826 2262 4879 αίαν
2321 4827 2408 4879 καὶ
2465 4825 2766 4902 ὑπέρσοφον
2825 4824 3059 4880 ἐντεῦθεν
3119 4829 3345 4901 γνῶσιν,
3403 4825 3512 4902 οὐχ
3589 4826 3794 4895 ἥκιστά

2143 4919 2455 4989 θαυμασίως
2504 4921 2886 4992 χειραγωγεὶν,
2939 4915 3040 4972 Καὶ
3090 4918 3226 4971 κατᾶ
3268 4918 3368 4986 τήν
3417 4917 3660 4991 ἱστορίαν
3715 4922 3792 4987 (1)

2143 5004 2219 5072 δὲ,
2253 5005 2441 5067 νύκτὸς
2491 5010 2524 5076 ἡ
2575 5003 2837 5080 Παρθένος
2889 5004 2978 5059 τὸν
3034 5005 3226 5081 Κύριον
3270 5004 3452 5060 τέτυκε
3486 5024 3498 5036 ·
3549 5006 3636 5060 καὶ
3691 5004 3791 5075 δῆ-

2147 5094 2241 5149 λον
2293 5095 2342 5166 ἐξ
2390 5097 2435 5148 ὦ
2486 5097 2512 5149 ὁ
2563 5092 2973 5170 Εὐαγγελισττςς
3025 5115 3212 5173 φησιν,
3258 5094 3332 5157 ὡς
3380 5096 3470 5149 καὶ
3529 5095 3792 5166 ποιμένες

2841 5185 3032 5245 νυκτὸς
3076 5181 3134 5237 δὲ
3176 5183 3204 5236 ὁ
3265 5182 3458 5257 Κύριος
3509 5183 3643 5257 πρὸς
3693 5188 3792 5238 τοῦ

442 5597 526 5668 (1)
569 5591 882 5668 Καῖἒκατᾶι
921 5589 1038 5656 τήν
1077 5587 1476 5662 ἱστορίαν...
1521 5581 1809 5654 ἐδέξατο.
1852 5585 2039 5643 Monet

2153 5588 2260 5644 itor
2291 5588 2587 5645 Asthensis
2622 5589 2743 5648 haec
2783 5590 2843 5647 in
2875 5591 3221 5648 condicibus
3255 5607 3395 5648 mss.
3429 5605 3575 5662 quos
3597 5589 3786 5664 inspi-

369 5666 512 5754 gere
549 5666 738 5742 potuit
767 5667 985 5723 deesse.
