4098 6332
269 409 373 467 145

1286 386 1704 468 SYNTAGMA
1749 409 2383 472 ALPHABETICUM.
2431 444 2507 455 -
2551 413 2620 470 rr.

3550 412 3665 472 146

266 545 512 614 ἀσυνήθει
559 546 660 608 τῆς
718 541 868 608 θέας,
917 542 1001 594 οἶα
1050 544 1165 611 Θεῴ
1209 538 1288 612 τῷ
1342 546 1561 615 Σωτῆρι
1610 544 1892 617 προσέχειν

2015 545 2191 601 rectio
2238 544 2512 602 salutaris
2559 543 2838 615 contigit;
2886 547 3058 599 noctu
3112 543 3363 616 denique
3411 543 3578 614 Virgo
3627 560 3660 599 a

260 633 471 695 τούτοις
523 628 962 705 διαμαρτύρηται
994 646 1007 662 ⁸
1063 629 1261 692 νυκτὸς
1300 627 1358 684 δὲ
1397 629 1454 685 δὲ
1489 635 1585 685 τοῦ
1638 637 1900 704 μυστικοῦ

2012 634 2277 691 Gabriele
2308 635 2513 689 miram
2544 633 2701 688 illam
2727 635 3134 689 salutationem
3181 633 3397 689 retulit.

262 719 471 777 δείπνου
523 722 553 774 6
601 719 801 792 Κύριος
852 719 1248 788 κεκοινώνηκε·
1294 720 1485 782 νυκτὸς
1533 717 1712 775 δὲκαὶ
1763 724 1797 790 ἡ
1849 723 2122 798 σωτήριος
2176 721 2492 785 Ἀνάστασις
2536 722 2862 794 γεγένηται·
2914 721 3104 783 νυκτὸς
3159 721 3248 776 καὶ
3292 723 3326 790 ἡ
3379 719 3653 795 Παρθένος

257 813 385 887 πρὸς
415 815 516 864 τοῦ
558 805 807 883 Γαϐριὴλ
840 809 931 864 τὸν
963 807 1245 882 ἀσπασμὸν
1273 811 1366 864 τὸν
1397 809 1543 880 ξένον
1571 808 1804 881 ἐδέξατο.

321 906 426 960 Καὶ
471 903 499 955 6
528 907 629 969 τῆς
667 901 720 954 ἐν
763 898 1045 971 Λαιὸικείᾳ
1083 898 1139 955 δὲ
1180 902 1263 973 μθ¹
1305 901 1441 956 κατὰ
1485 903 1586 969 τὴν
1635 923 1896 978 τεσσαρα-

254 993 596 1065 κονθήμερον
652 988 855 1059 ταύτην
915 987 1071 1063 ἄρτον
1123 988 1466 1066 προσφέρειν,
1523 990 1647 1058 ἢτοι
1691 990 1898 1046 τελείαν

253 1086 425 1136 ποιεῖν
470 1079 870 1153 ἱεροτελεστίαν
914 1080 1013 1134 οὐκ
1063 1077 1236 1136 θ’ίεται
1286 1077 1418 1152 δεῖν,
1469 1080 1513 1135 εἰ
1567 1083 1642 1154 μὴ
1689 1081 1742 1134 ἐν
1779 1086 1895 1143 τοῖς

253 1168 456 1238 ταῦτης
489 1162 723 1221 σάϐϐασι
756 1167 844 1221 καὶ
879 1171 1182 1237 κυριακαῖς.

315 1263 377 1311 Ὀ
409 1257 469 1312 δὲ
501 1259 580 1312 να“
626 1259 766 1330 μήτε
809 1255 860 1310 ἐν
900 1261 1016 1318 ταῖς
1069 1258 1336 1328 μνήμαις,
1381 1259 1518 1328 μήοι
1558 1256 1610 1311 ἐν
1647 1262 1763 1318 τοῖς
1803 1277 1893 1331 γε·

244 1346 494 1409 υεθλίοις
532 1351 643 1401 τῶν
685 1345 856 1421 άγίων
901 1365 1206 1419 μαρτυρων,
1246 1348 1362 1400 καθ’
1404 1346 1540 1417 ὅλην
1577 1349 1673 1415 τήν
1714 1367 1895 1402 τεσσα-

248 1438 546 1510 ρακοστὴν,
609 1433 700 1489 διὰ
750 1433 963 1496 τελείας
1021 1435 1204 1499 θυσίας
1268 1435 1538 1492 ἐπιτάττει
1590 1436 1893 1511 πανηγυρί-

247 1533 375 1596 ζειν,
422 1525 472 1579 εἰ
526 1527 717 1596 μήπου
759 1524 1063 1580 συνέλθοιεν
1110 1525 1298 1602 ἡμέφᾳ
1345 1521 1616 1581 σαϐϐάτου
1646 1523 1682 1595 ἤ
1713 1547 1898 1599 κυρια-

245 1624 341 1685 κῆς
377 1636 392 1650 ο
450 1615 542 1668 καὶ
602 1613 647 1668 εἰ
702 1618 812 1668 τῶν
875 1615 1160 1687 μαρτύρων
1211 1616 1305 1676 τὰς
1365 1618 1582 1688 μνήμας
1640 1616 1895 1688 ἀθέμιτον

246 1705 290 1758 ἐν
354 1703 597 1777 ἡμέραις
652 1703 940 1775 νηστίμοις
992 1700 1285 1772 ἐπιτελεῖν,
1334 1702 1516 1778 σχολῇ
1564 1725 1625 1779 γε
1671 1702 1737 1773 δή
1790 1725 1896 1758 που

2078 904 2240 961 288
2271 906 2456 974 Atque
2493 905 2692 960 Canon
2742 905 2812 959 49
2857 903 3084 960 concilii
3138 905 3441 961 Laodiceni
3498 905 3651 960 haud

2005 1010 2234 1065 aequum
2253 994 2544 1049 existimat
2556 997 2814 1064 tempore
2830 993 3314 1065 quadrageimali
3331 998 3651 1064 autpanem

2005 1083 2220 1145 oﬂ'erri,
2275 1088 2376 1138 aut
2421 1083 2731 1153 perfectam
2784 1084 3079 1155 liturgiam
3133 1083 3348 1155 peragi,
3410 1087 3654 1155 praeter-

2006 1189 2180 1245 quam
2214 1175 2271 1229 in
2300 1174 2574 1230 Sabbatis
2605 1181 2658 1229 et
2693 1173 3030 1229 Dominicis.

2074 1263 2269 1319 Cauon
2337 1263 2510 1318 etiam
2566 1263 2631 1316 51
2719 1279 2903 1332 neque
2972 1263 3030 1317 in
3091 1262 3409 1330 memoriis,
3453 1276 3643 1334 neque

2005 1353 2279 1409 natalitus
2305 1356 2639 1408 sanctorum
2681 1345 3026 1424 martyrum,
3063 1367 3164 1423 per
3187 1355 3364 1407 totam
3398 1353 3649 1422 quadra-

2002 1442 2309 1510 gesimam,
2369 1442 2689 1510 perfectum
2753 1441 3105 1496 sacrificium
3165 1440 3438 1496 celebrari
3503 1457 3649 1511 prae-

2003 1530 2186 1599 cipit:
2232 1530 2342 1586 nisi
2385 1531 2531 1586 forte
2579 1546 2713 1586 cum
2760 1530 3012 1585 Sabbato
3063 1534 3160 1584 aut
3213 1530 3304 1585 die
3351 1529 3650 1585 Dominica

2005 1620 2357 1676 coiucidant.
2420 1620 2882 1690 Haudquaquam
2925 1635 3057 1674 vero
3089 1620 3137 1675 si
3169 1618 3303 1676 licet
3331 1620 3390 1674 in
3441 1619 3646 1675 diebus

2000 1709 2206 1779 jejunii
2270 1707 2354 1764 vel
2435 1711 2756 1779 martyrum
2825 1709 3133 1762 memorias
3209 1707 3517 1777 celebrare,
3575 1723 3643 1763 eo

244 1801 347 1850 τῶν
410 1793 608 1855 ἄλλως
677 1792 1088 1866 ἀποιχομένων,
1145 1794 1190 1848 εἰ
1253 1795 1327 1866 μὴ
1385 1792 1438 1848 ἐν
1497 1789 1755 1867 σαϐϐάτῳ
1806 1795 1892 1849 καὶ

2012 1799 2206 1853 minus
2237 1814 2268 1853 ο
2295 1798 2412 1853 vita
2445 1796 2867 1853 discedentium
2901 1795 3056 1862 licet,
3100 1796 3213 1852 nisi
3262 1796 3355 1852 die
3385 1796 3650 1866 Sabbati,

248 1906 422 1958 μονῳ.

307 1975 373 2030 'O
403 1971 464 2026 δὲ
491 1972 575 2046 νβ’
608 1968 734 2026 οὐδὲ
782 1972 1017 2047 γάμους,
1069 1969 1194 2026 οὐδὲ
1239 1971 1490 2047 γενέθλια
1533 1971 1709 2027 τελεῖν
1743 1971 1794 2026 ἐν
1823 1975 1892 2046 τῇ

241 2063 651 2136 τεσσαρακοστῇ
684 2065 986 2137 συγχωρεῖ.

239 2171 452 2228 Ὅπως
487 2163 994 2227 ἀποδεκάτωσις
1037 2170 1155 2220 τοῦ
1194 2164 1355 2221 ὅλου
1397 2165 1643 2280 χγρόνου
1684 2169 1718 2236 ἡ
1751 2187 1889 2221 τεσ-

307 2239 696 2280 ηηηηνῆητδῆ
735 2237 996 2280 λένιτηο
1057 2236 1408 2280 πη
1454 2260 1521 2280 ηρ
1554 2240 1771 2280 Ηῖγέηβ
1801 2259 1889 2280 ΨΕ-

307 2239 698 2314 σαρακοστή
727 2237 1031 2314 λέγεται,
1057 2241 1164 2314 γαὶ
1196 2236 1300 2292 διὰ
1331 2236 1521 2300 ποίας
1554 2240 1771 2301 αἰτίας
1801 2259 1892 2294 τε-

306 2307 539 2366 λεῖται
573 2311 693 2364 ὅσα
723 2307 786 2363 ἐν
819 2307 993 2382 αὐτῇ
1024 2309 1356 2367 τελεῖται.

310 2417 490 2474 Ἀλλά
539 2416 643 2490 γάρ
693 2413 862 2470 καλὸν
905 2414 964 2469 ἅν
1025 2413 1107 2486 ε’ίη
1158 2418 1246 2470 καὶ
1289 2415 1385 2478 τὰς
1433 2418 1641 2472 τούτων
1691 2416 1892 2487 αἰτίας,

251 2508 313 2570 ὡς
347 2507 477 2560 οἷόν
532 2526 617 2574 τε,
668 2501 842 2574 ὃήλας
891 2505 1055 2558 θεῖναι
1103 2510 1220 2568 τοῖς
1268 2506 1582 2581 ἀγνοοῦσιν
1635 2502 1890 2580 ἄγνωμον

251 2597 336 2671 γὰρ
398 2595 628 2650 ἐκείνων
683 2595 947 2670 ςεθονῆσαι
1023 2598 1138 2654 τοῖς
1217 2595 1508 2670 βαθυτέρας
1579 2594 1891 2669 ἐφιεμένοις

246 2688 520 2760 γνώσεως,
556 2679 591 2737 ἃ
629 2683 755 2744 τοὺς
803 2681 1338 2756 πολλοὺςρᾳθυμίᾳ
1386 2682 1705 2764 διαπέφευγε
1750 2686 1889 2760 γνώ-

251 2796 373 2846 enc-

309 2868 491 2926 Ἀπας
552 2864 582 2917 6
633 2859 867 2921 παλαιὸς
915 2863 1085 2935 νόμος
1130 2868 1245 2924 τοῖς
1299 2864 1514 2938 ὁρατοῖς
1556 2862 1888 2919 ἐκπαιδεύειν

245 2954 422 3008 εἰώθει
457 2954 561 3020 τήν
603 2956 714 3006 τῶν
753 2951 998 3023 ἀοράτων
1034 2951 1375 3022 κατάστασιν,
1419 2954 1507 3007 καὶ
1546 2960 1661 3016 τοῖς
1704 2975 1890 3025 σωμα-

242 3048 412 3104 τικοῖς
473 3047 588 3096 τῶν
649 3045 1030 3112 πνευματικῶν
1080 3041 1545 3117 πραγματεύεσθαι
1592 3045 1690 3110 τήν
1737 3040 1893 3115 διόρ-

243 3134 404 3185 Θωσιν
430 3150 444 3162 ο
478 3131 621 3204 πρὸς
654 3129 711 3183 δὲ
738 3135 856 3191 τοῖς
889 3127 1102 3199 ἄλλοις,
1136 3132 1222 3185 καὶ
1255 3134 1348 3194 τάς
1378 3136 1484 3186 τῶν
1533 3133 1885 3207 ὑπαρχόντων

245 3220 470 3282 δεκάτας
522 3224 604 3292 τῷ
661 3225 777 3291 Θεῷ
831 3222 1111 3294 καθιεροῦν
1170 3221 1401 3292 ἐτησίως
1459 3228 1573 3284 τοῖς
1633 3221 1889 3282 παλαιοῖς

247 3311 647 3383 προσετέτακτο
681 3329 692 3340 ·
742 3308 810 3361 τὰ
859 3305 915 3362 ὃὶ
970 3313 1210 3371 τυπικῶς
1249 3312 1375 3384 παρ’
1424 3310 1652 3374 ἐκείνοις
1695 3309 1892 3366 τελού-

249 3421 380 3471 μενα
423 3401 708 3472 μυστικῶς
749 3399 887 3470 ἡμῖν
929 3393 1342 3472 ἐκλαμϐανεται.
1390 3405 1451 3455 Ἥ
1498 3402 1588 3455 οὗν
1631 3399 1744 3455 θεία
1781 3404 1888 3453 τῶν

244 3488 576 3544 ἀποστόλων
639 3484 826 3562 λογάς,
882 3489 957 3559 μὴ
1009 3485 1316 3550 καταλύειν,
1369 3487 1493 3543 ἀλλ’
1543 3488 1893 3562 ἀναπληροῦν

244 3580 340 3633 κάν
391 3579 580 3648 τούτῳ
631 3577 694 3630 τὸ
744 3573 919 3630 ἐνδέον
962 3575 1254 3651 ἐγνωκότες
1293 3582 1388 3632 τοῦ
1432 3577 1625 3653 νόμου,
1677 3579 1738 3632 οὐ
1782 3582 1892 3632 τῶν

244 3668 551 3741 ἐπικαίρων
603 3666 963 3740 πραγμάτων,
1010 3665 1154 3720 ἀλλὰ
1197 3667 1306 3721 τῶν
1346 3669 1568 3742 ἡμερῶν
1603 3670 1702 3736 τῆς
1745 3673 1890 3736 ζωῆς

247 3760 406 3829 ἡμῶν
455 3754 692 3821 ἑκάστης
739 3757 836 3807 τοῦ
887 3751 1138 3808 ἐνιαυτοῦ
1184 3763 1540 3830 περιτροπῆς,
1587 3757 1682 3817 τάς
1735 3753 1890 3810 δεκά-

245 3865 337 3906 τας
378 3841 671 3916 καθιέροῦν
707 3845 785 3911 τῷ
825 3846 940 3912 Θεῷ
977 3843 1370 3914 τεθεσπίκασιν,
1427 3844 1501 3906 ὡς
1549 3843 1608 3898 ἂν
1658 3841 1747 3898 διὰ
1792 3851 1892 3912 τῆς

247 3933 295 3987 ἐν
356 3932 552 3990 αὐταῖς
609 3927 855 3996 σπουδῆς
915 3929 1004 3984 καὶ
1064 3930 1390 4004 θερμοτέρας
1464 3931 1768 4004 μετανοίας,
1827 3933 1894 3986 τα

246 4029 369 4096 παρ’
430 4020 566 4075 ὅλον
619 4017 711 4073 τὸν
770 4019 1003 4073 ἐνιαυτὸν
1070 4023 1167 4088 τῆς
1220 4023 1404 4094 ψυγῆς
1462 4022 1891 4097 ἀῤῥωσυήματα,

244 4114 334 4165 σὺν
401 4113 522 4180 Θεῷ
582 4111 786 4181 βοηθῷ,
838 4107 1196 4180 δυνηθείημεν
1244 4109 1582 4178 ἐξιάσασθαι·
1636 4113 1696 4164 τὸ
1746 4109 1894 4165 δέκα·

242 4222 334 4255 τον
381 4197 440 4253 δὲ
478 4200 580 4249 τοῦ
620 4193 891 4263 ἐνταῦτοῦ,
931 4197 1026 4258 τὰς
1069 4204 1178 4252 τῶν
1218 4205 1478 4268 νηστειῶν
1517 4201 1708 4260 ταύτας
1751 4200 1894 4271 ἠμέ-

247 4312 340 4363 ρας
395 4284 536 4341 εἶναί
585 4305 778 4361 φαμεν.
845 4287 909 4341 Αἱ
966 4287 1064 4361 γάρ
1124 4287 1258 4342 ἒπτά
1307 4289 1512 4343 τούτων
1573 4286 1892 4358 ἑϐδομάδες,

245 4377 431 4457 χωρὶς
469 4379 584 4427 τῶν
626 4369 911 4428 σαϐϐάτωτ
951 4377 1040 4429 καὶ
1079 4382 1372 4449 κυριακῶν,
1415 4380 1613 4450 ἡμέραι
1655 4380 1891 4452 γίνονται

247 4465 410 4522 πέντε
469 4463 610 4536 πρὸς
666 4468 782 4524 ταῖς
835 4464 1125 4536 τριάκοντα
1159 4485 1173 4498 ο

1708 4464 1750 4484 λι

1222 4468 1647 4541 προστιθεμένου
1705 4465 1760 4520 δὲ
1806 4465 1894 4519 καί

2007 1901 2191 1958 eoque
2221 1885 2362 1942 solo.

2071 1975 2373 2032 Proximus
2432 1978 2626 2031 autem
2685 1991 2869 2031 canon
2940 1990 3125 2046 neque
3177 1975 3413 2050 nuptias
3460 1989 3649 2047 neque

2003 2065 2263 2122 natalitia
2287 2066 2346 2120 in
2379 2063 2837 2135 Quadragesima
2877 2063 3168 2120 celebrare
3197 2065 3494 2136 permittit.

2002 2174 2252 2242 Quanam
2300 2171 2518 2227 ratione
2566 2170 2992 2242 Quadragesima
3035 2170 3248 2226 decima
3312 2187 3440 2242 pars
3478 2173 3644 2227 tonus

2069 2245 2210 2299 anni
2237 2244 2567 2313 appellatur,
2599 2248 2649 2298 et
2671 2259 2806 2313 quas
2834 2243 2897 2298 ob
2940 2258 3134 2297 causas
3181 2259 3244 2298 ea
3283 2247 3643 2314 peraguntur,

2071 2331 2196 2386 qua!
2224 2319 2281 2370 in
2316 2319 2434 2386 ipsa
2462 2315 2737 2370 observari
2756 2316 2949 2371 solent.

2069 2421 2482 2476 Verumtamen
2515 2420 2668 2475 haud
2702 2419 3086 2490 iniucundum
3111 2420 3282 2476 fuerit
3309 2421 3627 2476 etistarum

2000 2526 2192 2566 rerum
2241 2525 2471 2576 causas,
2531 2508 2623 2564 his
2672 2509 2768 2578 qui
2827 2508 3113 2578 ignorant,
3154 2517 3437 2580 quantum
3495 2508 3634 2564 licet

2000 2599 2341 2673 patefacere.
2374 2597 2655 2653 Inscitum
2686 2597 2842 2652 enim
2865 2601 2954 2653 est
3000 2614 3068 2653 ea
3104 2597 3361 2653 invidere
3410 2599 3639 2670 profun-

1999 2689 2144 2744 diori
2185 2687 2458 2743 scientias
2506 2687 2800 2752 imbutos;
2841 2703 2974 2757 quas
3005 2687 3311 2759 plerosque
3360 2703 3473 2757 prae
3531 2703 3639 2742 sua

1996 2778 2226 2848 ignavia
2257 2776 2510 2848 fugiunt.

2073 2865 2348 2922 Universa
2392 2865 2483 2921 lex
2519 2871 2682 2920 vetus
2731 2865 3059 2921 viibilibus
3110 2865 3279 2921 solita
3309 2869 3399 2921 est
3445 2881 3640 2921 rerum

2001 2954 2378 3011 invisibilium
2426 2960 2696 3010 naturam
2753 2955 3012 3024 edocere,
3047 2960 3104 3010 et
3149 2955 3437 3026 corporeis
3471 2955 3643 3023 spiri-

2002 3044 2242 3100 tualium
2275 3043 2748 3100 constitutionem
2783 3048 3060 3115 prmtare
3088 3047 3146 3100 et
3173 3045 3460 3100 exhibere.
3486 3043 3643 3100 Inter

2005 3134 2118 3190 alia
2147 3132 2398 3188 decimas
2430 3132 2772 3189 facultatum
2809 3135 2921 3188 Deo
2952 3150 3290 3189 consecrare
3330 3135 3644 3205 quotannis

2005 3223 2210 3294 priscis
2241 3223 2612 3290 imperatum.
2637 3224 2770 3287 Quas
2793 3237 2924 3276 vero
2953 3223 3024 3277 ab
3056 3222 3173 3278 illis
3196 3223 3383 3294 typice
3415 3226 3647 3292 peracta

1999 3316 2182 3379 erant,
2218 3327 2251 3366 a
2277 3311 2442 3366 nobis
2463 3311 2702 3382 mystice
2742 3310 3126 3380 accipiuntur.
3179 3311 3454 3374 Quocirca
3493 3311 3647 3365 divi-

1996 3415 2136 3457 num
2183 3400 2360 3454 decus
2430 3400 2676 3472 apostoli
2727 3416 2841 3455 non
2890 3400 3199 3456 dissolvere
3247 3400 3503 3471 quidem,
3544 3401 3640 3454 sed

1997 3489 2266 3560 supplere
2347 3488 2455 3543 hoc
2547 3489 2669 3560 ipso
2761 3489 3019 3544 volentes
3110 3489 3398 3544 defectum
3477 3488 3638 3558 legis,

1995 3579 2372 3633 decreverunt
2397 3594 2509 3632 non
2545 3578 2799 3647 cujusvis
2830 3578 3194 3647 tempestatis
3246 3579 3488 3639 fructus,
3539 3579 3639 3633 sed

1995 3667 2124 3722 vita:
2182 3671 2392 3721 nostra:
2449 3667 2760 3736 cujuslibet
2812 3668 2990 3722 annui
3058 3668 3339 3722 decursus
3387 3666 3643 3721 decimas

1997 3757 2111 3812 Deo
2159 3772 2544 3816 consecrare:
2594 3757 2736 3812 adeo
2789 3762 2849 3811 ut
2897 3773 2999 3828 per
3063 3758 3530 3814 exercitationem
3583 3759 3642 3812 in

1997 3845 2125 3901 istis
2155 3851 2207 3899 et
2252 3845 2642 3912 pmniteniiam
2669 3846 2972 3910 acriorem,
3013 3845 3385 3900 inﬁrmitates
3435 3847 3643 3902 animm

1999 3950 2099 4004 per
2128 3937 2312 3988 totum
2340 3949 2580 3992 annum.
2602 3935 2910 4003 adiuvante
2940 3934 3076 4001 Deo,
3102 3951 3304 3990 sanare
3329 3935 3639 4004 possimus.

1999 4023 2295 4078 Decimam
2349 4028 2539 4076 autem
2589 4025 2726 4078 anni
2790 4029 3008 4093 partem
3055 4024 3227 4079 hosce
3271 4024 3479 4094 jejunii
3515 4023 3639 4076 dies

1999 4113 2276 4168 conficere
2309 4115 2646 4167 asserimus.
2673 4115 2895 4184 Quippe
2936 4120 3154 4182 septem
3205 4115 3406 4168 horum
3460 4113 3638 4182 septi-

2001 4218 2207 4267 manas,
2259 4201 2494 4256 omissis
2554 4203 2822 4258 Sabbatis
2879 4208 2936 4257 et
2993 4203 3332 4268 Dominicis,
3382 4203 3644 4257 conﬁunt

1999 4290 2124 4344 dies
2154 4289 2242 4353 35,
2294 4290 2486 4343 addito
2536 4306 2668 4344 vero
2718 4307 2928 4360 magno
2976 4292 3247 4359 Sabbato,
3299 4296 3354 4345 et
3403 4290 3642 4345 dimidia

2003 4383 2164 4447 parte
2198 4377 2446 4446 insignis
2477 4381 2534 4432 et
2563 4379 2882 4446 splendidae
2907 4380 3106 4445 noctis,
3143 4379 3502 4449 colliguntur
3522 4378 3646 4432 dies

2000 4467 2070 4520 36
2090 4482 2222 4520 cum
2255 4466 2536 4532 semisse;
2580 4469 2678 4538 qui
2719 4474 2914 4522 exacte
2943 4469 3310 4523 constituunt
3361 4468 3648 4522 decimam

250 4561 346 4612 τοῦ
383 4551 638 4628 μεγάλου
668 4547 959 4622 σαϐϐάτου,
991 4554 1079 4608 καὶ
1109 4559 1206 4609 τοῦ
1237 4557 1464 4627 ἡμίσεος
1495 4563 1595 4624 τῆς
1643 4555 1892 4628 λαμπρᾶς

2012 4559 2222 4624 partem
2251 4556 2354 4608 365
2383 4555 2604 4609 dierum
2644 4557 2818 4610 unius
2868 4558 3024 4611 anni.
3060 4557 3202 4612 Nam
3251 4558 3470 4610 decima
3521 4571 3651 4626 pars

252 4647 338 4701 καὶ
374 4640 713 4720 φωτοειδοῦς
743 4644 956 4712 νυκτὸς,
989 4644 1189 4720 ἡμέραι
1231 4666 1473 4720 γινονται
1521 4646 1598 4707 λς’
1639 4646 1725 4699 καὶ
1761 4644 1898 4716 ἡμί-

255 4755 391 4805 σεια,
453 4733 516 4788 τὸ
583 4732 614 4783 ι’
670 4726 910 4805 ἀκριϐῶς
969 4733 1119 4787 οὖσαι
1179 4737 1287 4789 τῶν
1344 4735 1442 4804 τξε¹
1490 4739 1584 4788 τοῦ
1649 4735 1898 4788 ἐνιαυτοῦ

254 4829 501 4900 ἡμερῶν.
543 4827 661 4876 Τῶν
710 4822 810 4895 γὰρ
858 4824 1178 4896 τριακοσίων
1219 4825 1282 4879 τὸ
1341 4822 1581 4896 δέκατον,
1632 4825 1698 4879 τά
1745 4844 1895 4897 τρια-

257 4936 438 4981 κοντα,
468 4913 563 4968 καί
603 4916 711 4968 τῶν
830 4912 897 4967 τά
935 4917 998 4984 ς’,
1038 4915 1125 4968 καὶ
1163 4920 1273 4969 τῶν
1310 4919 1346 4969 ε’
1383 4916 1442 4968 τὸ
1483 4916 1677 4987 ἥμισυ,
1726 4912 1900 4970 Ἀλλά

258 5008 345 5058 καὶ
391 5000 575 5074 ’ἔτερόν
628 5021 678 5056 τι
733 5001 994 5074 μυστικὸν
1041 5002 1282 5078 ἐμφαίνει
1329 5005 1588 5080 θεώρημα
1631 5005 1658 5058 6
1687 5022 1900 5077 τριακο-

262 5095 380 5155 στὸς
407 5089 566 5152 ’ἐκτος
605 5088 768 5152 οὗτος
808 5090 1042 5163 ἀριθμός
1067 5111 1080 5124 ·
1121 5094 1384 5168 τρίγωνον
1431 5092 1534 5166 γὰρ
1575 5092 1702 5147 ὅντα
1743 5091 1897 5168 φασὶν

263 5185 312 5238 οἳ
343 5183 466 5258 περὶ
505 5184 675 5236 ταῦτα
715 5177 1109 5255 ἐσχολάκότες,
1149 5183 1236 5236 καὶ
1279 5183 1352 5242 εἰς
1395 5189 1589 5261 σχῆμα
1628 5180 1902 5256 τετραγώ-

265 5295 353 5328 νου
392 5273 478 5327 καὶ
518 5270 729 5326 κύκλου
786 5265 1154 5343 μεταϐάλλειν
1183 5315 1193 5326 .
1235 5273 1296 5328 Ὁ
1335 5274 1436 5345 γὰρ
1487 5273 1651 5344 μόνος
1691 5270 1900 5332 τέλειος

269 5362 318 5416 ἐν
363 5363 580 5434 μονάσιν
624 5359 785 5424 ἕκτος
824 5359 1080 5433 ἀριθμὸς,
1135 5362 1271 5433 πρὸς
1317 5361 1474 5416 αὐτὸν
1536 5364 1696 5423 αὐτὸς
1736 5361 1898 5416 πολυ-

266 5452 721 5526 πλασιαζόμενος,
782 5454 977 5504 τοῦτον
1027 5455 1271 5504 τοιοῦτον
1320 5452 1608 5529 ἀπογεννᾷ.
1663 5451 1756 5506 Διά
1810 5449 1902 5520 μὲν

266 5542 350 5597 οὖν
404 5547 496 5598 τοῦ
534 5543 836 5620 τριγώνου,
965 5540 1388 5614 τρισυπόστατος
1437 5541 1662 5615 θεαρχία
1713 5537 1906 5607 δηλοῦ-

258 5654 360 5703 ται,
413 5630 498 5688 διά
547 5631 604 5688 δὲ
643 5635 750 5687 τοῦ
799 5630 1166 5704 τετραγώνου,
1198 5631 1231 5698 ἠ
1265 5631 1400 5703 πρὸς
1438 5633 1604 5700 αὐτῆν
1647 5631 1779 5700 ὀρθή
1817 5627 1904 5681 πί-

257 5747 365 5791 στις
419 5725 507 5780 καὶ
569 5729 780 5799 πάγιος
818 5739 833 5750 ⁵
894 5716 1108 5792 ἑδραῖον
1168 5719 1270 5794 γὰρ
1328 5720 1416 5774 καὶ
1493 5721 1575 5775 ἀεὶ
1650 5718 1906 5778 ὡσαύτως

2007 4645 2111 4697 300
2139 4651 2223 4698 est
2254 4644 2343 4709 30,
2374 4648 2548 4714 atque
2575 4646 2714 4712 606,
2747 4650 2803 4699 et
2838 4647 2874 4699 5
2917 4645 3200 4701 semissis.
3249 4646 3397 4709 Quin
3436 4645 3552 4698 imo
3592 4649 3650 4698 et

2006 4733 2178 4788 aliam
2242 4733 2548 4803 mysticam
2613 4735 2904 4790 notionem
2965 4737 3157 4790 innuit
3205 4749 3485 4789 numerus
3533 4733 3642 4788 iste

2005 4821 2093 4876 36.
2182 4821 2612 4892 Triangularem
2698 4824 2853 4879 enim
2923 4840 3230 4880 numerum
3289 4839 3413 4878 esse
3439 4823 3644 4878 dicunt

2007 4912 2212 4968 harum
2245 4929 2432 4968 rerum
2467 4916 2651 4986 periti,
2684 4921 2739 4973 et
2767 4919 3150 4974 transmutari
3190 4917 3250 4973 iu
3295 4917 3642 4987 quadratum

2008 5007 2064 5057 et
2105 5003 2165 5057 in
2223 5003 2521 5060 circulum.
2581 5006 2722 5062 Nam
2783 5008 3066 5069 senarius,
3125 5007 3224 5079 qui
3283 5007 3445 5063 solus
3497 5008 3648 5063 inter

2009 5109 2284 5148 numeros
2325 5096 2657 5152 monadicos
2700 5097 2985 5168 perfectus
3025 5105 3130 5164 est,
3172 5097 3230 5152 in
3263 5113 3390 5152 sese
3436 5099 3648 5151 ductus

2010 5185 2272 5251 procreat
2327 5182 2546 5237 dictum
2602 5201 2907 5240 numerum
2948 5185 3034 5240 36.
3088 5187 3276 5250 Quare
3325 5201 3422 5257 per
3474 5186 3650 5240 trian-

2011 5269 2214 5340 gulum
2246 5270 2439 5324 divina
2470 5274 2719 5328 essentia
2754 5274 2860 5328 sub
2906 5273 3092 5329 tribus
3143 5275 3404 5345 personis
3452 5277 3648 5330 osten-

2012 5359 2189 5423 ditur,
2243 5375 2341 5428 per
2396 5362 2748 5431 quadratum
2791 5367 2944 5418 recta
2995 5365 3051 5418 in
3101 5364 3440 5419 Trinitatem
3500 5363 3646 5418 ﬁdes

2010 5455 2063 5504 et
2098 5448 2280 5503 firma.
2315 5448 2548 5504 Stabilis
2579 5451 2733 5504 enim
2757 5455 2845 5504 est
2873 5456 2927 5505 et
2958 5454 3158 5507 eodem
3207 5453 3377 5507 modo
3424 5467 3650 5522 semper

2014 5538 2338 5592 consistens
2354 5537 2535 5608 figura
2557 5538 2852 5609 quadrata,
2888 5541 3125 5611 paribus
3157 5542 3395 5596 laterum
3421 5540 3651 5613 angulis

2016 5623 2180 5679 fulta.
2224 5623 2484 5678 Circulus
2518 5641 2646 5678 vero
2672 5625 2886 5679 indicat
2934 5627 3211 5683 virtutum
3258 5628 3405 5682 inter
3435 5643 3496 5682 se
3538 5626 3650 5681 cir—

2016 5717 2265 5773 cularem
2326 5733 2560 5772 nexum.
2638 5717 2922 5780 Quoniam
2968 5721 3123 5776 enim
3172 5719 3291 5776 haec
3351 5721 3420 5775 ad
3471 5721 3650 5774 Deum
