4098 6332
457 350 569 412 147

1730 367 2097 428 ΜΑΤἸἮΛΕῙ
2139 367 2570 430 BLASTARIS

3720 357 3825 419 H8

453 492 768 562 pertinent,
811 495 966 550 recta
1012 493 1229 552 scilicet
1271 499 1422 554 circa
1475 501 1750 558 Deitatem
1799 502 1977 573 notio,
2037 507 2093 558 et

2205 499 2376 560 ἑστὼς
2416 501 2477 555 τὸ
2537 500 2730 574 σχῆμα
2782 501 2879 551 τοῦ
2936 497 3303 570 τετραγώνου,
3360 498 3477 554 ταῖς
3532 493 3830 564 ’ἰσομέτροις

454 582 856 637 mandatorum
925 584 1266 653 observatio,
1322 597 1516 644 monet
1563 596 1619 646 te
1666 608 1948 648 numerus
1997 594 2093 649 ille

454 672 629 724 etiam
660 670 719 725 in
749 672 863 728 fide
892 679 1105 729 sancte
1133 675 1430 732 Trinitatis
1466 678 1700 734 ﬁrmum
1732 685 1786 735 et
1819 682 2092 738 stabilem

454 773 605 823 esse,
653 764 710 813 et
747 758 1021 816 virtutum
1071 761 1356 818 circulum
1407 766 1558 822 haud
1607 769 1791 824 obiter
1839 785 2091 841 ponere:

454 862 652 902 verum
709 848 880 903 etiam
940 857 1181 921 utraque
1249 857 1532 924 tanquam
1579 858 1865 928 primitias
1923 859 2094 914 totius

457 935 595 989 anni
630 936 743 990 Deo
790 937 1014 1006 offerre,
1069 943 1386 1009 praesertim
1437 949 1694 1016 tempore
1735 947 1948 1018 jejunii
1980 946 2092 1002 Ho-

455 1022 560 1078 stis
591 1024 768 1095 igitur
795 1029 852 1080 et
879 1027 1240 1084 adversarius
1271 1031 1367 1102 qui
1401 1032 1645 1089 salutem
1686 1035 1916 1090 caelitus
1955 1053 2096 1092 con-

457 1127 679 1167 cessam
714 1114 880 1170 nobis
921 1117 1156 1183 invidet,
1207 1119 1413 1175 videns
1446 1139 1551 1178 nos
1595 1122 1773 1193 pluris
1822 1125 2096 1180 facientes

457 1201 750 1269 virtutem,
783 1221 957 1275 quam
991 1205 1156 1262 valde
1205 1211 1391 1264 varias
1449 1213 1572 1266 vitii
1621 1215 1866 1282 species,
1911 1220 1966 1268 et
2009 1214 2097 1268 in-

456 1294 778 1346 strumenta
836 1294 1021 1362 ipsius
1088 1312 1215 1367 qua;
1268 1299 1326 1352 in
1377 1299 1544 1356 nobis
1601 1305 1756 1369 sunt,
1814 1306 2094 1375 tanquam

455 1379 667 1435 animae
711 1386 928 1450 pestem
965 1385 1174 1453 ejicere
1216 1393 1516 1457 conantes,
1569 1407 1733 1446 arma
1790 1393 2094 1447 adversum

458 1483 565 1523 nos
594 1471 778 1524 sumit
807 1488 939 1527 cum
966 1473 1236 1530 insolenti
1273 1479 1707 1549 praeparatione,
1739 1487 1792 1535 et
1818 1487 2096 1550 tanquam

457 1555 775 1614 defectores
797 1562 1072 1619 reducere
1101 1567 1307 1629 tentat,
1337 1570 1394 1622 et
1434 1570 1601 1637 quasi
1647 1568 1918 1640 fugitivos
1967 1585 2098 1638 per-

455 1647 702 1702 suadere
731 1650 894 1721 cupit
916 1659 976 1706 ut
1004 1651 1112 1722 ipsi
1133 1670 1236 1709 nos
1257 1653 1416 1710 239
1449 1657 1890 1726 submittamns,
1924 1664 2098 1728 atque

458 1736 616 1791 frena
634 1755 749 1794 non
780 1741 1164 1808 excutiamus,
1197 1761 1386 1815 neque
1417 1748 1607 1816 pravis
1637 1749 1902 1803 moribus
1932 1749 2099 1803 abre-

460 1827 820 1896 nuntiemus,
860 1832 958 1885 sed
1017 1834 1267 1889 assuetis
1313 1835 1609 1892 affectibus
1666 1837 2094 1909 indulgeamus.
2132 1856 2175 1920 Β

459 1915 615 1971 Solet
646 1917 798 1970 enim
825 1923 884 1972 ut
903 1919 1222 1989 plurimum
1241 1922 1478 1994 iniquus
1501 1925 1596 1981 ille
1616 1942 1716 1982 eos
1736 1927 1886 1996 quia
1909 1927 2096 1996 passio

460 2005 635 2061 nibu
657 2005 884 2084 liberari
899 2024 1126 2065 summo
1149 2028 1279 2083 pere
1294 2015 1556 2081 student,
1571 2015 1819 2071 ferocius
1837 2015 2091 2087 aggredi,

456 2101 510 2149 et
538 2093 1018 2154 vehementiorem
1051 2101 1362 2157 affectuum
1416 2103 1710 2159 ﬂammam
1762 2107 2096 2171 accendere,

455 2182 709 2254 seipsum
775 2196 974 2243 contra
1028 2205 1126 2244 eos
1191 2192 1325 2246 totis
1389 2192 1610 2249 viribus
1657 2210 1980 2265 opponens,
2035 2198 2097 2250 ut

455 2271 659 2328 animai
692 2273 1092 2332 fortitudinem
1130 2280 1511 2336 tentationum
1563 2281 1816 2338 volentia
1864 2283 2090 2348 vincat;

455 2362 607 2431 quod
640 2368 695 2416 et
725 2361 876 2419 Deus
899 2365 1018 2420 fieri
1063 2368 1364 2438 permittit,
1401 2375 1465 2424 ut
1514 2370 1678 2440 probi
1710 2372 1850 2424 ﬁant
1907 2371 2096 2425 mani-

454 2449 604 2516 festi,
667 2455 725 2506 et
805 2451 1156 2511 fortissimos
1204 2457 1332 2528 ipsa
1403 2458 1732 2514 colluctatio
1802 2459 2094 2525 ostendat,

453 2542 628 2609 atque
653 2539 826 2595 etiam
863 2542 1108 2599 humiles
1139 2561 1245 2600 nos
1281 2562 1479 2617 gerere
1533 2548 1852 2616 discamus,
1903 2563 2092 2618 neque

453 2627 512 2680 in
555 2627 841 2686 nobismet
889 2631 1160 2690 ﬁduciam
1199 2651 1430 2704 ponere,
1491 2636 1826 2708 malumque
1861 2637 2094 2708 penitus

451 2731 799 2788 aversemur,
857 2722 1089 2790 quando
1147 2722 1314 2792 plane
1373 2733 1724 2796 compertam
1773 2725 2091 2781 habeamus

452 2809 718 2861 naturam
747 2809 872 2877 ejus
912 2810 1294 2878 perniciosam
1326 2819 1383 2868 et
1429 2814 1688 2868 fallacem
1720 2820 1777 2869 et
1817 2816 2098 2886 impetuc-

452 2911 599 2950 sam.
634 2897 726 2950 Est
747 2901 938 2952 autem
972 2899 1197 2972 insigne
1245 2903 1628 2973 malignitatis
1669 2903 1850 2974 iniqui
1895 2920 2095 2958 exem-

455 2983 613 3053 plum
647 2985 819 3041 etiam
836 2986 1057 3042 Pharao
1080 2989 1199 3055 ille,
1224 2991 1472 3061 quiolim
1495 2992 1763 3047 Israelem
1792 2993 2093 3046 subditum

453 3073 671 3139 tenuit;
755 3073 864 3129 iste
930 3078 1086 3130 enim
1174 3077 1446 3133 Israelem
1526 3097 1692 3135 suam
1757 3081 2096 3135 diuturnam

452 3163 785 3220 servitutem
805 3181 954 3236 egre
989 3165 1352 3234 tolerantem,
1386 3175 1444 3224 et
1483 3170 1717 3226 liberari
1748 3172 2095 3240 cupientem,

452 3269 518 3307 eo
600 3253 964 3323 gravioribus
1020 3255 1309 3312 laboribus
1365 3259 1590 3326 afﬂixit,
1676 3265 1732 3315 et
1816 3259 2094 3315 lateribus

452 3341 724 3410 parandis
753 3342 1059 3398 incurvum
1111 3346 1243 3400 fecit
1291 3347 1603 3416 imaginem
1637 3348 1900 3418 pra-ferre
1921 3349 2097 3403 servi-

453 3429 593 3484 tutis
643 3430 943 3486 Satanicsa.
989 3433 1057 3487 Et
1099 3434 1206 3488 iste
1264 3436 1478 3506 pariter
1532 3453 1635 3492 nos
1681 3437 1741 3492 in
1791 3441 2000 3492 terram
2041 3442 2098 3492 et

454 3523 685 3576 terrena
748 3521 971 3578 inhiare
1037 3525 1210 3596 cogit,
1270 3531 1326 3581 et
1391 3531 1578 3581 totum
1638 3529 1900 3583 animum
1968 3527 2096 3582 istis

453 3609 790 3682 adjungere,
823 3625 957 3667 cum
1007 3612 1281 3668 omnibus
1313 3631 1430 3671 una
1472 3616 1742 3672 sensibus
1775 3630 1886 3672 tam
1919 3625 2096 3672 exter-

455 3697 545 3751 nis
577 3713 746 3767 quam
781 3699 1045 3769 internis,
1079 3707 1135 3756 et
1175 3705 1243 3758 ad
1286 3721 1376 3758 res
1427 3704 1794 3762 insensibiles
1854 3705 2096 3761 minime

454 3801 587 3839 eum
611 3786 848 3857 erigere.
894 3788 1114 3845 Pharao
1163 3792 1396 3862 quidem
1440 3795 1807 3850 tributariam
1857 3796 1968 3850 sibi
2027 3811 2095 3849 ac

455 3874 774 3943 subjectam
808 3876 1012 3932 habuit
1039 3879 1370 3952 Egyptum,
1402 3900 1528 3953 quas
1574 3884 1975 3956 interpretanti
2005 3887 2096 3938 est

457 3963 740 4022 tenebris:
775 3965 852 4020 ita
883 3972 939 4022 et
970 3966 1062 4023 hic
1093 3969 1571 4026 intellectualium
1599 3974 1865 4044 princeps
1894 3972 2090 4044 appel-

454 4050 604 4106 latur
657 4055 1048 4110 tenebrarum.
1093 4057 1181 4112 Illi
1238 4076 1389 4115 curae
1437 4065 1561 4116 erat
1609 4061 1761 4116 filios
1807 4061 2096 4117 masculos

455 4141 712 4210 perdere,
775 4153 830 4198 et
904 4144 1039 4201 huic
1095 4149 1266 4203 etiam
1341 4151 1592 4219 potiores
1649 4151 2026 4220 cogitationes
2078 4167 2090 4203 :

453 4245 629 4298 quare
659 4235 716 4286 et
741 4231 856 4287 Rex
899 4240 1094 4289 noster
1145 4236 1428 4304 Christus,
1487 4238 1583 4293 ubi
1626 4255 1732 4294 nos
1779 4239 1972 4294 erudit
2021 4240 2089 4293 ad

452 4318 671 4374 bellum
703 4336 836 4375 cum
860 4337 925 4376 eo
955 4325 1295 4394 gerendum,
1328 4331 1384 4381 et
1410 4329 1776 4383 concertandi
1811 4329 2092 4384 rationem

454 4409 601 4463 bene
629 4409 906 4481 disponit,
941 4413 1168 4483 jejunio
1220 4431 1323 4470 nos
1372 4423 1562 4471 armat
1591 4423 1648 4471 et
1701 4417 1980 4483 oratione,
2039 4421 2096 4470 et

453 4499 645 4554 cordis
730 4503 1191 4570 compunctione.
1269 4505 1414 4560 Nam
1490 4505 1729 4561 istorum
1807 4507 2098 4561 contraria

2203 589 2428 667 γωνίαις
2473 593 2578 644 τῶν
2624 586 2874 660 πλετρῶν
2923 582 3301 659 ἐρειδόμενον·
3336 583 3363 636 ὁ
3395 579 3451 636 δὲ
3494 579 3692 642 κύκλος
3731 584 3831 667 τῶν

2203 666 2405 752 ἀρετῶν
2447 675 2697 751 ἐμφαίνει
2755 675 2853 740 τήν
2907 673 3044 748 πρὸς
3101 672 3294 734 ἑαυτὰς
3349 670 3614 736 κυκλικὴν
3655 666 3834 741 περίο-

2203 763 2316 824 δον.
2382 761 2603 833 Ἐπειδή
2661 764 2762 837 γὰρ
2811 765 2978 816 ταῦτα
3025 764 3369 836 προσοικειοῖ
3415 763 3496 830 τῷ
3545 755 3681 828 Θεῷ,
3719 758 3752 826 ἢ
3784 776 3836 810 τε

2203 855 2334 930 ὀρθὴ
2369 853 2489 926 περὶ
2520 853 2582 908 τὸ
2613 857 2766 908 Θεῐον
2804 849 3106 922 ὑπόληψις,
3133 850 3221 904 καὶ
3255 852 3289 918 h
3321 852 3427 902 τῶν
3473 845 3707 902 ἐντολῶν
3737 847 3836 914 τή-

2203 965 2380 1018 ρησις,
2422 940 2660 997 διδάσκει
2714 962 2772 995 σε
2817 942 2844 994 ὁ
2898 939 3132 1014 ἀριθμὸς
3180 939 3270 992 καὶ
3319 936 3370 991 ἐν
3418 940 3486 1009 τῇ
3529 935 3704 990 πίστει
3741 937 3835 1002 τῆς

2204 1035 2360 1107 ἁγίας
2396 1029 2620 1106 Τριάδος
2660 1027 2872 1105 ἑδραῖον
2915 1029 3050 1082 εἶναι
3095 1028 3185 1081 καὶ
3226 1027 3579 1100 ἀμετάθετον,
3615 1024 3706 1078 καὶ
3743 1025 3835 1076 τὸν

2202 1121 2404 1176 κύκλον
2450 1123 2558 1175 τῶν
2609 1121 2814 1192 ἂρετῶν
2867 1119 2943 1190 μή
3012 1114 3065 1170 ἐν
3119 1116 3373 1189 παρέργῳ
3429 1115 3654 1181 τιθέναι,
3697 1109 3836 1166 ἀλλᾶ

2202 1211 2290 1265 καὶ
2332 1210 2612 1285 ἀμφότερα
2653 1207 2726 1269 ὡς
2767 1206 3027 1282 ἀπαρχὴν
3065 1209 3161 1258 τοῦ
3210 1202 3345 1258 ὅλου
3387 1201 3629 1257 ἐνιαυτοῦ
3674 1208 3838 1273 πρὸσ-

2203 1297 2448 1372 κομίζειν
2499 1301 2637 1367 Θεῷ,
2683 1294 2734 1350 ἐν
2786 1299 2866 1366 τῷ
2918 1300 3017 1362 τῆς
3061 1292 3308 1363 νηστείας
3367 1292 3606 1364 μάλιστα
3651 1309 3837 1363 καιρῳ.

2203 1389 2260 1442 Ὀ
2317 1386 2499 1440 τοίνυν
2558 1387 2657 1454 τῆς
2718 1383 2988 1456 σωτηρίας
3054 1385 3212 1453 ἡμῶν
3275 1378 3476 1435 ἄνωθεν
3542 1377 3838 1453 βασκαίνων

2205 1477 2398 1552 ἐχθρὸς
2437 1475 2528 1528 καὶ
2569 1471 2868 1545 πολέμιος,
2910 1472 3049 1545 ὁρῶν
3087 1473 3237 1544 ἡμᾶς
3282 1469 3406 1542 περῖ
3444 1467 3697 1528 πλείονος
3743 1468 3837 1534 τὴν

2207 1566 2400 1639 ἀρετὴν
2446 1562 2830 1636 ποιουμένους,
2899 1567 3006 1616 τῶν
3057 1567 3157 1628 τῆς
3222 1557 3410 1620 κακίας
3459 1556 3619 1612 εῗδῶν
3682 1553 3841 1610 ὄντων

2205 1653 2502 1721 πλειόνων,
2560 1651 2651 1706 καὶ
2693 1650 2761 1706 τὰ
2807 1651 2862 1705 ἐν
2907 1652 3043 1723 ἡμῖν
3093 1649 3264 1704 αὐτοῦ
3314 1647 3476 1715 σκεύη
3539 1647 3612 1707 ὡς
3662 1645 3839 1717 λύμην

2207 1747 2395 1820 ψυχῆς
2452 1740 2702 1816 ἄντικρυς
2783 1736 3070 1796 ἐκϐάλλειν
3134 1736 3522 1814 διεγερθέντας,
3578 1736 3647 1789 τὰ
3702 1733 3841 1788 ὅπλα

2205 1833 2324 1886 καθ’
2372 1833 2534 1904 ἡμῶν
2585 1828 2727 1904 α’ίρει
2777 1830 2888 1902 μεθ’
2942 1828 3286 1903 ὑπερηφάνου
3339 1830 3708 1899 παρασκευῆς,
3755 1821 3840 1876 καὶ

2204 1924 2294 1976 οἶα
2349 1919 2590 1997 φυγάδας
2656 1919 2942 1995 ἐπαναγειν
3014 1923 3284 1992 πειρᾶται,
3351 1916 3440 1970 καὶ
3499 1915 3573 1976 ὡς
3645 1911 3834 1988 δραπε-

2201 2011 2462 2067 τευόντων
2540 2006 3019 2083 ἀντιλαμϐάνεται,
3089 2007 3324 2063 ὑπείκειν
3392 2004 3538 2077 αὐτῷ
3604 2003 3838 2060 κελεύων

2202 2101 2290 2156 καὶ
2355 2103 2429 2175 μὴ
2480 2101 2735 2178 ἆφηνιᾷν,
2799 2095 2940 2172 μηδέ
2987 2104 3106 2159 ταῖς
3153 2103 3414 2174 πονηραῖς
3460 2099 3844 2154 ἀπότάττεσθαι

2204 2188 2536 2258 συνηθείαις,
2576 2185 2724 2242 ἀλλὰ
2760 2191 2876 2248 τοῖς
2917 2185 3163 2241 εἴωθόσιν
3203 2183 3656 2262 ἐγκαλινδοῦσθαι
3687 2187 3846 2240 πάθε-

2203 2298 2310 2334 σεν.
2354 2277 2518 2332 Φιλεῖ
2546 2277 2650 2351 γὰρ
2699 2276 2776 2337 ὡς
2832 2274 3026 2329 ἐπίπαν
3077 2276 3104 2328 ὁ
3154 2277 3418 2349 πονηρὸς,
3465 2281 3582 2336 τοῖς
3634 2276 3845 2349 ἐπειγο-

2207 2365 2386 2438 μένοις
2422 2372 2530 2420 τῶν
2571 2367 2756 2420 παθῶν
2803 2363 3250 2438 ἐλευθερωθῆναι,
3305 2366 3672 2440 μανικώτερον
3727 2364 3846 2420 ἐπι-

2201 2451 2460 2522 τίθεσθαι,
2521 2452 2609 2506 καὶ
2667 2447 3030 2530 σφοδροτέραν
3087 2455 3194 2505 τῶν
3270 2452 3454 2504 παθῶν
3521 2451 3842 2507 ὑπανάπτειν

2200 2541 2298 2606 τήν
2345 2538 2544 2618 φλόγα,
2587 2539 2773 2594 ὲαοτὸν
2815 2543 2931 2600 τοῖς
2973 2535 3129 2599 ὅλοις
3168 2537 3478 2605 ἀντιτιθεὶς,
3521 2536 3614 2592 ’ίνα
3666 2542 3846 2612 ψυχῆς

2202 2626 2421 2703 ἀνδρίαν
2481 2630 2799 2701 πειρασμῶν
2875 2628 3123 2701 κρατήσῃ
3199 2626 3502 2700 περιοοσίᾳ,
3557 2631 3659 2682 τοῦ
3716 2630 3846 2682 Θεοῦ

2201 2721 2361 2772 τοῦτο
2395 2720 2834 2791 συγχωροῦντος,
2867 2713 3016 2775 ὅπως
3049 2717 3101 2769 o't
3133 2713 3354 2788 δόκιμοι
3399 2716 3617 2791 φανεροὶ
3655 2715 3846 2793 γένων-

2200 2826 2311 2871 ται,
2363 2805 2452 2858 καί
2515 2803 2660 2877 δείξῃ
2701 2805 2828 2864 τοὺς
2887 2803 3139 2878 ἀρίστους
3170 2807 3204 2872 ἡ
3237 2804 3411 2874 πάλη,
3455 2805 3546 2858 καὶ
3593 2825 3843 2860 ταπεινο-

2204 2899 2418 2970 φρονεῖν
2471 2891 2841 2966 διδαχθῶμεν,
2897 2893 2987 2946 καὶ
3047 2895 3182 2964 ἡμῖν
3238 2893 3421 2954 αὐτοῖς
3474 2895 3550 2963 μὴ
3606 2893 3849 2969 θαρῥεῖν,

2204 2984 2292 3038 καὶ
2351 2984 2449 3051 τήν
2516 2983 2708 3036 κακίαν
2775 2981 2979 3042 τελέως
3053 2983 3398 3054 μισήσωμεν,
3465 2982 3846 3058 ἐναργέστερον

2203 3071 2556 3147 καταγνόντες
2593 3071 2761 3135 αὐτῆς
2817 3072 2878 3125 τὸ
2933 3072 3153 3146 φονικὸν
3217 3073 3359 3144 ὁμοῦ
3417 3073 3506 3126 καὶ
3563 3072 3850 3143 ἀπατηλὸν

2205 3165 2294 3216 καὶ
2345 3160 2645 3234 ἐξάγιοτον.
2689 3161 2955 3236 Ἐναργής
2997 3157 3053 3214 δὲ
3091 3167 3190 3230 τῆς
3226 3165 3324 3215 τοῦ
3364 3166 3611 3234 πονηροῦ
3654 3163 3846 3217 σκαιό-

2126 3232 2168 3298 C
2205 3269 2372 3318 τητος
2433 3232 2616 3316 εἰκὼν,
2668 3247 2757 3301 καὶ
2804 3248 2831 3301 ὁ
2886 3246 3058 3302 πάλαι
3102 3249 3194 3302 τὸν
3245 3248 3468 3319 Ἰσραὴλ
3529 3250 3852 3325 ὑποχείριον

2204 3337 2459 3412 ἐσχηκὼς
2493 3339 2696 3411 Φαραώ
2721 3356 2734 3368 ·
2786 3341 2981 3392 τοῦτον
3011 3338 3113 3411 γὰρ
3163 3339 3409 3400 κάκεῖνος
3439 3340 3844 3412 παραπλησίως

2202 3433 2270 3501 τῇ
2303 3429 2516 3502 χρονίῳ
2549 3425 2952 3502 δυσχεράναντα
2983 3425 3226 3499 δουλείᾳ,
3267 3430 3354 3484 καὶ
3394 3431 3494 3498 τὴν
3537 3427 3844 3504 ἐλευθερίαν

2204 3523 2476 3574 ποθοῦντα
2531 3524 2648 3580 τοῖς
2706 3517 3119 3593 χαλεπωτέροις
3175 3525 3281 3573 τῶν
3336 3515 3506 3594 ἔργων
3551 3525 3846 3591 τηνικαῦτα

2208 3606 2420 3681 μᾶλλον
2467 3602 2728 3677 ἐξέθλιϐε,
2787 3608 2877 3662 καὶ
2924 3612 2994 3681 τῇ
3043 3607 3404 3682 πλινθουργίᾳ
3451 3611 3847 3686 συγκεκυφότα,

2201 3699 2262 3753 τὸ
2296 3705 2396 3766 τῆς
2439 3695 2687 3758 δουλείας
2736 3696 2958 3751 είσάπαν
2996 3696 3360 3771 παρεσκεύαζε
3401 3703 3595 3772 σχῆμα
3636 3697 3844 3756 δεικνύ-

2201 3807 2308 3843 ναι.
2342 3791 2429 3848 Ὠς
2464 3784 2522 3841 δὲ
2551 3786 2642 3840 καὶ
2676 3784 2833 3846 οὕτος
2864 3786 3001 3861 πρὸς
3030 3787 3129 3856 τὴν
3160 3787 3258 3860 γήν
3293 3788 3440 3861 ἡμᾶς
3479 3787 3568 3842 καὶ
3598 3789 3668 3844 τὰ
3716 3790 3841 3864 γήίς

2201 3894 2263 3928 να
2311 3876 2541 3928 συνωθεῖ
2592 3872 2904 3946 κεχηνέναι,
2953 3872 3042 3927 καὶ
3093 3873 3311 3936 τούτοις
3361 3873 3489 3930 ὅλον
3549 3876 3844 3951 προσέχειν

2199 3963 2290 4017 τὸν
2323 3967 2470 4033 νοῦν,
2513 3961 2606 4016 σὺν
2647 3963 2842 4024 πάσαις
2883 3963 3024 4035 ὁμοῦ
3057 3968 3176 4025 ταῖς
3210 3963 3513 4037 ὁρωμέναις
3559 3966 3652 4021 καὶ
3690 3987 3844 4022 vocu-

2207 4052 2392 4124 μέναισ
2433 4049 2738 4121 αῒσθήσεσι,
2776 4050 2868 4105 καὶ
2908 4053 3043 4125 πρὸς
3092 4052 3159 4106 τὰ
3209 4052 3340 4122 ὑπὲρ
3390 4052 3643 4124 α’ίσθησιν
3698 4054 3846 4116 ὅλως

2206 4143 2280 4211 μὴ
2327 4141 2618 4212 ἀνανεύειν,
2676 4139 2949 4216 ὁπόφορον
2997 4141 3196 4203 ἐκεῖνος
3247 4143 3361 4216 εἶχε
3398 4143 3496 4210 τήν
3550 4142 3848 4218 Α’ίγυπτον,

2203 4230 2325 4299 ἥτις
2367 4229 2718 4303 ἑρμηνεύεται
2761 4232 2951 4292 σκότος
2976 4248 2989 4262 ⁵
3029 4231 3214 4307 ἄρχων
3255 4233 3344 4287 καὶ
3384 4234 3541 4294 οὗτος
3577 4239 3676 4289 τοῦ
3715 4257 3850 4304 νοη-

2203 4324 2300 4373 τοῦ
2352 4320 2791 4394 προσηγόρευται
2837 4321 3088 4388 σκότους,
3137 4320 3324 4394 ἐκείνῳ
3373 4319 3462 4376 διὰ
3502 4321 3743 4392 σπουδῆς
3785 4325 3848 4392 ἦν

2205 4412 2310 4462 τῶν
2362 4406 2571 4462 παίδων
2623 4407 2856 4484 φθείρειν
2893 4409 2958 4463 τὰ
3001 4408 3215 4483 ἄρῥενα,
3255 4410 3345 4464 καὶ
3383 4411 3565 4484 τούτῳ
3602 4411 3730 4474 τοὺς
3775 4411 3853 4488 έῤ-

2206 4495 2485 4569 ῥωμένους
2539 4501 2645 4551 τῶν
2691 4496 2994 4571 λογισμῶν.
3048 4499 3223 4572 Ταύτῃ
3274 4520 3360 4554 τοι
3408 4501 3559 4554 καὶὸ
3593 4500 3850 4574 βασιλεὺς

452 4590 760 4644 accendere
808 4589 1000 4645 solent
1054 4592 1385 4648 daemonum
1447 4596 1664 4651 rabiem
1727 4613 1840 4651 non
1900 4596 2094 4650 minus

2205 4587 2364 4658 ἡμῶν
2395 4588 2648 4659 Χριστὸς,
2679 4587 2769 4641 τὸν
2814 4587 2951 4656 πρὸς
2989 4588 3147 4644 αὐτὸν
3185 4587 3431 4662 πόλεμον
3470 4593 3617 4662 ἡμᾶς
3658 4589 3853 4645 ἐκπαι-

453 4670 631 4747 quam
651 4678 846 4735 oleosa
873 4680 1106 4750 ignem;
1139 4692 1195 4738 et
1224 4685 1305 4739 sic
1337 4685 1433 4740 ille
1465 4702 1568 4740 nos
1603 4686 1771 4756 jubet
1821 4687 2096 4740 adversus

455 4767 648 4823 hostes
679 4771 1046 4839 contendere,
1077 4773 1177 4843 qui
1237 4774 1357 4844 ipse
1415 4786 1499 4830 est
1532 4776 1674 4841 dux,
1720 4783 1779 4830 et
1826 4777 2098 4829 defensor

454 4861 783 4928 protegens,
817 4865 873 4914 et
906 4876 1037 4915 cum
1086 4861 1443 4918 [uolantibus
1468 4881 1583 4919 una
1621 4881 1911 4935 pugnans,
1973 4865 2096 4933 ipse

453 4944 707 5008 vincens,
733 4953 790 5002 et
820 4951 1127 5004 Praemium
1153 4957 1344 5006 tamen
1379 4951 1545 5006 nobis
1595 4955 1834 5008 donans.
1868 4954 2097 5017 Quanta

454 5041 544 5090 est
577 5037 932 5106 judiciorum
993 5047 1226 5094 tuorum
1278 5041 1518 5112 abyssus
1560 5059 1793 5098 omnem
1844 5042 2093 5098 admira-

455 5125 668 5180 tionem
694 5135 953 5182 nostram
986 5145 1287 5199 superans,
1323 5131 1566 5185 Domine
1621 5131 1894 5186 Creatori
1936 5131 2097 5185 Sicut

454 5217 632 5281 igitur
681 5216 894 5272 milites
951 5219 1102 5274 diem
1161 5220 1474 5290 praeliando
1532 5220 1910 5286 insumentes,
1945 5220 2098 5274 circa

455 5318 750 5372 vesperam
802 5304 1046 5375 dispersi
1109 5307 1305 5362 cibum
1358 5315 1641 5376 quierunt,
1702 5313 1972 5377 parantes
2029 5323 2097 5362 ex

455 5391 654 5463 spoliis
711 5393 1157 5449 tumultuariam
1232 5412 1491 5451 mensam
1557 5413 1626 5452 ne
1693 5398 1839 5451 vires
1896 5410 2093 5450 eorum

457 5483 692 5554 ponitus
752 5481 1042 5552 deficiant,
1111 5486 1383 5555 quoniam
1480 5489 1782 5556 postmodo
1851 5485 2094 5540 alterum

457 5572 736 5640 impetum
776 5570 835 5624 in
878 5571 1158 5628 Barbaros
1191 5575 1374 5630 facere
1405 5577 1642 5644 cupiunt
1684 5593 1697 5630 :
1741 5591 1874 5630 nam
1929 5573 2098 5629 boves

458 5660 626 5732 genio
657 5660 999 5722 sacriﬁcare.
1031 5666 1088 5717 et
1109 5679 1172 5717 se
1201 5666 1468 5734 saginare
1501 5664 1714 5720 milites
1758 5681 1873 5721 non
1915 5664 2096 5732 decet,

2208 4672 2397 4742 δεύων,
2445 4674 2533 4728 καὶ
2573 4675 2670 4741 τήν
2715 4676 2948 4750 ἀγωνίαν
3003 4673 3060 4729 εὖ
3111 4674 3260 4749 μάλα
3313 4674 3701 4750 διατιθέμενος,
3753 4699 3850 4748 νη-

2207 4762 2354 4834 στείᾳ
2390 4763 2709 4832 καθοπλίζει
2750 4766 2840 4818 καὶ
2889 4769 3199 4840 προσευχῇ,
3239 4767 3329 4820 καὶ
3378 4766 3659 4840 κατανύξει
3707 4787 3852 4842 καρ-

2207 4851 2323 4912 δίας
2356 4853 2443 4925 (τὰ
2474 4854 2575 4929 γάρ
2609 4852 2816 4909 ἐναντία
2854 4853 3058 4908 τούτων
3101 4855 3342 4924 ἐξάπτειν
3381 4857 3498 4910 καθ’
3539 4858 3702 4927 ἡμῶν
3745 4859 3846 4927 τὴν

2203 4947 2310 4995 τῶν
2351 4940 2624 5014 δαιμόνων
2658 4944 2860 5021 πέφυκε
2900 4941 3120 5014 λύτταν,
3152 4944 3262 5018 οὐχ
3297 4947 3460 5014 ἧττον
3498 4942 3526 5013 ἤ
3561 4946 3627 5000 ui
3655 4944 3847 5001 ἐλαιώ-

2207 5033 2272 5101 δη
2322 5032 2384 5086 τὸ
2433 5036 2582 5106 πῦρ),
2626 5033 2716 5087 καὶ
2760 5033 2903 5088 οὕτω
2941 5039 3057 5097 τοῖς
3102 5033 3394 5108 πολεμίοις
3437 5035 3605 5109 ὁμόσε
3644 5042 3849 5111 χωρεῖν

2204 5121 2500 5195 ἐπιτρέπει,
2577 5121 2734 5186 αὐτὸς
2811 5128 3158 5199 στρατηγῶν,
3247 5125 3410 5186 αὐτὸς
3492 5125 3849 5200 ὑπερμαχῶν,

2206 5210 2575 5284 προασπίζων,
2635 5211 3031 5286 προπολεμῶν,
3101 5213 3226 5274 τοὺς
3293 5213 3621 5275 ἀντιπάλους
3687 5214 3852 5276 αὐτὸς

2204 5304 2392 5368 νικῶν,
2444 5300 2530 5354 καὶ
2571 5301 2632 5354 τὸ
2686 5297 2937 5376 βραϐεῖον
2979 5305 3112 5376 ἡμῖν
3167 5304 3547 5377 χαριζόμενος.
3599 5302 3703 5361 Οἵα
3753 5325 3850 5357 σου

2204 5394 2312 5444 τῶν
2368 5388 2652 5460 χριμάτων
2713 5393 2746 5458 h
2799 5386 3071 5453 ἄϐυσσοςί
3137 5391 3397 5464 μειζόνων
3537 5394 3655 5448 καθ’
3700 5395 3850 5464 ἡμᾶς

2207 5477 2476 5550 θαυμάσαι
2543 5479 2895 5553 πραγμάτιον,
2965 5477 3268 5555 δημιουργέ
3348 5482 3534 5554 Κύριε.
3603 5482 3849 5554 Καθάπερ

2209 5567 2299 5622 οῦν
2334 5570 2384 5623 οἱ
2414 5575 2760 5641 στρατιῶται,
2808 5569 3223 5646 διημερεύοντες
3266 5573 3318 5628 ἐν
3349 5579 3416 5647 τῇ
3460 5574 3639 5647 μάχῃ,
3681 5570 3848 5644 μόλις

2209 5658 2343 5733 πρὸς
2401 5656 2626 5732 ἑσπέραν
2671 5657 3028 5736 διακριθέντες
3078 5667 3283 5740 τροφῆς
3337 5661 3662 5736 μέμνηνται,
3713 5663 3851 5735 σχέ-
