4098 6332
277 379 387 440 149

1313 391 1747 453 SYNTAGMA
1791 393 2425 458 ALPHABETICUM.
2473 427 2548 436 —
2589 393 2662 452 T.

3571 390 3689 450 I50

271 510 383 567 διον
435 513 486 583 ἐξ
547 514 744 569 ἑώλων
808 517 1115 591 βρωμάτων
1176 518 1584 594 ααρατιθέμενοι
1631 524 1898 597 τράπεζαν

2039 531 2193 604 quod
2224 528 2485 586 solemne
2549 524 2631 580 eis
2660 524 2758 594 qui
2810 539 2879 578 ex
2920 523 3211 593 voluptate
3256 523 3557 588 feriantur,
3607 525 3691 578 ita

265 605 404 677 πρὸς
434 605 498 658 τὸ
536 607 615 677 μὴ
666 608 975 661 παντάπασι
1024 607 1117 670 τὰς
1166 609 1342 665 αὐτῶν
1382 611 1723 683 ἐξασθενῆσαι
1766 614 1920 670 δυνά-

270 714 416 764 μεις,
448 693 581 778 ἐπεὶ,
616 696 707 749 καὶ
743 694 1043 766 μέλλουσιν
1093 698 1246 760 αὗθις
1276 707 1375 769 τῆς
1423 701 1702 775 ὑστεραίας
1753 706 1921 778 ὁμόσε

259 787 382 842 τοῖς
446 777 746 856 βαρϐάροις
812 784 942 838 ἰέναι
996 787 1303 860 (βουθυτεῖν
1360 791 1460 865 γὰρ
1521 792 1556 860 ἢ
1611 777 1919 868 σφαγιάζειν

256 876 383 934 τοῖς
435 870 778 945 πολεμοῦσιν
830 871 929 929 οὒκ
984 874 1203 944 ἔξεστιν,
1254 876 1384 951 ὅπερ
1443 886 1557 942 τοῖς
1608 881 1690 937 ἔπ’
1737 882 1916 947 ἁδείας

256 962 735 1037 πανηγυρίζουσιν
790 961 975 1036 ’ίδιον),
1036 965 1178 1022 οὕτω
1235 970 1326 1023 καὶ
1383 973 1546 1042 ἡμεῖς
1611 975 1672 1026 τὸ
1729 975 1912 1029 καινὸν

254 1053 425 1123 ἡμῶν
457 1052 684 1128 σφάγιον
733 1051 954 1118 θύοντες
1002 1051 1272 1112 σαϐϐάτου
1320 1061 1410 1114 καὶ
1459 1070 1740 1134 κυριακῆς,
1792 1065 1915 1134 ἡνί-

251 1164 326 1196 κα
359 1147 456 1196 τοῦ
495 1145 653 1197 τόνου
698 1150 799 1212 τῆς
827 1145 1046 1215 πολλῆς
1097 1146 1467 1223 ὑποχαλῶμεν
1514 1153 1812 1223 ἀσκήσεως,
1863 1156 1913 1225 ἐξ

251 1230 485 1284 ἐκείνων
527 1236 636 1286 τῶν
689 1231 1105 1306 προτεθυμένων
1157 1237 1248 1290 καὶ
1305 1242 1753 1315 προηγιασμένων
1813 1265 1915 1316 με-

248 1317 457 1391 ρίδων,
504 1320 626 1375 ὅσον
677 1321 888 1396 άποζῇν
938 1325 1074 1396 πρὸς
1121 1323 1342 1400 ἑσπέραν
1393 1331 1706 1403 σιτούμεθα,
1757 1334 1914 1405 νόμῳ

246 1411 605 1464 πενθούντων
636 1412 727 1465 καὶ
772 1414 1164 1484 πολεμούντων
1219 1417 1360 1488 ὁμοῦ
1393 1437 1404 1450 ·
1463 1417 1676 1490 μὰλλόν
1706 1443 1768 1498 γε
1802 1423 1910 1495 μὴν

243 1504 368 1554 τῶν
428 1499 600 1574 ἁγίων
659 1499 876 1555 ἐκείνων
935 1501 1440 1577 μεταλαμϐάνοντες
1501 1514 1733 1581 σαρκῶν,
1789 1533 1910 1567 νευ-

247 1589 524 1660 ρούμεθα,
558 1590 694 1662 πρὸς
741 1591 804 1644 τὸ
853 1597 968 1653 τοῖς
1015 1591 1237 1667 ἐχθροῖς
1284 1593 1434 1658 αὖθις
1475 1597 1550 1660 εἰς
1599 1605 1788 1674 χεῖρας
1817 1598 1915 1676 έρ-

2034 627 2092 677 et
2121 635 2228 675 nos
2259 631 2472 672 novum
2500 621 2765 670 nostrum
2799 611 3153 667 sacriﬁcium
3188 615 3505 668 mactantes
3534 611 3690 667 Sab-

2032 709 2162 766 bato
2218 711 2274 762 et
2343 703 2663 770 Dominica,
2733 701 2967 774 quando
3039 701 3308 757 laxamus
3382 700 3687 772 paululum

2031 815 2236 855 nervos
2268 810 2477 852 severis
2527 791 2980 859 exercitationis,
3020 807 3089 846 ex
3131 789 3250 846 illis
3291 791 3687 862 premactatis

2029 895 2088 944 et
2119 882 2606 958 prasanctiﬁcatis
2648 881 2908 952 patribus
2963 887 3238 950 quantum
3292 893 3460 950 parce
3508 879 3687 934 victi—

2032 979 2292 1034 tantibus
2344 974 2510 1036 satis,
2582 971 2736 1026 circa
2810 985 3110 1040 vesperam
3189 969 3507 1035 sumimus,
3584 984 3684 1038 pro

2026 1065 2355 1122 conditione
2396 1061 2724 1132 lugentium
2775 1064 2948 1129 atque
2992 1058 3170 1113 simul
3228 1057 3617 1129 pugnantium
3665 1076 3679 1113 :

2024 1172 2125 1212 seu
2160 1153 2350 1225 potius
2397 1167 2595 1206 sacras
2643 1149 2774 1204 illas
2823 1163 3025 1203 carnes
3079 1149 3433 1220 accipientes
3477 1163 3679 1202 corro-

2025 1245 2303 1300 boramur
2333 1241 2401 1296 ad
2423 1239 2679 1295 validum
2705 1239 2989 1308 impetum
3013 1237 3072 1292 in
3096 1237 3294 1293 hostes
3318 1236 3678 1292 faciendum.

2025 1333 2190 1389 Militi
2225 1331 2378 1387 enim
2409 1327 2692 1400 spirituali
2749 1326 2934 1382 victus
2965 1326 3140 1382 etiam
3177 1323 3500 1396 spiritualis
3541 1340 3679 1379 con-

2021 1424 2177 1480 venit
2202 1424 2370 1495 (puta
2391 1419 2742 1489 tolerantia.)
2783 1417 3172 1483 Quamobrem
3219 1414 3388 1471 nobis
3433 1414 3678 1486 mystice

2021 1513 2260 1585 quidem
2328 1515 2588 1582 tempore
2645 1507 2970 1578 vespertino
3039 1521 3264 1576 praesen
3284 1505 3674 1561 cliﬁcatorum

2021 1602 2284 1660 ofﬁcium
2327 1599 2618 1655 celebrare
2638 1597 2985 1668 imperatur.
3267 1617 3269 1619 ί

247 1678 519 1752 ῥώμένως
552 1677 682 1734 ἰέναι
718 1697 731 1710 ⁸
760 1686 1108 1754 πνευματικῷ
1133 1684 1239 1758 γὰρ
1269 1685 1464 1761 ὀπκίτῃ
1515 1692 1852 1762 πνευματική
1895 1692 2096 1768 τροφὴ,
2144 1691 2392 1750 σύστασις
2428 1705 2442 1719 ·
2475 1684 2564 1742 διὰ
2612 1683 2678 1755 δὴ
2714 1689 2876 1740 τοῦτο
2913 1683 3316 1757 μυπικώτερον
3345 1682 3483 1758 πρὸς
3515 1681 3672 1737 έσπέο

247 1788 376 1843 ραν,
405 1769 506 1836 τὴν
538 1772 646 1822 τῶν
678 1771 1130 1844 προηγιασμένων
1160 1771 1334 1828 τελεῖν
1364 1773 1802 1851 ἐπιτετράμμεθα
1833 1778 2197 1856 λειτουργίαν.

247 1877 481 1961 Ὅπνως
521 1875 935 1961 οὐθτελεῖται
979 1882 1409 1950 μνημόσυνον
1458 1889 1582 1938 τῶν
1632 1888 1902 1961 ἀποιχο-

2021 1889 2171 1954 Quod
2218 1903 2334 1940 non
2370 1883 2706 1961 celebranda
2740 1883 2844 1961 sit”
2869 1881 3561 1961 defunctorumninemqrin
3609 1880 3671 1935 in

325 1947 543 2028 μένων
595 1947 656 2003 ἐν
701 1952 780 2022 τῇ
829 1947 1345 2026 τεσσαρακοστῇ,
1393 1955 1450 2009 εἰ
1493 1957 1578 2028 μὴ
1627 1959 1700 2012 τὸ
1760 1947 1912 2013 c36-

331 2016 552 2076 ϐατον.

332 2107 510 2163 Πάλιν
542 2108 594 2162 οἱ
625 2109 759 2183 πρὸς
792 2110 973 2186 μάχας
1005 2105 1251 2186 ἔχοντες,
1282 2116 1404 2189 περῖ
1436 2121 1505 2190 τῇ
1538 2119 1692 2192 ψυχῇ
1725 2117 1909 2175 δεδιό-

254 2218 369 2266 τες,
400 2198 494 2252 καὶ
523 2199 616 2252 τὸν
651 2198 782 2272 ὑπὲρ
837 2198 1006 2269 αὒτῆς
1036 2201 1260 2272 θέοντες,
1313 2205 1484 2270 ὁσίαις
1511 2206 1698 2263 αὐτίκα
1744 2215 1909 2282 τιμᾷν

257 2289 552 2362 εἴργονται,
610 2288 738 2352 τοὺς
793 2286 952 2364 ἔργον
1015 2293 1289 2368 μαχαίρας
1349 2300 1762 2372 γεγενημένους,
1815 2303 1906 2356 καὶ

255 2379 298 2432 εἰ
328 2384 439 2432 τῶν
493 2379 908 2450 τιμιωτάτωνῆ
960 2379 1235 2457 φιλτάτων
1285 2384 1470 2448 αὐτοῖς
1504 2382 1649 2449 ὄντες
1691 2393 1902 2465 τυγχά-

254 2488 417 2534 νοιεν,
450 2471 548 2521 τοῦ
578 2469 786 2529 πάθους
835 2467 1144 2544 κρείττονος
1184 2468 1354 2543 ὄντος,
1388 2477 1421 2545 ἦ
1472 2479 1590 2530 κατ’
1633 2477 1900 2553 ἀναίρεσιν

260 2563 360 2611 τῶν
402 2562 631 2630 νεκρῶν,
683 2558 760 2629 μή
816 2555 917 2633 ἄρα
967 2563 1062 2613 τοῦ
1110 2561 1359 2634 πολέμου
1414 2567 1662 2636 πανταχῆ
1716 2567 1902 2642 περιρ-

265 2650 496 2721 ςέοντος,
535 2649 626 2701 καὶ
655 2652 752 2702 τοῦ
802 2647 1047 2705 κινδύνου
1095 2652 1500 2727 ἐπηρτημένου,
1533 2656 1600 2728 τῇ
1644 2659 1766 2733 περὶ
1808 2660 1900 2714 τὸν

255 2739 530 2810 κείμενον,
580 2739 823 2816 ἀσχολίᾳ
866 2742 1090 2816 καιρίων
1141 2741 1416 2818 βληθῶσι,
1467 2747 1552 2801 καί
1603 2753 1681 2818 τῷ
1728 2755 1904 2825 νεκρῷ

253 2830 758 2903 συγκατενεχθῶσι.
792 2830 936 2900 Πρὸς
978 2831 1074 2899 τήν
1107 2835 1308 2902 νοητὴν
1351 2835 1441 2889 οὗν
1473 2837 1563 2890 καὶ
1613 2840 1759 2910 ἡμᾶς
1791 2845 1897 2894 τῶν

249 2916 596 2990 νεκρούντων
667 2919 850 2972 παθῶν
925 2922 1427 2994 παραταττομένους
1502 2927 1707 3000 μάχην,
1767 2928 1898 2983 αὐτᾶ

252 3009 474 3060 θάπτειν
525 3006 730 3082 ἀνάγκη
781 3010 1081 3082 πειρᾶσθαι,
1134 3010 1194 3064 οὐ
1251 3017 1356 3066 τῶν
1403 3014 1645 3086 σώμασιν
1704 3017 1900 3094 ἀπογι-

249 3101 498 3167 νομένων
549 3101 668 3157 ταῖς
732 3099 976 3169 μνήμαις
1034 3099 1321 3174 προσέχειν
1371 3103 1462 3156 τὸν
1522 3110 1664 3173 νοῦν,
1710 3107 1785 3169 ὡς
1839 3109 1902 3162 τὸ

252 3189 348 3239 τοῦ
383 3186 589 3258 Κυρίου
621 3184 896 3262 ἐπίταγμα
927 3206 940 3218 ·
993 3186 1190 3244 ἐκεῖνοι
1230 3194 1564 3265 πεπαυμένοι
1608 3201 1704 3250 τοῦ
1736 3197 1901 3252 πολε-

2110 1969 2346 2030 tempore
2371 1953 2866 2026 Quadragesimali,
2898 1954 3008 2007 nisi
3031 1952 3222 2008 diebus
3252 1951 3579 2006 Sabbatim's.

2100 2139 2361 2195 Rursus:
2396 2136 2440 2192 li
2471 2135 2572 2207 qui
2596 2136 2655 2191 in
2684 2135 2806 2190 acie
2851 2136 3173 2193 versantur,
3210 2131 3414 2187 anima
3446 2132 3670 2187 timen-

2022 2230 2112 2282 tes
2142 2227 2197 2281 in
2233 2241 2335 2297 pro
2368 2226 2490 2296 ipsa
2520 2224 2952 2289 contendentes,
2987 2238 3018 2276 a
3041 2222 3221 2292 justis
3250 2220 3484 2276 illorum
3516 2220 3667 2278 cele-

2023 2315 2263 2372 brandis
2287 2314 2668 2387 prohibentur
2697 2313 2799 2383 qui
2829 2326 2968 2367 ense
2996 2310 3282 2366 verberati
3309 2309 3662 2379 ceciderunt,

2015 2406 2284 2478 quamvis
2315 2422 2383 2462 ex
2431 2405 2670 2474 optimis
2723 2404 2939 2459 fuerint
2988 2411 3043 2457 et
3094 2401 3462 2457 charissimis
3512 2401 3665 2472 ipso-

2010 2514 2141 2553 rum
2202 2496 2432 2565 amicis,
2478 2513 2550 2551 ne
2606 2494 2870 2551 videlicet
2917 2492 2977 2548 in
3035 2492 3325 2548 efferendo
3373 2493 3662 2565 occupati,

2007 2587 2199 2643 adhuc
2243 2585 2392 2642 bello
2427 2585 2685 2655 undique
2723 2583 3031 2656 ingruente
3073 2586 3132 2638 et
3178 2582 3518 2637 imminente
3561 2597 3663 2653 pe-

2014 2676 2221 2744 riculo,
2255 2678 2484 2746 propter
2515 2675 2860 2729 cadaverum
2894 2687 3094 2728 curam
3127 2670 3411 2726 letbaliter
3443 2670 3663 2725 ferian-

2011 2771 2127 2833 tur,
2158 2775 2211 2821 et
2245 2780 2380 2820 cum
2409 2765 2532 2835 jam
2565 2763 2833 2819 defuncto
2888 2778 3005 2816 una
3035 2761 3352 2816 efferantur
3417 2759 3664 2816 Pariter-

2013 2871 2124 2926 que
2178 2861 2397 2909 nosmet
2452 2856 2698 2924 oportet,
2768 2851 2869 2922 qui
2944 2851 3100 2907 240
3177 2849 3358 2905 aciem
3436 2848 3660 2904 intelle-

2009 2945 2260 3001 ctualem
2330 2942 2679 2998 instruimus
2755 2941 3034 2996 adversus
3111 2937 3436 2994 mortiferos
3515 2939 3658 2993 ail'c-

2007 3040 2162 3099 ctus,
2223 3030 2413 3087 moliri
2473 3034 2535 3086 ut
2590 3031 2750 3101 ipsos
2816 3028 3189 3099 sepeliamus,
3249 3043 3362 3082 non
3423 3029 3654 3082 tantum

2009 3123 2376 3179 attendentes
2408 3121 2693 3177 memoriis
2736 3118 2968 3174 illorum
3001 3118 3096 3188 qui
3130 3135 3162 3172 a
3185 3132 3424 3188 corpore
3456 3132 3654 3172 reces-

2015 3216 2241 3278 serunt,
2272 3227 2448 3282 quam
2498 3209 2772 3265 mandato
2821 3207 3073 3264 Domini.
3119 3206 3206 3261 llli
3257 3205 3492 3278 quidem
3535 3222 3657 3261 ces-

257 3279 403 3346 μεῖν,
453 3275 593 3346 πρὸς
642 3275 743 3343 τήν
793 3275 1060 3350 ἀναίρεσιν
1106 3284 1213 3333 τῶν
1262 3279 1637 3357 ἐσφαγμένων,
1685 3287 1771 3341 καὶ
1802 3288 1896 3350 τὰς

2017 3275 2491 3364 εαυὶθεάᾟοὶιο,
2536 3298 2690 3354 circa
2736 3297 3043 3368 exsequias
3083 3275 3362 3366 justeque
3411 3294 3658 3350 interfe-

251 3363 646 3435 νενομισμένας
678 3368 961 3420 ποιοῦνται
996 3369 1167 3444 ταφάς
1205 3391 1215 3400 ·
1266 3371 1355 3424 καὶ
1389 3375 1551 3442 ἡμεῖς
1595 3379 1691 3429 τοῦ
1722 3380 1909 3434 συντό-

251 3475 343 3508 νου
381 3453 672 3525 μεθέμενοι
721 3461 822 3522 τῆς
852 3456 1102 3525 νηστείας
1136 3455 1188 3512 ἐν
1228 3464 1347 3520 ταῖς
1397 3459 1754 3538 ἱλαρωτέραις
1799 3473 1905 3522 τῶν

254 3546 505 3616 ἡμερῶν,
542 3543 643 3596 τῶν
672 3541 724 3597 ἐν
773 3549 892 3606 ταῖς
945 3548 1186 3620 μνήμαις
1233 3549 1342 3603 τῶν
1392 3548 1776 3630 ἀποιχομένων
1810 3579 1905 3630 με-

259 3634 517 3703 μνήμεθα
541 3632 796 3688 τελετῶν.

253 3741 478 3800 ’Ὁπως
517 3738 725 3829 γάμοι
764 3740 872 3826 καὶ
913 3739 1116 3829 ἄλλαι
1154 3747 1329 3829 τινὲς
1367 3752 1673 3802 τοιαῦται
1713 3773 1906 3822 πανη-

545 3814 772 3886 γύρεις
814 3814 873 3865 ἐν
908 3816 987 3884 τῇ
1032 3815 1084 3886 μ’
1124 3814 1193 3868 οὐ
1233 3816 1609 3876 τελοῦνται.

321 3903 381 3954 Τί
435 3898 496 3954 δὲ
550 3901 742 3974 γάμων
794 3900 986 3973 μέλλει
1017 3902 1104 3957 καὶ
1156 3905 1426 3976 ὑμεναίων
1475 3915 1587 3969 τοῖς
1637 3908 1765 3983 δόρυ
1820 3934 1902 3967 κι-

257 3996 462 4059 νοῦσιν,
515 3991 549 4058 ἢ
601 3991 811 4066 ἑορταῖς
863 3991 1065 4068 ἐφεῖται
1125 3998 1336 4070 χαίρειν
1389 4002 1477 4054 καὶ
1529 4004 1898 4076 πανηγύρεσι;

256 4081 478 4135 Πολλοῦ
511 4101 572 4146 γε
604 4081 690 4134 καὶ
725 4078 823 4136 δεῖ·
857 4085 923 4135 ού
956 4081 1093 4150 δῆτα
1123 4083 1237 4139 ουδ’
1267 4090 1400 4159 ἡμῖν
1431 4089 1481 4143 ἐν
1516 4096 1581 4162 τῇ
1615 4094 1746 4163 πρὸς
1774 4094 1900 4152 τοὺς

254 4166 513 4241 δαίμονας
566 4169 739 4242 πάλῃ,
773 4169 1022 4226 τοιούτου
1068 4175 1213 4235 τινὸς
1253 4175 1476 4248 μέλλειν
1528 4181 1760 4252 ἀσφαλὲς
1808 4183 1899 4235 καὶ

251 4264 490 4328 καθῆκον
503 4301 516 4316 .

255 4368 406 4440 Περὶ
470 4370 589 4419 τοῦ
647 4365 982 4440 θαύματος
1040 4374 1153 4423 τοῦ
1211 4368 1316 4425 διὰ
1374 4373 1726 4430 κολλύϐων
1787 4383 1899 4432 τοῦ

769 4437 964 4511 ἁγίου
1003 4440 1370 4515 Θεοδώρου.

324 4527 386 4581 Εἰ
430 4526 537 4600 γὰρ
593 4526 877 4599 μαρτύρων
928 4531 1147 4602 μνήμας
1193 4531 1314 4602 ἐξῆν
1356 4533 1407 4587 ἐν
1455 4540 1567 4596 τοῖς
1621 4536 1896 4599 τοιούτοις

2016 3398 2237 3445 ctorum
2297 3391 2628 3458 satagunt;
2685 3390 2737 3441 el
2791 3402 2895 3440 nos
2953 3400 3093 3439 sane
3148 3383 3401 3438 defuncti
3462 3381 3655 3453 rigore

2007 3476 2220 3546 jejunii
2252 3475 2308 3528 in
2331 3475 2534 3529 diebus
2576 3473 2829 3529 maxime
2878 3471 3098 3526 festivis
3128 3470 3320 3526 ofﬁcia
3357 3471 3654 3526 memoriis

2013 3569 2349 3620 sanctorum
2382 3561 2578 3617 debita
2606 3559 3010 3632 persolvimus.

2013 3764 2167 3832 Quod
2217 3762 2425 3829 nuptiae
2480 3767 2532 3815 et
2588 3760 2721 3816 alize
2786 3758 3098 3832 ϋιίιιενηοιπίί
3152 3759 3526 3832 solemnitate:
3592 3757 3653 3811 in

2227 3833 2658 3903 Quadragesima
2689 3831 2922 3887 minime
2939 3831 3277 3886 celebranda:
3308 3832 3437 3884 sint.

2082 3923 2229 3988 Quid
2273 3923 2506 3993 nuptias
2537 3926 2594 3976 et
2641 3920 3015 3991 epithalamia
3053 3936 3255 3974 curare
3285 3921 3515 3982 debent,
3551 3918 3650 3990 qui

2012 4029 2174 4066 arma
2205 4011 2450 4082 gerunt?
2501 4028 2571 4063 an
2623 4009 2740 4064 illis
2792 4009 3147 4078 permittitur
3196 4009 3358 4064 festis
3398 4025 3464 4063 ac
3497 4008 3652 4062 ludis

2009 4099 2350 4170 indulgere?
2380 4099 2613 4153 Minime
2643 4098 2871 4169 quidem
2901 4116 2912 4152 :
2949 4115 3135 4169 neque
3164 4098 3337 4152 etiam
3373 4099 3536 4153 nobis
3563 4102 3652 4151 tu-

2008 4200 2129 4246 tum
2158 4195 2259 4244 aut
2288 4191 2499 4244 decens
2531 4189 2588 4242 in
2620 4188 2932 4243 certamine
2949 4203 3079 4242 cum
3102 4187 3486 4254 daemonibus,
3512 4187 3652 4242 ista-

2010 4296 2136 4334 rum
2170 4295 2364 4334 rerum
2395 4294 2598 4332 curam
2631 4277 2810 4332 ullam
2847 4277 3077 4331 habere.

2116 4391 2196 4440 De
2224 4385 2494 4440 miraculo
2527 4387 2795 4453 frumenti
2824 4385 2962 4439 cocti
2989 4399 3083 4452 per
3105 4385 3158 4437 S.
3188 4383 3536 4440 Theodorum.

2075 4548 2296 4619 Quippe
2327 4547 2376 4602 si
2412 4547 2722 4601 memorias
2750 4545 3039 4600 celebrare
3061 4545 3117 4599 in
3153 4544 3266 4600 illis
3290 4545 3646 4616 temporibus

253 4614 522 4688 ἑορτάζειν
573 4620 806 4689 καιροῖς,
834 4615 1027 4679 παντὸς
1080 4617 1294 4689 μᾶλλον
1327 4618 1433 4676 ἔδει
1481 4628 1577 4678 τοῦ
1626 4625 1790 4680 καλὸν
1840 4627 1892 4681 έν

311 4706 323 4721 Ι
551 4702 571 4725 Ἴ
601 4705 620 4725 L
681 4713 730 4725 Α·
795 4724 798 4725 ,
931 4711 965 4725 Λ
1036 4704 1058 4725 ει
1087 4708 1097 4725 Ι
1336 4714 1357 4724 ι-
1419 4711 1484 4725 .--ι
1726 4714 1739 4725 ι
1865 4721 1888 4725 _

2017 4614 2250 4701 .icuerit,
2287 4635 2534 4690 maxime
2569 4634 2728 4689 illam
2771 4635 3071 4705 oportebat
3101 4634 3388 4690 Theodori
3412 4614 3646 4690 Tironis

257 4706 488 4778 μάρτυσι
551 4702 869 4775 λάμποντος
929 4704 1211 4780 Θεοδώρου
1261 4714 1361 4764 τοῦ
1419 4711 1689 4785 Τύρωνος,
1722 4714 1776 4769 ἐν
1824 4721 1891 4789 τῇ

252 4795 442 4868 πρώτῃ
477 4797 586 4846 τῶν
635 4799 896 4862 νηστειῶν
941 4795 1120 4869 ἡμέρᾳ
1167 4798 1365 4869 τελεῖν,
1405 4803 1523 4855 καθ’
1569 4804 1628 4870 ἣν
1677 4805 1738 4857 τὸ
1787 4827 1892 4876 μη.

254 4880 396 4946 δενὸς
430 4881 661 4938 ἔλαττον
693 4881 770 4942 εἰς
821 4882 1091 4956 θαύματος
1128 4886 1294 4961 λόγον
1345 4891 1527 4962 θαῦμα
1574 4893 1889 4962 πεποίηκεν,

252 4971 466 5047 ἐλέγξας
498 4977 597 5026 τοῦ
645 4966 960 5046 παραϐάτου
995 4976 1092 5043 σὴν
1138 4979 1518 5051 κεκρυμμένην
1572 4981 1891 5051 σκαιότητα,

249 5064 446 5135 καίμὴ
481 5063 780 5136 χρανθῆναι
825 5063 917 5116 τὸν
971 5060 1102 5119 λαὸν
1141 5072 1256 5128 τοῖς
1307 5066 1700 5144 ἡλογισμένοις
1748 5071 1890 5144 βρώ-

251 5175 406 5223 μασιν
437 5153 490 5206 έν
521 5157 642 5213 ταῖς
690 5151 982 5224 νηστίμοις
1031 5155 1261 5229 ἡμέραις
1306 5163 1736 5230 παρασκευάσας,
1767 5161 1892 5216 αλλ’

245 5241 550 5315 ἐπισκήψας
599 5246 679 5313 τῷ
724 5240 849 5296 τότε
895 5241 1161 5317 ἀρχιερεῖ,
1209 5247 1336 5309 τοὺς
1387 5249 1482 5321 μὲν
1532 5252 1645 5305 κατ’
1693 5251 1892 5325 ἀγορὰν

247 5333 316 5394 εἰς
351 5333 495 5400 ὠνήν
546 5332 940 5404 προκειμένους
983 5333 1199 5404 ἄρτους,
1234 5338 1444 5410 χαίρειν
1494 5339 1604 5410 ἐᾷν,
1637 5346 1783 5395 σῖτον
1835 5339 1892 5394 δὲ

243 5420 526 5495 ἕψειν,καί
576 5421 759 5494 τούτῳ
810 5423 1150 5495 χρωμένους,
1181 5427 1281 5492 τὴν
1329 5436 1426 5497 τῆς
1469 5431 1677 5506 φύσεως
1728 5432 1887 5504 ἀναγ-

243 5532 338 5580 κην
386 5512 882 5587 παραμυθεῖσθαι·
941 5512 968 5567 ὃ
1027 5513 1115 5566 καὶ
1175 5519 1554 5590 πεποιηκότες,
1613 5521 1709 5587 τὴν
1766 5521 1889 5573 ἐπι-

243 5597 446 5672 ϐουλήν
500 5602 861 5680 ἐφυλάξαντο,
917 5599 1006 5655 ’ίνα
1070 5602 1147 5673 μή
1215 5611 1311 5672 τῆς
1370 5606 1561 5680 αρετῆς
1621 5612 1655 5677 ἡ
1731 5609 1891 5663 κακία

242 5695 757 5769 κατακαυχήσηται,
825 5690 915 5745 καὶ
980 5698 1082 5762 τῆς
1158 5689 1424 5760 εὐσεϐείας
1499 5701 1534 5768 ἡ
1612 5694 1890 5754 δυσσέϐεια

2005 4726 2272 4796 martyris
2326 4725 2674 4796 percelebris
2723 4725 2909 4794 primo
2958 4724 3050 4779 die
3083 4725 3444 4794 jejuniorum
3486 4740 3645 4780 reco-

2003 4815 2140 4881 lere,
2176 4814 2271 4869 ubi
2306 4814 2448 4869 nihil
2477 4815 2673 4868 minus
2723 4830 2896 4883 quam
2933 4814 3270 4869 miraculum
3297 4814 3429 4868 fecit
3458 4814 3642 4868 redar-

2001 4919 2188 4973 guens
2218 4904 2487 4972 apostatze
2535 4901 3128 4972 celatamnequitiam,
3163 4908 3220 4956 et
3252 4901 3464 4973 populo
3514 4918 3641 4972 per-

2001 4993 2249 5047 suadens
2282 4991 2515 5062 pollutis
2552 4991 2698 5045 cibis
2742 4991 2802 5045 in
2834 4990 3041 5045 diebus
3063 4991 3274 5061 jejunii
3303 4993 3640 5060 neutiquam

2001 5080 2406 5146 contaminari,
2436 5085 2609 5150 atque
2631 5080 2772 5134 adeo
2804 5079 3128 5134 admonens
3158 5079 3516 5152 episcopum,
3541 5081 3640 5151 qui

2001 5171 2126 5223 tum
2161 5168 2404 5238 praefuit,
2439 5176 2497 5222 ut
2530 5184 2706 5238 panes
2751 5169 2848 5238 qui
2881 5167 2937 5220 in
2987 5167 3107 5222 foro
3151 5183 3362 5222 venum
3393 5184 3640 5238 expone-

2000 5257 2231 5323 bantur,
2258 5257 2481 5312 nullum
2515 5263 2752 5327 tangere
2776 5257 3132 5311 frumentum
3153 5262 3346 5312 autem
3369 5273 3639 5328 coquere,

2000 5349 2174 5416 atque
2205 5363 2270 5402 eo
2321 5356 2614 5400 vescentes
2648 5350 2868 5399 natura:
2916 5343 3214 5415 exigenliaa
3263 5361 3638 5413 succurrere;

2001 5436 2152 5504 quod
2187 5435 2291 5503 ipsi
2341 5435 2598 5489 fecerunt
2645 5434 2905 5503 adeoque
2957 5433 3275 5503 periculum
3309 5438 3635 5499 evaserunt,

2002 5540 2072 5578 ne
2100 5523 2241 5578 forte
2279 5523 2496 5578 malitia
2540 5525 2818 5576 adversus
2864 5521 3133 5576 virtutem
3174 5523 3538 5592 gloriaretur,
3582 5526 3638 5577 et

2003 5613 2269 5682 impietas
2319 5612 2591 5683 pietatem
2640 5616 2961 5680 superaret.
3019 5613 3302 5672 Quoniam
3348 5614 3539 5663 autem
3581 5614 3638 5664 et

1995 5703 2203 5776 jejunii
2262 5704 2594 5766 austeritas,
2644 5705 2701 5756 et
2743 5700 2871 5756 festi
2920 5699 3186 5756 hilaritas
3225 5703 3284 5756 in
3315 5697 3633 5754 Sabbatum
