4098 6332
398 355 506 417 151

397 589 544 644 tutis
574 603 700 642 mos
735 586 843 642 iste
875 585 1078 642 merito
1129 583 1400 650 obtinuit,
1431 581 1859 654 eleemosynam
1893 581 2049 637 {esti-

399 677 580 733 vitate
609 675 1054 731 cohonestandi.

404 876 760 947 Quamobrem
815 879 943 930 ante
990 874 1475 947 Quadragcstmam
1535 875 1854 928 memoriam
1899 873 2046 926 cele-

479 950 697 1004 bramus
740 947 986 1001 omnium
1036 948 1094 1000 in
1142 945 1246 1015 ﬁde
1289 945 1694 1016 defunctorum,
1743 949 1794 999 et
1835 953 2048 999 sancto-

479 1037 604 1075 rum
629 1020 876 1074 Patrum.

480 1127 697 1183 Idcirco
719 1132 851 1182 ante
883 1125 1114 1182 initium
1143 1125 1372 1196 jejunii,
1403 1125 1719 1180 Sabbatum
1744 1129 1876 1194 post
1895 1123 2049 1177 diem

410 1217 701 1285 Cinerum,
731 1215 1002 1271 omnibus
1033 1213 1346 1280 defunctis,
1380 1217 1555 1284 atque
1577 1212 1897 1268 Sabbatum
1929 1227 2050 1280 pro-

409 1305 562 1360 xime
590 1320 864 1375 sequens,
912 1303 1127 1358 sanctis
1175 1302 1442 1357 Patrihus
1473 1301 1719 1357 solemni
1765 1301 2052 1357 memoriae

413 1394 919 1459 consecrabantur,
954 1396 1235 1464 tanquam
1269 1392 1583 1458 conclusio,
1617 1395 1682 1444 ut
1714 1391 1870 1460 loqui
1900 1389 2052 1456 licet,

415 1482 754 1539 istiusmodi
786 1481 1185 1550 festivitatum,
1232 1498 1367 1536 cum
1399 1482 1568 1535 nobis
1601 1481 1753 1535 haud
1804 1479 2058 1552 amplius

412 1580 593 1638 vacet,
618 1573 744 1643 jam
798 1572 867 1626 ad
918 1570 1232 1626 certamina
1259 1570 1585 1639 spiritualia
1613 1570 2054 1640 prodeuntibus,

421 1663 489 1717 ad
521 1663 633 1716 ista
664 1661 982 1716 attendere.

423 1769 603 1838 Quare
643 1783 835 1822 rursus
881 1772 999 1837 post
1049 1771 1415 1832 Pentecoste",
1461 1774 1779 1824 sanctorum
1819 1769 2064 1823 omnium

934 1840 1196 1894 memoria
1222 1840 1550 1894 celebratur.

495 1929 766 1985 Solemne
788 1933 879 1984 est
900 1927 1188 1983 militibus
1210 1936 1340 1999 post
1361 1929 1618 1985 devictos
1641 1928 2068 1994 Barbaros,tro-

422 2035 612 2090 paaum
661 2017 903 2090 erigere,
952 2027 1006 2074 et
1055 2019 1200 2074 ferre
1247 2017 1444 2088 opima
1495 2018 1845 2090 imperatori,
1897 2028 2070 2090 atque

423 2114 550 2164 tum
585 2109 656 2164 ad
698 2108 1056 2177 sepulturam
1108 2113 1469 2164 mortuorum
1519 2125 1581 2164 se
1610 2108 1929 2180 accingere.
1962 2110 2070 2164 Pa.

423 2198 677 2270 riterque
708 2196 876 2252 nobis
924 2211 1074 2253 cures
1105 2201 1218 2262 est,
1250 2205 1376 2267 post
1410 2196 1714 2268 spirituale
1756 2196 1974 2252 bellum
2008 2197 2069 2252 in

415 2287 668 2357 jejunio,
719 2290 777 2340 et
827 2286 1272 2342 resurrectionis
1319 2285 1617 2341 victoriam
1678 2291 1958 2357 tropaeum
2012 2287 2069 2340 in

427 2375 760 2432 Pentecoste
794 2375 992 2446 ﬁgere,
1040 2379 1096 2430 et
1142 2375 1394 2446 epinicia
1449 2375 1695 2443 Christo,
1747 2391 1848 2446 per
1896 2391 2067 2446 quem

425 2466 737 2533 vincimus,
771 2481 995 2532 canere,
1027 2470 1199 2536 atque
1233 2464 1313 2520 ita
1343 2465 1636 2520 defunctis
1660 2465 1925 2520 debitum
1951 2465 2075 2520 ofﬁ-

427 2557 585 2610 cium
635 2553 960 2624 persolvere
1009 2560 1137 2623 post
1185 2554 1535 2625 completam
1588 2553 1982 2621 Pentecosten,
2021 2557 2078 2609 et

430 2649 564 2717 post
594 2645 716 2700 dies
757 2649 978 2715 septem
1010 2645 1272 2700 omnium
1321 2652 1650 2700 sanctorum
1703 2644 2072 2700 festivitatem

433 2736 741 2800 celebrare,
786 2735 1076 2806 primitias
1126 2736 1293 2805 quasi
1343 2735 1645 2791 oﬂ‘erentes
1702 2736 1979 2790 festorum
2022 2738 2079 2789 et

435 2825 850 2880 memoriarum
881 2825 1341 2896 insequentium.
1394 2825 1608 2879 Verum
1657 2825 1714 2879 in
1767 2824 1926 2878 festis
1972 2823 2080 2879 Do-

437 2914 669 2968 minicis
738 2913 1141 2968 defunctorum
1195 2913 1505 2968 memorias
1555 2913 1758 2978 facere,
1821 2930 1934 2968 non
1990 2913 2081 2968 est

438 3002 624 3074 pium,
685 3019 871 3071 neque
915 3003 1080 3057 decet
1131 3007 1448 3073 martyrum
1502 3003 1696 3058 obitus
1753 3001 2079 3070 celebrare;

440 3107 576 3145 nam
607 3091 836 3160 quando
874 3091 1121 3162 epinicia
1156 3093 1311 3161 regis
1345 3095 1682 3162 personant,
1716 3107 1904 3162 neque
1934 3091 2082 3145 ritus

440 3179 564 3234 vult
602 3180 797 3250 lugere
827 3196 922 3235 eos
967 3181 1064 3250 qui
1097 3180 1157 3234 in
1189 3180 1337 3235 bello
1369 3179 1723 3246 ceciderunt,
1748 3196 1935 3250 neque
1963 3189 2081 3234 tro-

441 3269 583 3339 paeis
648 3269 966 3324 Dominicis
1023 3269 1290 3324 servilem
1348 3268 1617 3324 virtutem
1687 3269 2078 3324 commiscere.

443 3358 589 3412 241
622 3358 767 3412 Nam
798 3373 921 3426 qua:
953 3361 1091 3412 sunt
1119 3357 1350 3412 Domini
1389 3357 1533 3426 (ejus
1563 3358 1780 3412 scilicet
1810 3357 1908 3428 qui
1944 3374 2082 3426 pras-

442 3449 562 3501 mia
599 3447 920 3517 dispensat,
962 3451 1018 3500 et
1064 3447 1360 3501 vincentes
1407 3446 1686 3517 coronat),
1732 3461 1863 3501 cum
1911 3447 2084 3501 servi-

441 3535 594 3591 libus
627 3535 956 3606 permisceri
983 3535 1381 3605 justissimum
1413 3545 1464 3589 et
1498 3535 1937 3606 mquissimum;
1967 3551 2085 3591 ser-

443 3623 784 3680 viliaautem
809 3623 1128 3679 Dominicis
1151 3625 1688 3695 adjungere,audax
1701 3623 2080 3692 etinsulsum,

443 3713 556 3769 nisi
592 3714 732 3768 forte
763 3711 1176 3768 nonnullorum
1202 3718 1533 3769 sanctorum
1559 3718 1790 3785 propter
1809 3714 2082 3770 eximiam

442 3801 501 3856 in
534 3802 806 3856 certando
839 3801 1133 3856 virtutem.

517 3891 743 3947 Rursus
801 3898 858 3946 et
905 3890 1018 3945 alio
1068 3892 1239 3946 modo
1293 3890 1660 3946 considerare
1715 3891 1850 3946 licet
1907 3890 2080 3946 ritum

443 3981 598 4036 hunc
649 3980 1276 4050 Quadragesimalem;
1331 3978 1604 4034 nimirum
1657 3989 1799 4035 totos
1847 3981 1915 4035 48
1963 3982 2084 4036 dies

439 4070 647 4140 jejunii
689 4085 853 4141 agere
900 4068 999 4123 illo
1049 4072 1309 4140 tempore
1345 4069 1640 4138 jubemur.
1699 4069 2086 4141 Quadraginta

445 4158 681 4230 quidem
740 4158 811 4213 ad
868 4158 1198 4228 exemplum
1261 4158 1470 4227 jejunii
1539 4157 1773 4225 Christi,
1827 4175 1940 4228 quo
1994 4159 2086 4213 in-

444 4254 724 4314 structus,
756 4249 939 4318 quoad
976 4253 1243 4303 naturam
1285 4247 1623 4317 humanam,
1672 4252 1937 4303 nostrum
1983 4248 2087 4303 ho-

445 4343 590 4394 stem
633 4337 882 4408 subegit.
925 4338 1242 4408 Sequentes
1268 4340 1459 4392 autem
1495 4342 1642 4403 octo,
1693 4338 1762 4392 ad
1813 4337 2084 4392 imitatio-

445 4442 578 4483 nem
611 4425 950 4482 salutarium
981 4426 1110 4495 ejus
1149 4426 1508 4495 passionum.
1551 4427 1733 4494 Atque
1766 4425 1820 4480 hi
1855 4427 2087 4496 quidem

447 4515 990 4586 contemplationem
1022 4515 1422 4585 animumque,
1449 4521 1712 4570 nostrum
1743 4517 2086 4583 accendunt,

1667 354 2038 416 MATTHIEl
2085 353 2510 417 BLASTARIS

397 497 660 570 proxime
707 509 958 568 sequens
1007 493 1432 560 ooinoidebant,
1477 509 1544 548 ex
1586 492 1815 548 Patrum
1857 492 2034 548 insti—
2063 527 2077 560 Α

2193 487 2499 564 εριγένηται
2534 508 2547 521 ’

2097 1863 2146 1928 Β

3687 363 3799 423 152

2608 487 2736 545 ἄλλ’
2803 489 2993 561 ἓπειδή
3051 498 3130 566 τῷ
3202 499 3303 562 τῆς
3359 493 3602 564 νηστείας
3681 515 3777 548 σκυ

2157 579 2380 652 θρωπῷ,
2429 578 2492 633 τὸ
2549 579 2931 653 γεγανωμένον
2989 587 3088 652 τῆς
3147 582 3341 657 έορτῆς
3392 583 3454 637 ού
3507 578 3802 650 συνέϐαινε,

2156 672 2235 739 τῷ
2266 667 2472 722 ἐπιόντι
2521 669 2725 742 πρώτῳ
2773 664 3030 742 σαϐϐάτῳ
3061 674 3162 741 τήν
3209 671 3456 727 εὐποιίαν
3505 674 3805 748 πανηγύρει

2158 761 2343 828 τιμᾷν,
2375 754 2565 831 ἄριστα
2596 759 2818 830 θεσμοῖς
2852 761 3106 835 Πατέρων
3139 761 3461 835 ἐταμιεύθη.

2158 865 2274 943 Διιά
2319 864 2387 943 ’τί
2437 865 2731 943 πρὸ-τῆς
2787 877 3333 943 τεσσαρακοστῆς
3385 873 3655 943 μνήμην
3715 891 3807 924 τε-

2231 935 2779 1015 λούμενπάντων
2824 943 2955 1015 τῶν.
2996 935 3214 996 πίστει
3263 935 3804 1015 κεκοιμημένων,

2227 1007 2498 1062 καὶτῶν
2540 1007 2745 1083 ἁγίων
2788 1011 3115 1085 Πατέρων.

2235 1116 2330 1169 Διά
2359 1137 2445 1170 τοι
2496 1119 2656 1170 τοῦτο
2704 1118 2809 1190 πρὸ
2848 1123 2947 1187 τῆς
2996 1116 3214 1173 εἰσόδου
3258 1125 3364 1174 τῶν
3406 1125 3693 1190 νηστειῶν,
3745 1121 3808 1175 τὸ

2159 1211 2256 1274 τῆς
2286 1205 2538 1278 ἀπόκρεω
2589 1200 2882 1276 σάϐϐατον,
2911 1213 3027 1268 τοῖς
3077 1209 3168 1262 ἀπ’
3219 1209 3413 1272 αἰῶνος
3465 1210 3809 1282 κεκοιμημέ-

2164 1316 2302 1359 νοις,
2332 1295 2395 1349 τὸ
2426 1292 2482 1348 δέ
2532 1315 2592 1370 γε
2639 1297 2771 1367 μετὰ
2819 1300 3002 1365 τοῦτο,
3043 1303 3160 1358 τοῖς
3207 1298 3386 1375 ἁγίοις
3437 1305 3563 1353 πᾶσι
3611 1301 3809 1372 μνήμη

2169 1382 2486 1456 δημοτελὴς
2537 1385 2853 1460 ἀφωσίωται
2887 1405 2899 1418 ·
2935 1388 3298 1461 συμπέρασμα
3343 1389 3417 1451 ὡς
3444 1387 3505 1442 ἂν
3549 1387 3698 1443 εἴποι
3730 1408 3813 1448 τις

2167 1477 2272 1528 τῶν
2331 1472 2419 1526 ἐπὶ
2474 1474 2691 1535 τούτοις
2747 1474 3004 1543 τελετῶν,
3055 1478 3129 1539 ὡς
3189 1479 3265 1550 μή
3326 1475 3506 1552 σχολή
3567 1477 3813 1552 ἐχόντων

2170 1565 2331 1636 ἡμῶν
2387 1564 2524 1638 πρὸς
2576 1562 2786 1638 ἀγῶνας
2843 1563 2952 1636 ἤδη
2999 1568 3331 1641 χωρούντων
3391 1568 3815 1641 πνευματικοὺς,

2170 1651 2441 1713 τοιούτοις
2471 1653 2844 1732 προσανέχειν.

2175 1763 2290 1817 Διὰ
2327 1761 2386 1816 τί
2429 1759 2496 1816 δὲ
2533 1760 2756 1837 πάλιν-
2790 1763 2950 1837 μετὰ
2995 1764 3111 1837 τήν
3162 1766 3648 1837 Πεντηκοστήν,
3687 1768 3813 1819 τῶν

2732 1834 2932 1906 ἁγίων
2973 1835 3252 1893 πάντων.

2250 1919 2532 1996 Προῦργου
2561 1926 2678 1984 τοῖς
2726 1925 3080 1997 στρατιώταις
3114 1927 3248 1997 μετά
3295 1927 3395 1994 τήν
3442 1931 3548 1982 τῶν
3605 1921 3819 2000 βαρϐά-

2178 2032 2284 2086 ρων
2331 2015 2516 2080 ἦτταν,
2577 2011 2836 2086 τρόπαιον
2891 2021 3110 2082 στῆσαι,
3169 2016 3257 2070 καὶ
3315 2014 3511 2085 ἐξελεῖν
3572 2015 3818 2090 ἀριστεῖα

2175 2105 2255 2172 τῷ
2313 2100 2548 2174 βασιλεῖ,
2597 2101 2693 2155 εἶθ’
2752 2099 2923 2164 οὕτως
2975 2102 3061 2157 ἐπὶ
3120 2105 3214 2166 τὰς
3269 2109 3374 2159 τῶν
3432 2105 3816 2180 ἀναιρεθέντων

2125 2221 2130 2226 -
2180 2188 2310 2244 ἰέναι
2359 2189 2528 2266 ταφάς
2561 2206 2576 2220 ⁹
2621 2189 2710 2244 καὶ
2759 2193 2895 2263 ἡμῖν
2947 2189 3229 2266 ἐπιμελές,
3291 2193 3426 2266 μετά
3477 2194 3568 2248 τὸν
3620 2192 3674 2248 ἐν
3726 2214 3819 2261 νη-

2180 2277 2329 2349 στείᾳ
2369 2277 2566 2347 νοητὸν
2613 2278 2882 2352 πόλεμον,
2927 2281 3017 2336 καὶ
3060 2283 3158 2350 τὴν
3205 2280 3354 2348 νίκην
3401 2289 3500 2351 τῆς
3548 2282 3820 2340 Ἀναστά-

2182 2388 2340 2435 σεως,
2370 2367 2631 2441 τρόπαιον
2679 2372 2746 2441 τῇ
2781 2375 3128 2444 Πεντηκοστῇ
3179 2379 3395 2441 στῆσαι,
3428 2371 3518 2426 καὶ
3566 2376 3649 2443 τῷ
3681 2391 3824 2425 νικο-

2183 2461 2328 2528 ποιῷ
2377 2460 2594 2530 Χριστῷ
2642 2456 2765 2526 ᾆσαι
2811 2457 2876 2512 τά
2926 2456 3178 2529 ἐπινίκια,
3226 2461 3316 2514 καὶ
3357 2461 3500 2515 οὕτω
3548 2465 3666 2523 τοῖς
3714 2481 3826 2514 κει-

2189 2546 2370 2618 μένοις
2411 2547 2473 2600 τὸ
2521 2547 2686 2621 χρέος
2743 2546 3024 2624 ἀφοσιοῦν,
3078 2550 3212 2620 μετά
3266 2551 3364 2618 τὴν
3417 2548 3820 2624 συμπλήρωσιν

2181 2643 2282 2705 τῆς
2326 2643 2721 2706 Πεντηκοστῆς,
2754 2637 2843 2691 καὶ
2892 2639 3008 2709 μεθ’
3057 2637 3266 2712 ἡμέρας
3313 2639 3448 2694 ἑπτά
3495 2644 3598 2694 τῶν
3651 2638 3822 2714 ἁγίων

2185 2725 2400 2780 πάντων
2434 2728 2730 2801 πανήγυριν
2761 2725 3049 2795 ἐπιτελεῖν,
3082 2729 3339 2804 ἀπαρχὴν
3384 2729 3576 2783 ὡσανεὶ
3633 2749 3825 2784 ποιου-

2191 2815 2384 2889 μένους
2441 2819 2549 2869 τῶν
2609 2815 2797 2893 ἐφεξῆς
2869 2817 3074 2890 ἑορτῶν
3143 2839 3202 2872 τε
3273 2819 3363 2872 καὶ
3437 2817 3825 2892 μνημοσύνων.

2188 2904 2346 2962 Ἀλλ’
2378 2903 2492 2959 οὐδ’
2527 2905 2577 2959 ἐν
2607 2906 2816 2979 ἑορταῖς
2867 2905 3207 2970 δεσποτικαῖς
3246 2910 3629 2985 ἀποιχομένων
3685 2930 3830 2982 μνη-

2193 2995 2399 3066 μόσυνα
2454 3001 2631 3048 ποιεῖν
2691 2993 2860 3066 ὅσιον⁷
2918 2997 2951 3066 ἢ
3015 3000 3232 3070 μνήμας
3300 2998 3589 3073 μαρτύρων
3653 2998 3828 3054 ἐπιτε-

2191 3081 2306 3138 λεῖν
2363 3084 2621 3158 εὐπρεπές
2655 3103 2668 3116 ·
2734 3083 3033 3160 βασιλικῶν
3091 3089 3193 3163 γὰρ
3245 3087 3591 3162 τελουμένων
3655 3089 3830 3144 ἐπινι-

2193 3173 2352 3239 κίων,
2402 3169 2524 3226 οὔτε
2565 3172 2692 3234 τοὺς
2748 3175 3006 3229 πεσόντας
3065 3175 3116 3230 ἐν
3169 3177 3323 3252 μάχῃ
3382 3177 3548 3249 νόμος
3598 3178 3828 3242 πενθεῖν,

2197 3259 2321 3316 οὕτε
2370 3258 2710 3324 δεσποτικοῖς
2757 3265 3040 3337 τροπαίοις
3092 3263 3349 3330 δουλικάς
3397 3267 3670 3341 ἀριστείας
3717 3264 3832 3320 ἄνα-

2199 3350 2495 3427 μιγνύναι·
2545 3357 2664 3413 τοῖς
2711 3353 2806 3424 μὲν
2851 3355 2952 3429 γάρ
3005 3352 3283 3417 δουλικοῖς
3341 3357 3715 3429 ἂναμεμίχθαι
3766 3353 3828 3407 τὰ

2190 3445 2286 3495 τοῦ
2318 3440 2612 3508 Δεσπότου,
2643 3444 2752 3495 τῶν
2785 3440 3172 3514 ἐννομωτάτων
3203 3465 3260 3498 τε
3299 3445 3388 3499 καὶ
3439 3440 3827 3510 δικαιωτάτων,

2189 3529 2608 3590 ἀθλοθετοῦντός
2657 3551 2715 3584 τε
2761 3531 2850 3585 καὶ
2909 3538 3296 3610 στεφανοῦντος
3343 3536 3662 3604 νικήσαντας
3699 3554 3711 3566 ·
3767 3530 3830 3584 τὰ

2193 3615 2419 3673 δουλικᾶ
2450 3615 2507 3672 δὲ
2534 3624 2649 3680 τοῖς
2675 3616 3016 3685 δεσποτικοῖς
3045 3621 3368 3698 ἐπεισάγειν,
3405 3623 3692 3696 τολμηρὸν
3742 3618 3828 3675 καὶ

2191 3707 2444 3779 ἀνόητον,
2501 3709 2550 3763 εἴ
2601 3710 2788 3780 μήπου
2846 3715 3005 3765 τινῶν
3057 3712 3248 3787 ἁγίων,
3300 3710 3388 3767 διὰ
3433 3713 3495 3767 τὸ
3545 3711 3826 3790 περιφανὲς

2190 3803 2292 3866 τῆς
2321 3797 2627 3869 ἀθλήσεως.

2264 3887 2425 3948 Αὖθις
2457 3907 2519 3962 γε
2571 3891 2676 3960 μήν
2721 3889 2810 3943 καὶ
2841 3891 2959 3944 καθ’
3002 3887 3183 3966 ἕτερον
3232 3893 3435 3965 τρόπον
3483 3892 3550 3947 τὰ
3595 3897 3696 3960 τῆς
3732 3911 3822 3958 νη-

2193 3977 2370 4040 στείας
2407 3977 2608 4046 ταύτης
2649 3979 2969 4053 θεωρητέον.
3011 3981 3247 4056 Ἡμέρας
3288 3983 3350 4036 τὸ
3399 3982 3612 4054 σύμπαν
3663 3981 3824 4036 εἰπεῖν

2192 4068 2590 4139 τεσσαράκοντα
2618 4067 2706 4122 καὶ
2757 4069 2900 4124 ὀκτὼ
2929 4070 3178 4139 νηστείαν
3227 4069 3373 4145 ἄγειν
3418 4069 3471 4125 έν
3518 4071 3697 4144 τούτῳ
3738 4069 3827 4122 τοῦ

2194 4160 2385 4230 καιροῦ
2433 4159 2877 4232 προστετάγμεθα
2909 4180 2921 4192 ·
2974 4159 3069 4222 τὰς
3125 4160 3219 4232 μὲν
3269 4159 3686 4234 τεσσαράκοντα,
3717 4157 3828 4213 καθ’

2194 4245 2434 4319 ἱστορίαν
2494 4253 2594 4316 τῆς
2647 4252 2743 4302 τοῦ
2803 4249 3002 4320 Κυρίου
3061 4250 3334 4320 νηστείας,
3495 4252 3828 4326 φραξάμενος

2195 4338 2330 4392 κατά
2370 4338 2432 4391 τὸ
2477 4336 2836 4410 ἀνθρώπινον,
2883 4338 2975 4392 τὸν
3026 4337 3292 4412 ἡμέτερον
3343 4337 3462 4394 εἷλε
3521 4339 3783 4412 πολέμιον
3813 4350 3826 4363 ’

2195 4425 2288 4486 τὰς
2347 4421 2392 4478 δ’
2440 4425 2701 4498 ἑπομένας
2747 4427 2968 4490 ταύταις
3017 4429 3181 4495 ὀκτὼ,
3231 4428 3349 4484 κατ’
3395 4424 3678 4483 εὐλάϐειαν
3727 4429 3828 4480 τῶν

2199 4515 2487 4587 σωτηρίων
2537 4514 2699 4569 αὐτοῦ
2730 4518 3067 4588 παθημάτων
3104 4536 3117 4548 ·
3166 4515 3295 4572 ἀλλ’
3341 4519 3397 4571 αἱ
3451 4517 3564 4589 μὲν,
3594 4517 3657 4571 τὸ
3701 4518 3827 4571 θεω-

449 4613 504 4661 et
535 4606 606 4662 ad
636 4610 902 4661 octavum
933 4611 990 4660 et
1016 4604 1507 4658 interminabilem
1533 4605 1687 4659 diem
1712 4607 1962 4676 erigunt,
1987 4623 2077 4661 no:

2199 4604 2419 4679 ρητικὸν
2463 4606 2620 4676 ἡμῶν
2679 4604 2994 4676 ἀνάπτουσι,
3041 4606 3131 4660 καὶ
3175 4607 3310 4680 πρὸς
3367 4609 3468 4675 τὴν
3526 4604 3829 4678 μέλλουσαν

449 4697 756 4752 reddentes
814 4693 962 4749 ﬁlios
1017 4693 1186 4760 lucis,
1246 4699 1303 4748 et
1375 4710 1629 4749 amorem
1695 4694 1827 4749 ﬁliis
1887 4712 2090 4752 conve-

451 4785 704 4840 nientem
746 4799 877 4838 cum
932 4783 1146 4855 pietate
1178 4783 1446 4838 ferentes.
1480 4783 1574 4837 Illi.
1615 4799 1824 4838 verouo
1867 4786 2088 4854 passio-

451 4874 624 4929 nibus
657 4873 874 4928 nostris
904 4872 1236 4944 superiores
1259 4877 1554 4942 prastant,
1586 4879 1642 4926 et
1662 4889 1897 4944 corpore
1918 4879 2094 4944 atque

450 4963 696 5018 terrenis
729 4979 833 5018 nos
867 4964 1076 5030 levant,
1117 4967 1173 5017 et
1203 4963 1472 5018 timorem
1508 4962 1848 5033 originalem
1880 4962 2095 5018 cientes

452 5054 799 5113 accendunt,
858 5053 955 5124 qui
1007 5053 1298 5108 carniﬁcis
1367 5053 1628 5108 adinstar
1681 5052 2091 5108 conscientiam

451 5148 712 5197 nostram
745 5141 1088 5196 delictorum
1129 5139 1546 5206 recordatione,
1589 5149 1641 5194 et
1675 5157 1972 5211 poenarum
2005 5149 2098 5196 ta-

451 5231 585 5286 liter
615 5232 786 5286 vitam
819 5231 1187 5286 trahentibus
1208 5231 1534 5285 debitarum
1559 5232 1916 5301 compungit.
1942 5233 2096 5296 Quo-

452 5323 608 5376 niam
642 5337 774 5376 vero
823 5321 1276 5392 Quadragesima
1323 5328 1573 5390 quatuor
1611 5321 1925 5375 decadibue
1956 5336 2094 5375 oon-

452 5418 584 5477 slat,
636 5408 759 5478 jam
827 5408 1250 5464 consideranda
1304 5409 1456 5462 venit
1513 5424 1647 5478 pars
1707 5413 1932 5478 quarta,
1993 5423 2092 5462 seu

452 5503 653 5563 tetras,
688 5503 748 5550 ut
778 5513 906 5551 sese
945 5497 1138 5563 habet,
1174 5504 1288 5551 tam
1324 5497 1379 5550 in
1422 5495 1773 5551 monadihus
1814 5512 1989 5566 quam
2037 5496 2093 5549 in

450 5586 783 5644 decadlbus.
820 5587 1085 5642 Sumitur
1116 5587 1350 5656 quidem
1388 5594 1449 5642 ut
1494 5586 1810 5656 plurimum
1844 5586 1900 5640 in
1932 5603 2095 5641 sacro

453 5677 652 5734 codice
681 5692 785 5748 pro
816 5674 967 5732 malo
1006 5683 1058 5732 et
1103 5692 1306 5747 pcena:
1341 5684 1394 5731 et
1437 5675 1750 5747 aliquando
1781 5691 1973 5732 rerum
2007 5675 2095 5731 di-

2200 4690 2400 4767 ὀγδόην
2451 4694 2540 4747 καὶ
2583 4692 2970 4764 ἀκατάληπτον
3020 4696 3405 4768 ἀναπτεροῦσιν
3457 4694 3687 4768 ἡμέραν,
3732 4707 3833 4770 φω-

2198 4785 2291 4844 τὸς
2362 4781 2511 4843 υἱοὺς
2569 4784 2907 4850 καθιστᾶσαι,
2975 4783 3066 4838 καὶ
3139 4785 3237 4852 τήν
3315 4784 3453 4839 υἱέσι
3530 4785 3833 4858 πρέπουσαν

2202 4871 2418 4946 ἀγάπην
2448 4873 2539 4924 σὺν
2589 4867 2846 4944 εὐλαϐείᾳ
2876 4871 3192 4944 πορίζουσαι
3227 4891 3240 4905 ⁶
3293 4873 3347 4926 αἱ
3397 4870 3475 4943 δὲ,
3505 4877 3612 4927 τῶν
3659 4873 3838 4928 παθῶν

2204 4963 2351 5032 ἡμᾶς
2400 4966 2662 5033 περιεῖναι
2711 4966 2950 5030 ποιοῦσι,
2996 4963 3085 5015 καὶ
3133 4966 3229 5016 τοῦ
3279 4963 3553 5034 σώματος,
3600 4963 3689 5017 καὶ
3734 4962 3834 5016 τῶν

2202 5046 2406 5123 γηίνων
2453 5049 2791 5126 κουφίζουσι,
2841 5051 2929 5104 καὶ
2977 5050 3298 5106 ἀπανιστᾶσι
3347 5053 3440 5106 τὸν
3502 5068 3836 5126 στοιχειωτι-

2205 5138 2296 5191 κὸν
2330 5137 2616 5193 ἐντιθεῖσαι
2648 5135 2842 5216 φόϐον,
2876 5138 3080 5213 δημίου
3113 5138 3265 5212 δίκην
3299 5143 3361 5195 τὸ
3393 5137 3637 5205 συνειδὸς
3684 5142 3835 5210 ἡμῶν

2206 5227 2454 5295 στίζοντα
2501 5231 2569 5300 τῇ
2623 5231 2810 5302 μνήμῃ
2856 5234 2963 5284 τῶν
3016 5229 3408 5302 ἐπταισμένων,
3459 5229 3547 5284 καὶ
3595 5235 3702 5284 τῶν
3748 5226 3838 5281 €11:-

2205 5322 2532 5392 ηρτημένων
2585 5327 2704 5384 τοῖς
2760 5320 2905 5376 οὕτω
2967 5322 3149 5394 βιοῦσι
3214 5319 3518 5388 κολάσεων,
3578 5321 3712 5373 κατᾶ
3779 5312 3836 5366 τὸ

2205 5411 2404 5486 φάσκον
2455 5408 2662 5484 λόγιον,
2709 5413 2805 5483 Τῷ
2853 5406 3009 5487 φόϐῳ
3057 5412 3253 5483 Κυρίου
3305 5408 3540 5466 ἐκκλίνει
3591 5414 3692 5470 πᾶς
3738 5403 3834 5460 ἀπὸ

2203 5504 2391 5554 κακοῦ.
2427 5499 2574 5555 Ἐπεὶ
2625 5497 2680 5554 δὲ
2710 5502 2744 5569 ἡ
2791 5502 3189 5574 τεσσαρακοστή
3238 5498 3294 5553 ἐκ
3345 5495 3583 5553 δεκάδων
3631 5499 3833 5571 σύγκει-

2185 5608 2289 5670 ,ται
2321 5589 2535 5649 πάντως
2583 5589 2873 5663 τεσσάρων,
2921 5589 3085 5655 αὐτὴν
3128 5585 3236 5658 ἤδη
3287 5590 3386 5657 τήν
3432 5585 3662 5661 τετράδα
3708 5589 3831 5641 θεω-

2204 5678 2419 5750 ρητέον,
2450 5677 2600 5742 ὅπως
2649 5677 2757 5734 εἴτε
2796 5678 2846 5734 ἐν
2895 5680 3140 5750 μονάσιν,
3173 5677 3279 5733 εἴτε
3325 5676 3378 5732 ἐν
3429 5673 3643 5732 δεκάσιν
3688 5668 3825 5747 εὑρί-
