4098 6332
220 409 324 468 153

1250 400 1696 462 SYNTAGMA
1739 400 2370 465 ALPHABETICUM.
2419 438 2494 446 —
2535 405 2585 463 Τ

3529 396 3645 455 154

216 557 416 594 σκεται.
451 537 581 591 Ἐπὶ
614 535 911 595 κακώσεως
955 534 1049 605 μὲν
1099 534 1174 594 ὡς
1229 529 1421 586 ἐπίπαν
1473 533 1561 586 καὶ
1607 533 1882 605 τιμωρίας

2004 536 2254 592 vinarum
2305 535 2492 591 exitus
2540 534 2814 590 ostendit.
2875 533 3019 587 Nam
3076 530 3190 586 Deo
3251 528 3484 599 quidem
3545 543 3641 597 per

215 621 554 699 λαμϐάνεται
596 625 745 698 παρᾶ
794 626 862 696 τῇ
915 626 1102 698 Γραφῇ
1136 638 1149 651 ·
1204 619 1424 696 ἐνιαχοῦ
1479 617 1536 676 δὶ
1579 620 1670 675 καὶ
1726 619 1883 675 θείων

212 712 466 776 ἐκϐάσεις
500 713 813 790 ὑπογράφει
850 712 1189 786 πραγμάτων
1222 729 1236 743 ο
1289 707 1501 783 ἡμέρας
1554 709 1646 764 καὶ
1677 711 1781 786 γὰρ
1830 713 1887 783 μ’

213 806 301 859 καὶ
362 805 563 862 νύκτας
615 800 736 862 ἴσας
788 799 974 862 ὕοντος
1020 804 1117 854 τοῦ
1173 803 1329 868 Θεοῦ,
1383 801 1411 853 6
1474 800 1644 873 μέγας
1700 803 1768 872 τῇ
1813 803 1885 872 γῇ

211 892 442 950 κλύδων
471 891 630 965 ἐπῄει
675 910 692 926 ο
753 892 889 966 πρὸς
938 892 967 944 '6
1008 891 1100 944 καὶ
1151 892 1315 962 ἡμεῖς
1365 890 1666 966 ἀφορῶντει
1709 891 1887 963 παρά-

215 980 446 1056 δειγμα,
502 984 587 1051 τῷ
645 977 750 1050 ἰ¹σῷ
826 977 924 1032 τοῦ
1005 976 1395 1048 κατακλυσμοῦ
1479 982 1584 1031 τῶν
1662 979 1886 1050 ἡμερῶν

214 1071 448 1143 ἀριθμῷ
507 1068 972 1139 κατανυσσόμενοι
1031 1066 1119 1120 καὶ
1167 1067 1496 1134 πενθοῦντει,
1559 1072 1674 1126 τοίς
1732 1063 1887 1120 ὕδασι

213 1163 331 1212 τῶν
393 1155 643 1229 δακρύων
704 1156 767 1210 τὸ
821 1162 920 1224 τῆς
978 1155 1249 1228 ἁμαρτίας
1311 1151 1682 1230 διαγράφομεν
1737 1153 1887 1230 ἄγος.

215 1247 563 1321 Τετρακόσια
631 1242 725 1315 ἔτη
778 1245 859 1316 τῷ
902 1240 1156 1318 Ἀϐραὰμ
1214 1245 1241 1298 6
1301 1245 1428 1304 Θεὸς
1489 1246 1886 1318 κεχρημάτικε,

214 1339 279 1393 τὸ
339 1334 497 1391 ῗόιον
551 1336 718 1390 αὐτοῦ
772 1334 928 1409 γένος
979 1332 1325 1402 δουλωθῆναι
1371 1335 1505 1408 πρὸς
1563 1340 1671 1388 τῶν
1719 1335 1888 1410 Αἰγυ-

214 1431 429 1495 πτίωτ,
485 1427 576 1481 καὶ
638 1427 972 1493 κακωθῆναι,
1012 1425 1102 1478 καὶ
1163 1423 1356 1498 μυρίαν
1421 1423 1599 1478 αἰκίαν
1659 1424 1885 1498 ὑπενεγ-

214 1525 358 1589 κεῖν,
394 1519 424 1571 ’ὸ
473 1515 543 1583 δή
576 1515 666 1569 καὶ
711 1514 787 1576 εἰς
837 1509 994 1588 ἔργον
1047 1509 1362 1583 ἐκϐέϐηκεν.
1419 1514 1503 1566 Ἐν
1545 1514 1777 1587 ἡμέραις
1821 1514 1886 1568 οὐ

219 1603 536 1672 πλείοσινῆ
569 1605 622 1677 μ’
649 1609 768 1663 ταῖς
807 1603 1102 1673 θεηλάτοις
1157 1601 1385 1664 ἐκείναις
1434 1600 1683 1672 πληχαῖς
1713 1604 1742 1656 6
1788 1604 1885 1675 μέ·

217 1718 315 1772 γας
384 1699 592 1761 Μωσῆς
640 1693 738 1760 τήν
780 1691 1052 1764 Αἴγυπτον
1103 1691 1385 1762 μαστίξας,
1416 1693 1514 1759 τῆς
1555 1695 1652 1744 τοῦ
1684 1694 1886 1765 Φαραὼ

220 1784 482 1845 δουλείας
531 1783 624 1837 τὸν
675 1783 898 1857 Ἰσραὴλ
962 1779 1352 1856 ἠλευθέρωσεν,
1402 1782 1464 1836 Ἡ
1517 1780 1686 1854 μυρία
1739 1787 1885 1857 ενδερ.

220 1875 525 1950 γετώθεῖσα
580 1873 719 1926 κατά
773 1873 872 1939 τήν
932 1866 1138 1944 ἔρημον
1193 1871 1366 1944 γενεὰ,
1397 1871 1482 1924 καὶ
1537 1868 1626 1924 δίά
1678 1871 1888 1946 μυρίων

1996 625 2380 696 quadraginta
2428 625 2552 680 dies
2600 641 2664 679 ac
2711 631 2905 679 noctes
2967 620 3294 692 depluente,
3353 617 3639 674 diluvium

1995 718 2207 769 terram
2275 714 2602 786 superabat.
2675 713 2829 777 Quod
2891 711 3221 780 exemplum
3298 715 3350 764 et
3421 711 3648 762 nosmet

1998 803 2377 875 respicientes
2411 804 2528 874 pari
2564 819 2805 858 numero
2837 802 3058 856 dierum
3105 813 3236 854 cum
3272 796 3388 852 illis
3419 795 3646 863 diluvii,

1997 892 2325 962 compuncti
2369 907 2434 947 ac
2483 893 2795 948 fundentes
2849 894 3229 961 lacrymarum
3264 886 3476 953 undas,
3522 901 3650 956 pec-

1995 981 2105 1036 cati
2151 981 2604 1037 exsecrationem
2654 980 3035 1036 ostendimus.
3087 979 3236 1032 Deus
3286 976 3641 1030 Abraamum

1995 1072 2300 1128 admonuit
2340 1073 2455 1127 fore
2502 1075 2563 1126 ut
2607 1070 2820 1142 posteri
2871 1073 2998 1138 ejus
3047 1084 3145 1140 per
3184 1066 3643 1138 quadringentos

1995 1177 2182 1216 annos
2213 1161 2491 1232 Egyptiis
2539 1161 2840 1223 servirent,
2883 1163 2938 1212 et
2978 1157 3188 1212 misere
3237 1157 3636 1218 tractarentur,

1997 1258 2050 1304 et
2082 1249 2311 1304 infinita
2345 1249 2494 1304 mala
2528 1254 2886 1320 paterentur;
2925 1247 3078 1318 quod
3113 1245 3286 1300 etiam
3321 1244 3534 1298 factum
3557 1248 3646 1296 est

1996 1339 2055 1392 in
2109 1340 2314 1394 diebus
2365 1356 2478 1394 non
2536 1339 2804 1408 pluribus
2851 1352 3028 1408 quam
3078 1335 3162 1400 40,
3213 1348 3348 1388 cum
3399 1347 3644 1400 magnus

1997 1428 2186 1482 Moses
2236 1427 2416 1499 plagis
2463 1427 2579 1482 illis
2610 1445 2642 1482 a
2691 1427 2804 1482 Deo
2840 1425 3034 1480 missis
3083 1424 3392 1494 Egyptum
3440 1435 3643 1490 percu-

1996 1517 2165 1572 tiens.
2220 1515 2488 1572 lsraelem
2539 1533 2572 1570 a
2627 1517 2904 1571 servitute
2972 1511 3292 1568 Pharaonis
3356 1509 3637 1565 liberavit.

1996 1606 2231 1661 Infinita
2276 1605 2578 1677 progenies
2621 1606 2675 1659 in
2723 1621 2918 1660 eremo
2959 1603 3183 1658 abunde
3225 1600 3546 1668 benedicta,
3587 1604 3645 1652 et

1996 1695 2242 1750 inﬁnitis
2274 1697 2462 1751 modis
2497 1695 2974 1767 ingratitudinem
3008 1708 3176 1747 suam
3210 1691 3640 1754 demonstrans,

1997 1801 2150 1839 anno
2204 1786 2652 1857 quadragesimo
2699 1790 2928 1856 propter
2974 1780 3356 1853 pervicaciam
3401 1779 3477 1832 ibi
3524 1781 3642 1832 tota

1996 1873 2184 1928 deleta
2218 1883 2322 1927 est.
2380 1875 2602 1928 Maduit
2645 1873 2794 1927 enim
2845 1870 3231 1944 polytheismo
3283 1867 3520 1938 Egypti,
3569 1865 3640 1920 ad

221 1962 617 2036 ἐπιδειξαμὲνη
662 1961 726 2016 τὸ
781 1960 1102 2035 ἀχάριστον,
1151 1965 1229 2032 τῷ
1283 1965 1699 2034 τεσσαρακοστῷ
1759 1960 1884 2029 ἔτει,

2004 1964 2320 2020 satietatem
2353 1965 2521 2020 illum
2570 1934 2884 2029 imbibens,
2933 1934 2989 2019 et
3036 1963 3268 2018 tandem
3322 1934 3638 2015 insolenter

225 2052 313 2108 διὰ
341 2054 407 2107 τὸ
448 2051 767 2121 ἀνηκεστον,
813 2051 998 2104 αὐθότι
1031 2054 1176 2104 πᾶσα
1221 2048 1586 2119 κατέστρωται
1623 2069 1636 2082 ·
1685 2048 1888 2124 ἄκρατα

1997 2069 2122 2109 sese
2153 2059 2354 2109 contra
2384 2053 2566 2110 Deum
2603 2054 3023 2109 benefactnrem
3057 2053 3320 2106 efferens.

220 2145 323 2218 γὰρ
375 2143 442 2210 ἧν
496 2141 768 2213 μεθύουσα
812 2139 877 2193 τὸ
925 2145 1022 2208 τῆς
1073 2136 1352 2216 Αἰγύπτου
1402 2137 1693 2209 πολύθεον,
1724 2139 1803 2202 εἰς
1846 2138 2007 2214 κόρον
2054 2142 2250 2196 τούτου
2299 2147 2516 2211 πιοῦσα,
2551 2143 2640 2198 καὶ
2700 2141 2787 2198 διὰ
2836 2141 3027 2204 τέλους
3079 2141 3153 2203 εἷς
3201 2141 3292 2195 τὸν
3350 2137 3642 2214 εὐεργέτην

225 2235 358 2289 Θεὸν
394 2225 772 2304 ἐξυϐρίζουσα.

299 2321 458 2380 Ἀλλ’
513 2319 635 2376 οὐδ’
685 2322 712 2375 6
766 2322 933 2396 μέγας
975 2318 1026 2374 ἐν
1086 2323 1166 2391 τῷ
1223 2318 1633 2393 Δευτερονομίῳ
1685 2322 1888 2386 Μωσῆς

232 2417 369 2485 ἆξεοῖ
400 2411 634 2473 πλείους
665 2417 775 2466 τῶν
808 2411 1206 2486 τεσσαράκοντα
1251 2411 1428 2464 παίειν
1479 2411 1572 2464 τὸν
1609 2409 1885 2484 πλημμε-

235 2505 502 2574 λήπντα,
532 2503 857 2574 προσθήκην
895 2502 996 2575 γάρ
1028 2495 1238 2573 ὕϐρεως
1281 2500 1380 2567 τὴν
1426 2501 1743 2573 προσθήκην
1790 2507 1890 2569 τῆς

242 2594 501 2667 μάστιγος
533 2594 614 2662 τῷ
642 2589 911 2665 πάσχοντι
952 2588 1229 2664 ἐλογίζετο
1265 2606 1276 2619 ⁸
1317 2591 1487 2663 ταύτῃ
1519 2610 1605 2643 τοι
1636 2589 1724 2644 καί
1773 2596 1890 2652 τοῖς

239 2680 526 2740 Ἰουδαίοις
576 2685 761 2753 ἤρεσε,
804 2682 930 2752 μιᾶς
984 2674 1210 2747 δεούσης
1267 2677 1463 2740 ταύτας
1524 2678 1892 2752 ἐπάγειν,“ίνα

235 2775 307 2846 μή
339 2775 437 2826 τὸν
473 2769 904 2842 τεσσαρακοστὸν
952 2767 1299 2837 ἐθελήσαντες
1342 2767 1592 2843 πληροῦν
1638 2769 1891 2843 ἀριθμὸν,

226 2862 314 2916 καὶ
500 2857 651 2932 ῥύμῃ
703 2865 800 2927 τῆς
842 2859 1029 2932 χειρὸς
1078 2857 1458 2931 περιττοτέρας
1509 2859 1888 2935 ἐπενεχθείσης

227 2949 483 3024 πληγῆς,
545 2947 638 3002 καὶ
698 2943 914 3007 ἄκοντες
969 2945 1061 3000 τὸν
1121 2948 1460 3019 τυπτόμενον
1511 2948 1817 3020 ἀτιμάσωσι
1876 2968 1888 2980 ·

229 3040 376 3114 παρὸ
435 3039 527 3091 καὶ
591 3037 620 3090 ὁ
674 3035 843 3111 μέγας
913 3035 1126 3097 Παῦλος
1187 3037 1438 3098 πεντάκις
1498 3038 1895 3112 τεσσαρακὸντα

235 3149 343 3201 παρ
355 3130 386 3182 ἀ
421 3125 550 3200 μίαν
576 3125 818 3199 εἰλήφει.

305 3195 589 3284 ἐῌνίττετο
630 3195 741 3268 δὶγύ
781 3213 971 3286 νόμος,
1001 3215 1075 3275 ὡς
1131 3215 1186 3269 αἰ
1246 3215 1502 3288 μάστιγες
1564 3216 1894 3290 ἁμαρτανόν-
1924 3195 1968 3262 C

232 3327 339 3360 των
391 3304 529 3379 ἆχρι
573 3307 674 3370 τῆς
724 3299 1177 3376 ἐνανθρωπήσεως
1223 3307 1320 3356 τοῦ
1370 3307 1609 3376 Χριστοῦ
1656 3304 1743 3358 καὶ
1794 3311 1893 3372 τῆς

235 3394 292 3448 ἐκ
320 3397 536 3468 νεκρῶν
588 3390 754 3445 αὐτοῦ
803 3390 1137 3450 ἀναστάσεως
1197 3391 1258 3445 τὸ
1315 3390 1531 3468 ἐνεργὸν
1581 3394 1754 3471 εἰχον,
1795 3413 1895 3446 πε-

240 3482 479 3556 ραιτέρω
541 3477 598 3534 δὲ
648 3479 714 3534 οὐ
762 3474 1096 3552 προέϐησαν,
1148 3476 1542 3554 δωρησαμένου
1592 3487 1722 3535 πᾶσι
1779 3487 1895 3542 τοῖς

235 3569 590 3625 πιστεύουσιν
624 3569 698 3630 εἰς
740 3568 905 3622 αὐτὸν
953 3564 1041 3621 διὰ
1095 3573 1192 3623 τοῦ
1247 3569 1620 3644 βαπτίσματος
1681 3570 1896 3626 ἐλευθε-

239 3681 358 3734 ριαν
398 3663 512 3713 τῶν
546 3656 636 3713 ἐπὶ
671 3662 786 3718 τοῖς
837 3656 1415 3731 πεπλημμελημένοις
1465 3659 1763 3718 κολάσεων.
1795 3663 1894 3715 Τὸν

237 3751 341 3825 γὰρ
373 3749 498 3803 καθ’
557 3750 707 3820 ἡμᾶς
753 3750 942 3801 τοῦτον
974 3746 1145 3801 αἰῶνα
1194 3747 1270 3809 εἰς
1330 3754 1366 3802 ε’
1397 3747 1728 3822 διαιροῦντες
1776 3771 1896 3804 και-

244 3839 369 3912 ροὺς
405 3838 458 3891 οἱ
492 3840 592 3890 τοῦ
615 3834 952 3908 Πνεύματος,
988 3839 1034 3889 α’
1070 3837 1164 3908 μὲν
1217 3835 1354 3890 εἶναί
1400 3858 1526 3914 φασι
1583 3841 1701 3892 καθ’
1749 3839 1807 3893 ’ὸν
1847 3839 1898 3894 ἐν

243 3934 319 4000 τῷ
383 3923 704 3999 παραδείσῳ
733 3923 958 4000 ξδιάγων
1007 3926 1073 3994 ἦν
1126 3923 1320 3999 Ἀδάμ.
1379 3928 1447 4000 β’,
1479 3928 1568 3981 τὸν
1608 3927 1693 3982 ἐπὶ
1727 3933 1846 3984 Νῶε
1879 3947 1892 3961 ·

242 4025 310 4091 Υό
351 4017 415 4071 ὃν
480 4015 648 4090 μέγας
694 4009 948 4089 Ἀϐραὰμ
992 4019 1062 4088 τῇ
1131 4022 1230 4084 τῆς
1298 4012 1567 4078 εὖσεδείας
1633 4019 1894 4093 περιήγα-

240 4127 324 4181 γεν
360 4102 540 4178 αἴγλῃ
571 4121 586 4136 ⁸
618 4102 708 4157 τὸν
744 4099 790 4156 δ’
830 4104 922 4156 σὺν
972 4109 1090 4166 τοῖς
1125 4102 1348 4166 λοιποῖς
1396 4108 1702 4182 προφήταις
1735 4108 1762 4162 6
1799 4106 1896 4178 μέ-

239 4214 344 4266 γασ
402 4190 704 4266 ἐπλήρωσε
762 4197 964 4254 Μωσῆς
1002 4212 1015 4224 ·
1076 4199 1110 4246 ε’
1144 4193 1238 4264 μὶν
1299 4214 1385 4247 τοι
1444 4194 1530 4248 καὶ
1561 4196 1894 4267 τελευταῖον,

238 4285 464 4352 ἡνίκαὴ
518 4287 626 4336 τῶν
667 4283 876 4355 ἀγαθῶν
922 4281 1206 4337 τελευταία
1254 4283 1414 4360 φορά,
1464 4287 1498 4354 ἡ
1546 4290 1643 4339 τοῦ
1703 4292 1897 4354 Σωτῆ-

243 4393 353 4446 ρος,
415 4371 592 4449 φημὶ,
653 4369 1085 4445 ἐνανθρώπησις,
1149 4371 1315 4446 ὤρεξε
1369 4374 1528 4428 παντί
1580 4379 1657 4445 τῷ
1702 4374 1895 4447 κόσμῳ

239 4464 339 4532 τήν
371 4460 712 4516 ἀνακαίνισιν
747 4479 760 4492 °
794 4458 875 4538 ἐφ’
931 4461 1161 4516 ἑκάστου
1220 4462 1326 4536 γὰρ
1383 4461 1589 4517 τούτων
1639 4469 1746 4517 τῶν
1779 4485 1894 4518 και-

2072 2325 2180 2380 Sed
2212 2341 2317 2382 nec
2365 2342 2611 2395 magnus
2661 2329 2846 2381 Moses
2884 2324 2943 2378 in
2985 2322 3430 2378 Deuteronomio
3461 2321 3648 2376 delin-

1999 2422 2273 2484 quentem
2309 2414 2574 2486 pluribus
2623 2431 2795 2487 quam
2849 2414 3230 2485 quadraginta
3270 2413 3454 2482 plagis
3484 2409 3642 2466 luere

2001 2504 2152 2572 vult;
2185 2506 2321 2576 quia
2353 2507 2656 2576 reputabat
2685 2505 3076 2560 accessionem
3103 2502 3396 2572 plagarum
3421 2500 3640 2571 ignomi

2000 2594 2155 2649 niam
2209 2595 2549 2666 perpetienti
2597 2595 2822 2650 addere.
2875 2594 3061 2658 Quare
3091 2597 3146 2648 et
3174 2591 3393 2646 Judaeis
3427 2589 3642 2660 placuit

2001 2683 2176 2739 hasce
2205 2683 2374 2739 unica
2405 2684 2639 2753 dempta
2688 2684 2916 2747 inferre,
2953 2699 3022 2736 ne
3045 2696 3352 2736 numerum
3385 2679 3639 2750 quadra-

2001 2773 2305 2844 genarium
2337 2773 2653 2844 adimplere
2684 2775 3004 2835 studentes,
3041 2779 3266 2842 propter
3295 2769 3487 2840 ipsum
3525 2784 3640 2821 ma-

2005 2865 2421 2934 nusimpetum
2473 2865 2742 2936 pluribus
2795 2863 2968 2917 illatis
3019 2860 3225 2932 plagis,
3267 2861 3436 2914 etiam
3472 2857 3639 2911 inviti

2003 2956 2377 3027 vapulantem
2408 2957 2747 3012 lacerarent.
2783 2955 2860 3010 De
2892 2971 3004 3026 quo
3035 2958 3092 3007 et
3125 2968 3368 3020 magnus
3403 2949 3644 3018 Paulus,

2004 3046 2320 3114 Quinquies
2352 3046 2739 3118 quadraginta
2770 3062 2883 3102 una
2914 3045 3106 3101 minus
3133 3041 3345 3113 accepi,
3379 3041 3481 3096 ait.

2078 3223 2271 3277 Innuit
2302 3227 2496 3277 autem
2544 3222 2632 3277 lex
2671 3224 2822 3292 quod
2859 3221 3032 3294 plagae
3065 3219 3430 3292 peccantium
3466 3233 3644 3287 usque

2003 3311 2071 3366 ad
2106 3310 2565 3366 incarnationem
2604 3310 2817 3366 Christi
2851 3320 2902 3365 et
2942 3309 3424 3364 resurrectionem
3457 3305 3646 3374 ipsius

2002 3416 2032 3456 e
2064 3401 2307 3454 mortuis
2347 3401 2706 3467 obtinebant,
2740 3399 2981 3454 ulterius
3012 3403 3205 3453 tamen
3239 3413 3352 3452 non
3379 3395 3648 3466 procede-

2004 3486 2164 3552 bant,
2212 3491 2556 3542 concedente
2600 3487 2830 3543 Christo
2874 3486 3235 3541 omnibusin
3281 3484 3474 3555 ipsum
3515 3499 3643 3538 cre-

2006 3576 2279 3631 dentibus
2312 3592 2407 3646 per
2450 3577 2809 3647 baptismum
2851 3575 3175 3630 debitarum
3212 3587 3512 3644 pmnarum
3543 3573 3642 3624 de-

2004 3663 2156 3719 lictis
2188 3665 2309 3720 suis
2341 3665 2760 3720 remissionem.
2795 3665 2937 3720 Nam
2968 3660 3413 3734 virispirituales
3437 3659 3639 3713 mundi

2003 3760 2203 3811 aatates
2224 3755 2283 3808 in
2307 3754 2564 3824 quinque
2586 3754 3023 3819 distribuentcs,
3051 3755 3297 3824 primam
3330 3764 3456 3804 esse
3475 3765 3639 3804 aese-

2004 3849 2159 3904 runt,
2195 3861 2369 3913 quam
2403 3844 2462 3899 in
2497 3846 2760 3914 paradiso
2791 3845 2904 3912 egit
2929 3845 3134 3909 Adam,
3169 3841 3481 3897 secundam
3513 3855 3642 3909 qua:

2003 3932 2076 3987 ad
2107 3933 2399 3989 Noachum
2427 3934 2678 4004 pertigit,
2717 3934 2945 3989 tertiam
2979 3948 3152 4004 quam
3187 3947 3433 4002 magnus
3463 3931 3642 3984 Abra-

2003 4021 2216 4078 hamus
2269 4023 2481 4078 illustri
2535 4024 2744 4094 pietate
2796 4021 3096 4093 transegit,
3143 4025 3408 4090 quartam
3458 4020 3643 4074 Moses

2001 4111 2098 4167 ille
2148 4128 2392 4183 magnus
2432 4117 2488 4167 et
2537 4113 2948 4186 prophetarum
2994 4111 3183 4167 caeteri
3233 4110 3642 4180 complebant;

2001 4201 2265 4271 quintam
2297 4219 2426 4258 vero
2457 4219 2521 4257 ac
2550 4203 2839 4270 ultimam,
2863 4203 3095 4274 quando
3121 4201 3327 4256 ultima
3349 4200 3636 4254 bonorum

2001 4292 2274 4357 accessio,
2329 4293 2668 4359 incarnatio,
2701 4293 2962 4363 inquam,
2996 4293 3148 4347 242
3180 4290 3496 4345 Salvatoris
3537 4287 3640 4341 toti

2001 4382 2220 4434 mundo
2253 4383 2679 4438 renovationem
2713 4382 2922 4436 attulit.
2955 4381 3203 4436 Cuilibet
3239 4381 3395 4434 enim
3430 4379 3637 4433 horum

2001 4473 2332 4540 temporum
2392 4472 2564 4524 etiam
2623 4471 2712 4524 lex
2769 4471 3116 4526 conveniens
3165 4467 3299 4523 data
3347 4476 3465 4534 est;
3507 4469 3643 4522 Adae

242 4557 348 4626 ρῶν
380 4551 475 4605 καί
507 4551 684 4622 νόμος
719 4550 744 4603 6
787 4551 1079 4622 προσήκων
1123 4548 1355 4622 ἐδίδοτο,
1388 4552 1467 4624 τῷ
1511 4554 1606 4637 μὲν
1656 4550 1832 4625 ’Δδάμ
1863 4555 1890 4608 6

2004 4559 2229 4628 quidem
2262 4561 2561 4627 naturalis,
2595 4563 2709 4616 sive
2740 4561 3126 4628 conscientite,
3161 4575 3335 4631 quam
3368 4558 3464 4614 ille
3494 4562 3645 4630 post-

240 4641 491 4714 φυσικὸς,
540 4640 569 4694 6
619 4642 718 4704 τῆς
785 4638 1162 4709 συνειδήσεως,
1213 4642 1272 4696 ’ὃν
1327 4642 1633 4712 ἠθετηκὼς,
1677 4641 1893 4706 εὐθύνας

241 4727 582 4803 εἰσεπράχοη
615 4733 716 4796 τῆς
746 4721 1102 4801 παραϐάσεως
1135 4748 1149 4762 ο
1200 4730 1227 4783 6
1273 4735 1374 4798 τῆς
1425 4731 1770 4805 κρεωφαγίας
1802 4731 1890 4784 καί

246 4819 560 4878 οἰνοποσίας
588 4820 669 4888 τῷ
700 4818 825 4872 Νῶε
857 4834 870 4846 ·
904 4821 981 4888 τῷ
1012 4818 1286 4894 Ἀβραάμ,
1329 4820 1358 4874 ὁ
1399 4826 1498 4888 τῆς
1551 4827 1855 4894 περιτομῆς
1880 4838 1894 4851 ·

254 4908 280 4962 6
317 4908 562 4984 γραπτὸς
611 4905 786 4978 νόμος
835 4906 894 4960 ἐκ
938 4906 1079 4966 θείας
1119 4905 1483 4983 ἐπιφροσύνης
1534 4907 1621 4963 διὰ
1652 4909 1894 4971 Μωσέως

245 5000 368 5050 πᾶσι
424 5000 550 5057 τοῖς
610 4993 662 5068 ἐξ
715 4993 922 5049 ἐκείνου
962 4996 1086 5069 περὶ
1134 4996 1394 5051 πλείστου
1443 4999 1796 5069 ποιουμένοις
1833 4999 1894 5052 τὸ

253 5081 492 5140 εὐσεϐεῖν
529 5105 542 5118 ο
566 5090 632 5140 ⁸0
659 5104 718 5157 γε
753 5085 862 5156 μὴν
904 5085 1098 5158 Σωτήρ
1115 5083 1448 5153 τελευταῖον,
1481 5087 1542 5141 τὸ
1585 5093 1686 5156 τῆς
1732 5089 1889 5163 χάρι-

242 5193 325 5235 τος
355 5171 723 5248 Εὐαγγέλιον,
755 5178 844 5226 καί
873 5173 973 5240 τὴν
1023 5169 1224 5246 δαψίλῆ
1278 5174 1550 5249 χορηγίαν
1586 5179 1682 5230 τοῦ
1724 5177 1890 5232 Πνεῦ-

251 5283 409 5334 ματος
470 5265 608 5335 ἡμῖν
671 5259 992 5335 ἐδωρήσατο
1045 5281 1058 5293 ·
1119 5263 1210 5317 τὸν
1241 5261 1300 5318 δέ
1346 5263 1658 5320 τελευταῖον
1698 5271 1891 5320 τοῦτον

245 5353 421 5424 καιρὸν
472 5351 766 5407 αἰνίττεται
800 5351 892 5405 καὶ
924 5350 1006 5419 τὸ,
1042 5353 1268 5427 Πέμπτῃ
1326 5352 1382 5407 δὲ
1428 5360 1581 5428 γενεᾷ
1624 5351 1886 5423 ἀνέϐησαν

247 5441 292 5493 οἱ
322 5442 428 5496 υἱοὶ
479 5440 706 5517 ’Ῑσραήλ
867 5440 1140 5514 Δίγύπτού
1169 5461 1180 5475 '
1237 5442 1290 5497 ἦν
1339 5443 1518 5515 τούτῳ
1568 5445 1671 5520 γὰρ
1703 5452 1802 5514 τῆς
1830 5466 1888 5499 τε

246 5534 343 5584 τῶν
393 5528 686 5604 δαιμόνων,
739 5530 830 5584 καὶ
875 5535 974 5598 τῆς
1018 5534 1126 5584 τῶν
1192 5533 1376 5586 παθῶν
1439 5531 1885 5607 ἐλευθερωθέντες

2002 4646 2222 4704 habens
2289 4651 2507 4705 crimen
2573 4654 2869 4722 apostasia:
2950 4651 3222 4714 incurrit;
3281 4649 3371 4704 lex
3453 4651 3645 4704 carnis

2007 4738 2376 4794 comedenda;
2409 4756 2472 4794 ac
2499 4739 2695 4795 vinum
2729 4741 2963 4810 potandi
2998 4739 3227 4797 Neacho
3252 4756 3264 4805 ;
3289 4737 3640 4804 Abrahamo,

2007 4824 2106 4881 illa
2135 4828 2652 4897 Circumcisionis;
2705 4830 2793 4886 lex
2841 4836 3032 4885 autem
3080 4829 3295 4899 scripta
3343 4845 3410 4883 ex
3449 4827 3644 4882 divina

2005 4916 2385 4985 providentia,
2431 4935 2530 4989 per
2578 4919 2795 4975 Mosem
2855 4920 3129 4975 omnibus
3176 4935 3243 4972 ex
3296 4917 3397 4972 illa
3441 4917 3643 4988 pietati

2004 5020 2232 5076 operam
2320 5007 2686 5063 navantibus.
2772 5009 3037 5064 Salvator
3128 5007 3365 5061 demum
3452 5011 3645 5063 noster

2003 5092 2377 5164 Evangelium
2397 5097 2596 5166 gratiae
2617 5103 2672 5153 et
2692 5099 2984 5168 copiosam
3011 5094 3638 5168 Spirituslargitionem

2001 5183 2308 5240 concessit.
2360 5185 2749 5241 Novissimum
2801 5187 2906 5242 hoc
2966 5191 3198 5256 tempus
3247 5185 3536 5256 signiﬁcat
3583 5189 3639 5240 et

1999 5287 2278 5328 ascensus
2329 5275 2579 5330 filiorum
2649 5277 2823 5331 Israel
2872 5275 3244 5347 generatione
3294 5275 3527 5346 septima
3573 5290 3639 5329 ex

1998 5361 2236 5433 Egypto
2281 5380 2292 5418 :
2347 5364 2402 5419 in
2450 5364 2565 5421 isto
2608 5366 2761 5420 enim
2803 5383 2832 5420 a
2883 5365 3152 5420 servitute
3200 5365 3532 5419 daemonum
3585 5367 3641 5418 et

1995 5450 2271 5506 vitiorum
2318 5453 2548 5510 liberati
2589 5454 2773 5510 salute
2817 5471 2912 5525 per
2970 5471 3236 5526 magnum
3291 5453 3635 5510 sacriﬁcium

1997 5539 2279 5610 acquisita
2310 5545 2678 5614 perfruimur.

244 5613 501 5689 δουλείας,
531 5624 632 5689 τῆς
665 5618 759 5675 διὰ
789 5623 888 5674 τοῦ
923 5619 1168 5695 μεγάλου
1204 5621 1440 5693 οὐματος
1471 5623 1868 5695 ἀπηλαύσαμεν
1901 5628 2190 5700 σωτηρίας.

302 5711 562 5787 Τούτους³
615 5713 804 5786 οἶμαι,
834 5711 959 5772 τοὺς
1007 5717 1042 5765 ε’
1071 5711 1293 5787 καιροὺς
1335 5712 1693 5787 ὑποσημαίνει
1724 5715 1814 5768 καὶ
1848 5717 1881 5785 ἡ

2065 5721 2216 5778 Tum
2266 5725 2439 5782 etiam
2490 5727 2610 5783 haec
2655 5731 2876 5799 septem
2926 5731 3209 5801 tempora,
3269 5725 3426 5796 quod
3471 5727 3631 5795 puto,
