4098 6332
433 343 546 404 155

1706 352 2081 418 ΜΑΤΤΗἉΕΙ
2126 355 2554 422 BLASTABIS

3715 363 3834 426 156

427 477 736 535 subinnuit
765 483 822 536 et
851 481 1121 552 parabole
1153 482 1401 552 Domini,
1433 485 1532 556 qui
1563 484 1622 541 in
1655 485 1879 543 vineam
1900 505 2067 546 suam

2186 489 2333 565 παρᾶ
2386 495 2484 546 τοῦ
2544 491 2954 566 μισθωσαμένου
2984 491 3110 554 τοὺς
3159 491 3389 566 ἐργάτας
3421 492 3497 555 εἰς
3526 495 3618 550 τὸν
3664 495 3833 550 αὐτοῦ

425 569 721 639 cperarios
769 571 1065 626 conduxit.
1117 576 1290 644 atque
1349 573 1543 641 exivit,
1591 579 1649 630 et
1697 592 1868 632 mane
1916 578 2072 635 circa

429 657 634 712 horam
668 660 921 724 tertiam,
962 665 1018 715 et
1059 661 1233 716 etiam
1266 668 1538 730 sexta,,et
1576 681 1750 733 nona,
1801 671 1856 722 et
1888 668 2070 724 unde-

426 749 615 816 cima;
649 766 767 822 qua
788 750 1020 822 quidem
1046 752 1183 808 hora
1207 757 1262 808 et
1281 753 1549 808 Christus
1571 757 1846 811 conduxit
1867 763 2072 828 gentes

423 843 492 896 ad
545 859 720 914 opera
777 845 1176 916 spiritualium
1240 848 1650 904 mandatorum
1699 855 1947 906 vocatas.
1985 852 2072 906 ita

423 931 940 1010 etiam'lahorum
1035 935 1365 1006 premium,
1454 937 1706 1009 primum
1779 939 2068 1011 posterio-

423 1019 585 1075 ribus
607 1019 796 1078 datur.
841 1023 984 1080 Nam
1026 1041 1132 1080 nos
1165 1028 1654 1096 regenerationem
1707 1027 1880 1100 primi
1911 1029 2071 1085 obti-

427 1125 648 1181 nemus,
681 1113 832 1182 apud
866 1129 1015 1184 quos
1047 1117 1330 1171 mactatus
1353 1119 1442 1170 est
1468 1115 1748 1185 Christus,
1771 1117 1872 1188 qui
1895 1117 2068 1174 etiam

425 1215 738 1273 resurgens
766 1217 800 1256 a
847 1201 1094 1258 mortuis
1143 1203 1418 1274 Spiritum
1458 1214 1722 1261 sanctum
1774 1207 1836 1262 in
1884 1207 2068 1263 nostri

420 1289 853 1346 renovationem
938 1293 1274 1348 insufﬂavit.
1344 1293 1625 1357 Quoniam
1693 1310 1826 1351 vero
1904 1300 2068 1352 aetate

421 1379 624 1434 mundi
675 1380 875 1451 quinta
921 1397 1156 1436 carnem
1199 1382 1520 1454 assumpsit
1549 1383 1836 1454 Servator,
1869 1401 2066 1441 resur-

421 1467 567 1524 rexit
595 1473 788 1524 autem
822 1470 916 1525 die
947 1475 1148 1526 octavo
1177 1471 1417 1543 (quippe
1439 1481 1566 1544 post
1586 1473 1920 1544 septimam,
1945 1475 2068 1532 sive

419 1558 766 1626 Sabbatum,
789 1561 1056 1631 sequitur
1073 1560 1198 1616 dies
1219 1567 1443 1630 octava,
1462 1578 1586 1632 quae
1609 1569 1697 1618 est
1717 1562 2063 1632 Dominica):

419 1647 472 1702 si
493 1647 672 1702 ducas
695 1652 820 1704 octo
843 1647 900 1703 in
916 1649 1194 1720 quinque,
1210 1649 1450 1706 habebis
1463 1652 1876 1724 quadraginta,
1893 1669 2062 1724 quem

424 1751 738 1791 numerum
770 1736 1233 1808 delinquentium
1284 1737 1464 1810 plagis
1500 1739 1650 1795 haud
1683 1747 2066 1812 exsuperant;

2183 577 2504 652 ἀμπελῶνα,
2537 581 2599 643 ὃς
2627 579 2846 652 ἐξῆλθεν
2897 583 3010 656 ἅμα
3057 579 3205 656 πρωί
3245 581 3370 658 περὶ
3427 582 3612 658 τρίτην
3664 583 3834 658 ὥραν,

2181 669 2273 724 καὶ
2303 671 2365 738 ς’,
2417 671 2508 725 καὶ
2559 671 2623 738 θ’,
2669 671 2758 726 καὶ
2811 672 2896 740 ια’,
2945 673 3059 728 καθ’
3099 673 3134 742 ἤ
3185 671 3528 745 ἐμισθώσατο
3584 673 3652 729 τά
3708 668 3832 744 ἔθνη

2184 759 2213 813 6
2245 756 2474 833 Χριστὸς
2501 759 2818 833 κεκλημένα
2863 762 3002 836 πρὸς
3058 759 3310 837 ἐργασίαν
3367 766 3475 817 τῶν
3529 783 3854 835 πνεύματι--

2183 851 2290 902 κῶν
2324 845 2582 918 ἐντολῶν,
2615 848 2707 904 ὅτε
2761 848 2851 904 καὶ
2894 853 3002 904 τῶν
3039 844 3208 925 ἔργων
3268 851 3296 906 6
3354 852 3546 923 μισθὸς
3603 856 3827 927 πρῶτον

2180 942 2296 1000 τοῖς
2359 937 2604 1014 ὑστέροις
2657 936 2978 996 ἀποδίδοται
3021 959 3034 971 ·
3095 945 3313 1016 πρῶτοι
3378 942 3484 1019 γὰρ
3532 943 3700 1015 ἡμεῖς
3729 943 3829 1011 τήν

2181 1026 2530 1102 άναγέννησιν
2580 1029 2944 1102 κομιζόμεθα,
3013 1027 3096 1092 οἷς
3167 1029 3328 1102 ἐτύθη
3413 1031 3670 1106 Χριστὸς,
3737 1033 3832 1087 καὶ

2181 1114 2406 1172 ἀναστὰς
2462 1117 2525 1172 τὸ
2585 1119 2740 1192 ἅγιον
2793 1119 2866 1182 εἰς
2920 1119 3248 1176 ἂνακαίνισιν
3307 1123 3468 1194 ἡμῶν
3533 1118 3832 1200 ἐνεφύσησε

2182 1210 2420 1279 Πνεῦμα.
2452 1208 2604 1264 Ἐπεὶ
2637 1207 2818 1263 τοίνυν
2854 1207 3246 1279 ἐνηνθρώπησε
3296 1210 3390 1282 μὶν
3438 1211 3528 1266 τὸν
3578 1209 3830 1284 πέμπτον

2179 1297 2367 1370 καιρὸν
2397 1297 2426 1352 6
2483 1298 2702 1372 Σωτὴρ,
2735 1297 2940 1368 ’ἀνέστη
2992 1297 3052 1354 δὲ
3105 1301 3175 1363 τῆ
3227 1297 3399 1374 ὀγδόῃ
3449 1298 3629 1373 ἡμέρᾳ
3663 1300 3832 1372 (μετὰ

2181 1385 2285 1460 γάρ
2315 1386 2416 1455 τήν
2446 1380 2710 1460 ἒϐδρμην,
2755 1387 2882 1456 ἤτοι
2927 1387 2990 1442 τὸ
3045 1383 3340 1455 σάϐϐατον,
3390 1385 3558 1464 ὀγδόη
3607 1389 3830 1450 πάντως

2178 1477 2214 1542 ἠ
2251 1483 2365 1547 μετ’
2412 1474 2620 1546 ἐκείνην
2671 1477 2960 1550 Κυριακή),
2993 1475 3038 1532 εἰ
3093 1475 3348 1540 πεντάκις
3391 1477 3482 1533 τὸν
3533 1478 3584 1548 η’
3617 1480 3832 1554 μετρή-

2179 1583 2314 1630 σεις,
2365 1563 2614 1635 εὑρήσεις
2658 1565 2750 1620 τὸν
2803 1567 2878 1636 μ’,
2929 1565 2988 1619 ὃν
3038 1564 3148 1644 οὐχ
3191 1560 3604 1641 ὑπερϐαίνουσιν
3632 1567 3690 1622 αἱ
3724 1567 3828 1640 μά-

2179 1674 2356 1730 στιγες
2403 1659 2512 1710 τῶν
2553 1655 2976 1728 ἁμαρτανόντων
3008 1674 3021 1687 ·
3073 1657 3120 1710 εἶ
3164 1652 3212 1710 δ’
3257 1651 3679 1732 ὑπερϐήσονται,
3729 1679 3829 1735 φη-

2179 1741 2283 1811 σὶΛ,
2315 1742 2702 1821 ἀσχημονήσει
2733 1743 2761 1798 ὁ
2814 1744 3226 1818 μαστιζόμενος,
3265 1744 3539 1820 ἀσχήμων
3587 1746 3694 1822 γὰρ
3745 1745 3829 1801 ὅν-

421 1841 556 1880 nam
588 1825 638 1880 si
668 1828 1043 1892 excesserint,
1092 1828 1302 1898 inquit,
1351 1830 1638 1900 vapulans
1677 1828 1912 1886 infamis
1938 1832 2067 1887 red-

2181 1851 2287 1893 τως
2327 1832 2415 1886 καὶ
2474 1831 2670 1904 ἄτιμος
2718 1831 2746 1886 ὁ
2796 1833 3196 1906 μαστιζόμενος
3241 1826 3343 1904 ἔτι,
3377 1829 3524 1910 λέγω
3573 1830 3640 1902 δὴ
3693 1834 3830 1907 μετὰ

421 1915 614 1970 ditur:
646 1916 838 1986 turpis
885 1916 1037 1972 enim
1072 1933 1264 1972 revera
1310 1922 1400 1974 est
1429 1924 1486 1974 et
1513 1919 1754 1976 infamis
1821 1919 1917 1992 qui
1943 1921 2068 1990 jam

423 2005 678 2076 amplius
729 2005 982 2078 vapulat,
1031 2009 1160 2064 dico
1209 2012 1404 2065 autem
1454 2017 1584 2082 post
1624 2012 1861 2085 gratiam
1902 2011 2068 2067 dicta:

420 2093 798 2149 remissionis.
862 2096 1008 2152 Nam
1073 2105 1349 2170 tanquam
1410 2099 1660 2156 inﬁdelis
1727 2100 2068 2172 castigatur,

419 2188 522 2238 aut
572 2187 856 2255 tanquam
909 2191 1039 2256 post
1084 2187 1486 2244 remissionem
1523 2188 1581 2244 in
1619 2189 1811 2262 priora
1857 2190 2070 2247 delicta

428 2271 756 2344 prolapsus.

500 2361 648 2425 Quid
680 2367 870 2418 autem
902 2364 1116 2421 dixeris
1161 2367 1230 2422 de
1261 2367 1503 2423 muliere
1531 2385 1658 2440 quae
1697 2367 1812 2440 legi
1850 2374 2070 2424 natura

427 2451 714 2522 indulget,
759 2457 934 2524 atque
984 2459 1216 2526 propter
1261 2457 1554 2513 carnalem
1602 2457 1959 2528 voluptatem
2008 2457 2068 2512 in

429 2545 589 2596 utero
619 2545 826 2611 gestat,
849 2547 906 2596 et
935 2544 1308 2612 postmodum
1352 2545 1410 2600 in
1445 2545 1634 2601 lucem
1668 2547 1850 2602 fetum
1885 2563 2060 2601 suum

420 2631 657 2698 edit,an
706 2632 777 2686 ad
813 2632 1005 2687 minus
1053 2649 1226 2705 quam
1257 2635 1325 2687 40
1373 2635 1497 2690 dies
1538 2651 1572 2690 a
1618 2635 1876 2691 fidelium
1909 2650 2071 2690 com-

429 2719 706 2774 munione
749 2725 925 2793 atque
971 2725 1148 2777 sacris
1193 2725 1482 2796 mysteriis
1535 2724 1911 2780 excluditur?
1956 2725 2068 2780 Mi-

423 2808 568 2864 nime
606 2825 784 2877 sane;
837 2813 921 2865 tot
967 2811 1122 2866 enim
1167 2812 1376 2869 diebus
1417 2818 1476 2868 et
1522 2813 1787 2884 originali
1841 2813 1968 2868 labe
2011 2817 2068 2868 et

429 2898 618 2968 priore
643 2899 942 2970 voluptate
991 2899 1148 2956 illam
1180 2903 1416 2974 purgari
1461 2904 1627 2972 jubet
1671 2903 1761 2958 lex
1802 2903 2066 2959 Misrica.

423 2995 587 3042 Anne
613 2987 782 3044 etiam
815 3005 1060 3058 magnus
1091 2989 1186 3046 ille
1233 2993 1416 3048 Moses
1457 2991 1627 3047 istius
1672 2991 1902 3048 numeri
1929 2991 2070 3063 obli-

421 3078 520 3130 tus
569 3082 691 3131 erat
735 3093 866 3131 cum
916 3078 1407 3142 occasioferehat
1444 3080 1472 3134 ?
1515 3079 1760 3136 Minime
1805 3080 2064 3151 quidem;

421 3181 554 3218 nam
605 3182 706 3236 per
752 3167 1144 3240 quadraginta
1189 3169 1312 3224 dies
1368 3186 1600 3226 carnem
1649 3186 1967 3236 macerans,
2010 3174 2068 3226 et

419 3253 592 3310 nubis
626 3255 808 3310 instar
836 3259 1164 3326 attenuans,
1201 3257 1443 3314 liberum
1479 3259 1739 3314 animum
1773 3259 1962 3314 attulit
1993 3259 2065 3313 ad

417 3345 851 3416 suscipiendum
903 3347 1400 3406 manifestationes
1460 3348 1712 3416 divinas,
1771 3353 1830 3406 et
1881 3347 2066 3404 multo

424 3433 660 3502 quidem
695 3433 932 3490 meliora
977 3435 1224 3509 lapideis
1274 3437 1388 3492 illis
1437 3437 1678 3498 tabulis.
1710 3454 1858 3509 quas
1889 3454 1924 3492 a
1952 3435 2068 3492 Deo

425 3523 736 3595 accipiens,
780 3542 895 3580 non
946 3525 1129 3582 multo
1177 3531 1306 3598 post
1345 3544 1462 3599 prae
1514 3527 1735 3583 fervido
1779 3525 1900 3582 zelo
1929 3541 2068 3581 con-

420 3613 612 3684 fregit.
645 3614 890 3684 Ideoque
915 3615 1200 3671 secundas
1228 3615 1385 3688 leges
1417 3633 1657 3690 rogans,
1692 3616 1945 3688 iramque
1967 3614 2068 3670 Dei

419 3719 452 3758 a
484 3701 695 3774 populo
713 3703 1295 3775 deprecans,totidem
1313 3705 1438 3762 dies
1458 3721 1523 3762 ac
1549 3705 1709 3777 prius
1733 3703 2064 3776 jejunabat.

422 3791 755 3862 Pariterque
787 3809 890 3848 nos
925 3793 1152 3850 tabulas
1193 3795 1412 3866 peccati
1451 3795 1648 3850 fraude
1688 3794 1746 3848 in
1792 3794 2069 3850 cordibus

423 3880 635 3936 nostris
675 3886 996 3950 concretas,
1047 3883 1189 3938 dum
1231 3883 1376 3956 legis
1418 3889 1702 3956 praecepta
1743 3883 2064 3955 rejicimus,

426 3987 626 4026 rursus
658 3987 829 4042 puras
856 3972 1039 4040 reddi,
1071 3977 1131 4028 et
1159 3972 1342 4044 legem
1379 3973 1472 4028 Dei
1494 3973 1640 4044 ipsis
1670 3974 1920 4046 insculpi
1956 3976 2070 4030 dis-

424 4061 702 4132 ciplinam
753 4078 854 4132 per
909 4061 1477 4135 Quadragesimalem
1526 4079 1826 4133 curamus,
1875 4063 2070 4133 Neque

425 4150 608 4206 islhoc
641 4149 886 4206 multum
930 4170 964 4205 a
994 4152 1097 4206 viri
1133 4152 1418 4222 proposito
1450 4153 1725 4208 abludere
1746 4168 1897 4208 reor.
1921 4152 2069 4208 Nam

425 4241 611 4296 Moses
643 4242 750 4296 iste
771 4241 857 4295 vir
903 4258 1171 4298 summus
1215 4243 1288 4298 ad
1330 4247 1448 4296 tres
1488 4259 1775 4298 annorum
1817 4247 2068 4298 tessara-

419 4331 694 4386 contades
725 4331 898 4386 vitam
938 4332 1131 4394 traxit,
1183 4336 1354 4402 atque
1397 4347 1597 4386 earum
1634 4333 1882 4402 primam
1934 4331 2070 4387 tolle-

413 4420 564 4475 ravit
619 4418 676 4475 in
736 4419 978 4491 [Egypto
1054 4419 1312 4476 scientias
1381 4418 1744 4490 acquirendae
1801 4419 1987 4490 gratia
2043 4437 2056 4474 :

2177 1920 2276 1988 τὴν
2331 1922 2494 1995 χάριν
2547 1927 2646 1990 τῆς
2705 1920 3000 1995 εἰρημένης
3059 1919 3296 1999 ἀφέσεως
3329 1941 3342 1956 ⁸
3374 1923 3410 1992 ἢ
3465 1921 3569 1996 γὰρ
3617 1923 3698 1986 ὡς
3742 1925 3820 1996 μὴ

2179 2009 2466 2070 πιστεύσας
2525 2013 2862 2082 μαστίζεται,
2915 2010 2949 2081 ἢ
3009 2011 3084 2066 ὡς
3145 2013 3281 2084 μετά
3333 2013 3432 2081 τήν
3476 2009 3664 2088 ἄφεσιν
3705 2017 3823 2076 τοῖς

2179 2095 2466 2172 προτέροις
2495 2098 2800 2173 περιπεσὼν
2817 2099 3228 2176 ἁμαρτήμασιν.

2247 2354 2308 2410 Τί
2367 2351 2413 2408 δ’
2465 2352 2524 2409 ἂν
2575 2351 2750 2420 εἴποις
2797 2355 2920 2429 περὶ
2959 2359 3060 2424 τῆς
3105 2351 3469 2428 δουλευούσης
3507 2355 3688 2431 νόμῳ.
3715 2357 3822 2437 φύ-

2179 2465 2313 2506 σεως
2372 2444 2648 2522 γυναικὸς,
2698 2442 2788 2500 καὶ
2840 2445 2960 2499 καθ’
3016 2441 3216 2514 ἡδονήν
3272 2443 3562 2520 ἐπιθυμίας
3621 2448 3824 2525 σαρκός

2177 2535 2436 2605 κυούσης,
2481 2535 2574 2590 καὶ
2624 2533 2699 2596 είς
2751 2539 2866 2614 φῶς
2913 2533 3260 2610 προαγούσης
3305 2536 3369 2590 τὸ
3411 2535 3648 2610 κύημα;
3701 2539 3827 2613 Ἆρ’

2181 2623 2258 2686 είς
2315 2623 2575 2685 ἐλάττους
2632 2627 2737 2678 τῶν
2795 2624 2850 2697 μ’
2902 2627 3150 2698 ἡμερῶν,
3182 2625 3269 2680 καὶ
3311 2631 3412 2694 τῆς
3460 2629 3570 2681 τῶν
3617 2633 3827 2684 πιστῶν

2178 2715 2463 2776 κοινωνίας
2520 2713 2612 2769 καὶ
2669 2717 2776 2769 οῶν
2815 2713 3200 2790 ’άγιασμάτων
3275 2711 3650 2786 ἐκϐάλλεταις
3750 2717 3827 2776 Οὐ

2181 2802 2319 2875 δῆτα
2341 2810 2355 2836 ‘
2391 2801 2480 2858 διὰ
2507 2803 2783 2860 τοσούτων
2813 2803 2916 2881 γὰρ
2945 2805 3168 2879 ἡμερῶν
3210 2805 3299 2860 καὶ
3346 2809 3444 2861 τοῦ
3491 2813 3828 2883 προγονικοῦ

2183 2895 2514 2969 μιάσματος,
2564 2894 2654 2948 καὶ
2699 2899 2799 2962 τῆς
2846 2894 2971 2968 πρὶν
3020 2891 3227 2964 ἡδονῆς
3272 2894 3474 2966 ταύτην
3518 2896 3829 2974 ἐκκαθαίρε-

2180 2987 2301 3040 σθαι
2335 2986 2364 3039 6
2409 2988 2506 3039 τοῦ
2563 2982 2804 3048 Μωσέως
2849 2984 3019 3058 νόμος
3068 2981 3454 3042 διακελεύεται.
3505 2985 3686 3044 Ἀλλᾶ
3731 2993 3827 3045 τοῦ

2177 3075 2414 3147 ἀριθμοῦ
2461 3070 2658 3128 τούτου
2701 3072 2754 3125 ἐν
2802 3075 2882 3144 τῷ
2919 3069 3178 3128 καλοῦντι
3205 3077 3302 3129 τοῦ
3331 3078 3523 3151 καιροῦ
3569 3077 3596 3131 ὁ
3631 3077 3824 3154 μέγας,

2178 3163 2343 3218 οὗτοσ
2397 3169 2604 3232 Μωσῆς
2660 3159 3054 3232 ἐπιλέλησται;
3107 3161 3330 3221 Πολλοῦ
3357 3185 3418 3239 γε
3445 3166 3534 3221 καὶ
3576 3162 3662 3221 δεῖ
3697 3187 3712 3200 ο
3771 3164 3825 3222 δι

2179 3254 2401 3326 ἡμερῶν
2435 3250 2540 3326 γὰρ
2601 3251 2658 3325 μ’
2695 3250 2917 3322 νηστείᾳ
2945 3252 3045 3320 τὴν
3085 3251 3254 3326 σάρκα
3301 3250 3547 3326 ἐκτήξας,
3579 3255 3670 3310 καὶ
3715 3253 3823 3311 ὥσ-

2175 3363 2279 3414 περ
2313 3362 2368 3395 τι
2423 3340 2584 3418 νέφος
2637 3337 2925 3410 λεπτύνας,
2975 3339 3294 3410 ἐλευθερίως
3341 3341 3422 3416 τῷ
3459 3348 3536 3416 νῷ
3578 3345 3824 3421 παρέσχε

2176 3431 2269 3493 τὰς
2309 3431 2454 3494 θείας
2511 3427 2770 3508 ἐμφάσεις
2802 3426 3132 3500 εἰσδέξασθαι
3167 3449 3180 3463 °
3211 3431 3299 3486 καὶ
3345 3429 3547 3504 πολλῷ
3581 3453 3642 3510 γε
3694 3434 3824 3510 βέλ-

2176 3541 2292 3576 τιον
2323 3523 2431 3576 τῶν
2481 3517 2696 3575 λιθίνων
2748 3518 2993 3590 πλακῶν,
3043 3517 3104 3581 ἃς
3153 3518 3331 3576 θεόθεν
3371 3515 3576 3592 λαϐὼν,
3611 3524 3734 3594 μετ’
3762 3520 3822 3578 οὕ

2179 3607 2322 3664 πολὺ
2372 3610 2531 3681 θυμῷ
2562 3605 2756 3681 δικαίῳ
2804 3609 3088 3685 συνέτριψε
3116 3626 3131 3640 ⁸
3167 3606 3252 3664 διὸ
3285 3607 3377 3664 καὶ
3421 3607 3669 3686 δευτέρας
3711 3609 3825 3684 δεη-

2179 3699 2288 3762 θεὶς
2319 3697 2669 3772 νομοθεσίας,
2722 3697 2812 3752 καὶ
2873 3703 2964 3753 τὸν
3017 3696 3150 3753 λαὸν
3187 3699 3287 3767 τῆς
3335 3697 3508 3774 ὀργῆς
3554 3703 3652 3755 τοῦ
3693 3705 3826 3758 Θεοῦ

2177 3788 2628 3863 παραιτούμενος,
2668 3788 2770 3842 οὐκ
2821 3785 3081 3848 ἐλάττους
3119 3789 3226 3844 τῶν
3275 3789 3554 3863 προτέρων
3612 3789 3824 3869 ἡμέρας

2177 3879 2540 3950 νενήστευκεν.
2590 3879 2678 3938 Ὡς
2728 3873 2786 3931 δὲ
2833 3876 2922 3932 καὶ
2971 3879 3135 3949 ἡμεῖς
3190 3878 3286 3939 τὰς
3334 3879 3706 3949 πεπονηκυίας
3758 3879 3826 3956 τῇ

2178 3974 2278 4037 τῆς
2308 3969 2576 4042 ἁμαρτίας
2621 3961 2890 4040 ἐπιϐουλῇ
2933 3972 3034 4034 τῆς
3091 3963 3312 4042 καρδίας
3368 3970 3528 4041 ἡμῶν
3586 3968 3822 4034 πλάκας,

2177 4057 2270 4120 τὰς
2303 4055 2527 4118 ἐντολὰς
2558 4055 2932 4129 ἀπωσαμένων
2977 4058 3074 4111 τοῦ
3119 4057 3316 4131 νόμου,
3365 4056 3821 4134 ἂπειλικρινημέ-

2177 4169 2269 4208 νας
2314 4144 2464 4208 αὖθις
2514 4147 2794 4214 κτισθῆναι
2851 4144 2940 4199 καὶ
2986 4146 3077 4199 τὸν
3123 4149 3219 4200 τοῦ
3276 4151 3412 4201 Θεοῦ
3465 4147 3640 4220 νόμου
3714 4148 3820 4202 αὒ-

2175 4240 2296 4297 ταῖς
2351 4234 2761 4310 ἐγχαραχθῆναι
2825 4231 3199 4308 σπουδάζομεν
3263 4231 3352 4289 διὰ
3407 4242 3506 4304 τῆς
3551 4257 3824 4310 τεσσαμα-

2178 4325 2524 4399 κονθημέρου
2581 4323 2963 4385 κακοπαθείας.
3023 4321 3166 4381 Οὗδὲ
3214 4327 3373 4379 τοῦτο
3405 4325 3558 4396 οἶμαι
3602 4329 3702 4380 τοῦ
3733 4328 3819 4382 ἇν-

2181 4411 2308 4487 δρὸς
2357 4411 2549 4487 πόρῥω
2592 4409 2822 4486 βάλλειν
2879 4419 2977 4480 τῆς
3027 4412 3332 4474 ὑποθέσεως
3367 4431 3380 4446 ο
3429 4412 3504 4474 εἰς
3532 4419 3677 4488 τρεῖς
3717 4417 3822 4490 γὰρ

417 4508 607 4565 altera
653 4509 848 4581 ipsum
890 4509 1056 4578 vidit,
1107 4509 1178 4564 de
1226 4523 1417 4564 rerum
1470 4509 1696 4563 naturis
1743 4509 1854 4564 sub
1889 4509 2067 4564 forma

2181 4501 2314 4557 ἐτῶν
2340 4500 2833 4576 τεσσαρακοντάδας
2877 4508 3080 4570 Μωσῆς
3125 4501 3290 4564 οὗτος
3349 4503 3379 4556 6
3427 4502 3564 4558 πάνυ
3616 4500 3825 4578 βεϐιω-

419 4561 709 4668 pastoris:
724 4561 1003 4652 seu;
1021 4561 1171 4650 sui;
1232 4561 1450 4651 nam
1471 4561 1501 4562 θ
1527 4561 2062 4668 philosophantem,

2181 4593 2309 4661 κὼς,
2367 4591 2466 4658 τήν
2505 4561 2622 4666 ’μὲν
2681 4561 2830 4666 περὶ*
2857 4591 2956 4658 τήν
3005 4561 3286 4665 ἀνάληψιν*
3326 4596 3435 4647 τῶν
3465 4591 3517 4648 έν
3563 4561 3824 4670 Αίγύπτῳ

423 4687 632 4742 ultima
653 4691 851 4742 autem
873 4685 1150 4756 populum
1173 4685 1421 4740 infinitis
1441 4700 1572 4739 cum
1587 4685 1882 4741 laboribus
1898 4687 2062 4742 rexit.

2176 4681 2516 4754 παθημάτῶν
2583 4683 2910 4738 κακοπαθῶν
2987 4677 3286 4737 διετέλεσεν
3347 4700 3361 4715 ο
3441 4684 3476 4752 ἡ
3551 4681 3614 4738 δὲ
3695 4689 3826 4741 τοῦ-

411 4795 503 4830 τον
543 4775 658 4848 εἶχε
696 4773 818 4847 περὶ
855 4775 957 4841 τήν
995 4772 1222 4847 θεωρίαν
1259 4776 1365 4826 τῶν
1408 4767 1599 4848 ὄντων,
1641 4775 1696 4826 ἓν
1734 4774 1985 4848 σχήματι
2026 4773 2318 4847 ποιμένος,
2359 4769 2596 4833 πολλοῖς
2647 4768 2840 4846 ίδρῶσι
2902 4769 3306 4848 φιλοσοφοῦντα
3337 4791 3350 4805 ·
3383 4775 3452 4846 τῇ
3502 4769 3562 4828 δὲ
3589 4774 3670 4844 te:
3721 4777 3820 4845 τὴν

414 4868 511 4920 τοῦ
541 4863 788 4935 πλήθους
827 4861 1120 4938 ἠγεμονίαν
1159 4860 1370 4936 μυρίοις
1403 4859 1698 4940 διεχείριζε
1726 4861 1934 4923 πόνοις.

488 4955 632 5020 Quid
668 4971 800 5010 vero
843 4953 1228 5009 admiratione
1270 4952 1508 5024 dignius
1540 4969 1716 5025 quam
1753 4953 1896 5009 illud
1927 4969 2062 5026 pro-

417 5043 606 5115 pheta-
631 5043 909 5098 Thisbitas
942 5061 975 5098 a
1004 5040 1235 5097 Jezabel
1290 5041 1692 5112 aufugientis?
1734 5041 1874 5112 quid
1907 5043 2064 5098 enim

413 5133 473 5187 in
502 5133 608 5187 hoc
638 5149 774 5186 casu
806 5131 1091 5202 optimum
1133 5134 1192 5185 et
1239 5129 1530 5200 prophetae
1584 5129 1837 5185 maxime
1865 5147 2068 5186 conve-

421 5222 590 5277 niens
622 5222 810 5274 visum
853 5219 1009 5274 fuit?
1055 5234 1248 5274 annon
1297 5217 1813 5289 praesentissimum
1857 5218 2068 5290 jejunii

417 5309 736 5364 remedium
761 5309 790 5362 ?
811 5308 922 5364 Sed
948 5323 1055 5364 nec
1084 5323 1315 5378 (equum
1349 5305 1715 5364 existimabat
1756 5324 2064 5373 numerum

418 5399 586 5452 illum
618 5396 928 5469 praeterire,
979 5413 1095 5469 quo
1142 5396 1200 5450 in
1235 5394 1390 5467 gravi
1442 5395 1552 5449 ista
1583 5396 2068 5465 contemplatione

419 5503 557 5544 usus
579 5492 696 5543 est:
723 5487 857 5558 quia
879 5495 930 5541 et
953 5503 1056 5542 nos
1077 5488 1305 5550 oportet
1326 5483 1633 5552 ambobus,
1653 5485 1805 5556 quod
1831 5485 2066 5560 dicitur,

421 5577 667 5649 pedibus
699 5594 733 5630 a
760 5573 989 5630 Jezabel
1022 5574 1316 5644 aufugere.
1343 5572 1484 5627 Nam
1512 5572 1631 5644 illa,
1655 5591 1780 5646 quae
1809 5575 2069 5646 interpre

424 5667 603 5724 tando
628 5664 715 5724 vis
736 5665 930 5721 luctus
952 5668 1058 5731 est,
1075 5665 1371 5734 peccatum
1394 5662 1704 5734 signiﬁcat,
1727 5665 1880 5735 quod
1908 5663 2072 5722 nobis

2246 4955 2332 5022 Τῷ
2362 4949 2419 5006 δὲ
2448 4950 2509 5006 ἐκ
2537 4946 2744 5021 θέσϐης
2774 4952 3051 5026 προφήτῃ,
3082 4949 3149 5004 οὗ
3181 4949 3234 5005 τί
3277 4947 3338 5005 ἂν
3379 4948 3551 5013 εἷ’ποις
3605 4953 3824 5028 θαυμα-

2175 5039 2458 5112 σιώτερον,
2494 5041 2594 5109 τὴν
2625 5034 2866 5110 Ἰεζάϐελ
2910 5036 3386 5112 ἀποδιδράςκοντι,
3416 5041 3470 5094 τί
3515 5039 3661 5098 ἄλλο
3689 5040 3819 5117 κρά-

2174 5149 2356 5184 τιστον
2411 5127 2464 5184 ἐν
2517 5135 2632 5191 τοῖς
2688 5127 2988 5200 τοιούτοις,
3039 5130 3127 5184 καὶ
3179 5131 3438 5206 προφήτῃ
3487 5128 3640 5202 μάλα
3684 5133 3822 5209 πρός

2175 5220 2382 5294 τρόπου
2412 5219 2722 5292 νενόμισται
2757 5235 2772 5287 ;
2817 5218 2882 5274 οὗ
2907 5218 2970 5272 τὸ
3015 5218 3423 5290 ἀνυσιμώτατον
3449 5225 3550 5290 τῆς
3577 5219 3820 5289 νηστείας

2177 5310 2466 5387 φάρμακον
2503 5326 2517 5378 ;
2551 5305 2730 5362 Ἀλλὰ
2765 5309 2857 5362 τὸν
2905 5307 3138 5381 ἀριθμὸν
3167 5308 3271 5364 οὐκ
3310 5305 3551 5364 ἐδικαίου
3606 5311 3821 5366 τουτονὶ

2176 5396 2444 5472 παριέναι,
2472 5397 2590 5468 μεθ’
2634 5396 2694 5450 ’ὸν
2753 5397 2840 5450 καὶ
2885 5403 2986 5464 τῆς
3049 5395 3296 5472 μεγάλης
3353 5396 3562 5468 ἐκείνης
3597 5396 3818 5474 θεωρίας

2178 5485 2380 5561 ἠξίωτο
2414 5485 2427 5522 δ
2461 5485 2574 5540 ἀνθ’
2604 5485 2678 5540 ὧν
2707 5485 2797 5541 καὶ
2835 5489 2972 5560 ἡμῖν
3021 5487 3122 5558 τήν
3155 5481 3392 5556 Ἰεζάϐελ
3424 5487 3486 5544 ἐκ
3535 5483 3684 5543 δυοῖν
3714 5507 3817 5542 πο·-

2180 5575 2316 5646 δοῖν,
2362 5576 2436 5639 ὡς
2481 5573 2674 5644 εἰπεῖν,
2711 5571 3126 5648 ἀποδιδράσκειν
3165 5583 3436 5653 προσῆκεν
3469 5596 3482 5610 ’
3529 5575 3664 5649 αὕτη
3715 5576 3814 5652 γὰρ

2180 5659 2405 5729 πένθους
2449 5663 2607 5742 ἰσχὺς
2649 5664 3084 5744 ἐρμηνευομένη,
3129 5666 3228 5737 τὴν
3284 5667 3347 5722 τὸ
3405 5665 3628 5742 ἰσχυρὸν
3678 5667 3811 5738 ἡμῖν
