4098 6332
263 380 365 439 157

1285 376 1722 463 SYNTAGMA
1767 377 2406 441 ALPllABETICUM.
2456 415 2533 424 -
2573 381 2644 439 '1‘.

3558 373 3672 432 158

254 514 448 573 πένθος
518 513 890 584 προξενοῦσαν
971 509 1260 564 αἰνίττεται
1329 511 1616 584 ἁμαρτίαν,
1675 513 1766 566 καὶ
1833 515 1913 583 τῷ

2027 531 2204 569 causa
2225 517 2309 568 est
2331 513 2507 569 validi
2526 515 2834 586 gravisque
2861 512 3142 578 maeroris,
3159 511 3529 579 minaturque
3545 510 3669 564 ani-

253 605 484 675 ψυχικῷ
525 600 870 654 ἀπειλοῦσαν
923 597 1272 675 παφαδώσειν
1332 599 1584 671 θανάτῳ·
1639 600 1781 656 οὕτω
1827 600 1916 655 καὶ

251 695 367 745 τῶν
414 691 674 763 ἱστοριῶν
729 685 875 744 ἔστιν
928 688 989 749 ἃς
1051 689 1081 742 ὁ
1133 693 1512 760 πνευματικῶς
1571 689 1920 744 ἀναπτύσσων

254 780 358 834 οὐκ
415 780 714 852 ἀμοιρήσει
763 775 1040 846 παιδείας,
1069 778 1203 844 ἦθος
1253 777 1588 852 ἀποχρώσης
1637 779 1918 851 ῥυθμίσαι.

257 865 461 921 Πολλά
489 865 579 919 καὶ
622 870 702 936 τῷ
754 871 977 938 Σωτῆρι
1024 869 1121 920 τοῦ
1171 866 1407 937 ἀριθμοῦ
1454 863 1613 920 τοῦδε
1660 865 1917 938 ἐμέλησε·

251 957 359 1023 τήν
408 957 514 1028 γάρ
548 955 775 1028 τριττήν
823 956 987 1025 ἡμῶν
1037 954 1309 1028 γέννησιν,
1365 956 1466 1022 τὴν
1521 953 1580 1008 ἐκ
1628 957 1918 1027 σωμάτων,

255 1044 434 1121 φημὶ,
477 1044 577 1110 τήν
621 1042 682 1097 ἐκ
733 1041 1132 1118 βαπτίσματος,
1183 1044 1281 1111 τὴν
1328 1042 1378 1112 ἐξ
1421 1043 1779 1111 ἀναστάσεως,
1828 1045 1917 1098 καὶ

253 1135 430 1194 αὐτὸς
464 1133 755 1204 οἰκονομίᾳ
791 1133 1002 1204 μείζονι
1043 1134 1264 1203 μετιὼν,
1307 1129 1376 1185 δι’
1417 1135 1642 1206 ἡμερῶν
1686 1133 1914 1203 ἑκάστην

253 1221 659 1295 τεσσαράκοντα
733 1217 890 1298 ὤφθη
967 1221 1262 1283 τετελεκώς
1299 1265 1312 1277 .
1400 1223 1548 1276 Μετά
1630 1227 1760 1296 γοῦν
1828 1225 1918 1276 τὸν

252 1311 582 1386 ἀπόρρητον
647 1310 702 1364 ἐν
771 1312 928 1385 σαρκὶ
995 1312 1198 1379 τόκον,
1265 1312 1448 1384 ἡμέρα
1511 1317 1914 1387 τεσσαρακοστῇ

250 1407 338 1472 τῷ
407 1401 543 1470 ἱερῷ
608 1401 1061 1472 πρρσενήνεκται,
1127 1401 1226 1468 τήν
1316 1398 1454 1471 ἐμῆν
1523 1399 1918 1477 ἀφοσιούμενος

249 1492 525 1562 κάθαρσιν
555 1506 568 1517 ·
631 1485 758 1543 οὐδὲ
811 1491 912 1561 γὰρ
965 1489 1127 1551 αὐτὸς
1178 1487 1381 1558 ταύτης
1443 1486 1638 1560 ἐδεῖτο,
1682 1490 1708 1542 ὁ
1744 1489 1914 1563 αἴρων

253 1583 363 1648 τῆν
405 1577 677 1653 ἁμαρτίαν
731 1583 823 1632 τοῦ
871 1579 1116 1649 κόσμου·
1170 1579 1304 1651 μετά
1351 1582 1481 1652 γοῦν
1523 1580 1585 1632 τὸ
1637 1580 1916 1653 Βάπτισμα

259 1672 310 1742 μ’
372 1669 591 1743 ἡμέρας
645 1667 867 1738 νηστείᾳ
923 1667 1422 1740 καθοπλισάμενος,
1489 1675 1586 1724 τοῦ
1643 1670 1915 1742 πολεμίου

254 1760 768 1832 κατεστρατήγησεν
796 1776 809 1788 ·
855 1757 922 1811 ού
971 1757 1068 1830 γὰρ
1120 1757 1276 1827 ἠξίου
1321 1757 1594 1827 νηστεύων
1639 1756 1916 1835 ὑπερϐάλ-

259 1849 375 1902 λειν
415 1849 484 1902 τὰ
531 1847 859 1920 ἐσκαμμένα,
909 1846 999 1900 καὶ
1047 1852 1160 1908 τοῖς
1202 1847 1368 1908 θείοις
1419 1845 1641 1910 ἐκείνοις
1690 1846 1914 1923 ἀνδράσι

259 1937 430 1992 πάλαι
485 1933 840 2008 διηνυσμένα,
895 1935 979 1990 ἴνα
1031 1937 1106 2007 μὴ
1159 1935 1250 1990 τὸν
1303 1936 1582 2010 ἄνθρωπον
1630 1937 1911 2012 ὑποκρίνα-

257 2029 375 2080 σθαι
415 2025 735 2098 νομισθείη.
781 2026 878 2079 Διά
915 2026 1190 2079 τοσούτων
1229 2022 1286 2079 δὲ
1331 2026 1465 2098 μετὰ
1505 2028 1603 2094 τήν
1652 2027 1908 2082 ’Δνάστα-

260 2137 364 2184 σιν,
396 2113 476 2174 εἰς
519 2115 581 2167 τὸ
632 2115 1018 2187 ύπερουράνιον
1068 2111 1267 2168 ἄνεισιν
1315 2115 1482 2189 ἱερὸν,
1530 2115 1764 2190 καθαρὰν
1805 2117 1905 2184 τὴν

256 2209 416 2276 ἡμῶν
466 2204 628 2281 φύσιν
681 2203 732 2256 ἐν
775 2204 949 2274 ἐαυτῳ
988 2203 1249 2278 παριστὰς
1287 2207 1365 2273 τῷ
1413 2209 1528 2276 Θεῷ
1577 2205 1662 2258 καὶ
1713 2207 1905 2279 Πατρί.

257 2291 435 2351 Ἀλλά
475 2291 571 2347 καὶ
610 2295 708 2359 τήν
752 2291 828 2353 εἶς
869 2290 1140 2366 Α’ίγυπτον
1183 2290 1492 2368 φυγαδείαν,
1523 2296 1637 2366 ζτήν
1676 2297 1904 2364 νοητὴν,

263 2387 426 2458 φημὶ,
475 2385 869 2455 κακοπάθειαν,
911 2386 985 2447 ὡς
1027 2385 1299 2439 κάλλιστα
1342 2383 1677 2459 διαθέμενος,
1715 2408 1906 2462 τετρα-

266 2479 377 2543 ετὴς
425 2473 640 2529 ἐκεῖθεν
685 2474 750 2527 τὸ
788 2475 923 2528 κατὰ
962 2472 1129 2549 σάρκα
1180 2473 1467 2533 ἐπάνεισιν.
1519 2480 1606 2537 Ὡς
1655 2475 1707 2530 ἐν
1744 2498 1905 2555 κεφαο

268 2563 395 2634 λαίῳ
448 2560 514 2616 δὲ
568 2561 763 2630 εἰπεῖν,
822 2557 1180 2634 συμϐολικῶς
1233 2561 1449 2624 τούτοις
1504 2568 1664 2619 πᾶσιν
1715 2565 1775 2619 ἄν
1823 2587 1905 2627 τις

263 2651 635 2728 ἀποχρώντως
682 2653 1038 2724 τεκμήραιτο,
1082 2653 1155 2713 ὡς
1206 2652 1492 2725 συμπάσης
1538 2661 1638 2722 τῆς
1688 2654 1777 2709 ὑπ’
1815 2657 1910 2710 ού-

259 2743 441 2816 ρανὸν,
473 2742 569 2796 καί
610 2745 716 2794 τῶν
757 2741 810 2796 ἐν
851 2743 992 2815 αὐτῇ
1028 2741 1178 2810 ζώων
1219 2748 1300 2814 τῷ
1339 2742 1607 2818 ἀνθρώπῳ
1644 2745 1741 2812 τῆν
1784 2747 1912 2817 ἠγε-

261 2831 453 2902 μονίαν
510 2831 539 2882 ὁ
589 2832 720 2891 Θεὸς
761 2827 1093 2907 ἐγχειρίσας,
1143 2831 1243 2885 ούκ
1291 2833 1447 2902 ἠξίου
1481 2834 1578 2899 τήν
1620 2836 1735 2893 τοῖς
1784 2832 1913 2888 ἀλό-

255 2941 372 2992 γοις
431 2921 671 2993 βάσιμον
729 2919 931 2988 ταύτην
992 2920 1157 2991 μόνην
1205 2919 1417 2990 οῗκησιν
1476 2921 1623 3000 ἔχειν
1683 2925 1770 2976 καί
1817 2923 1909 2977 τὸν

255 3014 372 3062 κατ’
444 3008 632 3062 εἰκόνα
684 3006 893 3062 ἐκείνου
942 3008 1224 3082 γενόμενον
1260 3033 1271 3044 ·
1323 3013 1464 3085 παρὸ
1512 3014 1600 3066 καὶ
1652 3011 1763 3084 ἰδίᾳ
1809 3017 1912 3084 πή-

256 3119 441 3171 γευσιν
497 3098 650 3168 αὐτῷ
707 3099 920 3152 πάντων
979 3099 1200 3153 ὕστατον
1258 3099 1452 3155 ὡσανεὶ
1516 3100 1769 3175 βασίλεια
1821 3105 1914 3157 τὸν

259 3189 407 3241 θεῖον
447 3185 809 3261 παράδεισον,
849 3194 1057 3266 τρυφῆς
1099 3187 1270 3251 ὄντως
1311 3189 1535 3263 χωρίον,
1578 3192 1665 3244 καὶ
1708 3196 1911 3266 ψυχαῖς

2029 619 2183 658 mam
2213 603 2383 657 morti
2413 604 2657 659 tradere.
2691 605 3013 660 Occurrunt
3041 601 3217 671 igitur
3237 599 3391 656 248
3416 599 3665 655 historiae

2028 709 2174 763 quas
2203 695 2247 748 si
2280 693 2412 764 quis
2443 693 2818 763 spiritualiter
2848 693 3113 764 explicet,
3148 707 3265 745 non
3321 689 3667 744 destituetur

2028 781 2290 836 doctrina
2322 799 2438 852 quae
2469 783 2538 837 ad
2571 783 2744 836 vitam
2778 784 2922 837 bene
2943 779 3328 835 ordinandam
3388 777 3662 832 sufﬁciat.

2028 870 2279 925 Multum
2304 871 2477 926 etiam
2512 872 2725 941 placuit
2754 870 3037 927 Salvatori
3062 870 3155 923 hic
3179 883 3481 922 numerus.
3516 867 3662 922 Nam

2028 958 2312 1029 triplicem
2373 965 2631 1015 nostram
2689 961 3144 1031 generationem,
3203 957 3668 1027 corporalem.et

2027 1047 2458 1117 baptismalem,
2493 1051 2563 1104 "et
2608 1049 2766 1104 illam
2808 1047 3268 1112 resurrectionis,
3321 1048 3444 1115 ipse
3490 1046 3667 1100 etiam

2027 1139 2407 1206 praestantiori
2465 1139 2891 1209 dispensatione
2943 1136 3260 1201 sustinens,
3323 1134 3662 1205 quamlibet,

2026 1226 2282 1294 inquam,
2316 1227 2704 1298 quadraginta
2735 1227 2940 1281 diebus
2990 1226 3298 1280 derfecisse
3358 1223 3511 1278 visus
3553 1230 3662 1278 est.

2027 1315 2124 1370 Die
2146 1316 2301 1370 enim
2335 1324 2462 1385 post
2492 1315 2840 1371 ineffabilem
2895 1331 3062 1370 suam
3122 1315 3179 1368 in
3238 1329 3408 1368 carne
3457 1313 3668 1367 nativi-

2023 1410 2194 1459 tatem
2229 1405 2674 1476 quadragesima
2721 1405 2778 1459 in
2829 1405 3045 1473 templo
3092 1402 3346 1466 offertur,
3406 1407 3662 1457 nostram

2024 1493 2486 1564 purificationem
2519 1509 2888 1549 consecrans.
2949 1493 3147 1564 Neque
3203 1493 3357 1546 enim
3418 1491 3542 1561 ipse
3597 1507 3665 1546 ea

2021 1599 2169 1652 opus
2201 1583 2420 1651 habuit,
2455 1583 2550 1654 qui
2584 1584 2727 1638 tollit
2763 1587 3060 1653 peccatum
3096 1580 3320 1638 mundi.
3355 1579 3485 1636 Post
3514 1580 3665 1651 hap-

2021 1669 2259 1726 tismum
2293 1672 2676 1742 quadraginta
2707 1672 2928 1725 dierum
2984 1671 3211 1741 jejunio
3261 1673 3520 1724 armatus
3551 1668 3663 1722 ho—

2020 1768 2166 1815 stem
2221 1761 2548 1817 debellavit.
2607 1760 2800 1816 Noluit
2882 1761 3035 1815 enim
3113 1759 3434 1829 jejunando
3501 1757 3665 1812 limi—

2021 1854 2108 1904 tes
2142 1851 2436 1917 excedere,
2474 1867 2608 1905 eave
2639 1867 2764 1921 quae
2796 1849 2981 1904 sancti
3033 1848 3115 1902 illi
3165 1847 3265 1902 viri
3315 1846 3456 1902 olim
3507 1861 3664 1916 pere-

2020 1947 2252 2009 gerunt,
2301 1957 2372 1994 ne
2405 1940 2825 1995 humanitatem
2877 1943 3097 1994 tantum
3130 1937 3412 1993 simulare
3440 1936 3663 1991 videre-

2021 2034 2134 2083 tur.
2170 2028 2566 2084 Posttotidem
2626 2029 2799 2082 etiam
2847 2027 2968 2082 dies
3023 2045 3053 2080 a
3112 2025 3530 2081 resurrectione
3587 2027 3657 2080 ad

2021 2117 2250 2173 cmleste
2298 2118 2579 2189 templum
2627 2119 2910 2185 ascendit,
2961 2121 3229 2171 naturam
3288 2121 3545 2171 nostram
3596 2117 3653 2170 in

2017 2208 2211 2279 seipso
2255 2225 2449 2264 coram
2509 2209 2625 2264 Deo
2695 2211 2858 2263 Patre
2918 2224 3122 2278 puram
3186 2208 3418 2262 sistens.
3473 2207 3654 2264 Ciste-

2019 2314 2144 2353 rum
2175 2303 2231 2353 et
2252 2300 2442 2368 fugam
2505 2315 2674 2354 suam
2732 2298 2791 2352 in
2841 2299 3168 2369 IEgyptum,
3204 2295 3651 2353 intellectualem

2019 2403 2223 2459 nempe
2250 2388 2644 2456 afflictionem,
2677 2404 2853 2458 quam
2885 2387 3100 2458 optime
3125 2387 3462 2457 disponens,
3523 2391 3656 2458 post

2019 2482 2267 2548 quatuor
2293 2493 2475 2531 annos
2505 2477 2639 2530 inde
2697 2477 2887 2548 quoad
2946 2492 3179 2530 carnem
3249 2491 3514 2531 reversus
3542 2481 3653 2531 est.

2018 2569 2205 2637 Atque
2235 2572 2301 2621 ut
2338 2566 2678 2620 summatim
2719 2566 2930 2630 dicam,
2986 2565 3139 2636 typis
3173 2564 3330 2620 hisce
3381 2565 3658 2620 omnibus

2021 2655 2380 2711 sufﬁcienter
2407 2655 2680 2720 ostendit,
2710 2655 2860 2723 quod
2898 2655 3065 2712 Deus,
3099 2655 3333 2723 quando
3366 2655 3424 2709 in
3449 2669 3658 2708 manus

2021 2745 2261 2799 tradidit
2290 2744 2511 2798 homini
2545 2746 2720 2798 totius
2776 2744 2884 2797 sub
2935 2745 3076 2797 cmlo
3134 2742 3406 2810 regionis,
3438 2747 3494 2796 et
3524 2759 3658 2796 om-

2023 2833 2184 2887 nium
2219 2834 2276 2887 in
2326 2833 2427 2886 illa
2485 2833 2870 2888 animantium
2929 2833 3208 2903 regimen,
3266 2832 3449 2886 noluit
3493 2832 3655 2886 illum

2023 2923 2122 2992 qui
2181 2923 2366 2976 factus
2424 2929 2506 2976 est
2557 2923 2723 2991 juxta
2783 2921 3095 2991 imaginem
3154 2938 3340 2985 suam,
3391 2920 3660 2976 duntaxit

2023 3015 2128 3066 hac
2160 3013 2515 3068 habitatione
2550 3014 2682 3079 frui,
2736 3029 2865 3082 quae
2915 3018 2971 3066 et
3027 3013 3213 3067 brutis
3245 3016 3401 3082 patet
3434 3028 3445 3064 :
3482 3028 3663 3082 quare

2019 3109 2075 3158 et
2111 3103 2379 3173 privatim
2430 3103 2542 3172 ipsi
2591 3103 2820 3169 struxit,
2866 3101 3142 3156 novissim
3197 3102 3481 3164 omnium,
3536 3106 3663 3154 tan-

2021 3208 2196 3262 quam
2233 3190 2533 3260 palatium,
2565 3191 2855 3245 cralestem
2890 3191 3245 3259 paradisum,
3280 3189 3467 3244 locum
3509 3190 3664 3244 deli-

257 3275 547 3353 φιλοθέοις
596 3275 955 3346 κατάλληλον
1005 3275 1364 3350 ἐνδιαίτημα·
1415 3277 1489 3332 ’ἶν’
1547 3282 1574 3334 ὁ
1625 3281 1910 3355 ἄνθρωπος

2023 3280 2121 3335 ciis
2162 3279 2523 3342 affluentem.
2555 3284 2610 3334 et
2657 3279 2871 3334 animis
2908 3280 3085 3332 Deum
3141 3279 3474 3332 amantibus
3522 3294 3661 3332 con-

256 3365 309 3420 ἐν
359 3370 549 3437 τούτῳ
603 3363 990 3438 διαιτώμενος,
1036 3366 1257 3436 ἐκεῖθεν,
1316 3369 1409 3422 οἷά
1465 3389 1546 3430 τις
1605 3370 1743 3436 θεὸς,
1793 3378 1911 3433 τοῖς

259 3456 366 3509 ὑπὸ
435 3462 604 3530 χεῖρα
667 3457 735 3510 τὰ
802 3457 1152 3529 προσήκοντα
1212 3459 1534 3532 χρηματίζῃ
1571 3479 1583 3491 ·
1656 3457 1744 3514 διὰ
1810 3462 1910 3534 γὰρ

260 3550 425 3600 τοῦτο
461 3545 557 3599 καὶ
598 3545 658 3600 ἐκ
699 3543 794 3600 δύο
835 3545 980 3600 πολὺ
1025 3550 1094 3619 τῇ
1145 3546 1298 3623 φύσει
1348 3545 1729 3614 διεστηκοτων,
1782 3549 1912 3603 ἀλόο

262 3655 364 3708 γου
403 3635 499 3689 καὶ
544 3633 772 3709 λογικῆς
817 3634 1002 3697 οὐσίας
1043 3634 1390 3707 συντέθειται,
1426 3635 1518 3690 ’ίνα
1556 3635 1710 3712 λόγῳ
1749 3659 1912 3692 κατα-

264 3731 543 3796 κοςμῆται
575 3723 642 3778 τά
688 3721 924 3798 ἐπίγεια,
966 3723 1040 3786 ὥς
1081 3746 1142 3799 γε
1183 3722 1248 3794 δὴ
1295 3730 1412 3787 ταῖς
1454 3726 1772 3800 ἀγγελικαῖς
1817 3725 1912 3781 δυ-

267 3815 461 3884 νάμεσι
517 3813 584 3867 τὰ
625 3813 884 3887 οὐράνια·
929 3812 1077 3868 ἀλλὰ
1109 3821 1210 3883 τῆς
1252 3816 1349 3887 μὲν
1391 3812 1640 3884 δοθείσης
1689 3815 1915 3884 ἐντολῆς

269 3904 406 3976 πρὸς
460 3902 526 3956 τὸ
577 3904 995 3976 παρεωραμένον
1045 3902 1194 3975 αὔτῷ
1246 3903 1458 3976 μᾶλλον
1506 3905 1624 3959 ἀντὶ
1671 3910 1768 3960 τοῦ
1815 3927 1914 3960 πο-

268 3995 472 4048 θεῖσθαι
542 3994 953 4069 κατασυρείσης⁹
1019 4003 1118 4064 τῆς
1201 3994 1258 4050 δὲ
1321 3997 1508 4058 κακίας
1576 3999 1913 4074 ἐπιφυείσης,

269 4083 353 4136 καῖ
388 4082 562 4156 ταύτῃ
604 4085 701 4152 τὴν
744 4083 898 4160 φύσιν
950 4084 1299 4154 ἀλλοιωθεῖς,
1354 4086 1429 4147 εἰς
1471 4090 1672 4165 ιρθοράν
1719 4109 1777 4143 τε
1824 4092 1913 4144 καὶ

268 4173 354 4226 τὸν
385 4169 651 4242 κτηνώδη
692 4173 811 4247 βίον
853 4173 1057 4235 ἀθλίως
1107 4177 1444 4248 μεταπεσὼν,
1493 4175 1554 4232 τὸ
1602 4179 1783 4231 κοινὸν
1823 4179 1912 4232 καὶ

268 4268 379 4322 τοῖς
438 4261 670 4336 ἀλόγοις
726 4261 1011 4332 ἠλλάξατο
1069 4265 1410 4340 καταγώγιον
1449 4285 1460 4298 ·
1522 4267 1808 4340 ὑπερόριος
1858 4265 1913 4322 δὲ

268 4354 365 4414 νῆς
403 4349 556 4420 αὐτῷ
597 4347 844 4420 δοθείσης
891 4347 1058 4425 ἁϐρᾶς
1107 4350 1283 4413 ἐστίας
1329 4355 1640 4428 γενόμενος,
1695 4354 1754 4408 ού
1811 4356 1912 4429 γάρ

271 4440 333 4507 ἦν
368 4440 532 4512 θέμις
573 4439 637 4493 τὸ
673 4439 773 4506 τῆν
813 4441 1018 4514 φθορὰν
1059 4443 1135 4512 μὴ
1176 4445 1528 4515 προσιέμενον
1569 4443 1777 4518 χωρίον
1829 4443 1913 4498 οἱ·

270 4535 383 4584 κεῖν
413 4531 511 4584 τὸν
555 4527 877 4600 μετεκδύντα
913 4530 975 4584 τὸ
1014 4527 1240 4608 φαιδρὸν
1292 4538 1392 4600 τῆς
1444 4532 1740 4608 ἀφθαρσίας
1783 4533 1913 4603 ίμάο

271 4639 406 4690 τιον,
439 4618 582 4694 πρὸς
620 4619 710 4672 τὸν
746 4617 994 4674 σύνθετον
1047 4620 1261 4673 τουτονὶ
1313 4622 1401 4673 καί
1443 4622 1660 4697 ὁμοφυᾶ
1706 4621 1912 4694 κόσμον

274 4708 497 4770 εἰκότως
538 4707 862 4774 ἀπεωθεῖτο,
896 4706 1013 4762 ὅθεν
1061 4706 1127 4776 δή
1154 4711 1244 4763 καὶ
1290 4708 1668 4783 προσιίληπτο
1692 4731 1702 4742 ·
1747 4710 1792 4782 ᾦ
1825 4714 1914 4764 οἷα

273 4803 519 4874 συγγενεῖ
563 4802 666 4864 τῆς
716 4796 915 4859 οἰκείας
970 4797 1296 4868 σκαιότητος
1351 4797 1635 4870 μεταδοὺς,
1689 4800 1912 4872 ματαιό-

271 4908 432 4958 τητος
486 4887 831 4960 ὑποχείριον,
873 4885 962 4940 καὶ
1016 4887 1217 4964 φθορᾶς
1273 4888 1362 4942 καὶ
1412 4891 1697 4950 κακώσεως
1749 4889 1915 4943 τόπον

273 4977 601 5052 εἰργάσατο·
656 4979 904 5038 τοιοῦτος
961 4973 1017 5030 δὲ
1054 4975 1221 5031 πάλιν
1263 4978 1354 5032 καὶ
1395 4977 1579 5033 οὐτοσὶ
1627 4979 1913 5045 καταστὰς,

275 5063 428 5136 δίκην
466 5063 692 5126 ἐνδίκως
744 5066 926 5138 ὥσπερ
978 5064 1232 5141 λαγχάνει
1287 5068 1488 5140 πρώτῳ
1534 5073 1612 5139 τῷ
1658 5070 1756 5136 την
1795 5070 1915 5144 φθο-

276 5157 363 5229 ράν
415 5156 565 5226 αύτῷ
622 5154 1035 5228 προξενήσαντι,
1094 5156 1359 5232 φροντίσι,
1409 5157 1495 5210 καὶ
1556 5155 1774 5224 λύπαις,
1825 5157 1915 5211 καὶ

277 5245 564 5318 μερίμναις
626 5247 936 5319 βιωτικαῖς,
997 5246 1110 5298 οἷόν
1168 5267 1275 5300 τισι
1335 5241 1640 5319 τριϐόλοις,
1687 5246 1913 5307 σκύτους

275 5337 592 5410 πικρότερον
648 5333 810 5388 αὐτὸν
868 5333 1212 5407 αἰκιζόμενος
1247 5353 1261 5366 ·
1322 5337 1395 5396 ὡς
1474 5337 1578 5409 γὰρ
1635 5341 1766 5408 πῦρ,
1825 5337 1913 5389 καὶ

278 5424 516 5494 σκώληξ,
544 5423 635 5478 καὶ
671 5423 774 5486 ἰὸς,
817 5423 892 5482 είς
933 5427 1046 5501 φῶς
1088 5424 1366 5496 προϊόντα,
1413 5430 1526 5486 τοῖς
1575 5424 1918 5498 γεννησαμέ-

277 5533 386 5572 νοις
434 5514 676 5586 πρώτοις
726 5507 1096 5580 ἐπιϐουλεύει,
1138 5512 1280 5567 οὕτω
1319 5513 1406 5567 καὶ
1438 5516 1472 5581 ἡ
1505 5513 1664 5568 κακία
1713 5518 1791 5584 τῷ
1835 5515 1918 5566 κό-

281 5624 400 5674 σμῳ
431 5601 844 5670 ἐπεισελθοῦσα,
884 5600 1160 5673 ἀνθρώπῳ
1197 5603 1399 5675 πρώτῳ
1441 5600 1528 5656 διὰ
1568 5603 1762 5657 τούτου
1807 5607 1918 5656 λω-

283 5686 456 5760 ϐᾶται,
522 5696 601 5765 τῷ
654 5691 861 5764 ταύτης
915 5689 1259 5764 δημιουργῷ.
1321 5691 1415 5746 Διὰ
1472 5694 1682 5747 πάντων
1737 5693 1916 5747 τοίνυν

2020 3370 2258 3423 veniens
2316 3369 2649 3436 hospitium,
2698 3373 2761 3422 ut
2819 3369 3013 3434 homo,
3074 3368 3171 3438 qui
3225 3368 3302 3421 ibi
3380 3372 3659 3431 versatur,

2023 3462 2302 3527 tanquam
2326 3460 2468 3512 deus
2500 3457 2732 3526 aliquis,
2766 3457 3019 3512 subditis
3051 3459 3174 3512 suis
3206 3457 3412 3511 idonea
3433 3457 3660 3524 dispen-

2025 3551 2196 3601 saret.
2229 3546 2366 3601 Nam
2398 3546 2546 3601 hanc
2576 3547 2647 3600 ob
2678 3561 2912 3601 causam
2946 3561 3013 3599 ex
3045 3546 3273 3600 duabus
3295 3545 3468 3599 rebus
3500 3546 3662 3599 valde

2025 3636 2175 3690 inter
2203 3654 2266 3692 se
2295 3636 2782 3705 discrepantibus,
2824 3635 3141 3689 irrationali
3175 3640 3344 3702 atque
3396 3633 3660 3687 rationali

2025 3731 2230 3780 natura
2285 3725 2591 3790 conflatur,
2652 3733 2710 3778 ut
2770 3723 2990 3778 ratione
3047 3725 3156 3778 rite
3201 3723 3664 3778 adminisrantur

2024 3817 2337 3882 terrestria,
2396 3815 2567 3869 sicuti
2623 3815 2895 3884 potentiis
2947 3813 3223 3881 angelicis
3274 3812 3546 3866 cmlestia.
3588 3814 3663 3866 At

2023 3920 2157 3959 vero
2187 3919 2317 3958 cum
2343 3904 2704 3965 mandatum,
2740 3901 2896 3972 quod
2929 3900 3011 3954 illi
3043 3902 3244 3955 datum
3288 3904 3396 3965 est,
3430 3900 3486 3954 in
3520 3916 3662 3955 con-

2024 3997 2311 4064 temptum
2346 3992 2536 4063 potius
2567 4007 2741 4061 quam
2773 3990 3126 4045 desiderium
3177 3995 3446 4053 traxerat,
3481 3993 3658 4059 atque

2024 4083 2178 4137 malo
2211 4083 2536 4146 accedente,
2573 4082 2680 4134 hoc
2720 4081 2844 4148 ipso
2896 4084 3152 4132 mutatus
3179 4083 3299 4132 erat
3331 4079 3519 4149 quoad
3552 4096 3656 4132 ua-

2022 4177 2235 4236 turam,
2260 4179 2432 4242 alque
2459 4171 2516 4225 in
2549 4169 2974 4238 corruptionem
3012 4168 3305 4238 vitamque
3353 4167 3654 4222 bestialem

2023 4263 2345 4334 prolapsus,
2374 4277 2679 4316 commune
2725 4260 2893 4314 etiam
2948 4259 3133 4313 brutis
3174 4261 3410 4312 sortitus
3438 4263 3526 4312 est
3559 4259 3660 4312 bo-

2022 4354 2284 4422 spitium.
2317 4351 2601 4406 Exsulans
2632 4350 2863 4418 quidem
2912 4349 3058 4403 felici
3115 4349 3229 4402 lare
3275 4349 3385 4419 ipsi
3437 4349 3662 4403 dudum

2023 4458 2312 4507 concesso,
2344 4441 2552 4510 (neque
2584 4439 2738 4492 enim
2775 4439 2857 4491 fas
2889 4441 3013 4492 erat
3061 4452 3195 4490 eum
3228 4437 3320 4506 qui
3350 4437 3470 4504 jam
3504 4437 3662 4505 abje-

2022 4537 2180 4587 ceret
2211 4530 2570 4600 splendidam
2608 4526 2975 4582 mortalitatis
3005 4529 3242 4592 vestem,
3271 4527 3454 4579 locum
3482 4525 3660 4579 istum

2023 4620 2309 4687 habitare,
2344 4618 2440 4688 qui
2473 4617 2901 4687 corruptionem
2933 4631 2997 4670 ac
3029 4615 3433 4670 mortalitatem
3458 4613 3661 4682 novit),

2024 4711 2081 4764 in
2112 4709 2422 4766 confusum
2455 4707 2608 4762 hunc
2638 4710 2695 4760 et
2735 4710 3049 4777 cognatum
3109 4704 3396 4758 mundum
3457 4703 3662 4757 merito

2023 4799 2385 4864 trudebatur,
2438 4797 2589 4850 unde
2645 4795 2818 4850 etiam
2879 4798 3214 4864 assumptus
3277 4792 3498 4855 fuerat;
3548 4791 3660 4857 cui,

2027 4894 2306 4959 tanquam
2365 4885 2695 4955 comparilis
2772 4888 2985 4938 natura?
3047 4882 3130 4959 de
3165 4897 3273 4934 sua
3328 4878 3664 4934 infelicitate

2025 4978 2361 5046 impertiens
2393 4974 2629 5029 vanitati
2662 4988 2791 5027 eum
2827 4970 3100 5041 subjecit,
3134 4971 3308 5039 atque
3342 4965 3664 5022 mortalita-

2026 5067 2100 5123 tis
2129 5073 2187 5121 et
2219 5066 2458 5120 miseriis
2489 5063 2682 5119 locum
2742 5061 3014 5116 reddidit.
3053 5060 3153 5114 Hic
3211 5062 3406 5112 autem
3466 5057 3667 5111 istius-

2027 5155 2183 5210 modi
2218 5158 2398 5207 factus
2431 5152 2635 5206 merito
2677 5151 2836 5220 paria
2870 5148 3129 5220 rependit
3162 5147 3234 5213 ei,
3264 5147 3364 5217 qui
3409 5145 3664 5217 primum

2027 5247 2138 5318 ipsi
2173 5245 2603 5313 corruptionem
2652 5242 2868 5306 intulit,
2929 5241 3081 5295 curis
3141 5244 3193 5292 ct
3253 5236 3551 5301 aerumnis,
3613 5240 3670 5290 et

2026 5335 2433 5399 sollicitudine,
2459 5341 2730 5403 tanquam
2764 5330 3048 5398 sentibus,
3078 5330 3308 5400 gravius
3341 5344 3511 5398 quam
3565 5327 3674 5383 ﬂa-

2027 5427 2178 5498 gello
2212 5427 2402 5496 ipsum
2437 5424 2716 5493 affligens.
2753 5427 2894 5476 Nam
2933 5427 2986 5473 ut
3018 5421 3188 5488 ignis,
3224 5425 3279 5473 et
3327 5421 3558 5485 vermis,
3609 5424 3666 5474 et

2027 5517 2186 5571 virus
2220 5515 2274 5569 in
2331 5515 2515 5569 lucem
2576 5511 2792 5566 emissa
2851 5509 3183 5578 parentibus
3235 5509 3358 5562 suis
3421 5507 3664 5576 primum

2031 5605 2400 5671 insidiantur,
2422 5605 2500 5658 ita
2522 5606 2576 5656 et
2609 5597 3062 5654 maluminlrans
3084 5599 3138 5650 in
3169 5597 3448 5651 mundum
3475 5595 3663 5648 homi-

2030 5711 2162 5752 nem
2200 5694 2450 5766 primum
2481 5695 2772 5748 auctorem
2790 5703 2890 5758 per
2919 5687 3084 5757 ipsus
3113 5685 3660 5754 lwditJluncigitur
