4098 6332
443 425 557 485 159

1714 429 2088 492 ΜΑΤἸἪιΕΙ
2137 427 2568 492 BLASTABIS

3723 421 3841 482 160

443 560 725 616 mundum
757 578 824 616 ex
872 566 1117 633 quatuor
1172 561 1473 618 clementis
1530 564 1938 636 compositum,
1980 565 2072 638 qui

2187 564 2348 636 ἣμεῖν
2379 558 2774 636 ἐπέμϐαίνοντα
2826 562 2916 616 τὸν
2955 560 3015 616 ἐκ
3063 561 3335 634 τεσσάρων
3386 552 3672 630 στοιχείων
3714 576 3838 629 συγ-

440 650 702 721 undique
734 669 838 707 nos
857 654 1074 724 premit,
1107 658 1274 724 atque
1291 654 1702 710 mortalitatem
1730 656 1897 712 nobis
1920 655 2084 711 affert

440 737 811 795 historiarum
844 743 1229 798 consideratio
1262 759 1513 813 arguens
1548 761 1616 798 ex
1646 762 1815 815 opere
1853 746 2081 800 describ

439 847 542 901 per
573 835 821 901 quatuor
851 832 1071 886 dierum
1121 833 1395 889 descades
1446 839 1675 890 nosmet
1707 838 1862 890 mala
1918 837 2035 905 pati
2065 853 2078 904 ;

438 920 803 976 subinnuens
843 925 1015 992 atque
1063 924 1234 978 etiam
1285 924 1629 990 adhortans,
1692 931 1751 979 ut
1811 925 1961 978 hunc
1992 924 2077 980 vel

436 1009 599 1064 inviti
631 1014 908 1080 tanquam
961 1028 1154 1068 revera
1204 1013 1497 1085 ﬂagellum
1553 1014 1927 1085 refugiamus,
1963 1015 2079 1068 imo

439 1096 686 1152 maxime
717 1114 817 1152 ceu
849 1099 1057 1152 anima
1091 1101 1380 1168 Emortem,
1441 1119 1564 1172 quas
1625 1102 1694 1156 iis
1751 1101 2082 1171 supervenit

438 1186 534 1255 qui
565 1187 878 1256 semperin
916 1191 1195 1244 mundum
1230 1190 1476 1257 inhiant,
1528 1195 1701 1261 atque
1757 1192 1826 1244 ad
1886 1205 2077 1245 veram

439 1275 619 1330 nostri
653 1275 894 1344 patriam
947 1283 1250 1335 ascendere
1297 1281 1662 1346 studeamus,
1722 1280 2078 1350 paradisum,

437 1364 702 1434 inquam,
735 1383 766 1419 a
794 1366 1038 1434 septimo
1073 1367 1178 1422 hoc
1228 1372 1283 1422 et
1338 1373 1612 1438 pereunte
1657 1367 1868 1423 saeculo
1915 1368 2080 1422 valde

437 1454 886 1529 discrepantem.
921 1456 1017 1509 sed
1051 1472 1283 1511 summe
1331 1459 1761 1512 convenientem
1823 1457 2077 1511 felicitati

438 1545 622 1600 octavi
653 1545 869 1612 saeculi,
902 1562 1030 1616 quae
1060 1549 1222 1617 fpost
1278 1547 1382 1602 hoc
1433 1563 1534 1601 nus
1588 1551 1796 1601 manet.
1857 1546 2079 1601 Plantis

437 1634 593 1689 enim
630 1636 787 1690 miras
819 1640 1036 1691 naturis
1070 1637 1327 1692 scatebat
1360 1637 1625 1692 meliores
1671 1639 1892 1693 fructus
1950 1638 2076 1691 red-

439 1725 735 1790 dentibus,
767 1725 962 1796 unam
1025 1725 1262 1796 priores,
1324 1743 1535 1798 eosque
1597 1726 1870 1799 pulchros
1927 1727 2075 1789 visu,

439 1822 602 1883 gestu
635 1823 822 1868 autem
856 1814 1252 1885 pulchriores;
1289 1832 1402 1871 non
1435 1816 1590 1871 enim
1621 1817 1806 1872 verbis
1835 1816 2079 1888 exprimi

439 1907 630 1972 potest
657 1903 854 1958 formas
885 1920 948 1958 ac
979 1904 1306 1961 dulcedinis
1339 1906 1692 1976 praestantia.

513 1991 628 2047 Hoc
657 1991 717 2046 in
747 1992 872 2049 loco
900 1994 1082 2049 Adam
1126 1993 1266 2049 olim
1320 2011 1708 2061 commorans,
1749 1997 1799 2051 si.
1832 1997 2077 2052 manda-

437 2082 563 2134 tum
597 2086 871 2152 perpetuo
902 2088 1207 2151 servasset,
1242 2084 1488 2140 idoneus
1522 2085 1726 2140 fuisset
1771 2085 2076 2142 haeredita-

438 2173 549 2226 tem
609 2171 905 2242 suscipere
977 2173 1130 2228 244
1208 2174 1368 2246 regni
1444 2174 1552 2246 ipsi
1629 2176 1884 2246 apparati
1945 2183 2078 2233 ante

438 2259 719 2314 mundum
753 2261 1072 2317 conditum.
1127 2263 1432 2319 Paradisus
1481 2264 1635 2320 enim
1680 2265 1853 2320 istius
1909 2267 2075 2337 quasi

436 2349 708 2419 praevium
741 2351 1110 2420 gymnasium
1147 2353 1274 2408 fuit.
1309 2357 1378 2409 At
1410 2370 1541 2408 vero
1571 2353 1668 2408 ille
1719 2354 2073 2427 voluptatem

435 2439 822 2509 corruptionis
873 2448 1164 2511 parentem
1228 2443 1498 2498 mandato
1571 2445 1898 2513 praeferens,
1959 2463 2073 2501 non

435 2526 620 2582 solum
656 2543 898 2599 regnum
928 2529 1090 2584 illum
1125 2531 1393 2602 perdidit,
1426 2533 1527 2587 sed
1559 2533 1811 2601 etjussu
1835 2535 1931 2589 Dei
1968 2551 2072 2604 pa-

432 2616 626 2671 radiso
663 2617 869 2687 pulsus
901 2624 1024 2673 erat
1071 2621 1388 2690 (corruptio
1436 2622 1589 2676 enim
1641 2622 2069 2691 corruptionem

433 2721 548 2759 non
583 2705 938 2777 haereditat);
975 2713 1031 2762 et
1063 2709 1118 2760 in
1153 2711 1431 2764 mundum
1467 2713 1868 2781 cognominem
1895 2712 2069 2782 septi—

433 2808 543 2846 mae
574 2795 719 2847 aetati
753 2794 1039 2866 relegatus
1071 2801 1174 2850 est.
1199 2797 1323 2852 Non
1355 2802 1553 2852 tamen
1587 2798 1665 2852 ita
1694 2815 1795 2869 spe
1841 2801 2072 2870 penitus

434 2881 641 2937 excidit
666 2901 678 2936 :
713 2888 1040 2939 reservatur
1069 2885 1220 2940 enim
1252 2887 1310 2941 in
1330 2894 1588 2943 octavam
1622 2888 1865 2944 istorum
1885 2890 2071 2944 bono—

432 2987 561 3025 rum
596 2972 793 3027 fruitio
823 2973 936 3041 his,
970 2975 1069 3044 qui
1105 2977 1258 3045 piam
1293 2995 1358 3032 ac
1389 2978 1642 3032 sobriam
1668 2980 1841 3033 vitam
1867 2983 2068 3050 agunt.

431 3063 620 3126 Quare
666 3067 721 3115 et
776 3070 1030 3117 nostrum
1093 3080 1302 3135 corpus
1361 3073 1695 3123 concretum
1749 3085 1818 3122 ex
1897 3071 2073 3122 mate-

431 3149 559 3202 riali
595 3150 699 3204 hoc
731 3153 1323 3224 quaternione,cujus
1366 3155 1552 3212 brutis
1581 3156 1886 3212 desideriis
1927 3155 2068 3212 ratio

433 3246 634 3296 nostra
655 3241 942 3312 demulsa,
994 3249 1050 3298 et
1095 3245 1265 3300 nobis
1303 3251 1360 3300 et
1399 3247 1556 3302 omni
1608 3252 1884 3303 creaturas
1922 3263 2068 3302 inor-

2190 653 2436 724 κείμενον
2464 651 2705 721 τουτονὶ,
2735 652 2824 705 καὶ
2858 653 2955 720 τῆς
2996 651 3196 724 φθορᾶς
3238 652 3372 722 ἡμῖν
3422 647 3833 714 κοινωνήσαντα

2185 740 2415 814 κόσμον,
2449 743 2482 809 ἡ
2518 740 2717 813 Θεωρία
2751 741 2856 794 τῶν
2899 740 3155 813 ἱστοριῶν
3200 737 3530 813 ἐλέγχουσα,
3572 731 3660 788 διὰ
3689 731 3829 806 πρά-

2183 831 2314 898 ξεως
2368 829 2663 908 ὑπογράφει
2713 833 2782 903 τῇ
2841 827 3120 903 τετραπλῇ
3176 833 3283 882 τῶν
3339 829 3559 900 ἡμερῶν
3619 820 3827 882 δεκάδι,

2183 921 2508 974 καθωπαθεῖν
2581 922 2729 991 ἡμᾶς
2797 919 3189 996 ὑφηγησαμένη
3256 937 3312 972 τε
3377 915 3467 970 καὶ
3523 914 3824 985 νομοθετή-

2186 1029 2338 1077 σασα,
2373 1009 2447 1068 ὡς
2479 1006 2537 1061 ἄν
2577 1011 2767 1061 τοῦτον
2805 1009 2894 1062 καὶ
2933 1007 3148 1066 ἄκοντες
3187 1007 3263 1069 ὼς
3301 1005 3544 1082 ἀτεχνῶς
3587 1001 3827 1074 μάστιγα

2185 1097 2469 1175 φεύγωμεν
2499 1117 2511 1128 ·
2559 1096 2618 1150 οὗ
2663 1098 2769 1169 μὴν
2804 1095 2951 1151 ἀλλὰ
2996 1097 3085 1150 καὶ
3134 1099 3321 1169 ψυχῆς
3365 1091 3610 1166 ἄντικρυς
3661 1091 3828 1146 θάνα-

2183 1207 2298 1252 τον,
2330 1191 2446 1248 τοῖς
2477 1186 2612 1259 πρὸς
2647 1186 2804 1240 αὐτὸν
2831 1185 2911 1240 ἀεὶ
2943 1185 3206 1258 κεχηνόσι
3239 1203 3251 1218 ·
3285 1182 3420 1257 πρὸς
3452 1179 3508 1235 δὲ
3535 1181 3634 1245 τὴν
3675 1179 3830 1247 ἀλη-

2185 1276 2337 1342 θινήν
2377 1276 2536 1347 ἡμῶν
2585 1271 2903 1346 σπεύδωμεν
2942 1272 3214 1328 ἐπανιέναι
3264 1269 3516 1346 πατρίδα,
3569 1269 3719 1347 φημὶ
3761 1266 3829 1336 δὴ

2185 1364 2274 1418 τὸν
2307 1361 2653 1437 παράδεισον,
2691 1367 2790 1417 τοῦ
2834 1363 2926 1434 μὲν
2972 1357 3210 1433 ἑϐδόμου
3250 1358 3410 1416 τοῦδε
3458 1360 3547 1414 καὶ
3591 1358 3834 1436 φθαρτοῦ

2185 1453 2384 1512 αἰῶνος
2444 1451 2587 1506 πολὺ
2647 1456 2715 1525 τῇ
2773 1451 2928 1530 φύσει
2986 1449 3328 1520 διεστηκότα,
3381 1450 3734 1521 προσήκοντα
3779 1445 3836 1501 δὲ

2185 1545 2299 1596 κατ’
2355 1540 2520 1615 ἄκρας
2578 1547 2646 1615 τῇ
2710 1543 2843 1614 μετὰ
2898 1541 3087 1595 τοῦτον
3146 1543 3293 1614 ἡμᾶς
3353 1536 3677 1610 ἐκδεξαμένη
3737 1540 3834 1590 τοῦ

2187 1629 2386 1707 ὀγδόου
2421 1631 2783 1704 μακαριότητί
2808 1650 2820 1662 ·
2857 1636 3047 1708 φυτοῖς
3079 1629 3182 1705 γὰρ
3213 1627 3489 1699 ἐντεθήλει
3513 1629 3832 1698 θαυμαστῆς

2186 1721 2396 1799 φύσεως
2427 1723 2634 1794 καρπὸν
2670 1721 2870 1797 βελτίω
2910 1717 3367 1795 προϊσχομένοις,
3405 1720 3546 1793 ἢπερ
3583 1719 3651 1773 τὰ
3691 1717 3829 1792 πρό-

2184 1833 2340 1886 περα,
2374 1812 2539 1866 καλὸν
2573 1813 2668 1885 μὲν
2703 1809 2860 1882 ἰδεῖν,
2891 1810 3107 1866 καλλίω
3132 1809 3189 1866 δὲ
3212 1811 3520 1886 χρησασθαι
3541 1828 3554 1840 ·
3588 1806 3826 1884 ἄρρητον

2108 1927 2153 1992 Β
2182 1902 2284 1975 γάρ
2315 1899 2462 1972 αὕτῷ
2489 1901 2550 1955 τὸ
2580 1907 2678 1969 τῆς
2709 1899 2854 1975 ὥρας
2880 1901 2967 1953 καὶ
3002 1897 3205 1992 ήδογῆς
3237 1904 3445 1992 περιῆν.

2258 1991 2518 2045 Ἐνταῦθα
2571 1989 2762 2054 πάλαι,
2819 1989 3059 2062 καθάπερ
3104 1983 3263 2066 ἔφην,
3311 1988 3339 2041 6
3386 1983 3562 2058 Ἀδάμ
3603 1982 3827 2061 ἐπιχω-

2186 2079 2406 2154 ριάζων,
2458 2076 2703 2148 ἐπίδοξος
2752 2079 2842 2147 ἦν,
2875 2078 2921 2132 εἰ
2949 2079 3048 2146 τὴν
3089 2074 3314 2145 ἐντολὴν
3355 2073 3443 2129 διὰ
3490 2073 3687 2134 τέλους
3729 2095 3827 2140 τη-

2185 2171 2388 2244 ρήσειε,
2438 2170 2524 2223 καὶ
2585 2171 2684 2237 τὴν
2740 2167 3117 2243 κληρονομίαν
3170 2164 3479 2236 ἐκδέξασθαι
3534 2171 3634 2234 τῆς
3688 2164 3830 2219 ἕτοι-

2186 2259 2483 2332 μασθείσης
2535 2257 2681 2330 αύτῷ
2735 2257 3011 2334 βασιλείας
3059 2258 3165 2332 πρὸ
3213 2251 3532 2325 καταϐολῆς
3579 2255 3827 2327 κόσμου·

2180 2349 2382 2419 ταύτης
2416 2350 2520 2424 γάρ
2553 2349 2720 2402 οἱονεὶ
2759 2349 3054 2422 γυμνάσιον
3090 2349 3117 2401 6
3148 2344 3475 2421 παράδεισος
3503 2366 3516 2378 '
3559 2345 3660 2414 τήν
3692 2344 3829 2416 πρό-

2181 2439 2326 2508 ξενον
2357 2435 2412 2492 δὲ
2441 2444 2540 2506 τῆς
2571 2439 2768 2514 φθορᾶς
2799 2435 3002 2507 ἡδονήν
3041 2438 3146 2511 πρὸ
3185 2444 3284 2507 τῆς
3327 2436 3553 2504 ἐντολῆς
3590 2433 3842 2504 ποιησάσ.

2185 2548 2368 2600 μενος,
2397 2529 2508 2602 οὐχ
2537 2527 2685 2588 ὅπως
2711 2525 2917 2596 ἐκείνης
2951 2523 3270 2602 διήμαρτεν,
3310 2525 3457 2581 ἀλλὰ
3502 2525 3588 2579 καὶ
3621 2522 3823 2578 τούτου

2181 2618 2296 2688 θείᾳ
2336 2620 2503 2697 ψήφῳ
2544 2612 2872 2687 ἐκϐέϐληται
2896 2635 2910 2650 ⁸
2955 2620 2988 2686 ἡ
3028 2618 3128 2692 γάρ
3168 2617 3343 2696 φθορά
3381 2618 3477 2683 τὴν
3525 2613 3823 2687 ἀφθαρσίαν

2181 2707 2240 2762 ού
2272 2709 2628 2781 κληρονομεῖ,
2665 2708 2751 2761 καὶ
2791 2707 2926 2778 πρὸς
2974 2706 3065 2760 τὸν
3109 2713 3206 2775 τῆς
3249 2702 3490 2777 ἑϐδόμης
3529 2704 3823 2776 ἒπώνυμον

2179 2798 2594 2871 ἐξωστράκισται
2637 2797 2847 2850 τουτονὶ
2886 2797 3092 2869 κόσμον
3119 2815 3130 2826 ·
3188 2795 3314 2850 ἀλλ’
3360 2791 3477 2849 οὐδ’
3509 2791 3683 2854 οὕτως
3735 2791 3822 2847 ἐλ-

2178 2882 2335 2946 πίδος
2377 2885 2454 2946 εἰς
2503 2887 2638 2938 ἅπαν
2699 2882 3005 2958 διέψευσται
3039 2904 3050 2916 ⁸
3109 2883 3182 2946 εἷς
3243 2885 3345 2959 γὰρ
3399 2884 3497 2951 τήν
3553 2880 3818 2957 ὀγδόηνὴ

2178 2974 2396 3030 ἐκείνων
2452 2975 2753 3036 ἀπόλαυσις
2819 2981 2927 3030 τῶν
2993 2976 3290 3050 ἀνθρώπων
3353 2975 3647 3046 τετήρηται
3704 2977 3820 3032 τοῖς

2179 3063 2450 3138 θεοφιλῶς
2497 3064 2587 3119 καὶ
2632 3065 2927 3142 σωφρόνως
2979 3059 3270 3139 βεϐιωκόσι
3307 3082 3320 3095 ⁸
3373 3059 3456 3116 διὸ
3505 3059 3570 3131 δὴ
3628 3061 3722 3116 καὶ
3763 3062 3825 3116 τὸ

2179 3155 2476 3228 συγκραθὲν
2526 3153 2789 3228 ἡμέτερον
2849 3158 3007 3225 σῶμα
3066 3151 3125 3207 ἐκ
3181 3160 3282 3222 τῆς
3342 3151 3536 3220 ὑλικῆς
3591 3150 3823 3220 ταυτησὶ

2179 3242 2524 3318 τετρακτύος,
2563 3243 2624 3296 οὗ
2674 3247 2791 3303 ταῖς
2849 3241 3074 3317 ἀλόγοις
3125 3243 3330 3318 ὀρέξεσι
3376 3241 3438 3297 τὸ
3485 3247 3586 3310 τῆς
3636 3244 3824 3318 ψυχῆς

431 3328 673 3385 talitatis
720 3305 1241 3402 labem'aﬂ’ricuit,
1301 3337 1372 3390 ab
1430 3336 1734 3391 elementis
1792 3336 2066 3392 omnibus

2184 3332 2603 3408 καταγοητευθὲν
2655 3331 3036 3405 λογιζόμενον,
3087 3333 3222 3405 ἡμῖν
3269 3332 3357 3385 καὶ
3407 3330 3546 3403 πάσῃ
3599 3333 3671 3403 τῇ
3723 3329 3828 3384 κτί-

436 3419 522 3491 psi
559 3420 760 3487 unitis,
797 3438 896 3492 per
925 3421 1317 3493 discipilinam
1353 3424 1558 3480 duram
1593 3425 1882 3497 completo
1905 3426 2066 3480 deca-

434 3509 524 3564 dis
572 3510 797 3565 dierum
828 3528 1067 3567 numero
1118 3515 1362 3584 perfecte
1422 3516 1653 3588 purgari
1720 3519 1962 3586 oportet,
2012 3517 2068 3570 et

433 3597 541 3653 hac
583 3600 802 3656 ratione
849 3618 1020 3672 grave
1067 3620 1216 3658 onus
1265 3605 1484 3675 peccati
1533 3606 1829 3660 excutiens
1865 3605 1972 3661 iter
2000 3605 2066 3660 ad

433 3687 683 3743 caelestia
733 3689 940 3745 animis
998 3693 1230 3762 quidem
1287 3693 1453 3749 facile
1533 3712 1853 3766 capessere.
1920 3695 2064 3750 Nam

432 3783 718 3847 quantum
750 3784 1024 3837 externus
1055 3793 1250 3838 noslcr
1281 3784 1453 3840 homo
1487 3786 1898 3858 corrumpitur,
1927 3803 1992 3841 eo
2016 3793 2068 3840 et

431 3868 699 3923 internus
742 3868 914 3926 homo
965 3877 1290 3941 renovatur,
1326 3875 1490 3945 juxta
1520 3876 1738 3931 dictum
1791 3875 2068 3946 apostoli-

435 3973 589 4011 cum.
624 3957 818 4014 Sicute
847 3965 1047 4015 contra
1078 3963 1328 4018 Herodes
1362 3964 1778 4034 (interpretanti
1829 3965 2063 4037 quidem

432 4048 736 4116 coriuceus)
769 4065 866 4119 per
898 4066 1069 4119 quem
1104 4052 1340 4108 affectus
1379 4055 1569 4109 carnis
1601 4059 2067 4125 repraesentetur,

435 4136 743 4191 tetrarchia
800 4137 1054 4208 inﬂatus,
1114 4143 1496 4211 concretione,
1556 4143 1819 4214 inquam,
1879 4143 2071 4198 carnis

436 4234 665 4291 aestus,
728 4242 898 4296 quam
959 4233 1158 4299 postea
1205 4230 1336 4285 ﬁliis
1411 4233 1532 4287 suis
1569 4232 1721 4292 filiis.
1763 4249 1895 4287 cum
1958 4249 2069 4286 non

435 4314 623 4384 potuit
644 4317 1154 4383 rectumjdoctrimn
1177 4320 1409 4374 verbum
1436 4321 1601 4376 nobis
1623 4323 1866 4386 auferre,
1889 4322 2074 4376 infan-

431 4402 589 4458 tibus
618 4406 808 4459 tamen
843 4407 1135 4474 masculis,
1169 4412 1308 4478 puta
1341 4410 1548 4465 mentis
1581 4412 1782 4480 primis
1813 4416 1868 4466 et
1891 4427 2073 4481 gene-

431 4493 580 4546 rosis
625 4494 690 4547 ad
738 4495 1007 4549 virtutem
1057 4497 1410 4553 motionibus
1459 4517 1657 4570 parere
1717 4517 1833 4554 non
1895 4501 2071 4554 novit.

429 4583 637 4637 Annon
712 4599 839 4637 vero
917 4586 1072 4640 [ilius
1137 4586 1382 4656 hujusce
1465 4591 1759 4644 tetrarchae
1845 4590 2075 4660 quidvis

2179 3443 2257 3476 σει
2287 3423 2385 3490 τῆν
2436 3428 2535 3491 τῆς
2582 3423 2781 3496 φθορᾶς
2831 3421 3158 3494 έμνήστευσε
3203 3416 3417 3490 λώϐην,
3465 3420 3547 3495 ἐφ’
3594 3418 3822 3474 ἑκάστου

2176 3514 2289 3588 χρή
2329 3517 2434 3566 τῶν
2467 3509 2759 3584 ἡνωμένων
2791 3511 2938 3582 αὐτῷ
2969 3510 3278 3586 στοιχείων,
3323 3509 3394 3564 δι’
3437 3509 3666 3586 ἀγωγῆς
3695 3508 3816 3563 ἐπι-

2175 3603 2345 3657 πόνου
2403 3599 2612 3656 τελείαν
2665 3601 2764 3669 τὴν
2822 3601 3077 3674 κάθαρσιν
3147 3597 3415 3671 δέξασθαι,
3472 3603 3550 3671 τῷ
3613 3598 3810 3670 τελείῳ

2175 3697 2273 3760 τῆς
2305 3687 2523 3750 δεκάδος
2554 3693 2663 3743 τῶν
2695 3690 2916 3763 ἡμερῶν
2953 3687 3169 3760 ἀριθμῷ
3193 3707 3204 3719 ·
3255 3687 3344 3742 καὶ
3382 3686 3549 3760 ταύτῃ
3581 3686 3643 3740 τὸ
3674 3684 3808 3762 βαρὺ

2177 3778 2396 3858 φορτίον
2457 3785 2556 3847 τῆς
2622 3778 2889 3851 ἁμαρτίας
2956 3776 3417 3851 ἀποσεισάμενον,
3485 3773 3674 3850 ῥᾳδίαν
3741 3779 3808 3847 τῇ

2177 3871 2332 3942 ψυχῇ
2384 3869 2483 3936 τήν
2533 3867 2667 3941 πρὸς
2713 3867 2777 3921 τὰ
2822 3865 2929 3921 ἅνω
2973 3873 3374 3940 παραχωρῆσαι
3419 3866 3672 3940 πορείαν·
3724 3862 3815 3918 καὶ

2176 3960 2276 4034 γὰρ
2323 3959 2444 4011 ὅσον
2476 3957 2504 4011 6
2541 3952 2642 4026 ἔξω
2681 3957 2840 4028 ἡμῶν
2887 3956 3169 4029 ᾅνθρωπος
3217 3957 3508 4032 φθείρεται,
3557 3959 3816 4010 τοσοῦτον

2181 4049 2208 4102 6
2253 4045 2357 4101 ἔσω
2397 4047 2795 4115 ἀνακαινοῦται,
2863 4051 2957 4100 τοῦ
3017 4046 3352 4101 Ἀποστόλου
3411 4049 3585 4122 φωνῇ,
3632 4044 3812 4117 ὥσπερ

2178 4136 2485 4190 τούναντίον
2541 4133 2792 4210 Ἡρώδης
2843 4137 3216 4211 (ἑρμηνεύεται
3266 4135 3322 4190 δὲ
3365 4139 3393 4190 6
3450 4134 3813 4209 δερμάτινος).

2183 4227 2252 4282 δι’
2313 4227 2373 4281 οὗ
2423 4227 2482 4280 τὸ
2529 4234 2627 4295 τῆς
2689 4226 2884 4301 σαρκὸς
2935 4227 3250 4296 εἰκονίζεται
3292 4229 3566 4306 φρόνημα,
3610 4232 3679 4300 τῇ
3728 4246 3816 4278 τεο

2181 4313 2418 4389 τραρχίᾳ
2461 4315 2804 4390 φυσώμενος,
2859 4319 2927 4388 τῇ
2979 4317 3270 4387 συμπήξει,
3329 4315 3495 4388 φημὶ,
3545 4318 3640 4369 τοῦ
3689 4317 3820 4385 ἡμε-

2182 4405 2341 4478 τέρου
2383 4403 2629 4479 σαρκίου,
2661 4405 2726 4472 ἦν
2761 4404 2979 4479 ὕστερον
3007 4410 3124 4466 τοῖς
3174 4401 3310 4458 υἱέσι
3351 4401 3538 4474 διεῖλε,
3577 4405 3652 4475 μὴ
3706 4403 3821 4461 οἷός

2183 4517 2240 4549 τε
2273 4493 2371 4562 ὤν,
2420 4495 2510 4548 τὸν
2560 4496 2687 4569 παρ’
2741 4497 2876 4568 ἡμῖν
2934 4496 3092 4569 ὀρθὸν
3144 4499 3251 4548 τῶν
3308 4491 3593 4570 δογμάτων
3654 4492 3817 4565 λόγον

2186 4583 2348 4650 ἑλεῖν,
2398 4588 2506 4638 τῶν
2546 4587 2673 4656 γοῦν
2713 4583 2950 4657 ἀρῥένων
2991 4586 3226 4658 βρεφῶν,
3265 4587 3372 4637 τῶν
3418 4584 3673 4656 πρώτων,
3715 4602 3818 4655 φη-

431 4670 618 4726 facere
650 4672 865 4738 studet,
899 4691 1065 4742 quam
1093 4681 1154 4730 ut
1184 4677 1446 4732 videatur
1465 4679 1771 4735 convenire
1801 4696 1934 4735 cum
1971 4697 2069 4749 pa-

2186 4675 2268 4745 μὶ,
2309 4677 2411 4726 τοῦ
2457 4674 2554 4727 νὸὖ
2602 4673 2692 4726 καὶ
2742 4674 3002 4749 γενναίων
3049 4674 3182 4746 πρὸς
3235 4672 3430 4746 ἀρετὴν
3482 4673 3817 4743 κινημάτων,

433 4764 538 4828 tre,
575 4769 689 4814 tam
723 4763 908 4832 quoad
946 4780 1133 4818 mores
1157 4781 1332 4834 quam
1366 4783 1549 4837 genus
1581 4775 1636 4843 et
1677 4785 1885 4824 nomen
1907 4769 1934 4823 ?
1964 4768 2071 4821 Mi-

433 4850 590 4903 nime
613 4850 850 4919 quidem
884 4868 897 4906 :
933 4863 985 4908 et
1034 4852 1130 4908 ille
1160 4871 1300 4910 sane
1349 4857 1465 4911 veri
1513 4859 1671 4913 verbi
1723 4873 2066 4929 praeconem,

433 4951 566 4990 cum
599 4938 826 4993 occasio
859 4941 983 5005 fert,
1017 4942 1279 4997 decollal.

2181 4763 2243 4816 οὐ
2292 4764 2493 4841 πέφυκε
2543 4760 2816 4840 φείδεσθαι
2850 4782 2861 4794 ·
2914 4764 2942 4817 6
2991 4759 3047 4816 δὲ
3093 4763 3287 4818 τούτου
3342 4763 3646 4838 τετράρχης
3704 4760 3818 4820 υἱὸς

2181 4851 2323 4912 εἷ’κὸς
2369 4873 2420 4905 τι
2480 4851 2689 4924 νομίζει
2756 4857 2954 4915 ποιεῖν,
3015 4853 3060 4906 εἰ
3121 4854 3198 4924 μή
3255 4858 3370 4916 τοῖς
3425 4852 3650 4926 τρόποις
3709 4849 3815 4923 οὐχ

2178 4943 2343 5009 ⁹ἦττον
2383 4983 2399 5007 ,
2463 4939 2498 5008 ἢ
2575 4941 2653 5013 τῷ
2723 4941 2856 5015 γένει
2933 4940 3022 4994 καὶ
3090 4945 3159 5006 τῆ
3230 4940 3425 5012 κλήσει
3497 4944 3576 5012 τῷ
3653 4937 3816 5010 πατρὶ

433 5018 743 5094 συμϐαίνων
776 5025 1008 5103 ὀφθείη;
1052 5031 1326 5102 Οὕμενουν
1354 5051 1365 5063 ·
1404 5032 1595 5105 ἂμέλει
1634 5034 1726 5088 τὸν
1767 5035 1978 5108 κήρυκα
2013 5030 2109 5087 τοῦ
2149 5029 2315 5103 ὀρθοὖ
2367 5029 2559 5104 λόγου,
2593 5030 2636 5084 εἰ
2685 5035 2878 5104 καιροῦ
2929 5025 3178 5104 λάϐοιτο,
3218 5031 3307 5086 καὶ
3357 5031 3516 5092 οὗτος
3555 5027 3816 5100 ἒκτέμνει.

503 5116 782 5170 Caeterum
816 5128 870 5171 et
901 5119 1070 5175 decas
1105 5121 1324 5188 isthasc,
1357 5139 1489 5178 cum
1524 5131 1659 5180 nata
1698 5126 1770 5179 sit
1798 5142 1867 5180 ex
1897 5129 2068 5180 tetra-

435 5203 526 5267 de,
558 5213 641 5258 est
671 5208 725 5257 et
755 5205 880 5274 ipsa
913 5211 1129 5276 tetras;
1169 5226 1296 5264 nam
1345 5227 1477 5266 cum
1537 5216 1917 5284 sequentibus
1970 5229 2074 5265 nu-

435 5293 612 5348 meris
644 5296 967 5364 composita
999 5299 1273 5354 «lecadem
1324 5301 1578 5371 producit
1609 5322 1622 5369 ;
1665 5306 1720 5356 et
1772 5307 2073 5374 propterea

435 5387 575 5454 puto
597 5388 654 5438 et
688 5383 908 5438 hancin
945 5387 1154 5442 malam
1209 5395 1429 5458 partem
1485 5392 1659 5460 sumi,
1725 5393 1950 5448 Decima
1975 5392 2066 5461 igi-

437 5478 535 5527 tur
590 5472 955 5542 generatione
1007 5477 1336 5532 universale
1411 5479 1690 5533 diluvium
1745 5481 2068 5550 ingruebat.

439 5562 635 5616 decem
669 5560 839 5614 etiam
875 5561 1058 5633 plagis
1099 5564 1404 5637 Egyptum
1448 5568 1624 5623 afflin
1676 5569 1884 5625 Moses.
1919 5571 2072 5635 Qua-

437 5653 669 5721 propter
700 5649 982 5706 Dominus
1013 5658 1066 5707 et
1106 5671 1210 5709 nos
1261 5665 1525 5713 naturam
1578 5658 1906 5713 universam
1941 5675 2072 5714 cor—

437 5741 702 5812 ruptione
756 5739 1176 5798 elementorum
1263 5746 1794 5818 inveterascentem,
1845 5749 1901 5802 in
1952 5749 2070 5819 pri-

2249 5117 2321 5171 Ού
2368 5121 2476 5192 μὴν
2528 5118 2670 5174 ἀλλά
2719 5120 2807 5173 καὶ
2841 5123 2875 5189 ἠ
2909 5116 3065 5184 δεκὰς
3113 5119 3247 5190 αὕτη
3299 5119 3541 5195 γέννημα
3581 5122 3681 5183 τῆς
3725 5137 3819 5171 τε-

2178 5206 2375 5281 τράδος
2445 5207 2602 5278 οὖσα,
2660 5208 2849 5284 τετράς
2907 5209 3017 5265 ἐστι
3064 5211 3153 5264 καὶ
3221 5209 3358 5280 αύόή
3396 5227 3409 5240 '
3472 5206 3814 5281 συντιθεμένη

2181 5299 2285 5372 γὰρ
2313 5303 2430 5359 τοῖς
2468 5298 2689 5354 κατόπιν
2743 5299 2908 5369 αὐτῆς
2948 5299 3226 5374 ἀριθμοῖς,
3267 5301 3365 5369 τὴν
3407 5297 3602 5355 δεκάδα
3645 5299 3816 5374 γεννᾷ,

2180 5386 2270 5440 καὶ
2312 5388 2457 5461 παρά
2496 5393 2654 5443 τοῦτο
2705 5391 2782 5451 εἰς
2838 5393 3072 5444 κάκωσιν
3129 5392 3283 5462 οἶμαι
3332 5389 3420 5444 καὶ
3463 5389 3661 5458 ταύτην
3717 5404 3812 5439 πα-

2182 5472 2619 5548 ραλαμϐάνεσθαι
2655 5499 2668 5511 ο
2727 5476 2920 5553 δεκάτῃ
2997 5477 3084 5533 οὖν
3163 5484 3317 5553 γενεᾷ
3367 5480 3393 5533 6
3444 5474 3813 5550 οἰκουμενικὸς

2179 5565 2535 5644 ἐπεισέφρησε
2588 5565 2804 5623 κλύδων
2837 5586 2848 5599 ·
2911 5566 3036 5624 δέκα
3094 5567 3151 5624 δὲ
3207 5569 3448 5646 πληγαῖς
3497 5569 3523 5622 6
3582 5565 3810 5632 Μωῦσῆς

2180 5657 2277 5725 τήν
2330 5653 2602 5729 Α’ίγυπτον
2655 5653 2951 5716 έϐασάνισε.
2998 5665 3294 5735 Τοιγαροῦν
3347 5661 3374 5715 6
3415 5657 3605 5733 Κύριος
3661 5657 3802 5728 ἡμῶν

2181 5746 2270 5802 καὶ
2303 5747 2474 5819 ἡμᾶς,
2517 5749 2605 5802 καὶ
2644 5749 2742 5818 τὴν
2789 5749 3188 5805 παλαιωθεῖσαν
3214 5754 3282 5826 τῇ
3314 5752 3487 5826 φθορᾷ
3523 5752 3629 5804 τῶν
3669 5766 3812 5801 στοι-
