4098 6332
216 392 316 454 liii

1254 394 1679 479 SYNTAGMA
1723 396 2363 458 ALPHABETICUM.
2411 429 2480 440 —
2528 395 2600 455 Τ.

3504 402 3619 461 162

207 523 374 595 χεὶων
435 523 726 596 σύμπασαν
790 523 972 599 φύσιν,
1022 522 1096 585 εἷς
1144 524 1207 578 τὸ
1257 525 1490 602 ἀρχαῖον
1564 527 1845 602 βουληθεὶς

1969 528 2190 584 stinum
2222 532 2439 583 statum
2494 528 2796 584 restituere
2843 529 3040 584 voiens
3097 534 3153 585 et
3208 530 3620 586 immortalita-

204 610 538 681 ἀναπλάσαι,
588 613 680 667 καὶ
749 613 849 681 τὴν
896 612 1189 689 ἀφθαρσίαν
1245 613 1398 675 αὖθις
1457 613 1860 691 φιλανθρώπως

205 703 560 777 χαρίσασθαι,
619 701 711 781 ἀφ’
759 704 947 776 ἡμῶν,
997 700 1066 757 δι’
1116 705 1188 757 ὧν
1246 705 1281 771 ἡ
1326 705 1501 781 φθορά
1546 705 1717 761 πάλαι
1778 707 1858 779 τῷ

200 790 367 845 παντῖ
409 789 789 864 ἂπεκώμασεν,
820 792 979 864 ᾠήθη
1032 789 1141 849 δεῖν
1196 800 1297 863 τῆς
1356 793 1591 869 ἰατρείας
1631 795 1859 870 ἀπάρξα-

200 881 352 950 σθαι,
402 881 718 956 ΐσαρίθμοις
768 882 1018 957 ὀργάνοις
1076 883 1212 957 πρὸς
1269 886 1430 940 τοῦτο
1491 885 1856 959 χρησάμενος.

198 970 305 1031 Τὰς
342 970 447 1045 γὰρ
495 970 549 1025 έν
608 973 746 1045 ἡμῖν
805 969 1112 1047 ἐπιρρώσας
1167 977 1385 1047 πρῶτον
1441 975 1678 1052 φυσικὰφ
1734 974 1856 1030 τέσ-

199 1079 373 1130 σαρας
413 1059 634 1129 ἀρετὰς,
673 1058 729 1116 ἐν
777 1057 938 1133 καλῷ
979 1062 1188 1116 κεῖσθαι
1237 1060 1472 1135 νομίσας
1518 1062 1585 1118 τά
1644 1064 1857 1141 μεγάλα

199 1153 459 1222 στοιχεῖα
507 1156 610 1219 τῆς
662 1150 714 1206 ἐν
765 1151 917 1222 αὐτῷ
945 1156 1130 1219 καινῆς
1177 1150 1425 1220 κτίσεως,
1482 1151 1549 1206 τὰ
1602 1152 1856 1227 τέσσαρα,

198 1237 378 1312 ⁶φημὶ,
441 1238 777 1313 Εὐαγγέλια,
832 1239 885 1309 ἐξ
950 1238 1278 1313 ἀντιρῥόπου
1334 1246 1450 1302 τοῖς
1506 1242 1743 1315 ἀψύχοις
1801 1241 1856 1297 έν

196 1327 339 1396 ἡμῖν
380 1330 502 1388 τοῖς
565 1326 821 1401 λογικοῖς
881 1327 1233 1397 ὗπιστήσατο,
1289 1334 1520 1404 τέσσαρα
1571 1329 1725 1398 ἄττα,
1765 1330 1856 1385 καὶ

198 1416 357 1469 ταυτί
425 1418 782 1491 περιέχοντα,
847 1416 1115 1492 δόγματα,
1184 1418 1434 1488 ἐντολὰς,
1509 1418 1856 1496 ἐπαγγελίας,

194 1504 284 1556 καὶ
326 1502 563 1565 ἀπειλάς
596 1524 608 1536 ·
647 1504 721 1566 ὡς
750 1503 810 1558 ἂν
846 1510 963 1567 τοῖς
1001 1506 1311 1561 πιστεύουσι
1356 1507 1449 1579 μὲν
1476 1512 1592 1569 τοῖς
1642 1504 1858 1583 δόγμα-

201 1612 273 1661 σι,
300 1592 400 1647 καὶ
460 1594 592 1666 περὶ
638 1592 900 1650 πλείστου
947 1596 1040 1657 τὰς
1080 1594 1304 1658 έντολάς
1348 1596 1724 1671 ποιουμένοις,
1755 1600 1854 1669 τήν

200 1679 248 1733 ἐν
293 1680 664 1757 ἐπαγγελίαις
717 1683 1043 1758 κομίσασθαι
1112 1692 1214 1755 τῆς
1289 1686 1557 1748 υἱοθεσίας
1647 1686 1854 1762 ὑπάρξῃ

202 1772 611 1845 μακαριότητα,
655 1777 724 1846 τῇ
779 1773 953 1828 κτίσει
999 1772 1056 1828 δὲ
1104 1774 1197 1828 σὺν
1248 1775 1457 1847 αὐτοῖς,
1496 1776 1571 1832 εἰς
1612 1778 1713 1845 τήν
1754 1780 1854 1841 τῇς

196 1858 505 1937 ἀρθαρσίας
549 1862 1111 1936 μεταστοιχειωθῆναι
1162 1862 1528 1937 λαμπρότητα
1562 1888 1574 1897 ·
1623 1869 1739 1926 τοῖς
1798 1863 1855 1919 δὲ
1889 1903 1931 1966 Β

197 1950 268 2020 μή
302 1950 455 2003 οὕτω
486 1952 748 2019 ποιητέον
791 1952 928 2006 εἶναι
977 1952 1356 2029 πεφροντικόσι
1392 1952 1527 2026 μετᾶ
1572 1955 1673 2022 τὴν
1722 1974 1851 2031 φρι-

191 2044 321 2108 κτήν
355 2038 575 2110 ἐκείνην
604 2040 947 2114 οἲκονομίαν,
979 2040 1125 2097 ἀλλὰ
1159 2043 1327 2118 μέχρι
1375 2043 1576 2106 παντὸς
1626 2042 1714 2099 ἐπὶ
1748 2046 1849 2114 τῆς

192 2128 383 2189 κακίας
458 2129 820 2201 μεμενηκόσι,
892 2135 1064 2185 πᾶσαν
1140 2129 1336 2187 ἐλπίδα
1399 2130 1649 2206 δευτέρας
1716 2134 1853 2187 ἀνα-

191 2216 446 2280 κλάσεως
502 2221 934 2293 περιαιρεθῆναι,
981 2225 1089 2275 τῶν
1140 2218 1197 2275 δὲ
1243 2219 1631 2294 ἠπειλημένων
1679 2222 1849 2277 κολά-

195 2324 327 2360 σεων
356 2307 556 2362 αὐτίκα
582 2308 732 2381 μάλα
764 2308 1159 2383 κληρονομεῖν.

258 2398 421 2456 Ἀλλ’
453 2397 647 2469 ἓπειδή
681 2420 779 2474 περ
813 2404 848 2469 ἡ
880 2400 1120 2471 νηστεία,
1154 2402 1289 2457 κατά
1328 2407 1418 2458 τὸν
1469 2404 1622 2478 ἅγιον
1680 2404 1846 2457 εἰπεῖν

204 2487 499 2560 Κύριλλον,
553 2489 811 2564 κάθαρσις
870 2491 1071 2566 πέφυκε
1144 2496 1253 2547 τῶν
1316 2491 1468 2548 πέντε
1524 2494 1848 2563 αἰσθήσεων,

204 2575 269 2629 δι’
296 2578 367 2631 ὧν
412 2577 769 2650 ἀστράπτειν,
800 2578 836 2649 ἢ
888 2578 1215 2653 μολύνεσθαι
1259 2586 1328 2655 τῇ
1378 2585 1532 2657 ψυχῇ
1588 2582 1851 2658 περιγίνε-

199 2687 297 2734 ται,
328 2669 364 2734 ἧ
397 2666 459 2722 δὲ
490 2667 751 2743 κάθαρσις
789 2667 925 2740 αὕτη
949 2671 1049 2739 τήν
1077 2671 1130 2725 ἐν
1156 2675 1226 2745 τῇ
1260 2668 1430 2745 ὀγδόῃ
1480 2671 1850 2744 ἐλπιζομένην

194 2752 449 2829 ἐγγυᾶται
552 2753 951 2828 μακαριότητα,
1051 2754 1640 2813 πολυπλασιασθέντων
1736 2762 1847 2812 τῶν

189 2844 342 2898 πέντε
409 2842 557 2915 πρὸς
614 2843 681 2899 τά
754 2844 921 2916 ὀκτὼ,
999 2845 1027 2899 6
1100 2847 1523 2921 τεσσαρακοστὸς
1594 2852 1847 2920 γεννᾶται

185 2931 420 3007 ἀριθμός
456 2952 467 2963 ’
517 2930 607 2986 διά
646 2928 712 3001 δὴ
751 2938 921 2988 ταῦτα
951 2934 1141 3004 πάντα,
1184 2934 1258 2998 ὡς
1301 2933 1589 3005 δέδεικται,
1621 2940 1691 3010 τῇ
1721 2956 1845 2991 τεσ-

186 3020 667 3096 σαρακονθημέρῳ
722 3022 944 3094 νηστεία
998 3024 1093 3086 τὰς
1140 3025 1323 3099 ψυχᾶς
1371 3026 1531 3097 ἡμῶν
1580 3024 1845 3100 ἀχρειου-

186 3111 352 3182 μένας
394 3114 467 3183 τῇ
522 3104 681 3184 λώϐῃ
731 3118 831 3180 τῆς
880 3112 1147 3185 ἁμαρτίας
1196 3113 1519 3189 έγκαινίζειν
1567 3112 1622 3168 ἐν
1666 3112 1845 3186 τούτῳ

182 3205 280 3255 τοῦ
336 3204 541 3274 καιροῦ
596 3203 1067 3276 προστεταγμεθα,
1098 3205 1216 3258 καθ’
1273 3205 1332 3259 ὃν
1382 3205 1473 3259 καὶ
1544 3203 1752 3278 ξύμπας
1814 3205 1843 3258 6

1969 622 2307 673 temrursus
2367 616 2616 688 benigne
2675 616 2901 689 largiri,
2957 634 3184 688 aequum
3246 619 3620 678 existimabat

1968 708 2329 763 curationem
2374 707 2645 763 inchoare
2693 724 2721 761 s
2785 708 2970 772 nobis,
3008 724 3106 780 per
3153 725 3301 780 quos
3357 708 3495 765 olim
3554 711 3616 764 in

1969 798 2304 852 universum
2336 795 2627 867 corruptio
2665 800 2932 867 grassata
2963 802 3052 852 est
3078 812 3353 853 numeros
3391 802 3615 870 peritus

1970 883 2261 941 mediisin
2320 883 2470 940 hanc
2532 899 2648 939 rem
2710 882 2941 939 utendo.
2994 888 3406 956 Opportunum
3457 887 3614 942 enim

1967 973 2306 1029 existimans
2353 972 2542 1045 primo
2600 977 2845 1044 quatuor
2907 976 3151 1046 virtutes
3200 976 3497 1031 naturales
3553 976 3615 1031 in

1968 1061 2137 1118 nobis
2166 1063 2558 1128 corroborare,
2596 1077 2809 1134 magna
2856 1062 3093 1133 puidem
3150 1062 3425 1120 alimenta
3454 1080 3614 1120 novas

1968 1155 2178 1208 nostra
2227 1151 2543 1208 creationis
2636 1157 2904 1223 quatuor,
2978 1151 3243 1224 inquam,
3300 1153 3614 1225 Evangelia

1965 1242 2291 1304 substituit.
2348 1257 2476 1311 quas
2534 1240 2785 1311 stupidis
2859 1242 3076 1297 nostris
3160 1241 3612 1313 cogitationibus

1965 1330 2526 1403 aequiponderarent.
2562 1329 2767 1383 lsthmc
2798 1329 2973 1400 igitur
3003 1334 3251 1399 quatuor
3281 1347 3413 1386 cum
3471 1333 3611 1400 sint,

1963 1419 2165 1475 eadem
2196 1422 2392 1473 tamen
2426 1417 2911 1488 complectuntur,
2961 1418 3269 1484 doctrinas,
3302 1424 3610 1489 praecepta,

1965 1508 2473 1578 promissiones,et
2503 1522 2630 1561 com
2642 1506 3007 1574 minationes,
3033 1507 3115 1562 ita
3130 1507 3322 1563 utillis
3343 1508 3441 1579 qui
3463 1508 3605 1564 doc-

1964 1597 2130 1652 trinte
2157 1595 2652 1664 ﬁdemhabeut,et
2675 1596 2943 1650 mandata
2961 1596 3200 1652 maximi
3230 1597 3467 1664 faciunt,
3482 1596 3608 1653 feli-

1966 1685 2200 1740 citatem
2233 1684 2583 1756 adoptionis,
2617 1699 2794 1755 quam
2830 1684 3144 1756 praferunt
3167 1686 3606 1758 promissiones,

1967 1773 2239 1844 indipisci
2272 1775 2464 1838 detur,
2524 1778 2701 1844 atque
2756 1773 2931 1829 etiam
2976 1781 3256 1830 creatura:
3303 1791 3422 1832 una
3468 1792 3604 1832 cum

1965 1862 2109 1932 ipsis
2134 1864 2189 1918 in
2222 1862 2591 1933 splendorem
2624 1862 3082 1918 immortalitatis
3101 1865 3493 1920 transmutari.
3528 1865 3605 1921 Iis

1960 1967 2096 2008 vero
2148 1952 2247 2024 qui
2304 1953 2513 2006 horum
2591 1951 2737 2005 nihil
2796 1958 3066 2021 praestare
3126 1956 3380 2020 student,
3439 1972 3606 2026 spem

1957 2055 2189 2096 omnem
2247 2041 2518 2095 secundm
2602 2040 3031 2097 reformationis
3124 2043 3377 2114 praecidi,
3433 2053 3606 2115 atque

1958 2129 2343 2183 comminatae
2419 2144 2618 2198 pcenas
2722 2129 2988 2200 protinus
3070 2132 3366 2187 subituros
3449 2149 3602 2188 com-

1959 2225 2174 2272 monet.

2030 2394 2310 2460 Quoniam
2345 2411 2475 2449 vero
2504 2395 2817 2465 jejunium,
2864 2403 2928 2451 ut
2975 2414 3107 2454 cum
3143 2406 3342 2455 sancto
3390 2400 3602 2473 Cyrillo

1962 2483 2188 2554 loquar,
2250 2484 2514 2553 purgatio
2569 2491 2660 2538 est
2743 2486 3004 2556 quinque
3066 2504 3329 2556 sensum,
3384 2490 3601 2561 quibus

1958 2571 2210 2626 animam
2244 2572 2328 2625 vel
2363 2573 2605 2627 nitidam
2638 2573 2763 2628 dari
2795 2575 2879 2629 vel
2932 2576 3214 2646 pollutam
3268 2579 3553 2649 contingit
3582 2596 3597 2634 :

1958 2660 2081 2716 haec
2111 2666 2303 2715 autem
2339 2663 2600 2731 purgatio
2640 2663 2810 2718 istam
2873 2679 3042 2735 quam
3094 2666 3150 2719 in
3205 2675 3404 2722 octava
3434 2674 3602 2724 astate

1956 2755 2355 2819 exspectamus
2378 2751 2799 2806 beatitudinem
2828 2754 3100 2823 spondet,
3117 2760 3448 2827 certamque
3462 2758 3600 2813 facit

1957 2854 2023 2892 ex
2054 2839 2319 2910 quinque
2346 2841 2533 2894 ductis
2574 2842 2631 2896 in
2674 2846 2828 2907 octo,
2858 2846 3099 2915 emergit
3142 2862 3418 2902 numerus
3450 2864 3595 2919 qua-

1956 2928 2336 2999 dragenarius
2369 2945 2382 2982 :
2417 2935 2647 3000 propter
2674 2930 2788 2986 ista
2816 2933 3035 3003 omnia,
3068 2939 3132 2989 ut
3161 2939 3462 2991 ostensum
3486 2947 3590 3006 est,

1954 3016 2339 3088 quadraginta
2367 3018 2596 3074 dierum
2634 3019 2861 3089 jejunio
2909 3021 3137 3079 animas
3191 3029 3419 3081 nostras
3468 3025 3594 3083 labe

1957 3109 2172 3176 peccati
2222 3106 2577 3174 debilitatae,
2630 3124 2899 3164 renovare
2960 3127 3268 3168 monemur
3318 3115 3422 3170 hoc
3466 3117 3593 3188 ipso

1954 3200 2231 3267 tempore,
2288 3198 2522 3265 quando
2596 3198 2768 3253 etiam
2812 3202 3099 3257 .mundus
3174 3202 3478 3261 universus
3536 3208 3595 3263 in

183 3289 402 3363 κόσμος
431 3294 506 3362 τῇ
538 3291 676 3364 πρὸς
711 3290 779 3345 τὰ
824 3291 1055 3365 κρείττω
1105 3287 1387 3368 μεταϐολῇ
1435 3294 1553 3348 κατ’
1601 3292 1839 3348 ἐνιαυτὸν

1964 3283 2157 3339 rnelius
2186 3285 2500 3355 quotannis
2534 3292 2908 3344 restauratur.

185 3378 577 3452 ἒγκαινίζεται.

904 3467 1140 3543 Νόμομ

255 3558 382 3611 ’Ὁτι
412 3556 471 3610 αἱ
502 3556 611 3628 πρὸ
656 3559 754 3610 τοῦ
802 3556 1026 3632 Πάσχας
1076 3559 1115 3627 ζ’
1161 3560 1363 3633 ἡμέραι
1398 3560 1485 3614 καὶ
1518 3559 1573 3614 αἱ
1622 3559 1755 3633 μετά
1781 3561 1845 3615 τὸ

190 3645 383 3719 Πάσχα
448 3647 736 3713 τοσαῦται,
792 3645 882 3699 καὶ
959 3647 994 3714 ἡ
1064 3648 1163 3714 τῆς
1238 3649 1472 3723 Χριστοῦ
1544 3650 1844 3725 γεννήσεως

185 3735 393 3807 ἡμέρα.
424 3733 521 3788 καὶ
551 3735 587 3802 ἡ
636 3738 744 3787 τῶν
789 3734 961 3809 ἁγίων
1009 3736 1339 3812 Θεοφανίων,
1381 3736 1470 3791 καί
1517 3740 1552 3806 ἡ
1598 3741 1694 3791 τοῦ
1738 3738 1840 3792 πά-

188 3823 314 3884 θους
346 3826 461 3876 τῶν
506 3821 853 3892 ἀποστόλων,
893 3825 982 3876 καὶ
1016 3824 1052 3891 ἡ
1099 3826 1361 3895 Κυριακή,
1393 3824 1660 3900 ἄπρακτοί
1716 3824 1841 3896 εἶσι,

188 3913 273 3966 καὶ
304 3910 436 3968 οὔτε
462 3912 661 3987 θέατρα
690 3911 742 3967 ἐν
792 3910 981 3973 αὒταῖς
1028 3913 1289 3986 τελεῖται,
1340 3913 1464 3970 οὔτε
1515 3912 1637 3986 δίκη
1688 3914 1842 3992 λέγε-

187 4023 291 4059 ται.

253 4092 342 4146 Ἐν
391 4096 521 4153 ταῖς
569 4085 984 4163 προλαϐούσαις
1037 4096 1134 4146 τοῦ
1195 4094 1384 4168 Πάσχα
1449 4094 1843 4166 τεσσαράκοντα

187 4180 443 4254 ἡμέραις,
489 4182 639 4232 πᾶσα
687 4181 913 4249 ζήτησις
967 4183 1076 4234 τῶν
1126 4179 1549 4255 ἐγκληματικῶν
1597 4184 1842 4258 βασάνων

188 4267 482 4343 σχολάζει.

192 4360 453 4414 [ΕΦΑΛ.
492 4355 597 4429 ς’.
639 4357 793 4429 Περὶ
832 4362 951 4427 τῆς
983 4357 1042 4412 ἐν
1081 4359 1160 4431 τῇ
1193 4357 1459 4434 τετράδι
1501 4362 1838 4432 νηστείας.

249 4449 390 4516 Ζήτε
448 4445 508 4500 έν
538 4444 620 4517 τῷ
653 4446 726 4519 ιβ’
772 4466 895 4524 κεφ.
946 4451 1043 4501 τοῦ
1090 4454 1129 4502 Κ
1176 4448 1377 4503 κανόνα
1427 4451 1484 4504 ιε’
1526 4454 1623 4505 τοῦ
1679 4451 1840 4527 ἁγίου

186 4536 394 4609 Πέτρου
442 4530 875 4609 ’Δλεξανδρείας,
925 4536 1013 4589 καὶ
1062 4536 1115 4590 ὲν
1162 4541 1241 4607 τῷ
1283 4533 1326 4591 δ’
1355 4537 1637 4616 κεφαλαίῳ
1669 4544 1765 4594 τοῦ
1796 4546 1839 4594 Ν

184 4624 465 4701 στοιχείου
494 4623 697 4678 κανόνα
729 4625 802 4693 ζθ¹
830 4629 938 4679 τῶν
972 4626 1145 4702 ἁγίων
1185 4626 1532 4685 ἀποστόλων.

184 4733 443 4787 ΚΕΦΑΛ.
478 4733 556 4787 Z'.
596 4731 747 4809 '10:}
785 4730 1025 4809 τόκοΡς
1064 4729 1444 4809 λαμϐάνειν
1484 4735 1844 4809 ἀπείρηται

422 4801 629 4857 παντί
670 4800 1011 4877 κληρικῷ,
1052 4800 1171 4859 καῖ’
1194 4806 1346 4881 περὶ
1375 4806 1610 4864 τόκων.

256 4893 317 4948 Ὀ
350 4888 438 4965 μδ¹
486 4895 599 4945 τῶν
658 4889 830 4966 ἁγίων
889 4891 1211 4948 ἀποστόλων
1258 4895 1455 4966 κανὼν,
1518 4894 1832 4960 ἐπίσκοπον,

184 4982 221 5050 ἢ
290 4976 680 5057 πρεσϐύτερον,
735 4981 770 5049 ἢ
840 4978 1108 5051 διάκονον,
1177 4984 1379 5047 τόκους
1449 4985 1834 5061 εἰσπράττοντα

187 5069 315 5133 τοὺς
358 5068 798 5142 δανειζομένους,
844 5068 881 5139 ἢ
940 5072 1265 5142 παύσασθαι,
1342 5072 1379 5142 ἢ
1461 5075 1828 5150 καθαιρεῖσθαι

190 5156 392 5215 κελεύει
427 5178 440 5192 ο
484 5159 560 5221 ὡς
604 5154 680 5213 ἔνι
735 5157 975 5231 μάλιστα
1012 5164 1172 5215 τοῦτο
1221 5159 1362 5228 δέος,
1398 5165 1474 5235 μή
1524 5184 1656 5220 ποτε
1698 5165 1833 5220 κατά

190 5250 254 5301 τὸ
281 5248 613 5325 Εὗαγγέλιον
644 5245 1113 5325 ἐπαγγειλαμενοι
1154 5253 1270 5324 ζῇν,
1321 5249 1525 5322 διπλῆν
1571 5251 1830 5328 δπόσχω-

198 5356 293 5407 μεν
322 5334 494 5409 δίκην,
541 5341 859 5414 περιπετεῖς
908 5339 1194 5411 γενόμενοι
1247 5340 1335 5393 καὶ
1385 5342 1467 5403 οἷς
1512 5342 1541 5396 ὁ
1593 5343 1829 5404 παλαιὸς

194 5425 441 5500 ἀπείρηκε
496 5426 690 5503 νόμος.
728 5429 786 5481 'O
838 5427 935 5500 μὲν
984 5426 1109 5503 γάρ,
1148 5427 1258 5483 Οὔκ
1319 5427 1606 5501 ἐκτοκιεῖς,
1673 5433 1829 5511 φησί,

196 5515 257 5569 τὸ
279 5516 526 5595 ἀργυριὼ
559 5536 663 5573 σου
712 5520 798 5588 τῷ
855 5513 1082 5594 ἀδελῳῷ
1109 5536 1206 5571 σου
1237 5535 1252 5551 ·
1285 5519 1314 5571 6
1364 5516 1422 5573 δὲ
1479 5520 1743 5590 Ἰεζεκιήλ
1775 5519 1830 5575 ἐν

198 5610 300 5670 τοῖς
342 5607 616 5684 μεγίστοις
644 5610 760 5661 τῶν
812 5608 998 5660 κακῶν
1042 5603 1270 5675 τίθεται,
1300 5607 1457 5663 τόκον
1517 5604 1702 5665 λαϐεῖν
1743 5611 1831 5664 καὶ

199 5692 537 5774 πλεονασμόν.
571 5693 863 5771 Ὀδύρεται
893 5690 953 5749 δὲ
982 5692 1074 5750 καὶ
1105 5693 1134 5748 ὁ
1178 5693 1417 5768 Ἡσαΐας,
1450 5721 1479 5752 α
1529 5695 1691 5754 δόλον
1743 5698 1833 5755 ἰπὶ

2682 3467 2857 3537 Leges.

2028 3557 2260 3624 Septem
2291 3554 2416 3610 dies
2443 3561 2576 3611 ante
2608 3555 2845 3613 Pascha.
2881 3567 2932 3613 et
2982 3561 3219 3618 totidem
3272 3568 3400 3633 post
3428 3562 3593 3630 illud,

1952 3648 2127 3714 atque
2155 3644 2277 3698 dies
2308 3644 2624 3700 nativitatis
2652 3646 2891 3712 Christi,
2941 3653 2997 3703 et
3037 3649 3135 3704 SS.
3186 3650 3591 3724 Theophanio-

1954 3747 2109 3800 rum,
2143 3737 2199 3786 et
2229 3732 2381 3789 245
2434 3734 2737 3803 passionis,
2788 3741 2847 3790 et
2902 3738 3323 3807 apostolorum,
3354 3747 3410 3796 et
3479 3743 3593 3798 Du-

1954 3819 2176 3886 minici,
2208 3823 2349 3875 sunt
2378 3835 2549 3893 opere
2592 3821 2779 3892 vacui,
2840 3840 3023 3894 neque
3081 3828 3408 3896 spectacula
3466 3835 3592 3886 tum

1953 3909 2263 3977 habentur,
2295 3925 2486 3983 neque
2510 3913 2610 3983 jus
2638 3913 2866 3969 dicitur.

2022 4092 2129 4146 Per
2157 4091 2537 4163 quadraginta
2575 4091 2701 4147 dies
2747 4092 2966 4147 Pascha
3010 4094 3347 4153 immediate
3378 4114 3593 4170 praece-

1954 4182 2155 4234 dentes
2199 4182 2583 4251 quastionum
2633 4182 3030 4237 criminatium
3107 4186 3344 4255 agitatio
3401 4190 3592 4246 omnis

1953 4274 2158 4325 cessat.

2231 4359 2311 4414 CA
2323 4359 2381 4413 P.
2416 4358 2503 4415 Vl.
2535 4360 2611 4414 De
2629 4359 2849 4431 jejunio
2878 4362 3040 4428 feriae
3067 4366 3295 4433 quartae.

2019 4449 2220 4513 Quare
2252 4449 2308 4503 in
2357 4463 2486 4519 cap.
2535 4448 2603 4501 37
2664 4449 2773 4504 litt.
2835 4450 2872 4504 Κ
2918 4465 3198 4508 canonem
3246 4456 3314 4508 15
3346 4459 3404 4512 8.
3440 4458 3591 4513 Petri

1948 4536 2341 4602 Alexandrini,
2391 4542 2448 4591 et
2515 4537 2573 4592 in
2640 4538 2671 4591 4
2729 4554 2856 4609 cap.
2918 4539 3027 4597 litt.
3080 4541 3127 4596 N
3186 4559 3465 4600 canonem
3522 4546 3595 4601 69

1873 4633 1920 4699 D
1949 4633 2285 4685 sanctorum
2318 4626 2726 4699 apostolorum.

1955 4736 2111 4792 CAP.
2148 4735 2259 4792 VII.
2294 4737 2453 4805 Quod
2480 4735 2829 4793 interdictum
2860 4739 2929 4792 sit
2958 4738 3174 4795 clerici:
3199 4757 3396 4797 usuras
3444 4744 3590 4799 acci-

2495 4823 2645 4879 pere,
2675 4812 2726 4863 et
2748 4808 2815 4863 dc
2842 4812 3044 4865 usuris.

2022 4899 2219 4954 Canon
2277 4899 2344 4952 44
2401 4903 2732 4954 sanctorum
2795 4900 3191 4971 apostolorum
3250 4903 3589 4978 episcopum

1950 4998 2050 5045 aut
2082 4989 2485 5060 presbyterum
2514 4994 2615 5046 aut
2636 4990 2959 5058 diacorum,
2994 4992 3092 5063 qui
3124 4992 3436 5051 adebitore
3456 5013 3594 5052 usu-

1946 5094 2039 5133 ras
2070 5076 2265 5149 exigit,
2290 5082 2391 5133 aut
2430 5093 2659 5135 cessare
2689 5080 2975 5150 praecipit,
3006 5085 3106 5136 aut
3163 5082 3375 5154 deponi
3411 5103 3424 5140 :
3459 5090 3596 5141 tan—

1947 5184 2123 5239 quam
2159 5168 2325 5238 plane
2356 5174 2545 5223 metus
2575 5177 2743 5237 esset,
2770 5186 2840 5225 ne
2869 5172 3177 5241 cumjuxta
3206 5172 3520 5246 Evangelia
3541 5194 3595 5233 m

1947 5258 2130 5311 vivere
2162 5256 2527 5327 profitemur,
2560 5257 2769 5329 duplas
2802 5275 2999 5329 pmnas
3029 5260 3261 5331 demus,
3285 5264 3589 5321 incurren-

1945 5350 2036 5401 tes
2071 5346 2127 5399 in
2160 5361 2229 5400 ea
2257 5361 2382 5416 quae
2409 5345 2530 5416 lege
2560 5347 2733 5401 veleri
2758 5346 3049 5417 prohibita
3079 5355 3237 5405 sunt.
3267 5353 3413 5407 Dicit
3434 5354 3587 5408 enim

1945 5434 2083 5501 illa;
2118 5456 2148 5483 «
2172 5438 2294 5489 Non
2328 5439 2532 5490 mutuo
2563 5435 2726 5490 dabis
2757 5435 2813 5489 in
2839 5452 3075 5492 usuram
3100 5444 3402 5510 argentum
3423 5450 3587 5499 tuum

1947 5526 2108 5581 fratri
2145 5529 2264 5582 tuo.
2302 5547 2329 5574 »
2379 5526 2637 5582 Ezechiel
2696 5526 2869 5581 etiam
2916 5526 3068 5583 inter
3126 5531 3374 5587 maxima
3433 5534 3586 5588 mala

1942 5619 2164 5681 censet,
2198 5630 2430 5671 usuram
2478 5620 2536 5670 et
2592 5619 2970 5685 augmentum
3030 5619 3312 5690 accipere.
3369 5619 3587 5676 Deinde

1941 5703 2133 5775 plorat
2164 5702 2344 5761 Isaias
2373 5724 2403 5756 ιι
2436 5703 2635 5761 dolum
2668 5718 2843 5774 super
2883 5703 3015 5761 dolo
3046 5722 3113 5762 ac
3143 5723 3381 5764 usuram
3410 5723 3588 5779 super
