4098 6332
519 446 634 508 163

1784 447 2162 510 ΜΑτΤΗλΕι
2205 428 2644 509 BLAS'l‘ABIS

3783 447 3887 509 184

520 599 696 639 usura
752 582 976 638 videns.
1036 604 1063 632 »
1116 582 1179 638 Et
1223 582 1531 638 Psalmista
1586 584 1658 640 de
1712 584 1941 641 civitate
2024 600 2141 655 quae

2273 580 2444 655 δόλῳ,
2476 581 2564 637 καὶ
2592 581 2753 637 τόκον
2786 580 2926 657 ὁρῶν
2960 579 3047 638 ἐπὶ
3073 582 3220 655 τόκῳ
3254 601 3267 614 ⁸
3312 607 3342 635 ››
3389 584 3479 638 καὶ
3527 586 3556 640 ὁ
3606 579 3888 655 Ψαλυῳδὸς

518 672 893 730 multitudine
940 674 1283 729 delictorum
1341 678 1567 730 tenetur
1634 691 1705 729 ει
1767 675 1969 746 Neque
2023 691 2157 732 usu-

519 780 603 831 ra,
639 762 828 834 inquit
886 779 992 818 nec
1040 762 1207 818 dolus
1264 762 1487 834 plateas
1542 765 1670 835 ejus
1731 764 2063 837 dereliquit.
2125 786 2154 815 ››

516 851 803 908 Dominus
827 856 1021 908 autem
1043 851 1163 923 ipse
1190 869 1203 905 :
1228 875 1255 903 «ς
1281 853 1385 918 Qui
1411 855 1610 909 mutuo
1632 860 1731 910 ate
1752 854 2010 924 accipere
2035 853 2158 909 vult

518 957 591 997 ne
622 941 885 998 dimittas
917 957 931 998 :
965 946 1168 998 mutuo
1201 940 1328 997 date
1365 942 1450 998 eis
1481 960 1515 998 a
1553 943 1768 1013 quibus
1815 941 2155 1019 neutiquam

516 1030 775 1101 accipere
794 1031 1056 1102 speratis.
1089 1052 1116 1080 »
1148 1030 1294 1086 Nam
1327 1052 1355 1081 ‹‹
1386 1030 1491 1096 Qui
1525 1031 1831 1089 miseretur
1853 1031 2152 1103 pauperis,

515 1123 714 1175 mutuo
746 1120 845 1177 dat
875 1119 1009 1175 Deo.
1044 1143 1073 1170 »
1098 1120 1259 1175 Idem
1300 1119 1454 1175 enim
1483 1120 1636 1176 illud
1688 1125 1746 1176 et
1797 1121 2014 1177 donum
2043 1124 2153 1188 est,

513 1207 654 1278 quia
681 1207 827 1264 citra
855 1224 1012 1279 spem
1035 1207 1213 1264 ullam
1245 1208 1702 1278 recuperatiouis
1736 1226 1750 1264 :
1781 1216 1834 1265 et
1864 1208 2154 1265 creditum

510 1302 745 1369 propter
774 1298 1004 1355 Domini
1034 1298 1515 1366 munificentiam,
1550 1300 1650 1369 qui
1686 1316 1787 1371 pro
1833 1315 1899 1355 eo
1961 1297 2154 1370 copio-

509 1404 605 1442 sas
637 1403 703 1443 ac
734 1386 1086 1458 multiplices
1117 1387 1529 1443 retributiones
1559 1388 1728 1444 facit.‘

581 1476 778 1533 Canon
809 1483 1002 1534 autem
1036 1478 1103 1533 17
1140 1477 1344 1546 synodi
1378 1477 1598 1548 primae,
1629 1477 1943 1549 quemlibet
1988 1465 2153 1533 cleri-

511 1583 770 1636 coorum,
801 1570 976 1638 atque
1004 1582 1206 1622 eorum
1238 1567 1335 1637 qui
1366 1566 1425 1622 in
1474 1583 1696 1624 canone
1754 1575 2153 1638 recensentur,

514 1654 724 1725 deponi
752 1654 939 1725 jubet,
974 1655 1024 1709 si
1063 1654 1303 1726 insuper
1349 1654 1603 1712 habeant
1648 1655 1950 1713 oraculum
2009 1655 2151 1712 illud

511 1759 767 1811 sacrum,
801 1742 956 1814 quod
1004 1743 1176 1798 dicit:
1213 1764 1243 1793 «
1272 1743 1583 1800 Pecuniam
1634 1760 1798 1800 suam
1832 1760 1949 1800 non
1992 1744 2156 1800 dedit

506 1832 570 1888 in
609 1847 869 1897 usuram,
903 1852 931 1882 »
961 1834 1018 1886 et
1043 1832 1342 1888 avaritiam
1373 1848 1438 1888 ac
1465 1836 1635 1903 turpe
1664 1832 1888 1889 lucrum
1920 1836 2155 1889 secten-

507 1925 605 1976 tur
652 1923 823 1991 atque
879 1937 911 1975 a
963 1918 1322 1975 debitoribus
1368 1936 1575 1976 usuras
1623 1920 1976 1977 centesimas
2028 1920 2152 1976 exi-

506 2014 670 2079 gant,
702 2013 805 2063 aut
833 2006 1160 2064 hemiolias.
1190 2008 1334 2064 Nam
1366 2025 1435 2064 ex
1464 2010 1639 2066 variis
1671 2026 1984 2065 usurarum
2016 2025 2152 2081 spe-

504 2096 703 2152 ciebus
728 2097 1081 2167 gravissimae
1113 2102 1254 2152 sunt
1294 2098 1647 2166 centesima,
1696 2100 1813 2154 sive
1843 2097 2153 2155 duodecim

507 2201 612 2256 pro
643 2191 876 2241 centum
908 2187 1187 2254 nummis,
1217 2202 1341 2255 quae
1371 2186 1605 2256 quidem
1621 2189 1754 2257 jure
1791 2186 1945 2243 civili
1975 2204 2154 2243 num—

510 2274 779 2330 mulariis
834 2276 1176 2331 conceduni.
1237 2275 1437 2332 Vetere
1483 2280 1639 2332 enim
1697 2277 1849 2332 libra
1915 2283 2151 2333 centum

508 2366 760 2435 partium
792 2364 1126 2432 utebantur,
1158 2365 1330 2421 sicuti
1360 2382 1466 2421 nos
1498 2365 1598 2421 illa
1646 2366 2024 2436 hexagiorum
2058 2368 2149 2421 72.

507 2450 769 2524 Ὴμιόλια
798 2460 992 2509 autem
1025 2455 1158 2508 sunt
1188 2455 1462 2510 semisses
1494 2455 1669 2509 totius
1703 2471 1893 2511 usurae
1936 2457 2152 2511 duode-

509 2543 621 2598 cim
650 2557 981 2610 nummum,
1013 2543 1132 2598 sive
1162 2559 1281 2599 sex.
1317 2542 1665 2611 Neutiquam
1717 2560 1864 2609 vero,
1899 2552 1960 2597 ut
2023 2559 2151 2599 mos

516 2638 628 2698 est,
658 2633 1156 2689 arithmeticorum
1188 2634 1542 2703 quantitates
1574 2649 1954 2689 numerorum
1998 2635 2153 2689 inter

514 2740 576 2779 se
606 2728 1065 2791 comparatorum
1118 2723 1573 2792 indigitantium,
1615 2724 1832 2793 quibus
1863 2739 2150 2779 numerus

506 2817 644 2882 puta
694 2814 961 2867 senarius
1018 2811 1363 2881 quaternatii
1429 2817 1534 2878 est,
1573 2812 1902 2881 hemiolius,
1950 2818 2007 2867 et
2054 2811 2149 2866 hic

505 2902 675 2957 istius
702 2899 1152 2970 bypbemiolius.
1181 2904 1359 2957 Hoscc
1395 2907 1588 2957 tamen
1631 2902 1732 2972 qui
1784 2919 1900 2957 non
1950 2906 2150 2971 aperte

507 2990 741 3058 quidem
773 3006 841 3045 ea
867 2991 1105 3055 faciunt,
1137 2988 1241 3045 sed
1270 2989 1401 3045 dolo
1434 2990 1585 3045 malo
1642 2997 1846 3046 cavent
1899 3007 1972 3045 ne
2001 2990 2147 3060 legis

505 3079 728 3135 violatas
778 3083 1107 3143 teneantur,
1154 3078 1374 3134 scilicet
1421 3079 1723 3149 pecuniam
1774 3079 1904 3134 aliis
1945 3089 2148 3135 mutuo

506 3171 667 3236 dant,
725 3175 784 3225 et
838 3169 1209 3240 paciscuntur
1262 3169 1491 3231 lucrum
1563 3170 1866 3239 aequaliter
1918 3170 2145 3240 partiri,

506 3258 706 3313 damni
736 3274 867 3313 vero
902 3274 1138 3329 prorsus
1176 3259 1472 3313 immunes
1510 3274 1672 3326 esse;
1698 3259 1827 3323 bos,
1876 3260 2117 3329 inquam

506 3348 605 3420 qui
640 3347 773 3403 talia
805 3346 1346 3413 comminiscuntur,
1397 3351 1496 3403 aut
1552 3348 1798 3418 quodvis
1851 3357 2014 3418 turpe
2062 3348 2148 3403 lu-

505 3453 671 3494 crum
731 3444 1017 3508 quaerunt,
1074 3434 1452 3507 depositionis
1538 3453 1766 3506 poenam
1848 3437 2146 3493 incurrere

512 3542 747 3598 aequum
768 3526 1014 3596 judicat,
1039 3530 1210 3595 atque
1240 3540 1274 3579 a
1293 3524 1444 3580 clero
1471 3525 1805 3581 abalienari.
1830 3526 2144 3597 Benignius

507 3616 684 3671 fuerit
705 3620 836 3687 post
859 3614 1313 3671 admonitionem
1338 3616 1506 3685 juxta
1535 3632 1816 3671 canonem
1860 3615 2144 3686 apostoli-

506 3720 637 3761 cum
667 3721 846 3775 supra
874 3703 1176 3759 laudatum
1208 3703 1347 3758 illud
1382 3702 1523 3758 ﬁeri.

575 3794 731 3850 246
752 3793 964 3849 Eadem
987 3809 1051 3847 ru
1063 3792 1203 3861 petit
1219 3792 1482 3846 decimus
1513 3807 1697 3846 canon
1720 3792 1926 3862 synodi
1943 3797 2138 3861 sextae,

506 3889 679 3953 atque
708 3881 947 3938 clericos
981 3883 1350 3937 fmueratores
1379 3886 1484 3936 aut
1511 3897 1734 3937 cessare
1765 3880 2021 3952 praecipit
2041 3887 2141 3937 aut

502 3975 759 4046 deponit.

572 4065 847 4121 Convenit
869 4081 1001 4120 cum
1033 4064 1126 4119 isti
1158 4067 1213 4117 et
1244 4079 1428 4118 canon
1460 4062 1493 4116 4
1539 4060 1769 4116 concilii
1808 4060 2134 4117 Laodiceni.

569 4156 820 4221 Quintus
849 4159 1037 4211 autem
1059 4151 1286 4208 cancilii
1307 4151 1799 4220 Carthaginensis,
1825 4149 2137 4205 Avaritiam

499 4245 784 4301 malorum
816 4243 1079 4300 omnium
1110 4257 1238 4297 esse
1268 4248 1508 4295 matrem
1566 4254 1757 4305 nemo,
1802 4239 2014 4309 inquit,
2047 4246 2137 4295 est

495 4322 619 4405 qui
650 4333 883 4390 nesciat.
931 4334 1088 4388 Hanc
1143 4331 1319 4399 igitur
1361 4327 1553 4384 modis
1617 4327 1888 4384 omnibus
1932 4326 2135 4383 tollere

492 4424 848 4479 studendum
888 4427 996 4489 est,
1030 4426 1201 4492 atque
1249 4420 1434 4489 turpis
1488 4417 1635 4473 lucri
1685 4432 1864 4474 causa
1894 4418 2132 4474 Patrum

491 4514 857 4571 deﬁnitiones
887 4514 1225 4582 neutiquam
1250 4509 1617 4581 transgredi;
1651 4513 1802 4564 vetat
1848 4509 1990 4565 adeo
2020 4507 2134 4565 ele-

490 4607 611 4662 rico
642 4605 849 4677 quavis
879 4604 949 4660 de
980 4619 1040 4658 re
1082 4617 1318 4658 usuram
1369 4616 1616 4656 sumere.
1656 4601 1839 4657 Datur
1879 4600 2036 4654 enim
2067 4598 2128 4655 in

2127 3303 2143 3329 ’
2176 3302 2219 3369 α

2265 672 2385 745 περὶ
2438 670 2655 733 πόλεως
2695 670 2746 725 ἐν
2796 671 2998 741 πλήθει
3043 675 3225 726 κακῶν
3273 671 3633 747 εὐθυνομένης
3681 670 3828 744 φησίν
3874 686 3887 701 ·

2267 784 2295 813 ‹‹
2326 760 2435 816 Οὐκ
2463 759 2701 830 ἐξέλιπεν
2732 760 2793 815 ἐκ
2824 765 2932 815 τῶν
2970 759 3241 817 πλατειῶν
3275 760 3441 831 αὐτῆς
3470 762 3631 825 τόκος
3673 761 3761 817 καὶ
3805 756 3890 814 δό-

2264 848 2384 913 λος.
2418 873 2447 901 ››
2477 850 2534 903 '0
2566 846 2623 904 δὲ
2642 850 2863 924 Κύριος.
2896 875 2924 903 ‹‹
2957 850 3057 905 Τὸν
3079 849 3305 906 θέλοντα
3337 851 3439 907 ἀπὸ
3459 856 3555 907 σοῦ
3578 847 3893 906 δανείσασθαι

2268 940 2343 1011 μή
2376 937 2729 1015 ἀποστραφῆς
2765 957 2777 968 ·
2813 935 3080 1008 δανείζετε
3122 936 3182 1021 δὲ
3226 945 3354 1012 παρ’
3401 941 3473 995 ὧν
3520 939 3620 996 οὐκ
3664 937 3894 1007 ἐλπίζετε

2262 1024 2565 1083 ἀπολαϐεῖν
2597 1045 2610 1058 ·
2646 1051 2676 1081 ››
2706 1052 2735 1079 ‹‹
2768 1029 2812 1085 Ο
2842 1029 2941 1103 γὰρ
2959 1028 3124 1084 ἐλεῶν
3156 1028 3403 1103 πτωχὸν,
3436 1025 3658 1100 δανείζει
3692 1031 3803 1099 Θεῷ
3830 1047 3857 1077 ιι
3877 1040 3891 1054 ⁸

2262 1118 2323 1171 τὸ
2353 1115 2453 1191 γὰρ
2484 1115 2615 1171 αὐτὸ
2643 1116 2737 1171 καὶ
2777 1114 2954 1190 δῶρον
2992 1117 3085 1190 μὲν
3128 1115 3238 1172 ἐστι
3284 1114 3374 1173 διὰ
3420 1120 3520 1188 τήν
3570 1113 3893 1174 ἀνελπίστίαν

2261 1213 2363 1275 τῆς
2418 1202 2778 1278 ἁπολήψεως,
2823 1203 3085 1278 δάνεισμα
3143 1203 3201 1261 δὲ
3249 1204 3339 1262 διὰ
3384 1209 3447 1263 τὸ
3499 1211 3597 1263 τοῦ
3641 1205 3892 1263 Δισπότοο

2263 1292 2581 1369 φιλότιμον,
2633 1289 2882 1366 δαψιλεῖς
2929 1292 3314 1356 ἆποτιννύντος
3385 1294 3518 1368 ὑπὲρ
3558 1282 3744 1350 αὐτοῦ
3810 1289 3889 1346 καὶ

2261 1380 2716 1444 πολλαπλασίους
2743 1382 2851 1446 τὰς’
2869 1378 3127 1455 ἀμοιϐάς.

2332 1472 2394 1529 Ὁ
2447 1474 2512 1541 ιζ’
2559 1477 2662 1541 τῆς
2711 1474 2757 1525 α’
2800 1468 3027 1526 συνόδου
3090 1473 3263 1528 πάντα
3325 1470 3615 1547 κληρικὸν,
3673 1471 3760 1528 καὶ
3819 1470 3891 1540 τῷ

2259 1561 2443 1617 κανόνι
2532 1560 2931 1635 ἐξεταζόμενον,
2997 1563 3367 1637 καθαιρεῖσθαι
3466 1561 3698 1630 κελεύει,
3778 1556 3891 1633 περὶ

2261 1649 2555 1726 ἐλαχίστου
2609 1652 2916 1724 τιθέμενου,
2959 1652 3023 1707 τὸ
3079 1652 3281 1730 φάσκον
3344 1652 3491 1726 ἱερὸν
3567 1651 3774 1727 λόγιον,
3828 1646 3892 1701 Τὸ

2259 1739 2517 1814 ἀργύριον
2553 1738 2714 1795 αὐτοῦ
2745 1739 2845 1794 οὐκ
2874 1736 3072 1795 ἔδωκεν
3103 1739 3191 1795 ἐπὶ
3221 1741 3386 1813 τόκῳ,
3418 1741 3506 1795 καὶ
3563 1741 3663 1807 τὴν
3708 1735 3893 1793 πλεον-

2261 1829 2420 1900 εξίαν,
2469 1829 2557 1885 καὶ
2605 1829 2668 1883 τὸ
2710 1828 2937 1905 αἰσχρὸν
2985 1825 3255 1885 διώκοντα
3299 1826 3513 1903 κέρδος,
3571 1827 3665 1883 καὶ
3711 1824 3891 1883 τόκους

2259 1917 2590 1972 ἀπαιτοῦντα
2653 1917 2779 1977 τοὺς
2845 1914 3277 1989 δανειζομένους,
3324 1917 3361 1986 ἢ
3410 1908 3892 1978 ὲκατοστιαίους,ἢ

2260 2004 2581 2079 ἡμιολίους.
2616 2003 2931 2068 Πολυειδεῖς
2973 2006 3077 2082 γὰρ
3110 2004 3257 2069 ὄντες
3296 2007 3347 2061 οἱ
3390 2006 3568 2078 τόκοι,
3621 2002 3895 2079 βαρύτεροι

2260 2100 2368 2151 τῶν
2429 2093 2640 2149 λοιπῶν
2685 2095 2738 2149 οἱ
2787 2095 3176 2162 ἒκατοστιαῖοι,
3226 2094 3351 2165 ἤτοι
3412 2095 3480 2150 τὰ
3539 2095 3605 2168 ιβ·
3658 2093 3744 2149 ἐπὶ
3786 2093 3895 2151 τοῖς

2262 2183 2450 2239 ἑκατὸν
2496 2183 2833 2258 νομίσματα,
2885 2186 3040 2239 ἅτινα
3085 2190 3200 2240 τοῖς
3246 2182 3612 2258 τοκογλύφοις
3658 2178 3893 2256 εἰσηράτ-

2261 2294 2339 2327 τει
2372 2272 2542 2346 νόμος
2577 2291 2591 2304 ⁸
2626 2273 2678 2327 οἱ
2709 2273 2812 2347 γᾶρ
2854 2271 3087 2328 παλαιοὶ
3132 2277 3253 2335 ταῖς
3302 2274 3647 2328 ἒκατοντάσιν
3685 2271 3892 2345 ἐχρῶν-

2259 2361 2348 2427 τὸ,
2404 2360 2586 2433 ὥσπερ
2645 2366 2761 2423 ταῖς
2812 2359 3023 2431 λίτραις
3078 2363 3243 2433 ἡμεῖς
3318 2365 3427 2415 τῶν
3495 2360 3577 2435 οβ’
3652 2356 3891 2433 ἐξαγίων.

2262 2450 2550 2525 Ἡμιόλιοι
2581 2448 2637 2504 δέ
2675 2450 2807 2504 εἰσιν
2848 2452 2900 2505 οἱ
2933 2448 3151 2524 ἡμίσεις
3180 2454 3276 2505 τοῦ
3308 2449 3442 2506 ὅλου
3471 2450 3635 2504 τόκου
3664 2453 3769 2505 τῶν
3798 2443 3894 2499 δώ·-

2262 2540 2399 2614 δρκα
2443 2540 2813 2613 νομισμάτων,
2846 2539 2972 2608 ἤτοι
3020 2541 3085 2593 τὰ
3130 2537 3184 2612 ἓξ
3219 2558 3231 2569 ·
3284 2540 3346 2594 οὐ
3383 2541 3489 2613 μὴν
3532 2541 3605 2601 ὡς
3639 2535 3758 2598 ἔθος
3786 2538 3893 2593 τοῖς

2259 2630 2645 2703 ἀριθμητικοῖς
2694 2628 2881 2683 καλεῖν
2921 2631 3017 2690 τὰς
3060 2634 3167 2683 τῶν
3210 2628 3456 2703 ἀριθμῶν
3507 2630 3608 2683 ὑπὸ
3659 2629 3720 2683 τὸ
3769 2622 3891 2698 πρός

2259 2740 2311 2773 τι
2339 2720 2646 2790 ποσότητας
2678 2718 2762 2773 ὅτι
2792 2721 2819 2772 ὁ
2854 2720 2948 2792 μὲν
2999 2713 3049 2791 ἔξ
3098 2720 3289 2793 τυχὸν,
3338 2716 3602 2790 ἡμιόλιός
3649 2717 3760 2771 ἐστι
3806 2715 3895 2767 τοῦ

2258 2808 2536 2882 τετάρτου,
2588 2809 2745 2868 οὗτος
2794 2806 2850 2862 δὲ
2911 2807 3114 2863 ἐκείνου
3162 2807 3519 2885 ὑφημιόλιος.
3581 2806 3759 2864 Ἀλλᾶ
3811 2801 3893 2857 καὶ

2257 2904 2372 2961 τοῖς
2427 2899 2505 2971 μή
2563 2896 2757 2968 ἀνέδην
2807 2902 2969 2952 τοῦτο
3005 2901 3272 2970 μετιοῦσι,
3321 2895 3706 2972 σοφιζομένοις
3736 2891 3792 2948 δὲ
3836 2890 3897 2944 τὰ

2256 2992 2354 3043 τοῦ
2402 2989 2739 3063 πράγματος,
2790 2991 2869 3058 τῷ
2922 2989 2997 3059 μὴ
3040 2985 3250 3041 ἁλῶναι
3298 2984 3666 3059 παρανομίας,
3707 2982 3897 3039 οἵτινες

2256 3077 2347 3131 καὶ
2391 3075 2594 3149 ἑτέροις
2645 3074 3044 3152 ἐγχειρίζοντες
3105 3076 3390 3149 χρήματα,
3440 3073 3503 3129 τὸ
3556 3074 3654 3145 μὲν
3714 3065 3894 3146 κέρδος

2257 3162 2435 3236 ἐξίσης
2464 3168 2812 3237 συμφωνοῦσι
2869 3163 3127 3236 μερίζειν,
3166 3169 3266 3232 τῆς
3314 3160 3372 3217 δε
3409 3164 3612 3236 ζημίας
3669 3164 3747 3236 μὴ
3795 3177 3895 3213 κοι⁸

2261 3257 2447 3306 νωνεῖν
2495 3271 2507 3284 ⁸
2558 3258 2675 3314 τοῖς
2727 3248 2793 3320 δή
2854 3254 3079 3306 τοιαῦτα
3125 3252 3502 3326 τεχνάζουσιν,
3532 3252 3567 3320 ἢ
3607 3247 3791 3327 ἕτερόν
3845 3264 3895 3297 τι

2257 3339 2448 3415 κέρδος
2494 3339 2798 3415 ἐρινοοῦσιν
2870 3339 3122 3417 αἰσχρὸν,
3171 3338 3533 3412 καθαιρέσεως
3567 3337 3678 3394 δεῖν
3731 3335 3892 3393 οἴεται

2255 3426 2412 3499 δίκην
2447 3429 2762 3505 λαγχάνειν,
2794 3430 2881 3482 καὶ
2914 3432 3011 3483 τοῦ
3040 3427 3252 3503 κλήρου
3291 3427 3620 3503 ἀλλοτριοῦν
3658 3448 3674 3462 ·
3702 3425 3893 3504 φιλαν-

2251 3518 2595 3593 θρωπότερον
2656 3514 2703 3572 δ’
2759 3516 2818 3572 ἃν
2876 3515 2961 3588 εἷή
3021 3517 3083 3572 τὸ
3144 3518 3277 3591 μετᾶ
3323 3514 3714 3593 παραγγελίαν,
3762 3510 3891 3568 κατά

2247 3607 2338 3660 τὸν
2371 3606 2624 3684 ἀνωτὲρω
2656 3605 3022 3662 ἀποστολικὸν
3054 3605 3270 3663 κανόνα.

2318 3787 2392 3840 Τὰ
2416 3784 2552 3841 αὐτὰ
2596 3787 2697 3861 γὰρ
2723 3783 2812 3839 καὶ
2864 3786 2893 3839 ὁ
2955 3788 2987 3839 ι’
3034 3789 3135 3854 τῆς
3186 3780 3345 3854 ἕκτης
3396 3781 3549 3854 λέξας
3583 3776 3887 3847 συνοδου,ἣ

2247 3876 2575 3946 παύσασθαι,
2625 3875 2660 3944 ἢ
2716 3876 3082 3949 καθαιρεῖσθαι
3143 3879 3251 3929 τῶν
3302 3872 3581 3950 κληρικῶν
3624 3874 3757 3934 τοὺς
3807 3888 3892 3922 το-

2241 3966 2554 4040 κογλύφους
2585 3963 2814 4019 κελεύει.

2314 4056 2537 4116 Τούτοις
2563 4051 2751 4109 ἕπεται
2780 4053 2872 4109 καὶ
2905 4054 2933 4109 ὁ
2960 4059 3061 4123 τῆς
3089 4051 3141 4108 ἐν
3176 4049 3467 4122 Λαοδικείᾳ
3498 4048 3540 4106 δ’
3569 4052 3770 4108 κανών.

2315 4147 2376 4201 Ὁ
2407 4141 2466 4197 δὲ
2511 4149 2610 4212 τῆς
2657 4143 2709 4199 ἐν
2771 4144 3086 4219 Καρθαγὲνῃ
3133 4143 3192 4211 ε’,
3243 4143 3348 4212 Τὴν
3395 4140 3707 4212 ἀπληστίαν
3753 4138 3888 4209 πάν-

2240 4251 2347 4286 των
2376 4236 2481 4287 τῶν
2512 4236 2694 4287 κακῶν
2734 4232 2870 4287 εἶναι
2912 4231 3140 4306 μηνέρα,
3196 4227 3400 4302 οὐδεὶς,
3443 4231 3632 4309 φησὶν,
3677 4229 3887 4305 ἀγνοεῖ·-

2239 4321 2442 4394 ταύτην
2474 4319 2564 4376 οὖν
2607 4320 2977 4397 περιαιρετέον
3021 4320 3353 4390 παντάπασι,
3385 4319 3476 4375 καὶ
3524 4320 3600 4395 μή
3658 4313 3883 4391 κέρδους

2239 4409 2472 4484 αἰσχροῦ
2537 4410 2695 4487 χάριν
2746 4410 2877 4474 τοὺς
2931 4414 3041 4467 τῶν
3104 4410 3356 4483 Πατὲρων
3403 4409 3564 4485 ὅρους
3609 4400 3883 4484 παραϐαί-

2237 4519 2365 4570 νειν,
2410 4499 2496 4555 καὶ
2552 4501 2627 4573 μὴ
2673 4499 2865 4573 ἐξεῖναι
2911 4498 3169 4574 κληριγ.ᾦ
3212 4499 3302 4576 ἀφ’
3341 4494 3671 4567 οἱουδήποτε
3718 4495 3886 4568 πράγ-

2240 4608 2408 4661 ματος
2459 4589 2619 4643 τόκον
2676 4583 2881 4645 λαϐεῖν.
2932 4586 3164 4659 Δανείξει
3220 4590 3325 4663 γάρ
3354 4607 3441 4649 τις
3488 4585 3589 4642 οὐκ
3616 4583 3881 4661 ἀργύριον

489 4712 731 4751 usuram
764 4712 878 4751 non
909 4693 1097 4750 solum
1129 4695 1452 4764 argentum,
1499 4693 1598 4747 sed
1655 4699 1709 4746 et
1766 4690 2125 4745 frumentum

2257 4676 2429 4747 ιόνον,
2460 4676 2604 4733 ἀλλὰ
2633 4679 2720 4733 καὶ
2743 4683 2913 4748 σῖτον,
2946 4678 3035 4732 καὶ
3078 4677 3249 4747 οἶνον,
3281 4676 3371 4731 καὶ
3420 4668 3624 4746 ἔλαιον,
3657 4694 3882 4749 συμφω-

488 4790 546 4841 et
574 4786 771 4840 vinum
805 4789 861 4839 et
891 4784 1108 4848 oleum,
1135 4781 1464 4852 paciscente
1492 4780 1753 4847 debitore
1777 4795 1840 4834 se
1862 4783 1992 4850 post
2012 4785 2125 4835 sta-

487 4878 681 4929 tatum
714 4879 947 4945 tempus
1000 4871 1220 4942 aliquid
1273 4870 1427 4925 ultra
1475 4869 1729 4925 reddere.
1779 4868 1926 4924 Nam
1973 4868 2126 4925 circa

485 4977 578 5026 ea,
611 4963 685 5017 de
714 4963 930 5032 quibus
962 4961 1148 5016 sancti
1188 4963 1388 5013 Patres
1421 4958 1816 5023 decreverunt,
1853 4957 2128 5028 sutl'ragia

482 5064 694 5104 rursus
714 5050 873 5119 dare,
896 5053 954 5105 et
984 5047 1307 5104 deliberare
1346 5045 1588 5101 minime
1618 5046 1777 5101 decet
1808 5061 1822 5099 :
1849 5049 1907 5098 at
1933 5044 2124 5115 potius

483 5139 704 5208 absque
741 5138 1200 5195 contradictione
1230 5152 1294 5191 ac
1326 5133 1729 5205 disquisitione
1767 5132 2000 5189 curiosa
2027 5149 2124 5189 se-

485 5227 607 5299 qui.
641 5229 919 5293 Quocirca
948 5227 1176 5284 siistud
1234 5224 1401 5281 laicis
1452 5223 1691 5296 quidem
1747 5222 2123 5293 opprobrium

485 5322 659 5387 atque
687 5316 918 5387 culpam
950 5318 1188 5385 aﬂ'ricet,
1221 5315 1406 5372 multo
1453 5329 1593 5370 sane
1645 5311 1828 5383 magis
1874 5309 2119 5367 clericis.

554 5405 800 5476 Magnus
832 5413 1023 5461 autem
1058 5406 1306 5462 Basilius
1336 5404 1397 5459 in
1445 5417 1664 5459 canone
1707 5402 1772 5456 14
1803 5417 1816 5454 :
1863 5400 2119 5456 Clericus

484 5494 584 5566 qui
618 5511 855 5550 usuram
887 5499 1125 5566 accepit.
1178 5495 1229 5551 si
1291 5493 1500 5565 iuquit,
1551 5491 1839 5554 iniustum
1892 5488 2118 5546 lucrum

480 5587 540 5639 in
592 5600 873 5656 pauperes
925 5586 1248 5655 expendere
1295 5580 1690 5646 destinaverit,
1739 5587 1796 5633 et
1844 5579 2119 5650 deinceps

486 5674 735 5729 avaritias
768 5674 1037 5729 morbum
1081 5675 1354 5739 devitare,
1389 5672 1460 5727 ad
1489 5668 1880 5728 sacerdotium
1912 5667 2119 5723 admit-

479 5764 693 5823 tendus
720 5767 827 5822 est.
856 5762 1144 5830 Quoniam
1173 5768 1232 5821 et
1259 5761 1396 5820 alibi
1413 5760 1574 5819 dicit.
1598 5756 1859 5831 Agricola
1879 5755 2117 5815 aristam

2235 4772 2450 4830 νοῦντος
2504 4773 2602 4824 τοῦ
2661 4767 2942 4824 δανειστοῦ
2998 4767 3132 4841 μετὰ
3178 4767 3272 4823 τὸν
3340 4765 3645 4842 ὡρισμένον
3689 4762 3880 4837 καιρὸν

2232 4855 2358 4912 τόδε
2392 4880 2445 4913 τι
2493 4858 2738 4914 ἐπέκεινα
2781 4855 2987 4914 δοῦναι.
3040 4857 3171 4929 Περὶ
3216 4858 3321 4932 γὰρ
3368 4857 3441 4911 ῶν
3479 4856 3530 4910 οἱ
3578 4856 3738 4910 θεῖοι.
3766 4858 3875 4908 Πα-

2234 4949 2384 5017 τὲρες
2412 4947 2712 5015 ἐθέσπισαν,
2755 4946 2818 5002 οὐ
2859 4943 2942 5001 δεῖ
2988 4947 3310 5026 ψηφίζεσθαι
3356 4945 3445 5000 καὶ
3497 4942 3875 5021 βουλεύεσθαι,

2235 5035 2362 5092 ἀλλ’
2410 5032 2629 5092 ἕπεσθαι
2698 5033 2866 5110 μηδὲν
2924 5033 3299 5110 ἀντιλέγοντας
3363 5032 3399 5103 ἢ
3451 5027 3876 5107 περιεργαζομὲ-

2234 5146 2360 5188 νους
2395 5145 2408 5159 ’
2435 5127 2482 5181 εἰ
2529 5131 2660 5201 γοῦν
2695 5126 2757 5181 τὸ
2807 5128 3054 5181 τοιοῦτον
3103 5122 3319 5186 λαϊκοῖς
3366 5118 3575 5184 ὄνειδος
3605 5121 3755 5199 φέρει
3782 5115 3872 5173 καὶ

2237 5216 2465 5290 μέμψιν,
2497 5215 2700 5288 πολλῷ
2729 5213 2906 5286 δήπου
2935 5214 3245 5288 κληρικοῖς.

2304 5397 2365 5453 Ὀ
2424 5393 2479 5451 δὲ
2527 5396 2695 5472 μέγας
2739 5394 3044 5466 Βασίλειος,
3096 5394 3147 5450 ἐν
3198 5391 3260 5449 ιδ’
3316 5391 3519 5460 κανόνι,
3571 5395 3627 5447 Ὃ
3674 5387 3872 5448 τόκους

2228 5480 2528 5557 λαμϐάνων
2565 5482 2854 5559 κληρικὸς,
2895 5485 3051 5562 φησὶ,
3082 5485 3168 5540 ἑὰν
3197 5480 3553 5554 καταδέξηται
3582 5481 3643 5535 τὸ
3685 5474 3873 5533 ἄδικον

2229 5570 2418 5647 κέρδος
2450 5578 2703 5648 πτωχοῖς
2751 5573 3044 5646 ἀναλῶσαι,
3095 5573 3187 5628 καὶ
3223 5572 3493 5628 εἷσὲπειτα
3537 5570 3599 5625 τὸ
3628 5574 3726 5636 τῆς
3780 5586 3872 5642 φι-

2229 5660 2613 5735 λοχρηματίας
2667 5661 3001 5740 φυλάξασθαι
3056 5661 3297 5735 νόσημα,
3355 5657 3539 5721 δεκτός
3601 5657 3738 5712 ἐστιν
3789 5651 3872 5716 εἷς

2231 5749 2526 5829 ἱερωσύνην
2590 5772 2602 5785 ·
2663 5750 2851 5824 ἐπειδὴ
2908 5752 2995 5807 καὶ
3064 5750 3288 5830 ἑτέρωθί
3344 5770 3508 5834 φησιν
3568 5765 3580 5779 ·
3649 5749 3710 5802 Ὁ
3766 5742 3867 5820 μὲν
