4098 6332
231 437 334 500 ίϐὄ
1262 436 1676 502 SYNTAGMA
1719 439 1899 500 ALPI

2014 439 2345 503 BETICUM.
2393 475 2471 488 —
2511 441 2582 504 T.
3507 444 3622 506 166

227 571 467 647 γεωργὸς
510 573 603 626 τὸν
663 573 872 646 στάχυν
923 565 1128 644 λαϐὼν,
1176 573 1239 626 τὸ
1285 572 1500 647 σπέρμα
1546 571 1712 628 πάλιν
1762 572 1899 642 ὑπὸ,

2014 575 2214 648 ccipit,
2247 593 2434 648 neque
2465 593 2700 632 rursum
2729 591 2926 633 semen
2986 579 3185 634 subter
3243 579 3494 634 radicem
3527 596 3633 634 ex-

227 663 327 730 τήν
383 660 534 733 ῥίζαν
594 660 698 716 οὐκ
743 660 933 734 ἐρευνᾷ
965 681 978 694 ·
1039 663 1066 717 ὁ
1125 659 1182 716 δὲ
1233 658 1510 731 δανειστὴς
1585 663 1673 716 καὶ
1745 663 1874 724 τοὺς

2021 665 2186 733 uirit;
2243 666 2551 722 faenerator
2593 671 2788 722 autem
2840 668 3068 724 fructus
3119 668 3385 740 percipit,
3437 685 3628 740 neque

226 750 470 822 καρποὺς
526 745 667 827 ἔχει,
725 751 819 805 καὶ
889 750 989 806 οὐκ
1061 752 1346 832 ἀφίσταται
1403 756 1511 806 τῶν
1581 751 1823 827 ἀρχαίων
1855 769 1869 782 ·

2022 755 2298 827 rincipale
2321 756 2604 824 remittit;
2654 759 2911 831 adeoque
2953 759 3079 816 sine
3119 759 3242 816 solo
3287 759 3515 832 plantat
3567 764 3628 816 et

228 841 356 898 ἄνευ
409 847 516 917 γῆς
589 840 832 920 φυτεύει,
885 841 977 896 καὶ
1035 840 1229 916 θερίζει
1283 839 1406 898 ἄνευ
1472 845 1676 916 σπορᾶς
1711 861 1724 873 ³
1786 839 1876 896 διὰ

2015 847 2104 902 ine
2133 851 2395 904 semento
2418 848 2596 904 metit.
2623 849 2946 920 Propterea,
2979 866 3114 905 cum
3157 866 3234 905 ass
3289 855 3347 906 et
3384 867 3624 918 aurum,

225 935 394 987 τοῦτο
421 931 640 1010 χαλκοῦ
667 931 757 986 καὶ
790 935 1022 1006 χρυσοῦ,
1047 929 1136 986 καὶ
1183 934 1290 986 τῶν
1328 931 1540 1008 ἀγόνων
1582 930 1728 1006 παρά
1763 930 1872 1006 φό-

2014 938 2035 988 ι
2063 941 2270 992 caatera
2301 952 2430 1008 quae
2460 935 2606 992 nihil
2637 937 2954 1008 producere
2985 937 3190 1006 solent,
3222 945 3426 996 contra
3459 946 3639 1003 natu-

227 1043 308 1077 σιν
380 1020 738 1096 γεννώντων,
803 1023 840 1091 ἠ
907 1019 1045 1076 κατὰ
1108 1020 1264 1097 φύσιν
1343 1019 1601 1077 τίκταυσα
1673 1019 1874 1094 γίνεται

2014 1039 2106 1079 am
2165 1024 2416 1095 pariunt,
2468 1024 2570 1080 illa
2616 1040 2741 1096 qua
2793 1024 3137 1084 naturaliter
3199 1028 3349 1099 parit
3403 1029 3624 1087 sterilis

229 1116 440 1187 στεῖρα.

2014 1112 2185 1168 vadit.

937 1197 1180 1272 Νόμου

2731 1204 2904 1275 Leges.

297 1289 370 1345 Ei
395 1289 491 1344 καὶ
524 1287 763 1348 πολλοῖς
801 1291 910 1342 τῶν
951 1287 1057 1358 πρὸ
1099 1290 1263 1360 ἡμῶν
1301 1282 1448 1361 ἔδοξε
1488 1284 1702 1343 δεκτέαν
1741 1289 1876 1344 εἶναι

2054 1289 2175 1347 Etsi
2207 1292 2496 1362 majorum
2530 1299 2854 1348 nostrorum
2881 1293 3170 1364 plerisque
3196 1294 3387 1350 visum
3413 1299 3503 1352 est
3530 1296 3626 1352 ad-

226 1379 331 1446 τὴν
363 1382 476 1432 τῶν
513 1377 691 1432 τόκων
723 1374 945 1445 ἔκτισιν,
987 1374 1117 1437 ἴσως
1159 1372 1248 1430 διὰ
1295 1377 1396 1445 τήν
1435 1379 1544 1430 τῶν
1593 1374 1880 1432 δανειστῶν

2014 1379 2330 1435 nitteodam
2363 1395 2493 1435 esse
2527 1397 2830 1436 usurarum
2875 1383 3238 1453 pensionem,
3271 1384 3418 1440 forte
3468 1401 3632 1455 prop-

229 1464 574 1540 δυσκληρίαν
611 1485 672 1520 τε
716 1469 810 1520 καί
858 1464 1144 1538 ὡμότητα,
1193 1464 1317 1520 ἀλλ’
1371 1463 1463 1520 οὗν
1513 1467 1588 1528 ὡς
1662 1465 1876 1536 ἀναξίαν

2014 1484 2072 1524 er
2130 1469 2536 1524 fmneratorum
2593 1469 2867 1525 duritiem
2923 1475 2979 1526 et
3035 1471 3458 1536 crudelitatem.
3519 1489 3627 1528 nos

229 1565 328 1627 τῆς
393 1558 558 1626 ἡμῶν
613 1559 722 1610 τῶν
778 1556 1116 1628 Χριστιανῶν
1169 1553 1476 1623 πολιτείας,
1551 1555 1880 1610 άπευκταίαν

2014 1575 2181 1614 amen
2232 1566 2287 1612 ut
2333 1558 2800 1614 Christianorum
2857 1559 3133 1616 sanctiori
3190 1556 3635 1618 conversatione

232 1647 369 1702 εἶναι
421 1646 778 1719 κεκρίκαμεν,
829 1643 923 1700 ἅτε
979 1641 1126 1719 παρὰ
1181 1649 1282 1713 τῆς
1351 1644 1498 1708 Θείας
1555 1644 1878 1718 νομοθεσίας

2014 1647 2155 1702 »Ιεηθ
2175 1647 2477 1718 indignam
2505 1647 2958 1704 abominandam
2982 1650 3324 1706 censuimus
3355 1655 3638 1723 tanquam

231 1733 648 1808 κεκωλυμὲνην.
708 1733 802 1788 Διὸ
867 1731 1078 1788 κελεύει
1131 1734 1167 1802 ἦ
1225 1733 1472 1809 ἡμετὲρα
1539 1731 1880 1807 γαληνότης,

2014 1753 2112 1793 ure
2167 1736 2362 1793 divino
2425 1738 2789 1794 interdicam.
2854 1740 2982 1795 Ideo
3030 1748 3225 1796 nostra
3263 1745 3419 1796 vetat
3464 1747 3633 1797 tran-

235 1825 431 1900 μηδενὶ
477 1821 750 1898 μηδαμῶς
789 1821 1002 1894 ἐξεῖναι,
1041 1821 1096 1878 ἐν
1141 1821 1384 1896 μηδεμιᾷ
1433 1823 1680 1878 ὑποθέσει
1722 1824 1883 1878 τόκον

2014 1826 2263 1898 minitas,
2295 1843 2367 1883 ne
2393 1827 2663 1898 cuiquam
2697 1828 2925 1897 penitus
2957 1829 3075 1884 ulla
3115 1830 3176 1884 in
3233 1847 3406 1885 causa
3460 1829 3630 1886 liceat

236 1911 566 1990 λαμϐάνειν,
609 1915 702 1969 ἵνα
743 1917 820 1988 μή
860 1914 1026 1986 νόμον
1074 1911 1366 1983 φυλάττειν
1404 1912 1673 1986 οἰόμενοι,
1710 1915 1881 1987 νόμον

2014 1932 2202 1972 isuras
2233 1916 2512 1986 accipere,
2546 1921 2610 1970 ut
2642 1932 2713 1971 ne
2735 1917 2870 1971 dum
2897 1919 2997 1987 jus
3027 1934 3256 1974 servare
3303 1920 3632 1988 studemus,

237 1977 372 2064 θεδῦ
426 1977 855 2080 παραϐαίνωμεν
890 1977 1107 2059 ’.ἄλλά
1160 2004 1259 2058 xiv
1307 2001 1352 2058 εἲ
1407 1977 1508 2058 τις.
1551 1977 1889 2074 ὁσονδήποτε

2015 2021 2173 2074 egem
2199 2005 2296 2061 Dei
2317 1977 2622 2060 violemus.
2647 2005 2756 2060 Sed
2777 2006 2827 2060 si
2849 1977 2981 2078 quis
3004 2008 3296 2063 tantillum
3325 1977 3635 2081 acceperit,

239 2092 433 2166 λάϐοι,
469 2095 546 2157 εἰς
577 2096 642 2149 τὸ
669 2093 836 2168 χρέος
865 2093 1272 2169 λογισθήσεται.

2014 2095 2134 2151 torti
2167 2095 2575 2166 imputabitur.

303 2187 366 2240 '0
396 2183 456 2240 δὲ
487 2183 724 2249 παλαιὸς
762 2183 936 2254 νόμος
976 2181 1147 2256 ῥητὴν
1190 2179 1360 2255 ὁρίζει
1394 2185 1514 2244 τοῖς
1550 2183 1736 2243 τόκοις
1782 2203 1889 2238 πο-

2069 2184 2176 2239 Lex
2241 2189 2432 2239 autem
2502 2187 2666 2238 vetus
2740 2200 3012 2256 expresse
3061 2188 3260 2241 statuit
3317 2203 3634 2243 usurarum

238 2277 465 2344 σότητα,
496 2277 568 2347 τῇ
599 2272 858 2340 ποιότητι
903 2272 1086 2344 μέντοι
1123 2274 1230 2325 τῶν
1268 2270 1578 2339 προσώπων
1621 2269 1888 2326 διαλλάτ-

240 2385 456 2420 τουσαν.
487 2363 625 2417 Τοὺς
683 2362 778 2434 μὲν
822 2359 924 2435 γάρ
977 2357 1314 2428 δανείζοντας
1364 2359 1471 2413 ἀπὸ
1522 2359 1915 2434 ἶλλουστρίων-

242 2455 320 2507 καὶ
363 2451 646 2525 ἀνωτέρω,
693 2449 830 2522 ἄχρι
876 2449 1066 2522 τρίτης
1113 2449 1407 2518 ἑκατοστῆς
1454 2450 1542 2503 καὶ
1593 2449 1759 2521 μόνον
1805 2470 1889 2504 κε-

248 2543 379 2597 λεὸει
439 2533 750 2614 λαμϐάνειν
791 2555 806 2568 ⁸
865 2537 1284 2612 άργυροπράτας
1344 2535 1401 2592 δὲ
1456 2538 1546 2592 καὶ
1613 2537 1887 2611 ἐμπόρους

247 2631 367 2708 ἄχρι
409 2629 676 2703 διμοίρου
724 2629 1020 2696 ἑκατοστῆς
1053 2649 1066 2660 ι
1118 2625 1248 2688 τοὺς
1298 2624 1356 2682 δὲ
1404 2625 1632 2690 λοιποὺς
1686 2627 1889 2688 πάντας

242 2719 370 2794 ἄχρι
405 2719 663 2790 ἡμίσεως
704 2719 1021 2781 ἑκατοστῆς.
1065 2715 1124 2770 Εἰ
1167 2713 1224 2770 δὲ
1261 2716 1400 2791 πρὸς
1438 2716 1588 2771 οἶκον
1622 2716 1785 2791 εὐαγῆ
1825 2718 1886 2770 τὸ

238 2808 444 2864 δάνειον
488 2807 602 2878 εἴη,
651 2805 785 2885 ἄχρι
837 2805 1094 2880 τετάρτου
1139 2806 1456 2874 ἐκατοσσῆς.
1507 2806 1628 2861 Ἐπὶ
1679 2803 1736 2859 δὲ
1777 2809 1886 2860 τῶν

233 2903 506 2954 ναυτικῶν
546 2895 798 2964 δανείων,
843 2894 966 2950 ἔνθα
1005 2897 1034 2950 ὁ
1074 2893 1357 2966 δανειστὴς
1403 2896 1496 2950 τὸν
1546 2894 1599 2950 ἐν
1647 2903 1750 2964 τῆς
1793 2897 1888 2950 θα-

236 2989 446 3060 λάσσης
495 2985 818 3062 ἀναδέχεται
855 2983 1126 3054 κίνδυνον,
1167 2985 1230 3040 οὗ
1271 2979 1599 3058 λαμϐάνειό
1630 2983 1888 3055 δανείζων

234 3078 406 3134 πλέον
444 3081 548 3134 τοῦ
585 3077 833 3151 νομίμου
868 3074 1055 3147 τόκου,
1103 3075 1270 3148 ἤγουν
1321 3081 1422 3144 τῆς
1464 3075 1793 3144 ἑκατοστῆςι
1844 3075 1888 3129 εί

233 3170 336 3244 γάρ
384 3163 716 3241 ἀναδέχεται
764 3167 794 3220 ὁ
843 3161 1097 3234 δανείζων
1143 3165 1235 3218 τὸν
1284 3165 1422 3218 κατὰ
1469 3163 1736 3220 θάλατταν
1783 3163 1894 3218 κίνο

237 3255 416 3325 δυνον,
471 3253 700 3310 δύναται
740 3250 930 3309 λαϐεῖν
977 3253 1067 3308 καὶ
1120 3253 1254 3326 ὑπὲρ
1297 3254 1390 3308 τὸν
1441 3251 1664 3326 ἔννομον
1710 3252 1891 3310 τόκον.

1997 2275 2405 2344 quantitatem,
2436 2273 2724 2339 videlicet,
2751 2275 2922 2343 juxta
2950 2275 3340 2331 conditionem
3375 2292 3640 2347 persona-

1995 2378 2122 2418 rum
2157 2361 2326 2416 aliam
2356 2367 2530 2433 atque
2579 2361 2774 2416 aliam.
2829 2363 3052 2433 Quippe
3099 2361 3263 2432 jubet
3313 2381 3410 2420 eos
3467 2364 3566 2434 qui
3606 2381 3690 2425 ει

1996 2451 2134 2506 viris
2162 2451 2488 2506 illustribus
2508 2456 2608 2504 aut
2627 2451 3052 2522 superioribus,
3075 2453 3442 2508 solummodo
3464 2455 3639 2508 trien-

1995 2547 2112 2596 tem
2144 2557 2393 2602 sumere.
2428 2541 2787 2611 argentarios
2820 2546 3011 2596 autem
3036 2549 3092 2597 et
3125 2545 3512 2610 negotiatores
3546 2563 3638 2602 us-

1997 2647 2107 2698 que
2135 2631 2204 2683 ad
2240 2632 2466 2684 bessem
2499 2632 2828 2684 centesima)
2855 2647 2868 2695 ;
2901 2637 3138 2684 caeteros
3173 2637 3367 2686 autem
3411 2648 3634 2701 omne,

1997 2719 2067 2774 ad
2099 2719 2393 2773 semissem
2423 2717 2770 2772 centesimis.
2803 2717 2904 2772 Sin
2954 2719 3237 2790 religiosis
3285 2721 3479 2777 domui
3509 2739 3638 2778 mu-

1997 2811 2162 2862 tuum
2193 2807 2380 2872 detur,
2415 2823 2598 2877 usque
2628 2809 2696 2861 ad
2749 2809 3132 2878 quadrantem
3183 2811 3533 2866 centesima.
3565 2815 3638 2868 At

1997 2911 2132 2950 vero
2163 2896 2219 2950 in
2255 2897 2472 2950 fmnore
2511 2897 2766 2962 nautico,
2816 2913 2948 2952 cum
3008 2899 3264 2954 creditor
3311 2901 3636 2971 periculum

1999 2984 2179 3055 maris
2228 2985 2486 3053 suscipit,
2553 2989 2744 3053 potest
2792 2984 3051 3055 accipere
3099 2987 3252 3043 ultra
3309 2987 3637 3060 legitimam

2001 3087 2254 3128 usuram.
2277 3072 2520 3135 Quando
2542 3078 2735 3130 autem
2769 3074 2994 3130 fructus
3027 3085 3242 3130 mutuo"
3278 3078 3514 3146 dantur,
3553 3079 3650 3150 pio

1999 3162 2215 3232 quibus
2243 3161 2381 3217 olim
2415 3161 2578 3217 licuit
2617 3164 2805 3232 majus
2853 3163 3044 3220 faenus
3093 3165 3361 3236 stipulari
3414 3172 3646 3238 propter

2001 3257 2310 3324 proventus
2343 3258 2570 3323 tempus
2601 3252 2912 3322 incertum,
2947 3269 3058 3310 non
3097 3256 3384 3326 permittit
3433 3258 3645 3314 hodie-

237 3346 362 3402 Ἐπὶ
421 3342 486 3400 δὲ
539 3347 651 3398 τῶν
707 3341 1094 3415 δανειζομένων
1141 3345 1386 3416 καρπῶν,
1435 3341 1518 3410 ἐφ’
1571 3343 1644 3396 ὧν
1687 3342 1749 3396 τὸ
1791 3361 1892 3397 πα-

2014 3357 2110 3412 ιυο
2140 3341 2479 3397 constitutio
2509 3343 2831 3413 graviorem
2866 3359 3104 3399 usuram
3144 3344 3436 3416 stipulari,
3468 3363 3640 3416 quam

238 3435 396 3490 λαιὸν
425 3433 554 3504 ἒξῆν
585 3431 818 3488 πλείονα
845 3432 1004 3486 τόκον
1042 3429 1315 3504 ἐπερωτᾷν
1344 3427 1434 3485 διά
1460 3431 1526 3486 τὸ
1556 3427 1763 3501 ἄδηλον
1789 3436 1892 3500 τῆς

239 3518 540 3592 ἐκϐάσεως,
580 3521 684 3575 οὐκ
722 3520 998 3596 ἐπιτρέπει
1037 3521 1278 3594 σήμερον
1310 3520 1346 3588 ἡ
1387 3515 1622 3588 διάταξις
1662 3517 1894 3573 πλείονα

238 3611 400 3666 τόκον
442 3609 750 3686 ἐπερωτᾷν,
797 3607 844 3663 εἶ
905 3609 984 3681 μὴ
1039 3604 1145 3668 ἓως
1203 3607 1502 3676 ἑκατοστῆς
1562 3605 1751 3680 μόνον,
1813 3607 1889 3680 μὴ

243 3699 570 3775 βουλομένη
637 3699 776 3770 μήτε
834 3693 924 3752 διά
997 3696 1524 3770 παραητασχέσεως
1595 3693 1892 3770 ἐνεχύρων,

249 3789 476 3862 μείζονα
543 3788 706 3842 τόκον
774 3781 1171 3859 λαμϐάνεσθαι,
1243 3787 1382 3857 μήτε
1443 3783 1574 3846 τοὺς
1641 3781 1896 3846 δικαστάς

244 3899 378 3935 ποτε
416 3875 800 3946 καταδικάζειν
839 3873 1067 3930 πλείονα
1112 3877 1280 3930 τόπον
1333 3875 1600 3951 προφάσει
1649 3879 1749 3941 τῆς
1788 3877 1896 3928 τῶν

246 3969 426 4023 τόκων
467 3964 749 4037 συνηθείας
779 3985 793 4000 ·
837 3965 884 4020 εἰ
919 3961 976 4019 δέ
1011 3985 1096 4026 τις
1138 3963 1360 4036 μείζονα
1395 3962 1554 4018 τόκον
1597 3956 1784 4030 λάϐοι,
1820 3963 1896 4023 εἰς

249 4059 311 4114 τὸ
372 4053 680 4134 κεφάλαιον
742 4054 904 4108 αὐτὸν
960 4050 1431 4128 καταλογίζεσθαι.
1495 4051 1896 4111 Ἐκατοστιαῖος

252 4144 308 4200 δὲ
337 4145 562 4220 λέγεται
594 4143 777 4211 τόκος,
806 4143 874 4197 τὰ
915 4138 1173 4214 διδόμενα
1202 4138 1413 4195 δώδεκα
1457 4139 1770 4214 νομίσματα
1808 4137 1898 4194 ἐπὶ

2002 3430 2268 3501 adusque
2326 3431 2702 3486 centesimam
2769 3437 3020 3500 tantum,
3079 3449 3266 3504 neque
3303 3434 3476 3490 etiam
3521 3435 3647 3490 vult

2001 3525 2236 3592 propter
2267 3525 2484 3575 retenta
2507 3523 2748 3592 pignora
2769 3521 2961 3590 majus
3005 3525 3194 3578 fmnus
3223 3522 3427 3593 accipi,
3461 3539 3650 3595 neque

1997 3609 2232 3679 judices
2302 3623 2561 3679 unquam
2613 3609 2806 3678 majus
2850 3609 3158 3665 decernere
3209 3611 3316 3665 sub
3366 3615 3645 3682 praetextu

2002 3699 2438 3754 consuetudinis
2463 3699 2591 3755 loci.
2607 3699 2666 3754 Si
2689 3699 2823 3770 quis
2846 3704 3038 3756 autem
3056 3702 3379 3758 uberiorem
3401 3718 3641 3760 usuram

2000 3789 2176 3858 capit,
2209 3791 2437 3842 tantum
2470 3787 2777 3860 principali
2817 3789 3161 3845 detrahitur.
3215 3790 3401 3848 Usura
3448 3799 3640 3849 autem

2005 3873 2398 3931 centesimalis
2429 3881 2682 3945 vocatur,
2715 3891 2846 3930 cum
2897 3877 3199 3933 duodecim
3256 3879 3487 3934 nummi
3543 3895 3647 3951 pro

2006 3977 2237 4018 centum
2269 3963 2583 4034 quotannis
2627 3964 2969 4021 redduntur.
3005 3965 3082 4020 Ea
3129 3982 3260 4022 vero
3309 3983 3442 4038 quas
3497 3968 3646 4024 libra

2006 4053 2162 4123 apud
2189 4068 2296 4107 nos
2330 4052 2675 4120 aestimatur,
2700 4053 2866 4124 juxta
2914 4056 3353 4126 proportionem
3387 4073 3663 4112 nummos

2009 4142 2268 4196 continet
2300 4147 2427 4196 octo
2457 4158 2590 4196 cum
2626 4142 2815 4198 besse.

251 4242 365 4300 τοῖς
437 4234 632 4290 ἑκατὸν
691 4233 825 4307 ὑπὲρ
879 4232 1106 4286 ἑκάστου
1163 4229 1404 4306 χρόνου·
1445 4231 1481 4300 ἡ
1532 4226 1592 4283 δὲ
1645 4229 1772 4303 παρ’
1829 4228 1966 4302 ἡμῖν
2033 4227 2370 4302 νομιζομένη
2432 4228 2590 4306 λίτρα
2645 4232 2765 4286 κατ’
2817 4230 3111 4309 ἀναλογίαν
3175 4233 3490 4309 νομίσματα
3545 4229 3664 4314 ἔχει

257 4326 424 4393 ὀκτὼ,
455 4322 588 4394 ἢτοι
622 4319 895 4396 δίμοιρον·

325 4417 396 4474 Οἱ
451 4414 612 4468 τόκοι
663 4411 796 4487 ἄχρι
825 4416 926 4480 τῆς
974 4407 1278 4479 ποσότητος
1333 4411 1430 4463 τοῦ
1477 4405 1904 4466 ἐκδανεισθέντος

255 4503 560 4582 κεφαλάίω
618 4499 1030 4555 ἐκτεινέσθωσαν
1068 4515 1082 4529 ·
1147 4496 1196 4552 εἶ
1251 4494 1309 4552 δὲ
1362 4492 1602 4582 συμϐαίη
1661 4493 1906 4550 ἐπέκεινα

256 4580 352 4648 cuii
407 4591 616 4667 μέτρου
680 4592 788 4644 τῶν
845 4585 1157 4664 κεφαλαίων
1214 4580 1652 4658 καταϐληθῆναι,
1711 4585 1786 4645 εἷς
1841 4585 1906 4638 τὸ

259 4680 558 4760 κεφάλαιον
591 4675 1011 4752 λογιζέσθωσαν.

328 4759 388 4826 Ὃ
415 4769 582 4827 τόκον
633 4767 801 4823 τόκου
854 4761 1161 4840 μεθοδεῦων
1203 4763 1498 4837 άτιμοῦται
1531 4781 1547 4797 ⁸
1589 4759 1769 4826 οὐδεὶς
1805 4763 1913 4835 γὰρ

261 4861 417 4916 τόκον
446 4859 620 4914 τόκου
650 4856 891 4922 ἀπαιτεῖ,
920 4851 1020 4908 252v
1049 4854 1185 4908 κατᾶ
1217 4853 1412 4928 μικρὸν
1445 4847 1794 4924 καταϐληθῇ.

392 4954 660 5006 ΚΕΦΑΛ.
705 4952 788 5003 B‘.
823 4945 984 5020 Περὶ
1011 4945 1128 4998 τοῦ
1154 4941 1513 5019 τρισαγίου
1543 4940 1777 5016 ὕμνου.

329 5042 492 5112 Ζήτει
527 5036 582 5094 ἒν
613 5037 694 5110 τῷ
740 5035 821 5091 λε’
871 5031 1153 5111 κεφαλαίῳ
1199 5037 1297 5088 τοῦ
1328 5033 1370 5090 E
1399 5030 1675 5107 στοιχείου
1719 5029 1914 5086 κανόνα

265 5133 348 5186 πα’
374 5135 476 5201 τῆς
509 5129 559 5192 ς’
585 5123 837 5183 συνόδου.

270 5244 517 5294 ΚΕΦΔΛ.
553 5235 630 5294 Θ’.
661 5234 802 5292 Ὀτι
831 5227 1218 5306 τάς-τρίχας
1244 5235 1362 5299 τῆς
1389 5226 1689 5306 κεφάλῆς
1719 5225 1790 5282 οὐ
1823 5223 1914 5281 δεῖ

848 5300 1342 5372 καλλωπίζειν.

337 5403 393 5456 Ὃ
438 5398 522 5478 L5,“
571 5403 676 5468 τῆς
735 5393 781 5458 ς’
837 5387 1064 5447 συνόδου
1120 5391 1316 5478 κανὼν,
1368 5392 1437 5446 O’t
1500 5389 1592 5478 τὸν
1649 5385 1912 5478 ξζριστὸν,

273 5489 420 5565 φησὶ,
450 5471 538 5542 διὰ
565 5490 664 5543 τοῦ
711 5480 1094 5561 βαπτίσματος
1133 5475 1500 5552 ἐνδυσάμενοι,
1529 5477 1630 5545 τήν
1662 5473 1718 5530 ἓν
1758 5471 1914 5548 σαρκὶ

273 5562 428 5632 αὐτοῦ
480 5574 764 5634 πολιτείαν
831 5570 1120 5645 μιμεῖσθαι
1191 5564 1690 5641 καθωμολόγησαν,
1746 5562 1918 5618 πᾶσάν

272 5685 328 5720 τε
381 5668 593 5741 ἁγνείαν
652 5661 906 5740 μετιέναι
963 5657 1058 5713 καὶ
1133 5655 1504 5732 σωφροσύνην»
1555 5653 1648 5708 καὶ
1710 5653 1787 5726 μὴ
1845 5654 1916 5724 τῇ

279 5757 366 5827 τῆς
408 5755 543 5829 ὕλης
589 5747 1043 5834 προστετηκότας
1102 5745 1448 5820 ματαιότητι,
1499 5741 1564 5798 τὸ
1619 5745 1780 5818 σῶμα
1820 5758 1918 5794 κο-

2087 4408 2286 4465 Usum
2318 4423 2504 4482 usque
2543 4411 2614 4466 ad
2647 4409 2894 4467 valerem
2928 4413 3266 4484 principalis
3306 4420 3511 4472 mutuo
3543 4415 3676 4472 dati

2015 4499 2444 4554 extendantur:
2477 4499 2570 4555 sin
2599 4503 2795 4556 tamen
2840 4503 3137 4572 contingat
3185 4503 3334 4558 ultra
3369 4504 3659 4576 principa-

2017 4587 2130 4642 lem
2163 4603 2458 4644 summam
2491 4589 2850 4658 expendi,ad
2883 4589 3267 4662 principalem
3319 4592 3661 4664 imputetur.

1932 4653 1986 4716 D
2089 4676 2237 4732 247
2301 4675 2408 4742 Qui
2475 4653 2958 4734 usuram'usurae
3003 4653 3226 4750 quierit,
3280 4653 3517 4737 infamis
3573 4682 3660 4739 ﬁt.

2023 4764 2205 4822 Nemo
2236 4767 2393 4820 enim
2425 4779 2612 4820 usuras
2640 4781 2880 4821 usuram
2911 4767 3120 4838 poscit,
3163 4765 3364 4824 saltem
3423 4769 3470 4825 si
3519 4787 3664 4842 pau-

2027 4852 2191 4908 latim
2225 4852 2610 4925 persolvatur.

2367 4943 2516 4998 CAP.
2550 4943 2696 4998 VIII.
2733 4943 2806 5000 De
2833 4943 3039 5017 hymno
3068 4945 3316 5017 trisagio.

2095 5033 2387 5101 Quaarein
2428 5033 2499 5089 35
2539 5049 2667 5106 cap.
2725 5033 2842 5090 litt.
2905 5035 2946 5089 E
3000 5051 3282 5092 canonem
3341 5037 3405 5091 81
3461 5039 3666 5110 synodi

2026 5127 2224 5177 sextae.
3359 5135 3363 5138 ·

2025 5227 2184 5285 CAP.
2235 5227 2326 5285 IX.
2378 5229 2527 5298 Quod
2584 5230 2814 5357 captiuo;
2845 5231 3064 5357 lcapitlis
3111 5231 3404 5288 delicatius
3464 5249 3668 5289 ornare

2701 5319 2771 5356 au
2873 5318 3026 5357 mea.

2701 5318 2808 5357 aua
2845 5318 3026 5357 uocat.

2097 5387 2289 5443 Canon
2341 5397 2532 5444 autem
2592 5389 2662 5443 96
2719 5405 2846 5461 syn.
2921 5395 3118 5457 sextae,
3176 5392 3280 5456 Qui
3347 5391 3675 5452 Christum.

2027 5477 2237 5548 inquit,
2273 5495 2372 5549 per
2418 5478 2781 5550 baptismum
2823 5478 3161 5546 induerunt,
3211 5481 3336 5550 ejus
3386 5483 3442 5536 in
3493 5496 3666 5536 carne

2025 5567 2155 5622 vitae
2209 5567 2444 5637 agenda:
2519 5567 2800 5622 rationem
2865 5565 3073 5620 imitari
3123 5569 3366 5638 professi
3417 5573 3580 5633 sunt,
3609 5575 3664 5622 et

2027 5671 2260 5710 omnem
2289 5655 2526 5712 omnino
2556 5657 2883 5711 castitatem
2917 5670 2984 5708 ac
3013 5657 3451 5726 temperantiam
3501 5670 3662 5711 exer—

2027 5755 2176 5810 cere,
2209 5756 2393 5814 neque
2429 5743 2788 5797 terrenarum
2838 5753 3028 5794 rerum
3076 5739 3320 5796 vanitati
3369 5737 3663 5795 adhaeren-
