4098 6332
492 424 603 485 167
1764 422 2082 485 ΜΑΤἸἮΑ

2201 426 2230 484 Β
2242 425 2622 489 LASTARIS
3764 439 3871 501 168

485 572 572 621 tes
603 582 811 636 corpus
842 565 1134 632 superfluo
1165 580 1230 618 ac
1256 562 1432 616 nimis
1461 561 1688 618 curioso
1705 561 1862 617 cultu
1894 578 2082 617 ornari

2201 566 2394 634 _cp.s?v
2443 567 2712 636 περιττῶς
2761 585 2817 618 τε
2867 565 2955 619 καὶ
2995 567 3295 642 περιέργως
3323 589 3335 604 ο
3369 573 3419 626 τί
3471 569 3518 626 δ’
3563 574 3622 626 ἄν
3669 573 3872 647 γένοιτο

486 657 635 720 Quid
667 673 798 711 vero
830 656 1031 709 vanius
1063 669 1238 723 quam
1289 652 1607 723 plurimam
1664 669 1862 707 curam
1905 652 2075 722 capill

2239 652 2638 728 περιττότερον,
2682 657 2778 707 τοῦ
2821 655 2916 716 τάς
2967 656 3164 730 τρίχας
3208 667 3307 728 τῆς
3356 659 3600 738 κεφαλῆς
3648 661 3736 716 καὶ
3783 667 3875 716 τοῦ

487 746 695 816 capitis
723 761 790 801 ac
822 744 1014 799 barbae
1056 742 1392 812 impendere
1440 742 1818 806 adornandis,
1862 746 1920 796 et
1959 742 2082 812 juxt

2237 741 2502 814 πώγωνας
2563 742 2686 816 περὶ
2756 741 3018 798 πλείστου
3083 750 3358 803 ποιεῖσθαι
3415 755 3663 823 κοσμεῖν,
3719 748 3776 806 εῦ
3821 771 3875 805 τε

484 840 668 891 artem
701 833 1101 904 disponendis,
1139 832 1400 902 adeoque
1431 847 1624 886 escam
1658 847 1974 902 proponere
1999 848 2082 886 an:

2238 825 2544 900 διατιθέναι,
2575 832 2661 885 καὶ
2700 827 2891 907 δέλεαρ
2933 835 3169 890 καθεῖναι
3219 842 3334 900 ταῖς
3384 838 3692 902 εῦολίσθοις
3741 841 3874 914 πρὸς

485 925 688 979 mabus
738 923 811 978 ad
858 922 1364 992 intemperantiam
1416 921 1636 992 pronis,
1701 937 1831 977 cum
1890 919 2123 976 interim

479 1013 720 1082 insuper
776 1012 992 1067 habent
1039 1011 1336 1066 interioris
1413 1009 1666 1065 hominis
1727 1026 1825 1080 per
1881 1009 2121 1065 virtutes

478 1100 700 1155 cultum
722 1101 750 1154 ‘?
782 1100 928 1154 Dicit
949 1098 1105 1154 enim
1128 1098 1463 1168 Apostolus,
1495 1121 1522 1147 «
1549 1099 1609 1154 Si
1633 1098 1720 1153 vir
1735 1114 1962 1153 comam
1984 1098 2118 1165 alat,

475 1190 725 1244 dedecus
770 1190 884 1259 ipsi
931 1193 1034 1243 est.
1072 1210 1099 1237 ››
1155 1190 1224 1242 Et
1268 1187 1458 1243 Moses
1516 1187 1576 1242 in
1629 1187 2114 1244 Deuteronomic:

476 1301 497 1327 ι
527 1281 644 1332 Νοο
699 1279 916 1333 facietis
965 1278 1268 1332 cincinnos
1316 1276 1373 1330 in
1422 1278 1612 1347 capite
1660 1280 1886 1342 vestro;
1933 1292 2118 1346 neque

470 1370 855 1438 corrumpetis
890 1366 1133 1421 formam
1159 1366 1350 1420 barbae
1381 1371 1608 1420 vestrae.
1642 1386 1670 1415 »
1706 1365 1813 1420 Eos
1867 1365 1966 1436 qui
2007 1367 2117 1420 ista

467 1457 710 1510 fecerint
758 1461 1008 1527 primum
1063 1461 1302 1526 paterne
1351 1455 1637 1526 increpari
1693 1456 2113 1526 iubetzperse-

468 1553 735 1600 verantes
785 1552 1002 1610 tamen,
1051 1545 1564 1600 excommunicari.
1621 1544 1865 1599 Easdem
1911 1561 2112 1614 poenas

465 1635 774 1690 incurrunt
813 1634 985 1689 etiam
1028 1633 1085 1688 hi
1138 1635 1235 1704 qui
1285 1632 1473 1688 crines
1525 1632 1762 1703 plicant,
1814 1639 1878 1688 ut
1933 1633 2111 1704 crispi

465 1723 629 1784 ﬁant,
661 1729 762 1779 aut
790 1725 1043 1794 tingunt,
1075 1729 1179 1778 aut
1219 1739 1372 1794 aqua
1421 1722 1674 1794 primum
1707 1721 2014 1794 irrigantes
2046 1722 2109 1779 in

463 1813 587 1869 sole
617 1813 957 1879 arefaciunt,
993 1821 1056 1867 ut
1085 1812 1423 1868 ﬂavedinem
1464 1811 1788 1882 acquirant,
1840 1811 1924 1868 vel
1973 1817 2106 1868 stu-

2233 917 2532 974 ἀκολασίαν
2567 924 2792 996 ψυχαῖς,
2834 921 3064 1000 ἀφέντας
3111 924 3172 979 τὸ
3225 923 3313 980 διά
3342 927 3518 998 πάσης
3552 929 3746 1003 ἀρετῆς
3785 931 3872 986 τὸν

2233 1006 2382 1064 ἔνδον
2432 1015 2660 1082 κασμεῖν
2710 1008 3031 1084 ἄνθρωπον;
3075 1013 3220 1084 Φησὶ
3277 1017 3379 1092 γὰρ
3415 1018 3442 1071 ὁ
3495 1018 3871 1082 ’Δπόστολοςο

2234 1121 2261 1150 ‹‹
2307 1099 2469 1172 Ἀνήρ
2519 1097 2607 1154 ἐὰν
2656 1104 2825 1172 κομᾷ,
2873 1099 3062 1174 ἆτιμίκ
3113 1101 3258 1175 αὐτῷ
3305 1103 3452 1160 ἐστι’
3489 1129 3514 1160 ι
3565 1107 3714 1162 καὶὸ
3746 1109 3874 1165 Μω-

2230 1190 2327 1252 σῆς
2361 1186 2411 1242 ἐν
2455 1192 2534 1260 τῷ
2589 1189 3031 1262 Δευτερονομίῳο
3086 1214 3113 1242 ιν
3153 1191 3224 1246 Οὐ
3277 1197 3534 1265 ποιήσετε
3581 1197 3770 1268 σισόην
3815 1196 3866 1252 ἐν

2225 1282 2324 1345 τῆς
2370 1275 2551 1350 κύμης
2600 1283 2700 1346 τῆς
2750 1277 2995 1354 κεφαλῆς
3048 1279 3226 1352 ὑμῶν,
3289 1280 3412 1337 ούδέ
3470 1286 3713 1361 φθερεῖτε
3769 1288 3866 1356 τὴν

2227 1363 2348 1438 ὄψιν
2397 1370 2493 1419 τοῦ
2549 1367 2812 1442 πώγωνος
2875 1367 3106 1440 ὑμῶν.»
3167 1371 3300 1432 Τοὺς
3359 1371 3458 1427 οὐκ
3510 1373 3758 1429 τοιοῦτόν
3816 1397 3866 1430 τι

2223 1461 2512 1521 ποιοῦντας
2562 1462 2840 1530 πατρικῶς
2885 1460 3148 1534 πρότερον
3220 1461 3570 1536 ἐπιτιμᾶσθαι
3615 1465 3864 1521 κελεύει’

2221 1544 2570 1618 ἐπιμένοντας
2640 1543 2726 1614 δὲ,
2795 1546 3176 1625 ἀφορίζεσθαι.
3263 1551 3486 1616 Τούτοις
3551 1552 3863 1609 ὑπόκεινται

2217 1638 2333 1695 τοῖς
2374 1632 2679 1707 ἐπιτιμίοις
2729 1635 2818 1690 καὶ
2877 1637 2930 1690 οἱ
2987 1636 3081 1700 τὰς
3130 1637 3330 1717 τρίχας
3387 1639 3688 1704 κλώθοντες
3733 1641 3867 1699 ὥστε

2220 1718 2388 1785 οὔλας
2438 1721 2707 1797 γενέσθαι,
2759 1723 2793 1792 ἢ
2857 1724 3175 1798 βάπτοντες,
3232 1727 3266 1795 ἢ
3317 1724 3471 1782 ὕδατι
3531 1725 3866 1809 διαϐρόχους

2216 1815 2520 1881 ποιοῦντες,
2574 1812 2663 1866 καὶ
2703 1817 2781 1885 τῷ
2813 1812 2960 1885 ἡλίῳ
3001 1813 3266 1886 θέροντες,
3315 1814 3391 1870 ’ἶν’
3432 1817 3506 1879 εἷς
3544 1819 3734 1890 ξανθὰς
3775 1842 3867 1894 με-

462 1901 602 1956 dent
651 1905 713 1955 ut
760 1900 919 1955 aurei
966 1901 1235 1965 evadant,
1285 1899 1371 1953 vel
1438 1899 1620 1967 densi,
1674 1909 1771 1954 aut
1807 1899 2082 1956 cincinno:

2215 1895 2561 1969 ταϐάλλοιεν,
2598 1900 2632 1970 ἤ
2666 1901 3050 1975 χρυσιζούσας,
3084 1903 3118 1972 ἤ
3173 1901 3386 1966 δασείας
3436 1905 3862 1981 ἐπιμελούμενοι

460 1989 692 2059 spurios
723 1995 971 2060 gestant,
1006 1993 1106 2043 aut
1147 1992 1412 2043 mentum
1475 2005 1674 2044 rasum
1735 1988 1973 2060 habent,
2006 1994 2107 2044 aut

462 2078 773 2132 maximam
806 2079 932 2148 ejus
965 2085 1181 2147 partem
1210 2081 1362 2132 testa
1390 2076 1576 2148 ignita
1619 2081 1888 2143 exurunt,
1920 2081 2106 2133 semet

461 2167 764 2233 nitidulos,
798 2171 859 2224 ut
888 2167 998 2222 sibi
1032 2167 1312 2232 videntur,
1347 2167 1676 2232 reddentes,
1720 2167 1888 2236 quasi
1939 2167 2104 2222 lanu-

459 2272 531 2326 go
564 2256 706 2326 ipsis
730 2257 850 2324 jam
885 2256 1138 2326 primum
1171 2255 1503 2310 excreverit.
1549 2254 1664 2310 Hoc
1713 2255 1869 2310 enim
1931 2257 2101 2312 hodie

425 2398 440 2416 .,
462 2346 852 2416 potissimum,
903 2351 1182 2418 tanquam
1245 2345 1483 2400 morbus
1539 2344 1882 2414 epidemius,
1943 2347 2097 2415 apud

441 2421 819 2492 Christianos
851 2435 1159 2490 increbuit.

697 2621 848 2674 CAP.
873 2619 917 2672 X
948 2620 1021 2673 De
1049 2619 1424 2688 sepulcrorum
1461 2619 1842 2674 violatoribus.

519 2711 714 2765 Canon
759 2710 830 2761 66
880 2711 1073 2778 magni
1123 2709 1321 2762 Basilii
1368 2707 1700 2764 eilossorem
1750 2709 1928 2775 busti,
1989 2710 2090 2782 qui

443 2798 631 2869 ruptis
662 2797 944 2868 sepulcris
975 2797 1191 2868 expllat
1222 2813 1287 2851 ea
1321 2814 1446 2867 qua:
1497 2813 1627 2852 cum
1689 2802 1917 2853 mortuo
1949 2814 2089 2854 con-

443 2887 672 2956 sepulta
714 2887 890 2952 fuere,
946 2887 998 2939 in
1060 2887 1404 2940 decennium
1457 2902 1624 2941 sacra
1675 2886 2087 2942 communione

445 2977 649 3046 privat.

515 3064 761 3136 Magnus
789 3069 978 3120 autem
1022 3064 1330 3135 Gregorius
1363 3062 1652 3134 Nyssenus
1684 3063 1744 3119 in
1776 3080 1996 3120 canone
2027 3068 2080 3130 7,

437 3155 844 3224 Sepulcrorum
867 3153 1128 3218 violatio,
1169 3153 1381 3224 inquit,
1431 3153 1711 3208 dividitur
1758 3153 1815 3207 in
1865 3153 2080 3209 remis-

430 3243 661 3297 sibilem
694 3249 750 3298 et
780 3243 1264 3298 irremissibilem.
1303 3241 1360 3296 Si
1412 3241 1544 3312 quis
1591 3243 1747 3296 enim
1797 3243 2074 3314 religione

2213 1991 2479 2064 γενέσθαι,
2635 1992 2829 2052 νόθους
2879 1989 3203 2064 πλοκάμους
3253 1995 3676 2069 περιτιθέμενοι,
3723 1999 3759 2068 ἢ
3797 1999 3858 2052 τὸ

2214 2081 2414 2153 γένειον
2469 2081 2830 2152 ξηρῶντες.ἢ
2882 2082 3107 2154 κεράμῳ
3157 2084 3534 2158 πεπυρωμένῳ
3577 2085 3640 2140 τὸ
3689 2085 3858 2142 πλέον

2219 2167 2403 2224 τούτου
2458 2170 2906 2245 ἀποτεφροῦντες,
2949 2171 2983 2239 ἢ
3028 2175 3142 2231 τοῖς
3187 2168 3404 2227 ὀδοῦσιν
3453 2172 3664 2251 εὐφυῶς
3715 2174 3857 2230 ἔστιν

2211 2255 2689 2332 ἃπεριαιρὸῦντες,
2739 2259 2826 2313 καὶ
2876 2260 3011 2332 πρὸς
3049 2261 3110 2313 τὸ
3152 2257 3342 2315 δοκοῦν
3398 2259 3682 2337 εὔσχημον
3718 2267 3853 2320 ἀπο-

2208 2349 2569 2417 καθιστάντες,
2604 2350 2677 2412 ὡς
2709 2346 2883 2403 δοκεῖν
2912 2348 3035 2423 ἄρτι
3066 2350 3216 2423 φύειν
3253 2351 3438 2412 αὐτοῖς
3488 2355 3580 2408 τὸν
3608 2353 3806 2409 ⁹ίουλον
3836 2373 3850 2385 ’

2203 2441 2364 2492 τοῦτο
2415 2441 2516 2512 γὰρ
2565 2441 2654 2490 νῦν
2703 2437 2790 2491 καὶ
2842 2437 3082 2508 μάλιστα
3128 2436 3311 2510 ὥσπερ
3352 2461 3402 2494 τι
3455 2442 3674 2514 νόσημα
3728 2443 3854 2497 ἐπι-

2205 2523 2403 2598 δήμιον
2431 2533 2546 2588 τοῖς
2579 2526 2992 2601 Χριστωνύμοις
3026 2525 3339 2601 ἐνέσκηψεν.

2481 2620 2740 2670 ΚΕΦΑΛ.
2784 2617 2839 2672 l'.
2886 2614 3031 2688 Περῖ
3069 2612 3565 2692 τυμϐωρύχων.

2270 2706 2326 2757 '0
2357 2707 2424 2776 ξς¹
2471 2709 2566 2759 τοῦ
2629 2704 2866 2776 μεγάλου
2919 2702 3204 2758 Βασιλείου
3250 2707 3426 2761 κανὼν
3475 2708 3565 2762 τὸν
3624 2705 3846 2781 τυμϐω-

2199 2795 2388 2869 ρύχον,
2429 2796 2488 2855 ὃς
2528 2793 2653 2855 τοὺς
2701 2795 2904 2872 τάφους
2951 2793 3248 2870 ἀνοίγνυσι,
3300 2797 3388 2851 καὶ
3435 2795 3571 2867 συλᾷ
3613 2799 3680 2853 τὰ
3727 2805 3843 2860 τοῖς

2194 2889 2402 2957 νεκροῖς
2448 2884 2874 2956 συνθαπτόμενα,
2931 2884 3006 2946 εἷς
3057 2881 3182 2939 δέκα
3231 2880 3322 2956 ἔτη
3374 2893 3473 2956 τῆς
3529 2889 3673 2962 ἱερᾶς
3727 2911 3842 2944 κοι-

2191 2973 2388 3035 νωνίας
2420 2972 2800 3028 ἀποκλείεσθαι
2832 2973 3064 3030 κελεύει.

2261 3064 2321 3119 Ὁ
2369 3061 2424 3116 δὲ
2475 3062 2639 3137 μέγας
2701 3063 3005 3137 Γρηγόριος
3053 3061 3270 3133 Νύσσης
3320 3063 3370 3118 ἐν
3419 3068 3497 3136 τῷ
3539 3068 3582 3134 ζ’
3621 3067 3835 3138 κανόνι,

2189 3156 2251 3206 Ἡ
2289 3147 2676 3226 τυμϐωρυχία,
2733 3153 2888 3228 φησὶ,
2940 3148 3198 3224 διῄρηται
3244 3153 3318 3215 εἰς
3366 3153 3428 3208 τὸ
3482 3159 3831 3229 συγγνωστόν

2185 3261 2241 3294 τε
2271 3243 2357 3295 καὶ
2389 3241 2796 3316 ἀσύγγνωστον.
2855 3241 2916 3296 Εἰ
2969 3241 3063 3312 μὲν
3096 3240 3200 3314 γάρ
3243 3262 3326 3302 τις
3371 3240 3693 3316 φειδόμενος
3730 3252 3829 3315 τῆς

433 3337 646 3401 tactus,
686 3333 1028 3388 inviolatum
1072 3331 1312 3403 reliquit
1369 3305 1581 3401 corpus
1631 3305 1947 3399 conditum,
2002 3349 2073 3388 ne

2201 3329 2355 3396 ictuc,
2404 3331 2493 3384 καὶ
2539 3327 2739 3384 ἄσυλον
2791 3328 2944 3399 ἀφεῖς
2984 3329 3045 3383 τὸ
3095 3329 3464 3402 κεκρυμμένον
3510 3336 3687 3403 σῶμα,
3753 3336 3828 3397 ὡς

432 3423 576 3477 forte
608 3421 715 3478 soli
747 3429 1129 3493 exponeretur
1173 3429 1387 3475 natura:
1437 3420 1798 3489 deformitas,
1861 3421 2073 3490 lapidi-

431 3512 538 3567 bus
573 3516 768 3567 tamen
809 3511 1181 3584 quibusdam,
1217 3511 1316 3581 qui
1375 3509 1526 3565 circa
1582 3509 1821 3564 bustum
1880 3516 2067 3578 erant,

432 3606 626 3656 utatur
665 3602 734 3656 ad
785 3600 1090 3655 aedilicium
1157 3599 1414 3670 aliquod,
1456 3599 1564 3652 hoc
1612 3598 1846 3668 quidem
1895 3600 2070 3654 haud-

420 3707 718 3761 quaquam
751 3689 1045 3745 laudabile
1075 3695 1182 3757 est,
1211 3690 1310 3744 sed
1363 3698 1549 3742 tamen
1600 3689 1765 3742 venia
1824 3688 2063 3759 dignum

421 3795 566 3834 usus
600 3779 750 3839 fecit,
783 3779 1017 3849 quando
1048 3778 1302 3832 materiei
1355 3775 1660 3832 translatio
1691 3777 1962 3832 conducit
1991 3779 2063 3832 ad

423 3868 639 3937 aliquid
677 3868 992 3935 pulchrius,
1035 3873 1094 3922 et
1143 3867 1386 3922 utilius:
1421 3866 1580 3936 atqui
1641 3864 1952 3921 sollicitare
1982 3867 2065 3921 ci-

422 3971 588 4010 neres
645 3955 957 4010 inhumata:
1015 3955 1228 4020 carnis,
1284 3957 1339 4007 et
1371 3967 1734 4007 commovere
1773 3967 1922 4020 ossa,
1963 3969 2064 4022 spe

417 4049 824 4100 ornamentum
865 4045 1098 4115 aliquod
1134 4044 1192 4097 in
1218 4043 1508 4097 tumulum
1546 4041 1872 4108 conjectum
1915 4058 2062 4095 nan-

421 4134 695 4201 ciscendi,
747 4137 871 4205 pari
930 4132 1214 4204 supplicio
1266 4131 1534 4203 plectitur
1589 4135 1760 4199 atque
1817 4129 2062 4200 simplex

419 4224 744 4290 fornicatio,
779 4223 994 4277 scilicet
1018 4223 1074 4276 in
1110 4238 1291 4276 annos
1324 4235 1548 4275 novem.
1592 4217 1692 4273 Sin
1750 4234 1880 4274 vero
1937 4234 2062 4274 cor-

419 4314 693 4384 rigendus
725 4315 1080 4369 demonstret
1099 4311 1532 4367 conversionem
1572 4307 1944 4376 laudabilem,
1973 4309 2056 4364 fas

416 4409 505 4459 est
536 4405 688 4459 248
719 4405 1095 4460 correctionis
1145 4401 1494 4457 moderatori
1545 4399 1886 4456 contrahere
1917 4405 2058 4455 tem-

416 4510 526 4564 pus
556 4509 625 4549 ex
654 4494 974 4548 canonibus
1010 4491 1295 4564 punitioni
1318 4490 1448 4560 ejus
1479 4489 1892 4560 prmstitutum.

1142 4672 1316 4743 Leges.

485 4764 666 4828 Quia
712 4763 998 4833 sepulcris
1059 4764 1361 4818 materiam
1429 4761 1694 4833 quamvis
1762 4763 2052 4841 auferunt,

415 4854 658 4910 crimine
689 4852 975 4922 sacrilegii
1000 4857 1322 4906 teneantur.

483 4944 538 4996 Si
591 4943 722 5014 quis
781 4960 812 4996 a
860 4943 1126 5010 sepulcro
1183 4940 1484 4995 abstulerit
1531 4940 1751 5011 lapides
1817 4945 1914 4995 aut
1958 4959 2048 4997 co-

407 5033 639 5089 lumnas
671 5042 770 5088 aut
803 5049 1109 5098 marmora,
1142 5030 1229 5086 vel
1279 5031 1454 5086 aliam
1492 5033 1790 5086 materiem
1845 5047 2048 5101 quam-

403 5137 653 5192 cunque,
686 5121 893 5192 viginti
924 5121 1103 5176 libras
1135 5121 1257 5176 auri
1294 5120 1432 5175 fisco
1463 5122 1663 5174 solvat.

469 5212 575 5274 Qui
609 5209 877 5280 sepulcra
904 5210 1201 5278 ell'odiunt,
1233 5215 1290 5264 et
1347 5209 1645 5264 denudent
1686 5210 2046 5263 mortuorum

401 5315 663 5368 corpora,
699 5299 745 5352 si
776 5299 1010 5370 quidem
1036 5315 1163 5353 cum
1195 5297 1376 5352 armis
1434 5297 1804 5367 patraverint,
1857 5296 2046 5366 capite

401 5387 762 5459 plectuntur:
799 5387 890 5440 sin
916 5387 1134 5456 absque
1163 5386 1365 5452 armis,
1401 5386 1470 5439 ad
1505 5384 1760 5440 metalla.

471 5476 577 5542 Qui
612 5477 669 5530 in
703 5475 982 5546 sepulcris
1042 5480 1304 5530 mortuos
1356 5474 1715 5530 indumentis
1765 5471 2041 5544 spoliant,

399 5565 682 5620 abscissis
713 5565 986 5620 manibus
1018 5565 1200 5621 luant.

464 5653 571 5717 Qui
604 5653 875 5724 reliquias
932 5652 1019 5708 vel
1070 5670 1202 5709 ossa
1249 5653 1629 5719 transierunt,
1677 5649 1884 5723 plebeii
1915 5651 2042 5722 qui-

2084 4672 2131 4737 D

2185 3421 2260 3490 μή
2293 3417 2676 3492 ἀναδειχθῆναι
2709 3422 2790 3489 τῷ
2821 3416 2970 3488 ἡλίῳ
3001 3419 3098 3486 τήν
3142 3418 3534 3492 ἀσχημοσύνην
3579 3427 3679 3490 τῆς
3715 3425 3825 3496 φύ-

2181 3529 2335 3576 σεως,
2371 3507 2511 3570 λίθις
2551 3511 2658 3563 τισί
2699 3512 2804 3561 τῶν
2856 3511 2936 3578 τῷ
2975 3506 3132 3580 τάφῳ
3170 3502 3634 3581 προϐεϐλημένων
3690 3532 3827 3586 συγ-

2179 3601 2444 3672 χρήσεται
2477 3597 2552 3659 εἷς
2594 3596 2756 3672 ἔργου
2795 3596 2941 3657 τινὸς
2985 3598 3341 3665 κατασκευὴν,
3382 3596 3652 3654 ἐπαινετὸν
3694 3599 3822 3655 οὐδέ

2173 3689 2332 3742 τοῦτό
2401 3687 2534 3754 ἐστι,
2602 3684 2749 3754 πλὴν
2819 3685 2965 3741 ἄλλα
3043 3687 3390 3761 συγγνωστὸν
3458 3686 3710 3758 ἐποίησεν
3781 3692 3815 3759 ἡ

2175 3779 2446 3846 συνήθεια,
2497 3776 2622 3830 ὅταν
2667 3775 2745 3829 εἷτ
2790 3773 3184 3848 προτιμότερόν
3255 3794 3306 3828 τι
3351 3775 3440 3829 καὶ
3489 3777 3818 3854 κοινωφελέ-

2173 3886 2358 3940 στερον
2393 3867 2426 3934 ἡ
2456 3871 2555 3933 τῆς
2602 3863 2740 3934 ὕλης
2789 3865 3071 3936 μετάθεσις
3120 3864 3378 3937 γένηται·
3421 3867 3482 3918 τὸ
3513 3862 3568 3919 δὲ
3598 3865 3814 3939 ἀνερευ-

2169 3955 2354 4007 νᾶσθαι
2411 3955 2510 4022 τὴν
2569 3952 2717 4006 κόνιν
2777 3953 2882 4005 ἀπὸ
2937 3957 3036 4020 τῆς
3090 3951 3383 4027 γεωθείσης
3443 3955 3659 4028 σαρκὸς,
3720 3957 3811 4011 καὶ

2169 4042 2434 4096 ἀνακιθεῖν
2466 4044 2533 4096 τα
2571 4041 2702 4096 όστᾶ
2744 4037 2927 4096 ἐλπίδι
2966 4043 3062 4094 τοῦ
3101 4041 3305 4114 κόσμον
3345 4044 3466 4096 τινὰ
3512 4047 3620 4098 τῶν
3672 4065 3812 4121 συγ-

2168 4134 2605 4206 κατορυχθέντων
2673 4127 2948 4204 κερδᾶναι,
2995 4133 3156 4184 τοῦτο
3227 4130 3306 4200 τῷ
3373 4130 3521 4202 αὖτῷ
3576 4134 3807 4207 κρίματι

2165 4217 2545 4289 κατεδικάσθη,
2577 4221 2622 4291 ᾧ
2651 4218 2738 4273 καὶ
2773 4221 2808 4287 ἡ
2837 4216 2976 4291 ψιλή
3009 4217 3248 4291 πορνεία,
3303 4218 3377 4282 εἰς
3407 4219 3554 4274 ἐννέα
3586 4218 3806 4293 δηλαδὴ

2165 4310 2445 4383 χρόνους·
2499 4309 2542 4362 εἰ
2597 4306 2652 4362 δὲ
2701 4306 2993 4362 σπουδαίαν
3046 4309 3073 4360 ὁ
3124 4307 3552 4381 θεραπευόμενος
3600 4309 3807 4367 ἐπιδεί-

2165 4401 2313 4468 ξαισο
2364 4400 2462 4467 τὴν
2512 4397 2866 4474 ἐπιστροφὴν,
2924 4393 3093 4465 ἔξεστι
3140 4400 3219 4465 τῷ
3269 4395 3653 4470 οἰκονομοῦντι
3701 4402 3806 4469 τὴν

2163 4485 2326 4542 αὐτοῦ
2388 4487 2695 4561 θεραπείαν,
2770 4491 3048 4558 συντεμεῖν
3105 4487 3206 4552 τήν
3282 4486 3340 4540 ἐκ
3395 4491 3501 4541 τῶν
3560 4487 3804 4543 κανόνων

2163 4578 2461 4652 ὁρισθεῖσαν
2493 4579 2558 4650 τῇ
2586 4573 2835 4646 ἐπιτιμία
2873 4574 3229 4648 προθεσμίαν.

2864 4665 3114 4733 Νόμοι.

2235 4755 2297 4809 Οἱ
2345 4755 2449 4808 ἀπὸ
2493 4757 2600 4808 τῶν
2647 4752 2829 4828 τάφων
2878 4749 3012 4814 ὕλας
3065 4750 3417 4828 ἀφαιροῦντες
3467 4752 3801 4808 ὑποκείσθω-

2163 4865 2254 4898 σαν
2282 4849 2360 4916 τῷ
2389 4851 2489 4913 τῆς
2518 4841 2826 4914 ἱεροσυλίας
2861 4839 3191 4915 ἐγκλήματι.

2228 4935 2347 4988 Ἐάν
2396 4953 2478 4993 τις
2522 4932 2626 4987 ἀπὸ
2672 4933 2844 5007 τάφου
2891 4927 3158 5002 ἀφέληται
3207 4927 3422 5000 λίθους,
3454 4931 3487 5000 ἢ
3520 4930 3723 5001 κίονας,
3758 4935 3794 5002 ἢ

2155 5023 2436 5095 μάρμαρα,
2555 5020 2734 5090 ἄλλην
2785 5015 3116 5087 οἱανδήποτε
3169 5018 3332 5088 ὕλην,
3378 5017 3552 5073 ἐίκοσι
3604 5020 3794 5094 λίτρας

2153 5110 2382 5186 χρυσίου
2411 5115 2490 5183 τῷ
2521 5107 2772 5182 δημοσίῳ
2806 5101 3220 5161 καταϐαλλέτω.

2222 5201 2284 5256 Οἱ
2342 5196 2856 5273 τυμϐωρυχοῦντες,
2923 5195 3012 5248 καὶ
3069 5199 3396 5268 γυμνοῦντες
3446 5197 3511 5250 τὰ
3552 5201 3658 5251 τῶν
3703 5218 3794 5252 τε-

2150 5290 2392 5343 θνεώτων
2451 5289 2696 5359 σώματα,
2757 5284 2801 5339 εἷ
2855 5284 2950 5357 μὲν
3012 5283 3130 5356 μεθ’
3203 5281 3414 5352 ὅπλων,
3473 5286 3787 5361 κεφαλικῶς

2150 5381 2520 5451 τιμωροῦνται
2550 5395 2561 5408 ·
2596 5376 2641 5429 εἰ
2674 5373 2730 5429 δὲ
2761 5373 2934 5448 χωρὶς
2968 5369 3174 5442 ὅπλων,
3221 5372 3387 5450 μέχρι
3425 5372 3722 5446 μετάλλου.

2220 5469 2286 5522 0i
2316 5467 2442 5527 τοὺς
2471 5465 2692 5539 νεκροὺς
2726 5461 2776 5518 ἐν
2809 5467 2926 5522 τοῖς
2975 5461 3166 5538 τάφοις
3220 5459 3494 5524 ἐκδύοντες
3539 5482 3792 5540 χειροκο-

2149 5555 2438 5611 πείτωσαν.

2221 5646 2281 5700 Οἱ
2329 5640 2561 5718 λείψαδα
2605 5643 2639 5712 ἧ
2692 5639 2822 5698 ὀστᾶ
2875 5642 3344 5715 μετακινήσαντες,
3405 5637 3640 5702 εὐτελεῖς
3689 5641 3782 5714 μὲν
