4098 6332
251 384 363 446 169

1284 386 1707 449 SYNTAGMA
1751 385 2384 448 ALPHABETICUM.
2429 422 2505 431 —
2551 387 2621 448 T.

3533 392 3650 453 ΠΟ

248 517 415 587 ὄντες,
463 518 649 593 ἄκρως
695 522 1109 592 τιμωροῦνται’
1159 513 1371 593 ἔντιμοι
1421 519 1500 593 δὲ,
1549 522 1890 596 περιορίζον-

2030 523 2136 580 lem
2155 527 2478 580 extremum
2502 523 2856 596 supplicium
2880 525 3053 597 dent;
3078 526 3316 597 ingenui
3337 542 3466 583 vero
3489 543 3652 585 exsu-

243 628 357 675 ται,
385 610 423 678 ἢ
454 607 532 669 εἷς
563 606 820 681 μέταλλα
849 607 1176 680 πέμπονται.

321 698 396 753 Οῦ
443 695 524 752 δεῖ
570 700 641 753 τὰ
687 697 928 771 λείψανα
972 702 1082 753 τῶν
1130 698 1510 755 τελευτώντων
1543 698 1896 775 ψηλαφᾶσθαι

242 786 280 855 ἢ
337 785 684 844 σκυλεύεσθαι
713 805 726 818 ·
768 789 839 842 τὰ
886 784 945 842 δὲ
980 788 1323 863 προσκαίρους
1371 789 1694 845 αποτεθέντα
1735 809 1897 863 μετα-

242 877 428 953 φέρειν
456 875 645 947 ἔξεστι.

325 962 537 1036 Μηδεὶς
582 971 746 1040 σῶμα
794 966 1133 1041 ἀνθρώπινον
1174 966 1347 1043 χωρίς
1393 966 1693 1031 κελεύσεως
1738 969 1901 1045 βασι-

246 1053 420 1123 λικῆς
453 1055 529 1117 εἷς
554 1052 740 1129 ἓτερον
771 1057 942 1110 τόπον
973 1058 1337 1133 μεταφερέτω.

332 1215 587 1266 ΚΕΦΑΛ.
640 1211 746 1266 1Δ’.
797 1213 1261 1300 Ὀτιῖτυπτειν
1307 1209 1666 1285 κληρικοῖς
1714 1210 1830 1266 οὐκ

952 1301 1210 1359 εφεται.

327 1417 392 1471 Ὃ
419 1418 505 1484 κζ’
551 1418 660 1469 τῶν
709 1415 883 1487 ἁγίων
928 1414 1248 1470 ἀποστόλων
1298 1417 1496 1488 κανὼν,
1549 1417 1899 1487 Ἐπίσκοπον,

244 1504 448 1582 φησὶν,
479 1505 515 1573 ἢ
559 1498 922 1578 πρεσϐύτερον
968 1502 1005 1571 ἢ
1056 1501 1330 1575 διάκονον,
1355 1506 1625 1563 τύπτοντα
1670 1508 1902 1569 πιστοὺς

244 1593 684 1667 ἁμαρτάνοντας,
734 1590 770 1659 ἢ
828 1590 1094 1655 ἀπίστους
1147 1591 1525 1665 ἀδικήσαντας,
1584 1597 1674 1652 καὶ
1730 1595 1901 1670 ταύτῃ

247 1678 448 1755 φοϐεῖν
504 1680 739 1743 ἐκείνους
807 1679 1063 1736 ἐθέλοντα
1132 1685 1502 1759 καθαιρεῖσθαι
1558 1686 1904 1761 προστάττο-

250 1791 388 1844 μεν·
453 1768 701 1842 οὐδαμοῦ
747 1768 850 1843 γὰρ
908 1769 937 1823 ὁ
998 1772 1193 1844 Κύριος
1248 1778 1419 1829 τοῦτο
1468 1776 1616 1847 ἡμᾶς
1676 1773 1902 1847 ἐδίδαξε.

2006 612 2151 679 lant,
2183 613 2269 669 vel
2300 614 2625 669 mittuntur
2646 614 2718 669 ad
2753 614 3008 670 metalla.

2078 703 2490 759 Defunctorum
2524 702 2799 776 reliquias
2827 703 2961 760 exui
2993 704 3308 777 spotiarive
3341 723 3456 764 non
3496 706 3651 770 licet,

2005 805 2134 861 quas
2191 795 2383 848 autem
2431 807 2536 864 pro
2590 796 2851 860 tempore
2901 793 3179 865 deposita
3228 794 3408 863 fuere,
3450 795 3651 868 reponi

2006 879 2321 936 debebunt.

2078 966 2258 1024 Nemo
2280 971 2501 1041 absque
2528 969 2894 1041 imperatoris
2917 971 3093 1042 jussu
3133 986 3346 1046 corpus
3388 970 3655 1030 hominis

2009 1056 2223 1112 mortui
2244 1059 2302 1112 in
2322 1057 2581 1115 alienum
2611 1059 2802 1117 locum
2822 1060 3156 1118 transferat.

2008 1210 2159 1265 CAP.
2193 1209 2285 1268 XI.
2336 1211 2494 1280 Quod
2554 1211 2771 1267 clericis
2829 1212 3116 1269 verberare
3170 1212 3489 1285 quempiam
3544 1227 3657 1270 non

2650 1286 3008 1356 permittitur.

2081 1418 2278 1475 Canon
2306 1420 2377 1473 27
2424 1423 2762 1477 sanctorum
2811 1418 3231 1491 apostolorum.
3284 1419 3657 1492 Episcopum,

2012 1508 2116 1571 ait,
2149 1512 2252 1563 aut
2301 1507 2724 1579 presbyterum,
2755 1512 2859 1564 aut
2906 1507 3216 1564 diaconum
3257 1507 3357 1578 qui
3398 1508 3661 1565 sorbent

2012 1595 2213 1652 ﬁdeles
2249 1594 2672 1666 delinquentes,
2716 1600 2821 1651 aut
2874 1595 3142 1652 inﬁdeles
3202 1596 3351 1652 male
3387 1594 3529 1666 ipsis
3569 1596 3659 1653 fa—

2014 1687 2255 1752 cientes,
2297 1689 2478 1758 atque
2572 1685 2679 1742 hoc
2737 1686 2910 1742 modo
2966 1685 3126 1756 ipsos
3168 1684 3457 1743 deterrere
3509 1686 3658 1754 vult,

2015 1774 2226 1846 deponi
2257 1774 2626 1830 mandamus.
2649 1772 2868 1829 Nullibi
2894 1774 3055 1829 enim
3095 1773 3376 1830 Dominus
3405 1773 3514 1830 hoc
3551 1790 3659 1831 nos

250 1861 582 1915 Γοῦναντίον
638 1857 716 1927 δὲ,
770 1858 929 1918 αὐτὸς
1009 1861 1346 1935 τυπτόμενος
1423 1864 1522 1918 οὐκ
1592 1864 1901 1936 ἀντέτυπτε,

2030 1864 2258 1931 locuit;
2289 1879 2486 1919 verum
2509 1878 2539 1917 e
2570 1869 2773 1919 contra
2802 1862 2926 1934 ipse
2972 1863 3258 1934 vapulans
3306 1880 3421 1919 non
3471 1879 3660 1920 rever-

252 1947 689 2023 λοιδορούμενος
737 1947 838 2002 οὐκ
884 1947 1276 2024 ἀντελοιδόρει,
1326 1954 1559 2026 πάσχων
1603 1953 1700 2006 οὐκ
1745 1954 1905 2022 ἠπείο

254 2039 382 2092 λει·
415 2036 632 2092 ἐκέλευε
680 2037 738 2095 δὲ
801 2043 890 2097 καὶ
945 2042 1046 2107 τήν
1105 2041 1389 2112 ἀριστερὰν
1442 2040 1779 2118 ἐμπαρέχειν
1830 2046 1910 2112 τῷ

260 2129 338 2197 μή
393 2126 704 2205 φειδομένῳ
744 2138 844 2199 τῆς
896 2130 1093 2201 δεξιᾶς.
1141 2129 1424 2207 Ἐλέγχειν
1471 2131 1574 2203 γὰρ
1616 2131 1742 2191 τοὺς
1791 2128 1911 2184 ἀδι-

255 2221 487 2277 κοῦντας
544 2215 733 2283 ἄλλως
777 2217 968 2289 ἔξεστι,
1027 2222 1113 2274 καὶ
1175 2225 1291 2281 τοῖς
1348 2217 1731 2292 ἀδικουμένοις
1784 2218 1905 2273 ἐπι-

260 2312 480 2381 κουρεῖν
531 2308 706 2378 ὁπόση
754 2307 1011 2379 δύναμις·
1044 2310 1183 2363 καθᾶ
1230 2306 1297 2376 δὴ
1354 2310 1444 2362 καὶ
1496 2307 1708 2363 Παῦλον
1759 2308 1911 2380 ἴσμεν

260 2394 351 2449 τόν
412 2397 605 2470 μέγαν.
659 2401 909 2472 Τιμοθέῳ
958 2398 1366 2471 ἐντελλόμενον,
1394 2397 1520 2460 τοὺς
1572 2397 1912 2472 ἁμαρτάνον-

266 2505 354 2547 τας
412 2486 508 2541 ὑπ’
539 2485 665 2561 ὄψιν
724 2489 943 2545 πάντων
980 2487 1254 2565 ἐλέγχειν,
1278 2484 1372 2541 ’ίνα
1415 2487 1504 2542 καὶ
1543 2492 1660 2548 τοῖς
1688 2485 1909 2548 λοιποῖς

270 2569 429 2649 φόϐος
490 2575 796 2651 ἐγγένηται,
831 2576 1132 2652 Κληρικοῖς
1191 2576 1247 2631 δὲ
1301 2575 1362 2631 οὐ
1420 2577 1642 2649 υεμιτὸν
1688 2575 1912 2638 ἑαυτοὺς

267 2662 535 2720 ἐκδικεῖν·
595 2666 945 2745 σωφρονίζειν
1025 2666 1204 2740 μέντοι
1268 2665 1503 2740 μετρίως
1556 2664 1683 2728 τοὺς
1741 2662 1911 2726 ἰδίους

266 2754 445 2809 αὐτῶν
510 2756 753 2826 μαθητὰς
813 2755 1238 2830 ἁμαρτάνοντας,
1291 2755 1382 2810 καὶ
1444 2756 1579 2827 μετὰ
1642 2774 1915 2830 παραγγε-

265 2842 389 2898 λίαν
452 2844 531 2916 μή
591 2843 1011 2923 ἐπιστρέφοντας
1061 2844 1519 2919 συγκεχώρηταιο
1587 2844 1670 2899 ὅτι
1735 2844 1827 2898 καὶ
1884 2844 1914 2899 ὁ

265 2931 465 3003 Κύριος
496 2931 624 2992 τοὺς
673 2931 725 2986 ἐν
776 2936 856 3004 τῷ
906 2933 1040 3005 ἱερῷ
1087 2929 1577 3003 ἒμποριυομένους,
1611 2931 1685 2992 ὡς
1726 2930 1802 2992 είς
1850 2930 1913 2985 τὸ

264 3024 421 3075 Θεῖον
449 3018 990 3093 ἁμαρτάνοντας,τῷ
1048 3017 1365 3096 φραγγελίῳ
1418 3019 1634 3074 τύπτων
1694 3017 1916 3089 ἀπήλα-

264 3129 373 3164 σεν.
406 3108 473 3162 Εἰ
497 3106 554 3163 δὲ
576 3128 659 3168 τις
689 3108 780 3162 καὶ
812 3105 1140 3169 διδάσκαλος
1191 3106 1291 3175 ὧν,
1323 3109 1481 3180 θυμῷ
1523 3106 1685 3180 εἷ’ξας,
1717 3128 1915 3188 φονευ-

260 3198 446 3273 τηρίῳ
474 3197 688 3270 τύψειεν
718 3197 955 3273 ὀργάνῳ,
988 3196 1086 3252 οὐκ
1111 3196 1463 3271 ἀτιμώρητος
1496 3194 1665 3255 ἔσται.

337 3381 403 3434 Ὁ
432 3373 493 3431 δὲ
524 3377 569 3429 θ’
597 3381 698 3444 τῆς
743 3373 1052 3453 λεγομένης
1098 3376 1323 3450 πρώτης
1372 3375 1462 3429 καὶ
1512 3372 1761 3449 δεύτὲρας
1800 3395 1918 3429 συν-

266 3462 421 3531 ὁδου,
442 3465 538 3519 τὸν
570 3463 937 3519 ἀποστολικὸν
984 3468 1173 3519 τοῦτον
1214 3464 1409 3518 κανόνα
1452 3461 1661 3531 διξιὼν,
1695 3464 1919 3536 ἐπιτιμᾷ

264 3560 385 3616 τοῖς
437 3554 605 3609 αὐτὸν
674 3554 1039 3629 πειρωμένοις
1094 3564 1548 3627 παραχαράττειν,
1594 3552 1681 3607 καὶ
1740 3552 1923 3626 οίομέ-

266 3665 384 3705 νοις
438 3643 571 3705 τοὺς
628 3642 950 3718 αὐτοχειρίᾳ
1012 3641 1312 3703 τύπτοντας
1372 3643 1571 3714 μόνους
1627 3641 1917 3712 αἰτιᾶσθαι,

271 3734 332 3788 οὗ
367 3734 477 3806 μὴν
508 3732 755 3794 καὶτοὺς
795 3732 845 3800 ἐξ
878 3730 1266 3804 ἐπιτάγμοτος.
1302 3731 1540 3786 Μάταιον
1586 3732 1689 3804 γὰρ
1735 3735 1919 3801 τοῦτο,

271 3825 429 3898 φησὶ,
469 3823 564 3876 καὶ
619 3828 718 3890 τῆς
779 3818 1018 3881 διανοίας
1098 3824 1197 3874 τοῦ
1264 3819 1629 3873 ἂποστολικοῦ
1698 3819 1918 3882 κανόνος

272 3911 596 3986 ἀλλότριον,
627 3911 720 3965 τὸν
755 3911 849 3983 μὶν
881 3909 1001 3981 τρὶς
1033 3908 1068 3976 ἧ
1101 3908 1353 3979 τετράκις
1404 3907 1680 3978 πλήξαντα
1725 3911 1919 3963 καθαι-
1951 3959 1959 3969 ,

271 4004 506 4074 ρεισθαι,
535 4001 628 4053 τὸν
688 3997 745 4052 δὲ
798 3996 850 4069 ἐξ
899 3996 1271 4073 ἐπιτάγματος
1312 3997 1389 4059 εἰς
1420 3996 1646 4051 θάνπτον
1676 3998 1922 4066 στίζοντα

270 4091 401 4144 εἶναι
460 4089 677 4143 ἀθῶον·
712 4089 824 4163 χρὴ
874 4085 976 4160 γὰρ
1034 4086 1126 4140 τὸν
1185 4089 1282 4140 τοῦ
1340 4089 1474 4140 Θεοῦ
1522 4086 1667 4160 ἱερέα
1713 4084 1920 4160 διδαχῇ

269 4180 354 4233 καὶ
403 4177 680 4246 νουθεσίᾳ,
704 4173 811 4229 ἔσθ’
842 4175 934 4230 ὅτε
991 4172 1047 4230 δὲ
1092 4176 1181 4229 καὶ
1232 4172 1709 4243 ἐκκλησιαστικαῖς
1741 4173 1922 4229 ἐπιτι-

271 4269 414 4337 μίοις
443 4267 540 4320 τὸν
572 4266 909 4319 ἀτακτοῦντα
955 4261 1355 4339 ποιδαγωγεῖν,
1388 4261 1536 4317 ἀλλὰ
1566 4264 1661 4334 ’μή
1708 4263 1919 4335 μάστιξι

268 4359 350 4411 καὶ
411 4354 666 4430 πληγαῖς
723 4355 797 4416 εἷς
852 4354 918 4408 τὰ
973 4358 1082 4408 τῶν
1145 4355 1442 4425 ἀνθρώπων
1473 4350 1743 4423 ἐπιπηδᾷν
1790 4352 1921 4409 ἆσέ-

272 4466 436 4518 μνως,
468 4445 562 4500 καὶ
614 4438 907 4517 ἐνυϐρίζειν
954 4445 1200 4515 σώματα.
1246 4440 1314 4497 Ei‘
1353 4439 1411 4496 δέ.
1454 4461 1595 4502 τινες
1643 4442 1745 4496 εἶεν
1783 4463 1919 4496 παν-

268 4537 495 4590 τάπασιν
554 4532 973 4607 ἐισωφρόνιστοι,
1030 4531 1259 4593 τούτους
1316 4527 1404 4584 διὰ
1486 4533 1584 4584 τοῦ
1641 4529 1915 4605 ἐγχωρίου

270 4623 535 4702 ἄρχοντος
567 4619 750 4681 οὐδεὶς
782 4621 812 4674 ὁ
844 4618 1075 4674 κωλύων
1108 4618 1485 4692 σωφρονίζειν,
1516 4619 1591 4683 ὡς
1629 4620 1718 4674 καὶ
1749 4621 1777 4675 ὁ
1815 4627 1916 4690 τῆς

272 4713 320 4767 ἐν
348 4710 670 4787 Ἀντιοχείᾳ
713 4717 750 4765 ε’
802 4709 978 4766 κανὼν
1038 4709 1356 4786 διορίζεται,
1403 4710 1462 4765 ’ὸν
1517 4712 1605 4766 καὶ
1667 4714 1816 4783 ζήτει
1864 4713 1915 4766 ἐν

274 4808 349 4877 τῷ
378 4806 453 4879 ιβ’
484 4825 611 4880 κεφ.
646 4806 746 4858 τοῦ
779 4807 819 4855 Σ
852 4801 1150 4875 στοιχείου.

332 4988 385 5039 Ὁ
431 4980 490 5038 δὲ
538 4982 590 5057 γ’
638 4982 740 5049 τῆς
791 4976 1046 5040 συνόδου,
1076 4981 1142 5048 ἧς
1180 4977 1408 5057 ἐξῆρχεν
1454 4980 1483 5033 ὁ
1533 4980 1772 5050 Φώτιος,
1813 4979 1916 5035 ὑπὸ

268 5073 505 5147 ἀνάθεμα
534 5072 724 5141 τίθησι
770 5071 864 5124 τὸν
918 5069 1063 5131 ὅλως
1109 5068 1272 5143 τύψαι
1312 5069 1347 5138 ἢ
1380 5068 1597 5146 φυλακῇ
1646 5070 1918 5142 καθεῖρξαι

265 5162 622 5236 τολμήσαντα
668 5164 781 5216 τῶν
840 5157 1149 5213 ἐπισκόπων
1179 5160 1322 5229 τινὰ,
1355 5156 1462 5213 εἴτε
1511 5158 1687 5236 χωρὶς
1718 5157 1916 5228 αἰτίας,

268 5251 365 5308 εἴτε
410 5254 502 5308 καὶ
550 5251 735 5306 αἰτίαν
780 5247 1155 5322 πλασάμονον.
1192 5248 1249 5303 Εἰ
1294 5245 1352 5303 δὲ
1399 5247 1537 5302 πάνυ
1569 5246 1657 5314 ε’ίη
1692 5248 1920 5323 εὐπρόσ-

267 5363 409 5404 ωπος
459 5344 496 5411 ἡ
557 5340 736 5410 αἶ’τία,
763 5335 890 5393 οὐδὲ
951 5338 979 5391 ὁ
1034 5338 1133 5405 τήν
1181 5336 1440 5411 μεγίστην
1492 5337 1672 5411 ἀρχὴν
1716 5334 1916 5391 διέπων

268 5429 489 5486 ἐκδικεῖν
542 5432 751 5499 ταύτην
805 5424 1048 5494 δύναται,
1080 5423 1228 5480 ἀλλὰ
1257 5423 1339 5481 δεῖ
1390 5428 1459 5499 τῇ
1493 5421 1703 5497 συνόδῳ
1732 5425 1919 5480 ἀνατι-

268 5519 426 5594 Θὲναι,
527 5520 668 5594 μόνῃ
720 5515 928 5593 κρίνειν
969 5514 1175 5591 ἐφεῖται
1222 5516 1309 5569 καὶ
1357 5514 1610 5583 κολάζειν
1656 5517 1763 5567 τῶν
1805 5513 1919 5568 ἐπι-

269 5592 480 5664 σκόπῖυν
514 5608 643 5671 τοὺς
670 5603 1112 5680 ἁμαρτάνοντας.

582 5802 856 5864 Panos.
906 5797 1021 5856 Gs.
1067 5793 1291 5859 CXLV.

2017 1952 2279 2018 berabat,
2317 1958 2375 2007 et
2407 1952 2686 2008 conviciis
2745 1957 3044 2019 oneratus,
3085 1969 3200 2007 non
3251 1953 3466 2024 pariter
3529 1969 3663 2008 eon-

2016 2041 2372 2109 viciabatur;
2401 2059 2610 2113 pessus
2637 2046 2749 2109 est,
2783 2047 2841 2097 et
2879 2059 2995 2097 non
3041 2042 3461 2111 minitabatur;
3488 2044 3664 2113 jussit

2018 2136 2212 2186 autem
2242 2132 2536 2187 sinistram
2589 2148 2792 2202 genam
2850 2134 3106 2202 prabere
3163 2133 3215 2188 el
3264 2134 3366 2203 qui
3425 2134 3664 2191 minime

2020 2221 2205 2290 parcit
2232 2223 2497 2276 dexterae.
2532 2221 2675 2276 Nam
2716 2220 2860 2277 altas
2911 2223 3210 2291 increpare
3258 2222 3391 2277 licet
3430 2222 3664 2278 malefa-

2019 2310 2255 2377 oientes,
2288 2317 2346 2365 et
2377 2311 2478 2365 bos
2503 2312 2603 2382 qui
2632 2311 2911 2379 injuriam
2975 2311 3282 2381 patiuntur
3328 2311 3661 2379 defendere,

2020 2404 2304 2468 quantum
2338 2399 2871 2469 possumus.Sicuti
2885 2404 2944 2455 et
2975 2415 3251 2471 magnum
3282 2400 3529 2457 Paulum
3546 2401 3665 2456 soi-

2020 2505 2155 2544 mus
2220 2487 2525 2544 Timotheo
2582 2488 2916 2559 praecipere,
2961 2488 3367 2559 delinquentes
3412 2490 3473 2546 in
3534 2505 3667 2546 con-

2018 2582 2213 2648 spectu
2244 2578 2508 2633 omnium
2541 2578 2985 2649 reprehendere,
3019 2581 3083 2634 ut
3132 2582 3324 2634 metue
3362 2578 3538 2634 etiam
3589 2593 3669 2636 re-

2021 2670 2212 2739 liquos
2264 2667 2555 2739 percellat.
2598 2667 2833 2723 Clericis
2876 2684 3011 2724 vero
3060 2666 3215 2724 haud
3265 2668 3399 2724 licet
3441 2669 3667 2740 ssipsos

2023 2757 2336 2812 vindicare.
2370 2757 2521 2812 Suos
2567 2755 2803 2828 quidem
2856 2756 3178 2828 discipulos
3218 2757 3501 2829 castigare
3538 2773 3673 2813 con-

2022 2861 2255 2902 cessum
2287 2852 2399 2907 est.
2430 2861 2563 2900 cum
2619 2845 2992 2915 delinquunt,
3024 2851 3082 2901 et
3138 2850 3269 2917 post
3314 2845 3673 2902 admonitio-

2023 2951 2154 2989 nem
2188 2949 2304 2988 non
2354 2936 2771 2989 convertuntur
2802 2950 2815 2988 :
2851 2934 2989 3005 quia
3044 2933 3221 2989 etiam
3259 2934 3541 2990 Dominus
3570 2949 3669 2991 eos

2024 3024 2116 3092 qui
2156 3022 2215 3077 in
2252 3022 2469 3094 templo
2522 3022 2990 3091 negotiabantur,
3039 3028 3318 3095 tanquam
3372 3023 3431 3079 in
3480 3022 3669 3079 Deum

2026 3117 2355 3184 peccantes,
2409 3111 2636 3183 ﬂagello
2685 3111 2994 3168 verberans
3042 3112 3259 3183 abegit.
3283 3112 3343 3167 Si
3401 3113 3534 3184 quis
3585 3118 3673 3169 ta-

1946 3243 1987 3309 c
2029 3218 2159 3257 men
2206 3203 2483 3272 magister
2541 3201 2639 3255 ira
2697 3200 3008 3302 impatiens
3056 3201 3449 3258 instrumento
3495 3200 3673 3257 lethi-

2028 3291 2146 3346 l‘ero
2177 3291 2585 3358 verberaverit,
2620 3289 2773 3345 haud
2806 3288 3045 3361 impune
3077 3290 3291 3346 iecerit.

2098 3380 2289 3436 Canon
2333 3380 2507 3435 etiam
2537 3382 2570 3433 9
2603 3378 2826 3452 synodi,
2884 3394 3014 3450 quae
3072 3379 3263 3450 prima
3308 3385 3366 3435 et
3421 3379 3677 3436 secunda

2031 3475 2418 3542 nuncupatur,
2453 3472 2674 3526 bunece
2703 3469 3085 3541 apostolicum
3112 3485 3418 3528 recensens
3438 3487 3566 3526 can.
3585 3485 3677 3525 re-

2027 3561 2262 3631 darguit
2307 3575 2406 3615 eos
2462 3560 2559 3630 qui
2614 3560 2807 3630 ipsum
2851 3562 3140 3615 conantur
3187 3558 3445 3627 eludere,
3502 3567 3674 3630 atque

2029 3650 2416 3720 prmtendunt,
2448 3663 2546 3703 eos
2569 3652 2796 3703 tantum
2828 3648 3033 3714 teneri,
3065 3645 3164 3718 qui
3211 3663 3280 3702 ex
3337 3652 3499 3702 motu
3541 3663 3674 3718 pro-

2031 3741 2153 3808 prio
2185 3738 2541 3809 percutiunt,
2575 3752 2690 3792 non
2720 3743 2914 3792 autem
2949 3737 3051 3809 qui
3106 3751 3177 3791 ex
3212 3738 3410 3807 jussu.
3445 3735 3676 3792 Vanum

2028 3826 2185 3883 enim
2236 3827 2364 3891 hoc,
2416 3826 2628 3897 inquit,
2659 3836 2711 3881 et
2742 3843 2777 3880 a
2834 3829 3027 3881 mente
3076 3826 3318 3882 canonis
3374 3824 3674 3896 apostolici

2029 3916 2310 3984 alienum,
2331 3931 2465 3971 eum
2498 3916 2596 3985 qui
2626 3921 2715 3970 ter
2743 3914 2829 3971 vel
2889 3921 3095 3986 quater
3139 3915 3407 3984 percutit,
3440 3913 3673 3985 deponi,

2027 4022 2161 4061 eum
2194 4010 2392 4060 autem
2424 4004 2524 4076 qui
2555 4005 2626 4059 ad
2652 4008 2900 4060 mortem
2924 4019 3113 4075 usque
3144 4004 3342 4074 plectit
3396 4020 3466 4061 ex
3523 4019 3680 4076 pra:-

2029 4098 2218 4165 cepto,
2266 4093 2439 4148 etiam
2525 4092 2766 4161 impune
2834 4090 3015 4146 abire.
3068 4091 3302 4163 Oportet
3372 4093 3530 4148 enim
3578 4107 3677 4146 sa-

2029 4183 2320 4237 cerdotem
2371 4179 2469 4235 Dei
2528 4180 2793 4236 doctrina
2849 4185 2909 4235 et
2967 4179 3388 4247 adhortatione,
3448 4181 3563 4237 imo
3617 4185 3677 4236 et

2027 4270 2379 4341 quandoque
2400 4269 2858 4325 correctionibus
2888 4267 3298 4325 ecclesiasticis
3317 4284 3449 4325 eum
3482 4268 3584 4340 qui
3614 4285 3678 4325 se

2026 4360 2356 4415 inordinate
2410 4359 2579 4428 gerit,
2621 4358 2949 4423 moderari;
2984 4359 3140 4413 haud
3193 4363 3391 4414 tamen
3436 4359 3681 4414 verberi-

2027 4450 2134 4503 bus
2163 4464 2228 4502 ac
2260 4446 2446 4517 plagis
2476 4447 2536 4502 in
2567 4447 2830 4502 humana
2873 4462 3120 4518 corpora
3167 4447 3438 4503 indecore
3484 4446 3679 4502 insul-

2025 4543 2170 4605 tare,
2197 4552 2379 4608 eaque
2434 4535 2713 4591 lacerare.
2746 4535 2848 4591 Sin
2900 4551 3033 4591 vero
3084 4535 3269 4606 aliqui
3313 4535 3531 4591 fuerint
3577 4551 3678 4605 pe-

2028 4626 2188 4682 nitus
2246 4624 2698 4696 incorrigibiles,
2725 4641 2822 4681 eos
2879 4641 2982 4696 per
3043 4624 3450 4696 magistratum
3502 4624 3678 4680 istius

2026 4715 2137 4771 loci
2187 4730 2359 4771 nemo
2432 4718 2589 4769 vetat
2645 4714 2942 4786 castigari,
2976 4713 3149 4769 sicuti
3206 4714 3383 4770 etiam
3427 4728 3613 4769 canon
3642 4714 3680 4767 5

2027 4803 2257 4858 concilii
2305 4803 2646 4859 Antiocheni
2687 4804 2911 4871 statuit,
2944 4818 3120 4875 quem
3162 4804 3288 4859 vide
3335 4802 3394 4857 in
3451 4818 3582 4873 cap.
3613 4800 3682 4856 12

2028 4892 2142 4948 litt.
2179 4896 2242 4947 Σ.

2096 4980 2326 5037 Tertius
2356 4986 2547 5036 autem
2571 4998 2754 5038 canon
2787 4979 3147 5049 ooncilii,cui
3179 4977 3679 5051 prafuitPhotius,

2029 5072 2384 5127 anathemati
2416 5072 2654 5142 subjioit
2689 5071 2849 5127 illum
2875 5072 2973 5141 qui
3007 5086 3186 5126 ausus
3218 5069 3395 5124 fuerit
3415 5067 3502 5123 vel
3545 5084 3679 5123 ver—

2030 5162 2229 5216 berare
2259 5160 2412 5216 249
2453 5160 2540 5216 vel
2590 5162 2651 5216 in
2708 5160 2976 5216 custodia
3024 5159 3283 5214 detinere
3337 5157 3681 5228 episcopum

2028 5250 2306 5320 aliquem,
2340 5250 2461 5304 sive
2506 5252 2654 5305 citra
2710 5263 2949 5304 causam
3010 5247 3121 5301 hoc
3167 5246 3362 5313 faciat,
3395 5244 3517 5301 sive
3556 5262 3685 5301 can-

2028 5353 2149 5393 sam
2182 5337 2481 5393 obtendat.
2516 5337 2641 5393 lmo
2672 5353 2807 5391 vero
2847 5334 2956 5389 etsi
3014 5350 3197 5390 causa
3250 5333 3417 5390 valde
3463 5334 3686 5404 proba-

2031 5427 2166 5481 bilis
2201 5426 2559 5490 fuerit,baud
2591 5430 2787 5479 tamen
2820 5428 2911 5477 est
2939 5437 3114 5488 penes
3143 5438 3438 5477 summum
3471 5420 3685 5489 magis-

2036 5520 2252 5570 tratum
2304 5531 2428 5570 eam
2484 5514 2804 5578 vindicare,
2833 5511 2934 5566 sed
2983 5514 3209 5580 oportet
3263 5513 3335 5565 ad
3394 5509 3683 5581 synodum

2030 5603 2265 5670 referre,
2298 5619 2427 5674 quas
2457 5601 2584 5658 sola
2607 5602 2741 5670 jure
2786 5601 2974 5669 potest
3028 5598 3295 5667 judicare
3349 5601 3406 5653 et
3476 5595 3683 5665 punire

2028 5693 2333 5764 episcopos
2360 5690 2790 5762 delinquentes.

3318 5784 3362 5849 6
