4092 6300
445 363 557 426 t’ﬂ

1185 495 1370 563 Leges.

516 603 622 658 Jus
652 606 842 657 autem
875 601 1040 657 civile
1087 604 1240 656 vetat
1294 600 1599 672 episcopos
1639 598 1913 654 manibus
1963 597 2087 654 suis

447 692 716 764 plectere,
758 708 986 764 poenam
1044 695 1242 746 tamen
1296 707 1409 746 non
1465 689 1815 754 constituit;
1874 689 1934 743 in
1987 704 2084 759 ge-

445 795 581 837 nere
605 785 793 837 autem
825 781 896 837 de
927 780 1127 852 quovis
1159 781 1495 836 verberante
1533 782 1632 833 aut
1670 777 1949 848 injuriam
2007 777 2090 831 in-

445 872 663 928 ferente
721 871 997 939 decernit,
1020 870 1342 926 concedens
1400 872 1678 925 adversus
1725 869 1885 939 ipso
1934 868 2090 936 inju-

446 960 661 1015 ria-rum
705 960 1013 1027 actionem,
1062 975 1190 1030 qua
1247 959 1590 1028 transigitur
1645 960 1702 1012 et
1759 955 2092 1026 pecuniarie

445 1055 502 1104 et
523 1047 916 1116 criminaliter,
949 1048 1067 1104 imo
1131 1048 1310 1103 etiam
1376 1046 1600 1114 deﬁnit,
1633 1060 1900 1116 quamam
1943 1044 2092 1099 testi-

443 1138 590 1194 mari
611 1139 782 1194 debet
811 1137 1004 1210 gravis
1035 1138 1271 1208 injuria,
1304 1151 1572 1208 quaenam
1595 1134 1758 1190 levis.

513 1223 571 1282 Is
601 1229 698 1299 qui
731 1228 1089 1282 sacerdotem
1143 1227 1230 1281 vel
1287 1226 1346 1280 in
1407 1224 1678 1293 ecclesia,
1705 1222 1788 1277 vel
1843 1223 1899 1277 in
1961 1238 2090 1293 pro-

443 1317 704 1373 cessione
731 1321 1029 1387 percutere
1058 1319 1320 1380 attentat,
1355 1314 1662 1385 relegetur.

455 1407 569 1461 428i
615 1405 820 1462 laesum
870 1405 1043 1460 fuerit
1108 1421 1317 1476 corpus
1380 1403 1653 1468 liberum,
1703 1417 1793 1456 res
1833 1401 2094 1471 judicata

441 1499 646 1555 clm-ad
686 1501 960 1566 sumptus
992 1494 1336 1560 curationis,
1361 1497 1419 1549 et
1473 1497 1734 1564 quaestus
1775 1493 2091 1562 jacturam,

441 1597 559 1643 non
585 1602 721 1641 vero
752 1586 822 1640 ad
868 1584 1321 1640 deformitatem.
1354 1586 1576 1654 Corpus
1642 1581 1798 1636 enim
1841 1581 2091 1636 liberum

441 1677 816 1734 n'oninl‘ame
889 1675 1176 1730 redditur.
1238 1673 1346 1739 Qui
1425 1688 1556 1728 vero
1615 1688 1826 1742 corpus
1883 1670 2092 1727 servile

444 1766 619 1834 ludit,
645 1764 974 1837 postulatur
996 1774 1200 1836 preter
1225 1765 1351 1834 jam
1385 1763 1540 1818 dicta
1588 1762 1765 1818 etiam
1816 1761 2088 1817 honesta-

442 1858 518 1914 tis
548 1857 676 1928 ejus
707 1854 1030 1910 diminutas.

799 1960 961 2018 250
993 1958 1271 2015 INITIUM
1309 1957 1635 2014 LlTTER/E
1679 1963 1735 2012 Υ.

961 2067 1116 2124 CAP.
1153 2066 1174 2121 ι
1209 2067 1281 2122 De
1308 2065 1565 2136 injuriis.

475 2235 484 2250 1
513 2180 715 2252 Quare
745 2195 874 2249 cap.
903 2177 937 2228 7
970 2175 1080 2230 litt.
1113 2176 1174 2231 Β.

515 2270 710 2336 canon
768 2268 900 2322 dein
960 2267 1034 2320 55
1090 2268 1424 2320 sanctorum
1483 2260 2094 2332 apostolorum,atque

447 2358 617 2433 etiam
691 2357 783 2410 56.
861 2354 1138 2418 Clericus,
1205 2353 1500 2424 inquiunt,
1585 2351 1680 2421 qui
1757 2351 2092 2421 episcopum

446 2461 616 2502 suum
685 2443 1039 2500 contumelia
1101 2443 1305 2508 afﬁcit,
1365 2443 1730 2510 deponatur:
1768 2440 2095 2494 «Praefecto

445 2537 602 2606 enim
659 2533 856 2606 populi
909 2533 990 2588 tui
1030 2548 1145 2588 non
1206 2530 1538 2586 maledices.
1576 2551 1603 2578 »
1653 2531 1788 2594 Quae
1837 2545 1943 2584 vox
2007 2532 2096 2583 est

445 2626 622 2686 Hosis
653 2625 754 2680 viri
790 2623 1030 2679 summi.
1065 2622 1321 2688 Quivero
1345 2621 1743 2692 presbyterum
1777 2617 1867 2673 vel
1893 2617 2092 2673 diaco-

443 2731 585 2782 num
617 2711 1014 2778 ..contumelia
1068 2709 1279 2777 atl'ecit,
1331 2707 1887 2764 excommunicetur.
1947 2706 2092 2760 Nam

444 2801 660 2874 injuria
708 2816 841 2872 erga
903 2800 1203 2867 majorem,
1266 2812 1498 2868 poenam
1567 2796 1737 2849 etiam
1815 2794 2091 2862 majorem

443 2888 719 2962 postulat,
767 2894 940 2958 atque
989 2903 1126 2957 erga
1177 2887 1429 2941 minores
1507 2884 1811 2938 minorem.
1873 2883 2092 2952 Quippe

365 3015 374 3022 ι
444 2977 774 3048 hiccapitis
823 2976 1010 3032 locum
1041 2977 1264 3031 obtinet
1292 2979 1352 3029 in
1392 2989 1631 3044 corpore
1678 2971 1972 3040 Ecclesiae,
2006 2970 2088 3025 illi

443 3085 578 3134 vero
601 3081 886 3136 manuum
917 3072 973 3121 et
1003 3065 1358 3136 reliquorum
1390 3062 1880 3119 subservientium
1907 3076 2090 3115 mem.

447 3158 702 3228 brorum.

515 3250 708 3304 Canon
741 3251 932 3302 autem
963 3247 1032 3300 57
1057 3245 1168 3302 ait:
1192 3245 1262 3300 Et
1292 3243 1390 3315 qui
1423 3242 1718 3310 claudum,
1740 3242 1827 3296 vel
1849 3256 2087 3309 caacum,
2121 3249 2163 3316 ρ

443 3337 529 3408 yel
567 3336 940 3406 puivitiosus
991 3340 1080 3390 est
1136 3336 1400 3408 incessus
1449 3331 1649 3398 irrisit,
1682 3328 2091 3385 communione

445 3427 720 3500 privetur,
745 3426 862 3480 sive
901 3425 980 3480 sit
1009 3398 1257 3480 cleric‘us
1309 3423 1428 3478 sive
1486 3420 1694 3476 laicus.
1719 3419 1889 3474 Tales
1933 3419 2089 3474 enim

443 3519 635 3590 potius
653 3515 1022 3572 miseratione
1045 3512 1313 3584 prosequi
1339 3515 1557 3581 oportet
1586 3525 1824 3564 manum
1852 3507 2092 3578 adjutri-

437 3622 566 3672 cem
596 3606 981 3676 porrigentes,
1011 3619 1184 3674 quam
1215 3617 1314 3658 eos
1346 3597 1762 3656 scommatisac
1782 3597 2091 3653 derisionis

442 3710 684 3766 scopum
721 3694 924 3750 facere.

1178 3783 1358 3850 Leges.

513 3893 688 3947 Atrax
722 3889 936 3961 injuria
964 3889 1050 3944 vel
1083 3904 1150 3944 ex
1182 3902 1447 3956 persona,
1477 3883 1566 3941 vel
1615 3900 1685 3939 ex
1740 3883 1865 3954 ipsa
1889 3898 1968 3949 re,
2005 3881 2089 3936 vel

441 3981 630 4048 eloco
652 3980 1048 4036 definitur.Ex
1105 3993 1372 4048 persona,
1402 3990 1532 4031 cum
1589 3971 1950 4042 magistratui
2000 3970 2089 4026 vel

441 4073 702 4142 patrono
745 4069 896 4122 facta
955 4066 1141 4122 fuerit.
1191 4067 1268 4120 Ex
1330 4064 1478 4128 loco,
1537 4079 1671 4117 cum
1755 4061 1812 4114 in
1863 4060 2088 4114 theatro

438 4160 666 4214 cunctis
697 4158 1042 4213 videntibus.
1081 4157 1160 4210 Ex
1192 4171 1274 4215 re.
1305 4154 1537 4225 quando
1561 4150 1771 4208 vulnus
1801 4149 2088 4204 inﬂictum

439 4247 633 4315 fuerit,
666 4251 766 4301 siut
795 4246 967 4301 facies
997 4260 1164 4300 caesa.
1196 4242 1366 4298 Tales
1415 4240 1500 4296 vel
1549 4241 1619 4296 ad
1671 4245 1904 4309 tempus
1955 4235 2089 4291 rele-

440 4342 672 4408 gantur,
705 4335 789 4390 vel
821 4333 1019 4406 aliqua
1047 4349 1108 4388 re
1157 4333 1606 4396 interdicuntur,
1640 4328 1690 4382 si
1740 4324 2089 4398 spectabiles

439 4423 810 4481 fuerintnin
845 4440 976 4478 vero
1034 4421 1199 4478 liberi
1257 4421 1490 4487 fuerint,
1523 4419 1623 4474 sed
1671 4434 1738 4472 ex
1783 4415 1967 4487 plebe,
1992 4412 2090 4467 fu-

439 4515 628 4572 stibus
665 4514 1074 4578 verberantur;
1099 4509 1244 4566 servi
1276 4513 1471 4565 autem
1501 4507 1748 4579 ﬂagellis
1797 4508 1926 4562 cassi
1979 4508 2089 4565 do-

443 4604 621 4660 minis
652 4602 778 4658 suis
808 4603 1138 4656 traduntur.

445 4727 449 4734 ι
509 4694 566 4747 8i
592 4694 752 4762 quis,
775 4691 915 4746 dum
975 4706 1141 4745 sacra
1171 4688 1464 4761 mysteria,
1488 4688 1571 4742 vel
1633 4685 1787 4741 aliud
1844 4688 2088 4758 quodvis

441 4795 745 4838 sacrorum
779 4780 1106 4834 ofﬁciorum
1149 4778 1463 4849 peragitur,
1498 4778 1569 4831 in-
1599 4780 1858 4830 sanctam
1904 4777 2085 4832 eccle-

440 4872 588 4924 siam
638 4871 953 4940 ingressus,
1019 4868 1381 4938 episcOpum,
1418 4871 1519 4920 aut
1575 4865 1838 4928 clericos,
1873 4865 2086 4921 aliosve

439 4958 696 5016 ecclesias
753 4958 1052 5013 ministros
1112 4956 1324 5025 injuria
1375 4953 1572 5024 aliqua
1617 4953 1891 5021 effecerit,
1928 4953 2086 5022 jube-

440 5063 574 5102 πως
597 5063 727 5101 eum
769 5045 1046 5116 torqueri,
1078 5052 1130 5100 et
1163 5044 1217 5098 in
1278 5042 1547 5098 exsilium
1604 5040 1881 5110 relegari:
1913 5046 2087 5111 atque

440 5139 494 5191 εἰ·
519 5153 683 5193 sacra
712 5139 983 5203 mysteria
1014 5143 1067 5188 et
1111 5134 1376 5201 liturgias
1427 5131 1760 5195 turbaverit,
1787 5135 1886 5184 aut
1944 5131 2088 5185 cele-

441 5224 593 5279 brari
654 5223 1034 5293 prohibuerit,
1068 5221 1254 5293 capite
1302 5219 1490 5290 plecti.
1524 5219 1678 5273 Idem
1747 5219 2088 5273 observetur

439 5313 614 5367 etiam
650 5314 735 5365 in
787 5312 1280 5381 processionibus,
1313 5311 1372 5363 in
1431 5308 1644 5378 quibus
1693 5307 1949 5378 episcopi
1998 5307 2085 5363 vel

441 5401 630 5458 clerici
661 5405 1064 5472 reperiuntur;
1101 5417 1345 5471 nemque
1375 5400 1423 5454 si
1456 5399 1590 5469 quis
1636 5398 1826 5452 solum
1880 5405 2086 5451 contu-

442 5491 615 5548 melia
645 5491 918 5555 aﬂ‘ecerit,
952 5492 1257 5545 tormentis
1303 5495 1359 5543 et
1406 5487 1608 5544 exsilio
1657 5487 1798 5552 luet,
1830 5489 1920 5540 sin
1955 5503 2086 5540 vero

443 5585 871 5659 processissem
905 5583 1294 5652 dissipaverit,
1329 5581 1516 5652 capite
1548 5578 1833 5651 punietur.

1713 354 2090 418 ΜΑΤΤΗᾹΞΙ
2133 354 2566 420 BLASTARIS

2113 501 2165 566 A

3709 354 3808 420 172

2888 493 3136 566 Νόμοι.

2268 602 2324 651 Ὁ
2355 595 2410 652 δὲ
2441 599 2608 670 νόμος
2638 598 2955 673 ἀπαγορεύει
3002 603 3098 673 μὲν
3149 605 3261 663 τοῖς
3310 601 3624 664 ἐπισκόποις
3659 601 3816 668 πλήτ-

2196 707 2304 739 τειν
2356 689 2541 760 χερσὶν
2592 688 2820 748 οἰκείαις
2887 689 2994 763 οὐχ
3049 687 3212 760 ὥρισε
3260 687 3314 744 δὲ
3347 691 3573 759 ποινὴνο
3611 693 3818 765 γενικῶς

2198 771 2255 827 δὲ
2307 775 2427 848 περὶ
2486 776 2686 837 παντὸς
2743 777 3040 838 τύπτοντος
3072 777 3105 846 ἦ
3143 773 3466 851 ὑϐρίζοντος
3521 777 3819 854 διορίζεται,

2198 861 2380 926 διδοὺς
2437 868 2556 920 κατ’
2613 866 2786 921 αὐτῶν
2845 868 2943 935 τήν
2997 867 3121 942 περὶ
3179 863 3385 942 ὕϐρεως
3443 867 3820 944 ἅγωγὴν,ἧτις

2196 954 2285 1007 καὶ
2345 959 2709 1031 χρήματικῶε
2767 961 2996 1011 κινεῖται
3078 956 3168 1012 καὶ
3248 957 3691 1032 ἐγκληματικῶς,
3743 955 3824 1010 καὶ

2198 1039 2489 1116 διορίζεται
2529 1045 2658 1099 ποία
2706 1043 2817 1098 ἐστὶ
2864 1051 3093 1120 τραχεῖα
3136 1041 3312 1120 ὕϐρις,
3360 1049 3490 1102 ποία
3531 1045 3578 1102 δ’
3607 1043 3824 1120 ἒλαφρά.

2269 1223 2326 1274 Ὀ
2382 1221 2544 1293 ἱερέα,
2570 1220 2674 1277 ε’ίτε
2732 1221 2784 1276 ἐν
2845 1221 3130 1295 ἐκκλησίᾳ,
3183 1221 3286 1278 ε’ίτε
3344 1223 3395 1278 ἐν
3457 1223 3584 1298 λιτῇ
3634 1223 3822 1296 ἐπιχει-

2202 1314 2307 1382 ρῶν
2336 1309 2574 1378 τύπτειν,
2606 1311 2944 1386 ἐξοριζὲσθω.

2270 1401 2391 1454 Ἐάν
2447 1396 2629 1474 βλαὸῇ
2676 1407 2832 1470 σῶμα
2884 1401 3186 1471 ἐλεύθερον,
3222 1406 3256 1472 ἡ
3305 1401 3575 1473 καταδίλη
3636 1403 3826 1478 γίνεται

2198 1488 2275 1549 εἰς
2303 1490 2402 1557 τήν
2434 1486 2672 1559 δαπάνην
2716 1499 2816 1560 τῆς
2862 1491 3121 1568 ἰατρείας,
3148 1493 3238 1547 καὶ
3285 1495 3385 1562 τήν
3431 1492 3704 1547 ἀπώλειαν
3738 1497 3828 1558 τῆς

2197 1577 2471 1655 ἐργασίας,
2506 1580 2568 1634 οὗ
2603 1585 2710 1654 μῆν
2756 1590 2857 1651 τῆς
2904 1584 3216 1660 ἀμορφίας·
3270 1589 3426 1656 σῶμα
3473 1585 3574 1659 γὰρ
3624 1582 3832 1638 ἐλεύθε-

2200 1690 2292 1744 ρον
2328 1671 2389 1724 οὐ
2422 1670 2756 1745 διατιμᾶται.
2793 1678 2848 1728 '0
2891 1671 2946 1728 δὲ
2994 1680 3153 1749 σῶμα
3185 1674 3386 1730 δούλου
3427 1675 3642 1749 βλάψας
3673 1676 3827 1729 ἀπαι-

2195 1766 2366 1814 τεῖται
2397 1764 2533 1836 πρὸς
2589 1770 2703 1825 τοῖς
2745 1765 3056 1838 εἷρημένοις
3104 1768 3190 1821 καὶ
3242 1769 3342 1836 τήν
3393 1765 3689 1821 ἐλάττωσιν
3737 1770 3828 1831 τῆς

2124 1879 2171 1944 Β
2205 1847 2570 1922 διατιμήσεως
2601 1852 2788 1910 αὐτοῦ.

2597 1963 2790 2014 ΑΡΧΗ
2832 1966 2952 2014 ΤΟΥ
2992 1967 3028 2014 l‘
3067 1964 3453 2019 ΣΤΟΙΧΕΙΟΥ.

2526 2070 2786 2122 ΚΕΦΔΛ.
2859 2068 2933 2120 Α’⁶

2277 2170 2433 2238 Ζήτει
2462 2170 2522 2223 τὸ
2557 2174 2594 2238 ζ’
2625 2169 2922 2244 κεφάλαιον
2952 2176 3048 2226 τοῦ
3081 2176 3119 2228 Β
3153 2172 3452 2251 στοιχείου.

2278 2261 2338 2314 Ὀ
2370 2256 2424 2311 δὲ
2463 2263 2531 2312 νε¹
2563 2263 2670 2312 τῶν
2716 2258 2882 2334 ἁγίων
2934 2262 3253 2316 ἀποστόλων
3305 2265 3501 2331 κανὼν,
3533 2258 3612 2317 ἔτι
3654 2261 3709 2317 δὲ
3755 2261 3836 2314 καὶ

3005 2067 3160 2142 Περὶ
3230 2064 3480 2144 ὕϐρεων
3507 2113 3521 2128 .

2207 2349 2233 2400 ὁ
2264 2349 2356 2415 νς’,
2386 2349 2442 2401 Ὁ
2500 2348 2592 2402 τὸν
2642 2345 2786 2402 ’ίδιον
2848 2347 3138 2404 ἐπίσκοπον
3166 2347 3385 2424 ὑϐρίσας
3431 2351 3698 2425 κληρικὸς
3727 2353 3838 2404 καθ-

2204 2438 2484 2507 αιρείσθω,
2518 2438 2684 2512 φησί·
2721 2462 2748 2487 ‹‹
2782 2443 3069 2512 ’Ἄρχοντα
3122 2440 3224 2514 γάρ
3269 2445 3366 2494 τοῦ
3416 2439 3550 2495 λαοῦ
3599 2463 3715 2506 σου,
3749 2440 3841 2494 οὐκ

2205 2525 2343 2599 ἐρεῖς
2375 2531 2582 2586 κακῶς·
2616 2550 2642 2576 ››
2672 2529 2910 2589 Μωσέως
2955 2534 3114 2582 τοῦτο
3162 2533 3257 2583 τού
3306 2530 3444 2584 πάνυ
3493 2533 3673 2603 φωνή.
3707 2549 3840 2602 Πρε-

2208 2609 2462 2687 σϐύτερον
2506 2612 2559 2668 δὲ
2592 2615 2625 2684 ἢ
2661 2613 2912 2670 διάκονον
2946 2618 2973 2670 ὁ
3007 2614 3230 2690 ὑϐρίσας
3265 2619 3600 2695 ἀφοριζέσθω
3627 2640 3638 2651 ·
3675 2622 3709 2688 ἡ
3748 2618 3840 2692 γάρ

2205 2705 2337 2776 πρὸς
2387 2704 2476 2757 τὸν
2532 2705 2752 2775 μείζονα
2795 2702 2969 2779 ὕϐρις,
3002 2705 3092 2759 καὶ
3144 2711 3396 2776 μείζονος
3450 2707 3566 2780 ἀξία
3625 2716 3725 2776 τῆς
3767 2728 3841 2760 τι-

2206 2794 2437 2866 μωρίας,
2470 2793 2757 2856 ἐλάττονος
2790 2792 2844 2848 δὲ
2949 2795 3082 2867 πρὸς
3131 2797 3255 2857 τοὺς
3303 2795 3608 2858 ἐλάττονας.
3646 2804 3702 2850 Ὁ
3753 2796 3838 2867 μὲν

2200 2885 2302 2956 γὰρ
2351 2885 2594 2958 κεφαλῆς
2642 2884 2823 2956 ἐπέχει
2876 2885 3044 2937 τόπον
3093 2889 3174 2956 τῷ
3218 2885 3431 2956 σώματι
3478 2893 3576 2954 τῆς
3614 2884 3842 2954 Ἐκκλη-

2204 2973 2339 3038 σίας,
2399 2973 2450 3025 οἱ
2522 2970 2578 3026 δὲ
2638 2978 2840 3046 χειρῶν
2912 2974 2998 3027 καὶ
3076 2978 3183 3028 τῶν
3256 2972 3576 3029 διακονικῶν
3650 2975 3839 3051 ἑτέρων

2207 3061 2410 3136 μελῶν,

2271 3243 2331 3295 '0
2377 3240 2432 3296 δὲ
2479 3244 2573 3312 νζ’,
2617 3244 2714 3297 Καὶ
2762 3245 2788 3297 ὁ
2838 3242 3046 3322 χωλὸν,
3160 3243 3389 3322 τυφλὸν,
3422 3246 3456 3314 ἢ
3515 3245 3611 3308 τὰς
3665 3245 3843 3321 βάσεις

2199 3329 2550 3404 πεπλημένον
2638 3330 2931 3406 χλευάσας,
3014 3333 3376 3410 ἀφοριζεσθω,
3456 3335 3644 3409 φησὶν,

2197 3419 2462 3494 κληρικὸς
2491 3421 2598 3492 ε’ἶη,
2642 3420 2748 3476 ε’ἱτε
2780 3427 2886 3476 τῶν
2908 3427 3004 3477 τοῦ
3052 3423 3210 3478 λαοῦ.
3243 3422 3377 3484 Τοὺς
3419 3424 3706 3486 τοιούτους
3742 3424 3839 3497 γὰρ

2197 3511 2366 3567 ἐλεεῖν
2429 3511 2640 3583 μᾶλλον
2699 3509 2816 3566 δὲον
2878 3519 3036 3586 χεῖρα
3095 3513 3297 3588 βοηθὸν
3355 3513 3738 3590 ἐπορὲγοντας,
3804 3513 3835 3580 ἦ

2197 3600 2407 3676 χλεύης
2437 3601 2525 3654 καὶ
2555 3600 2794 3673 γέλωτος
2825 3603 3093 3657 ποιεῖσθαι
3137 3603 3409 3660 ὑπόθεσιν.

3756 3333 3778 3350 ΡΙ

3732 3354 3838 3388 ειτε

2889 3783 3134 3855 Νόμοι.

2268 3891 2328 3940 Ἦ
2377 3892 2607 3960 τραχεῖα
2638 3883 2790 3959 ὕϐρις
2821 3887 2854 3956 ἢ
2897 3887 3002 3942 ἀπὸ
3031 3893 3128 3942 τοῦ
3175 3889 3500 3963 προσώπου,
3535 3890 3569 3959 ἦ
3601 3891 3711 3946 ἀπὸ
3740 3892 3837 3944 τοῦ

2194 3976 2540 4050 πράγματος,
2599 3978 2633 4044 ἢ
2704 3976 2808 4029 ἀπὸ
2878 3981 2975 4032 τοῦ
3039 3978 3212 4032 τόπου
3277 3979 3634 4048 κανονίζεται.
3694 3980 3838 4037 Ἀπὸ

2195 4065 2514 4137 προσώπου,
2573 4065 2696 4118 ὅταν
2749 4064 2976 4138 ἄρχοντι
3034 4066 3069 4135 ἢ
3124 4068 3364 4140 πάτρωνι
3416 4067 3680 4144 γένηταιο
3732 4069 3838 4122 ἀπὸ

2193 4154 2386 4221 τόπου,
2436 4153 2559 4207 ὅταν
2611 4153 2662 4207 ὲν
2715 4155 2920 4230 θεάτρῳ
2977 4155 3190 4210 πάντων
3240 4158 3493 4230 ὁρώντων
3522 4177 3535 4189 ·
3585 4157 3694 4212 ἀπὸ
3741 4161 3838 4211 τοῦ

2195 4241 2535 4315 πράγματος,
2569 4244 2696 4296 ὅταν
2728 4245 2818 4297 καὶ
2848 4247 3062 4318 τραῦμα
3112 4244 3349 4319 γὲνηται,
3382 4246 3414 4315 ἢ
3450 4242 3572 4319 ὄψις
3620 4246 3836 4321 πληγῆ.

2197 4330 2257 4384 Οἱ
2289 4335 2528 4385 τοιοῦτοι
2580 4331 2614 4401 ἢ
2661 4333 2792 4406 πρὸς
2841 4334 3026 4407 καιρὸν
3076 4334 3431 4407 ἐξορίζονται,
3461 4332 3498 4404 ἤ
3541 4355 3687 4398 τινος
3733 4356 3836 4389 κω·

2197 4417 2418 4474 λύονται
2476 4421 2801 4494 πράγματος
2859 4417 3067 4495 ἔντιμοι
3125 4421 3310 4485 ὄντες·
3343 4423 3387 4478 εἷ
3446 4421 3503 4478 δὲ
3555 4422 3839 4494 ἐλεύθεροι

2199 4507 2291 4579 μὲν
2353 4509 2479 4574 εἶεν,
2513 4508 2746 4571 εὐτελεῖς
2806 4507 2883 4578 δὲ,
2917 4508 3348 4584 ῥοπαλίζονται·
3403 4512 3447 4567 εἰ
3508 4509 3562 4566 δὲ
3621 4510 3842 4581 δοῦλοι,

2124 4615 2166 4678 D
2199 4597 2714 4672 φραγγελιζόμενοι,
2735 4603 2814 4671 τῷ
2847 4597 3079 4673 δεσπότῃ
3111 4599 3480 4658 ἀποδίδονται.

2273 4684 2334 4739 E'i
2366 4707 2447 4748 τις
2479 4691 2586 4740 τῶν
2616 4687 2771 4741 Οείων
2828 4689 3141 4761 μυστηρίων
3181 4691 3216 4760 ἢ
3269 4696 3374 4745 τῶν
3424 4689 3610 4745 ἄλλων
3666 4689 3843 4764 ἁγίων

2201 4774 2554 4850 λειτουργιῶν
2659 4774 3090 4850 ἐπιτελουμένων
3184 4779 3261 4840 εἰς
3342 4778 3490 4852 ἁγίαν
3575 4776 3845 4832 εἷσελθὼν

2196 4861 2508 4932 ἐκκλησίαν,
2538 4870 2616 4936 τῷ
2671 4864 3038 4939 ἐπισκόπῳ,ἢ
3098 4873 3213 4929 τοῖς
3270 4867 3580 4940 κληρικοῖς,
3629 4868 3664 4936 ἢ
3723 4872 3844 4928 τοῖς

2195 4948 2392 5012 ἄλλοις
2451 4953 2742 5027 ὑπηρέταις
2803 4961 2897 5023 τῆς
2956 4955 3250 5026 ἐκκλησίας
3308 4952 3514 5031 ὕϐρεώς
3552 4977 3602 5010 τι
3635 4954 3845 5031 ἐπαγά-

2195 5057 2306 5111 γοι,
2347 5038 2638 5112 κελεύομεν
2692 5047 2882 5097 τοῦτον
2943 5044 3206 5116 βασάνους
3264 5044 3578 5116 ὑπομεῖναι,
3611 5045 3702 5097 καὶ
3765 5043 3843 5103 εἰς

2196 5125 2402 5200 ἐξορίαν
2429 5133 2774 5202 πεμφθῆναι·
2810 5131 2854 5187 εἶ
2889 5130 2943 5186 δὲ
2974 5133 3061 5187 καὶ
3095 5135 3230 5188 αὐτὰ
3275 5135 3340 5188 τὰ
3399 5136 3515 5188 θεῖα
3565 5136 3846 5206 μυστήρια

2196 5216 2285 5268 καὶ
2337 5217 2432 5279 τὰς
2486 5219 2666 5273 λειτου
2752 5220 2762 5240 ’
2990 5223 2998 5236 ’
3164 5224 3176 5244 ‘
3242 5223 3255 5240 ’
3455 5229 3476 5238 ”
3651 5245 3658 5252 ·
3784 5222 3808 5256 ·’

2673 5241 2826 5293 ργιας
2865 5224 3084 5296 ταραξοι
3143 5226 3175 5291 ὴ
3237 5222 3592 5278 επιτελεισθαι
3653 5221 3841 5276 κωλύ-

2197 5325 2304 5374 σοι,
2334 5307 2641 5380 κεφαλικῶς
2698 5315 3095 5384 τιμωρεῖσθαι⁹
3153 5313 3350 5367 τούτου
3405 5313 3568 5367 αὐτοῦ
3607 5311 3695 5366 καὶ
3752 5310 3842 5365 ἐπὶ

2195 5398 2311 5452 ταῖς
2376 5394 2571 5462 λιταῖς,
2605 5396 2654 5448 ἐν
2711 5397 2792 5459 αἷς
2854 5399 3204 5469 ἐπίσκοποι
3247 5401 3506 5474 κληρικοὶ
3559 5399 3846 5473 εὑρίσκον-

2194 5503 2304 5547 ται,
2358 5481 2800 5559 φυλαττομένου·
2858 5486 2966 5557 ἵνα,
3026 5490 3069 5543 εἰ
3133 5489 3228 5561 μὶν
3284 5485 3436 5561 ὕϐριν
3512 5510 3593 5550 τις
3671 5489 3840 5560 μόνον

2195 5573 2441 5640 ποιήσοι,
2479 5574 2730 5644 βασάνοις
2787 5579 2874 5631 καὶ
2936 5577 3116 5654 ἐξορίᾳ
3169 5577 3476 5653 παραδοθῇ,
3533 5575 3577 5632 εἶ
3634 5574 3691 5630 δὲ
3749 5577 3842 5628 καὶ

2195 5662 2292 5728 τήν
2330 5659 2485 5729 λιτήν
2520 5659 2880 5735 διασκεδάσΟι,
2915 5665 3204 5744 κεφαλικὸν
3251 5666 3496 5724 κίνδυνον
3551 5664 3839 5740 ὑπομείνῃ.

2659 4774 3090 4850 ἐπιτελουμένων
