4092 6300
272 415 385 477 173

266 748 385 801 κεφ.
417 734 517 785 τοῦ
548 737 598 788 Κ
631 734 911 808 στοιχείου
940 734 1141 791 κανόνα
1172 735 1259 812 λβ’
1289 744 1389 807 τῆς
1421 739 1465 801 ς’
1497 736 1747 794 συνόδου.

602 828 862 880 ΚΕΦΑΛ.
903 826 975 880 Γ’.
1018 826 1175 901 Περῖ
1215 826 1578 889 υἱοθεσίας.

343 910 503 979 Ζῆτει
534 908 593 965 ἐν
621 909 704 984 τῷ
733 934 767 982 η
800 933 922 992 xeo.
953 918 1053 969 τοῦ
1083 917 1126 972 Β
1156 916 1456 991 στοιχείου.

333 1001 391 1057 Ὁ
420 1001 691 1055 υἱοθετῶν
722 1001 929 1080 ὀφείλει
965 1002 1165 1076 μείζων
1196 1005 1330 1059 εἶναι
1379 1005 1514 1060 κατὰ
1541 1004 1640 1072 τήν
1690 1004 1912 1073 ἠλικίαν

1284 425 1728 489 SYNTAGMA
1769 424 2396 489 ALPHABETICUM.
2442 463 2520 473 —
2564 437 2710 493 Υ-Φ.

274 554 525 605 ΚΕΦΔΛ.
560 554 640 609 Β’.
675 555 835 628 Περὶ
878 553 1497 629 Ὺδροπαραστατῶν
1534 560 1910 633 αἱρετικῶν.
1942 562 1997 628 Α

340 641 498 709 Ζήτει
530 641 585 695 ἐν
615 647 698 715 τῷ
825 664 943 720 κεφ.
974 650 1071 700 τοῦ
1119 654 1161 702 Δ
1192 648 1494 722 στοιχείου,
1524 649 1611 703 καὶ
1663 648 1716 703 ἐν
1759 652 1837 719 τῷ
1867 648 1916 718 η’

3553 451 3666 511 174

2224 562 2379 617 CAP.
2429 561 2494 617 ll.
2544 565 2620 621 De
2664 567 3139 640 Hydroparastatis
3172 576 3461 637 haereticis.

2054 688 2055 691 η
2096 651 2294 713 Quare
2324 650 2384 705 in
2414 665 2542 724 cap.
2571 653 2606 706 2
2636 653 2750 711 litt.
2785 659 2844 723 Δ,
2877 664 2935 715 et
2961 660 3019 717 in
3052 679 3180 737 cap.
3211 667 3246 723 8
3277 666 3386 724 litt.
3412 670 3473 724 li.
3498 685 3669 728 cano-

2021 757 2157 798 nem
2185 742 2257 797 52
2285 745 2491 815 synodi
2513 748 2709 805 sextae.

2466 831 2618 890 CAP.
2664 836 2762 894 III.
2794 838 2868 894 De
2896 841 3202 917 adoptione.

2128 919 2274 976 Vide
2303 920 2364 977 in
2396 938 2525 996 cap.
2553 925 2589 979 8
2618 925 2729 983 litt.
2761 927 2823 984 B.

2093 1009 2201 1076 Qui
2238 1011 2480 1084 adoptat
2508 1014 2776 1086 adoptato
2807 1021 2996 1093 major
3028 1025 3095 1080 18
3112 1026 3283 1085 annis
3312 1043 3440 1087 esse
3469 1031 3662 1090 debet.

264 1094 361 1145 τοῦ
389 1090 818 1165 υἱοθετουμὲνου
850 1095 1073 1168 χρόνοις
1105 1095 1175 1165 ιη’
1204 1114 1217 1127 ·
1262 1096 1296 1164 ἡ
1328 1095 1433 1170 γὰρ
1466 1093 1609 1156 θέσις
1660 1099 1898 1168 μιμεῖται

2021 1098 2167 1155 Nam
2197 1099 2429 1173 adoptio
2460 1106 2729 1162 naturam
2754 1090 3041 1181 sequitur.

263 1179 361 1246 τήν
393 1177 580 1254 φύσιν.

262 1273 521 1324 ΚΕΦΔΛ.
554 1272 634 1326 Δ’.
670 1270 823 1345 Περί
858 1270 1205 1347 ὑπηρετῶν
1237 1271 1390 1340 ἤτοι
1423 1269 1907 1329 ὓποδιακόνων.

331 1360 390 1410 '0
418 1364 502 1410 κα⁰
539 1364 635 1427 τῆς
684 1357 737 1413 ἐν
785 1357 1083 1432 Λαοδικείᾳ
1130 1357 1358 1415 συνόδου
1387 1362 1588 1427 κανὼν,
1639 1361 1755 1418 Οὐκ
1800 1360 1907 1431 ἰξε-

261 1465 365 1517 στι,
397 1447 560 1522 φησί,
608 1451 723 1509 τοῖς
771 1447 1090 1524 ὒπηρὲταις,
1120 1447 1171 1503 ἐν
1219 1453 1299 1521 τῷ
1330 1450 1477 1504 οὕτω
1524 1469 1645 1511 πως
1690 1448 1908 1522 ὠνομα-

260 1536 444 1607 σμένῳ
490 1531 806 1609 διακονικῷ,
836 1541 945 1592 τῶν
992 1540 1154 1612 ἱερῶν
1207 1539 1463 1593 ἅπτεσθαι
1512 1542 1740 1603 σκευῶν,
1771 1540 1910 1612 πρὸς

251 1624 317 1677 τὸ
365 1621 438 1678 δι’
489 1623 670 1679 αὐτῶν
726 1625 1075 1701 ἳερουργῆσαι
1144 1624 1405 1699 δηλονότι
1458 1626 1524 1683 τὰ
1580 1628 1656 1689 εἷς
1715 1629 1904 1683 θυσίαν

254 1711 698 1790 προσφερόμενα,
743 1714 839 1769 τὸν
887 1713 1068 1788 ἄρτον,
1119 1718 1288 1795 φημὶ,
1336 1715 1428 1771 καὶ
1474 1717 1566 1771 τὸν
1618 1718 1790 1787 οἶνον,
1847 1714 1907 1771 ἐκ

254 1805 359 1855 τῶν
388 1802 771 1876 περιεχόντῶν
806 1800 1101 1874 ὑποδηλῶν
1131 1805 1199 1859 τὰ
1226 1804 1592 1881 περιεχόμενα
1625 1824 1635 1836 ·
1686 1804 1749 1859 οὐ
1796 1807 1901 1880 γὰρ

2092 1280 2241 1337 251
2284 1283 2432 1339 CAP.
2458 1284 2551 1340 IV.
2591 1287 2664 1342 De
2692 1290 2968 1347 ministri:
2995 1294 3110 1350 sive
3139 1294 3552 1367 hypodiaconis.

2088 1368 2286 1426 Canon
2332 1371 2398 1425 21
2449 1373 2657 1445 synodi
2703 1377 3058 1437 Laodicenae.
3099 1382 3223 1441 Non
3253 1385 3408 1456 licet,
3449 1388 3663 1462 inquit,

2019 1458 2308 1515 ministris
2354 1459 2416 1517 in
2458 1461 2607 1531 loco,
2656 1467 2757 1537 qui
2801 1474 3035 1527 vocatur
3080 1473 3467 1547 diaeonicum,
3500 1458 3665 1539 sacra

2014 1563 2154 1603 vasa
2199 1548 2502 1618 attingere,
2535 1568 2749 1626 nempe
2797 1558 2868 1612 ad
2896 1559 3352 1623 ministrandum
3410 1583 3479 1624 ea
3534 1587 3663 1643 qua

2013 1635 2075 1691 in
2139 1636 2488 1695 sacrificium
2538 1641 2887 1712 atteruntur,
2964 1664 3197 1719 panem,
3245 1654 3396 1724 dico,
3465 1662 3523 1715 et
3551 1635 3664 1716 ’νὶ-

2014 1740 2181 1792 num,
2236 1740 2340 1797 per
2380 1727 2685 1785 continens
2736 1733 2971 1804 quidem
3029 1736 3083 1793 id
3137 1742 3292 1812 quod
3331 1744 3664 1804 continetur

2014 1813 2401 1871 subinnuens.
2435 1815 2560 1872 Non
2611 1819 2763 1874 enim
2800 1820 2929 1879 istis
2977 1828 3334 1896 permittitur
3380 1833 3662 1892 diacono—

256 1886 458 1965 ἐφεῖται
491 1892 717 1955 τούτοις
744 1893 811 1946 τὰ
857 1897 964 1947 τῶν
1009 1890 1273 1949 διακόνων
1324 1893 1582 1968 μετιέναι.
1618 1892 1798 1949 Κένῶν
1847 1890 1898 1950 δὲ

2021 1916 2141 1957 rum
2169 1917 2387 1958 munus
2441 1904 2622 1962 obire.
2654 1908 2806 1967 Vasa
2836 1886 3030 1970 autem
3076 1931 3260 1974 vacua
3310 1886 3661 1994 ιειῖέςέὲὲῖὶι

254 1979 357 2032 τῶν
408 1981 578 2053 ἱερῶν
632 1985 838 2036 σκευῶν
883 1982 1158 2053 ἅπτεσθαι,
1201 1982 1293 2038 καὶ
1342 1984 1479 2057 πρὸς
1536 1984 1636 2051 τὴν
1692 1984 1898 2058 ἱερουρ-

257 2068 375 2143 γίαν
427 2069 774 2141 ἑτοιμάζειν,
825 2072 917 2125 καὶ
965 2072 1098 2144 μετὰ
1143 2076 1309 2128 τοῦτο
1365 2071 1764 2146 περιστέλλειν,
1808 2072 1897 2127 καὶ

254 2156 302 2210 ἐν
345 2157 510 2230 καλῷ
559 2164 659 2213 τοῦ
703 2160 804 2214 νεὼ
849 2162 1077 2232 τιθέναι,
1104 2166 1220 2224 τοῖς
1273 2159 1649 2223 ὑποδιακόνοις
1696 2160 1899 2223 παντὸς

256 2245 476 2317 μᾶλλον
504 2254 789 2324 προσῆκον
826 2268 840 2280 '
872 2254 1034 2306 τοῦτο
1065 2249 1153 2306 καὶ
1192 2251 1296 2325 γὰρ
1325 2251 1510 2313 αὐτοῖς
1540 2252 1576 2320 ἦ
1627 2248 1896 2305 διακονία.

319 2339 380 2389 ⁸0
412 2332 587 2390 δὲκέ
630 2334 758 2391 οὐδὲ
786 2335 951 2413 ἄρτον
994 2336 1224 2408 διδόναι,
1254 2341 1288 2410 ἢ
1338 2341 1606 2414 ποτήριον
1647 2337 1897 2415 εὐλογεῖν

257 2422 429 2497 iniam
465 2426 565 2479 τὸν
603 2427 904 2502 ὑπηρέτην,
942 2428 1060 2496 ἤτοι
1090 2430 1182 2483 τὸν
1212 2426 1594 2484 ὑποδιάκονον.

319 2605 376 2660 Ὁ
408 2603 473 2659 δὲ
512 2607 606 2679 μγ⁸
646 2602 768 2660 οὔτε
814 2610 911 2660 τοῦ
960 2605 1097 2661 λαοῦ
1149 2607 1541 2682 ὑπερεύχεσθαι
1588 2607 1714 2666 τοὺς
1761 2605 1900 2660 ὑπο-

260 2690 543 2754 διακόνους
596 2692 807 2748 κελεύει
850 2693 903 2748 ἐν
948 2700 1025 2767 τῷ
1054 2702 1152 2765 τῆς
1198 2696 1339 2757 θείας
1390 2695 1734 2770 λειτουργίας
1782 2717 1897 2749 και-

256 2784 354 2854 ρῷ,
385 2780 517 2837 οὔτε
550 2784 618 2837 τὰ
668 2785 784 2836 θεῖα
826 2786 1220 2859 μεταχειρίζειν
1270 2788 1563 2860 μυστήρια,
1590 2788 1751 2839 τοῦτο
1798 2786 1899 2859 γὰρ

254 2869 408 2949 ἔργον
463 2874 661 2945 μόνοις
712 2879 829 2938 τοῖς
874 2875 1127 2949 ἱερεῦσιν,
1175 2876 1320 2931 ἀλλᾶ
1375 2882 1493 2938 ταῖς
1550 2875 1736 2951 θύραις
1789 2873 1900 2953 ἐφε-

256 2966 441 3018 στείναι
478 2967 593 3016 τῶν
643 2962 812 3039 ἁγίων
860 2962 1191 3035 ἐκκλησιῶν,
1220 2965 1311 3019 καὶ
1365 2961 1506 3039 μηδὲ
1550 2966 1683 3039 πρὸς
1717 2962 1900 3038 βραχὺ

251 3054 463 3109 τούτων
526 3052 874 3129 ἀφίστασθαι,
936 3053 1073 3110 ὥστε
1129 3055 1357 3130 εἰσάγειν
1416 3075 1472 3109 τε
1537 3054 1626 3109 καὶ
1700 3051 1900 3129 ἐξάγειν

251 3143 375 3204 τοὺς
405 3142 895 3217 κατηχουμὲνους,
926 3145 1052 3206 τοὺς
1084 3142 1138 3198 ἒν
1174 3143 1450 3218 μετανοίᾳ,
1481 3143 1571 3197 καὶ
1599 3141 1726 3204 τοὺς
1779 3142 1901 3197 λοι-

251 3233 408 3294 πυός.
438 3234 537 3287 Ἐν
572 3229 631 3286 δὲ
674 3233 764 3286 καὶ
801 3232 965 3289 τοῦτο
1011 3238 1118 3288 τῶν
1166 3240 1268 3303 τῆς
1315 3232 1642 3303 Ἐκκλησίας
1689 3231 1899 3307 ταγμά-

252 3343 377 3393 των,
425 3324 493 3378 τὸ
538 3327 652 3378 τῶν
701 3324 1007 3398 ὑπηρετῶν,
1050 3327 1219 3405 φημὶ,
1266 3331 1376 3381 τῶν
1420 3326 1510 3380 καὶ
1554 3327 1896 3400 θεραπευτῶν
1927 3304 1971 3373 C

256 3412 601 3487 λεγομένων,
657 3415 748 3468 καὶ
808 3411 1204 3486 ὑποδιακόνων,
1258 3416 1404 3490 πὰρὰ
1471 3418 1729 3470 τοσοῦτον
1801 3415 1900 3468 τοῦ

257 3502 452 3558 λαϊκοῦ
502 3501 885 3577 πληρώματος
936 3502 1301 3579 ὑψηλότερον,
1333 3504 1459 3578 παρ’
1490 3503 1615 3559 ὅσον
1662 3507 1769 3557 τῶν
1801 3505 1899 3557 τοῦ

258 3593 513 3665 βήματος
544 3593 949 3666 ταπεινότερον.

322 3684 490 3752 Ζήτει
539 3682 627 3736 καὶ
676 3681 729 3736 ἐν
772 3686 852 3754 τῷ
882 3683 924 3738 θ’
969 3702 1087 3758 κεφ.
1137 3686 1235 3738 τοῦ
1284 3690 1327 3738 Δ
1377 3680 1654 3757 στοιχείου
1702 3681 1898 3778 κανόνα

257 3778 352 3840 τῆς
380 3769 437 3826 ἐν
492 3767 736 3847 Σαρδικῇ
762 3769 992 3826 συνόδου
1048 3773 1104 3826 ιε’
1135 3772 1222 3826 καὶ
1272 3771 1323 3826 ἐν
1353 3775 1432 3844 τῷ
1480 3773 1526 3826 θ’
1559 3792 1676 3849 κεφ.
1727 3768 1824 3825 τοῦ
1856 3776 1895 3824 Σ

262 3860 539 3939 στοιχείου
587 3861 783 3915 κανόνα
811 3866 910 3929 τῆς
964 3859 1014 3914 ἐν
1057 3857 1348 3933 Λαοδικείᾳ
1395 3855 1479 3915 κδ’
1511 3866 1597 3915 καί
1643 3861 1743 3937 κγ’.
1788 3861 1895 3932 Ζή-

258 3970 330 4004 τει
358 3949 454 4004 καὶ
485 3949 551 4004 τὸ
584 3946 639 4002 λ’
668 3969 786 4026 κεφ.
820 3953 919 4004 τοῦ
953 3955 991 4004 Ε
1020 3949 1316 4028 στοιχείου.

591 4043 844 4095 ΚΕΦΑΛ.
886 4039 962 4095 Ε¹.
1005 4039 1159 4112 Περὶ
1200 4033 1564 4096 ὑποόόλου.

323 4134 387 4185 Ἦ
437 4126 537 4182 τοῦ
583 4132 753 4203 σοφοῦ
800 4128 1031 4190 Λέοντος
1081 4129 1262 4203 νεαρὰ,
1316 4128 1549 4185 Πλείονα
1599 4126 1681 4184 δεῖ
1735 4129 1895 4201 εἶναι,

260 4217 410 4293 φησὶ,
473 4218 575 4286 τήν
642 4221 845 4288 προῖκα
890 4220 988 4270 τοῦ
1049 4212 1330 4271 ὑποϐόλου
1364 4235 1377 4248 ·
1434 4221 1532 4272 τοῦ
1591 4215 1647 4271 δὲ
1702 4214 1894 4291 ἀνδρὸς

258 4307 478 4361 ἀτέκνου
529 4303 979 4375 τελευτήσαντος,
1014 4304 1074 4359 ἂν
1107 4307 1184 4379 μὴ
1233 4309 1381 4382 παρῇ
1424 4306 1733 4382 σύμφωνον,
1767 4306 1896 4361 ἂνα-

255 4394 541 4465 κομίζετάι
592 4395 627 4461 ἡ
676 4394 806 4466 γυνὴ
849 4395 950 4463 τήν
1002 4414 1061 4448 τε
1107 4399 1309 4468 προῖκα
1352 4395 1441 4448 καὶ
1484 4394 1548 4450 τὸ
1598 4390 1893 4453 ὑπόϐολον.

254 4485 341 4537 καὶ
370 4481 545 4539 πλέον
600 4480 779 4540 οὐδὲν.
815 4482 873 4538 Εἰ
925 4480 982 4537 δὲ
1024 4484 1124 4552 τήν
1171 4488 1402 4560 γυναῖκα
1449 4485 1478 4538 ὁ
1521 4483 1742 4549 θάνατος
1789 4482 1897 4539 διαο

256 4574 464 4642 οπάσει,
498 4578 602 4641 τῆς
653 4572 747 4644 μὲν
800 4572 852 4627 οἱ
900 4571 1243 4647 κληρονόμοι
1288 4575 1387 4643 τὴν
1428 4579 1630 4645 προῖκα
1676 4571 1897 4647 λαμϐα-

254 4680 486 4716 νετωσαν
524 4679 540 4693 ’

255 4745 562 4807 ὗποϐόλου.

646 4843 827 4895 ΑΡΧΗ
866 4843 989 4892 ΤΟΥ
1025 4843 1075 4893 Φ
1116 4842 1492 4896 ΣΤΟΙΚΕῙΟΥ.

565 4930 824 4984 ΚΕΦΑΛ.
868 4928 943 4985 Δ’.
988 4929 1142 5000 Περὶ
1183 4926 1579 4985 Φαλκιδίου.

315 5013 628 5078 Φαλκιδιός
659 5013 770 5071 ἐστι
817 5015 983 5088 νόμος
1033 5020 1328 5090 περιαιρῶν
1361 5018 1467 5073 ἀπὸ
1514 5023 1623 5074 τῶν
1667 5017 1890 5094 λεγατα-

251 5109 377 5182 ρίων
406 5107 476 5163 τὸ
522 5105 713 5178 τρίτον
762 5106 928 5179 μέρος
957 5111 1056 5174 τῆς
1105 5112 1375 5180 πατρικῆς
1421 5107 1627 5179 οὐσίας,
1658 5108 1747 5163 καὶ
1798 5130 1894 5164 πε-

250 5201 478 5269 ριποιῶν
530 5199 614 5267 τῷ
656 5192 998 5268 κληρονόμῳ
1033 5212 1045 5224 ’
1097 5191 1364 5266 ἐπενοήθη
1416 5195 1473 5251 δὲ
1514 5196 1741 5270 προνοίᾳ
1787 5201 1894 5251 τῶν

247 5284 477 5356 ⁴ιιειίδων,
525 5283 621 5339 ’ίνα
672 5284 725 5339 οἱ
774 5281 993 5360 φυσικοὶ
1040 5280 1384 5358 κληρονόμοι
1438 5284 1700 5360 πρότερον
1749 5287 1893 5359 θερα-

246 5377 533 5431 πευθῶσιν.
568 5376 727 5431 Ἐστι
758 5369 819 5427 δὲ
846 5374 1100 5433 τοιοῦτος
1131 5390 1145 5405 ο
1180 5372 1242 5427 Εἰ
1277 5373 1371 5446 μὶν
1402 5376 1479 5435 εἷς
1512 5371 1586 5429 ὢν
1630 5375 1891 5453 τυγχάνει

247 5468 322 5535 τῷ
347 5466 512 5538 πατρὶ
542 5469 699 5530 παῖς,
738 5462 774 5532 ἢ
829 5458 949 5532 δύο,
983 5462 1018 5531 ἢ
1050 5461 1217 5534 τρεῖς,
1247 5458 1380 5536 ἄχρι
1429 5462 1519 5518 καὶ
1562 5468 1669 5518 τῶν
1701 5464 1891 5520 τεσσά-

249 5573 377 5626 ρων,
409 5549 889 5630 ὑπεξαιρουμένων
940 5550 1205 5624 πρότερον
1250 5554 1360 5607 τῶν
1410 5556 1612 5627 χρεῶν,
1643 5555 1732 5607 καὶ
1778 5558 1887 5609 τῶν

248 5642 295 5697 ἐν
322 5647 393 5717 τῇ
422 5644 614 5717 κηδείᾳ
666 5640 1084 5715 ἀναλωμάτων,
1112 5640 1202 5694 καὶ
1247 5645 1359 5698 τῶν
1399 5642 1481 5699 ἐπ’
1531 5639 1772 5714 εὐσεϐείᾳ
1805 5641 1885 5699 δι-

251 5728 509 5809 δομένων,
538 5730 619 5791 ἔτι
666 5730 731 5788 δὲ
768 5731 859 5787 καὶ
909 5732 1019 5784 τῶν
1061 5730 1393 5803 τιμημάτων
1443 5736 1549 5788 τῶν
1597 5732 1887 5808 ἐλευθερω-

2011 1990 2082 2045 ad
2115 2006 2345 2047 sacrum
2376 1993 2634 2051 ofﬁcium
2668 2013 3007 2070 praeparare,
3039 2010 3096 2062 et
3118 2012 3320 2078 postea
3349 1990 3660 2083 deponere,

2008 2082 2064 2134 et
2119 2079 2177 2135 in
2227 2078 2352 2137 loco
2394 2083 2598 2155 templi
2647 2090 2955 2147 commodo
2998 2092 3303 2163 collocare,
3360 2078 3648 2173 hipcdia?

2006 2166 2168 2223 conis
2198 2169 2451 2225 maxime
2493 2174 2780 2232 convenit.
2814 2180 2935 2234 Hoc
2967 2180 3123 2239 enim
3160 2198 3361 2242 eorum
3390 2166 3660 2247 ministe-

2009 2255 2154 2311 rium
2189 2262 2299 2314 est.

2077 2345 2272 2401 Canon
2302 2362 2438 2404 vero
2486 2350 2559 2405 25
2588 2367 2777 2426 neque
2808 2372 3015 2425 panem
3058 2362 3424 2435 distribuere,
3471 2383 3655 2438 neque

2007 2434 2281 2505 poculum
2314 2437 2651 2499 benedicere
2707 2447 2989 2516 permittit
3036 2452 3372 2511 ministrum
3402 2434 3518 2519 sive
3548 2434 3662 2531 by-

2008 2525 2421 2594 poniiaconum.

2079 2617 2263 2685 Atque
2302 2616 2370 2671 43
2411 2618 2575 2688 jubet
2620 2620 3056 2693 hypodiaconoe
3099 2649 3284 2707 neque
3315 2656 3418 2710 pro
3448 2646 3657 2716 populo

2008 2719 2194 2770 orare,
2236 2721 2353 2776 quo
2400 2716 2654 2779 tempore
2717 2730 2885 2772 sacra
2935 2724 3211 2791 mysteria
3273 2739 3654 2805 peraguntur,

2008 2806 2193 2863 neque
2248 2810 2411 2850 sacra
2456 2796 2556 2853 illa
2605 2804 2879 2861 manibus
2904 2809 3028 2865 suis
3065 2796 3447 2889 contrectare:
3499 2796 3656 2896 quod

2010 2880 2303 2952 peculiare
2324 2897 2535 2941 munus
2551 2892 2641 2944 est
2658 2895 3027 2954 sacerdotum
3048 2915 3062 2967 ;
3083 2903 3181 2958 sed
3207 2905 3277 2960 ad
3300 2880 3447 2966 fores
3468 2880 3658 2972 αξιοι-ό

2009 2986 2302 3027 sacrarum
2334 2973 2804 3050 ecclesiarum,et
2836 3001 2906 3039 ne
2937 2989 3235 3048 tantillum
3268 2998 3501 3068 quidem
3523 3002 3655 3060 illas

2011 3057 2356 3131 relinquere,
2389 3071 2447 3117 ul
2496 3067 2721 3135 possint
2758 3072 3002 3130 educere
3043 3083 3100 3134 et
3155 3057 3520 3147 introducere
3565 3107 3657 3148 ca-

2009 3148 2389 3205 techumenos
2419 3154 2812 3223 pmniteutiam
2859 3169 3112 3237 agentes,
3145 3175 3319 3244 atque
3348 3177 3521 3233 etiam
3555 3197 3654 3236 re-

2010 3234 2220 3307 liquos.
2282 3238 2384 3339 Hic
2413 3249 2605 3300 autem
2638 3245 2762 3318 ipse
2799 3265 2865 3305 ex
2905 3234 3653 3340 ordinibusmcclesiatici—s,

2008 3325 2229 3382 scilicet
2260 3328 2658 3390 ministrorum
2680 3340 2736 3392 et
2759 3354 3079 3415 servorum,
3114 3351 3178 3404 ut
3204 3360 3506 3420 vocantur,
3549 3325 3653 3416 seu

2012 3412 2540 3516 hypodiaconorum
2590 3428 2759 3516 tanta,
2793 3412 3073 3490 laicorum
3120 3440 3405 3512 superior,
3436 3412 3652 3516 quant;

2008 3499 2286 3571 gradibus
2314 3505 2718 3568 ecclesiasticis
2748 3515 3003 3581 inferior.

2079 3682 2303 3784 Quere_
2321 3691 2379 3743 et
2416 3690 2476 3747 in
2509 3709 2661 3751 nono
2690 3700 2878 3770 capite
2914 3702 3027 3762 litt.
3059 3709 3105 3763 Α
3137 3724 3265 3766 can.
3298 3726 3420 3784 syn.
3453 3714 3649 3772 Sardi-

2009 3774 2201 3828 censie
2243 3776 2326 3847 t5,
2385 3783 2442 3835 et
2486 3781 2547 3837 in
2590 3784 2626 3837 9
2662 3788 2789 3843 cad.
2831 3788 2939 3848 litt.
2983 3797 3023 3846 Σ
3055 3811 3185 3854 can.
3214 3799 3286 3854 22
3323 3774 3380 3858 et
3417 3803 3487 3859 23
3516 3821 3643 3878 syn.

2013 3861 2364 3923 Laodiceam.
2402 3870 2536 3926 Vide
2566 3874 2741 3932 etiam
2775 3893 2903 3951 cap,
2934 3883 3003 3936 30
3033 3883 3142 3942 litt.
3172 3886 3233 3943 E.

2289 4046 2444 4106 CAP.
2478 4051 2544 4106 V.
2578 4054 2650 4110 De
2667 4054 2961 4117 donatione
2989 4072 3114 4121 ante
3140 4072 3378 4136 nuptias.

2078 4133 2287 4190 Leonis
2317 4138 2607 4211 Sapientis
2656 4149 2997 4207 constitutio
3036 4133 3282 4226 novella,
3314 4159 3538 4231 Dotem,
3564 4165 3648 4221 in-

2006 4222 2152 4292 quit,
2201 4232 2428 4296 oportet
2472 4232 2747 4302 majorem
2798 4254 2928 4295 esse
2975 4222 3307 4305 donatione.
3357 4250 3412 4305 Si
3445 4222 3537 4307 vir
3561 4257 3650 4309 ta-

2007 4327 2140 4367 men
2172 4315 2297 4370 sine
2328 4318 2526 4377 liberis
2558 4324 2859 4395 moriatur,
2892 4333 2949 4384 et
2977 4337 3303 4393 contractus
3333 4355 3447 4396 non
3478 4340 3651 4398 inter-

2006 4406 2265 4473 cesserit,
2297 4411 2499 4480 repetit
2539 4412 2750 4469 mulier
2787 4416 2979 4475 dotem
3010 4424 3067 4475 et
3113 4423 3484 4485 donationem
3516 4435 3650 4487 ante

2009 4492 2268 4563 nuptias,
2298 4503 2353 4551 et
2385 4497 2528 4555 nihil
2578 4508 2802 4572 praeter.
2832 4507 2905 4562 At
2932 4507 2978 4563 ei
3016 4524 3173 4567 mors
3203 4515 3477 4588 corripiat
3516 4517 3648 4575 m’u-

2008 4579 2226 4651 lierem,
2287 4584 2543 4643 haredes
2600 4590 2786 4662 ipsius
2842 4593 3034 4653 dotem
3075 4579 3394 4674 recipiant;
3430 4607 3529 4662 sed
3561 4608 3649 4664 vir

614 4661 642 4715 ὁ
689 4659 747 4715 δὲ
812 4661 948 4737 ἀνὴρ
1005 4664 1102 4717 τοῦ
1160 4659 1302 4716 ἰδίου
1361 4663 1439 4735 μὴ
1492 4660 1891 4737 ἂποστερείσθω

2021 4686 2166 4727 luam
2198 4673 2566 4734 donationem
2598 4659 2836 4740 minime
2866 4689 3114 4743 amittat.

2360 4856 2520 4918 952
2552 4861 2837 4922 INITIUM
2878 4868 3202 4927 LITTERE
3222 4879 3289 4930 Φ.

2427 4947 2580 5007 CAP.
2616 4952 2658 5007 Ι.
2701 4955 2775 5011 De
2802 4956 2918 5029 tege
2952 4960 3218 5018 Falcidia.

2073 5031 2330 5090 Falcidia
2385 5044 2475 5094 est
2534 5038 2623 5097 lex
2669 5059 2793 5114 qua
2842 5064 2876 5102 a
2922 5047 3125 5121 legatis
3163 5053 3364 5110 eximit
3417 5058 3645 5117 tertiam

2005 5127 2226 5189 partem
2271 5125 2627 5196 patrimonii,
2659 5148 2906 5206 eamque
2944 5136 3154 5196 heredi
3184 5145 3471 5201 concedit.
3507 5147 3646 5205 Lata

2002 5213 2194 5267 autem
2227 5219 2319 5268 est
2377 5213 2688 5276 liberorum
2721 5238 2918 5291 causa,
2967 5231 3031 5282 ut
3070 5232 3435 5290 naturalibus
3464 5235 3646 5292 haere-

2001 5296 2170 5356 dibus
2203 5302 2391 5372 primo
2421 5308 2864 5380 prospiceretur.
2888 5314 2983 5369 Sic
3009 5324 3201 5374 autem
3236 5320 3322 5377 lex
3345 5339 3408 5378 se
3434 5323 3640 5381 habet:

2001 5387 2061 5445 Si
2110 5397 2275 5462 pater
2318 5394 2411 5451 vel
2443 5413 2619 5453 unum
2661 5399 2748 5455 vel
2779 5402 2924 5458 duos
2981 5406 3068 5461 vel
3100 5412 3214 5464 tres
3252 5417 3310 5467 et
3341 5429 3526 5485 usque
3573 5416 3642 5471 ad

2001 5485 2246 5550 quatuor
2271 5483 2419 5540 ﬁlios
2449 5485 2735 5559 habuerit,
2770 5490 3072 5550 subductis
3099 5498 3259 5568 prius
3288 5483 3519 5569 debitis,
3552 5509 3643 5558 at-

1999 5584 2112 5639 que
2162 5574 2495 5643 sumptibus
2527 5575 2584 5631 in
2643 5578 2799 5633 luctu
2844 5579 3031 5649 factis,
3058 5589 3117 5640 et
3147 5585 3219 5642 iis
3258 5604 3387 5659 quae
3414 5590 3472 5645 in
3515 5591 3642 5662 pios

1998 5670 2141 5712 usus
2192 5670 2524 5731 erogantur,
2556 5672 2671 5718 tum
2702 5665 2880 5720 etiam
2922 5670 3103 5739 pretio
3132 5688 3429 5729 servorum
3458 5676 3639 5731 liber-

1996 5746 2113 5802 tate
2151 5746 2572 5820 donandorum,
2605 5752 2890 5824 accipient
2939 5756 3101 5814 liberi
3152 5760 3371 5817 tertiam
3413 5767 3638 5833 partem
