4092 6300
387 424 501 484 175

1677 425 2056 488 MATTHIEI
2098 423 2526 487 BLASTARIS

3662 419 3778 478 176

385 557 672 613 bonorum
720 559 1115 628 paternorum.
1175 556 1276 613 Sin
1319 574 1451 614 vero
1502 559 1764 632 quinque
1812 562 2028 618 fuerint

2142 557 2336 614 θέντων
2394 557 2639 626 οἰκετῶν,
2698 551 3069 628 λαμϐάνουσιν
3132 554 3181 607 οἱ
3242 548 3429 613 παῖδες
3474 550 3538 605 τὸ
3585 554 3634 627 γ’
3677 556 3780 619 τῆς

380 645 574 715 liberi,
605 650 704 703 aut
734 645 907 718 ultra,
932 651 1106 718 atque
1136 647 2033 721 insuper,possidentdimidium

383 736 749 804 facultatum,
798 735 1088 807 reliquum
1122 751 1257 793 vero
1289 746 1482 810 parter
1530 737 1802 812 largitur,
1834 746 1900 795 ut
1922 740 2034 813 ipsi

383 824 549 897 tibet,
579 826 669 883 vel
716 827 819 884 uni
866 827 956 883 vel
994 825 1263 899 pluribus
1312 826 1566 885 ﬁliorum
1622 846 1890 899 suorum,
1937 835 2038 887 aut

383 915 651 970 extraneo
698 913 954 971 cuilibet.
1005 912 1066 968 Si
1112 918 1308 970 tamen
1368 914 1429 970 in
1494 916 1842 987 profondum
1892 916 2036 973 forte

384 1001 665 1073 projicere
700 1002 839 1058 velit
896 1009 1075 1074 pater,
1135 1019 1306 1059 nemo
1364 1004 1411 1058 ei
1472 1005 1769 1061 criminari
1819 1010 2029 1078 potest.

387 1089 534 1147 Dicit
568 1096 762 1148 autem
816 1092 905 1149 lex
958 1108 973 1147 :
1019 1092 1250 1163 Legata,
1290 1109 1422 1165 quae
1467 1094 1529 1150 in
1568 1095 1696 1166 pios
1743 1111 1889 1152 usus
1936 1111 2034 1153 re-

383 1179 750 1253 linquuntur,
808 1186 943 1240 ante
967 1181 1154 1255 legem
1211 1181 1527 1240 Falcidiam
1610 1184 1874 1242 obtinere
1928 1202 2032 1242 vo-

384 1269 608 1328 lumus.

730 1467 884 1526 CAP.
919 1469 985 1525 II.
1020 1470 1094 1525 De
1124 1470 1372 1541 veneﬁci:
1397 1475 1448 1526 et
1488 1473 1680 1543 magis.

455 1577 657 1642 Quaere
685 1592 814 1648 cap.
848 1577 875 1631 1
909 1575 1021 1634 litt.
1051 1579 1125 1633 Μ.

890 1681 1047 1737 CAP.
1081 1683 1154 1738 II.
1193 1683 1268 1737 De
1298 1690 1512 1754 stupro.

449 1791 650 1856 Quaere
692 1792 750 1846 in
782 1806 910 1863 cap.
947 1791 1013 1845 15
1050 1791 1162 1846 litt.
1213 1791 1268 1846 M
1299 1807 1578 1848 canonem
1615 1794 1681 1849 18
1711 1798 1769 1849 et
1796 1796 1867 1848 60
1897 1810 2026 1851 ma-

2142 651 2379 722 καθαρᾶς
2422 646 2733 722 περιουσίας
2780 648 2877 700 τοῦ
2934 643 3161 719 πατρός.
3224 642 3289 698 Εἰ
3347 639 3403 695 δὲ
3460 649 3500 696 ε’
3545 641 3677 694 εἰσὶν
3727 641 3781 695 οἱ

2140 736 2328 801 παῖδες
2378 736 2468 791 καὶ
2526 736 2791 805 ἐπέκεινα,
2842 735 2905 788 τὸ
2960 734 3134 807 ἥμισυ
3191 735 3421 786 κτῶνται
3496 737 3595 799 τῆς
3650 730 3782 784 ὑπο.

2141 826 2397 898 στάσεως,
2427 827 2491 880 τὸ
2523 823 2581 880 δέ
2631 824 2828 880 λοιπὸν
2857 822 3232 901 φιλοτιμεῖται
3284 821 3315 874 ὁ
3336 820 3521 894 πατὴρ
3564 816 3689 875 ἔνθα
3716 818 3781 873 ἃν

2140 917 2391 990 αἱρεῖται,
2423 915 2457 984 ἢ
2489 912 2566 969 ἐνὶ
2592 918 2699 969 τῶν
2730 914 2894 968 αὑτοῦ
2923 909 3158 977 παίδων,
3187 911 3222 978 ἢ
3257 909 3524 981 πλείοσιν,
3555 910 3591 979 ἢ
3641 910 3782 981 ξένῳ

2106 1002 2446 1077 ,ῆοίῳδήτινμ
2500 1003 2564 1061 Εἴ
2613 1001 2671 1058 δὲ
2721 1001 2811 1057 καὶ
2854 1001 2992 1057 κατὰ
3043 1002 3210 1076 βυθοῦ
3261 1000 3416 1073 ῥῖψαι
3472 996 3777 1073 βουληθείη

2133 1095 2306 1168 τυχὸν
2338 1095 2366 1147 ὁ
2396 1094 2601 1165 πατὴρ,
2634 1091 2733 1147 οὐκ
2778 1084 2895 1165 ἔχει
2921 1090 3014 1144 τὸν
3065 1087 3442 1163 ἀνακρίνοντα.
3479 1087 3626 1157 Φησὶ
3657 1084 3718 1140 δὲ
3748 1088 3779 1142 ὁ

2135 1185 2305 1256 νόμος
2338 1204 2350 1215 ’
2412 1182 2487 1237 Τὰ
2542 1181 2626 1236 ἐπ’
2684 1175 2928 1251 εὐσεϐείᾳ
2982 1176 3508 1249 καταλιμπανόμενα
3573 1174 3781 1250 λεγάτα

2134 1275 2222 1329 καὶ
2259 1276 2357 1329 τοῦ
2401 1269 2710 1327 Φαλκιδίου
2756 1270 2921 1326 αὐτοῦ
2967 1267 3103 1323 κατᾶ
3147 1266 3484 1342 προτίμησιν
3533 1265 3781 1339 ἀνώτερα

2134 1365 2264 1420 εἶναι
2296 1364 2518 1432 θεσπίζο
2525 1383 2644 1437 μεν.

2241 1477 2494 1527 ΚΕΦΔΛ.
2540 1473 2614 1525 Β’.
2660 1466 2815 1544 Περὶ
2855 1469 3223 1545 φαρμακῶν
3260 1465 3368 1519 καὶ
3410 1465 3664 1541 μάγων.

2203 1580 2359 1650 Ζήτει
2389 1579 2452 1634 τὸ
2485 1579 2529 1632 α’
2558 1575 2848 1656 κεφάλαιον
2878 1578 2975 1630 τοῦ
3006 1581 3056 1631 Μ
3089 1572 3388 1648 στοιχείου.

2317 1690 2570 1743 ΚΕΦΑΛ.
2612 1691 2681 1740 Γ’.
2727 1683 2883 1757 Περὶ
2923 1685 3170 1758 φθορᾶς
3206 1680 3578 1755 παρθένων.

2198 1797 2360 1864 Ζήτει
2392 1793 2444 1848 ἐν
2492 1797 2571 1865 τῷ
2622 1799 2676 1846 ιε’
2705 1811 2826 1869 κεφ.
2877 1793 2975 1844 τοῦ
3006 1796 3057 1845 Μ
3109 1787 3389 1862 στοιχείου
3438 1785 3633 1842 κανόνα
3672 1789 3773 1840 τοῦ

380 1881 478 1949 gni
533 1879 767 1949 Basilii;
818 1885 875 1936 et
904 1896 1029 1951 cap.
1064 1880 1131 1935 13
1180 1879 1289 1935 litt.
1349 1883 1427 1949 A;
1478 1886 1536 1937 et
1592 1899 1719 1954 cap.
1769 1885 1805 1937 8
1862 1889 1916 1939 et
1955 1885 2027 1939 30

2142 1882 2385 1959 μεγάλου
2419 1881 2710 1938 Βασιλείου
2759 1882 2829 1949 ιη’
2878 1880 2966 1933 καὶ
2998 1879 3059 1949 ξ’,
3098 1878 3189 1933 καὶ
3236 1877 3300 1932 τὸ
3333 1878 3396 1952 ιγ’
3447 1897 3567 1951 κεφ.
3594 1879 3693 1930 τοῦ
3723 1879 3772 1931 Α

2338 1973 2350 1987 ,
2546 1973 2561 1987 .
2682 1974 2707 1983 ν
2756 1975 2792 1987 ,η
3043 1968 3055 1987 ι
3209 1968 3222 1983 κ
3305 1968 3316 1984 ρ
3440 1966 3454 1983 κ
3505 1965 3552 1987 ν
3602 1964 3734 1987 ,ML

383 1969 468 2025 Iit.
504 1974 560 2023 Γ.

859 2147 1015 2203 CAP.
1061 2148 1151 2204 IV.
1190 2153 1270 2206 De
1301 2152 1559 2206 avaritia.

382 2255 523 2312 Vide
543 2271 667 2328 cap.
707 2256 765 2310 ιι
802 2254 915 2313 litt.
950 2256 1021 2311 Π.

380 2363 533 2418 CAP.
564 2362 634 2417 V.
685 2363 757 2419 De
784 2361 1075 2419 homicidio
1102 2364 1418 2420 voluntario
1455 2369 1506 2419 et
1548 2364 1950 2420 involuntario.

451 2470 646 2527 Canon
702 2470 1136 2527 653anctorum
1186 2472 1600 2542 apostolorum.
1649 2473 1755 2538 Qui
1804 2473 1862 2527 in
1914 2491 2026 2544 pu-

379 2575 515 2632 gna,
545 2559 761 2631 inquit,
809 2564 867 2616 et
888 2560 1084 2632 jurgio
1126 2562 1456 2631 percutiens
1487 2560 1742 2632 aliquem
1783 2561 2024 2619 interfe-

380 2649 543 2718 cerit,
576 2648 843 2719 quamvis
873 2649 1114 2704 unicum
1154 2649 1335 2705 ictum
1371 2649 1654 2717 intulerit,
1690 2650 1738 2706 si
1780 2650 2027 2709 clericus

380 2738 574 2806 fuerit,
620 2738 959 2808 deponatur,
1001 2742 1239 2810 propter
1266 2740 1441 2794 animi
1484 2740 1573 2795 sui
1605 2741 2022 2811 temeritatem;

381 2829 499 2883 atsi
512 2826 720 2893 laicus,
741 2827 1302 2884 excommunicetur.
1317 2828 1463 2884 Nam
1488 2834 1820 2901 propterera
1849 2831 2025 2887 etiam

380 2916 663 2972 Dominus
686 2916 853 2987 jubet
874 2932 1212 2988 oppressum
1226 2933 1341 2973 non
1373 2918 1565 2973 solum
1590 2934 1704 2973 non
1719 2918 2026 2988 obsistere,

381 3003 487 3060 sed
522 3005 820 3060 dexteram
878 3006 1131 3077 praebere
1179 3005 1439 3075 ferienti;
1499 3007 1631 3061 ideo
1681 3008 1834 3078 quod
1875 3023 2027 3079 sepe

381 3107 580 3164 pugna
610 3092 667 3149 in
709 3093 924 3149 caedem
953 3093 1172 3149 disinit.

455 3336 699 3407 Magnus
740 3337 934 3390 autem
982 3334 1292 3405 Gregorius
1359 3336 1659 3409 Nyssenus
1700 3337 1759 3393 in
1791 3353 1920 3395 can.
1961 3341 2017 3407 5,
2051 3298 2102 3366 ϐ

384 3422 635 3489 Crimen,
668 3422 879 3495 inquit,
913 3422 1213 3480 homicidii
1264 3425 1324 3482 in
1357 3425 1753 3482 voluntarium
1794 3427 2028 3484 etinvo-

384 3512 702 3567 luntarium
760 3513 1158 3584 distinguitur.
1221 3513 1292 3568 Et
1355 3514 1735 3571 homicidium
1789 3518 2025 3588 quidem

385 3600 774 3657 voluntarium
821 3605 932 3668 est,
979 3604 1135 3671 quod
1163 3616 1232 3657 ex
1279 3602 1695 3660 deliberatione
1741 3611 2029 3677 perpetra-

382 3697 510 3756 tur;
555 3690 765 3746 deinde
820 3696 879 3746 et
915 3688 1062 3745 illud
1116 3689 1269 3747 inter
1325 3692 1479 3749 258
1556 3693 1883 3751 voluntaria
1939 3711 2029 3750 re-

384 3785 675 3845 censetur,
708 3779 939 3849 quando
969 3779 1100 3850 quis
1138 3779 1197 3834 in
1229 3796 1546 3853 congressu
1589 3787 1646 3836 et
1674 3799 1870 3854 pugna
1899 3799 2030 3838 ver-

386 3870 593 3924 berans
620 3874 677 3923 et
713 3867 1069 3936 verberatus,
1101 3869 1306 3924 inferat
1333 3877 1562 3943 arrepta
1603 3873 2029 3942 opportunitate

387 3970 566 4011 manu
586 3971 695 4011 sua
715 3956 895 4011 ictum
922 3955 1207 4011 lethalem.
1236 3956 1379 4013 Nam
1404 3962 1503 4030 qui
1526 3961 1700 4015 animi
1735 3962 2027 4032 impotens

383 4045 482 4099 ire:
511 4060 630 4099 sue
659 4043 902 4116 impetui
927 4043 1116 4099 locum
1143 4045 1385 4114 dederit,
1409 4048 1536 4117 jam
1573 4048 1714 4103 nihil
1747 4066 1945 4106 eorum
1965 4049 2023 4104 in

385 4136 642 4189 mentem
682 4132 907 4187 inducit
954 4149 1083 4203 qua
1131 4133 1353 4190 malum
1400 4136 1709 4204 praecidere
1743 4142 2027 4208 poterant,

386 4222 527 4277 dum
583 4221 734 4294 viget
792 4221 1019 4294 passio;
1056 4222 1198 4279 adeo
1241 4229 1308 4279 ut
1353 4223 1732 4282 homicidium
1783 4243 1851 4283 ex
1890 4243 2029 4283 con-

383 4326 586 4383 gressu
616 4313 898 4366 referatur
925 4311 1076 4367 inter
1113 4311 1549 4370 deliberationis
1577 4330 1767 4385 opera,
1801 4324 1855 4371 et
1886 4331 2023 4372 neu-

382 4402 609 4473 tiquam
640 4402 792 4456 inter
819 4400 1080 4457 fortuita.

452 4489 851 4547 Involuntaria
900 4494 1094 4546 autem
1127 4491 1436 4548 homicidia
1467 4494 1685 4550 indicia
1717 4496 2029 4552 manifesta

386 4579 628 4648 habent,
660 4594 794 4634 cum
824 4577 971 4648 quis,
1004 4577 1146 4634 dum
1168 4578 1332 4635 aliud
1357 4598 1592 4651 prorsus
1623 4584 1889 4650 intendit,
1920 4585 2025 4640 for-

2138 1973 2438 2051 στοιχείου,
2476 1973 2562 2025 καὶ
2615 1974 2711 2025 τοῦ
2756 1975 2793 2023 Γ
2844 1968 3122 2042 στοιχείου
3168 1968 3231 2021 τὸ
3267 1968 3316 2036 η’
3364 1966 3455 2020 καὶ
3505 1965 3552 2020 λ’
3600 1964 3772 2040 κεφά-

2135 2062 2311 2118 λαιον.

2408 2155 2666 2209 ΚΕΦΑΛ.
2708 2152 2779 2206 Δ“.
2824 2150 2980 2223 Περί
3020 2146 3491 2222 φιλαργυρίας.

2205 2264 2358 2332 Ζήτει
2391 2261 2453 2316 τὸ
2485 2263 2551 2314 ια’
2583 2255 2874 2335 κεφάλαιον
2906 2260 3007 2311 τοῦ
3040 2263 3082 2311 Π
3117 2256 3418 2330 στοιχείου.

2135 2374 2384 2425 ΚΕΦΑΛ.
2412 2370 2482 2423 Ε’.
2510 2368 2661 2441 Περὶ
2696 2365 2903 2444 φόνων
2929 2362 3249 2417 ἑκουσίων
3280 2362 3386 2416 καὶ
3415 2360 3767 2417 ἀκουσίων.

2204 2483 2261 2533 '0
2317 2478 2382 2550 ξε¹
2448 2479 2554 2531 τῶν
2610 2474 2780 2549 ἁγίων
2840 2470 3160 2527 ἀποστόλων
3217 2471 3417 2538 κανὼν,
3465 2470 3654 2528 ’Όστις
3712 2468 3768 2523 έν

2138 2567 2315 2642 μάχῃ,
2348 2566 2504 2643 φησὶ,
2535 2564 2624 2619 καὶ
2674 2560 2978 2641 φιλονεικίᾳ
3022 2559 3233 2630 πλήξας
3278 2556 3578 2614 ἀποκτείνει
3624 2558 3771 2629 τινὰ,

2133 2659 2179 2713 εί
2235 2657 2327 2712 καὶ
2378 2656 2502 2730 μίαν
2549 2651 2710 2729 ἔτυχε
2763 2651 3089 2727 κατενεγκὼν
3136 2651 3234 2717 τήν
3283 2648 3525 2725 πληγὴν,
3573 2647 3618 2703 εί
3674 2649 3770 2719 μὲν

2133 2746 2400 2823 κληρικὸς
2449 2742 2557 2813 εἷή,
2605 2742 2968 2815 καθαιρείσθω
3019 2738 3108 2794 διὰ
3162 2740 3262 2808 τήν
3320 2737 3639 2812 προπέτειαν
3682 2737 3773 2792 αὖα

2132 2840 2230 2893 τοῦ
2262 2857 2276 2870 ·
2310 2835 2361 2891 εἴ
2408 2831 2464 2889 δὲ
2511 2832 2722 2900 λαϊκος,
2770 2828 3127 2907 ἂφοριζέσθω.
3181 2829 3279 2883 Διὰ
3323 2827 3423 2903 γάρ
3473 2848 3559 2883 τοι
3609 2830 3776 2881 τοῦτο

2133 2928 2221 2982 καὶ
2257 2927 2284 2980 ὁ
2336 2925 2537 2997 Κύριος
2583 2920 2691 2998 οὐχ
2735 2920 2884 2980 ὅπως
2921 2919 2997 2990 μῆ
3049 2917 3337 2990 ἀμύνεσθαι
3384 2915 3476 2971 τὸν
3524 2913 3780 2986 λελυπη-

2133 3016 2287 3083 κότα,
2338 3011 2485 3068 ἀλλὰ
2537 3011 2628 3065 καὶ
2671 3011 2769 3080 τὴν
2828 3005 2999 3078 δεξιὰν
3054 3004 3385 3080 ἐμπαρέχειν
3437 3002 3649 3060 κελεύει
3695 3009 3778 3077 τῷ

2136 3104 2374 3175 παίοντι,
2407 3104 2494 3158 οἷα
2524 3108 2622 3172 τῆς
2677 3101 2867 3175 μάχης
2898 3091 3006 3153 ἔσθ’
3053 3095 3143 3152 ὅτε
3178 3095 3519 3166 τελευτώσης
3565 3094 3644 3157 εἷς
3675 3096 3781 3173 φό-

2135 3216 2250 3252 νον.

2209 3356 2266 3409 Ὀ
2311 3351 2367 3407 δὲ
2419 3351 2581 3427 μέγας
2631 3349 2934 3425 Γρηρόριος
2985 3345 3201 3415 Νόσσης
3248 3344 3302 3400 έν
3348 3349 3429 3416 τῷ
3478 3346 3515 3399 ε’
3567 3344 3778 3412 κανόνι,

2135 3447 2204 3500 Τὸ
2233 3449 2330 3498 τοῦ
2383 3444 2567 3516 φόνου,
2600 3441 2788 3518 φησὶν,
2820 3439 2948 3514 ἄγος
2994 3440 3063 3510 τῇ
3105 3434 3336 3512 διαφορᾷ
3378 3440 3475 3490 τοῦ
3525 3435 3776 3489 ἑκουσίου

2137 3534 2227 3588 καὶ
2256 3537 2351 3586 τοῦ
2383 3530 2637 3586 ἀκουσίου
2668 3527 2947 3603 διῄρηται.
2983 3526 3082 3582 Καὶ
3113 3526 3360 3586 ἑκούσιος
3395 3523 3490 3596 μέν
3520 3524 3631 3579 ἐστι
3683 3525 3779 3600 φό-

2137 3643 2227 3683 νος
2260 3623 2288 3676 ὁ
2320 3622 2378 3676 ἐκ
2423 3624 2767 3694 παρασκευῆς
2806 3614 3222 3689 τετολμημένος
3249 3633 3262 3646 ·
3313 3608 3497 3668 ἔπειτα
3526 3613 3778 3675 κάκεῖνος

2138 3712 2189 3766 ἐν
2236 3716 2353 3774 τοῖς
2404 3710 2672 3769 ἑκουσίοις
2718 3706 3002 3779 ἐνομίσθη,
3053 3703 3179 3758 ὅταν
3224 3723 3306 3765 τις
3366 3703 3420 3757 ἐν
3469 3701 3778 3775 συμπλπκῇ

2137 3802 2226 3856 καὶ
2284 3800 2437 3874 μάχῃ
2486 3799 2703 3853 τύπτων
2759 3816 2817 3850 τε
2864 3794 2953 3849 καὶ
3009 3795 3350 3867 τυπτόμενος
3403 3791 3589 3867 ἐνέγκῃ
3643 3794 3781 3846 κατὰ

2135 3911 2281 3948 τινος
2330 3887 2543 3962 καιρίαν
2590 3888 2690 3955 τήν
2744 3883 2832 3939 διὰ
2880 3884 3065 3958 χειρὸς
3111 3880 3355 3956 πληγήν,
3389 3885 3448 3935 Ὀ
3487 3881 3590 3955 γὰρ
3642 3882 3780 3953 ἅπαξ

2136 3984 2214 4050 τῷ
2243 3981 2400 4050 θυμῷ
2424 3974 2731 4050 κρατηθεὶς,
2756 3972 2845 4027 καὶ
2892 3977 2961 4046 τῇ
2993 3973 3141 4045 ὁρμῇ
3191 3976 3291 4039 τῆς
3322 3970 3495 4046 ὀργῆς
3539 3970 3780 4043 χαριζό-

2143 4090 2322 4142 μενος,
2355 4063 2507 4121 οὐδέν
2540 4062 2598 4119 ἂν
2628 4062 2773 4137 παρὰ
2801 4062 2892 4117 τὸν
2923 4061 3109 4136 καιρὸν
3136 4062 3237 4115 τοῦ
3267 4058 3472 4119 πάθους
3501 4062 3609 4112 τῶν
3638 4057 3777 4112 ἀνα-

2138 4159 2304 4232 κόψαι
2333 4157 2395 4210 τὸ
2426 4155 2588 4209 κανὸν
2623 4150 2927 4224 δυναμένων
2959 4147 3049 4204 ἒπὶ
3078 4153 3203 4203 νοῢν
3239 4143 3402 4203 λάϐοι
3433 4147 3585 4215 ποτὲ,
3634 4146 3779 4201 ὥστε

2137 4247 2227 4303 καὶ
2255 4247 2318 4301 τὸ
2350 4246 2410 4300 ἐκ
2458 4241 2785 4317 συμπλοκῆς
2832 4236 3182 4311 ἀποτέλεσμα
3227 4240 3323 4291 τοῦ
3371 4237 3533 4312 φόνου
3577 4235 3653 4296 είς
3686 4233 3776 4309 ἔρ-

2136 4359 2230 4413 γον
2263 4335 2652 4411 προπιιρέσεως,
2681 4336 2772 4387 καί
2804 4330 2902 4386 οὐκ
2930 4329 3005 4391 εἲς
3039 4327 3343 4402 ἀποτυχίαν
3373 4325 3645 4402 ἀνάγεται.

2210 4500 2277 4556 Οἱ
2306 4496 2363 4553 δέ
2391 4496 2636 4553 ἀκούσιοι
2680 4496 2837 4574 φόνοι
2869 4491 3066 4571 φανερᾶ
3114 4488 3304 4566 ἔχουσι
3351 4490 3420 4543 τὰ
3463 4486 3777 4563 γνωρίσμα-

2136 4607 2225 4656 τα,
2257 4585 2380 4640 ὅταν
2411 4606 2495 4648 τις
2524 4585 2658 4655 πρὸς
2690 4572 2872 4654 ἕτερόν
2904 4602 2958 4635 τι
2985 4580 3084 4648 τὴν
3115 4573 3355 4645 σπουδὴν
3387 4572 3615 4650 ἔχων,ἐξ
3643 4573 3777 4627 ἀπο-

383 4669 528 4725 tuito
559 4667 773 4738 aliquid
805 4683 1141 4736 eorumqute
1163 4668 1354 4725 curari
1385 4686 1499 4727 non
1523 4680 1789 4742 possunt,
1806 4673 2027 4728 fecerit.

2142 4672 2334 4748 τυχίας
2358 4676 2467 4728 τῶν
2499 4670 2804 4742 ἀνηκέστων
2831 4689 2884 4724 τι
2919 4665 3243 4742 δράσῃ,Τοῦ
3276 4664 3371 4736 μὲν
3401 4660 3490 4717 οὖν
3523 4660 3779 4716 ἑκουσίου

384 4756 696 4815 Homicidii
723 4762 916 4812 autem
948 4755 1255 4813 voluntarii
1288 4775 1459 4830 poena
1489 4762 1556 4816 ad
1600 4761 1671 4814 27
1702 4778 1886 4819 annos
1926 4779 2027 4818 ex-

382 4846 661 4916 tenditur,
688 4843 789 4917 qui
827 4845 887 4899 in
927 4845 1038 4901 tria
1084 4848 1370 4903 novennia
1400 4850 1820 4923 distinguntur,
1858 4851 1937 4907 ita
1968 4856 2034 4907 ut

385 4953 487 5009 per
516 4936 766 5006 primum
824 4933 1176 4991 novennium
1221 4938 1504 5006 pmnitens
1553 4941 1788 5012 penitus
1835 4957 2030 5012 segre-

382 5030 574 5097 getur,
630 5029 688 5080 et
740 5028 901 5079 extra
959 5022 1264 5081 ecclesiam
1348 5032 1515 5084 stans
1581 5029 1766 5101 ploret
1811 5048 1825 5090 ι
1892 5029 2030 5086 reli-

381 5131 500 5190 qua
528 5119 720 5171 autem
768 5114 879 5170 duo
909 5116 1196 5186 transigat
1253 5117 1487 5188 partim,
1521 5125 1579 5175 et
1636 5119 1872 5193 quidem
1906 5121 2029 5191 pri-

383 5220 547 5260 mum
579 5203 639 5259 in
688 5205 936 5259 statione
984 5204 1374 5273 audientium,
1428 5210 1637 5278 partim
1688 5212 1746 5265 in
1784 5226 2028 5266 numero

382 5292 830 5366 procidentium,
862 5299 1033 5362 atque
1060 5291 1143 5348 ita
1189 5294 1260 5348 ad
1295 5296 1796 5368 participationem
1822 5302 2028 5367 myste-

380 5382 602 5438 riorum
625 5381 882 5437 accedat.
913 5382 988 5435 At
1009 5397 1142 5437 vero
1172 5382 1223 5437 si
1252 5384 1359 5440 viri
1389 5385 1638 5456 insignis
1669 5386 1855 5458 puniti
1895 5403 2028 5442 con-

381 5470 588 5539 versio,
630 5475 690 5525 et
737 5468 1082 5537 paenitentia
1146 5470 1508 5529 vehementia
1562 5478 1756 5530 vincat
1794 5492 1923 5531 eam
1966 5476 2024 5531 in

379 5558 628 5631 longiori
659 5564 913 5629 tempore
940 5556 1159 5628 seipsos
1212 5560 1427 5617 lentius
1466 5566 1858 5635 purgantium,
1898 5581 2030 5620 con-

382 5649 648 5705 trahetur
676 5647 787 5719 ipsi
817 5652 875 5702 et
903 5663 1082 5717 prensa
1097 5664 1281 5718 mora,
1304 5658 1367 5708 ut
1381 5671 1481 5723 pro
1496 5653 1666 5711 annis
1696 5656 2028 5727 novem,qui

380 5737 624 5813 singulis
651 5737 931 5813 gradibus
952 5738 1251 5811 competit,
1264 5748 1392 5800 octo
1424 5749 1526 5800 aut
1549 5747 1775 5817 septem
1807 5752 1906 5801 aut
1926 5760 2027 5803 sex

2140 4764 2307 4840 φόνου
2351 4761 2428 4824 εἷς
2480 4760 2614 4816 ἑπτᾶ
2658 4760 2747 4814 καὶ
2793 4755 2967 4813 ε’ίκοσι
3017 4753 3251 4833 χρόνους
3291 4749 3665 4829 παρατείνετάι
3713 4751 3779 4806 τὸ

2141 4839 2440 4924 ἐπιτίμιον,
2474 4851 2549 4912 εἷς
2601 4853 2745 4923 τρεῖς
2776 4842 3154 4919 ἐννεατηρίδας
3205 4839 3617 4916 διαιρουμένους
3650 4856 3666 4871 ⁸
3701 4840 3779 4894 ὡς

2140 4939 2227 4995 ἐπὶ
2284 4941 2376 5012 μὲν
2426 4946 2528 5008 τῆς
2579 4942 2704 5012 μιᾶς
2747 4933 3025 4996 παντελῶς
3072 4933 3203 4988 εἶναι
3261 4928 3635 5007 ἀφωρισμένον
3686 4929 3780 4983 τὸν

2138 5027 2550 5102 ἐπιτιμηθέντα,
2605 5022 2705 5099 ἔξω
2777 5031 2878 5093 τῆς
2939 5019 3235 5091 ἐκκλησίας
3304 5018 3613 5090 ἱστάμενον,
3685 5017 3780 5071 καὶ

2138 5115 2543 5193 προσκλάίοντα
2575 5133 2590 5147 °
2620 5114 2714 5177 τὰς
2747 5110 2803 5169 δὲ
2846 5110 3068 5178 λοιπὰς,
3101 5108 3196 5165 δύο
3228 5106 3308 5171 ε⁹ίς
3356 5127 3415 5162 τε
3443 5107 3543 5176 τήν
3584 5109 3693 5160 τῶν
3727 5103 3780 5193 ἀ.

2137 5189 2467 5281 κροωμένων
2495 5205 2782 5280 πρότερον,
2815 5202 2926 5257 εἶτα
2973 5205 3082 5256 τῶν
3117 5195 3534 5254 ὑποπιπτόντων
3585 5189 3742 5249 διελό
3753 5227 3777 5240 -

2141 5316 2296 5367 μενον
2330 5294 2535 5363 στάσιν,
2568 5292 2740 5355 οὕτως
2769 5291 2857 5345 ἐπὶ
2904 5292 3004 5359 τήν
3043 5293 3150 5344 τῶν
3200 5284 3545 5363 ἁγιασμάτων
3581 5303 3777 5357 μετου-

2137 5383 2255 5439 σίαν
2282 5384 2478 5438 ἐλθεῖν.
2516 5382 2573 5437 Εἰ
2604 5379 2659 5436 δὲ
2688 5382 2750 5436 τὸ
2787 5380 3015 5456 μέγεθος
3042 5385 3142 5448 τῆς
3169 5375 3504 5451 ἐπιστροφῆς
3532 5375 3635 5426 τοῦ
3665 5372 3777 5426 ἐπι-

2135 5472 2463 5544 τιμηθέντος
2496 5471 2587 5524 καὶ
2619 5472 2653 5539 ἡ
2703 5476 2803 5538 τῆς
2839 5467 3122 5542 μετανοίας
3172 5465 3446 5539 θερμότης
3485 5460 3781 5534 περιγὸιοι-

2133 5582 2195 5616 το
2225 5564 2334 5614 τῶν
2370 5559 2420 5614 ἐν
2459 5562 2640 5634 μακρᾷ
2672 5557 2978 5634 προθεσμίᾳ
3008 5554 3379 5631 ῥᾳθυμότερον
3421 5548 3647 5611 ἑαυτοὺς
3696 5548 3781 5604 ὲκ-

2135 5649 2530 5723 καθαιρόντων,
2565 5649 3004 5721 συντμηθήσεται
3054 5644 3202 5716 αὐτῷ
3248 5640 3337 5697 καί
3379 5644 3414 5710 ἡ
3461 5642 3559 5695 τοῦ
3606 5635 3780 5693 ἐπιτι-

2141 5739 2269 5813 μίου
2317 5739 2642 5813 παράτασις,
2691 5735 2831 5792 ὥστε
2880 5735 2993 5791 ἇντὶ
3040 5738 3146 5789 τῶν
3192 5732 3272 5813 ἐφ’
3320 5730 3527 5803 ἑκάστῳ
3580 5728 3781 5803 βαθμῷ
