4092 6300
281 453 393 514 1⁵17

1316 453 1741 514 SYN'I‘AGMA
1783 452 2414 516 ALPHABETICUM.
2463 487 2542 499 —
2584 461 2659 514 Φ.

3577 461 3693 521 1⁵18

281 583 423 640 ἒννία
472 586 609 641 ἐτῶν
663 586 834 655 ἔικτὼ,
866 582 902 654 ἤ
954 586 1106 655 ἒπτά,
1150 586 1184 653 ἤ
1215 582 1354 654 $5,413
1387 587 1544 640 πέντε
1596 583 1734 657 μόνα
1781 582 1909 661 γενέ-

2035 587 2127 642 vel
2158 587 2346 644 solum
2375 589 2411 643 5
2439 606 2625 645 annos
2671 592 2829 662 agat,
2853 591 3018 661 juxta
3071 592 3419 650 sententiam
3447 595 3573 666 ejus
3588 587 3699 668 qui

280 677 396 729 σθαι
453 677 593 731 κατά
649 677 753 745 τήν
810 674 986 750 κρίσιν
1036 678 1134 729 τοῦ
1181 676 1279 743 τήν
1327 673 1654 745 Ἐκκλησίαν
1710 675 1926 729 οἰκονο-

282 769 540 836 μοῦντος.

346 859 410 912 Ὁ
439 852 497 910 δὲ
519 853 779 915 ἀκούσιος
811 855 976 933 φόνος
1008 855 1348 929 συγγνωστὸς
1380 853 1500 926 μέν,
1531 852 1592 906 οὐ
1625 853 1736 926 μὴν
1766 851 1926 906 ἒπαι-

273 945 422 1005 νετὸς
476 944 691 1018 ἐκρίθη.
722 944 821 998 Τὸν
876 945 980 1020 γάρ
1026 940 1226 997 ἁλόντα
1274 945 1354 1014 τῷ
1406 942 1673 1014 μιάσματι
1721 962 1922 1014 τουτῳ,

275 1033 349 1094 ὡς
407 1031 686 1108 ἐξάγιστον
744 1028 855 1101 ἤδη
915 1031 1229 1106 γενόμενον,
1276 1025 1594 1100 ἀπόϐλητον
1644 1031 1922 1103 ἱερατικῆς

275 1122 505 1196 χάριτος
539 1123 567 1176 ὁ
596 1122 776 1176 κανών
797 1121 1110 1198 ἀπεφήνατο
1133 1140 1146 1152 ·
1181 1119 1307 1182 ὅσος
1332 1118 1387 1174 δέ
1410 1119 1660 1175 ἐστινέπὶ
1690 1124 1759 1194 τῇ
1782 1121 1921 1195 ψιλῇ

271 1212 501 1285 πορνείᾳ
538 1215 635 1265 τοῦ
673 1209 968 1284 καθαρσίου
999 1214 1028 1264 ὁ
1067 1210 1264 1284 χρόνος
1301 1213 1411 1265 τῶν
1451 1207 1601 1264 ἐννέα
1632 1207 1788 1279 ἐτῶν,
1827 1231 1920 1264 το-

271 1305 467 1362 σοῦτος
505 1301 598 1355 καὶ
654 1300 741 1356 ἐπὶ
798 1304 908 1355 τῶν
961 1299 1228 1362 ἀκουσίως
1279 1301 1688 1377 πεφονευκότων
1738 1300 1920 1363 καλῶς

269 1387 420 1469 ἔχειν
454 1389 790 1464 ἐδοκιμάσθη
817 1410 830 1422 ’
876 1387 1091 1460 δηλαδή
1142 1390 1230 1444 καὶ
1270 1389 1321 1444 ἐν
1361 1388 1541 1462 τούτῳ
1581 1396 1682 1458 τῆς
1727 1410 1922 1464 προαι-

269 1479 510 1552 ραίστως
543 1479 641 1534 τοῦ
677 1485 1062 1553 μετανοοῦντος
1105 1477 1562 1553 δοκιμαζομένης,
1604 1481 1650 1537 εἰ
1683 1479 1800 1537 δέον
1828 1483 1920 1538 τὸν

270 1571 560 1644 ὁρισθέντα
590 1571 787 1644 χρόνον
821 1569 968 1642 αύτῷ
998 1569 1205 1641 ἐξήκειν
1239 1569 1273 1639 ἢ
1304 1568 1517 1626 ἱλάττω
1547 1573 1811 1649 γενέσθαι.

342 1748 500 1802 Οὕτω
547 1749 639 1802 καὶ
689 1748 717 1802 ὁ
768 1747 935 1821 μέγας
986 1746 1270 1809 Βασίλειος
1301 1747 1352 1802 ἐν
1403 1751 1483 1820 τῷ
1521 1755 1570 1818 η’
1598 1749 1780 1804 κανόνι
1829 1751 1920 1805 τὸν

266 1840 518 1892 ἑκούσιον
570 1838 658 1892 καὶ
719 1837 976 1892 ἀκούσιον
1032 1838 1351 1910 ὁριζόμενος
1408 1839 1592 1916 φόνον.
1646 1839 1916 1900 Ἀκούσως

272 1927 370 1999 μὲν
400 1929 535 1996 ἐστι,
590 1927 778 2003 φησὶν,
817 1925 941 1981 ὅταν
978 1948 1060 1989 τις
1108 1925 1391 1988 ἀκοντίσας
1444 1925 1614 1999 λίθον,
1646 1926 1726 2005 ἐφ’
1755 1930 1800 2000 ᾧ
1829 1930 1922 1998 θη·
1954 1957 2000 2023 Β

270 2017 384 2087 ρίον
446 2016 775 2087 ἀμύνασθαι,
826 2017 860 2084 ἢ
911 2021 1220 2070 κατασεῖσαι
1281 2013 1502 2089 δένδρου
1550 2018 1777 2089 καρπὸν,
1829 2018 1920 2070 ἅν-

267 2109 490 2180 θρωπον
533 2106 801 2176 παριόντα
845 2106 921 2177 μή
975 2103 1240 2174 προϊδὼν,
1291 2105 1366 2166 εἷς
1415 2106 1640 2160 θάνατον
1695 2105 1877 2180 πλήξῃ
1907 2127 1920 2140 ⁶

268 2195 330 2250 οῦ
374 2196 486 2268 μὴν
520 2194 670 2249 ἀλλά
707 2196 793 2249 καὶ
841 2192 887 2248 εἳ
928 2215 1008 2257 τις
1047 2192 1361 2270 ἐπιπρέψαι
1403 2194 1524 2249 τινὰ
1561 2194 1922 2268 βοολόμενος,

265 2287 450 2358 ἱμάντι
489 2285 521 2354 ἢ
558 2279 766 2358 ῥάϐδῳ,
817 2287 894 2358 μὴ
945 2287 1313 2360 πάνυ-τραχείᾳ
1359 2284 1544 2359 τύψοι,
1577 2286 1834 2340 ἀποθάνοι
1866 2284 1922 2342 δὲ

269 2374 644 2447 ὁτυπτόμενος
681 2391 694 2404 ·
754 2376 788 2443 ἡ
849 2374 951 2449 γὰρ
1008 2375 1261 2450 πρόθεσις
1329 2375 1554 2429 ἐνταῦθα
1619 2381 1921 2448 σκοπεῖται,

269 2465 345 2518 δτι
398 2463 708 2538 βελτιῶσαι
753 2461 1015 2518 ἐϐούλετο
1070 2465 1160 2520 τὸν
1217 2462 1612 2538 ἁμαρτάνοντα,
1659 2465 1757 2520 οὐκ
1804 2467 1922 2520 ἀνε-

273 2554 398 2609 λεῖν.
433 2556 530 2611 Ἐν
554 2559 670 2616 τοῖς
701 2553 978 2616 ἀκουσίοις
1005 2553 1120 2609 ἐστὶ
1158 2554 1396 2624 κάκεῖνο,
1429 2553 1555 2608 ὅταν
1581 2576 1663 2616 τις
1712 2555 1922 2628 ἀμυνό-

276 2665 432 2716 μενος
495 2643 548 2697 έν
603 2641 757 2718 μάχῃ
797 2645 939 2715 τινὰ,
992 2643 1143 2716 ξύλῳ
1175 2644 1209 2712 ἢ
1242 2643 1389 2719 χειρὶ
1438 2641 1673 2721 ἀφειδῶς
1723 2643 1809 2699 ἐπὶ
1854 2647 1920 2699 τά

269 2733 452 2803 καίρια
503 2732 607 2800 τήν
657 2731 883 2805 πληγὴν
928 2731 1137 2807 ἐνέγκῃ,
1187 2731 1271 2809 ἐφ’
1319 2734 1364 2804 ᾧ
1413 2738 1652 2788 κακῶσαι
1703 2739 1918 2804 τοῦτον,

269 2824 383 2900 οὐχ
411 2820 556 2876 ams
585 2819 869 2883 παντελῶς
903 2820 1106 2876 ἀνελεῖν
1136 2843 1148 2854 ·
1181 2821 1328 2877 ἀλλά
1355 2828 1517 2878 τοῦτο
1548 2821 1656 2893 ἤδη
1691 2845 1918 2900 προσεγ’

266 2914 407 2986 γίζει
439 2916 521 2982 τῷ
552 2911 806 2984 ἑκουσίῳ.
843 2913 905 2968 Ὀ
948 2912 1048 2987 γὰρ
1079 2913 1316 2983 τοιούτῳ
1363 2914 1706 2986 χρησάμενος
1753 2915 1919 2989 ὀργά-

263 3025 348 3073 νῳ
379 3002 518 3074 πρὸς
551 2999 780 3074 ἄμυναν,
812 3003 901 3056 καί
937 3003 1014 3074 μὴ
1038 3001 1408 3080 πεφεισμένως
1428 3004 1526 3070 τήν
1545 3001 1761 3078 πλργήν
1788 3003 1918 3059 ἐπα-

262 3090 471 3166 γαγών,
508 3089 680 3158 δῆλός
726 3090 836 3146 ἐστι
886 3095 966 3162 τῷ
1015 3094 1372 3166 κεκρατῆσθαι
1424 3092 1528 3148 ὑπὸ
1573 3097 1670 3147 τοῦ
1713 3094 1916 3156 πάθους

267 3178 514 3255 ἀφειδῶν
565 3185 665 3234 τοῦ
712 3179 1021 3255 ἀνθρώπου.
1072 3181 1312 3252 Ὁμοίως
1354 3181 1442 3235 καὶ
1486 3183 1513 3235 ὁ
1567 3180 1714 3254 ξύλῳ
1765 3185 1920 3256 βαρεῖ

265 3269 302 3337 ἢ
337 3267 484 3340 λίθῳ
520 3267 728 3341 μείζονι
757 3275 858 3337 τῆς
901 3267 1177 3342 δυνάμεως
1226 3276 1325 3339 τῆς
1373 3269 1715 3346 ἀνθρωπίνης
1761 3291 1914 3345 χρη-

265 3359 532 3429 σάμενος,
576 3363 693 3418 τοῖς
739 3359 1016 3420 ἀκουσίοις
1065 3363 1276 3434 φονεῦσι
1326 3361 1768 3433 συναριθμεῖται·
1827 3360 1916 3415 ἅλ-

265 3446 335 3501 λο
370 3446 465 3517 μέν
500 3467 553 3500 τι
583 3444 982 3518 προελόμενος,
1014 3446 1155 3502 ἀλλο
1187 3444 1244 3502 δέ
1267 3468 1320 3502 τι
1351 3450 1604 3517 ποιήσας.
1651 3449 1779 3503 Ὑπὸ
1811 3449 1913 3522 γάρ

260 3541 365 3591 τοῦ
416 3537 597 3606 θυμοῦ
634 3535 892 3606 τοιαύτην
936 3536 1130 3610 ἤνεγκε
1175 3538 1274 3605 τὴν
1325 3535 1568 3610 πληγὴν,
1618 3535 1755 3593 ὥστε
1798 3538 1915 3592 ἀνε-

259 3622 383 3679 λεῖν
441 3624 535 3677 τὸν
586 3627 899 3700 πληγέντα·
951 3627 1041 3680 καί
1089 3647 1174 3681 τοι
1207 3628 1240 3695 ἡ
1274 3627 1481 3695 σπουδή
1514 3627 1580 3695 ἦν
1611 3628 1758 3698 αὐτῷ
1799 3649 1914 3682 συν-

257 3713 448 3786 τρίψαι
483 3714 677 3788 τυχὸν,
711 3714 838 3788 οὐχὶ
869 3714 961 3768 καὶ
1010 3714 1291 3777 παντελῶς
1339 3717 1662 3770 θανατῶσαι.
1696 3718 1757 3773 Ὀ
1789 3716 1912 3789 μέν-

254 3825 343 3858 τοι
377 3803 518 3879 ξίφει
562 3805 913 3881 χρησάμενος
954 3802 1263 3877 οἱῳδήτινι,
1305 3802 1559 3878 οὐδεμίαν
1608 3800 1725 3879 ἔχει
1773 3827 1912 3880 παρ-

257 3893 504 3962 αίτησιν,
556 3894 645 3947 καὶ
704 3893 944 3965 μάλιστα
985 3894 1013 3948 ὁ
1046 3895 1144 3962 τὴν
1205 3895 1385 3964 ἀξίνην
1442 3894 1758 3957 ἀκοντίσας·
1818 3897 1906 3951 καὶ

256 3982 361 4056 γάρ
406 3979 533 4036 οὐδὲ
583 3982 689 4036 ἀπὸ
729 3985 917 4056 χειρὸς
965 3982 1202 4058 φαίνεται
1251 3983 1484 4053 πλήξας,
1536 3984 1672 4038 ὥστε
1715 3985 1776 4038 τὸ
1821 3985 1910 4056 μέ-

253 4092 386 4146 τρον
416 4078 521 4139 τῆς
551 4069 773 4144 πληγῆς
806 4069 890 4125 ἐπ’
912 4071 1058 4144 αὐτῷ
1089 4073 1221 4127 εἶναι
1247 4091 1258 4103 ⁸
1293 4071 1421 4127 ἀλλ’
1451 4073 1749 4141 ἠκόντισεν.
1775 4073 1910 4127 ὥστε

254 4165 332 4230 τῷ
371 4161 528 4234 βάρει
559 4165 656 4214 τοῦ
690 4160 942 4235 σιδήρου,
974 4162 1065 4215 καὶ
1094 4166 1162 4234 τῇ
1195 4163 1371 4235 ἀκμῇ,
1404 4163 1487 4216 καὶ
1521 4167 1590 4235 τῇ
1623 4160 1708 4216 διὰ
1753 4163 1908 4218 πλεί-

255 4271 387 4304 στου
418 4254 583 4325 φορᾷ,
617 4248 864 4322 ὀλεθρίαν
893 4252 991 4319 τήν
1026 4249 1248 4325 πληγὴν
1289 4252 1594 4325 ἀναγκαίως
1641 4253 1904 4325 γενέσθαι.

327 4519 612 4573 Ἐκούσιον
698 4515 755 4572 δὲ
839 4518 1004 4573 πάλιν
1085 4518 1382 4586 παντελῶς,
1470 4520 1556 4574 καὶ
1641 4519 1901 4593 οὕδεμίαν

259 4601 381 4680 ἔχον
410 4602 777 4683 ἀμφιϐολίαν,
829 4608 948 4662 οἷόν
990 4608 1098 4664 ἐστι
1145 4611 1208 4663 τὸ
1255 4617 1364 4664 τῶν
1420 4609 1654 4684 λῃστῶν,
1703 4611 1790 4664 καὶ
1839 4610 1900 4665 τὸ

1947 3321 2000 3390 C

2036 677 2352 734 Ecclesiam
2395 680 2557 750 regit.

2105 855 2300 912 Gades
2350 863 2543 914 autem
2584 858 2990 921 involuntaria.
3026 861 3194 917 venia
3250 861 3510 933 quidem,
3557 881 3673 920 non

2032 948 2230 1002 tamen
2265 947 2429 1003 laude
2460 949 2638 1020 digna
2667 950 2952 1006 zestimata
2973 954 3080 1006 est.
3110 951 3251 1006 Nam
3284 952 3386 1022 qui
3417 969 3484 1008 ea
3513 954 3687 1022 culpa

2031 1038 2283 1101 tenetur,
2323 1043 2603 1108 tanquam
2661 1037 2742 1092 im
2777 1054 2984 1108 purum
3018 1056 3082 1093 ae
3132 1039 3450 1111 piaculum,
3501 1043 3692 1114 gratia

2033 1124 2373 1179 sacerdotali
2423 1126 2804 1194 rejiciendum
2839 1127 3096 1182 decernit
3145 1144 3352 1184 canon.
3393 1129 3689 1192 Quantum

2031 1217 2225 1268 autem
2256 1215 2534 1284 temporis
2581 1214 2831 1286 simplici
2879 1216 3246 1271 fornicationi
3291 1219 3680 1290 expurganda

2031 1302 2326 1369 statuitur,
2379 1308 2603 1358 tantum
2671 1303 2851 1358 etiam
2929 1304 3237 1360 convenire
3285 1306 3686 1363 existimatum

2031 1398 2134 1459 est,
2184 1390 2403 1447 scilicet
2448 1392 2698 1464 spatium
2736 1409 2975 1448 novema
3003 1410 3276 1464 nnorum,
3310 1395 3690 1451 reconcilian-

2029 1481 2121 1535 dis
2187 1480 2498 1536 homicidia
2567 1482 2991 1552 involuntariis,
3064 1483 3160 1541 hic
3218 1485 3396 1542 etiam
3466 1488 3691 1545 ratione

2030 1569 2364 1641 pmnitentis
2404 1569 2622 1638 habita,
2681 1588 2755 1627 an
2794 1587 2946 1643 opus
2976 1573 3055 1630 sit
3099 1577 3334 1646 tempus
3381 1575 3686 1633 deﬁnitum

2027 1658 2134 1728 ipsi
2174 1658 2468 1730 integrum
2499 1659 2777 1729 protrahi,
2808 1677 2884 1716 an
2932 1677 3066 1718 vero
3098 1664 3382 1719 contrahi.

2099 1746 2194 1803 Sic
2223 1748 2398 1803 etiam
2431 1764 2678 1818 magnus
2728 1749 2979 1805 Basilius
3014 1750 3071 1806 in
3113 1753 3146 1805 8
3203 1769 3427 1810 canone
3469 1756 3683 1810 eadem

2028 1835 2413 1891 voluntariam
2445 1841 2502 1890 et
2545 1837 2994 1895 involuntariam
3028 1841 3314 1897 definiens
3365 1842 3508 1898 dicit
3540 1859 3554 1898 :
3588 1843 3685 1900 in—

2030 1924 2350 1981 voluntaria
2383 1927 2616 1997 quidem
2649 1931 2759 1994 est,
2797 1930 3033 1999 quando
3065 1931 3198 2001 quis
3230 1931 3477 2002 lapidem
3513 1933 3686 2004 proji-

2033 2019 2204 2085 cit,eo
2222 2018 2336 2074 fine
2366 2023 2432 2074 ut
2460 2019 2707 2075 bestiam
2734 2021 3160 2092 propulset,aut
3188 2023 3407 2078 arboris
3429 2025 3679 2081 fructum

2030 2109 2306 2176 excutiat,
2351 2113 2524 2181 atque
2570 2110 2807 2167 minime
2860 2113 2913 2166 id
2963 2113 3158 2168 volens
3197 2113 3493 2169 hominem
3546 2132 3684 2186 pm-

2031 2206 2349 2254 tereuntem
2400 2199 2692 2255 lethaliter
2740 2201 2995 2272 percutit
3035 2224 3050 2268 ;
3096 2203 3209 2259 imo
3253 2207 3310 2258 et
3349 2203 3552 2274 siquis
3582 2221 3682 2260 cu-

2035 2289 2201 2360 piens
2234 2287 2487 2360 aliquem
2519 2293 2853 2346 convertere
2884 2291 2946 2347 in
2969 2291 3206 2363 melius,
3244 2292 3364 2348 loro
3397 2293 3482 2349 vel
3523 2294 3686 2365 virga

2032 2395 2144 2433 non
2192 2379 2500 2433 admodum
2548 2379 2692 2434 dura
2722 2396 2857 2434 eum
2905 2381 3166 2436 verberet
3231 2383 3373 2437 adeo
3406 2386 3470 2437 ut
3498 2382 3683 2438 inter-

2032 2468 2321 2524 moriatur
2353 2468 2400 2523 is
2419 2470 2517 2539 qui
2549 2467 2804 2539 vapulat.
2825 2469 3194 2541 Propositum
3229 2471 3381 2526 enim
3406 2475 3530 2526 tum
3545 2487 3680 2527 oon-

2030 2559 2338 2625 sideratur,
2373 2559 2525 2629 quod
2558 2558 2841 2627 corrigere
2874 2559 3309 2631 delinquentem
3343 2559 3680 2628 voluit,non

2029 2648 2548 2705 interimere.lllud
2585 2649 2755 2704 etiam
2787 2653 2878 2704 est
2901 2649 2959 2704 in
2993 2650 3327 2706 homicidiis
3360 2651 3680 2706 involunta-

2031 2739 2154 2803 riis,
2179 2737 2277 2792 ubi
2311 2738 2406 2808 qui
2441 2737 2499 2792 in
2534 2754 2728 2810 pugna
2785 2739 2997 2793 acriter
3034 2739 3286 2810 aliquem
3336 2741 3680 2812 propulsans

2027 2827 2186 2899 ligno
2233 2831 2332 2880 aut
2383 2843 2552 2882 manu
2601 2826 2742 2882 satis
2771 2843 3002 2896 gravem
3049 2827 3274 2900 plagam
3307 2828 3536 2897 incutit,
3566 2845 3680 2900 qua

2028 2931 2158 2970 eum
2193 2913 2398 2970 laedere
2434 2916 2636 2986 possit,
2687 2931 2800 2970 non
2833 2932 2965 2971 vero
3008 2917 3242 2988 penitus
3289 2916 3612 2974 interficere
3660 2935 3673 2972 :

2028 3005 2126 3059 sed
2161 3003 2270 3058 hoc
2320 3005 2557 3076 quidem
2599 3004 2856 3075 proxime
2894 3005 2962 3060 ad
3009 3003 3397 3061 voluntarium
3433 3006 3672 3062 accedit.

2027 3093 2134 3160 Qui
2168 3093 2322 3149 enim
2358 3093 2868 3149 taliinstrumento
2921 3111 3064 3150 usus
3097 3094 3270 3151 fuerit
3295 3096 3362 3151 ad
3399 3111 3460 3152 se
3476 3095 3676 3151 defen-

2026 3184 2379 3251 dendum,et
2437 3183 2519 3238 ita
2556 3183 2771 3238 vulnus
2801 3183 3076 3239 inﬂixerit
3130 3183 3513 3253 dirissimum,
3560 3201 3674 3257 pra

2028 3272 2207 3327 animi
2241 3272 2578 3344 impotentia
2610 3272 2666 3327 in
2703 3272 2994 3328 hominem
3038 3273 3291 3330 saeviisse
3321 3273 3566 3330 videtur.

2029 3360 2314 3416 Similiter
2363 3365 2418 3414 et
2465 3361 2562 3431 qui
2622 3359 2780 3432 ligno
2831 3361 2984 3431 gravi
3045 3366 3145 3416 aut
3204 3362 3395 3434 lapide
3454 3363 3674 3433 madore

2023 3468 2194 3523 quam
2231 3467 2330 3521 pro
2376 3451 2598 3507 viribus
2630 3451 2904 3506 humanis
2952 3468 3094 3508 usus
3125 3457 3233 3520 est,
3269 3453 3668 3509 inveluntariis

2023 3539 2335 3595 homicidia
2366 3541 3101 3612 adnumeratur,'tanquam
3137 3541 3271 3612 quid
3297 3542 3452 3597 aliud
3482 3542 3669 3597 volue-

2024 3629 2118 3694 rit,
2150 3628 2304 3684 aliud
2336 3645 2465 3684 vero
2489 3629 2701 3683 fecerit.
2751 3629 2890 3684 Illuc
2921 3631 3076 3685 enim
3107 3630 3322 3686 vulnu
3379 3631 3466 3686 ira
3506 3645 3672 3687 com-

2022 3721 2214 3772 motus
2263 3717 2479 3785 intulit,
2521 3733 2636 3789 quo
2680 3734 3020 3788 percussum
3085 3718 3408 3774 interfecit:
3483 3735 3672 3790 quan-

2020 3822 2195 3876 quam
2244 3807 2296 3862 ei
2341 3807 2481 3861 forte
2530 3807 2589 3862 in
2649 3807 2843 3863 animo
2901 3815 3019 3862 erat
3077 3823 3208 3863 eum
3277 3805 3504 3875 laedere,
3554 3826 3668 3864 non

2019 3901 2216 3952 tamen
2270 3895 2502 3967 penitus
2549 3912 2808 3952 enecare.
2864 3897 2970 3962 Qui
3017 3901 3209 3952 autem
3281 3912 3420 3953 ense
3473 3897 3668 3969 aliquo

2019 4001 2162 4042 usus
2195 3990 2308 4052 est,
2352 3985 2574 4040 nullam
2629 3985 2802 4041 habet
2851 3986 3300 4054 excusationem,
3352 3987 3664 4058 prmertim

2017 4075 2114 4146 qui
2147 4075 2395 4130 securim
2447 4074 2775 4144 jaculatur:
2830 4091 2943 4131 non
2994 4076 3146 4129 enim
3199 4092 3373 4130 manu
3429 4092 3668 4147 percus-

2018 4164 2165 4220 sisse
2205 4164 2447 4233 videtur,
2505 4169 2568 4217 ut
2595 4163 2669 4217 sit
2703 4165 2895 4236 aliqua
2940 4165 3257 4220 moderatio
3299 4166 3450 4222 ictus
3491 4181 3668 4236 penes

2016 4253 2179 4308 illum
2214 4270 2226 4306 :
2254 4254 2350 4307 sed
2388 4254 2644 4322 projecit,
2685 4258 2749 4307 ut
2791 4259 2847 4308 et
2876 4254 3154 4325 gravitate
3190 4253 3344 4321 ferri,
3374 4258 3429 4308 et
3460 4255 3582 4309 acie
3611 4259 3665 4309 et

2016 4346 2174 4396 motu
2209 4358 2308 4412 per
2331 4342 2472 4396 bene
2497 4358 2774 4414 magnum
2800 4342 3072 4413 spatium,
3092 4342 3304 4398 vulnus
3337 4344 3664 4398 necessario

2013 4433 2090 4486 sit
2113 4433 2525 4501 perniciosum.

2084 4520 2241 4579 251
2309 4521 2481 4576 Porro
2547 4521 2934 4578 voluntarium
3019 4522 3364 4594 simpliciter
3424 4523 3658 4588 dicitur,

2011 4618 2065 4664 et
2097 4609 2315 4664 nullam
2349 4611 2587 4665 omnino
2625 4610 3042 4667 dubitationem
3081 4613 3318 4683 patitur,
3352 4612 3409 4666 id
3433 4612 3584 4682 quod
3627 4628 3662 4666 a

257 4701 358 4750 τῶν
386 4695 719 4770 πολεμικῶν
752 4694 975 4772 ἐφόδων.
1012 4699 1072 4752 Οἱ
1106 4700 1203 4771 μὲν
1235 4701 1337 4775 γὰρ
1384 4700 1686 4774 χρημάτων
1723 4697 1896 4754 ἕνεκεν

2032 4699 2335 4754 atronibus
2359 4700 2424 4753 ﬁt
2443 4705 2498 4754 et
2524 4699 2916 4756 hostibustti
2935 4701 3087 4756 enim
3105 4705 3338 4772 propter
3353 4700 3654 4770 pecuniam

256 4784 558 4858 ἀναιροῦσι,
612 4783 707 4838 τὸν
755 4779 981 4861 ἔλεγχον
1035 4787 1461 4863 ἀποφεύγοντες·
1518 4788 1568 4841 οἱ
1608 4785 1664 4841 δὲ
1698 4787 1748 4840 έν
1779 4793 1897 4850 τοῖς

255 4873 526 4946 πολέμοις
582 4871 670 4926 ἐπὶ
719 4875 913 4946 φόνους
963 4872 1238 4950 ἔρχονται,
1293 4874 1415 4930 οὔτε
1463 4871 1725 4948 φοϐῆσαι,
1776 4873 1897 4931 οὕτε

256 4963 614 5040 σωφρονίσαι,
669 4960 797 5018 ἀλλ’
871 4962 1081 5019 ἀνελεῖν
1153 4964 1279 5026 τοὺς
1343 4965 1782 5039 ἐναντιουμένους
1838 4965 1897 5021 ἐκ

253 5055 344 5105 τοῦ
374 5055 616 5125 φανεροῦ
646 5053 1093 5126 προαιρούμενοι.
1131 5055 1230 5110 Καὶ
1267 5053 1453 5127 μέντοι
1488 5056 1582 5109 κᾶν
1617 5052 1686 5109 δι’
1717 5053 1895 5124 ἀλλην

253 5141 366 5195 τινά
396 5141 574 5196 αἰτίαν
619 5141 909 5216 περίεργον
953 5143 1232 5219 φάρμακόν
1276 5166 1357 5206 τις
1405 5144 1685 5218 ἐγκεράσῃ,
1728 5142 1890 5216 ἀνέλῃ

253 5226 327 5302 δέ,
358 5229 608 5286 ἑκούσιον
656 5233 916 5303 τιθέμεθα
956 5233 1016 5286 τὸ
1063 5239 1351 5288 τοιοῦτον·
1405 5236 1491 5288 οἶα
1539 5239 1787 5289 ποιοῦσιν
1837 5233 1891 5285 αἱ

250 5331 492 5396 αρδναῐκες
534 5322 837 5393 πολλάκις,
889 5323 1187 5388 έπαοιδίαις
1239 5328 1345 5380 τισὶ
1396 5327 1485 5381 καὶ
1535 5325 1890 5397 καταδέσμοις

251 5415 380 5486 πρὸς
442 5414 506 5468 τὸ
574 5415 781 5469 ἑαυτῶν
849 5415 1078 5491 φίλτρον
1145 5415 1434 5492 ἐπάγεσθαι
1510 5417 1635 5480 τοὺς
1699 5415 1890 5488 ἄνδρας

250 5506 600 5577 πειρώμεναι,
664 5503 758 5559 καὶ
826 5501 1218 5578 προσδιδοῦσαι
1284 5507 1560 5583 φάρμακα,
1628 5507 1891 5560 σκότωσιν

250 5589 573 5665 ἒμποιοῦντα
603 5599 726 5657 ταῖς
755 5593 935 5648 αὐτῶν
989 5592 1218 5648 διανοίαι
1249 5617 1260 5628 ο
1296 5597 1349 5649 αἱ
1382 5601 1624 5650 τοιαῦται
1674 5594 1891 5649 ἀνελοῦ-

253 5701 352 5752 σαι,
385 5683 430 5736 εἷ
461 5685 545 5737 καὶ
583 5681 733 5739 ἄλλο
791 5681 1184 5757 προελόμεναι,
1236 5682 1376 5738 ἄλλο
1425 5684 1705 5755 ἐποίησαν,
1738 5685 1890 5756 ὅμως

255 5767 336 5826 διὰ
379 5774 440 5829 τὸ
490 5774 778 5851 περίεργον
823 5773 913 5828 καὶ
960 5773 1403 5851 ἀπηγορευμένον
1448 5783 1546 5844 τῆς
1597 5770 1892 5843 ἐπιτηδεύ-

2008 4789 2374 4856 interimunt,
2400 4789 2658 4843 tribunal
2693 4790 2984 4861 fugientes
3011 4833 3025 4856 ,
3057 4795 3113 4846 et
3139 4789 3238 4860 qui
3271 4788 3419 4845 bella
3451 4793 3658 4861 gerunt

2005 4877 2075 4932 ad
2119 4877 2304 4932 cedes
2336 4877 2646 4948 patrandae
2677 4879 2976 4948 accedunt,
3011 4893 3196 4950 neque
3233 4883 3445 4933 terrere
3468 4893 3656 4949 neque

2005 4966 2308 5037 castigare,
2358 4967 2452 5021 sed
2506 4983 2574 5021 ex
2606 4968 2864 5037 professo
2922 4968 3281 5023 adversarios
3329 4967 3655 5023 interficere

2005 5057 2260 5110 student.
2294 5056 2600 5110 lmoetiam
2618 5057 2662 5110 si
2681 5062 2914 5128 propter
2934 5058 3193 5129 aliquam
3219 5056 3387 5111 aliam
3413 5074 3648 5110 causam

2005 5144 2178 5200 fatale
2228 5145 2719 5200 medicamentum
2778 5146 2984 5216 aliquis
3049 5145 3310 5210 misceat,
3359 5150 3532 5216 atque
3575 5145 3651 5199 ita

2003 5233 2333 5302 interficiat,
2395 5234 2777 5290 voluntariam
2811 5250 2943 5289 esse
2983 5235 3151 5288 istam
3185 5233 3396 5288 easdem
3422 5236 3650 5302 judica-

2003 5338 2152 5376 mus.
2190 5321 2348 5376 lslud
2375 5340 2524 5394 saepe
2558 5324 2776 5378 faciunt
2813 5322 3104 5389 mulieres,
3140 5339 3266 5392 quae
3301 5323 3646 5392 quibusdam

2002 5411 2496 5466 incantationibus
2561 5428 2626 5466 ac
2683 5411 2955 5466 amuletis
3013 5411 3079 5463 ad
3121 5415 3210 5464 sui
3261 5427 3512 5466 amorem
3563 5412 3645 5464 vi-

2001 5517 2096 5556 ros
2154 5500 2440 5555 attrahere
2484 5505 2786 5559 conantur,
2848 5503 2904 5554 et
2933 5500 3070 5554 dant
3124 5501 3192 5555 iis
3227 5501 3647 5554 medicamenta

1999 5606 2126 5660 qua:
2177 5591 2466 5644 mentibus
2527 5590 2792 5644 tenebras
2843 5588 3171 5644 offundunt.
3235 5589 3330 5642 Ha?
3379 5604 3535 5658 ergo,
3596 5588 3644 5640 si

2001 5686 2261 5746 enecant,
2296 5680 2562 5750 quamvis
2616 5679 2770 5732 aliud
2822 5677 3128 5745 voluerint,
3172 5679 3326 5731 aliud
3388 5677 3643 5741 fecerim,

2004 5774 2235 5842 propter
2281 5768 2610 5824 lethiferum
2647 5775 2820 5839 atque
2867 5767 3219 5838 prohibitum
3265 5767 3641 5835 medicamen,
