4092 6300
383 425 500 486 ne
534 401 536 404 ’

1670 433 2039 496 MATTH/EI
2085 436 2508 499 BLASTARIS

3666 434 3780 495 l80

383 554 536 622 1nter
595 565 958 624 voluntarios
1007 567 1330 626 homicidas
1388 571 1832 642 reputabuntur.
1901 578 2020 631 Imo

2157 594 2272 637 τεως
2327 571 2379 627 ἐν
2444 576 2562 633 τοῖς
2629 570 2887 630 έκουσίως
2957 567 3243 644 φονεύουσι
3309 567 3783 641 καταλογίζονται.

382 659 441 710 et
496 672 622 727 qua;
682 657 948 713 abortum
1013 659 1223 714 cientis
1271 661 1696 718 medicamenta
1745 665 2024 734 praebent,

382 744 470 800 vel
528 761 654 816 qua
713 746 1003 819 recipiunt
1048 763 1268 803 venena
1343 749 1548 805 {uatum
1609 753 1874 810 necantia
1930 763 2029 810 aut

383 835 827 908 pracipitantia,
877 835 1026 894 nihil
1053 838 1226 910 plane
1255 855 1289 895 a
1328 839 1670 900 voluntariis
1717 842 2026 901 homicidia

382 925 679 984 differunt.

456 1016 523 1072 In
564 1031 780 1073 canone
837 1019 1030 1073 autem
1080 1017 1149 1072 43
1189 1019 1512 1092 :Quisquis
1537 1021 1750 1079 vulnus
1812 1023 2027 1080 lethale

384 1103 572 1163 vicino
609 1105 900 1173 inflixerit,
953 1107 1073 1163 sive
1112 1108 1271 1179 prior
1317 1125 1636 1182 aggressus
1684 1113 1780 1180 sit,
1811 1113 1928 1169 sive
1965 1129 2029 1169 se

383 1193 724 1262 defenderit,
756 1195 1052 1252 homicida
1081 1201 1190 1253 est.

452 1285 637 1354 Atque
667 1300 888 1341 canone
915 1285 987 1340 56
1019 1303 1032 1340 :
1066 1287 1172 1352 Qui
1223 1303 1330 1342 sua
1359 1298 1562 1361 sponte
1609 1290 1928 1358 interiacet,
1975 1300 2029 1346 et

383 1379 580 1444 postea
609 1373 948 1443 pmnitentia
989 1374 1200 1432 ductus
1247 1377 1441 1442 fuerit,
1475 1395 1574 1448 per
1599 1380 1670 1434 20
1699 1397 1883 1437 annos
1932 1398 2029 1436 sa-

382 1467 474 1518 tra
500 1463 912 1519 communione
942 1463 1298 1534 privabitur;
1331 1467 1550 1524 scilicet
1580 1470 1750 1525 annis
1781 1476 2029 1542 quatuor

384 1555 548 1608 extra
577 1551 725 1608 fores
756 1553 988 1608 oratorii
1020 1560 1182 1610 stans
1214 1560 1270 1610 et
1305 1559 1469 1624 ﬂens,
1503 1562 1557 1614 et
1581 1557 1766 1629 palam
1795 1560 2027 1616 denun-

383 1640 539 1696 tians
560 1640 780 1696 crimen
813 1646 1198 1714 suum,atque
1227 1660 1442 1717 rogans
1495 1646 1699 1704 ﬁdeles
1723 1649 2026 1720 intrantes,

387 1734 452 1785 ut
481 1745 584 1801 pro
626 1728 754 1799 ipso
816 1729 995 1785 Deum
1029 1733 1247 1802 precari
1294 1735 1504 1801 velint;
1558 1745 1682 1792 tum
1725 1754 1828 1809 per
1853 1739 2024 1810 quin-

385 1814 706 1887 quennium
759 1831 876 1872 una
903 1833 1036 1872 cum
1095 1819 1467 1876 audientibus
1504 1823 1860 1894 egredietur;
1894 1827 2025 1880 dein

2141 664 2238 718 Καὶ
2288 663 2342 717 cii.
2389 665 2457 717 τὰ
2503 655 2876 734 ἐμϐρυοκτόνα
2918 655 3099 712 τοίνυν
3148 656 3502 732 ἐπορέγουσαι
3543 659 3577 726 ἢ
3612 655 3784 731 3516-

2141 773 2298 824 μεναι
2358 753 2640 826 φάρμακα,
2701 749 2775 811 ὡς
2830 742 3220 822 ἀμϐλωθρίδια
3286 751 3628 821 προενεγκεῖν
3691 749 3784 800 καὶ

2136 840 2290 917 ἄωρα
2335 843 2403 895 τὰ
2457 842 2786 917 γεννήματα,
2847 834 3000 892 οὐδὲν
3056 841 3172 898 τοῖς
3234 837 3404 891 έκοντὶ
3466 835 3786 913 φυνεύουσιν

2135 931 2482 986 ἀπεπίκασιν.

2211 1025 2296 1079 Ἐν
2326 1020 2384 1076 δὲ
2413 1025 2492 1093 τῷ
2538 1021 2645 1095 μγ’,
2692 1021 2896 1090 Ὅστις,
2937 1017 3091 1094 φησὶ,
3145 1017 3374 1070 θανάτου
3424 1014 3650 1090 πληγὴν
3702 1021 3787 1086 τῷ

2136 1112 2373 1182 πλησίον
2406 1109 2629 1178 δέδωκε,
2663 1107 2856 1185 φονεύς
2887 1108 3050 1162 ἐστιν.
3093 1105 3200 1161 εἴτε
3243 1106 3372 1179 ἦρξε
3395 1113 3496 1174 τῆς
3538 1105 3783 1180 πληγῆς,

2139 1201 2244 1257 εἴτε
2275 1199 2548 1272 ἠμύνατο.

2211 1295 2294 1346 Ἐν
2335 1289 2391 1344 δὲ
2437 1292 2517 1360 τῷ
2565 1289 2659 1349 νς’.
2710 1288 2770 1344 Ὁ
2824 1286 2996 1340 ἑκοντὶ
3049 1283 3332 1360 φονεύσας,
3380 1281 3563 1338 ἔπειτα
3611 1304 3786 1356 μετα-

2143 1378 2425 1454 μεληθεὶς,
2467 1378 2544 1439 εἰς
2598 1379 2642 1432 κ’
2683 1371 2776 1446 ἔτη
2827 1382 2929 1444 τῆς
2986 1375 3270 1433 κοινωνίας
3331 1370 3573 1428 ἐκποδὼν
3632 1368 3784 1427 ἔσται

2139 1474 2246 1525 τῶν
2283 1468 2654 1542 ἀγιασμάτιυν,
2690 1465 2742 1520 ἐν
2785 1463 3066 1537 τέσσαρσιν
3109 1461 3278 1518 ἔτεσιν
3320 1459 3422 1532 ἔξω
3468 1469 3566 1530 τῆς
3617 1462 3784 1535 θύρας

2139 1556 2236 1613 τοῦ
2277 1557 2572 1632 εύκτηρίου
2613 1555 2781 1610 έστὼτ
2822 1555 2910 1608 καὶ
2955 1551 3330 1626 προσκλαίων,
3369 1552 3459 1606 καὶ
3505 1553 3603 1620 τήν
3644 1549 3787 1605 ἰδίαν

2137 1645 2471 1722 ἐξαγορεύων
2531 1644 2900 1718 παρανομίαν,
2957 1646 3062 1697 τῶν
3123 1640 3401 1695 εἰσιόντων
3457 1661 3515 1694 τε
3571 1644 3781 1695 πιστῶν

2139 1737 2394 1811 δεόμενος
2428 1737 2594 1812 εὐχὴν
2631 1735 2762 1811 ὑπὲρ
2794 1736 2961 1790 αὐτοῦ
3001 1735 3271 1788 ποιεῖσθαι
3295 1751 3309 1766 ⁵
3356 1731 3407 1786 ἐν
3446 1731 3602 1787 πέντε
3639 1731 3780 1787 ἔτεσι

2141 1849 2277 1902 μετα
2340 1831 2448 1881 τῶν
2516 1825 2885 1899 ἀκροωμένων
2944 1822 3294 1895 ἐξελεύσεται,
3352 1843 3443 1876 και
3517 1821 3666 1884 αὖθις
3725 1822 3781 1876 έν

386 1909 604 1976 septem
635 1903 806 1960 annis
835 1905 1007 1960 simul
1039 1923 1171 1962 cum
1195 1908 1507 1966 substratis
1538 1917 1671 1968 ante
1703 1913 1926 1969 ﬁnitam
1959 1915 2024 1969 li-

2157 1917 2270 1972 ,mo‘t
2313 1917 2450 1990 μετά
2490 1919 2596 1970 τῶν
2665 1917 2720 1969 ἓν
2781 1912 3093 1969 ὑποπτώσει
3150 1908 3296 1967 ἔνδον
3357 1912 3421 1965 οὐ
3493 1917 3639 1984 μενεῖ
3693 1909 3784 1966 διὰ

385 1995 634 2065 turgiam
668 1993 867 2050 exibit.
893 1997 957 2051 In
987 1994 1231 2067 reliquis
1252 2005 1521 2069 quatuor,
1556 2001 1800 2070 pedibus
1830 2005 2028 2071 stabit,

387 2090 446 2140 et
473 2083 583 2142 hoc
622 2082 789 2140 faciet
818 2085 1090 2142 continuo
1121 2089 1182 2142 in
1214 2087 1601 2146 celebratione
1632 2091 2027 2150 Eucharistias.

457 2263 504 2317 Α
532 2265 894 2320 sacramento
917 2269 1109 2320 autem
1148 2265 1524 2324 Eucharistiaa
1553 2285 1655 2341 per
1683 2271 2028 2328 decennium

387 2349 644 2406 excludit
683 2350 1036 2409 homicidam
1067 2354 1525 2414 involuntarium
1565 2376 1747 2416 canon
1789 2363 1877 2418 57.
1921 2363 2031 2418 Ve-

389 2455 521 2495 rum
560 2439 620 2495 in
663 2455 881 2497 canone
922 2441 994 2497 54
1019 2443 1144 2514 [pro
1190 2445 1413 2502 ratione
1458 2447 2030 2506 circumstantiarum

389 2544 591 2600 pmnas
621 2527 925 2586 homicida:
991 2530 1364 2590 involuntarii
1414 2536 1625 2592 remitti
1658 2540 1741 2594 vel
1775 2539 2033 2596 roborari

383 2616 569 2688 jubet.

458 2708 650 2779 Atque
679 2706 739 2762 in
779 2724 905 2764 can.
958 2711 1018 2764 11
1053 2710 1322 2768 sufﬁcere
1371 2713 1627 2770 afﬁrmat
1667 2717 1724 2771 id
1763 2719 2035 2790 supplicii

389 2796 775 2853 involuntarie
834 2799 1225 2868 interﬁcienti,
1258 2804 1412 2873 quod
1465 2807 1730 2862 undecim
1782 2826 1966 2864 annos
2004 2828 2035 2864 a

390 2886 796 2943 communione
836 2888 1144 2948 abstineat.
1177 2893 1412 2950 Excedit
1456 2896 1610 2952 enim
1658 2899 1812 2953 istud
1862 2900 2034 2954 etiam

390 2977 794 3046 proscriptum
833 2979 1018 3036 sacris
1046 2982 1366 3040 cononibus
1387 2989 1639 3057 tempus.
1673 2987 1874 3052 Quoad
1902 2988 2035 3045 illos

391 3063 493 3134 qui
524 3065 785 3134 percussi
816 3071 975 3134 sunt,
991 3068 1174 3139 legem
1197 3072 1510 3129 Mosaicam
1543 3076 1846 3133 observare
1869 3094 2033 3146 opor-

390 3156 474 3208 tet
504 3170 521 3205 :
553 3159 609 3208 et
631 3153 786 3210 hunc
820 3155 1079 3227 quidem,
1113 3159 1210 3230 qui
1243 3170 1474 3232 propter
1502 3164 1706 3237 plagas
1739 3167 2035 3235 decubuit,

397 3256 603 3296 rursus
636 3247 825 3298 tamen
860 3243 1065 3302 baculo
1087 3248 1446 3306 suoinnixus
1476 3255 2032 3321 ambulat,occisum

392 3344 523 3385 esse
553 3330 1166 3405 miuimeexistimare;
1199 3337 1288 3394 sin
1314 3344 1505 3397 autem
1530 3350 1656 3413 post
1684 3343 1897 3400 vulnus
1918 3363 2035 3402 non

391 3419 660 3488 surrexit,
693 3420 829 3491 quia
859 3437 992 3478 eum
1024 3425 1199 3482 nollet
1225 3428 1550 3486 interﬁcere
1581 3432 1678 3502 qui
1693 3434 2031 3502 verberavit,

391 3508 682 3564 nomicida
727 3510 966 3580 quidem
1017 3518 1128 3583 est,
1175 3516 1276 3572 sed
1329 3515 1754 3578 involuntarius
1801 3529 2037 3595 propter

391 3595 775 3668 propositum.

463 3690 656 3777 (lauou
688 3692 880 3745 autem
927 3691 998 3747 22
1027 3695 1231 3766 synodi
1272 3697 1759 3760 Neocesariensis
1797 3721 1894 3761 eos
1933 3707 2034 3777 qni

394 3774 452 3830 in
485 3774 864 3833 homicidium
912 3778 1367 3842 involnntarium
1417 3789 1705 3859 incidunt,
1748 3795 1847 3864 ait,
1883 3774 2039 3865 prior

395 3865 729 3919 constitutio
776 3883 877 3938 per
945 3875 1315 3940 septennium
1373 3881 1803 3938 communicare
1867 3894 2033 3952 vetat,

394 3952 673 4041 posterior
695 3959 887 4010 autem
922 3961 1393 4032 quinquennium
1425 3968 1744 4040 adimplere
1777 3974 1962 4041 jubet.

466 4039 663 4097 Canon
712 4059 844 4100 vero
884 4045 954 4099 23
1005 4049 1325 4109 homicidas
1371 4039 1727 4115 voluntarios
1775 4039 1832 4116 in
1881 4066 2036 4120 exitu

395 4128 521 4184 vitm
550 4129 618 4184 ad
676 4135 1149 4192 communionem
1199 4143 1426 4198 admitti
1475 4145 1662 4214 jubet.
1718 4150 1799 4204 Tu
1843 4159 2036 4209 tamen

395 4219 585 4289 potuis
615 4233 854 4291 sequere
885 4239 1137 4282 conones
1158 4233 1348 4300 magni
1381 4235 1598 4291 Basilii.

893 4313 1041 4370 CAP.
1075 4315 1167 4372 Vl.
1197 4320 1272 4375 De
1297 4323 1542 4380 ruicidis.

468 4396 607 4453 Vide
640 4397 706 4451 12
733 4413 860 4470 cap.
894 4401 1003 4460 litt.
1049 4409 1103 4460 Β.

401 4505 550 4563 255
586 4505 742 4563 CAP.
775 4507 896 4565 νιι.
957 4513 1030 4587 De
1069 4515 1304 4572 cautibus
1361 4518 1616 4587 bellicir,'
1658 4531 1707 4578 et
1764 4526 2045 4583 latronum

999 4585 1457 4653 interfectoribus.

473 4666 720 4756 Magnus
741 4683 878 4725 sane
899 4671 1338 4745 Athanasius,in
1370 4679 1609 4746 epistola
1638 4685 1704 4739 sd
1737 4688 2036 4756 Ammum,
2073 4670 2117 4732 D

402 4755 709 4810 Hominem
758 4757 1038 4828 occidere,
1089 4761 1300 4834 inquit,
1348 4783 1462 4824 non
1523 4770 1676 4845 licet,
1717 4775 1817 4828 sed
1849 4755 2038 4832 tamen

404 4845 600 4900 hostes
632 4845 691 4899 in
749 4846 899 4902 bello
929 4850 1252 4912 interﬁcere
1295 4864 1348 4912 et
1386 4857 1545 4925 licet,
1575 4863 1632 4916 et
1669 4861 1839 4919 laude
1869 4865 2041 4920 etiam

403 4935 648 5004 dignum
680 4940 788 4992 est.

475 5023 724 5095 Magnus
800 5033 992 5085 autem
1059 5032 1306 5090 Basilius
1366 5037 1421 5091 in
1482 5054 1610 5094 can.
1687 5042 1772 5107 13,
1826 5045 2041 5110 Gades,

406 5112 616 5183 inquit,
670 5114 905 5173 bellicas
952 5118 1145 5177 Patres
1184 5126 1364 5180 nostri
1412 5126 1729 5185 homicidia
1769 5148 1898 5187 esse
1938 5133 2045 5187 mi-

406 5202 563 5257 nime
594 5207 955 5273 reputabant.
997 5209 1382 5282 ignoscentes,
1416 5221 1479 5271 ut
1511 5218 1654 5273 mihi
1692 5219 1940 5288 videtur,
1975 5222 2045 5276 iis

407 5289 504 5360 qui
542 5307 644 5361 pro
691 5294 902 5352 virtute
930 5303 987 5353 et
1035 5300 1246 5370 pietate
1292 5304 1602 5362 decertant.
1639 5307 1804 5363 Recte
1853 5315 2042 5365 tamen

411 5385 512 5434 hoc
541 5381 765 5436 consilii
787 5385 1015 5442 dedisse
1045 5390 1332 5456 videntur,
1358 5398 1421 5448 ut
1451 5412 1484 5449 a
1514 5398 1924 5453 communione
1948 5417 2049 5469 per

408 5468 723 5523 triennium
774 5474 1049 5543 tanquam
1121 5482 1386 5536 manibus
1430 5482 1642 5553 impuri
1727 5468 2044 5542 abstinent.

411 5558 602 5612 Laude
632 5558 781 5614 enim
808 5561 1016 5632 dignos
1047 5568 1331 5622 existimat
1360 5572 1533 5625 etiam
1566 5588 1662 5628 eos
1695 5585 1927 5630 sanctus
1960 5577 2049 5630 hic

408 5649 576 5702 Pater
601 5649 698 5717 qui
726 5649 784 5702 in
808 5649 999 5704 hostes
1033 5653 1308 5722 impetum
1339 5661 1643 5727 t'aciunt,et
1691 5680 1872 5733 genus
1887 5664 2042 5719 Chri-

409 5736 658 5790 stianum
703 5735 1052 5805 defendunt;
1109 5744 1207 5812 qui
1240 5747 1392 5800 enim
1445 5746 1674 5804 illorum
1727 5754 1780 5806 in
1814 5751 2044 5808 laudem

2138 2005 2368 2070 τέλους·
2403 2005 2454 2059 ἐν
2497 2010 2614 2065 τοῖς
2673 2003 2892 2062 λοιποῖς
2947 2001 3195 2075 τέσσαρσι
3260 2001 3628 2069 συστήσεται·
3691 2003 3782 2055 καὶ

2139 2101 2305 2152 ταῦτα
2345 2094 2640 2166 διηνυκὼς,
2691 2093 2742 2148 έν
2803 2092 3008 2166 μεθέξει
3057 2096 3161 2147 τῶν
3219 2089 3572 2164 ἁγιασμάτων
3619 2093 3780 2164 γενή-

2140 2207 2308 2242 σεται.

2209 2275 2309 2329 Τὸν
2369 2271 2427 2328 δέ
2471 2269 2740 2333 ἀκουσίως
2788 2272 3155 2350 πεφονευκότα
3201 2271 3253 2326 ἐν
3301 2277 3382 2345 τῷ
3414 2274 3491 2341 vi:
3530 2273 3603 2332 εἰς
3655 2269 3784 2326 δέκα

2142 2362 2235 2431 ἔτη
2296 2369 2395 2431 τῆς
2443 2365 2550 2415 τῶν
2608 2361 2962 2436 ἀγιασμάτων
3022 2361 3309 2424 κοινωνίας
3364 2362 3631 2435 ἀπείργει.
3691 2361 3783 2415 Ἑν

2143 2449 2200 2506 δί
2236 2456 2316 2523 τῷ
2371 2447 2446 2506 νδ⁹
2503 2449 2641 2506 κατά
2693 2450 2756 2505 τὸ
2826 2447 3030 2522 ἰδίωμα
3093 2456 3193 2518 τῆς
3259 2451 3624 2526 περιστάσεως
3685 2452 3786 2502 τοῦ

2141 2541 2410 2604 ἀκουσίως
2450 2541 2807 2615 φονεύσαντος
2845 2539 2879 2608 ἢ
2922 2539 3157 2615 ύφεῖναι,
3197 2540 3232 2610 ἢ
3272 2539 3533 2596 ἐπιτεῖναι
3574 2539 3786 2595 κελεύει

2140 2632 2206 2686 τὰ
2238 2631 2505 2704 ἐπιτίμια.

2213 2721 2300 2775 Ἐν
2333 2718 2387 2775 δέ
2431 2740 2492 2794 γε
2536 2725 2616 2792 τῷ
2674 2721 2741 2773 ια’
2806 2719 3145 2794 ἀποχρῶσαν
3191 2720 3323 2774 εἶναί
3380 2741 3514 2792 φησι
3561 2715 3786 2773 καταδί-

2144 2829 2243 2877 κην
2292 2813 2370 2878 τῷ
2413 2807 2682 2868 ἀκουσίως
2729 2805 3063 2882 φονεύσαντι,
3113 2806 3176 2861 τὸ
3219 2805 3305 2861 ἐπὶ
3346 2804 3530 2861 ἕνδεκα
3559 2805 3650 2876 ἔτη
3706 2808 3786 2879 μὴ

2143 2903 2522 2964 κοινωνῆσαι·
2575 2890 2913 2968 ὑπερϐέϐηκε
2972 2895 3073 2969 γὰρ
3122 2896 3211 2948 καί
3257 2895 3351 2949 τὸν
3405 2896 3789 2966 τετυπωμένον

2146 2993 2258 3050 τοῖς
2291 2989 2476 3042 κανόσι
2509 2986 2717 3060 καιρόν.
2763 2985 2883 3041 Ἐπὶ
2925 2983 2982 3040 δὲ
3019 2986 3127 3039 τῶν
3168 2985 3513 3060 πληγέντων,
3552 2985 3619 3040 τά
3657 2993 3792 3042 Μω-

2147 3075 2278 3139 σέως
2335 3077 2812 3151 παρατηρήσωμεν
2843 3091 2858 3104 ⁸
2919 3075 3009 3128 καὶ
3076 3075 3166 3129 τὸν
3232 3073 3624 3130 κατακλιθέντα
3694 3075 3793 3147 μὲν

2149 3171 2254 3226 ὑπὸ
2282 3175 2388 3226 τῶν
2417 3170 2670 3244 πληγῶν,
2704 3169 2764 3229 ἃς
2807 3165 2994 3236 ἔλαϐε,
3039 3165 3333 3242 βαδίσαντα
3386 3167 3442 3222 δὲ
3481 3168 3642 3223 πάλιν
3699 3167 3790 3223 ἔπὶ

2147 3265 2215 3333 τῇ
2247 3262 2438 3315 ἑαυτοῦ
2471 3257 2672 3335 ῥάϐδῳ,
2713 3257 2774 3312 ού
2816 3256 3156 3332 λογισόμεθα
3199 3260 3572 3332 πεφονεῦσθαι.
3621 3258 3684 3312 Εἰ
3731 3255 3791 3312 3‘s

2145 3349 2244 3404 ούκ
2283 3350 2529 3418 ἐξανέστη
2597 3347 2732 3418 μετά
2786 3349 2881 3408 τὰς
2935 3345 3177 3420 πληγάς,
3233 3345 3361 3402 ἀλλ’
3419 3345 3508 3400 οὖν
3566 3351 3646 3418 τῷ
3709 3349 3784 3418 μὴ

2145 3437 2468 3512 προελέσθαι
2528 3437 2684 3491 αὐτὸν
2740 3434 2968 3504 ἀνελεῖν,
3014 3437 3042 3489 6
3079 3437 3356 3505 τυπτήσεις
3413 3434 3608 3508 φονεὺς
3669 3437 3786 3506 μὲν,

2142 3529 2269 3584 ἀλλ’
2311 3527 2561 3586 ἀκούσιος
2595 3526 2683 3580 διὰ
2717 3526 2818 3594 τήν
2849 3525 3124 3598 πρόθεσιν.

2212 3710 2272 3764 Ὁ
2332 3705 2389 3761 δὲ
2444 3711 2544 3774 τῆς
2603 3705 2653 3758 ἐν
2714 3702 2949 3778 ’Δγκύρᾳ
3008 3700 3236 3756 συνόδου
3287 3703 3460 3756 κανὼν
3507 3703 3596 3764 κβ⁹
3653 3704 3786 3764 τοὺς

2144 3795 2381 3867 ἀκουσίῳ
2439 3793 2582 3870 φόνῳ
2639 3794 3051 3865 περιπεσόντας,
3096 3790 3251 3867 φησὶ,
3301 3791 3329 3843 6
3377 3791 3472 3863 μὲν
3518 3791 3789 3866 πρότερος

2146 3887 2272 3958 ὅρος
2304 3885 2354 3937 ἓν
2385 3881 2634 3950 έπταετίᾳ
2674 3879 2883 3936 κελεύει
2920 3885 3016 3933 τοῦ
3062 3879 3276 3934 τελείου
3321 3881 3397 3952 μή
3451 3887 3742 3953 μετασχεῖν
3771 3901 3784 3913 ο

2147 3978 2175 4030 ὁ
2207 3973 2262 4029 δὲ
2293 3972 2544 4045 δεύτερος
2577 3973 2668 4026 τὸν
2701 3976 2957 4038 πενταετῆ
2996 3969 3192 4041 χρόνον
3235 3967 3551 4041 πληρῶσαι.

2218 4069 2275 4115 '0
2305 4062 2360 4118 δέ
2399 4065 2485 4137 κγ’
2524 4060 2651 4120 τοὺς
2697 4059 2956 4119 έκουσίως
3006 4059 3363 4134 φονεύσαντας
3413 4056 3466 4112 έν
3514 4062 3594 4128 τῷ
3642 4056 3790 4112 τέλει

2145 4159 2241 4209 τοῦ
2276 4153 2396 4228 βίου
2435 4159 2533 4220 τῆς
2565 4149 2848 4210 κοινωνίας
2887 4149 3162 4220 ἀξιοῦσθαι
3199 4146 3432 4204 κελεύει.
3473 4146 3545 4202 Σὺ
3578 4145 3634 4202 δὲ
3673 4153 3790 4210 τοῖς

2146 4248 2243 4299 τοῦ
2278 4240 2520 4316 μεγάλου
2553 4238 2835 4294 Βασιλείοτ
2869 4237 3082 4309 μᾶλλον
3115 4236 3301 4290 πείθου
3332 4237 3569 4292 κανόσιν.

2181 4337 2438 4386 ΚΕΦΑΛ.
2628 4325 2784 4400 Περὶ
2814 4330 2938 4379 τῶν
2981 4326 3401 4402 φονευόντων
3444 4325 3753 4386 ἑαυτούς.

2223 4423 2381 4491 Ζήτει
2411 4420 2473 4474 τὸ
2511 4421 2578 4492 ιβ’
2609 4417 2902 4495 κεφάλαιον
2934 4420 3031 4470 τοῦ
3063 4422 3105 4472 Β
3135 4416 3431 4489 στοιχείου.

2156 4535 2408 4585 ΚΕΦΑΛ.
2452 4524 2710 4606 Ζ’..Περὶ
2751 4527 2875 4578 τῶν
2924 4523 3134 4606 φόνων
3179 4526 3301 4606 τῶν
3341 4520 3791 4606 ἐν’πολέμως,

2452 4597 2559 4652 καὶ
2598 4594 2721 4651 τῶν
2761 4594 3186 4674 φονευόντων
3231 4594 3501 4667 λῃστάς.

2222 4695 2279 4745 Ὀ
2341 4690 2436 4762 μὶν
2495 4685 2660 4762 μέγάς
2721 4686 3038 4748 Ἀθάνάσιος
3095 4684 3145 4739 ἐν
3218 4686 3287 4755 τῇ
3334 4685 3467 4758 πρὸς
3537 4685 3792 4755 ’Δμμοῦν

2148 4779 2435 4853 ἐπιστολῇ.
2485 4778 2736 4832 Φονεύειν
2785 4776 2886 4830 οὐκ
2925 4773 3116 4845 ἔξεστι,
3158 4775 3343 4852 φησὶν,
3403 4770 3526 4826 ἀλλ’
3580 4771 3631 4825 ἐν
3687 4793 3794 4826 πο-

2147 4867 2304 4945 λέμῳ
2360 4868 2598 4942 ἀναιρεῖν
2655 4864 2780 4928 τοὺς
2837 4862 3190 4931 ἀντιπάλους,
3256 4862 3345 4916 καὶ
3405 4858 3631 4933 ἔννομον
3694 4863 3788 4916 καὶ

2146 4959 2370 5013 ἐπαίνου
2400 4957 2568 5030 ἄξιον.

2218 5051 2278 5105 Ὀ
2323 5046 2379 5101 δὲ
2414 5045 2573 5120 μέγας
2618 5043 2898 5104 Βασίλειος
2939 5039 2991 5095 έν
3041 5045 3122 5112 τῷ
3174 5043 3243 5114 ιγ’
3292 5040 3494 5093 κανόνι.
3547 5040 3680 5100 Τοὺς
3732 5037 3789 5093 έν

2147 5136 2418 5210 πολέμοις
2464 5133 2657 5213 φόνους
2707 5133 2760 5188 οἱ
2809 5130 3039 5205 Πατέρες
3088 5133 3271 5199 ἡμῶν,
3333 5129 3519 5204 φησὶν,
3571 5128 3623 5182 έν
3676 5134 3796 5190 τοῖς

2150 5226 2342 5303 φόνοις
2373 5225 2474 5279 οὐκ
2517 5220 2852 5297 ἔλογίσαντο,
2886 5219 3009 5292 ἐμοὶ
3052 5215 3221 5285 δοκεῖ,
3250 5217 3580 5290 συγγνώμην
3610 5213 3796 5278 δόντες

2147 5301 2265 5376 τοῖς
2319 5313 2452 5386 ὑπὲρ
2511 5311 2867 5383 σωφροσύνης
2926 5309 3014 5362 καὶ
3073 5301 3344 5369 εὐσεϐείας
3399 5304 3789 5378 ἀμυνομένοις.

2147 5403 2301 5480 Τάχα
2351 5401 2406 5456 δὲ
2450 5400 2634 5461 καλῶς
2679 5395 2794 5473 ἔχει
2854 5394 3266 5470 συμϐουλεύειν,
3337 5397 3412 5457 ὡς
3459 5396 3553 5457 τὰς
3602 5401 3793 5469 χεῖρας

2157 5471 2574 5566 μήηκαθαροὺς,
2613 5494 2776 5563 τριῶν
2817 5487 2949 5542 ἐτῶν
2993 5494 3094 5555 τῆς
3135 5487 3417 5546 κοινωνίας
3471 5485 3792 5559 ἀπέχεσθαι.

2157 5584 2233 5635 Δι’
2294 5581 2514 5634 ἐπαίνου
2560 5581 2664 5656 γάρ
2709 5579 2914 5634 τίθεται
2961 5576 3049 5630 καὶ
3086 5577 3114 5630 ὁ
3153 5575 3431 5635 θεσπέσιος
3477 5573 3632 5634 οὗτος
3684 5578 3793 5626 ll:-

2152 5672 2282 5743 τηρ,
2333 5671 2456 5730 τοὺς
2515 5671 2683 5740 ὁμόσε
2731 5673 2845 5726 τοῖς
2906 5664 3222 5726 ἀντιπάλοις
3282 5662 3533 5740 εὐψύχως
3593 5661 3794 5730 ἰόντας,

2153 5761 2244 5815 καὶ
2301 5763 2399 5815 τοῦ
2465 5764 2572 5813 τῶν
2640 5759 2970 5830 Χριστιανῶν
3035 5751 3220 5829 γένους
3305 5750 3794 5826 ὑπερασπίζοντας,
