4092 6300
257 428 354 488 181

1290 431 1727 495 SYNTAGMA
1770 429 2409 494 ALPHABETICUM.
2459 466 2533 475 —
2579 439 2650 490 Φ.

3542 426 3658 488 182

251 560 304 614 Τί
344 561 446 634 γάρ
494 565 604 615 τῶν
658 561 794 635 ὑπὲρ
847 566 1203 638 σωφροσύνης
1248 565 1336 619 καὶ
1386 561 1660 628 εὐσεϐείας
1698 567 1883 640 ἀμυνο·

2013 567 2345 639 ριιωοιειιοίυε
2376 568 2486 623 dici
2501 567 2871 640 possitquam
2888 568 3037 638 quod
3061 569 3319 638 pugnent
3333 564 3656 636 provirtutn

253 651 424 720 μένων
459 649 534 709 εἷς
576 648 799 705 ἐπαίνου
857 650 1018 726 λόγον
1059 655 1259 726 γένοιτ’
1301 656 1362 709 ἃν
1413 655 1702 729 ἀξιώτερον
1735 676 1748 724 ;
1780 659 1900 710 Ὅτι

247 756 306 808 γε
355 737 468 807 μὴν
517 735 668 808 αὐτῷ
717 740 999 811 πρόκειται
1051 741 1278 809 σκοπὸς,
1325 743 1419 804 τὰς
1477 744 1898 817 συνεζευγμένας

246 823 350 879 ἔσθ’
397 823 509 895 ὅπη
569 827 660 880 καὶ
702 831 824 889 ταῖς
871 829 1094 902 ἀγαθαῖς
1143 836 1252 886 τῶν
1306 832 1549 904 πράξεων
1624 832 1896 907 καθαίρειν

246 911 506 985 κηλῖδας,
542 917 782 990 μετρίως
813 919 903 972 καί
930 919 1144 981 τούτοις
1185 920 1429 992 ἐπιτιμᾷ,
1479 919 1683 998 ὥσπερ,
1716 924 1898 994 οἶμαι,

244 1004 336 1058 καὶ
396 1007 424 1058 6
489 1008 659 1079 μέγας
717 1007 780 1060 ἂν
850 1006 1097 1077 ἐποίησεν
1177 1011 1512 1078 Ἀθανάσιος,
1573 1010 1619 1065 εἰ
1696 1012 1896 1080 ταύτην

245 1095 701 1167 προστησάμενος
750 1095 852 1150 καὶ
899 1097 1060 1158 αὐτὸς
1121 1098 1380 1174 ἐτύγχανε
1451 1102 1552 1168 τήν
1627 1099 1896 1163 ὑπόθεσιν,

243 1183 336 1237 καί
393 1185 472 1255 μή
524 1185 757 1259 ἑτέρωσε
833 1183 1076 1259 βλέπων,
1128 1187 1336 1242 τούτων
1394 1189 1894 1262 ἀπεμνημόνευσεν.

241 1271 408 1328 Ἀλλ’
444 1274 496 1326 οἱ
527 1279 630 1342 τῆς
666 1273 1030 1350 μεγαλονοίας
1063 1280 1159 1331 τοῦ
1187 1277 1484 1351 νομοθέτου
1519 1281 1595 1351 μή
1647 1278 1898 1353 ἐφικνού-

245 1383 431 1433 μενοι,
498 1361 641 1435 μηόὶ
697 1369 804 1418 τῶν
877 1365 1226 1439 ἀνθρωπίνων
1313 1367 1753 1440 κατορθωμάτων
1837 1369 1899 1424 τὸ

244 1453 385 1524 πρὸς
417 1453 608 1507 κακίαν
653 1451 953 1529 ἀγχίθυρον
1002 1458 1416 1530 στοχαζόμενοι,
1470 1455 1704 1530 μέμψεις
1753 1459 1902 1529 αὐτῷ

241 1546 565 1612 περιάπτειν
608 1541 918 1615 τολμῶσιν,
962 1545 1050 1598 οἶα
1107 1545 1363 1624 φορτικὸν
1415 1546 1470 1600 ὃν
1527 1546 1592 1602 τὸ
1629 1553 1729 1616 τῆς
1760 1569 1896 1620 συμ-

242 1625 482 1699 ϐουλῆς,
531 1633 620 1686 καὶ
674 1639 772 1701 τῆς
827 1634 997 1704 ἀρθῆς
1043 1631 1276 1689 ἀποδέον
1320 1635 1572 1708 κρίσεως.
1621 1632 1900 1709 Συμϐήσε-

242 1741 391 1774 σεται
438 1720 567 1796 γὰρ,
612 1722 762 1798 φασὶ,
809 1724 955 1795 παρά
1001 1728 1188 1794 τοῦτο,
1215 1728 1325 1778 τῶν
1377 1729 1724 1799 στρατιωτῶν
1771 1725 1898 1788 τοὺς

242 1807 749 1882 εὐδοκιμωτάτους,
805 1814 896 1865 καὶ
949 1809 1184 1884 μάλιστα
1241 1814 1318 1876 οἷς
1383 1811 1555 1889 ἔργον,
1615 1815 1749 1891 ξίφει
1809 1815 1897 1868 καὶ

2015 662 2074 713 et
2106 657 2316 728 pietate
2344 658 2371 712 ?
2399 658 2542 722 Quia
2569 671 2702 713 vero
2725 657 2832 728 ipsi
2866 655 3228 727 propositum
3270 653 3403 719 fuit,
3455 667 3654 709 macu'l

2008 747 2097 802 las
2112 763 2238 818 qua
2265 763 2682 818 nonnunquam
2700 745 2993 818 praeclaris
3015 743 3338 800 actionibus
3351 743 3421 799 ad
3432 743 3650 798 harent

2009 835 2221 902 eluere,
2257 836 2554 892 moderate
2585 836 2758 892 etiam
2789 835 2934 890 istos
2985 833 3153 904 punit
3183 850 3196 887 :
3248 832 3420 889 sicuti
3449 838 3510 888 et
3562 847 3659 887 ma

2009 941 2161 998 gnus
2190 925 2562 994 Athanasius,
2593 925 2746 996 quod
2780 940 2927 991 reor,
2963 924 3210 990 fecisset,
3247 922 3299 978 si
3347 922 3456 992 ipsi
3497 923 3658 977 conti

2008 1017 2190 1088 gisset
2221 1016 2371 1071 hanc
2401 1031 2633 1071 causam
2658 1019 2928 1080 tractare,
2961 1027 3148 1084 neque
3189 1012 3301 1068 alio
3334 1011 3654 1082 respiciens

2008 1105 2152 1161 istos
2185 1105 2596 1177 prasteriisset:
2656 1119 2855 1158 verum
2915 1102 2999 1158 illi
3063 1103 3362 1171 (Zonaram
3418 1100 3654 1170 innuit),

2007 1194 2106 1262 qui
2137 1192 2680 1265 magnanimitatem
2727 1189 3050 1262 spiritualis
3087 1189 3268 1260 hujus
3305 1188 3658 1261 legislatoris

2009 1300 2124 1338 non
2157 1286 2567 1353 assequuntur,
2602 1296 2790 1352 neque
2822 1286 3041 1335 naturae
3057 1279 3328 1334 humanas
3359 1279 3428 1333 ad
3451 1277 3653 1332 vitium

2011 1372 2355 1444 pronitatem
2386 1371 2777 1438 considerant,
2825 1370 3016 1439 ipsum
3071 1367 3489 1438 reprehendere
3539 1383 3654 1421 non

2010 1466 2298 1528 verentur,
2332 1460 2497 1530 quasi
2527 1468 2680 1514 esset
2708 1458 3001 1514 insulsum
3033 1457 3359 1522 consilium,
3401 1461 3458 1511 et
3503 1461 3656 1512 recto‘

2001 1549 2227 1622 judicio
2255 1565 2479 1606 carens.
2515 1549 2632 1604 Hoc
2657 1547 2814 1603 enim
2846 1554 3034 1618 pacto,
3078 1546 3159 1600 ait
3202 1545 3320 1609 ille,
3364 1544 3656 1614 continget

2009 1643 2076 1694 ut
2091 1638 2306 1694 milites
2322 1636 2758 1708 spectatissimi,
2781 1639 2839 1692 et
2857 1650 3107 1707 quorum
3133 1634 3396 1690 studium
3415 1638 3499 1688 est
3515 1649 3656 1688 ense

2011 1743 2076 1782 ac
2097 1727 2249 1784 caade
2277 1731 2600 1782 exterarum
2643 1726 2918 1781 incursus
2965 1723 3294 1794 precidem,
3337 1738 3436 1792 per
3479 1727 3652 1776 totam

2007 1817 2182 1871 vitam
2209 1816 2341 1872 boni
2375 1815 2785 1871 communione
2807 1813 3124 1884 priventur,
3150 1814 3302 1884 quod
3327 1813 3465 1867 viris
3491 1811 3654 1868 Chri-

243 1899 393 1977 φόνῳ
450 1901 547 1962 τὰς
596 1906 705 1955 τῶν
778 1900 1112 1978 ἀλλοφύλων
1171 1904 1490 1960 ἀνακόπτειν
1550 1905 1746 1978 ὁρμὰς,
1807 1903 1883 1958 διὸ

2009 1905 2215 1959 stianis
2250 1902 2633 1958 intolerabilis
2676 1918 2848 1974 pmna
2881 1906 2988 1957 est.
3031 1901 3256 1972 Quippe
3283 1916 3386 1955 cur
3426 1916 3538 1956 non
3569 1898 3656 1953 illi

245 1992 372 2062 βίου
408 1997 512 2058 τῆς
558 1995 658 2045 τοῦ
697 1992 902 2066 ἀγαθοῦ
960 1993 1234 2064 στέρεσθαι
1309 1991 1693 2067 μεταλήψεως,
1761 1993 1892 2067 ὅπερ

242 2083 602 2152 Χριστιανοῖς
655 2080 933 2156 ἀφόρητος
988 2081 1231 2144 κόλασις.
1291 2082 1388 2138 Διά
1444 2085 1496 2138 τί
1552 2083 1680 2158 γάρ,
1719 2083 1897 2162 φασὶν,

244 2169 303 2224 οὐ
361 2171 597 2244 καθαροὶ
653 2171 750 2233 τὰς
816 2176 1028 2245 χεῖρας,
1061 2171 1152 2235 οὓς
1212 2173 1569 2250 σωφροσύνης
1626 2172 1750 2245 πέρι
1807 2173 1896 2227 καὶ

241 2254 516 2320 εὐσεϐείας
567 2258 732 2322 αὐτὸς
788 2257 1052 2332 πολεμεῖν
1110 2266 1420 2336 μαρτυρεῖς,
1490 2263 1680 2335 ἄριστα
1763 2261 1893 2315 πάν-

240 2368 344 2402 των
373 2352 540 2402 τοῦτο
571 2349 850 2418 σκοπήσας
885 2370 900 2420 ;
933 2351 1036 2407 Καὶ
1093 2351 1192 2424 γὰρ
1251 2349 1298 2404 εἷ
1360 2351 1436 2422 μὴ
1492 2349 1643 2405 οὗτοι
1700 2353 1892 2424 προθυ-

246 2440 463 2509 μηθεῖεν
519 2436 599 2498 εἷς
665 2442 856 2513 χεῖρας
911 2444 1028 2500 τοῖς
1085 2435 1381 2514 βαρϐάροις
1450 2438 1604 2508 ἰέναι,
1655 2441 1743 2494 καὶ
1827 2441 1894 2495 τὰ

249 2528 364 2603 ξίφη
425 2527 758 2591 ἐπισείοντες
816 2527 1019 2584 πείθειν
1076 2531 1188 2605 οὐχ
1241 2530 1390 2591 ὅπως
1439 2534 1545 2584 τῶν
1577 2527 1892 2605 ἀλλοτρίων

252 2620 319 2686 μή
375 2616 646 2696 ἐφίεσθαι,
678 2616 823 2672 ἀλλά
877 2619 966 2672 καὶ
1016 2619 1140 2692 περὶ
1197 2623 1304 2674 τῶν
1352 2619 1620 2697 σφετέρων
1651 2616 1891 2675 δεδοικέ-

244 2727 340 2776 ναι,
375 2708 480 2762 οὐκ
529 2705 592 2760 ἂν
650 2707 844 2784 φθάνοι
882 2707 950 2762 τά
1002 2714 1104 2776 τῆς
1153 2705 1428 2770 εὐσεϐείας
1460 2708 1748 2783 οἱχόμενα,
1780 2713 1890 2764 τῶν

240 2791 536 2870 βαρϐάρων
573 2795 658 2873 ὑφ’
701 2797 924 2858 έαυτοὺς
971 2798 1145 2852 πάντα
1192 2797 1538 2870 ποιουμένων
1566 2798 1699 2853 κατά
1747 2796 1891 2853 πολ-

236 2885 339 2953 λὴν
386 2889 490 2940 τοῦ
547 2883 894 2947 κωλύσοντος
945 2885 1199 2961 ἐρημίαν,
1249 2887 1336 2941 καὶ
1390 2889 1453 2941 τὸ
1494 2885 1693 2941 οἷ’κεῖον
1733 2884 1890 2949 σέϐας

232 2971 324 3029 διὰ
383 2973 634 3042 σπουδῆς
692 2976 989 3047 τιθεμένων
1049 2976 1364 3047 κρατύνειν;
1408 2977 1772 3053 Σωφροσύνην
1832 2974 1888 3031 δὲ

227 3063 312 3124 τίς
345 3061 500 3119 ἔσται
534 3064 563 3117 6
597 3064 816 3135 μετιὼν,
867 3063 1317 3137 ἀναγκαζομένων
1368 3063 1582 3119 πάντων
1635 3068 1730 3137 ζῇν
1771 3066 1888 3120 κατ’

227 3151 500 3218 ἐκείνους,
550 3151 954 3225 αὐτοκράτορας
1002 3149 1111 3222 ἤδη
1162 3152 1599 3227 γεγενημένους;
1661 3155 1885 3217 Τούτοις

227 3237 468 3314 παιδικῇ
502 3240 576 3302 ὡς
608 3239 673 3294 ἂν
720 3239 853 3317 φαίη
902 3261 984 3302 τις
1035 3239 1257 3317 γλώττῃ
1308 3241 1562 3314 τολμῶσι
1609 3238 1884 3316 περιϐομ-

2010 1994 2285 2050 manibus
2317 1993 2444 2065 puri
2476 2008 2606 2048 esse
2634 1993 2865 2058 debent,
2900 2007 3045 2060 quos
3071 1995 3132 2043 tu
3160 1991 3286 2060 ipse
3317 1989 3517 2044 fateris
3551 2005 3653 2059 pro

2007 2083 2289 2156 pudicitia
2317 2088 2374 2140 et
2403 2082 2616 2154 pietate
2649 2096 2929 2153 pugnare,
2955 2085 3018 2134 ut
3041 2079 3134 2134 ille
3155 2078 3370 2150 optime
3389 2077 3651 2133 animad-

2004 2173 2216 2230 vertit?
2245 2172 2368 2228 Nisi
2399 2173 2554 2228 enim
2587 2171 2670 2226 illi
2693 2172 2751 2226 in
2771 2170 3028 2226 animum
3054 2169 3428 2224 induxissent
3447 2168 3658 2223 Barba-

2005 2279 2102 2320 ros
2141 2261 2400 2336 aggredi,
2434 2266 2492 2317 et
2520 2261 2758 2316 vibratis
2777 2259 2990 2332 gladiis
3007 2259 3376 2330 persuadere,
3398 2273 3512 2313 non
3531 2257 3651 2327 qui-

2002 2353 2136 2410 dem
2167 2353 2412 2424 cupidos
2442 2351 2726 2408 bonorum
2758 2349 3100 2410 alienorum,
3133 2349 3232 2404 sed
3255 2348 3325 2404 de
3356 2347 3481 2403 suis
3501 2346 3649 2402 solli-

2001 2443 2147 2499 citos
2177 2458 2325 2510 esse,
2358 2457 2509 2498 anne
2547 2441 2616 2495 de
2654 2439 2864 2514 pietate
2907 2444 3102 2493 actum
3133 2440 3305 2504 esset,
3337 2452 3473 2492 cum
3508 2437 3653 2492 Bar-

2001 2534 2126 2589 bari
2160 2533 2356 2590 omnia
2385 2531 2493 2586 sibi
2525 2530 2884 2601 subjicerent
2917 2532 3146 2599 propter
3173 2527 3416 2582 nimiam
3449 2526 3652 2582 adver-

2000 2625 2139 2680 sarii
2188 2623 2502 2696 ignaviam,
2561 2627 2618 2677 et
2666 2636 2834 2676 suam
2884 2617 3358 2691 superstitionem
3388 2615 3648 2674 stabilire

2001 2729 2349 2787 magnopere
2360 2713 2761 2769 anniterentur
2773 2709 2951 2774 ?Quis
2964 2715 3156 2765 autem
3171 2706 3464 2763 honestati
3481 2705 3646 2762 locus

1998 2806 2128 2872 erit,
2147 2819 2282 2860 cum
2306 2818 2510 2859 omnes
2537 2805 2764 2874 arrepto
2795 2799 2973 2855 semel
2999 2797 3242 2868 imperio
3273 2797 3343 2852 ad
3383 2797 3643 2866 ipsorum

1999 2909 2190 2949 mores
2221 2893 2396 2948 vitam
2437 2906 2608 2962 agere
2655 2891 2861 2960 cogent
2892 2887 3126 2943 Barbari
3158 2886 3186 2940 τ
3229 2886 3360 2942 Hec
3405 2885 3640 2956 quidem

1997 2983 2216 3039 audent
2298 2980 2506 3053 puerili
2581 2977 2837 3035 balbutie
2919 2977 3197 3032 adversus
3259 2975 3640 3031 multisonam

1996 3072 2248 3142 Spiritus
2279 3070 2583 3126 buccinam
2606 3073 2664 3124 et
2692 3065 3034 3140 evangelica
3055 3064 3310 3121 scientia
3338 3067 3640 3136 syntagma

1995 3161 2458 3218 obmurmurare.
2493 3158 2710 3225 Quibus
2751 3156 2832 3213 sic
2869 3154 3238 3226 respondere,
3283 3153 3442 3220 licet,
3489 3153 3638 3224 quod

1997 3250 2349 3306 naturalium
2399 3255 2734 3304 nostrorum
2791 3246 3129 3311 affectuum,
3189 3248 3255 3300 ut
3302 3241 3635 3298 summatim

231 3330 352 3398 βεῖν
397 3332 501 3398 τὴν
552 3327 906 3401 πολύπομον
945 3333 1044 3384 τοῦ
1092 3331 1408 3403 Πνεύματος
1459 3331 1758 3408 σάλπιγγα,
1791 3333 1880 3387 καὶ

1994 3341 2207 3408 dicam,
2238 3355 2478 3396 examen
2521 3345 2649 3410 post
2682 3338 2907 3410 lapsum
2964 3310 3122 3402 Adae,
3183 3335 3336 3406 quod
3394 3334 3636 3399 scimus,

225 3423 329 3485 τῆς
385 3415 746 3490 εύαγγελικῆς
795 3416 1081 3490 ἐμπειρίας
1124 3419 1223 3486 τήν
1293 3415 1485 3493 βίϐλον
1535 3438 1545 3449 ·
1598 3421 1735 3493 πρὸς
1789 3420 1881 3482 οὖς

219 3504 401 3559 ἐκεῖνο
432 3502 494 3557 ἂν
551 3503 787 3576 εἴποιμι,
817 3505 901 3559 ὅτι
957 3509 1066 3559 τῶν
1111 3504 1163 3561 ἐν
1230 3507 1364 3578 ἡμῖν
1419 3511 1657 3582 φυσικῶν
1697 3508 1883 3561 παθῶν

223 3589 557 3662 συλλήϐδην
588 3595 756 3648 εἰπεῖν
788 3594 816 3648 ὁ
863 3593 1050 3665 ἐσμὸς,
1087 3595 1220 3666 μετά
1263 3595 1363 3662 τὴν
1415 3599 1510 3649 τοῦ
1558 3593 1760 3669 Ἀδάμ,
1805 3597 1882 3657 ὡς

226 3683 410 3754 ἴσμεν,
472 3677 802 3755 παράϐασιν,
849 3688 928 3755 τῷ
988 3688 1093 3739 τῶν
1161 3683 1460 3758 ἀνθρώπων
1551 3684 1881 3757 εἰσεκώμασε

222 3773 389 3847 γένει,
443 3772 627 3846 ὥσπερ
675 3770 1123 3846 ἀρρωστημάτων
1194 3779 1391 3827 κοινῶν
1434 3776 1502 3846 τῇ
1546 3773 1705 3844 κακίᾳ
1755 3795 1880 3828 συν-

225 3861 608 3916 εισπεσόντων.
651 3862 870 3915 Τούτων
919 3863 985 3915 τά
1039 3861 1132 3934 μέν
1192 3861 1344 3933 φύσει
1405 3863 1742 3930 συνέζευκται
1790 3865 1874 3917 καὶ

224 3952 456 4024 ἀνάγκῃ,
507 3952 576 4003 τά
627 3947 683 4004 δὲ
731 3951 884 4025 φύσει
929 3947 1213 4006 διοικεῖται
1260 3953 1345 4006 καὶ
1399 3953 1754 4026 προαιρέσει·
1789 3953 1878 4006 καὶ

224 4041 287 4094 τὰ
322 4041 422 4111 μὲν
448 4038 566 4113 ἔχει
601 4037 661 4092 1:6
684 4038 1044 4109 ἀνεπίκλητο,
1078 4045 1156 4110 τῷ
1203 4042 1532 4114 ἀποχρῶσαν
1589 4043 1878 4109 κεκτῆσθαι

223 4129 559 4200 παραίτησιν
609 4131 704 4196 τὴν
753 4127 952 4201 ὄλογον
1003 4130 1246 4203 ἀνάγκην
1293 4137 1392 4199 τῆς
1434 4130 1668 4203 φύσεως,
1703 4131 1760 4184 ἂν
1798 4133 1874 4202 μὴ

221 4223 284 4291 τῇ
337 4218 507 4296 χρείᾳ
569 4219 734 4288 μόνον
880 4217 1110 4291 ἀμετρία
1161 4219 1469 4290 λυμήνηται
1505 4239 1518 4250 °
1571 4219 1648 4293 ἐφ’
1691 4217 1722 4272 ἃ
1753 4217 1808 4273 δὲ
1840 4223 1874 4287 ἡ

222 4307 550 4380 προαίρεσις
611 4307 750 4382 ἄγει,
807 4305 950 4381 ⁴ἥπερ
1000 4309 1069 4378 τῇ
1129 4305 1326 4381 λογικῇ
1394 4307 1482 4360 καὶ
1550 4306 1876 4380 αὐτεξουσίῳ

225 4396 635 4473 συνεισέρχεται
689 4395 864 4470 φύσει,
923 4393 1304 4450 ὑποκλίνεσθαι
1359 4397 1560 4462 ταύτην
1616 4398 1876 4451 πείθουσα

223 4492 336 4546 τοῖς
378 4492 486 4552 τῆς
531 4483 735 4558 ἀλόγου
784 4484 992 4560 φύσεως
1038 4485 1281 4553 πάθεσιν,
1329 4483 1464 4554 ἐξὸν,
1518 4484 1666 4560 εἴπερ
1715 4482 1876 4541 ἐϐού-

227 4571 373 4640 λετο,
408 4574 491 4644 μή
552 4569 810 4641 ἐνδοῦναι,
861 4573 922 4627 οὐ
974 4575 1145 4644 πάντη
1205 4575 1266 4628 τὸ
1321 4573 1630 4646 ἄμεμπτον,
1673 4575 1718 4629 εί
1783 4575 1874 4630 καὶ

228 4663 670 4738 συγκεχώρηται,
728 4659 1052 4739 διαπέφευλε
1101 4681 1115 4696 ⁶

228 4773 355 4814 σεως
401 4755 579 4806 ταῦτα
638 4749 828 4822 δεῖται,
861 4751 949 4805 οἶα
1002 4757 1101 4821 τῆς
1149 4759 1489 4827 προγονικῆς
1533 4753 1706 4822 ἥττης
1751 4755 1872 4809 κατ’

229 4841 372 4918 ἴχνος
405 4841 674 4914 ἑπόμενα.
711 4841 806 4894 Καὶ
837 4841 940 4915 γάρ
971 4842 999 4894 6
1036 4842 1240 4915 γάμος,
1289 4842 1335 4896 εἱ
1385 4842 1472 4895 καὶ
1519 4846 1619 4906 τῆς
1669 4841 1870 4896 ἀθανα-

226 4931 357 5000 σίας,
416 4933 486 5000 is
549 4929 998 5001 ἐκπεπτώκαμεν,
1031 4927 1180 4985 δοκεῖ
1233 4951 1293 5004 γε
1351 4928 1530 5001 δήπου
1577 4931 1757 5004 φέρειν
1805 4933 1868 4987 τὸ

223 5021 592 5092 ἀπεικὸνισμα
620 5021 688 5091 τῇ
719 5023 814 5073 τοῦ
843 5019 1032 5094 γένους
1081 5016 1340 5094 διαδοχῇ,
1373 5019 1500 5074 ἀλλ’
1552 5018 1640 5074 οὖν
1688 5020 1734 5075 εί
1789 5022 1866 5092 μὴ

223 5111 511 5185 ἐπίκουρον
561 5110 729 5183 σχοίη
761 5111 855 5164 τὸν
883 5109 1075 5181 νόμον,
1107 5111 1195 5164 καὶ
1241 5115 1311 5184 τῇ
1360 5113 1477 5183 ἱερᾷ
1525 5110 1718 5184 τελετῇ
1765 5113 1864 5180 τήν

224 5203 456 5257 παλαιὰν
524 5201 880 5274 προστροπὴν
942 5197 1342 5262 ἀποπλύναιτο,
1402 5206 1509 5254 τῶν
1575 5199 1866 5273 ἐξαγίστων

225 5291 351 5345 εἶναι
405 5289 580 5348 δοκεῖ.
632 5293 837 5363 Ὥσπερ
889 5286 956 5356 δὴ
1007 5289 1093 5342 καὶ
1139 5289 1203 5343 τὰ
1247 5291 1538 5359 τικτόμενα
1590 5290 1788 5366 βρέφη,
1821 5289 1863 5343 εἰ

225 5383 297 5452 μὴ
326 5387 404 5454 τῷ
454 5383 589 5453 θείῳ
638 5379 934 5454 καθαρθείη
981 5379 1216 5452 λουτρῷ,
1262 5378 1507 5434 ἐκποδὼν
1558 5387 1657 5448 τῆς
1703 5382 1862 5451 ἡμῶν

219 5467 429 5526 ἵσταται
473 5471 782 5541 κοινωνίας,
842 5469 1024 5524 καίτοι
1059 5470 1133 5542 μή
1192 5469 1251 5524 ἐκ
1297 5468 1681 5543 προαιρέσεως,
1715 5490 1868 5544 φυσι-

221 5566 321 5623 κῶς
382 5559 439 5616 δὲ
510 5565 608 5616 τοῦ
666 5562 1009 5635 προγονικοῦ
1088 5557 1473 5634 μετεσχηκέναι
1558 5557 1864 5634 μιάσματος

222 5650 588 5722 πιστευόμενα,
647 5649 744 5704 ἅτε
799 5655 900 5716 τῆς
951 5644 1209 5721 γενέσεως
1265 5647 1458 5713 αἰτίαν,
1504 5652 1602 5714 τῆς
1672 5647 1868 5719 σαρκὸς

227 5739 447 5816 ἴσχοντα
465 5742 563 5810 τήν
604 5739 928 5813 ἐπιθυμίαν,
961 5736 1036 5800 ὥς
1065 5735 1172 5792 πού
1209 5758 1368 5814 φησιν
1402 5738 1431 5791 ὁ
1463 5739 1606 5797 θεῖος
1641 5731 1813 5798 Δαὸίδ
1849 5779 1862 5792 .

1992 3433 2328 3488 universum
2362 3447 2547 3503 genus
2578 3429 2900 3484 humanum
2934 3425 3168 3494 invasit,
3192 3429 3472 3496 tanquam
3507 3424 3630 3479 far-

1990 3538 2126 3592 rago
2167 3520 2592 3576 imfirmitatum
2623 3516 3026 3573 communium
3058 3516 3118 3568 in
3149 3513 3371 3570 malum
3401 3513 3634 3584 conspi-

1990 3611 2266 3666 rantium.
2299 3613 2556 3675 Quorum
2590 3606 2703 3664 alia
2719 3606 2883 3662 nobis
2913 3620 2980 3661 ex
2996 3604 3634 3660 naturaetnecessitats

1989 3701 2322 3757 adhaerent:
2363 3698 2472 3754 alia
2511 3706 2704 3753 autem
2753 3695 3078 3751 secundum
3121 3697 3388 3748 naturam
3427 3696 3486 3746 et
3516 3691 3632 3748 ele-

1989 3795 2238 3846 ctionem
2266 3788 2433 3843 nobis
2455 3786 2760 3842 insunt.Et
2784 3785 2878 3839 illa
2894 3784 3128 3855 quidem
3155 3780 3376 3838 nullam
3399 3780 3629 3852 culpam

1989 3881 2250 3946 trahunt,
2310 3880 2450 3949 quia
2524 3876 2851 3931 obtendunt
2911 3885 3180 3944 tanquam
3243 3871 3629 3927 sufficientem

1987 3970 2415 4025 excusationem
2480 3966 2876 4021 irrationalem
2927 3963 3330 4019 necessitatem
3386 3964 3630 4028 naturas,

1990 4059 2158 4114 modo
2189 4075 2463 4112 excessus
2497 4073 2668 4111 usum
2720 4072 2833 4110 non
2867 4053 3053 4108 vitiet:
3088 4052 3186 4108 sed
3203 4049 3630 4122 quoadfistaad

1985 4147 2325 4220 quaeelcctio
2361 4148 2565 4202 incitat
2605 4147 2756 4216 (quae
2795 4145 3032 4215 quidem
3083 4144 3304 4197 natura
3362 4141 3625 4196 rationali

1984 4237 2162 4292 libere
2186 4237 2374 4306 agenti
2406 4236 2696 4305 convenit)
2737 4233 3094 4305 persuadens
3111 4247 3238 4287 eam
3272 4230 3627 4285 irrationalis

1983 4331 2199 4380 natum
2260 4325 2630 4396 passionibus
2685 4340 2746 4379 se
2805 4322 3173 4387 submittere,
3236 4323 3299 4374 ut
3365 4336 3470 4391 par
3516 4324 3625 4383 est,

1981 4413 2247 4485 quamvis
2305 4430 2432 4469 sese
2489 4413 2693 4468 dedere
2766 4409 3132 4476 recusaverit,
3182 4409 3337 4464 haud
3396 4408 3626 4478 penitus

1981 4508 2175 4559 tamen
2209 4502 2745 4573 reprehensionem,
2768 4499 3134 4556 condonatus
3167 4498 3321 4566 licet,
3351 4498 3621 4553 evaserit.

1984 4592 2347 4663 Quapropter
2403 4593 2521 4645 hinc
2583 4591 2756 4644 etiam
2807 4589 3130 4658 expiatione
3179 4602 3328 4658 opus
3388 4585 3623 4650 habent,

1164 4664 1334 4736 ταύτῃ
1383 4683 1466 4717 τοι
1514 4665 1604 4718 καὶ
1679 4663 1874 4739 καθάρ-

1993 4683 2259 4750 tanquam
2288 4678 2566 4749 originale
2615 4679 2795 4733 vitum
2828 4692 2858 4733 e
2915 4676 3156 4748 vestigio
3185 4674 3621 4745 consequentia.

1981 4771 2246 4840 Namque
2270 4767 2728 4830 matrimonium,
2762 4765 3032 4837 quamvis
3044 4764 3129 4820 vel
3146 4761 3622 4829 immortalitatis,

1981 4874 2097 4930 qua
2125 4857 2468 4924 excidimus,
2502 4856 2815 4927 imaginem
2858 4854 3167 4926 quamdam
3199 4867 3313 4924 pras
3365 4867 3428 4906 se
3475 4850 3624 4906 ferre

1978 4946 2476 5018 videaturgeneris
2508 4945 2898 5010 successione,
2934 4941 3339 5004 nihilominus,
3360 4939 3623 5010 nisiquis

1978 5035 2300 5107 legitimam
2333 5040 2674 5108 potestatem
2710 5033 2992 5097 habuerit,
3023 5035 3078 5086 et
3107 5047 3270 5085 sacro
3317 5036 3426 5082 ritu
3465 5035 3624 5083 vute-

1979 5142 2094 5181 rein
2129 5132 2343 5180 statum
2368 5126 2592 5192 eluerit,
2627 5125 2777 5178 inter
2808 5137 2898 5176 res
2920 5119 3302 5176 exsecrabiles
3334 5123 3618 5172 censetur.

1975 5215 2190 5269 Idcireo
2222 5220 2276 5269 et
2306 5215 2561 5269 infantes
2593 5213 2703 5266 nisi
2728 5226 2892 5266 sacro
2935 5218 3254 5279 purgentur
3295 5206 3542 5269 lavacro,
3591 5223 3623 5260 a

1974 5306 2386 5358 communione
2419 5308 2617 5358 nostra
2648 5300 3060 5355 excluduntur:
3111 5297 3374 5366 quamvis
3405 5313 3518 5349 non
3552 5311 3618 5349 ex

1972 5392 2270 5458 electione,
2299 5393 2397 5447 sed
2424 5390 2766 5446 naturaliter
2798 5389 2943 5442 labis
2972 5385 3268 5456 originalis
3312 5384 3616 5454 participes

1974 5481 2097 5536 fieri
2129 5484 2467 5537 credantur:
2513 5483 2800 5550 quatenus
2844 5474 3036 5530 carnis
3089 5471 3616 5543 concupiscentiam

1973 5573 2249 5641 tanquam
2289 5575 2503 5626 natura:
2536 5567 2760 5636 culpam
2804 5565 3012 5620 ferunt.
3066 5563 3219 5619 πθ
3270 5561 3427 5617 Unde
3483 5561 3622 5613 dicit

1973 5664 2214 5714 sanctus
2249 5660 2421 5714 David
2451 5677 2464 5714 :
2497 5681 2523 5707 ‹‹
2558 5658 2700 5712 Ecce
2730 5655 2886 5709 enim
2929 5654 2988 5706 in
3030 5651 3434 5722 iniquitatibus
3481 5665 3616 5701 con-

1972 5752 2177 5819 ceptus
2209 5749 2311 5817 fui,
2345 5770 2372 5800 »
2407 5757 2516 5805 etc.
2548 5749 2729 5812 Quare
2759 5744 2808 5798 si
2830 5743 3001 5808 bella,
3047 5745 3105 5796 et
3153 5755 3278 5812 quas
3338 5738 3473 5792 inde
3521 5751 3619 5790 se—
