4092 6300
437 421 552 484 183

1709 423 2082 484 ΜΑΤΤΗᾹΞΙ
2125 423 2561 484 BLASTARIS

3723 428 3835 486 184

434 564 697 627 quuntur
729 553 1034 614 hominum
1067 555 1272 620 caedes,
1325 557 1664 626 passionum
1691 565 1817 627 post
1853 557 2083 627 lapsum

2208 575 2229 603 ι
2255 552 2394 609 Ἰδοὺ
2427 555 2529 629 γὰρ
2563 554 2616 609 έν
2647 553 2900 626 ἀνομίαις
2930 555 3298 631 συνελήφθην,
3334 579 3362 605 ››
3395 556 3482 610 καὶ
3514 558 3579 612 τά
3599 555 3741 625 ἐξῆς.
3776 555 3835 612 Εἰ

434 648 893 705 voluntariarum
944 646 1174 702 soboles
1213 645 1351 714 sint,
1417 662 1562 715 opus
1601 649 1688 700 est
1728 646 1855 700 utii
1878 645 1977 716 qui
2025 644 2084 698 in

437 739 648 795 castris
725 738 914 793 vivere
970 743 1028 792 et
1081 737 1342 790 dextram
1401 735 1690 805 sanguine
1752 741 2083 790 exterorum

434 825 694 885 imbuere
767 827 1020 892 student,
1091 828 1477 895 repurgentur
1529 823 1689 895 prius
1737 825 2083 894 paenitentiae

434 915 746 985 medicina,
777 924 948 987 atque
976 915 1222 984 hujusce
1236 913 1370 984 igne
1400 913 1598 969 sordes
1630 913 1715 967 illi
1742 913 1873 967 vitae
1887 913 2084 983 generi

436 1006 896 1062 adhaerescentes
953 1005 1289 1071 absumant,
1338 1008 1511 1071 atque
1559 1003 1639 1056 ita
1686 1003 1757 1057 ad
1813 1003 2086 1072 mysteria

438 1094 566 1149 novi
595 1096 729 1150 Ades
760 1095 1055 1150 accedant.
1096 1092 1380 1155 Quoniam
1409 1091 1579 1146 etiam
1607 1097 1724 1146 tota
1751 1091 2085 1161 evangelica

437 1185 749 1253 institutio,
786 1202 889 1241 nos
919 1185 989 1240 ad
1031 1184 1348 1256 pristinum
1381 1187 1598 1237 statum
1616 1183 1918 1246 reducens,
1937 1191 1993 1237 et
2015 1185 2080 1236 ad

437 1275 822 1346 spiritualem,
850 1285 905 1328 ut
925 1275 1078 1339 licet,
1114 1276 1171 1328 et
1213 1272 1504 1326 meliorem
1539 1272 1714 1325 vitam
1766 1272 2080 1336 instruens,

444 1363 599 1420 nallo
629 1365 688 1420 in
719 1363 846 1420 loco
876 1365 962 1418 vel
997 1362 1148 1418 bella
1179 1362 1400 1428 laudat,
1440 1364 1542 1415 aut
1573 1377 1672 1430 per
1702 1363 1885 1415 caedes
1916 1360 2081 1414 mali-

438 1454 532 1508 tia:
557 1453 839 1524 impetum
865 1451 1040 1519 sistit,
1073 1459 1242 1522 prout
1280 1466 1343 1506 se
1379 1466 1470 1504 res
1505 1450 1706 1504 habuit
1744 1448 1853 1503 sub
1910 1449 2083 1504 veteri

435 1542 588 1612 lege:
647 1545 748 1599 sed
806 1543 1058 1598 maxime
1115 1541 1247 1596 huic
1304 1541 1648 1595 adversatur
1723 1544 1781 1594 et
1845 1555 2085 1610 prorsus

436 1632 925 1688 contrariadocet.
946 1630 1088 1684 Nam
1116 1629 1396 1684 Dominus
1428 1627 1744 1699 aliquando
1768 1627 2085 1697 discipulos

436 1738 599 1788 suos,
635 1721 731 1792 qui
765 1723 1102 1790 rogaverant
1134 1735 1290 1785 eum,
1315 1717 1436 1772 zelo
1461 1716 1752 1772 Thesbiten
1785 1715 2084 1781 commoti,

439 1815 504 1865 ut
532 1809 707 1865 vellet
752 1809 1000 1864 fulmina
1047 1809 1106 1862 in
1155 1808 1554 1862 Samaritanos
1606 1808 1940 1871 immittere,
1985 1805 2082 1876 qui

437 1898 596 1969 ipsos
639 1914 755 1953 non
807 1902 1158 1968 receperant,
1210 1901 1396 1951 semet
1425 1897 1495 1950 ad
1545 1895 1702 1966 ipsos
1751 1900 2087 1950 convertens

439 1986 757 2057 increpavit
786 1986 946 2041 hisce
973 1986 1198 2040 verbis:
1226 2008 1254 2034 «
1288 1985 1408 2040 Non
1442 1986 1626 2040 nostis
1665 1985 1816 2054 quod
1873 1983 2082 2054 spiritu

441 2076 587 2130 sitis.
642 2097 670 2124 »
736 2074 948 2129 Verum
1029 2080 1225 2129 tamen
1285 2074 1334 2129 si
1397 2079 1645 2129 veterem
1685 2073 1856 2129 etiam
1905 2071 2084 2141 legem

441 2165 754 2236 diligenter
820 2163 1303 2230 consideraveris,
1353 2165 1511 2234 paria
1565 2179 1698 2218 cum
1751 2158 2087 2231 evangelica

438 2254 626 2325 quoad
684 2253 799 2308 ista
848 2253 1190 2309 sentientem
1253 2253 1558 2322 reperies:
1619 2254 1850 2306 tametsi
1937 2248 2087 2304 alius

437 2349 658 2400 natura:
673 2345 946 2400 humanm
963 2349 1148 2399 status
1175 2343 1349 2398 aliam
1375 2343 1795 2415 providentiam
1819 2342 2087 2412 legesque

436 2434 732 2506 postulare
781 2433 1104 2489 videbatur.
1153 2433 1215 2488 1d
1269 2433 1458 2488 facere
1511 2435 1659 2488 Deus
1721 2430 1918 2486 Davidi
1987 2447 2084 2484 ex-

437 2523 703 2580 slruendi
732 2521 1170 2594 templicupido
1221 2527 1324 2577 cur
1360 2539 1471 2576 non
1507 2522 1830 2594 permisit?
1878 2536 2077 2574 annon

438 2613 597 2685 quod
641 2614 844 2668 dextra
899 2612 1028 2682 ejus
1085 2611 1316 2666 infinita
1374 2613 1528 2666 caede
1592 2616 1920 2666 exterorum
1981 2607 2089 2663 fuit

437 2702 657 2773 polluta
686 2701 714 2756 τ
742 2701 1031 2770 Josephus
1059 2698 1235 2754 etiam
1283 2700 1377 2755 hic
1412 2701 1615 2755 merito
1667 2701 1838 2754 fidem
1893 2698 2087 2752 faciat.

438 2789 628 2853 Quare
684 2788 857 2844 etiam
906 2786 1080 2854 Deus,
1130 2787 1365 2856 quando
1413 2788 1656 2844 ostentis
1705 2789 1776 2841 de
1821 2785 1983 2852 cmlo,
2036 2790 2092 2838 et

442 2895 580 2935 voce
609 2877 969 2933 tenuissimae
1017 2890 1168 2929 aura:
1213 2875 1274 2930 in
1327 2877 1514 2931 ﬂoreb
1562 2878 1784 2932 dictum
1839 2875 2090 2930 Thesbi—

438 2971 558 3023 tem
588 2966 875 3022 allocutus
903 2968 1013 3030 est,
1045 2962 1359 3018 Dominum
1395 2965 1454 3020 in
1487 2966 1614 3020 istis
1671 2981 1783 3019 non
1832 2980 1978 3032 esse,
2032 2964 2094 3017 in

439 3056 550 3111 hac
579 3071 710 3110 vero
737 3055 942 3110 adesse
971 3051 1112 3107 dixit
1141 3050 1170 3105 ‘2
1199 3051 1401 3109 Nonne
1441 3055 1574 3108 inde
1631 3053 1801 3125 plane
1853 3057 2092 3109 demon'

443 3145 664 3214 stravit,
709 3145 865 3216 quod
919 3144 1042 3200 sola
1104 3145 1520 3216 longanimitas
1579 3154 1633 3200 et
1706 3143 2098 3199 misericordia

444 3236 559 3290 Deo
588 3234 776 3305 placet
824 3238 1124 3306 quodlibet
1167 3241 1361 3292 autem
1419 3239 1756 3290 caaterorum
1792 3234 2094 3288 hominum

445 3302 669 3381 malitia
725 3302 1005 3383 inducit?
1070 3328 1344 3391 Quaenam
1405 3325 1506 3380 illa
1581 3323 2094 3380 administrationis

2206 3327 2453 3394 παρεῖναι
2533 3322 2726 3396 Κύριον
2805 3317 3053 3397 ἕλεγενς

444 3415 624 3469 Mosis
651 3417 1025 3484 prestantia?
1052 3434 1244 3473 annon
1276 3417 1427 3487 quod
1463 3414 1818 3485 impietatem
1849 3429 1880 3468 e
1911 3413 2100 3468 medio

448 3503 656 3559 tollere
688 3505 892 3576 potuit,
926 3523 1051 3576 quas
1083 3505 1373 3562 dominari
1407 3505 1554 3560 solet
1593 3504 1653 3558 in
1687 3504 1864 3559 vitam
1896 3503 2100 3558 huma-

449 3609 586 3648 nam
617 3599 674 3648 et
703 3600 1001 3650 conterere
1047 3609 1252 3650 omnes
1310 3593 1410 3666 qui
1469 3594 1581 3665 ipsi
1639 3593 1991 3658 renituntur,
2048 3598 2105 3646 et

451 3683 728 3739 omnibus
745 3685 936 3741 modis
949 3690 1286 3740 recusantes
1302 3684 1772 3739 reformationem
1788 3683 1845 3737 in
1864 3681 2105 3737 melius?

452 3773 640 3838 Quare
677 3775 859 3846 igitur
887 3790 986 3830 eos
1032 3774 1130 3846 qui
1173 3775 1342 3828 etiam
1374 3790 1444 3828 ex
1487 3774 1757 3828 mandato
1812 3773 1909 3828 Dei
1969 3789 2102 3826 cum

453 3861 793 3932 corporibus
823 3863 1096 3918 humanis
1127 3863 1486 3933 impietatem
1517 3879 1632 3917 una
1655 3864 2106 3930 demetunt,per-

456 3954 642 4006 certos
671 3951 795 4008 dies
825 3952 1049 4023 ingredi
1085 3952 1142 4005 in
1175 3956 1363 4007 castra
1381 3951 1595 4006 alicubi
1610 3953 1785 4006 vetuit
1805 3950 1832 4004 ‘I
1856 3950 2106 4005 Nuntios

455 4041 612 4096 enim
645 4041 714 4094 ad
739 4040 1078 4096 Balaamum
1102 4041 1555 4096 infestissimum
1579 4057 1710 4094 cum
1745 4040 1890 4095 diris
1910 4056 2108 4094 oracu-

457 4130 530 4184 lis
579 4147 612 4183 a
651 4146 715 4184 se
753 4129 987 4196 missos,
1035 4131 1133 4198 qui
1173 4131 1434 4185 civitates
1465 4129 1516 4184 ei
1563 4130 1899 4185 tributarias
1935 4131 2105 4201 expul

455 4227 792 4289 gnaverant,
815 4218 1036 4274 etcives
1058 4235 1265 4274 omnes
1297 4225 1502 4289 prater
1521 4218 1778 4274 infantes
1799 4219 2113 4274 crudeliter

459 4305 883 4373 interfecerant,
910 4324 1038 4378 rege
1081 4309 1255 4362 etiam
1307 4309 1432 4378 ipso
1478 4312 1741 4375 mactato,
1798 4308 1897 4378 qui
1949 4307 2109 4378 prius

458 4396 690 4450 infinita
723 4397 878 4452 mala
907 4396 1223 4452 meditatus
1255 4398 1438 4452 fuerat
1467 4398 1931 4464 contraJudaeos,
1971 4399 2111 4452 fece-

461 4491 697 4556 ratque:
731 4485 947 4557 quippe
968 4486 1384 4558 oﬂ'erensipsis
1438 4486 1714 4541 mulieres
1759 4486 2106 4556 impudicas,

461 4573 696 4628 lascivia
723 4589 986 4645 corpora,
1028 4579 1086 4630 et
1136 4576 1433 4646 impietate
1484 4576 1710 4630 animas
1753 4591 1950 4630 eorum
2010 4577 2108 4646 qui

2195 643 2287 696 οὖν
2321 648 2427 698 τῶν
2456 650 2556 711 τῆς
2583 639 2938 718 παραϐάσεως
2971 649 3366 717 προαιρετικῶν
3413 647 3597 699 παθῶν
3643 643 3838 700 ἕκλονα

2193 733 2282 786 καὶ
2307 734 2357 786 οἱ
2389 730 2651 804 πόλεμοι,
2683 733 2773 787 καὶ
2804 735 2854 786 o't
2885 733 3100 794 τούτοις
3133 733 3388 804 ἑπόμενοι
3420 734 3595 810 φόνοι,
3627 735 3834 807 ἀνάγκη

2194 820 2372 891 δήπου
2429 822 2519 875 καὶ
2576 823 2699 883 τοὺς
2758 821 2810 875 ἐν
2871 821 3069 883 ὅπλοις
3112 825 3207 892 ζῇν
3254 821 3570 895 ἑλομένους,
3603 824 3694 876 καὶ
3741 825 3838 890 τήν

2194 909 2365 980 δεξιὰν
2419 916 2534 973 τοῖς
2582 916 2690 965 τῶν
2737 909 3067 966 ἀλλοσύλων
3121 909 3310 984 αἵμασι
3365 912 3606 986 βάπτειν,
3637 915 3837 986 καθαρ-

2193 1001 2354 1067 θῆναι
2401 1001 2661 1072 πρότερον
2710 1005 2826 1061 τοῖς
2877 1008 2976 1069 τῆς
3039 1000 3325 1073 μετανοίας
3373 1002 3701 1077 φαρμάκοις,
3750 1004 3836 1056 καὶ

2190 1093 2269 1160 τῷ
2309 1087 2510 1158 ταύυης
2568 1089 2700 1162 πυρὶ
2750 1089 2816 1143 τά
2872 1089 3240 1167 περιφυόμενα
3295 1094 3378 1160 τῷ
3451 1088 3839 1162 ἐπιτηδεύματι

2195 1176 2336 1253 ῥύπη
2383 1177 2620 1247 ἐκτῆξαι,
2670 1182 2759 1232 καί
2811 1178 2959 1233 οὕτω
3004 1185 3121 1240 τοῖς
3186 1179 3508 1253 μυστηρίοις
3557 1185 3652 1234 τοῦ
3719 1181 3840 1234 νέου

2192 1266 2471 1339 προσιέναι
2533 1265 2732 1340 Ἀδάμ.
2792 1268 2940 1321 Ἐπεὶ
2998 1271 3089 1322 καὶ
3166 1273 3310 1323 πᾶσα
3383 1271 3418 1337 ἡ
3506 1269 3835 1343 εὒαγγελικὴ

2192 1355 2510 1426 νομοθεσία,
2572 1354 2659 1409 ἐπὶ
2728 1356 2791 1410 τὸ
2848 1356 3080 1430 ἀρχαῖον
3141 1359 3288 1430 ἡμᾶς
3346 1357 3710 1431 ἐπανάγουσα,
3751 1359 3840 1412 καὶ

2191 1444 2326 1518 πρὸς
2379 1445 2478 1511 τήν
2509 1447 2890 1516 πνευματικὴν
2939 1446 3015 1506 ὡς
3065 1445 3181 1499 οἶόν
3209 1467 3266 1500 τε
3295 1446 3384 1500 καὶ
3423 1446 3634 1519 ἀμείνω
3668 1467 3839 1520 παρα-

2191 1532 2433 1586 καλοῦσα
2497 1535 2668 1601 ζωὴν,
2722 1530 2966 1604 οὐδαμοῦ
3026 1531 3291 1588 δείκνυται
3348 1534 3383 1603 ἢ
3452 1535 3733 1608 πολέμους
3791 1538 3840 1590 έν

2190 1620 2345 1692 καλῷ
2399 1621 2679 1693 τιθεμένη,
2711 1623 2745 1690 ἢ
2799 1622 2984 1697 φόνοις
3029 1624 3127 1688 τήν
3194 1630 3295 1692 τῆς
3357 1622 3546 1688 κακίας
3593 1624 3841 1700 (ἥγχουσα

2192 1710 2394 1783 ῥύμην,
2436 1711 2509 1770 ὡς
2559 1711 2625 1765 τὰ
2667 1719 2770 1779 τῆς
2816 1709 3051 1774 παλαιᾶς
3098 1714 3214 1786 εἶχε
3254 1714 3592 1784 νομοθεσίας,
3625 1715 3755 1770 ἀλλ’
3784 1715 3841 1769 ἐκ

2192 1797 2487 1873 διαμέτρου
2527 1799 2740 1861 τούτοις
2794 1801 3080 1872 ἱσταμένη,
3120 1801 3209 1855 καὶ
3259 1802 3508 1855 τάναντία
3557 1800 3841 1857 διδάσκου-

2195 1911 2277 1942 σα.
2323 1890 2425 1945 Καὶ
2469 1891 2573 1962 γάρ
2623 1910 2728 1942 που
2767 1895 2882 1950 τοῖς
2934 1893 3202 1962 μαθηταῖς
3250 1889 3525 1965 ἐρομενοις
3578 1892 3669 1946 τὸν
3744 1894 3842 1949 Κύ-

2195 1999 2333 2052 ριον,
2384 1979 2428 2032 εἰ
2487 1977 2827 2053 ἐπιτραπεῖεν
2878 1982 3158 2048 σκηπτοὺς
3219 1979 3499 2057 ἐπαφεῖναι
3548 1988 3664 2042 τοῖς
3743 1990 3844 2036 Σα-

2198 2068 2477 2144 μαρείταις
2565 2069 2641 2140 μὴ
2730 2065 3040 2140 δεξαμένοις
3101 2071 3322 2139 αὐτοὺς,
3393 2071 3548 2142 ζήλῳ
3612 2077 3696 2143 τῷ
3749 2077 3843 2125 τοῦ

2196 2152 2475 2225 Θεσϐίτου,
2526 2157 2898 2236 ἐπιστραφεὶς,
2947 2156 3294 2230 ἐπετίμησεν,
3327 2159 3440 2216 Οὐκ
3490 2161 3620 2222 ἴστε,
3655 2161 3843 2224 εἰπὼν,

2197 2248 2317 2304 θ’ίου
2342 2251 2650 2323 πνεύματός
2684 2250 2800 2305 ἐστε
2831 2251 3012 2323 ὑμεῖς.
3064 2252 3137 2306 Οὐ
3192 2254 3298 2322 μὴν
3349 2252 3476 2308 ἀλλ’
3520 2253 3565 2308 εἷ
3610 2255 3702 2307 καὶ
3749 2255 3846 2319 τήν

2195 2339 2432 2394 παλαιὰν
2483 2335 2722 2414 ἀκριϐῶς
2767 2344 3090 2410 σκοπήσαις,
3141 2339 3351 2418 ἀδελφά
3389 2344 3556 2416 ταύτῃ
3609 2347 3846 2415 φρονοῦ-

2197 2451 2290 2485 σαν
2321 2426 2373 2484 ἔν
2404 2453 2464 2503 γε
2518 2436 2636 2492 τοῖς
2693 2431 2966 2493 τοιούτοις
3018 2433 3288 2505 εὑρήσεις,
3339 2433 3385 2488 εἶ
3435 2435 3524 2488 καὶ
3573 2440 3682 2489 τῶν
3725 2433 3846 2510 τρό-

2196 2543 2312 2575 πων
2362 2525 2461 2585 τῆς
2508 2522 2844 2587 ἀνθρωπείας
2895 2523 3104 2599 φύσεως
3161 2524 3224 2577 τὸ
3277 2523 3555 2602 διάφορον,
3622 2525 3688 2578 τὸ
3751 2532 3849 2594 τῆς

2197 2611 2455 2684 προνοίας
2494 2611 2690 2684 ἀπῄτει
2736 2609 3010 2687 διάφορον.
3065 2612 3212 2668 Έπεὶ
3268 2613 3319 2667 τί
3367 2615 3549 2684 μαθὼν
3620 2615 3647 2668 ὁ
3722 2616 3848 2674 Θεὸς

2197 2699 2287 2754 τὸν
2323 2702 2465 2754 θεῖον
2508 2697 2674 2754 Δαϐὶδ
2715 2698 2777 2754 οὕ
2814 2703 3150 2774 προσήκατο,
3183 2703 3306 2756 ναὸν
3345 2701 3490 2773 αὐτῷ
3529 2703 3852 2776 προθυμού-

2203 2810 2360 2860 μενον
2403 2789 2663 2862 ἀνεγεῖςαι
2700 2811 2713 2859 ;
2765 2789 2836 2844 Οὐ
2890 2790 3036 2863 παρά
3078 2791 3141 2844 τὸ
3194 2792 3491 2862 μεμιάνθαι
3527 2791 3730 2846 τούτου
3758 2793 3855 2859 τήν

2203 2877 2374 2947 δεξιὰν
2408 2883 2486 2948 τῷ
2535 2878 2713 2950 μυρίῳ
2765 2880 2915 2950 φόνῳ
2961 2883 3068 2933 τῶν
3107 2878 3466 2958 ἀλλοφύλων,
3499 2879 3552 2935 εἷ’
3594 2902 3683 2935 πω
3729 2881 3855 2935 κάν-

2200 2968 2368 3020 ταῦθα
2398 2967 2532 3040 πρὸς
2561 2968 2740 3021 πίστιν
2776 2968 3044 3036 Ἰώσηπος
3093 2968 3432 3042 ἀξιόχρεωςς
3465 2971 3528 3025 Τί
3581 2966 3639 3022 δὲ
3700 2970 3858 3038 ἥνίκα

2201 3062 2317 3115 τοῖς
2379 3056 2429 3125 ἐξ
2482 3057 2721 3130 οὐρανοῦ
2777 3054 3014 3126 δείμασι,
3073 3058 3162 3112 καὶ
3213 3063 3281 3131 τῇ
3341 3056 3646 3131 λεπτοτάτῃ
3705 3063 3855 3133 φωνῇ

2201 3149 2302 3211 τῆς
2331 3141 2522 3216 αὔρας,
2553 3146 2580 3198 ὁ
2613 3146 2741 3205 Θεὸς
2774 3145 2824 3198 ἐν
2857 3139 3062 3219 Χωρήϐ
3104 3144 3470 3219 ἐχρημάτιζεν
3500 3145 3646 3217 αὐτῷ
3673 3146 3857 3218 τούτῳ

2204 3234 2283 3304 τῷ
2335 3230 2640 3302 δηλωθέντι
2699 3229 2953 3303 Θεσϐίτῃ,
2983 3235 3073 3288 καὶ
3129 3239 3238 3288 τῶν
3288 3235 3385 3306 μὲν
3433 3235 3664 3302 ἀπεῖναι,
3703 3241 3772 3309 τῇ
3803 3233 3858 3289 δὲ

3119 3321 3232 3380 Οὐκ
3301 3321 3538 3397 ἐναργῶς
3623 3322 3856 3378 ἐντεῦθεν

2208 3407 2429 3480 ἔδειξεν,
2459 3411 2542 3464 ὅτι
2579 3409 2922 3483 μακροθυμία
2969 3410 3059 3463 καὶ
3107 3408 3490 3485 φιλανθρωπία
3540 3410 3682 3482 μόνη
3721 3411 3854 3485 φίλη

2211 3504 2348 3567 Θεῶ,
2391 3495 2614 3554 ἕκαστον
2669 3498 2726 3554 δὲ
2781 3504 2889 3554 τῶν
2938 3499 2997 3555 ἅ)
3014 3498 3126 3554 λων
3159 3503 3193 3568 ἡ
3243 3500 3478 3574 πονηρία
3513 3505 3621 3554 τῶν
3652 3502 3859 3574 ἀνθρώ-

2210 3609 2325 3642 πων
2356 3588 2635 3663 ἐφέλκεται
2673 3615 2687 3655 ;
2731 3589 2791 3642 Τί
2839 3595 2941 3657 τῆς
2983 3589 3223 3649 Μωσέως
3281 3588 3579 3664 ὑπουργίας
3628 3590 3693 3643 τὸ
3734 3590 3863 3663 κρά-

2211 3698 2436 3746 τιστον;
2495 3677 2572 3734 Οὐ
2627 3679 2689 3732 τὸ
2759 3679 2858 3746 τήν
2914 3673 3161 3732 ἀσέϐειαν
3214 3676 3274 3732 ἐκ
3329 3679 3494 3751 μέσου
3542 3681 3859 3753 γεγενῆσθαι

2213 3768 2636 3838 παρασκευάσαι,
2686 3772 2766 3839 τῷ
2839 3769 2944 3842 βίῳ
3007 3772 3113 3821 τῶν
3169 3769 3470 3842 ἀνθρώπων
3520 3767 3861 3824 ἐνδυναστεύ-

2215 3877 2398 3924 ουσαν,
2427 3855 2517 3911 καὶ
2569 3857 2804 3918 ἅπαντας
2853 3850 3167 3930 ἐκτριϐῆναι
3200 3857 3324 3918 τοὺς
3373 3859 3538 3932 ταύτῃ
3593 3860 3860 3933 κατάκρας

2215 3947 2467 4011 ἁλόντας,
2514 3946 2604 3998 καὶ
2671 3946 3118 4018 ἀπεγνωσμένους
3199 3948 3501 4001 παντάπασι
3571 3950 3670 4016 τήν
3728 3950 3860 4020 πρὸς

2214 4034 2280 4088 τὰ
2327 4033 2604 4107 κρείττονα
2656 4030 3004 4107 μεταϐοληνς
3054 4035 3114 4086 Τί
3165 4034 3258 4088 οὖν
3309 4034 3375 4105 δὴ
3408 4035 3533 4098 τοὺς
3565 4036 3864 4110 ἐκθερίζον-

2217 4143 2334 4188 τας,
2394 4122 2444 4192 ἐξ
2494 4121 2862 4194 ἐπιτάγματος
2922 4123 3069 4176 θείου
3127 4125 3262 4195 μετά
3333 4130 3440 4178 τῶν
3509 4125 3865 4200 ἀνθρωπείων

2220 4211 2490 4282 σωμάτων
2543 4212 2630 4265 καὶ
2692 4213 2790 4279 τὴν
2848 4206 3092 4265 ἀσέϐειαν
3144 4206 3252 4266 ἔσθ’
3309 4213 3446 4268 ὅπου
3503 4218 3600 4279 τῆς
3652 4215 3730 4278 εἷς
3769 4218 3866 4284 τὴν

2221 4295 2580 4372 παρεμϐολήν
2642 4300 2727 4353 ἐπὶ
2799 4301 2969 4373 ῥητὰς
3028 4301 3236 4374 ἡμέρας
3295 4301 3546 4377 ἀπεῖργεν
3607 4303 3868 4372 εἰσόδου;

2219 4389 2356 4451 Τοὺς
2387 4389 2490 4463 γαρ
2522 4388 2609 4442 ἐπὶ
2637 4390 2729 4442 τὸν
2763 4385 3017 4463 ἔχθιστον
3065 4389 3298 4462 Βαλαὰμ
3347 4393 3482 4466 πρὸς
3518 4392 3680 4446 αὑτοῦ
3737 4395 3868 4466 μετὰ

2223 4483 2493 4552 χρησμῶν
2551 4476 2952 4554 ἐκπεμφθέντας
3012 4477 3221 4548 αἴσίων,
3283 4481 3373 4534 καὶ
3430 4482 3523 4543 τὰς
3586 4482 3868 4544 ὑποτελεῖς

2222 4569 2406 4642 ἐκείνῳ
2455 4567 2647 4630 πόλεις
2697 4567 2865 4642 ἄρδην
2912 4568 3252 4642 δῃώσαντας,
3301 4572 3427 4633 τοὺς
3477 4573 3531 4626 ἐν
3585 4574 3776 4634 αὐταῖς
3814 4593 3871 4626 τε

462 4678 594 4716 cum
629 4662 770 4730 ipsis
800 4662 1088 4730 corrupit;
1124 4663 1252 4730 hos,
1284 4663 1665 4733 inquam,qui
1688 4667 1805 4717 tam
1834 4664 2097 4734 praeclare

2216 4660 2440 4720 πάντας,
2492 4656 2638 4726 πλὴν
2681 4659 2805 4712 ὅσον
2856 4658 2924 4725 ἢν
2975 4659 3026 4712 ἐν
3079 4658 3322 4728 νηπίοις,
3369 4657 3599 4734 ἀφειδῶς
3637 4661 3870 4715 καταθύ-

463 4749 690 4806 bostem
714 4751 1067 4818 devicerant,
1113 4757 1274 4806 extra
1313 4768 1584 4822 campum
1643 4768 1877 4807 manere
1932 4753 2111 4820 jussit

463 4855 650 4911 usque
682 4841 752 4895 ad
784 4842 933 4896 diem
970 4840 1307 4912 septimum,
1332 4842 1630 4912 jussithe
1672 4858 1949 4912 magnum
2013 4860 2104 4897 sa-

465 4931 754 4984 cerdotem
815 4931 1150 4985 Eleazarum
1203 4932 1357 5000 ipsos
1425 4947 1706 5001 purgare:
1785 4933 2115 4987 ostendens.

468 5017 550 5071 uti
585 5025 746 5087 puto,
776 5021 932 5089 quod
980 5020 1118 5074 licet
1147 5018 1419 5090 legitimae
1471 5021 1684 5075 fuerint
1742 5019 2112 5074 inimicorum

467 5107 652 5161 caedes
699 5106 1080 5162 nihilominus
1127 5111 1320 5160 tamen
1364 5107 1460 5177 qui
1537 5107 1834 5162 hominem
1884 5106 2113 5174 occidit,

461 5196 619 5267 juste
666 5197 801 5250 licet
855 5213 916 5252 se
973 5198 1356 5265 defendendo,
1412 5204 1470 5252 et
1529 5198 1704 5251 invite
1763 5197 1984 5262 fecerit,
2045 5198 2115 5252 ad

470 5284 817 5340 sacrificium
852 5287 1130 5341 obnoxius
1160 5302 1286 5342 esse
1312 5288 1541 5341 videtur
1566 5292 1799 5357 propter
1829 5302 2116 5340 summam

471 5377 872 5442 acgnationem
907 5381 963 5430 et
991 5378 1463 5433 communionem
1497 5397 1512 5445 ;
1549 5380 1712 5446 cujus
1756 5395 1892 5448 ergo
1943 5378 2116 5431 etiam

475 5463 626 5518 viros
659 5465 898 5518 minime
927 5466 1246 5536 improbos,
1281 5468 1494 5536 quibus
1520 5469 1672 5523 crede
1708 5467 1883 5537 pollui
1924 5470 2120 5522 conti—

473 5558 653 5622 gerat,
681 5556 906 5620 purgari
938 5556 1116 5609 voluit
1164 5561 1228 5608 ad
1279 5559 1586 5612 delendum
1647 5556 1808 5610 illum
1873 5561 2116 5610 reatum.

476 5643 663 5706 Quare
694 5643 760 5696 ad
787 5641 970 5711 legem
1004 5644 1366 5711 spiritualem
1396 5647 1656 5699 animum
1703 5663 1873 5699 suum
1936 5653 2117 5698 totum

477 5731 788 5787 intendens
837 5732 924 5786 vir
980 5741 1216 5787 sanctus
1264 5736 1366 5804 (et;
1402 5737 1615 5791 Mosen)
1673 5734 1786 5790 sibi
1842 5741 2121 5804 tanquam

2218 4768 2433 4817 σαντας,
2469 4745 2616 4802 ἀλλά
2663 4747 2752 4800 καὶ
2802 4745 2965 4801 αὐτὸν
3013 4748 3356 4820 ἱερεύσαντας
3410 4747 3656 4822 βασιλέα,
3707 4749 3870 4821 ἄνδρα

2222 4838 2390 4910 μυρία
2451 4837 2540 4891 καὶ
2612 4831 3043 4909 βεϐουλευμένον
3103 4836 3192 4890 καὶ
3261 4834 3551 4909 δεδρακότα
3606 4839 3869 4914 πρότερον

2221 4924 2346 4985 τοὺς
2387 4923 2680 4987 Ἰουδαίους
2721 4926 2859 4978 κακὰ
2921 4927 3204 4998 (γυναῖκας
3263 4927 3366 5000 γὰρ
3424 4926 3670 5000 ἀσελγεῖς
3730 4949 3872 5002 προ-

2221 5015 2579 5087 στησάμενος,
2622 5013 2896 5087 λαγνείαις
2952 5015 3048 5086 μὲν
3111 5014 3178 5068 τὰ
3236 5017 3484 5086 σώματα,
3538 5017 3632 5077 τάς
3691 5016 3870 5093 ψυχὰς

2224 5099 2280 5156 δὲ
2337 5098 2550 5174 ἀσεϐείᾳ
2604 5106 2709 5156 τῶν
2793 5102 2978 5164 αὐταῖς
3058 5103 3480 5180 συμφθαρέντων
3561 5102 3867 5182 διέφθειρε),

2222 5193 2354 5252 Τοὺς
2413 5190 2504 5244 οὖν
2565 5191 2710 5246 οὕτω
2765 5190 2903 5246 κατά
2955 5196 3061 5246 τῶν
3121 5191 3404 5264 πολεμίων
3460 5193 3868 5267 ἤριστευκότας,

2223 5278 2322 5349 ἔξω
2378 5286 2549 5351 μεῖναι
2607 5283 2703 5334 τοῦ
2779 5277 3143 5355 στρατοπέδου
3216 5280 3292 5343 είς
3365 5277 3606 5355 ἑϐδόμην
3662 5282 3869 5354 ἡμέραν

2225 5367 2458 5436 ἐπέταξε,
2506 5373 2584 5438 τῷ
2642 5367 2698 5422 δὲ
2759 5368 2984 5444 μεγάλῳ
3035 5370 3170 5444 ἱερεῖ
3228 5369 3537 5444 Ἐλεσζάρῳ
3588 5371 3858 5442 καθαίρειν

2224 5456 2417 5517 αὐτοὺς
2479 5456 2835 5532 παρεγγύησε,
2897 5454 3091 5530 δείξας,
3172 5457 3352 5532 οἶμαι,
3407 5459 3483 5522 ὡς
3541 5458 3584 5513 εἰ
3643 5457 3731 5512 καί
3785 5458 3868 5510 νό-

2229 5567 2391 5618 μιμοι
2449 5546 2502 5599 αἱ
2561 5549 2678 5600 κατ’
2731 5547 2937 5621 ἐχθρῶν
2992 5549 3212 5624 σφαγαὶ,
3266 5547 3394 5604 ἀλλ’
3459 5548 3489 5601 ὅ
3547 5569 3608 5623 γε
3648 5549 3867 5602 κνείνων

2227 5633 2526 5708 ἄνθρωπον,
2585 5634 2631 5688 εἷ’
2673 5636 2760 5689 καὶ
2811 5633 3032 5697 δικαίως
3082 5636 3425 5708 ἀμυνόμενος
3461 5639 3547 5690 καὶ
3613 5634 3866 5710 βιασθεὶς,

2227 5722 2319 5779 κᾶν
2379 5725 2669 5780 ὁποιασοῦν
2742 5723 2813 5781 ὢν
2871 5726 3140 5801 ’τυγχάνῃ
3219 5727 3530 5801 θρησκείας,
3624 5724 3865 5782 ὑπαίτιος
