4092 6300
243 441 352 501 135
1261 439 1684 501 SYNTAGMA
1727 439 1859 501 ALE

2026 441 2368 503 IETICUM.
2413 474 2491 484 —
2536 443 2606 497 Φ.
3527 425 3642 486 186

237 574 364 627 εἶναι
409 570 559 627 δοκεῖ
609 570 700 626 διὰ
747 574 849 638 τήν
899 571 1156 626 ἀνωτάτω
1204 573 1510 646 τυγγένειαν
1551 575 1638 627 καί
1670 578 1853 645 κοινὴν

2023 575 2295 646 ιιοωριιιι·
2341 577 2473 628 ante
2520 570 2718 627 oculos
2767 580 3112 639 proponens,
3157 559 3254 632 qui
3304 559 3639 629 (equitatem

235 663 299 715 οὗ
362 665 519 736 χάριν
573 662 887 735 καθάρσεως
938 659 1122 731 ἐδέησε
1163 668 1280 724 τοῖς
1325 661 1561 717 κτείνασα.
1614 665 1701 718 καὶ
1758 669 1851 719 τοὺ

2027 663 2143 734 sgis
2187 661 2489 734 expressit,
2528 674 2716 730 neque
2763 661 2960 712 tamen
3002 667 3184 708 ausus
3211 653 3302 705 est
3335 648 3501 719 plene
3531 645 3643 716 ipsi

233 751 431 826 πόρῥω
487 747 736 812 ἀσεϐείας
795 749 1159 820 ἐληλακότας,
1218 752 1352 824 πρὸς
1409 750 1736 828 ἀπαλλαγὴν
1791 775 1849 807 το

2025 753 2312 808 roncedere
2341 750 2623 822 temporis
2653 753 2710 804 et
2742 760 2933 801 rerum
2953 740 3288 806 arbitrium)
3309 735 3494 792 cssdes
3515 751 3641 805 quas

229 843 590 912 νομισθέντος
623 835 814 914 ἃγους.
844 839 986 909 Πρὸς
1013 838 1195 893 τοίνυν
1225 841 1316 893 τὸν
1348 842 1520 913 νόμον
1568 824 1666 895 τοό
1717 843 1845 897 Πνειῖ

2027 857 2057 897 ιι
2106 841 2257 896 bello
2310 841 2480 906 fiunt,
2515 855 2628 893 non
2673 845 2831 892 extra
2877 847 3104 902 pmnam
3142 843 3270 883 esse
3301 824 3505 890 voluit,
3541 838 3643 893 pro

234 948 415 996 ματος
445 930 534 982 τὸν
568 933 692 981 νοῦν
724 927 856 982 ὅλον
886 928 1072 980 τείνων
1106 928 1134 980 ὁ
1183 927 1358 1002 ἅγιος,
1390 928 1479 981 καὶ
1524 930 1659 1001 πρὸς
1709 937 1850 1003 παρὰ

2039 930 2343 986 iscretione
2397 929 2521 998 ejus
2585 926 2686 997 qui
2752 924 2959 978 miscet
3023 918 3532 977 medicamentum,
3592 919 3648 966 et

230 1013 441 1088 δειγμα
501 1017 700 1072 Μωσέα
760 1015 1004 1090 βλέπων,
1035 1013 1299 1069 ὠδίνοντα
1359 1018 1453 1088 μέν
1511 1021 1608 1070 τοῦ
1647 1039 1846 1090 πνευμο

2038 1018 2374 1090 ispositione
2399 1015 2748 1087 recipientis,
2775 1012 3040 1084 quamvis
3070 1009 3141 1063 ad
3169 1012 3394 1062 certum
3417 1011 3647 1072 tempus

229 1107 396 1159 τικοῦ
426 1106 602 1177 νόμου
642 1107 704 1161 τὸ
754 1104 985 1174 δίκαιον,
1020 1107 1189 1176 μήπω
1235 1102 1292 1158 δὲ
1333 1103 1532 1166 τελέως
1584 1105 1845 1181 θαρῥοῦντ

2029 1109 2222 1164 idetur
2271 1107 2450 1176 culpae
2501 1104 2903 1160 remissionem
2956 1098 3228 1162 limitare,
3261 1092 3436 1149 sicuti
3473 1091 3645 1146 etiam

232 1191 428 1247 δοῦναι
489 1193 666 1265 τούτῳ
717 1195 816 1261 τήν
878 1191 1330 1268 παρῥησίαν,τοῦ
1391 1199 1584 1266 καιροῦ
1633 1195 1722 1247 καὶ
1780 1199 1848 1249 τῶ

1405 1199 1584 1266 ιαιροῦ
1633 1195 1722 1247 καὶ
1780 1199 1888 1249 τῶν
2000 1198 2061 1251 in
2101 1195 2231 1252 aliis
2270 1195 2494 1250 delictis
2527 1194 2833 1264 praecipere
2861 1188 3021 1244 solet.

232 1283 590 1357 πραγμάτων
644 1283 846 1350 ταύτην
910 1284 986 1354 μή
1045 1281 1440 1355 προσιεμένων,
1473 1280 1603 1337 οὐδὲ
1653 1285 1781 1345 τοὺς
1838 1282 1892 1338 ἐν
1949 1283 2218 1357 πολέμοις
2277 1285 2472 1360 φόνους
2531 1280 2630 1353 ἔξω
2688 1277 2843 1346 δίκης
2913 1276 3125 1329 έστάναι
3199 1270 3430 1336 κελεύει,
3479 1268 3554 1328 ὡς
3612 1267 3647 1333 ἦ

232 1393 513 1446 επικρισις
571 1370 690 1450 ἔχει
728 1376 827 1426 τοῦ
887 1371 1236 1444 κεραννύντος
1292 1372 1358 1426 τὰ
1413 1373 1672 1450 φάρμακα
1729 1374 1815 1427 καὶ
1880 1376 1915 1442 ἡ
1975 1370 2210 1435 διάθεσις
2268 1377 2363 1426 τοῦ
2416 1375 2582 1425 ταῦτα
2641 1364 3023 1442 προσιεμένου,
3051 1365 3098 1417 εἰ
3153 1363 3242 1415 καὶ
3285 1360 3472 1433 ἱΞητοῖς
3503 1353 3652 1409 δοκεῖ

235 1462 478 1535 Χρόνοις
533 1463 635 1529 τῆν
697 1465 794 1515 τοῦ
851 1460 1193 1532 πταίσματος
1242 1458 1553 1535 ἐπιμετρεῖν
1613 1458 1818 1538 ἄφεσιν,
1877 1463 1950 1523 ὡς
2007 1464 2096 1516 καί
2151 1462 2203 1516 ἐν
2259 1467 2374 1522 τοῖς
2452 1459 2644 1519 ἄλλοις
2720 1458 3108 1528 ἁμαρτήμασιν
3188 1452 3376 1522 ὁρᾶται
3431 1444 3649 1500 διατατ-

233 1553 299 1604 τὸ
310 1571 444 1622 μενο
455 1571 500 1611 ς.

311 1640 414 1695 Καὶ
465 1639 553 1694 έπί
605 1644 703 1694 τοῦ
752 1637 1023 1712 βασιλέως
1074 1636 1131 1693 δε
1183 1640 1503 1715 Νικηφόρου
1546 1644 1641 1693 τοῦ
1700 1645 1887 1704 Φωκᾶ,

2072 1642 2350 1697 Praeterea
2397 1640 2508 1696 sub
2555 1640 2899 1708 imperatore
2949 1632 3266 1702 Nicephoro
3297 1627 3416 1683 filio
3447 1624 3647 1681 Phoce

230 1729 281 1784 ἐν
320 1734 501 1802 καιρῷ
528 1733 600 1801 τῇ
630 1727 932 1798 Ἐκκλησία
968 1729 1034 1781 τα
1079 1732 1175 1782 τοῦ
1222 1727 1444 1791 κανόνος
1492 1727 1682 1802 γέγονε
1709 1727 1838 1782 τοῦδ

2031 1732 2162 1785 ltilis
2192 1737 2315 1785 erat
2346 1729 2610 1785 Ecclesia
2642 1727 2885 1797 hujusce
2913 1722 3152 1778 canonis
3192 1715 3506 1775 institutio.
3542 1712 3647 1769 Illo

233 1819 482 1875 Ἐκείνου
542 1819 644 1894 γὰρ
702 1817 1093 1892 ἀναγκάζοντος
1150 1818 1318 1889 νόμον
1380 1818 1563 1872 θέσθαι
1617 1819 1716 1885 τήν
1774 1819 1849 1873 'Ei

2025 1820 2154 1875 :nim
2208 1826 2452 1890 urgente
2481 1815 2822 1881 Ecclesiam,
2856 1819 2919 1868 ut
2951 1813 3320 1867 decernerent
3350 1806 3424 1860 iis
3456 1805 3552 1874 qui
3584 1802 3641 1856 in

234 1910 658 1979 κλησίαν,τους
718 1909 1013 1969 πίπτοντας
1071 1906 1123 1962 ἐν
1171 1907 1440 1979 πολέμοις
1493 1908 1543 1978 ἐξ
1600 1908 1719 1976 ἴσης
1778 1913 1850 1962 το’

2031 1909 2154 1964 »θιιο
2198 1909 2354 1965 257
2409 1906 2681 1977 perierint
2733 1919 2900 1976 pares
2950 1902 3199 1956 honores
3250 1913 3384 1952 cum
3431 1892 3647 1949 sanctis

235 2000 418 2072 ἁγίοις
508 1994 820 2072 πρεσϐεύειν
910 1999 1160 2070 μάρτυσι,
1225 1997 1313 2050 καὶ
1397 1997 1577 2071 ὥσπερ
1659 1996 1851 2051 ἐκείνοι

2029 1999 2378 2068 nartyribus,
2392 1997 2665 2067 ipsosque
2679 2000 2953 2063 tanquam
2970 1986 3274 2044 memorias
3301 1988 3618 2054 martyrum
3632 2019 3645 2043 ,

240 2091 439 2160 ὕμνοις
489 2088 759 2163 γεραίρειν
799 2088 892 2140 καὶ
941 2086 1328 2161 πανηγύρεσιν,
1362 2088 1418 2140 οἱ
1464 2088 1590 2141 τότε
1633 2089 1732 2155 τῆς
1767 2087 1856 2140 Ἐκ

2031 2086 2234 2155 lymnis
2281 2095 2334 2141 et
2377 2083 2846 2140 solemnitatibus
2897 2077 3286 2137 celebrarent;
3320 2072 3404 2127 illi
3452 2070 3551 2142 qui
3584 2085 3647 2124 eo

243 2179 483 2247 κλησίας
554 2172 1020 2249 προϐεϐλημένοι,
1069 2176 1183 2229 ἐπεὶ
1237 2173 1426 2229 πολλὰ
1493 2176 1745 2250 λέγοντες
1803 2176 1859 2229 τὸ

2033 2192 2262 2246 empore
2291 2173 2556 2230 Ecclesiae
2590 2171 2964 2242 praefuerunt,
3005 2181 3137 2221 cum
3171 2162 3352 2219 multo
3381 2173 3649 2216 sermone

248 2267 480 2341 βασιλέα
541 2267 641 2319 οὐκ
714 2263 927 2319 ἔπειθον
991 2265 1067 2337 μή
1128 2265 1274 2318 ὅσιον
1339 2265 1468 2318 εἶναι
1523 2249 1864 2338 τούπίταγμα

2033 2264 2342 2336 mperatori
2392 2262 2634 2317 minime
2691 2257 3041 2331 persuadere
3099 2255 3368 2324 poterant
3415 2249 3649 2319 jussum

247 2357 615 2416 τελευτῶντες
661 2360 742 2425 τῷ
785 2353 972 2408 κανόνι
1024 2353 1202 2425 τούτῳ
1247 2353 1573 2430 ἐχρήσαντο,
1610 2358 1732 2416 Πῶς
1779 2354 1863 2408 οἷό

2035 2356 2189 2426 psius
2232 2354 2387 2409 haud
2438 2354 2594 2422 pium
2647 2350 2846 2415 fuisse,
2879 2347 3114 2401 tandem
3162 2344 3265 2397 hoc
3316 2354 3538 2396 canone
3569 2338 3651 2390 usi

249 2469 322 2514 τε,
355 2446 617 2523 φάμενοι,
657 2444 784 2506 τοὺς
834 2443 886 2498 ἐν
925 2441 1194 2516 πολέμοις
1242 2445 1496 2505 πεσόντας
1549 2445 1865 2516 συναριθμεῖ

2037 2449 2158 2500 unt.
2189 2449 2515 2514 Equumne
2561 2455 2689 2494 esse
2735 2437 2939 2508 possit,
2973 2436 3255 2498 dicentes,
3305 2445 3401 2484 eos
3448 2428 3547 2498 qui
3595 2428 3652 2480 in

254 2542 360 2594 mi;
399 2534 691 2606 μάρτυσιν,
726 2531 819 2592 οὓς
871 2533 898 2585 ὁ
950 2531 1112 2606 μέγας
1165 2529 1468 2600 Βασίλειος,
1501 2533 1575 2593 ὡς
1633 2533 1726 2593 τὰς
1771 2538 1863 2606 χεῖ

2035 2533 2157 2590 ιοΙΙο
2205 2531 2534 2598 ceciderint,
2581 2545 2716 2584 cum
2766 2525 3114 2595 martyribus
3163 2537 3280 2575 una
3333 2531 3651 2574 recensere.

258 2645 342 2698 ρας
399 2624 482 2695 μή
543 2622 836 2694 καθαροὺς,
893 2625 998 2674 τῶν
1078 2623 1435 2693 ἀγιασμάτων
1494 2620 1581 2675 ἐπὶ
1657 2620 1874 2693 τριετία·

2036 2639 2155 2693 [uos
2187 2636 2436 2692 magnus
2469 2618 2737 2682 Basilius,
2761 2621 3039 2684 tanquam
3071 2609 3338 2665 manibus
3368 2607 3652 2676 impuros,

253 2712 464 2785 ἀπεῖρξε
491 2731 504 2745 °
538 2713 631 2765 καί
663 2712 809 2764 οὕτω
837 2710 937 2776 τήν
976 2713 1073 2763 τοῦ
1125 2708 1395 2784 βασιλέως
1440 2708 1558 2782 βίαν
1610 2711 1869 2763 ἀπεσκευά

2037 2711 2251 2767 .sacris
2302 2708 2596 2780 mysteriis
2647 2721 2745 2776 per
2791 2703 3108 2759 triennium
3157 2695 3445 2753 exclusit?
3478 2699 3653 2763 atque

250 2823 425 2859 σαντο.
463 2801 748 2879 Διαφόρων
798 2795 855 2852 δέ
912 2797 1096 2872 ἱερέων
1139 2798 1226 2852 καὶ
1276 2797 1604 2867 ἐπισκόπων,
1656 2798 1743 2852 ἐπὶ
1799 2805 1864 2866 τῆ

2036 2817 2116 2854 ιοο
2149 2799 2320 2854 modo
2365 2795 2733 2868 imperatoris
2766 2792 3037 2848 ferociam
3070 2785 3288 2843 amoliti
3319 2788 3476 2839 sunt.
3508 2783 3652 2836 Cum

246 2890 481 2946 συνόδου
530 2888 1114 2962 ἐξομολογησαμένων,
1145 2887 1438 2960 πολεμίοις
1490 2889 1862 2959 συμπλακῆναη

2041 2895 2204 2944 ηιιῐεω
2247 2886 2410 2942 mulli
2461 2885 2791 2941 sacerdotes
2839 2887 2896 2935 et
2942 2876 3199 2949 episcopi
3241 2873 3657 2930 confiterentur

243 2983 338 3037 καὶ
396 2979 651 3040 πολλοὺς
704 2979 756 3049 ἐξ
827 2979 1002 3033 αὐτῶν
1077 2976 1308 3048 ἀνελεῖν,
1366 2981 1401 3046 ἡ
1455 2979 1573 3051 ἰερὰ
1631 2978 1718 3031 καὶ
1785 2978 1859 3031 θεί

2047 2979 2160 3050 pud
2191 2977 2482 3048 synodum
2513 2990 2576 3029 se
2605 2989 2738 3029 cum
2787 2972 2954 3026 hoste
2993 2980 3338 3037 congressos
3371 2962 3570 3027 fuisse,
3604 2964 3659 3015 et

245 3069 478 3132 σύνοδος
523 3075 605 3139 τῷ
648 3073 746 3122 τοῦ
796 3066 958 3142 ἁγίου
1007 3067 1204 3120 τούτου
1233 3067 1413 3121 κανόνι
1447 3067 1534 3120 καὶ
1566 3071 1642 3138 τῷ
1671 3067 1739 3120 vs'
1770 3067 1861 3120 έπό

2045 3067 2231 3122 cultos
2273 3082 2340 3121 ex
2388 3065 2504 3118 illis
2544 3061 2926 3125 interfecisse,
2981 3062 3183 3113 sancta
3228 3058 3285 3107 et
3333 3050 3661 3106 veneranda

251 3183 434 3234 μενοι,
467 3161 527 3213 ’ὃν
581 3159 668 3212 καὶ
718 3159 866 3226 ζήτει
915 3155 967 3209 ἐν
1013 3159 1092 3226 τῷ
1133 3163 1169 3210 ε’
1215 3176 1335 3234 κεφ.
1365 3160 1461 3210 τοῦ
1511 3164 1552 3210 Λ
1603 3155 1867 3228 στοιχείοι

2045 3157 2272 3229 ynodus
2323 3154 2638 3224 procedens
2682 3153 2846 3220 juxta
2895 3148 3140 3215 hujusce
3169 3143 3274 3197 viri
3307 3140 3496 3196 sancti
3526 3155 3657 3193 can.

249 3227 654 3325 αναλεγόμενοι
710 3247 802 3301 καὶ
867 3245 966 3300 ὅσα
1022 3249 1090 3318 τῇ
1149 3227 1506 3320 θείᾳΤραφῇ
1567 3227 1858 3314 διείληπτα

2043 3227 2218 3313 stum,
2250 3250 2425 3314 atque
2471 3242 2647 3297 etiam
2695 3241 2786 3305 55,
2819 3253 2993 3310 quem
3044 3235 3173 3290 vide
3219 3233 3278 3288 in
3325 3247 3453 3301 cap.
3482 3229 3518 3281 5
3549 3227 3659 3281 litt.

247 3350 351 3410 τῆς
411 3337 757 3412 λειτουργίας
809 3335 1002 3396 αὐτοὺς
1057 3333 1305 3389 ἐκέλευσε
1352 3335 1679 3404 παύσασθαι,
1711 3335 1755 3388 εἰ
1815 3355 1863 3387 κς

2045 3353 2083 3402 ι,
2132 3340 2191 3391 et
2248 3336 2553 3389 recitantes
2611 3344 2972 3402 quascunque
3023 3326 3082 3380 in
3140 3339 3303 3379 sacra
3360 3320 3661 3390 Scriptura

248 3430 409 3497 ἔνιοι,
456 3432 568 3482 τῶν
645 3430 742 3480 τοῦ
815 3428 1205 3497 στρατιωτικοῦ
1262 3422 1566 3498 κιοταλόγου
1640 3424 1864 3495 μάλιστα

2045 3443 2124 3482 Lac
2171 3427 2242 3480 de
2299 3441 2357 3480 re
2405 3423 2799 3487 continentur,
2851 3434 2950 3474 eos
3001 3417 3072 3471 ab
3136 3412 3327 3467 officio
3384 3409 3661 3465 desistere

249 3521 476 3580 τούτοις
532 3513 631 3570 οὒκ
685 3513 940 3569 ἐτίθεντο.
1002 3513 1156 3582 Ζήτει
1212 3511 1302 3566 καὶ
1354 3511 1416 3565 τὸ
1476 3513 1517 3581 ζ’
1569 3494 1688 3584 κειρ.
1721 3516 1865 3566 τοῦ.

2043 3513 2208 3579 ussit,
2244 3510 2561 3582 praesertim
2610 3509 2658 3562 si
2707 3505 2889 3576 aliqui
2938 3520 3008 3559 ex
3047 3501 3253 3557 ordine
3285 3495 3520 3552 militari
3552 3494 3659 3548 hoc

253 3607 562 3682 στοιχείοό.

2015 3602 2161 3674 ipsis
2192 3600 2345 3656 haud
2382 3601 2708 3670 posuerant.
2741 3593 2883 3649 Vide
2913 3598 2972 3648 et
2998 3607 3126 3662 cap.
3158 3589 3214 3641 7.
3246 3586 3360 3642 litt.
3393 3587 3459 3639 A.

252 3721 519 3772 ΚΕΦΑΛ.
688 3711 863 3785 ⁸Περί
916 3713 1040 3785 τῷν
1101 3711 1513 3785 φονευουῼσῶν
1573 3710 1868 3780 γυναικῶ

2041 3708 2174 3766 IAP.
2217 3707 2363 3762 VIII.
2416 3706 2489 3760 De
2530 3702 2855 3759 mulieribus
2897 3714 3018 3785 quas
3061 3692 3471 3752 medicamentis
3515 3693 3657 3758 fetus

606 3781 713 3837 διὰ
751 3775 1224 3858 φαρμάκων’τὰ
1265 3775 1550 3853 ἔμϐρυα.
1587 3775 1597 3780 ’

1419 3799 1434 3832 >
1451 3801 1479 3831 υ
1492 3799 1522 3831 α
1539 3820 1550 3830 .
1587 3775 1597 3780 ⁷
2636 3791 2758 3830 suo:
2792 3779 3035 3828 enecant.

331 3879 494 3946 Ζήτει
553 3871 618 3928 τό
662 3877 750 3942 κη’
780 3873 870 3926 καὶ
915 3872 1103 3924 τὸ·κθ’
1131 3891 1250 3946 κεφ.
1283 3873 1378 3922 τοῦ
1427 3875 1460 3922 l‘
1493 3870 1792 3942 στοιχείου,
1825 3869 1912 3922 καὶ

2091 3869 2233 3924 Vide
2263 3866 2452 3938 capita
2487 3866 2556 3919 28
2587 3870 2643 3921 et
2669 3865 2740 3917 29
2770 3862 2882 3916 litt.
2916 3865 2975 3927 Γ,
3007 3863 3063 3914 et
3088 3858 3146 3912 in
3177 3872 3306 3927 cap.
3335 3855 3369 3907 9
3393 3852 3658 3922 ejusdem

263 3967 314 4021 ἐν
349 3971 430 4036 τῷ
463 3967 494 4017 θ
537 3985 656 4040 κεφ,
689 3967 784 4016 τοῦ
841 3960 1006 4014 αὐτοῦ
1065 3957 1341 4033 στοιχείου
1381 3959 1569 4012 κανόνα
1601 3961 1676 4011 κε’
1705 3964 1803 4026 τῆς
1863 3957 1879 4012 ἔ

2045 3959 2296 4015 elementi
2347 3971 2628 4011 cauouem
2678 3954 2750 4007 25
2796 3950 3000 4023 synodi
3043 3949 3249 4015 Ancyr.
3277 3962 3292 4012 ;
3321 3946 3562 4014 insuper
3593 3943 3661 3996 de

264 4056 509 4128 Ἀγκόρᾳ
564 4049 814 4107 συνόδου.
867 4057 987 4104 Ἔτι
1062 4049 1183 4120 περὶ
1249 4049 1424 4121 φόνων
1481 4047 1766 4115 ἀκουσίων,
1826 4067 1880 4101 κο

2051 4049 2280 4103 adibus
2316 4044 2748 4108 involuntariis,
2781 4047 2838 4096 et
2880 4041 2950 4094 de
2994 4037 3307 4092 infantibus
3356 4032 3458 4103 qui
3499 4031 3667 4101 juxta

265 4146 390 4217 περὶ
435 4147 548 4198 τῶν
602 4140 1010 4215 ἀποπνιγέντων
1075 4135 1285 4208 νηπίων
1350 4138 1756 4210 πορακειμένων
1801 4143 1881 4190 toi

1565 4138 1756 4208 ιμένων
1801 4143 1915 4197 τοῖς
2027 4141 2294 4209 parentes
2325 4151 2464 4191 suos
2490 4133 2774 4188 cubantes
2805 4129 3181 4185 sufi‘ocantur.

261 4239 513 4310 γονεῦσιν
549 4231 748 4286 αὐτῶν.

2101 4224 2513 4282 Involuntariis
2559 4223 2734 4277 etiam
2783 4216 3113 4273 homicidiis
3143 4213 3286 4268 illud
3317 4214 3671 4274 accensetur,

339 4327 429 4380 'Ev
461 4327 583 4383 τοῖς
615 4319 894 4380 ἀκουσίοις
946 4314 1004 4370 δέ
1045 4317 1230 4394 φόνοις
1263 4313 1439 4369 έκεῖνα
1466 4314 1728 4387 κρίνεται,
1760 4313 1921 4382 ἡνίκα

2066 4333 2163 4372 um
2214 4314 2466 4369 infantes
2511 4310 2693 4382 aliqui
2733 4311 2906 4364 noctu
2938 4306 3090 4360 inter
3122 4307 3384 4372 parentes
3415 4315 3552 4354 suos
3577 4298 3675 4367 ja-

271 4420 376 4468 τῶν
405 4415 628 4486 βρεφῶν
660 4407 792 4475 ἔνια,
829 4409 989 4479 μέσον
1046 4405 1268 4477 κείμενα
1313 4404 1498 4464 νυκτὸς
1556 4408 1662 4458 τῶν
1696 4400 1887 4477 γονέων

2064 4413 2248 4470 entes,
2296 4419 2408 4472 prae
2457 4399 2808 4470 negligentia
2854 4395 3084 4450 illorum
3142 4396 3241 4448 aut
3286 4388 3525 4458 crapula
3573 4391 3676 4441 aut

269 4502 330 4557 ἐκ
379 4476 654 4576 ῥαθυμίας
707 4476 906 4564 αὐτων,
934 4496 970 4564 ἢ
1016 4476 1170 4566 μέθη,
1202 4493 1236 4560 ἢ
1286 4492 1515 4566 γαστρὸς
1565 4476 1716 4562 κόρω
1749 4493 1884 4564 βαρυ

2057 4494 2271 4565 mpleto
2302 4496 2501 4547 ventre
2530 4493 2924 4560 gravatorum,
2948 4493 3002 4540 et
3023 4484 3080 4537 in
3107 4482 3264 4551 ipsos
3289 4476 3671 4534 incidentium

271 4593 548 4665 νομένων,
580 4588 672 4641 καὶ
721 4584 1065 4658 ἐμπεσόντων
1104 4582 1310 4646 αὐτοῖς,
1361 4581 1642 4654 ἀποπνιγῇ
1669 4599 1680 4610 ·
1734 4579 1786 4634 οἳ
1833 4601 1887 4633 κο

2057 4583 2406 4639 ηυίΐοοιιηωιθ.
2440 4578 2508 4634 Ηὶ
2559 4577 2794 4648 quidem
2845 4571 3212 4644 septenuium
3262 4567 3673 4632 observabunt,

273 4684 372 4749 τήν
412 4679 702 4734 ἑπταετίαν
752 4675 1071 4753 φυλάξουσι,
1101 4670 1404 4747 ξηροφαγίᾳ
1451 4668 1508 4723 δὲ
1545 4653 1636 4723 καὶ
1683 4670 1889 4744 γονάτω

2064 4674 2182 4728 ηἱὺὶε
2213 4672 2391 4726 aridis
2421 4679 2474 4724 et
2502 4666 2903 4738 genuﬂexione
2937 4665 3113 4718 Deum
3149 4659 3462 4730 placantes,
3491 4653 3592 4709 sed
3625 4656 3680 4708 et

275 4771 488 4824 κλίσεσι
517 4768 580 4822 τὸ
614 4771 765 4821 Θεῖον
798 4761 1185 4834 ἐξιλεοόμενοι,
1217 4761 1484 4832 κλαυθμῷ
1535 4759 1622 4813 καὶ
1670 4763 1737 4831 τῇ
1788 4778 1891 4812 κατ

2065 4771 2195 4818 uctu
2252 4765 2310 4816 et
2365 4775 2466 4829 pro
2525 4755 2895 4812 facultatibus
2941 4751 3304 4821 eleemosyna
3363 4744 3681 4817 praecidunt

279 4805 488 4824 ’.Λιυιυι
529 4805 580 4822 δυ
616 4805 764 4821 υῦουν
799 4805 1185 4834 ῡῆιιινννιυυυνυν’
1219 4805 1481 4832 Uita-vvr-T
1537 4805 1622 4813 vww-
1681 4805 1737 4831 -1.
1789 4805 1895 4812 --ν-ν.

279 4857 508 4931 δύναμιν
559 4854 906 4926 ἐλεημοσύνη
959 4850 1320 4924 ὑποτέμνουσι
1374 4849 1463 4902 καὶ
1506 4847 1632 4909 τοὺς
1685 4849 1892 4919 ὁρισθὲν

2065 4805 2195 4818 “Vn”
2254 4805 2310 4816 ν’
2365 4805 2463 4829 l'"
2525 4805 2817 4812 """""""'
2835 4805 2890 4809 "
2949 4805 3049 4808 "”
3109 4805 3147 4806 η
3193 4805 3214 4821 ο
3363 4805 3380 4817 ι

2065 4852 2393 4907 ιτωεῐὶῐυιοι
2422 4863 2603 4902 annos
2633 4844 2860 4900 veniam
2901 4841 3343 4911 consequentes,
3376 4835 3514 4906 quia
3544 4832 3681 4886 irre-

276 4970 368 5010 τας
425 4946 695 5022 χρόνους,
756 4943 1082 5016 συγγνώμην
1139 4937 1356 5013 ἔχοντες
1413 4939 1504 4992 καὶ
1549 4935 1616 5010 τῇ
1647 4935 1892 5006 ἀνηκέστι

1219 4958 1356 5001 οντες
1413 4939 1504 4992 καὶ
1549 4935 1616 5010 τῇ
1647 4935 1926 5008 ἀνηκέστῳ
2037 4937 2334 4997 mediabili
2367 4935 2516 4992 malo
2547 4939 2835 4990 tenentur.

280 5038 555 5115 ληφθῆναι
588 5036 863 5110 συμφορᾷ.

349 5128 410 5183 Εἰ
442 5124 491 5180 δ’
608 5117 916 5188 ἐπιϐουλῆς
962 5123 1058 5173 τοῦ
1105 5118 1479 5189 ἁντικειμένου
1532 5119 1715 5190 σαφῶς
1765 5118 1928 5169 τοῦτο

2109 5119 2212 5174 Sin
2260 5132 2388 5173 vero
2436 5130 2506 5171 ex
2562 5113 2794 5169 insidiis
2843 5107 3154 5167 adversarii
3212 5105 3321 5162 hoc
3373 5100 3679 5172 contigisse

283 5212 502 5285 συνέϐη,
557 5210 730 5286 μηδὲν
778 5215 886 5264 τῶν
933 5208 1131 5282 γονέων
1181 5207 1540 5275 ἐπταικότων,
1574 5205 1624 5259 εἴ
1661 5205 1749 5258 καὶ
1797 5223 1896 5277 συγ

2072 5210 2286 5272 onstet,
2320 5203 2654 5274 parentibus
2687 5199 2831 5258 nihil
2862 5196 3258 5271 peccantibus,
3291 5191 3552 5263 quamvis
3591 5205 3683 5244 ca-

281 5308 502 5380 γνώμης
556 5303 622 5356 τὸ
667 5295 882 5374 συμϐὰν
930 5296 1097 5366 ἄξιον,
1130 5296 1259 5352 ἀλλ’
1289 5297 1381 5353 οὖν
1433 5295 1522 5351 καί
1583 5295 1815 5367 μενρίων
1849 5291 1897 5347 δε

2074 5312 2142 5350 us
2193 5295 2296 5348 iste
2345 5292 2571 5348 veniam
2616 5295 2917 5353 mereatur,
2952 5284 3258 5341 mediocris
3290 5289 3483 5336 tamen
3516 5294 3683 5350 pmna

285 5401 384 5451 τῶν
415 5392 734 5464 ἐπιτιμίων.
770 5391 958 5446 ’Έοικε
988 5388 1091 5462 γὰρ
1125 5385 1194 5441 δι’
1223 5384 1378 5459 ἕτερά
1428 5406 1548 5440 τινα
1587 5382 1892 5457 ἀμετανόητ

2066 5383 2396 5438 ntercedere
2425 5383 2614 5436 debet.
2646 5380 2788 5434 Nam
2830 5375 3124 5446 probabile
3172 5378 3258 5428 est
3289 5375 3519 5442 propter
3551 5369 3682 5434 alia,

285 5487 592 5557 πταίσματα
675 5481 777 5548 τήν
868 5474 1252 5552 ἐγκατάλειψιν
1330 5475 1554 5542 ταυτηνὶ
1655 5472 1901 5548 γεγονέναι

2065 5487 2284 5542 [uorum
2318 5471 2574 5524 nondum
2609 5469 2852 5536 egerunt
2883 5464 3305 5535 pmnitentiam,
3342 5461 3489 5512 hanc
3520 5456 3681 5509 dere—

287 5576 426 5648 παρὰ
451 5543 576 5628 ’τοῦ
633 5543 1013 5648 φυλάσσοντος
1048 5543 1249 5638 Κυρίου
1279 5565 1345 5619 τὰ
1374 5566 1560 5633 νήπια.
1597 5584 1624 5614 (ι
1781 5557 1897 5630 δῴη

2069 5560 2331 5615 ictionem
2382 5577 2414 5613 a
2460 5558 2705 5613 Domino
2754 5554 2854 5624 qui
2888 5551 3140 5607 custodit
3171 5550 3423 5603 infantes
3453 5543 3685 5599 immis-

289 5672 411 5738 γὰρ,
442 5665 623 5738 φησὶν,
658 5661 736 5721 εἰς
779 5656 952 5711 σάλον
983 5656 1073 5709 τὸν
1116 5652 1255 5708 πόδα
1285 5677 1404 5722 σου,
1436 5654 1524 5707 καὶ
1575 5653 1638 5705 οὐ
1687 5649 1905 5715 νυστιὶξε

2074 5666 2188 5705 am.
2229 5648 2376 5702 Dicit
2409 5649 2559 5700 enim
2596 5663 2608 5699 :
2649 5665 2675 5693 ιι
2706 5643 2827 5696 Non
2861 5642 2964 5695 des
2994 5641 3053 5693 in
3103 5636 3551 5693 commotionem
3587 5646 3687 5698 pe—

295 5755 321 5807 ὀ
347 5752 626 5830 φυλάσσων
661 5772 723 5807 σε
753 5743 1017 5824 ἅγγελος.
1051 5768 1081 5797 ι)

2071 5738 2180 5792 lem
2197 5741 2386 5804 tuum,
2407 5751 2587 5804 neque
2612 5731 2879 5789 dormitet
2903 5727 3145 5799 angelus
3167 5726 3266 5795 qui
3286 5731 3340 5778 te
3360 5719 3630 5776 custodit.
3659 5736 3687 5764 ››
