4092 6300
473 382 588 442 187

1741 408 2116 474 ΜΑΤΤΗᾹΞῙ
2160 413 2593 477 BLASTARIS

3754 441 3858 500 188

541 513 599 567 Si
641 531 772 572 vero
803 521 1120 578 suffocatur
1153 527 1301 584 fetus
1333 537 1648 606 antequam
1687 538 1872 596 lucem
1909 544 2080 600 videal

541 611 672 648 mler
724 621 926 648 nmnnu
989 612 1160 648 etiam
1211 619 1360 648 ηυςηι
1416 628 1634 648 ,..-..ι-.
1698 646 1715 648 _
1776 645 1896 648 _,,,
1959 633 2016 648 ,η

2304 546 2363 602 Εἰ
2399 545 2568 602 δὲκαὶ
2600 551 2900 626 ἀφώτιστον
2942 558 3000 611 ὃν
3050 560 3319 637 ἀπεπνίγη
3380 567 3440 620 τὸ
3493 569 3714 648 βρέφος,
3746 573 3853 627 ἐπι-

467 611 672 670 ριιιειθιι
723 621 926 676 poenas
989 612 1162 670 etiam
1211 619 1360 691 exigi
1414 628 1637 696 oportet
1693 646 1726 684 a
1775 611 2114 699 parentibus

463 691 720 748 officium
753 695 1155 773 eleemosynse.

1196 820 1376 889 Leges.

532 907 921 970 Homicidium
953 934 987 973 a
1014 919 1311 980 voluntate
1340 929 1688 1002 aestimatur,
1726 951 1798 990 an
1842 941 2111 1009 proposi-

458 999 584 1052 tum
632 999 741 1070 ipsi
792 1003 966 1061 fuerit
1015 1007 1312 1068 hominem
1346 1018 1628 1089 occidere,
1661 999 1732 1078 an
1777 1042 1910 1080 non.
1947 1028 2110 1087 Unde

459 1085 543 1154 fit,
577 1094 635 1141 ut
667 1089 713 1144 is
745 1092 841 1161 qui
874 1093 1169 1154 hominem
1204 1106 1467 1174 percutit,
1504 1085 1624 1164 non
1650 1116 1840 1168 tamen
1876 1085 2108 1185 occidit,

456 1189 876 1249 nonnunquam
929 1192 1202 1256 tanquam
1253 1189 1546 1251 homicida
1577 1199 1870 1270 puniatur,
1913 1210 1971 1260 et
2009 1206 2106 1263 ille

455 1262 555 1332 qui
591 1267 818 1334 occidit,
842 1286 974 1326 cum
1009 1278 1306 1334 verberare
1334 1281 1526 1340 solum
1545 1286 1743 1358 voluit,
1767 1308 1879 1346 non
1907 1297 2106 1364 punia-

453 1356 546 1407 tur
596 1359 658 1410 ut
702 1356 1012 1417 homicida.
1049 1364 1298 1424 Intentio
1328 1379 1520 1428 autem
1566 1378 1748 1434 animi
1781 1398 1850 1436 ex
1880 1384 2101 1441 instru-

455 1447 649 1499 mento
702 1449 1058 1507 verberantis
1115 1461 1426 1526 spectatur.
1480 1463 1654 1521 Praua
1702 1468 1759 1523 in
1820 1471 2098 1531 sicarium

454 1531 846 1593 honestiorem
898 1545 985 1595 est
1033 1543 1377 1615 deportatio,
1429 1553 1547 1609 sive
1594 1555 1765 1625 plena
1812 1560 2098 1620 bonorum

454 1620 785 1689 publicatio.
818 1627 880 1682 In
930 1629 1162 1688 viliores
1212 1651 1365 1703 vero,
1397 1620 1612 1709 gladio_
1638 1650 1696 1700 et
1733 1648 1930 1706 bestiis
1959 1654 2097 1709 sub-

443 1708 546 1779 jici
578 1727 591 1764 :
626 1715 684 1766 et
731 1712 789 1767 in
840 1731 938 1773 eos
969 1719 1068 1790 qui
1099 1738 1166 1776 ex
1201 1722 1432 1782 lascivia
1463 1735 1520 1785 et
1549 1732 1773 1790 incuria
1803 1739 2093 1804 occidunt.

451 1797 907 1870 quinquennalis
953 1807 1248 1881 relegatio.
1283 1813 1672 1878 lnvoluntario
1702 1831 1896 1883 autem
1929 1831 2096 1888 venia

447 1889 804 1948 conceditur.

518 1981 629 2032 Lex
676 1980 746 2034 de
794 1981 1019 2041 sicariis
1067 1988 1262 2045 dolum
1317 1995 1537 2052 malum
1589 2001 1848 2072 requirit,
1882 2009 1939 2060 et
1984 2024 2099 2064 non

449 2081 718 2137 magnam
744 2069 1148 2144 negligentiam
1176 2097 1188 2134 :
1218 2083 1370 2137 unde
1393 2086 1440 2139 si
1463 2087 1595 2157 quis
1625 2069 1886 2161 ipsorum
1906 2111 1974 2150 ex
1996 2113 2095 2151 su-

446 2155 612 2210 blimi
650 2155 903 2228 lapidem
953 2167 1282 2236 projecerit,
1320 2181 1416 2228 aut
1468 2155 1694 2234 ramum
1728 2183 1974 2253 arboris,
2006 2191 2097 2240 at-

445 2260 554 2326 que
601 2250 926 2330 quempiam
979 2257 1271 2329 occiderit,
1309 2280 1422 2320 non
1472 2273 1695 2324 tenetur
1737 2272 1858 2345 lege
1897 2250 2098 2332 contra

443 2332 712 2374 Sicanos.

515 2405 683 2463 258
741 2410 857 2467 Nec
909 2414 1127 2484 infans,
1187 2419 1295 2477 hoc
1352 2428 1458 2494 est,
1522 2432 1744 2499 septem
1805 2448 2094 2491 annorum

442 2511 606 2567 puer,
635 2515 737 2555 nec
770 2501 1025 2560 furiosus
1057 2509 1229 2566 caedis
1263 2528 1396 2568 reus
1426 2515 1550 2586 lege
1580 2518 1650 2572 de
1681 2519 1994 2578 homicidia
2015 2531 2094 2579 le-

441 2588 629 2640 netur.

510 2674 617 2740 Qui
666 2676 838 2735 alicui
897 2685 1129 2740 mandat
1177 2692 1241 2744 ut
1297 2690 1624 2762 interﬁciat,
1679 2701 1742 2752 ut
1800 2699 2094 2759 homicida

437 2763 770 2822 damnatur.

509 2855 568 2907 In
603 2857 878 2914 omnibus
922 2863 1267 2923 criminibus
1315 2870 1611 2942 inquirere
1640 2880 1886 2947 oportet,
1921 2897 1993 2934 an
2025 2896 2092 2937 ex

436 2943 753 3014 proposito,
814 2964 884 3002 an
945 2951 1182 3010 fortuito
1241 2957 1375 3029 quis
1442 2943 1770 3033 patraverit,
1832 2968 2092 3040 adeoque

434 3031 521 3086 vel
547 3033 712 3102 juxta
743 3037 992 3108 rigorem
1025 3041 1188 3115 legis,
1219 3049 1305 3103 vel
1336 3031 1537 3107 mitius
1579 3069 1711 3110 eum
1749 3031 2014 3127 plectere:

507 3122 614 3187 Qui
657 3122 909 3197 aliquem
961 3147 1198 3189 suorum
1246 3145 1624 3209 cognatorum
1657 3145 1739 3198 vel
1775 3148 2090 3204 ascenden-

435 3208 582 3264 tium
616 3213 702 3267 vel
734 3214 1214 3278 descendentium
1246 3208 1576 3298 sustulerit,
1607 3231 1724 3303 igni
1760 3234 2028 3290 traditur.

504 3299 610 3364 Qui
663 3317 1063 3374 aggressorem
1100 3312 1168 3365 de
1198 3314 1313 3368 vita
1344 3332 1450 3372 sua
1480 3299 1817 3389 periclitans
1846 3323 2080 3384 interfe-

429 3391 592 3455 cerit,
626 3395 786 3448 extra
817 3411 1028 3452 noxam
1061 3405 1171 3455 est.

498 3480 553 3534 Si
611 3482 745 3552 quis
807 3491 979 3542 noctu
1045 3489 1334 3548 furantem
1394 3496 1769 3571 interfecerit,
1821 3503 2080 3576 impunis

423 3569 628 3639 evadit,
662 3571 710 3626 si
746 3575 916 3629 modo
949 3577 1098 3634 citra
1127 3597 1299 3638 suum
1345 3587 1668 3656 periculum
1703 3591 1813 3662 ipsi
1846 3610 2081 3664 parcere

421 3655 576 3713 haud
627 3666 862 3730 poterat.
899 3667 1097 3730 Quaere
1143 3670 1201 3726 in
1253 3655 1382 3744 cap.
1410 3676 1445 3730 5
1493 3676 1603 3732 litt.
1642 3655 1806 3748 A,-et
1846 3655 1975 3755 cap.
2006 3688 2077 3740 29

419 3745 530 3801 litt.
567 3752 622 3802 Γ.

491 3837 724 3893 Novella
772 3847 964 3898 autem
1016 3849 1202 3904 sancti
1251 3855 1590 3922 patriarchae
1645 3860 1964 3930 Athanasii,
2017 3870 2073 3919 et

417 3927 765 3982 venerabilis
797 3931 1160 4002 imperatoris
1203 3940 1540 4002 Andronici.
1574 3949 1776 4002 statuit
1807 3965 1938 4005 eum
1973 3969 2070 4008 so-

419 4012 566 4083 lum,
589 4019 684 4084 qui
717 4019 775 4072 in
818 4019 1129 4081 homicidio
1161 4029 1554 4099 deprehensus
1583 4040 1690 4105 est,
1716 4037 1877 4106 juxta
1907 4041 2070 4112 leges

420 4104 609 4169 puniri
645 4121 658 4160 :
692 4106 909 4165 liberos
957 4117 1151 4169 autem
1204 4118 1332 4187 ejus
1385 4138 1498 4176 non
1551 4104 1856 4195 publicari,
1894 4104 2065 4186 modo

417 4190 571 4246 haud
607 4195 821 4250 fuerint
851 4200 1024 4254 caedis
1058 4204 1195 4257 socii
1233 4221 1245 4258 :
1280 4210 1378 4262 sed
1415 4190 1584 4265 bonis
1614 4213 1741 4282 ejus
1767 4190 1935 4284 justa
1967 4236 2065 4274 nu-

417 4297 642 4337 merum
697 4284 946 4343 tiliorum
997 4291 1350 4366 distributis,
1404 4305 1622 4368 partem
1676 4318 1846 4359 unam
1898 4309 2064 4364 etiam

415 4371 605 4427 occiso
653 4375 931 4446 assignat,
966 4381 1215 4439 maxime
1263 4386 1309 4439 si
1359 4389 1496 4443 dum
1531 4390 1753 4462 vixerit,
1790 4398 2061 4468 pauperie

413 4458 738 4529 laborabat,
771 4469 826 4520 et
872 4483 1109 4524 uxorem
1159 4489 1224 4527 ac
1255 4475 1464 4533 liberos
1497 4458 1810 4549 habuit,tet
1842 4458 2058 4543 dunta-

412 4552 510 4604 xat
542 4552 863 4621 portionem
899 4555 1201 4616 homicidae
1232 4564 1453 4622 cedere.

479 4735 584 4799 Qui
616 4736 897 4794 infantem
927 4747 1149 4812 enecat,
1193 4744 1488 4804 homicidii
1523 4767 1690 4822 poma
1716 4755 1963 4811 tenetur.

481 4918 620 4973 Vide
675 4927 727 4975 et
785 4921 932 4978 duas
976 4925 1232 4981 novellas
1272 4927 1638 5000 imperatoris
1688 4933 2054 4993 Constantini

405 5007 978 5085 Porphyrogennetaa,
1014 5031 1114 5086 pro
1165 5017 1439 5087 qualitate
1487 5021 1661 5076 caedis
1709 5022 1852 5078 alias
1881 5029 2054 5097 atque

405 5094 548 5151 alias
591 5114 790 5167 pmnas
839 5103 1229 5174 decernentes,
1281 5112 1338 5161 et
1393 5123 1673 5178 quosnam
1729 5111 2051 5171 homicidas

403 5183 558 5238 haud
589 5187 819 5255 rejicere
841 5197 1082 5262 oportet,
1106 5195 1243 5250 dum
1269 5196 1340 5250 ab
1363 5197 1661 5254 ecclesiam
1688 5202 2046 5275 confugiunt,

402 5287 546 5344 quos
578 5290 712 5331 vero
740 5280 977 5336 omnino
1009 5282 1145 5340 inde
1176 5285 1440 5343 avellere.

465 5509 618 5566 CAP.
709 5512 797 5567 1X.
875 5515 1026 5582 Quod
1112 5522 1455 5590 phytacteria
1543 5527 1724 5594 facere
1811 5527 2043 5586 minime

1097 5601 1330 5661 oportet.

464 5710 711 5766 Consule
739 5727 868 5784 cap.
903 5713 930 5769 1
963 5712 1079 5770 litt.
1113 5714 1190 5772 M.

2221 633 2487 690 τείνεσθαι
2531 635 2615 692 δεῖ
2668 646 2784 705 τοῖς
2834 651 3049 717 γονεῦσι
3111 651 3244 722 μετὰ
3300 658 3407 709 τῶν
3436 655 3729 732 ἐπιτιμίων
3775 664 3857 717 καὶ

2219 725 2282 778 τὸ
2316 724 2438 800 περὶ
2469 728 2567 796 τὴν
2600 726 2976 804 ἐλεημοσύνην
3011 737 3326 814 φιλότιμον.

2921 843 3175 916 Νόμομ

2289 941 2345 991 Ὀ
2377 939 2535 1014 φόνος
2568 943 2672 997 ἀπὸ
2712 941 3002 1011 διαθέσεως
3058 958 3356 1025 σκοπεῖται,
3389 958 3434 1011 εἰ
3486 963 3685 1016 σκοπὸν
3734 957 3859 1039 ἔσχε

2218 1030 2467 1100 φονεῦσαι
2521 1029 2554 1097 ἢ
2607 1028 2668 1085 οὔ
2694 1051 2706 1062 ·
2742 1034 2856 1088 ὅθεν
2901 1029 3042 1090 ἔστιν
3092 1039 3285 1112 εὑρεῖν,
3320 1043 3400 1096 ὅτι
3434 1047 3519 1099 καὶ
3567 1049 3593 1099 6
3626 1047 3855 1121 πλήξας,

2220 1116 2293 1184 μή
2346 1118 2605 1193 φονεύσας
2657 1118 2732 1191 δὲ,
2785 1123 2859 1183 ὡς
2919 1126 3105 1199 φονεὺς
3156 1138 3520 1205 τιμωρεῖται·
3564 1137 3651 1190 καί
3703 1139 3730 1192 ὁ
3764 1161 3855 1215 φο-

2214 1203 2424 1272 νεύσας,
2457 1205 2502 1260 εἰ
2567 1207 2728 1278 μόνον
2770 1206 3009 1282 ἠθέλησε
3049 1214 3272 1286 πλῆξαι,
3306 1203 3366 1273 ού
3411 1231 3735 1297 τιμωρεῖται
3783 1229 3852 1288 ὡς

2213 1292 2437 1368 φονεύς·
2486 1297 2512 1362 ἦ
2567 1293 2622 1350 δὲ
2669 1299 2895 1370 τοιαύτη
2949 1298 3182 1366 διάθεσις
3230 1308 3335 1362 ἀπὸ
3391 1315 3487 1364 τοῦ
3549 1312 3851 1384 πλήξαντος

2211 1381 2436 1454 ὀργάνου
2470 1390 2770 1444 σκοπεῖται.
2808 1391 2906 1445 Καὶ
2947 1386 3057 1446 ἔστι
3094 1399 3189 1448 τοῦ
3245 1399 3341 1468 μὲν
3391 1401 3638 1456 ἑκουσίου
3689 1403 3850 1482 φόνου

2207 1472 2469 1544 τιμωρία,
2529 1471 2616 1527 ἐπὶ
2678 1476 2772 1546 μὲν
2852 1477 3073 1552 ἐντίμου
3149 1485 3525 1557 φονεύσαντος,
3588 1488 3850 1567 δεπορτα-

2207 1643 2343 1719 ξίφει
2401 1648 2489 1700 καὶ
2550 1650 2765 1721 θηρίοις
2824 1649 3252 1727 ὑποϐληθῆναι·
3298 1661 3384 1716 ἐπὶ
3448 1662 3504 1719 δὲ
3563 1672 3658 1721 τοῦ
3719 1671 3847 1723 κατὰ

2208 1733 2462 1806 βλακείαν
2494 1736 2527 1804 ἢ
2563 1737 2820 1809 ἀμέλειαν
2864 1745 3234 1819 φονεύσαντος,
3270 1755 3583 1824 πενιταετὴς
3637 1755 3844 1832 ἐξορία’

2203 1821 2290 1876 ἐπὶ
2322 1820 2377 1878 δὲ
2406 1829 2500 1878 τοῦ
2534 1826 2796 1883 ἀκουσίου
2824 1834 3124 1908 συγγνώμη
3161 1833 3394 1897 δέδοται.

2139 1919 2184 1984 Β

2279 2005 2338 2057 Ὀ
2394 2003 2517 2075 περῖ
2574 2003 2920 2083 ἀνδροφόνων
2969 2013 3138 2086 νόμος
3172 2013 3334 2072 δόλον
3365 2019 3628 2092 ἐπιζητεῖ,
3656 2026 3747 2080 καὶ
3788 2026 3846 2080 οὐ

2211 2089 2453 2162 μεγάλην
2511 2094 2767 2166 ἀμέλειαν
2814 2119 2825 2130 ·
2897 2099 3017 2156 ὅθεν
3071 2101 3158 2158 ἒάν
3213 2129 3294 2168 τις
3343 2109 3519 2165 αὐτῶν
3572 2112 3619 2182 ἐξ
3681 2114 3846 2188 ὕψους

2209 2175 2365 2251 ῥίψας
2409 2180 2442 2248 ἢ
2479 2179 2650 2251 λίθον,
2682 2182 2715 2252 ἢ
2749 2183 2949 2242 κλάδον
2998 2190 3107 2246 ἀπὸ
3159 2190 3402 2269 δένδρου,
3435 2200 3662 2276 φονεύσῃ
3708 2207 3848 2276 τινὰ,

2207 2267 2317 2342 οὐχ
2347 2268 2626 2325 ὑπόκειται
2655 2278 2736 2345 τῷ
2770 2276 2995 2350 παρόντι
3027 2279 3201 2354 νόμῳ.

2276 2447 2408 2505 Οῧτε
2466 2450 2669 2530 ξ’νφανς,
2700 2455 2973 2513 τουτέστιν
3023 2462 3050 2515 6
3111 2461 3396 2534 ἕπταετής,
3426 2466 3548 2523 οὔτε
3597 2472 3625 2524 ὁ
3660 2473 3853 2543 μαινό-

2207 2559 2383 2610 μενος,
2445 2542 2684 2616 φονεύων
2775 2547 3051 2604 ὑπόκειται
3136 2557 3214 2624 τῷ
3296 2556 3419 2629 περὶ
3506 2557 3848 2640 ἀνδροφόνων

2202 2629 2378 2700 νόμῳ.

2272 2718 2330 2772 Ὀ
2381 2718 2760 2795 ἐντειλάμενός
2846 2747 2949 2781 τινι
3026 2735 3304 2805 φονεῦσαι,
3361 2737 3436 2796 ὡς
3493 2741 3686 2816 φονεὺς
3739 2741 3844 2816 κρί-

2201 2825 2365 2864 νεται.

2273 2895 2359 2950 Ἐν
2392 2901 2520 2951 πᾶσι
2551 2905 2666 2961 τοῖς
2698 2900 3010 2978 ἐγκλήμασι
3043 2903 3127 2961 δεῖ
3156 2913 3357 2980 ζητεῖν,
3392 2911 3436 2966 εί
3485 2915 3546 2967 ἓκ
3593 2918 3851 2988 προνοίας

2199 2983 2233 3052 ἢ
2265 2985 2399 3038 κατὰ
2428 2987 2605 3062 τύχην
2637 2989 2849 3065 ἥμαρτὲ
2877 3014 2958 3055 τις
2985 3015 2998 3026 ·
3041 2996 3128 3051 καὶ
3180 2997 3352 3062 οὕτως
3399 3001 3433 3070 ἢ
3483 3004 3617 3057 κατὰ
3648 3007 3846 3080 νόμον,

2197 3070 2232 3140 ἢ
2257 3077 2556 3149 πραοτέραν
2588 3081 2687 3149 τήν
2715 3083 2984 3158 τιμωρίαν
3018 3085 3314 3161 ἐπιφέρειν.

2267 3164 2323 3217 Ὀ
2380 3165 2589 3223 ἀνελὼν
2667 3171 2878 3227 ἀνιόντα
2956 3175 2990 3244 ἢ
3063 3179 3319 3233 κατιόντα
3393 3186 3650 3258 συγγενῆ,
3715 3187 3844 3260 πυρῖ

2114 3284 2156 3351 C
2196 3251 2577 3325 παραδίδοται.

2264 3346 2320 3401 Ὀ
2375 3349 2469 3402 τὸν
2528 3349 2820 3408 ἐπελθόντα
2879 3357 3138 3433 φονεύσας
3191 3361 3243 3416 ἐν
3294 3363 3340 3435 ᾧ
3379 3366 3500 3439 περὶ
3552 3369 3650 3437 τὴν
3695 3371 3842 3438 ζωὴν

2192 3433 2540 3508 ἐκινδύνευεν,
2573 3442 2860 3506 ἀνεύθυνός
2893 3446 3054 3506 ἐστιν.
3413 3522 3416 3523 ν

2262 3525 2385 3581 Ἐὰν
2442 3529 2532 3582 τὸν
2595 3529 2647 3584 ἐν
2702 3535 2849 3588 νυκτί
2907 3535 3211 3594 κλέπτοντα
3269 3542 3501 3618 φονεύσῃ
3559 3567 3665 3613 τις,
3717 3548 3840 3602 τότε

2186 3612 2537 3687 ἀτιμώρητος
2587 3620 2758 3690 μένει,
2791 3624 2880 3677 ὅτε
2933 3625 3009 3696 μὴ
3069 3612 3302 3697 ἠδύνατί)
3355 3612 3487 3706 δίχά
3544 3638 3640 3688 τοῦ
3693 3634 3836 3691 ἰδίου

2184 3701 2430 3759 κινδύνου
2475 3709 2757 3783 φείσασθαι
2821 3711 3005 3772 αὐτοῦ.
3058 3718 3214 3787 Ζήτει
3265 3721 3350 3775 καὶ
3394 3719 3446 3776 ἐν
3495 3727 3575 3794 τῷ
3616 3727 3656 3778 ε’
3714 3747 3832 3801 κεφ.

2182 3797 2276 3845 τοῦ
2308 3801 2348 3846 Λ
2383 3798 2687 3874 στοιχείου,
2722 3802 2783 3854 τὸ
2816 3804 2896 3855 κθ’
2925 3825 3044 3881 κεφ.
3077 3811 3176 3860 τοῦ
3209 3814 3245 3862 Γ
3276 3811 3574 3886 στοιχείου.

2252 3887 2314 3937 Ἠ
2348 3881 2405 3938 δὲ
2432 3889 2596 3959 νεαρά
2642 3894 2738 3942 τοῦ
2787 3891 2946 3965 ἁγίου
2999 3898 3342 3972 πατριάρχου
3372 3901 3690 3958 Ἀθανασίου
3740 3906 3828 3959 καὶ

2177 3975 2273 4023 τοῦ
2329 3971 2589 4046 ἀοιδίμου
2648 3977 2919 4050 βασιλέως
2965 3981 3310 4057 Ἀνδρονίκου
3371 3987 3686 4064 διορίζεται,
3732 3995 3823 4048 τὸν

2178 4060 2326 4133 φόνῳ
2383 4061 2581 4118 ἁλόντα
2641 4067 2799 4121 αὐτὸν
2859 4071 3019 4141 μόνον
3077 4079 3440 4149 τιμωρεῖσθαι
3497 4082 3631 4135 κατὰ
3688 4083 3823 4146 τοὺς

2175 4149 2401 4220 νόμους,
2446 4154 2570 4215 τοὺς
2633 4153 2689 4210 δὲ
2737 4158 2932 4220 παῖδας
2991 4161 3155 4216 αὐτοῦ
3218 4168 3293 4237 μή
3366 4164 3717 4240 δημεύεσθαι,
3750 4172 3822 4245 τῇ

2178 4241 2461 4316 μιαιφονίᾳ
2515 4244 2592 4314 μὴ
2671 4248 3116 4320 σύμπράξαντας”
3182 4253 3546 4329 μεριζομένης
3603 4256 3658 4314 δὲ
3716 4241 3820 4330 τῆς

2172 4326 2338 4382 αὐτοῦ
2369 4333 2680 4404 περιουσίας
2721 4337 2857 4390 κατὰ
2903 4340 2994 4393 τὸν
3042 4339 3272 4414 ἀριθμὸν
3303 4349 3411 4398 τῶν
3445 4347 3655 4401 οἰκείων
3697 4351 3822 4405 παί-

2171 4412 2302 4485 δων,
2333 4418 2590 4492 ἀπονέμει
2655 4422 2779 4496 μίαν
2839 4426 2927 4480 καὶ
2988 4433 3064 4499 τῷ
3110 4433 3414 4506 φονευθέντι
3467 4433 3683 4508 μερίδα,
3726 4440 3818 4493 καὶ

2171 4503 2407 4576 μάλιστα
2462 4509 2507 4562 εἰ
2560 4513 2716 4582 πενίᾳ
2776 4519 2949 4583 συζῶν
3015 4517 3105 4585 ἦν,
3172 4522 3256 4574 καὶ
3309 4520 3396 4576 ἐπὶ
3457 4526 3664 4597 γυναικί
3725 4528 3817 4582 καὶ

2086 4644 2134 4708 D
2169 4596 2350 4648 παισὶν
2411 4597 2656 4667 ἀπῆλθε·
2723 4603 2893 4674 μόνην
2953 4601 3010 4660 δὶ
3064 4609 3163 4677 τήν
3216 4613 3313 4664 τοῦ
3362 4613 3571 4689 φονέως
3621 4615 3817 4689 μερίδα

2168 4684 2388 4708 _-A_.‘.
2491 4692 2516 4702 ν
2558 4691 2584 4708 Α
2713 4695 2740 4705 "’
2787 4689 2811 4708 δ
2979 4695 2990 4708 ¹

2164 4684 2643 4760 προσκληροῢσθαι
2676 4695 2752 4762 τῷ
2783 4689 3063 4767 δημοσίῳ.

2234 4774 2335 4828 Καὶ
2371 4775 2398 4828 ὁ
2425 4776 2487 4830 τὸ
2527 4779 2723 4848 νήπιον
2766 4780 3047 4859 φονεύσας,
3083 4788 3329 4862 τιμωρίᾳ
3381 4787 3541 4866 φόνοι)
3588 4791 3810 4849 ῢπόκει-

2160 4883 2268 4919 ται.

2229 4955 2384 5024 Ζήτει
2417 4957 2624 5020 καὶτὰς
2658 4956 2752 5014 δύο
2797 4963 2987 5034 νεαρὰς
3035 4967 3135 5018 τοῦ
3193 4963 3463 5038 βασιλέως
3516 4976 3807 5026 Κώνσταν-

2153 5044 2300 5097 τίνου
2347 5050 2443 5100 τοῦ
2501 5055 3015 5126 πορφυρογεννήτου
3080 5057 3218 5110 κατὰ
3297 5059 3396 5127 τήν
3471 5065 3568 5114 τοῦ
3633 5063 3801 5134 φόνου

2153 5135 2442 5208 ποιότητα,
2500 5135 2791 5217 διαφόρους
2851 5143 2937 5196 καί
3001 5145 3093 5205 τὰς
3147 5149 3416 5218 τιμωσὶας
3474 5152 3801 5222 νομοθετού-

2152 5241 2286 5284 σας⁶
2322 5226 2407 5278 καὶ
2468 5226 2615 5287 τίνας
2676 5226 2758 5281 δεῖ
2815 5235 2922 5285 τῶν
2987 5234 3191 5310 φονέων
3237 5238 3672 5314 προσφεύγοντας
3729 5244 3797 5313 τῇ

2148 5309 2412 5383 ἐκκλησίᾳ
2472 5317 2547 5386 μὴ
2613 5312 2922 5392 ἐκϐάλλειν,
2980 5309 3069 5376 καὶ
3128 5324 3276 5386 τίνας
3354 5309 3584 5405 ἀφειδῶς
3661 5309 3798 5384 cirro-

2149 5421 2306 5470 σπᾳν.

2147 5528 2404 5582 ΚΕΦΑΛ.
2448 5531 2526 5584 6'.
2566 5531 2715 5585 ’Ὀτι
2774 5531 2846 5585 οὗ
2896 5531 2999 5589 δεῖ
3059 5536 3490 5615 φυλακτήρια
3541 5547 3790 5600 ποιεῖν·

2216 5722 2374 5795 Ζήτει
2412 5723 2474 5780 τὸ
2503 5725 2554 5779 α’
2580 5746 2699 5804 κεφ.
2725 5730 2823 5784 τοῦ
2853 5735 2898 5785 Λ
2930 5731 3228 5807 στοιχείου.
