4092 6300
269 401 376 464 189

1285 403 1716 464 SYNTAGMA
1769 402 2393 466 ALPHABETICUM.
2440 437 2518 448 —
2562 403 2634 462 X.

3565 404 3679 463 190

263 540 519 588 ΚΕΦΔΛ.
563 535 621 588 1'.
667 534 827 604 Περὶ
870 537 994 586 τῶν
1043 533 1104 587 ἐν
1156 534 1414 611 φυλακῇ
1464 533 1903 610 κατακρίτων.

2093 536 2246 592 CAP.
2277 537 2340 590 X.
2370 537 2442 591 De
2472 536 2745 591 damnatis
2765 537 2861 607 qui
2889 537 2946 590 in
2979 551 3199 591 currere
3217 541 3528 592 servantur.

330 624 488 690 Ζήτει
524 621 575 676 ἐν
607 627 687 692 τῷ
742 624 809 676 ια’
838 620 1115 700 κεφαλαίῳ
1161 628 1258 678 τοῦ
1305 631 1343 678 Τ
1387 625 1664 698 στοιχείου
1715 623 1915 677 κανόνα

259 715 310 788 γ’
344 716 447 765 τοῦ
479 711 703 768 Φωτίου
750 711 1408 783 Κωνσταντινουπόλεως,
1439 715 1529 768 καὶ
1580 714 1643 767 τὸ
1699 715 1760 782 ιζ’
1791 734 1912 792 κεφ.

253 805 358 855 τοῦ
400 808 437 856 Ε
471 800 775 876 στοιχείου.

973 891 1213 962 Νόμος

333 981 455 1052 Χρή
498 979 626 1041 τοὺς
677 980 946 1055 ἄρχοντας
995 979 1130 1034 κατᾶ
1181 982 1450 1054 Κυριακὴν
1502 980 1914 1037 ἐπισκέπτεσθαι

256 1072 398 1132 τοὺς
444 1069 496 1124 ἐν
549 1068 791 1148 φυλακῇ,
841 1069 929 1124 καὶ
980 1068 1202 1145 ὁρίζειν,
1243 1069 1332 1124 ’ίνα
1381 1071 1769 1146 φιλανθρώπως
1829 1070 1914 1124 αὐ-

254 1164 382 1219 τοῖς
418 1161 467 1212 οἱ
501 1157 740 1231 φυλάκες
771 1163 1040 1234 χρῶνται,
1073 1158 1163 1212 καὶ
1193 1160 1397 1237 τροφὰς
1431 1159 1617 1223 αὐτοῖς
1667 1161 1916 1235 ἀπορου-

256 1249 456 1320 μένοις
487 1246 744 1306 ἐπινοεῖν.

662 1362 847 1412 ΑΡΧΗ
886 1361 1010 1411 ΤΟΥ
1047 1364 1089 1412 Χ
1132 1363 1512 1414 ΣΤΟΙΧΕΙΟΥ.

257 1445 649 1520 ΚΕΦΑΛηΑί
712 1447 924 1507 Ὅπως
981 1447 1043 1499 αἱ
1098 1450 1224 1520 τῶν
1282 1448 1916 1520 χειροτονουμένων

332 1517 987 1593 ἐπισκᾴπων-ψῆροι
1044 1517 1369 1593 γίνονται,
1405 1517 1536 1593 καὶ
1595 1519 1744 1591 περὶ
1797 1527 1911 1588 τῆς

327 1586 703 1664 γινομένης
744 1586 806 1642 ἐν
847 1586 1122 1650 τάύταίς
1161 1589 1569 1664 ἀντιλογίας.

329 1697 397 1752 Ὀ
429 1693 478 1748 δ’
511 1695 686 1748 κανὼν
736 1701 834 1763 τῆς
869 1697 1093 1768 πρώτης
1141 1693 1370 1750 συνόδου
1420 1698 1554 1751 κατὰ
1603 1697 1754 1772 ῥῆμά
1803 1721 1911 1774 φη-

259 1807 366 1853 σιν,
437 1785 738 1838 ἐπίσκοπον
798 1786 1092 1859 προσήκειν
1155 1783 1393 1858 μάλιστα
1455 1787 1548 1858 μὲν
1614 1788 1717 1841 ὑπὸ
1779 1787 1910 1842 πάν-

258 1897 368 1929 των
402 1879 517 1930 τῶν
569 1873 622 1927 ἐν
652 1878 718 1947 τῇ
768 1873 1011 1953 ἐπαρχίᾳ
1058 1875 1402 1929 καθίστασθαι
1439 1895 1450 1906 ’

259 1966 346 2038 pic
379 1963 466 2034 εἴη
501 1964 564 2017 τὸ
610 1969 860 2018 τοιοῦτον
894 1964 928 2031 ἢ
983 1961 1070 2017 διὰ
1114 1963 1528 2040 κατεπείγουσαν
1573 1965 1840 2039 ἀνάγκην,
1873 1968 1908 2035 ἢ

259 2051 346 2107 διά
404 2061 589 2124 μῆκος
639 2051 787 2123 ὁδοῦ,
830 2051 1124 2123 ἐξάπαντος
1174 2059 1318 2126 τρεῖς
1369 2054 1456 2108 ἐπὶ
1502 2055 1564 2108 τὸ
1608 2054 1736 2109 αὐτὸ
1785 2077 1911 2110 συν-

260 2141 594 2216 αγομένους,
639 2143 947 2219 συμψήφων
995 2143 1298 2216 γινομένων
1343 2143 1434 2196 καί
1483 2147 1590 2198 τῶν
1640 2142 1910 2216 ἀπόντων,

259 2231 345 2284 καὶ
381 2229 784 2301 συντιθεμένων
819 2228 908 2284 διὰ
955 2232 1320 2304 γραμμάτων,
1349 2232 1471 2286 τότε
1511 2233 1610 2300 τήν
1656 2251 1910 2306 χειροτο-

261 2321 373 2372 νίαν
407 2321 692 2373 ποιεῖσθαι
727 2336 741 2350 ⁸
773 2319 837 2372 τὸ
889 2316 943 2373 δέ
975 2323 1138 2392 κῦρος
1167 2323 1273 2374 τῶν
1311 2321 1611 2395 γινομένων
1665 2319 1912 2375 δίδοσθαι

265 2411 373 2462 καθ’
419 2411 656 2476 ἑκάστην
701 2406 972 2483 ἐπαρχίαν
1019 2414 1099 2480 τῷ
1159 2408 1564 2484 μητροπολίτῃ.
1627 2412 1912 2483 Ἑπικύροῖ

270 2499 365 2571 γαρ
413 2500 583 2558 οὗτος
633 2497 726 2558 τὰς
780 2499 1021 2574 ψήφους,
1051 2495 1144 2552 ἕνα
1189 2497 1297 2552 τῶν
1343 2498 1719 2576 ψηφισθέντων
1770 2499 1912 2554 ἐκλε·

275 2586 522 2662 γὸμενος,
574 2586 666 2640 καὶ
717 2591 1050 2660 χειροτονῶν
1097 2589 1214 2660 μεθ’
1263 2588 1458 2662 ἑτέρων
1507 2586 1601 2644 δύο
1659 2587 1693 2656 ἢ
1741 2593 1910 2662 τριῶν

270 2676 607 2731 ἐπισκόπων.
669 2675 732 2731 Εἰ
793 2672 849 2729 δὶ
903 2679 938 2745 ἡ
1014 2680 1111 2730 τοῦ
1191 2677 1608 2750 μητροπολίτου
1676 2679 1912 2753 ἐπαρχία

263 2770 525 2820 τοσοῦτον
579 2765 890 2820 ἐπισκόπων
946 2763 1143 2826 ἐνδεῶς
1199 2761 1345 2840 ἔχοι,
1412 2767 1502 2821 καὶ
1569 2766 1618 2836 ἐξ
1673 2765 1913 2823 ἀλλοδα-

260 2859 368 2923 πῆς
400 2850 854 2928 προσλαμϐάνειν
881 2856 1059 2930 χρεὼν
1107 2853 1186 2918 ε’ίς
1219 2877 1274 2910 τε
1303 2857 1398 2918 τὰς
1429 2858 1643 2933 ψήφους
1692 2859 1780 2911 καὶ
1809 2859 1908 2926 τήν

260 2944 646 3019 χειροτονίαν.

329 3033 566 3093 Τούτοις
598 3031 686 3086 καὶ
741 3033 767 3086 ὁ
803 3033 874 3107 ιγ’
903 3038 1003 3100 τῆς
1052 3030 1104 3086 ἐν
1148 3031 1450 3106 Καρθαγένῃ
1503 3032 1907 3110 ἐπιψηφίζεται.

260 3123 323 3176 Εἰ
371 3122 430 3176 δέ
481 3143 588 3190 τις,
640 3123 795 3200 φησί,
828 3126 896 3195 τῇ
949 3119 1056 3192 ἰδίᾳ
1106 3122 1378 3196 ὁμολογίᾳ
1425 3122 1459 3191 ἢ
1508 3127 1576 3196 τῇ
1623 3125 1913 3200 ὑπογραφῇ

258 3211 630 3274 ἐναντιωθείν,
683 3211 840 3272 αὐτὸς
891 3213 1005 3265 καθ’
1066 3212 1258 3265 ἑαυτοῦ
1313 3213 1412 3280 τὴν
1475 3210 1628 3281 δίκην
1679 3212 1909 3289 ἐκφέρει,

1505 1875 1550 1930 εί
1587 1874 1670 1973 ‘8‘:-
1708 1874 1910 1973 δυσχεζ-
1942 1908 1990 1973 Β

2095 625 2238 679 Vide
2260 626 2316 678 in
2342 642 2467 696 cap.
2503 626 2590 679 11.
2614 624 2728 680 litt.
2759 626 2804 679 T
2839 641 3119 681 canouem
3151 626 3185 679 3
3216 625 3404 681 Photii
3436 626 3675 697 patriar-

2023 712 2163 769 chae.
2187 713 2838 785 Constantinopolitani,
2870 721 2924 770 et
2957 715 3020 769 17
3051 730 3176 786 cap.
3210 715 3323 770 litt.
3357 715 3419 770 E.

2767 895 2895 950 Lex.

2094 984 2331 1055 Oportet
2353 984 2731 1054 magistratus
2765 981 2970 1038 diebus
2999 981 3317 1038 Dominicis
3337 984 3570 1040 visitare
3591 984 3672 1038 in-

2025 1077 2370 1139 carceratos,
2397 1075 2454 1126 et
2477 1071 2685 1142 jubere
2715 1074 2983 1128 custodes
3015 1072 3345 1127 humaniter
3381 1073 3537 1144 ipsos
3559 1077 3674 1128 tra-

2021 1166 2205 1227 ctare,
2229 1166 2284 1217 et
2315 1177 2518 1217 curare
2551 1167 2615 1216 ut
2643 1162 2832 1216 victus
2856 1161 2926 1215 iis
2959 1161 3352 1233 indigentibus
3384 1162 3669 1218 submini-

2024 1256 2261 1308 stretur.

2378 1358 2530 1415 259
2559 1357 2836 1413 lNITIUM
2868 1357 3202 1412 LlTTER/E
3235 1357 3304 1411 Χ.

2023 1447 2176 1504 CAP.
2212 1448 2254 1502 ῐ.
2279 1449 2530 1516 Quanam
2567 1450 2780 1503 ratione
2807 1447 3243 1502 ογάὶηαηιίονιιηι
3296 1449 3672 1517 episcoporum

2094 1520 2566 1603 ﬁuntelectiones,
2600 1519 2745 1576 etde
2778 1520 2961 1574 litibus
2991 1533 3116 1591 qua:
3166 1521 3318 1573 circa
3375 1519 3500 1575 illo:
3541 1519 3673 1575 obo-

2093 1601 2340 1646 riunlur.

2092 1698 2334 1754 Concilii
2365 1699 2533 1769 primi
2587 1714 2770 1754 canon
2822 1703 3068 1770 quartus
3108 1698 3324 1753 diserte
3363 1698 3672 1769 dicit,epi-

2021 1804 2258 1860 scopum
2289 1793 2552 1857 Oportsre
2586 1788 2835 1844 maxime
2867 1788 3094 1860 quidem
3123 1788 3196 1842 ab
3255 1787 3529 1843 omnibus
3573 1787 3668 1859 qui

2021 1881 2160 1932 sunt
2189 1877 2246 1933 in
2273 1877 2570 1949 provincia
2615 1877 2888 1932 constitui
2914 1893 2926 1932 :
2957 1877 3005 1933 si
3037 1879 3231 1932 autem
3278 1877 3386 1932 hoc
3435 1877 3673 1932 difﬁcile

2020 1967 2115 2033 sit,
2140 1968 2226 2022 vel
2261 1975 2496 2040 propter
2526 1972 2829 2039 urgentem
2863 1967 3294 2034 necessitatem,
3330 1968 3413 2024 vel
3440 1976 3672 2040 prapter

2021 2056 2124 2111 vim
2155 2056 2606 2128 longitudinem,
2642 2061 2758 2112 tres
2788 2057 3029 2112 omnino
3059 2057 3333 2112 eumdem
3375 2057 3436 2112 in
3476 2056 3668 2112 locum

2021 2150 2422 2218 congregatos,
2455 2145 2802 2201 absentibus
2833 2161 3064 2217 quoque
3093 2145 3444 2216 suffragium
3488 2146 3684 2201 feren—

2022 2235 2198 2302 tibus,
2233 2235 2581 2307 scriptisque
2601 2235 3068 2300 assentientibus,
3094 2238 3236 2289 tunc
3254 2234 3678 2290 ordinationem

2025 2323 2209 2378 facere
2242 2339 2254 2377 :
2290 2340 2489 2379 eorum
2516 2328 2710 2379 autem
2732 2340 2855 2392 qua:
2887 2333 3142 2396 aguntur
3170 2324 3674 2379 conﬁrmationem

2023 2411 2084 2467 in
2142 2427 2489 2483 unaquaque
2547 2412 2844 2484 provincia
2928 2430 2961 2467 a
3031 2412 3476 2482 metropolitano
3528 2413 3673 2467 ﬁeri.

2024 2501 2342 2557 Conﬁrmat
2383 2501 2538 2556 enim
2595 2501 2704 2556 iste
2751 2501 3047 2572 suffragia,
3081 2502 3335 2569 seligens
3381 2517 3449 2556 ex
3479 2501 3674 2557 electis

2026 2590 2298 2662 aliquem,
2360 2607 2611 2662 eumque
2667 2607 2796 2646 cum
2859 2591 3088 2647 duobus
3143 2591 3275 2647 aliis
3332 2597 3434 2646 aut
3492 2592 3674 2647 tribus

2025 2679 2314 2750 episcopis
2363 2696 2735 2740 consecrans.
2787 2680 3203 2735 Verumtamen
3271 2681 3321 2735 si
3381 2682 3675 2752 provincia

2024 2768 2454 2839 metropolitani
2503 2768 2907 2840 episcoporum
2969 2769 3211 2840 penuria
3254 2769 3496 2839 laboret,
3528 2787 3675 2842 cpus

2023 2867 2108 2913 est
2138 2859 2308 2914 etiam
2341 2875 2409 2913 ex
2467 2858 2660 2914 aliena
2716 2859 2974 2929 accipere
3029 2863 3148 2912 tam
3201 2859 3272 2914 ad
3331 2857 3673 2916 electionem

2024 2963 2199 3017 quam
2223 2946 2652 3002 ordinationem
2686 2947 3070 3018 peragendae.

2090 3037 2219 3093 Haec
2249 3039 2426 3092 etiam
2460 3036 2802 3108 comprobat
2840 3054 2976 3092 can.
3007 3036 3071 3091 13
3132 3036 3369 3092 concilii
3421 3037 3660 3094 Cartht-

2023 3126 2304 3196 ginensis.
2351 3125 2408 3180 Si
2476 3125 2862 3196 quis,inquit,
2893 3125 3185 3196 propriam
3243 3124 3667 3180 confessionem

2020 3215 2106 3270 vel
2138 3215 2630 3286 subscriptionem
2661 3220 2862 3269 contra
2906 3215 3119 3285 fecerit,
3155 3215 3431 3269 adversus
3461 3223 3669 3269 semet-

261 3301 628 3374 στερούμενος
673 3303 772 3364 τῆς
826 3297 963 3361 ἰδίας
1013 3307 1201 3372 τιμῆς.
1257 3299 1532 3355 Δείκνυται
1593 3299 1650 3356 δὲ
1707 3303 1766 3356 ἐκ
1803 3307 1908 3356 τῶν

2034 3309 2216 3375 Ipsum
2259 3284 2552 3374 judicium
2608 3303 2733 3371 fert,
2765 3319 2900 3359 cum
2961 3284 3177 3358 honore
3235 3320 3342 3359 suo
3392 3303 3667 3372 privatur.

264 3391 534 3460 κανόνων,
579 3390 654 3461 μή
705 3389 944 3462 νόμιμον
993 3390 1123 3444 εἶναι
1181 3389 1272 3443 τὸν
1331 3389 1749 3464 μητροπολίτην
1793 3396 1910 3454 ταῖς

267 3482 477 3555 ψήφοις
511 3483 622 3533 τῶν
663 3479 752 3532 ὑπ’
796 3477 957 3532 αὐτὸν
1004 3478 1307 3553 ἀρχιερέων
1358 3485 1736 3553 συμπαρεῖναι,
1769 3481 1915 3536 ἀλλὰ

272 3569 477 3641 μόνουε
511 3566 638 3628 τοὺς
672 3565 1024 3630 ἐπισκόπους.

340 3662 353 3679 ε
439 3654 483 3674 δε
580 3663 608 3673 ο
680 3655 695 3676 9
1142 3657 1154 3674 ο
1312 3659 1326 3674 ι
1477 3659 1491 3678 \
1551 3657 1564 3676 τ
1629 3664 1652 3674 -ι
1723 3658 1734 3678 ο

359 3659 406 3714 Ο
436 3677 497 3711 οε
543 3677 644 3725 της
675 3676 731 3710 εν
776 3655 1068 3728 Λαοδικείᾳ
1115 3679 1139 3711 ε
1195 3677 1374 3711 κανων
1422 3679 1499 3730 μη
1548 3658 1733 3729 εξειναι
1783 3681 1914 3736 φησι

269 3752 347 3816 τῷ
383 3745 714 3819 βουλομένῳ
745 3747 901 3801 παντὶ
933 3750 1002 3818 τῇ
1033 3748 1194 3819 ψήρῳ
1222 3752 1320 3800 τοῦ
1373 3745 1675 3818 μέλλοντος
1721 3768 1916 3823 χειρο-

272 3838 547 3892 τονεῖσθαι
606 3841 855 3907 παρεῖναι
891 3851 906 3866 ⁸
965 3835 1282 3909 ἐγκλήματα
1333 3838 1433 3911 γὰρ
1492 3835 1600 3891 ἔσθ’
1649 3839 1736 3892 ὅτε
1787 3841 1921 3893 κατά

271 3948 429 3980 τινων
463 3925 518 3979 ἐν
551 3930 632 3995 τῷ
679 3926 827 3997 μέσῳ
863 3921 1148 3997 συμϐαίνει
1193 3929 1474 3994 κινεῖσθαι,
1508 3927 1595 3980 καὶ
1645 3935 1744 3996 τῆς
1797 3947 1922 4002 χει-

273 4017 522 4090 ροτονίας
568 4013 703 4075 ’ίσως
756 4015 950 4076 αὐτοὺς
994 4016 1320 4093 ἀπείργοντα
1354 4037 1366 4049 ·
1419 4019 1504 4071 καί
1554 4017 1598 4072 εἰ
1648 4020 1723 4089 μὴ
1774 4018 1922 4072 ἀνέκ-

269 4127 410 4183 popa:
452 4109 572 4166 τοῖς
623 4103 861 4166 πολλοῖς
907 4104 994 4175 ε’ίη
1043 4109 1232 4178 ταῦτα,
1281 4107 1438 4168 αὐτὸς
1497 4108 1590 4180 μὲν
1655 4108 1920 4182 αἰσχύνην

269 4195 462 4257 αὐτοῖς
493 4193 725 4270 ὀφλήσει
775 4196 862 4249 καὶ
895 4197 1130 4270 γέλωτα,
1160 4198 1247 4250 καὶ
1299 4198 1412 4269 ἅμα
1458 4200 1744 4271 προτροπή
1784 4200 1921 4273 πρὸς

266 4286 464 4339 κακίαν
526 4282 710 4344 αὐτοῖς
768 4287 935 4338 τοῦτο
994 4285 1323 4357 γενήσεται·
1390 4283 1922 4364 βλασφημηθήσεται

268 4372 326 4428 δὲ
355 4375 420 4427 τὸ
454 4377 614 4427 Θεῖον
645 4371 780 4447 πρὸς
814 4378 921 4427 τῶν
957 4374 1032 4444 μή
1083 4373 1269 4435 καλῶς
1310 4371 1678 4448 ἓνιδρυμένων
1711 4378 1780 4449 τῇ
1830 4377 1922 4431 πί-

268 4483 410 4532 στει,
470 4458 656 4534 ὥσπερ
716 4459 817 4534 ἄρα
878 4458 965 4514 διὰ
1015 4463 1120 4515 τῶν
1179 4463 1374 4536 ἀρετῆς
1444 4463 1926 4536 μεταποιούμένων

270 4551 581 4621 δοξάζεται.

2021 3393 2356 3450 Ostenditur
2413 3397 2607 3447 autem
2663 3407 2732 3448 ex
2797 3393 3140 3459 canouibus,
3191 3393 3335 3447 haut
3391 3391 3561 3448 licere
3610 3397 3674 3447 ut

2024 3481 2507 3554 metropolitanus
2567 3482 2942 3537 electionibus
2974 3481 3534 3551 archiepiscoporum
3561 3481 3669 3536 sibi

2024 3572 2421 3641 subjectorum
2455 3571 2704 3632 intersit,
2738 3571 2837 3626 sed
2862 3570 3117 3643 episcopi
3149 3571 3274 3628 soli.

2096 3662 2290 3716 Canon
2331 3676 2458 3714 vero
2503 3660 2746 3731 quintus
2791 3660 2993 3730 synodi
3061 3661 3396 3715 Laodiceam
3451 3676 3563 3714 non
3604 3658 3668 3712 li-

2026 3765 2154 3805 cere
2182 3749 2371 3819 inquit
2398 3749 2579 3804 cuivis
2609 3748 2818 3805 volenti
2851 3749 3114 3804 electioni
3161 3749 3466 3804 ordinandi
3497 3749 3664 3803 ades-

2028 3853 2089 3894 se
2123 3855 2136 3890 :
2171 3837 2454 3907 contingit
2481 3839 2636 3892 enim
2670 3854 3092 3908 nonnunquam
3122 3842 3184 3890 ut
3226 3837 3662 3892 criminationes

2029 3928 2303 3983 adversus
2334 3926 2628 3998 aliquosin
2656 3927 2913 3981 medium
2947 3927 3328 3994 proferantur,
3347 3943 3473 3997 quas
3504 3927 3664 3998 ipsos

2031 4016 2176 4071 forte
2231 4016 2304 4070 ab
2361 4017 2727 4070 ordinatione
2775 4016 3083 4085 prohibere
3131 4017 3362 4080 debent,
3422 4017 3565 4070 adeo
3609 4022 3672 4069 ut

2032 4105 2144 4160 nisi
2169 4121 2235 4160 ea
2264 4105 2489 4174 plebem
2512 4105 2744 4164 lateant,
2779 4105 2899 4173 ipse
2930 4104 3340 4160 contumeliam
3374 4105 3676 4174 risumque

2032 4195 2182 4266 apud
2217 4193 2316 4248 illo
2350 4195 2626 4259 movebit,
2649 4198 2822 4265 atque
2858 4193 2978 4248 haec
3035 4209 3126 4248 res
3196 4195 3292 4248 ﬁet
3338 4193 3679 4250 incitamen-

2031 4289 2157 4340 tum
2227 4282 2515 4338 malorum
2560 4299 2574 4349 ;
2625 4287 2798 4353 atque
2860 4301 2890 4336 a
2941 4300 3054 4338 non
3106 4284 3250 4338 bene
3311 4283 3555 4337 ﬁrmatis
3612 4283 3670 4336 in

2033 4374 2146 4430 ﬁde
2165 4372 2671 4442 blasphemabitur
2701 4388 2911 4427 nomen
2947 4373 3068 4440 Dei,
3101 4374 3253 4427 sicut
3294 4387 3391 4441 per
3445 4387 3541 4426 eos
3571 4372 3672 4442 qui

2033 4462 2355 4518 secundum
2386 4462 2656 4517 virtutem
2689 4461 2910 4529 vivunt,
2938 4461 3311 4534 gloriﬁcatur.

339 4641 419 4694 Τὰ
446 4641 588 4694 αὐτὰ
618 4639 706 4694 καὶ
747 4640 774 4693 ὁ
822 4645 922 4708 τῆς
953 4638 1005 4693 ἐν
1052 4639 1360 4715 ’Δντιοχείᾳ
1403 4643 1466 4695 ιθ¹
1516 4642 1690 4695 κανὼν
1742 4639 1914 4716 διορί·

2110 4645 2318 4701 Eadem
2341 4649 2428 4700 est
2475 4660 2658 4699 canon
2693 4645 2759 4698 19
2789 4643 3014 4700 concilii
3057 4643 3394 4699 Antiocbsni
3453 4641 3672 4697 consti-

272 4738 446 4800 ζεται,
498 4733 746 4801 παρεῖναι
797 4725 908 4782 δεῖν
967 4730 1393 4804 προηγουμένως
1446 4728 1616 4804 λέγων
1663 4730 1753 4785 τὸν
1805 4753 1921 4803 μη·-

268 4817 622 4893 τροπολίτην
670 4822 772 4888 τῇς
819 4816 1082 4892 ἐπαρχίας
1130 4823 1198 4892 τῇ
1249 4821 1420 4896 ψήφῳ
1465 4823 1560 4874 τοῦ
1611 4818 1917 4892 μέλλοντος

270 4907 735 4983 χειροτονεῖσθαι,
788 4904 917 4983 οὐχὲ
973 4909 1052 4977 τῷ
1109 4913 1470 4980 συμπαρεῖναι
1526 4913 1642 4971 τοῖς
1703 4905 1920 4963 ἐπισκό-

268 5018 425 5059 ποις,
487 4994 636 5051 ἀλλὰ
691 5000 770 5068 τῷ
829 4994 1133 5068 ἐπιτρέπειν
1163 5011 1178 5026 ⁶
1241 4996 1419 5071 χωρὶς
1467 4997 1565 5070 γὰρ
1609 5003 1708 5066 τῆς
1757 4996 1921 5052 αὐτοῦ

268 5089 578 5161 ἐπιτροπῆς
639 5088 850 5160 ψήρους
904 5085 1144 5160 γενέσθαι
1201 5083 1480 5143 ἀδύνατον.
1535 5088 1666 5143 Εἶτα
1721 5087 1919 5149 πάντας

271 5177 403 5238 τοὺς
463 5179 562 5246 τῆς
617 5175 784 5245 αὐτῆς
841 5175 1110 5249 ἐπαρχίας
1173 5175 1498 5238 ἐπισκόπους
1548 5176 1921 5250 μετακλητους

272 5267 674 5344 γεγενημένους
722 5263 793 5319 δι’
841 5262 1146 5319 ἐπιστολῶν
1189 5270 1285 5318 τοῦ
1340 5265 1774 5337 μητροπολίτου.
1823 5268 1919 5322 Καὶ

275 5356 497 5432 βέλτιον
547 5357 642 5429 μὲν
698 5355 824 5417 τοὺς
885 5356 1089 5416 πάντας
1140 5358 1394 5410 συνιέναι.
1448 5355 1504 5410 Εἰ
1565 5353 1619 5410 δὲ
1670 5354 1919 5430 δισχερὲς

271 5446 361 5516 ε’ίη
411 5450 596 5517 τοῦτο,
644 5444 774 5507 τοὺς
834 5449 968 5520 γοῦν
1027 5442 1252 5506 πλείους
1309 5449 1554 5519 παρεῖναι
1611 5443 1736 5500 δεῖ·
1792 5446 1919 5508 τοὺς

273 5535 460 5607 μέντοι
509 5533 582 5590 δι’
626 5535 928 5612 ἀναγκαίας
987 5532 1161 5595 αἰτίας
1225 5537 1300 5605 μὴ
1349 5535 1778 5604 ἀπαντήσαντας,
1832 5533 1920 5590 διὰ

269 5626 612 5701 γραμμάτων
694 5630 812 5685 τοῖς
899 5623 1303 5696 πεπραγμένοις
1389 5621 1759 5699 ἐπιψηφίζειν,
1828 5624 1916 5678 καὶ

275 5714 418 5769 οὕτω
449 5715 683 5789 γίνεσθαι
714 5716 819 5782 τήν
868 5711 964 5779 τῆς
993 5714 1182 5789 ψήφου
1228 5711 1543 5767 κατάστασιν
1576 5731 1588 5744 ·
1634 5711 1694 5767 ἂν
1739 5711 1798 5768 δὲ
1839 5715 1914 5786 μὴ

2030 4734 2177 4801 tuit;
2211 4734 2496 4806 precipue
2553 4735 2752 4789 adesse
2809 4736 3082 4804 oportere
3129 4732 3328 4788 dicens
3396 4736 3676 4802 metropo-

2031 4823 2272 4879 litanum
2333 4822 2642 4895 provincias
2709 4822 2976 4877 electioni
3025 4821 3283 4893 episcopi
3341 4818 3676 4885 ordinandi,

2031 4928 2145 4968 non
2177 4912 2413 4983 quidem
2448 4912 2518 4966 ad
2543 4911 2982 4983 suffragandum
3025 4927 3143 4966 una
3173 4926 3305 4965 cum
3357 4907 3668 4980 episcopis,

2030 5003 2126 5056 sed
2188 5002 2256 5056 ad
2309 5001 2723 5056 moderandum
2782 5017 2795 5055 :
2855 5001 2980 5055 sine
3020 5001 3186 5069 cujus
3263 4997 3674 5065 permissione-

2029 5089 2336 5146 electiones
2369 5090 2488 5145 ﬁeri
2530 5096 2838 5161 nequeant.
2870 5089 3016 5144 Tum
3075 5103 3268 5142 omnes
3314 5085 3500 5159 ipsius
3549 5098 3676 5155 pro-

2027 5179 2226 5236 vincia:
2240 5179 2540 5250 episcopos
2559 5179 2773 5234 litteris
2806 5177 3234 5248 metmpolitani
3258 5181 3673 5240 convocantur,

2029 5269 2345 5339 etquidem
2392 5268 2597 5323 melius
2664 5270 2753 5322 est
2808 5267 2853 5321 si
2898 5282 3100 5320 omnes
3153 5265 3523 5320 conveniunt.
3572 5263 3671 5317 Sin

2028 5373 2161 5412 vero
2195 5358 2299 5412 hoc
2330 5356 2566 5411 difﬁcile
2599 5356 2787 5418 fuerit,
2822 5355 3015 5424 plures
3042 5358 3234 5410 tamen
3272 5354 3475 5407 adesse
3505 5367 3673 5422 Opus,

2026 5445 2111 5500 vel
2155 5446 2391 5500 demum
2451 5445 2553 5499 hos
2596 5444 2695 5516 qui
2742 5444 2814 5498 ob
2882 5458 3089 5498 causas
3139 5441 3492 5496 necessarias
3553 5455 3669 5494 non

2028 5535 2261 5599 adeunt,
2296 5550 2395 5605 per
2440 5534 2660 5589 litteras
2706 5532 2790 5588 eis
2847 5548 2976 5602 qum
3017 5534 3237 5588 decreta
3276 5536 3412 5586 sunt
3456 5541 3668 5583 assen—

2025 5625 2155 5690 tire,
2189 5629 2247 5679 et
2277 5624 2360 5679 sic
2386 5624 2581 5692 perﬁci
2603 5620 2941 5678 electionem
2977 5640 2990 5677 :
3023 5623 3114 5677 sin
3150 5637 3279 5676 vero
3328 5634 3495 5674 secus
3541 5617 3662 5684 ﬁat,

2029 5713 2251 5769 nullam
2279 5712 2449 5783 plane
2479 5728 2604 5766 esse
2639 5710 3081 5766 ordinationem.
3108 5707 3277 5778 Atqui
3298 5707 3345 5762 si
3366 5705 3661 5772 canonice,
