4092 6300
441 403 553 462 191

1735 409 2105 472 ΜΑΤΤΗΑΞῙ
2153 410 2452 472 BLASTA
2465 410 2586 472 RIS

3722 417 3840 474 192

448 545 510 592 ιιι
531 538 802 607 diximus,
827 556 917 595 res
950 545 1279 612 peragatur,
1301 547 1358 598 et
1389 546 1654 602 nonnulli
1683 547 2080 618 episcoporum

2203 542 2345 598 οὕτω
2391 543 2633 620 γένηται,
2681 544 2976 619 ἀνίσχυρον
3027 545 3157 598 εἶναι
3207 548 3305 615 τήν
3353 552 3716 623 χειροτονίαν,
3769 552 3838 608 Εἰ

448 627 595 682 forte
624 644 691 683 ex
705 630 1096 685 contentionis
1111 632 1300 686 studio
1316 634 1815 702 contradicant,ne
1827 635 2084 692 inhibea-

446 721 536 772 tur
567 717 792 788 electio,
814 735 1014 774 verum
1035 720 1306 793 suffragia
1346 724 1585 793 majoris
1610 725 1789 796 partis
1821 725 2077 782 valeant.

527 993 812 1046 Caeterum
871 1008 1054 1048 canon
1103 993 1174 1047 49
1215 994 1443 1049 concilii
1491 995 1985 1068 Carthagineusis.
2019 997 2081 1051 Si

441 1087 512 1142 de
551 1085 818 1156 episcopo
850 1083 1019 1138 etiam
1055 1101 1088 1137 a
1136 1084 1322 1138 tribus
1379 1086 1668 1156 episcopis
1717 1087 1918 1154 electo,
1951 1103 2085 1142 con-

445 1173 724 1231 troversia
754 1171 947 1242 aliqua
977 1173 1348 1240 oboriatur,a
1393 1175 1747 1244 quibusdam
1794 1192 1858 1230 ex
1918 1177 2084 1247 plebe

442 1281 650 1320 causas
685 1279 796 1317 non
823 1261 963 1317 satis
989 1262 1326 1317 manifestas
1360 1263 1732 1318 efferentibus
1770 1269 2082 1331 commota,

441 1368 680 1408 numero
727 1351 903 1406 trium
965 1351 1370 1421 episcoporum
1439 1352 1582 1407 alios
1645 1354 1792 1409 duos
1836 1354 2084 1424 adjicere

435 1447 682 1514 oportet,
700 1449 759 1496 ut
792 1457 995 1496 omnes
1017 1440 1190 1496 simul
1214 1442 1540 1497 examinent
1569 1459 1633 1498 ea
1657 1459 1780 1515 qua:
1803 1445 2083 1499 adversus

433 1533 680 1588 electum
704 1530 1087 1602 objiciuntur,
1109 1533 1166 1586 et
1194 1532 1382 1601 ipsum
1423 1536 1691 1602 purgent.

505 1620 660 1676 260
718 1621 916 1684 Quaere
965 1621 1140 1673 etiam
1200 1620 1257 1674 in
1308 1636 1434 1691 cap.
1483 1621 1541 1674 11
1594 1621 1704 1676 litt.
1765 1623 1808 1675 E
1868 1638 2074 1678 canon.

440 1710 638 1781 primas
671 1724 799 1779 syu.
832 1711 1081 1777 sextum,
1113 1712 1166 1763 et
1197 1709 1267 1762 28
1288 1709 1490 1779 synodi
1524 1716 1760 1779 quartae.

513 1796 748 1853 Novella
801 1801 995 1852 autem
1037 1797 1354 1857 Justiniani
1407 1798 1562 1851 l3’7a
1592 1797 1776 1852 tribus
1823 1800 2079 1869 personis

2193 632 2251 688 δὲ
2280 637 2602 704 κανονικῶς,
2644 633 2719 694 ὡς
2769 633 3089 707 εἰρήκαμεν,
3122 634 3188 688 τὰ
3234 635 3333 690 τοῦ
3381 637 3701 714 πράγματος
3748 660 3841 694 τε-

2191 721 2430 792 λεσθείη,
2482 717 2614 776 ἔνιοι
2680 719 2737 776 δὲ
2791 726 2897 776 τῶν
2951 720 3261 776 ἐπισκόπων
3311 723 3451 786 ’ίσως
3505 724 3839 801 ἀντιλέγοιεν

2192 812 2541 888 φιλονείκως,
2579 814 2654 883 μή
2705 813 2772 865 τὰ
2814 818 2912 881 τῆς
2959 813 3144 890 ψήφου
3196 812 3593 888 ἐμποδιζὲσθω,
3627 815 3752 871 ἀλλ’
3800 820 3840 887 ἡ

2190 907 2298 956 τῶν
2331 900 2603 956 πλειόνων
2634 904 2815 978 ψῆφος
2845 900 3126 974 κρατείτω.

2265 995 2321 1044 Ὀ
2354 991 2410 1045 δὲ
2460 993 2544 1062 μθ¹
2589 996 2690 1058 τῆς
2735 989 2788 1044 ἐν
2835 991 3172 1064 Καρθαγένῃ,
3204 996 3309 1046 Τοῦ
3359 993 3674 1064 ἐπισκόπου,
3726 1017 3839 1072 φη-

2194 1079 2295 1149 σὶν,
2327 1078 2686 1152 ἐκλεγομένου
2726 1079 2873 1152 παρὰ
2920 1084 3086 1152 τριῶν
3122 1079 3456 1148 ἐπισκόπων,
3489 1083 3576 1136 ἐὰν
3622 1083 3840 1160 ἀναφυῇ

2190 1188 2272 1230 τις
2321 1168 2380 1222 ἐκ
2426 1174 2534 1222 τῶν
2581 1173 2678 1222 τοῦ
2723 1165 2904 1239 δήμου
2951 1167 3256 1243 ἀντιλογία,
3287 1169 3385 1224 οὐκ
3433 1171 3638 1247 εὐαγεῖς
3689 1172 3841 1226 εἰσα-

2192 1259 2399 1330 γόντων
2458 1261 2616 1312 τινῶν
2677 1257 2877 1324 αἲτίας,
2934 1254 3016 1311 δεῖ
3071 1261 3431 1330 προστεθῆναι
3485 1265 3562 1332 τῷ
3617 1261 3840 1336 ἀριθμῷ

2190 1352 2299 1401 τῶν
2330 1350 2494 1420 τριῶν
2528 1347 2618 1400 καὶ
2649 1347 2869 1418 ἑτέρους
2900 1344 3019 1414 δύο,
3051 1346 3189 1402 ὥστε
3238 1349 3378 1421 ὁμοῦ
3410 1351 3608 1411 πάντας
3659 1349 3843 1420 ἐξετά-

2193 1436 2374 1491 σαιτᾶ
2403 1436 2539 1490 κατὰ
2576 1439 2672 1490 τοῦ
2711 1436 3088 1513 ψηφιζομένου
3142 1437 3430 1513 λεγόμενα,
3462 1440 3550 1493 καὶ
3600 1442 3845 1512 καθαρὸν

2191 1525 2352 1580 αὐτὸν
2387 1526 2690 1603 ἀποφῆναι.

2265 1616 2423 1684 Ζήτει
2454 1613 2544 1667 καὶ
2574 1612 2625 1667 ἐν
2653 1618 2732 1684 τῷ
2764 1616 2834 1668 ια’
2863 1635 2980 1691 κεφ.
3014 1618 3110 1668 τοῦ
3144 1620 3182 1669 Ε
3210 1635 3390 1690 στοιχ.
3423 1617 3616 1672 κανόνα
3648 1619 3691 1681 ς’
3735 1624 3840 1686 τῆς

2191 1704 2237 1757 α’
2268 1700 2515 1772 συνόδου,
2548 1704 2638 1757 καὶ
2667 1705 2753 1773 κη’
2781 1709 2881 1771 τῆς
2911 1704 3172 1777 τετάρτης
3206 1703 3454 1764 συνόδου.

2265 1797 2328 1847 Ἢ
2361 1789 2419 1846 δὲ
2450 1791 2564 1866 ρλζ’
2613 1793 3040 1855 Ἰουστινιάνειος
3090 1794 3249 1867 νεαρά
3292 1795 3379 1848 ἐπὶ
3431 1797 3570 1865 τρισὶ
3625 1799 3842 1869 προσώ-

441 1887 782 1943 electionem
843 1886 1246 1956 episcoporum
1313 1885 1438 1940 ﬁeri
1499 1887 1687 1955 jubet,
1729 1886 1992 1942 videlicet
2050 1905 2080 1942 a

2199 1903 2318 1943 ποις
2379 1883 2439 1936 τὸ
2497 1884 2751 1960 ψήφισμα
2809 1882 3048 1958 γίνεσθαι
3099 1888 3208 1938 τῶν
3269 1884 3574 1939 ἐπισκόπων
3627 1886 3844 1940 κελεύει

445 1976 692 2042 clericis,
723 1984 777 2029 et
829 1991 861 2028 a
920 1973 1274 2044 primoribus
1332 1973 1602 2041 civitatis,
1634 1975 1725 2030 cui
1785 1975 2088 2046 eligendus

437 2071 526 2122 est
574 2064 904 2135 episcopus,
930 2062 1189 2134 quolibet
1224 2063 1431 2117 horum
1477 2081 1652 2134 super
1689 2071 2090 2121 sacro-sancta

436 2153 750 2225 Evangelia
771 2152 1212 2222 hocjuramenti
1249 2157 1574 2224 praestante,
1616 2170 1800 2224 neque
1844 2171 1943 2225 per
1973 2156 2082 2210 da-

435 2249 557 2298 tam
591 2246 693 2297 aut
741 2241 1086 2313 promissam
1146 2242 1472 2310 pecuniam,
1506 2258 1689 2312 neque
1743 2243 2082 2314 amicitiam,

437 2347 627 2401 neque
653 2330 920 2402 gratiam,
949 2333 1050 2384 aut
1081 2329 1251 2385 aliam
1285 2346 1696 2402 quamcunque
1727 2331 2085 2388 affectionem

440 2421 623 2475 istum
655 2420 884 2490 eligere,
899 2421 993 2474 sed
1015 2419 1265 2475 scientes
1295 2420 1488 2489 ipsum
1523 2435 1646 2475 esse
1679 2420 2084 2488 orthodoxum,

445 2512 504 2564 et
551 2509 810 2564 honestae
883 2508 1032 2575 vitae,
1069 2513 1124 2563 et
1184 2507 1396 2563 habere
1439 2525 1696 2576 uxorem,
1747 2513 1803 2563 et
1851 2509 2085 2580 quidem

442 2598 695 2666 unicam,
730 2614 917 2668 neque
969 2598 1198 2652 viduam
1267 2597 1353 2651 vel
1400 2598 1780 2668 repudiatam,
1832 2600 1930 2653 sed
1982 2615 2087 2653 nec

435 2689 824 2744 concubinam
860 2688 1050 2754 alere;
1095 2692 1150 2744 et
1180 2704 1244 2743 ex
1278 2688 1468 2742 tribus
1502 2687 1700 2743 electis
1757 2688 2082 2759 digniorem

435 2778 692 2834 ordinari
738 2778 910 2848 juxta
966 2777 1301 2832 electionem
1367 2784 1420 2831 et
1503 2777 1852 2832 sententiam
1926 2777 2086 2832 ordi-

438 2868 653 2923 nantis.
699 2867 784 2921 Ita
841 2866 1013 2920 vitam
1071 2865 1368 2920 instituere
1418 2865 1584 2936 jubet
1638 2865 1815 2920 etiam
1885 2881 2086 2922 omnes

435 2955 698 3021 clericos,
730 2956 830 3026 qui
862 2955 1230 3010 ordinantur.
1266 2955 1377 3009 Sed
1410 2957 1600 3009 tamen
1652 2955 1907 3010 maxima
1950 2972 2085 3026 pars

439 3045 649 3100 horum
697 3045 918 3099 rituum
977 3048 1116 3098 sunt
1170 3047 1372 3113 praeter
1424 3059 1616 3098 sacros
1665 3060 1936 3111 canones,
1984 3045 2080 3114 qui

439 3149 621 3203 neque
686 3132 1074 3187 necessarium
1139 3132 1410 3202 judicant
1483 3148 1659 3200 super
1713 3139 2084 3188 sacrosancta

439 3219 747 3291 Evangelia
778 3222 1001 3290 jurare,
1027 3236 1210 3290 neque
1255 3219 1566 3275 electiones
1618 3221 1741 3274 ﬁeri
1782 3238 1815 3275 a
1859 3220 2082 3278 clericis

2197 1972 2343 2047 παρά
2397 1993 2454 2025 τε
2508 1977 2616 2025 τῶν
2672 1971 2953 2045 κληρικῶν
3014 1973 3102 2027 καὶ
3160 1977 3268 2027 τῶν
3323 1980 3422 2042 τῆς
3502 1975 3713 2036 πόλεως
3771 1977 3843 2029 τὰ

2197 2066 2386 2132 πρῶτα
2461 2062 2754 2134 φερόντων,
2811 2060 2893 2133 ἐφ’
3061 2061 3351 2135 ψηφίζεται
3421 2065 3448 2117 ὁ
3521 2063 3837 2132 ἒπίσκοπος,

2197 2151 2420 2204 ἑκάστου
2469 2150 2676 2203 τούτων
2737 2151 2873 2203 κατὰ
2926 2154 3032 2204 τῶν
3085 2152 3242 2204 θείων
3293 2150 3682 2224 ἐπομνυμένων
3732 2153 3842 2206 Εὐ-

2196 2237 2493 2314 αγγελίων,
2533 2240 2672 2310 μήτε
2702 2237 2849 2293 δόσει
2877 2239 3125 2312 χρυσίου,
3159 2240 3193 2306 ἢ
3232 2239 3546 2317 ὑποσχέσει,
3579 2242 3612 2308 ἢ
3656 2241 3838 2317 φιλίᾳ,

2195 2328 2228 2395 ἢ
2263 2329 2472 2401 χάριτι,
2505 2326 2540 2396 ἢ
2573 2325 2720 2401 ἄλλῃ
2753 2327 2856 2382 τινὶ
2887 2329 3224 2403 προσπαθείᾳ
3261 2333 3453 2384 τοῦτον
3499 2328 3838 2405 ἐκλέγεσθαι,

2207 2414 2464 2471 ’λλ”δ’
2624 2418 2851 2448 ’⁴·’
3009 2417 3385 2470 ’θ“·““

2196 2437 2229 2470 α
2355 2437 2400 2470 ει
2440 2437 2556 2477 οτες
2586 2438 2654 2490 τῃ
2705 2437 2760 2470 τε
2791 2438 2966 2471 πιστει
2998 2439 3061 2490 ορ
3102 2439 3159 2470 ον
3202 2439 3289 2472 και
3320 2440 3398 2490 τῳ
3450 2417 3557 2492 βίῳ
3588 2440 3782 2491 σεμνον

2194 2505 2282 2558 καὶ
2314 2505 2360 2558 εἰ
2404 2503 2531 2578 ἔσχε
2572 2508 2838 2580 γαμετὴν,
2870 2506 2958 2560 καὶ
3009 2506 3180 2574 αὐτὴν
3234 2506 3381 2578 μίαν,
3411 2509 3500 2560 καὶ
3550 2505 3674 2562 οὔτε
3725 2511 3834 2581 χή-

2197 2613 2291 2666 ραν
2322 2592 2357 2661 ii
2389 2589 2844 2666 ῖέκϐεϐλημένην,
2870 2592 3000 2648 ἀλλ’
3043 2591 3167 2648 οὐδὲ
3209 2594 3500 2664 παλλακὴν
3548 2593 3841 2668 ἐκτήσατο,

2194 2681 2283 2736 καὶ
2329 2681 2388 2736 ἐκ
2433 2687 2541 2736 τῶν
2593 2681 2982 2761 ψηφιζομένων
3037 2688 3202 2756 τριῶν
3251 2683 3341 2738 τὸν
3404 2683 3660 2758 βελτίονα
3716 2704 3837 2759 χει-

2200 2774 2531 2845 ροτονεῖσθαι
2577 2775 2645 2838 τῇ
2700 2771 2936 2848 ἐπιλογῇ
2983 2773 3073 2826 καὶ
3103 2776 3170 2845 τῇ
3221 2772 3394 2848 κρίσει
3436 2777 3532 2828 τοῦ
3581 2793 3835 2849 χειροτο-

2193 2867 2409 2922 νοῦντος
2444 2879 2458 2892 ⁶
2499 2866 2746 2916 τοιοῦτον
2794 2859 2940 2936 ἔχειν
2989 2863 3108 2936 βίον
3162 2862 3376 2916 ἀπαιτεῖ
3422 2863 3510 2916 καὶ
3557 2865 3682 2925 τοὺς
3723 2883 3840 2937 χει-

2195 2949 2624 3024 ροτονουμὲνους
2673 2948 2996 3026 κληρικούς.
3045 2948 3222 3006 Ἀλλὰ
3271 2952 3337 3005 τὰ
3393 2950 3567 3007 πλείω
3623 2953 3833 3007 τούτων

2190 3045 2305 3101 τοῖς
2355 3042 2523 3112 ἱεροῖς
2581 3045 2830 3115 παρεῖται
2888 3041 3100 3110 κανόσι,
3141 3043 3282 3113 μήτε
3338 3042 3474 3096 κατὰ
3520 3046 3624 3096 τῶν
3677 3041 3836 3096 θείων

2195 3128 2542 3204 Εὐαγγελίων
2591 3129 2819 3202 ὀμνύναι
2851 3131 2978 3192 τοὺς
3028 3132 3437 3206 ψηφιζομένους
3489 3128 3600 3186 δεῖν
3649 3131 3836 3202 οἲομέ-

2189 3239 2324 3287 νοις,
2361 3221 2500 3291 μήτε
2547 3218 2694 3293 παρὰ
2737 3239 2844 3272 των
2891 3217 3171 3292 κληρικῶν
3212 3219 3249 3288 ἢ
3297 3225 3404 3273 τῶν
3452 3220 3682 3294 πρώτων
3733 3223 3834 3287 τῆς

435 3310 524 3364 vel
578 3310 925 3380 primoribus
991 3309 1257 3376 civitatis,
1297 3310 1398 3364 sed
1445 3309 1517 3363 ab
1574 3309 1862 3381 episcopis
1915 3309 2077 3380 solis,

2199 3306 2404 3369 πόλεως
2451 3307 2544 3368 τὰς
2592 3310 2810 3384 ψήφους
2851 3307 3108 3382 γίνεσθαι,
3143 3306 3291 3361 ἀλλᾶ
3335 3307 3507 3380 μόνων
3558 3312 3664 3362 τῶν
3707 3306 3830 3362 ἔπι-

434 3400 534 3470 qui
592 3403 648 3454 et
705 3397 990 3453 rationem
1047 3414 1149 3470 pro
1189 3398 1303 3453 illis
1350 3415 1549 3454 eorum
1586 3399 1786 3470 judice
1816 3400 2077 3455 omnium

441 3489 724 3545 reddituri
756 3492 912 3544 sunt.

1204 3615 1333 3669 Lex.

515 3743 588 3793 At
609 3739 658 3794 si
691 3739 1142 3804 accusationem,
1177 3738 1388 3809 inquit.
1422 3737 1636 3808 aliquis
1671 3741 1910 3794 moverit
1939 3755 2079 3795 con-

445 3832 536 3883 tra
567 3830 907 3900 episcopum
949 3827 1035 3883 vel
1087 3827 1387 3887 clericum,
1413 3829 1508 3897 qui
1572 3829 1930 3901 ordinandus
1969 3833 2079 3895 est,

435 3934 610 3989 super
658 3918 866 3988 quavis
913 3917 1440 3984 causa,diiferatur
1496 3918 1782 3971 ordinatio
1841 3918 1962 3983 illa,
2027 3925 2083 3972 et

433 4013 701 4062 accurata
753 4008 1100 4062 examinatio
1149 4007 1430 4063 habeatur
1485 4007 1637 4060 intra
1676 4011 1792 4061 tres
1825 4023 2079 4074 menses,

435 4098 567 4152 etsi
617 4097 929 4152 obnoxium
993 4097 1323 4151 invenerint
1377 4112 1507 4149 eum
1565 4096 1663 4168 qui
1721 4098 2078 4151 ordinandus

437 4189 548 4251 est,
579 4185 754 4240 etiam
790 4185 1166 4254 prohibeatur
1197 4185 1483 4240 ordinatio
1511 4201 1523 4237 :
1559 4185 1646 4237 sin
1675 4201 1807 4238 vero
1853 4186 2076 4254 insons,

438 4273 754 4329 ordinetur.
790 4277 852 4328 At
878 4275 924 4327 si
979 4278 1278 4328 accusator
1325 4289 1440 4327 non
1500 4273 1685 4341 possit
1732 4273 2002 4342 probare,
2032 4278 2078 4328 si

437 4362 686 4418 clericus
731 4363 830 4428 sit,
864 4377 967 4415 suo
1016 4363 1190 4429 gradu
1234 4361 1498 4426 excidat;
1546 4362 1631 4414 sin
1685 4378 1819 4416 vero
1872 4363 2076 4429 laicus,

436 4455 860 4524 competentem
885 4451 1286 4506 coercitionem
1321 4451 1688 4505 sustineat.8i
1714 4456 1907 4506 autem
1941 4452 2073 4524 quis

435 4546 570 4597 ante
589 4540 1076 4595 examinationem
1113 4555 1298 4593 causae
1318 4538 1482 4594 illum
1514 4540 2076 4607 ordinaverit,sacer-

433 4630 593 4685 dotio
619 4633 853 4685 exuatur
884 4645 1000 4682 una
1032 4643 1166 4683 cum
1199 4627 1486 4684 ordinato.

504 4718 610 4782 Qui
661 4719 836 4773 etiam
888 4721 1083 4771 contra
1134 4732 1298 4770 suam
1369 4717 1522 4772 infra
1561 4717 1706 4772 latas
1754 4717 2074 4772 sententias

433 4807 924 4880 subscriptionem
985 4805 1169 4873 iverit,
1219 4805 1417 4860 dicens
1462 4812 1660 4876 postea
1695 4805 1913 4878 aliquid
1963 4807 2072 4862 sibi

427 4897 776 4960 innotuisse,
812 4894 1128 4966 quominus
1161 4893 1381 4950 electus
1447 4895 1771 4963 ordinetur,
1821 4912 1935 4951 non
1979 4895 2075 4950 de-

433 4990 704 5058 ponatur,
737 4985 844 5040 nisi
877 4985 933 5038 in
969 4983 1325 5055 argumentis
1354 4982 1602 5039 vacillet.

433 5187 589 5244 CAP.
651 5185 722 5240 ll.
791 5185 951 5254 Quod
1007 5183 1238 5239 minime
1302 5189 1551 5254 oporteat
1641 5182 2074 5238 ordinandorum

538 5253 826 5313 electiones
859 5257 940 5312 vel
970 5274 1001 5311 a
1038 5259 1388 5324 magistratu,
1421 5253 1509 5310 vel
1539 5271 1570 5308 a
1598 5256 1801 5325 populo
1821 5255 1964 5325 ﬁeri.

497 5449 697 5512 Quaere
727 5462 832 5516 cap
865 5447 929 5500 19
951 5444 1059 5500 litt.
1094 5445 1151 5501 E.

495 5538 761 5593 Cauones
820 5537 1052 5608 quidem
1100 5537 1166 5590 12
1207 5543 1263 5590 et
1341 5537 1405 5589 l3
1473 5535 1701 5591 concilii
1769 5535 2073 5590 Laodiceni

425 5627 574 5700 plebi
596 5643 709 5683 non
740 5625 1084 5698 permittunt
1116 5630 1218 5680 aut
1245 5625 1544 5697 episcopos
1578 5629 1680 5679 aut
1708 5624 2073 5697 presbyteros

430 5715 665 5787 eligere,
713 5715 816 5770 sed
857 5713 965 5769 hoc
1021 5712 1144 5769 ﬁeri
1181 5714 1383 5770 volunt
1428 5714 1744 5770 secundum
1789 5713 2070 5770 iudicium

2193 3397 2426 3452 σκόπων.
2462 3395 2514 3450 οἳ
2544 3396 2632 3450 καὶ
2663 3398 2752 3449 τὸν
2791 3397 2923 3470 ὑπὲρ
2957 3395 3162 3451 τούτων
3195 3394 3364 3471 λόγον
3394 3395 3528 3470 πρὸς
3580 3400 3676 3450 τοῦ
3706 3417 3830 3450 κοι-

2191 3490 2286 3540 νοῦ
2315 3490 2503 3560 κριτοῦ
2533 3486 3053 3559 εἰσπραχθήσονται.

2887 3611 3128 3683 Νόμος

2262 3738 2596 3811 Κατηγορίας
2642 3733 2717 3807 δὲ,
2768 3737 2920 3808 φησὶ,
2955 3736 3092 3807 πρός
3140 3756 3283 3799 τινος
3332 3734 3645 3806 κινηθείσης
3692 3735 3832 3789 κατὰ

2188 3831 2284 3881 τοῦ
2339 3826 2643 3897 μέλλοντος
2699 3827 3131 3899 χειροτονεῖσθαι
3185 3823 3483 3879 ἐπισκόπου
3539 3826 3573 3894 ἢ
3633 3823 3833 3898 κληρι-

2188 3921 2285 3969 κοῦ
2339 3915 2423 3992 ἔφ’
2481 3913 2775 3985 οἱᾳδήποτε
2831 3915 2998 3984 αἰτίᾳ,
3057 3909 3445 3969 ἀναϐαλλέσθω
3505 3917 3538 3981 ἡ
3598 3913 3824 3982 τοιαύτη

2187 4003 2524 4078 χειροτονία,
2555 4008 2644 4056 καί
2694 4005 2918 4072 ζήτησις
2969 3999 3329 4076 ἀκριϐεστάτη
3379 4005 3608 4077 γινέσθω
3656 4009 3824 4076 τριῶν

2186 4091 2315 4146 ε’ίσω
2362 4098 2550 4165 μηνῶν
2583 4111 2595 4123 ⁸
2631 4092 2718 4146 καὶ
2768 4092 2812 4146 εί
2849 4092 2942 4163 μὲν
2997 4093 3290 4152 ὑπεύθυνος
3341 4092 3586 4166 εὑρεθείη
3620 4095 3648 4146 ὁ
3701 4092 3824 4166 μέλ-

2187 4181 2300 4236 λων
2333 4183 2906 4256 χειροτονηθήσεσθαι,
2951 4180 3247 4237 κωλυὲσθω
3288 4184 3322 4249 ἡ
3375 4182 3682 4258 χειροτονία
3715 4201 3726 4212 ·
3778 4183 3822 4236 εἰ

2188 4271 2244 4326 δὶ
2273 4272 2580 4337 ἀνεύθυνος,
2632 4270 3046 4344 χειροτονείσθω
3081 4291 3092 4302 ·
3142 4272 3169 4324 ὁ
3202 4268 3257 4324 δὲ
3292 4274 3367 4343 μή
3427 4271 3649 4346 ἰσχύσας
3688 4273 3824 4325 ἂπο-

2187 4359 2350 4430 δεῖξαι
2395 4363 2726 4436 κατήγορος,
2759 4359 2804 4415 εἰ
2853 4362 2948 4432 μὲν
3001 4360 3268 4431 κληρικὸς
3314 4359 3424 4429 ε’ἶη,
3470 4364 3567 4414 τοῦ
3619 4361 3824 4415 οἰκείου

2183 4447 2482 4518 ἐξωθείσθω
2536 4451 2771 4522 βαθμοῦ,
2821 4449 2866 4503 εἰ
2915 4446 2971 4503 δὲ
3025 4448 3235 4517 λαϊκὸς,
3281 4451 3670 4521 προσηκόντως
3721 4471 3827 4503 σω-

2185 4541 2540 4615 φρονιζέσθω.
2576 4539 2634 4594 Εἰ
2685 4536 2742 4592 δὲ
2769 4559 2854 4600 τις
2901 4540 3006 4609 πρὸ
3050 4538 3336 4608 ἐξετάσεως
3383 4543 3578 4593 τοῦτον
3632 4557 3826 4613 χειρο-

2105 4660 2151 4725 D
2182 4631 2453 4698 τονήσειε,
2483 4627 2842 4699 καθαιρείσθω
2873 4628 3083 4698 σύναιμα
3114 4632 3193 4698 τῷ
3225 4627 3684 4701 χειροτονηθέντι.

2251 4718 2314 4774 Ὀ
2363 4715 2419 4772 δὲ
2465 4722 2533 4791 τῇ
2593 4717 2765 4788 οἰκείᾳ
2813 4715 3219 4789 ἐναντιούμενος
3275 4715 3398 4789 περὶ
3455 4717 3550 4776 τὰς
3605 4717 3824 4792 ψήφους

2191 4807 2501 4881 ὑπογραφῇ,
2545 4805 2721 4880 λέγων
2777 4806 2912 4878 μετὰ
2954 4809 3120 4859 ταῦτα
3172 4804 3539 4876 μεμαθηκέναι
3591 4802 3716 4859 τόδε
3771 4827 3824 4860 τι

2184 4895 2245 4949 τὸ
2276 4894 2491 4950 κωλύον
2519 4897 2610 4950 τὸν
2645 4891 2983 4971 ψηφισθέντα
3023 4895 3498 4966 χειροτονηθῆναι,
3536 4889 3726 4955 ἄλλως
3758 4896 3822 4950 οὐ

2183 4985 2648 5060 καθαιρεθήσεται,
2697 4983 2740 5038 εἰ
2804 4984 2879 5054 μὴ
2938 4982 3062 5055 περὶ
3117 4982 3210 5043 τὰς
3263 4978 3563 5050 ἀποδείξεις
3621 4981 3822 5053 ἀτονή-

2185 5094 2343 5128 σειεν.

2185 5205 2438 5254 ΚΕΦΑΛ.
2501 5200 2572 5253 Β’.
2619 5200 2769 5272 ’ξὈτι
2831 5195 2942 5272 τὰς
2997 5199 3122 5272 τῶν
3164 5197 3818 5272 ’χειροτονουμένων

2255 5273 2514 5346 ψήφους
2575 5266 2722 5322 οὔτε
2781 5269 2950 5340 παρὰ
3009 5268 3080 5341 ἀρ
3151 5264 3376 5339 όντων,
3434 5264 3824 5343 οὔτε’παρὰ

2255 5347 2366 5396 τοῦ
2409 5339 2623 5410 δήμου
2665 5341 2969 5410 γίνεσθαι
3008 5285 3163 5410 χρξ.

2255 5363 2366 5396 του
2409 5359 2481 5410 οη
2504 5361 2623 5412 μου
2665 5359 2969 5413 γινεσυαι
3008 5359 3163 5413 χρη.

2255 5449 2414 5517 Ζήτει
2446 5448 2508 5502 τὸ
2543 5448 2606 5500 ιθ¹
2637 5467 2755 5523 κεφ.
2783 5449 2881 5501 τοῦ
2913 5452 2951 5500 Ε
2981 5444 3290 5519 στοιχείου.

2254 5539 2324 5593 "0
2357 5558 2417 5611 γε
2451 5537 2559 5607 μὴν
2595 5536 2669 5610 ιβ’
2716 5536 2806 5590 καὶ
2838 5536 2865 5590 ὁ
2901 5543 2968 5609 ιγ’
3014 5541 3112 5603 τῆς
3156 5533 3208 5588 ἐν
3257 5531 3544 5605 Λαοδικείᾳ
3593 5533 3819 5590 συνόδου

2183 5625 2360 5681 κανὼν
2411 5625 2470 5679 οὐ
2517 5629 2631 5688 τοῖς
2679 5623 2876 5700 ὄχλοις
2921 5621 3294 5696 ἐπιτρέπουσιν
3335 5623 3369 5692 ἢ
3419 5623 3744 5686 ἐπισκόπους
3783 5624 3815 5694 ἢ

2186 5709 2582 5790 πρεσϐυτέρους
2616 5711 2947 5789 ἐκλέγεσθαι,
2981 5710 3128 5767 ἀλλὰ
3153 5715 3223 5786 τῇ
3254 5710 3424 5787 κρίσει
3466 5715 3563 5767 τοῦ
3612 5733 3821 5787 μητρο-
