4092 6300
188 397 288 462 193

1238 392 1674 458 SYNTAGMA
1715 392 2350 457 ALPHABETICUM.
2395 426 2471 437 —
2516 393 2593 454 Χ.

3488 391 3602 452 194

188 530 445 599 πολίτου,
500 529 593 586 καὶ
638 534 751 585 τῶν
798 531 899 598 τῆς
947 526 1214 606 ἐπαρχίας
1262 527 1427 582 αύτοῦ
1483 524 1833 582 ἔπισκόπων·

1972 526 2377 601 netropolitani
2432 530 2489 581 et
2543 523 2848 597 provincias
2906 522 3071 579 istius
3132 521 3539 594 episcoporum
3583 540 3600 579 :

188 621 313 675 εἶναι
365 618 427 675 δὲ
473 620 570 676 τὸν
609 619 979 695 ἐκλεγόμενον
1019 616 1079 671 ἐκ
1115 615 1333 672 πολλοῦ
1377 614 1844 690 δεδοκιμασμένον

188 708 234 763 ἒν
267 731 329 764 τε
370 709 539 787 λόγῳ
583 710 675 764 καὶ
723 709 936 783 πράξει,
987 708 1061 769 ὡς
1109 711 1188 778 τῷ
1250 707 1344 780 μὲν
1409 703 1664 761 δύνασθαι
1715 707 1842 766 τοὺς

188 800 275 854 ὕπ’
327 799 496 854 αὐτὸν
531 801 670 874 πρὸς
712 800 813 867 τήν
865 797 1207 873 ὑγιαίνουσαν
1257 795 1436 851 πίστιν
1483 794 1724 870 παρακα)
1743 802 1841 863 εῖν,

187 894 274 947 καὶ
322 890 457 955 τοὺς
516 892 904 968 ἀντιλέγοντας
960 896 1076 953 τοῖς
1133 890 1316 964 ὀρθοῖς
1375 887 1641 963 δόγμασιν
1686 887 1844 962 ἐλέγ-

193 1000 337 1056 χειν,
365 986 449 1054 τῷ
490 979 550 1036 δὲ
591 980 698 1057 βίῳ
736 980 859 1035 οἶόν
904 1000 964 1034 τε
1010 980 1139 1033 εἶναι
1186 979 1322 1054 πρὸς
1366 978 1459 1032 τὸν
1504 984 1605 1047 τῆς
1649 977 1845 1052 ἀρετῆς

191 1069 368 1137 ζῆλον
414 1066 600 1125 ⁴ἕλκειν
640 1070 770 1130 τοὺς
813 1070 952 1144 πρὸς
994 1068 1158 1123 αὐτὸν
1209 1065 1530 1140 βλίποντας,
1579 1064 1734 1120 εύθύν
1786 1085 1846 1119 τε

190 1155 327 1212 ὄντα
375 1159 467 1213 καὶ
518 1158 918 1229 ἀνεπίληπτον,
967 1157 1057 1211 καὶ
1103 1156 1327 1230 τρόποις
1372 1160 1639 1231 χρηστοῖς
1686 1153 1846 1223 εὐθη-

192 1247 290 1301 νού
298 1266 485 1319 μενον.

266 1355 537 1409 ΚΕΦΑΛ.
697 1352 861 1425 Περὶ
899 1354 1016 1405 τοῦ
1053 1350 1304 1425 χρόνου
1342 1346 1415 1403 οὗ
1452 1347 1638 1425 ἒν-τὸς
1678 1345 1778 1402 δεῖ

403 1425 567 1484 τοὺς
607 1422 1021 1484 ἐπισκόπους
1055 1422 1639 1496 χειροτονεῖσθαι.

258 1513 323 1567 Ὀ
364 1514 438 1568 κε’
482 1518 584 1582 τῆς
632 1509 676 1566 δ’
721 1509 949 1567 συνόδου
994 1511 1173 1566 κανὼν
1221 1511 1316 1573 τὰς
1370 1512 1478 1565 τῶν
1534 1507 1843 1563 ἐπισκόπων

194 1601 543 1676 χειροτονίας
573 1600 723 1663 ἐντὸς
765 1606 935 1677 τριῶν
980 1603 1168 1674 μηνῶν
1207 1599 1443 1675 γίνεσθαι
1484 1595 1846 1667 διατάττεται,

195 1692 319 1765 παρ’
371 1692 462 1751 οἷς
494 1693 531 1761 ἡ
568 1689 782 1746 ἐκείνων
827 1689 1016 1760 ἀνήκει
1064 1687 1431 1767 προχείρισις.
1480 1687 1560 1744 Οὐ
1607 1687 1711 1762 γὰρ
1757 1684 1846 1741 ἒπὶ

195 1778 339 1834 πολὺ
378 1781 499 1853 χρὴ
539 1780 669 1841 τοὺς
710 1782 817 1845 τῶν
855 1778 1160 1849 ἐκκλησιῶν
1204 1776 1368 1838 λαοὺς
1415 1774 1658 1851 ἐρήμους
1708 1776 1845 1829 εἶναι

192 1876 289 1939 τῆς
320 1874 438 1923 τῶν
470 1865 749 1940 ποιμένων
797 1869 1082 1942 προνοίας,
1123 1866 1211 1921 καί
1254 1867 1328 1927 ὡς
1368 1863 1530 1939 ἔτυχε
1569 1865 1846 1944 φέρεσθαι,

192 1958 237 2013 εἰ
288 1961 493 2031 μήπου
541 1956 591 2026 ἐξ
651 1957 824 2019 αἰτίας
878 1956 1250 2030 ἀπαραιτήτου
1300 1949 1540 2026 συμϐαίη
1588 1954 1847 2022 ἐπιταθῆ-

190 2065 271 2099 ναι
322 2046 420 2098 τὸν
476 2045 705 2119 χρόνον,
765 2043 851 2096 καὶ
910 2043 1255 2117 ὑπερτιθῆναι
1312 2043 1414 2108 τήν
1473 2042 1842 2115 χειροτονίαν,

193 2134 297 2189 ὖπὸ
334 2127 634 2207 βαρϐάρων
660 2130 797 2194 ’ἴσως
836 2129 1139 2194 ἑαλωκυίας
1176 2137 1276 2201 τῆς
1315 2128 1533 2192 πόλεως
1563 2149 1575 2161 ·
1620 2131 1747 2191 τοὺς
1788 2128 1847 2182 δὲ

198 2225 274 2295 μή
326 2222 479 2277 οὕτω
527 2226 821 2283 ποιοῦντας
865 2220 1339 2292 ἐκκλησιαπικοῖς
1385 2218 1680 2293 ἐπιτιμίοις
1721 2219 1851 2272 ὑπο.

196 2308 528 2366 ϐάλλεσθαι.
578 2313 691 2381 Τήν
745 2311 931 2383 μέντοι
990 2307 1256 2384 πρόσοδον
1314 2316 1412 2379 τῆς
1496 2311 1845 2383 χηρευούσης

199 2400 519 2470 ἐκκλησίας,
588 2405 686 2454 τοῦ
753 2403 946 2473 καιροῦ
1004 2403 1111 2455 τῶν
1171 2403 1335 2473 υριῶν
1404 2402 1592 2471 μηνῶν
1660 2400 1695 2467 ἢ
1754 2398 1845 2453 καὶ

1880 1913 1928 1979 Β

1952 635 2078 674 esse
2107 619 2280 673 etiam
2306 615 2552 671 electum
2585 614 2685 669 diu
2733 614 3040 685 probatum
3091 617 3148 668 et
3184 611 3245 667 in
3304 628 3595 679 sermone,

1952 714 2011 763 et
2032 708 2091 763 in
2122 705 2415 778 operibus,
2448 705 2526 759 ita
2548 708 2613 759 ut
2644 703 2823 776 possit
2879 718 3083 759 omnes
3108 702 3206 774 qui
3238 702 3348 775 ipsi
3405 702 3599 774 subji-

1953 797 2188 852 ciuntur
2215 797 2275 851 in
2297 794 2411 851 ﬁde
2452 810 2594 849 sana
2638 793 2955 860 adhortari,
3005 796 3063 847 et
3106 792 3382 848 doctrina:
3428 800 3598 848 recte

1952 884 2418 941 contradicentes
2448 898 2709 954 arguere,
2741 886 2796 937 et
2820 881 2929 937 vita
2962 881 3138 937 talem
3187 897 3251 936 se
3298 884 3595 953 praeters.

1953 978 2019 1030 ut
2047 977 2223 1046 queat
2253 973 2324 1028 ad
2358 987 2612 1028 amorem
2652 971 2879 1027 virtutis
2924 971 3055 1026 illos
3094 970 3323 1026 trahere
3374 970 3477 1042 qui
3525 970 3599 1025 ad

1952 1066 2149 1134 ipsum
2179 1062 2479 1129 accedunt,
2512 1061 2792 1116 nimirum
2824 1064 3068 1125 rectam,
3122 1058 3482 1131 inculpatum
3542 1062 3602 1115 et

1955 1151 2255 1208 honestam
2287 1150 2462 1205 vitam
2495 1164 2683 1219 agere.

1955 1350 2106 1406 CAP.
2140 1350 2237 1405 ΠΙ.
2279 1349 2352 1405 De
2382 1352 2620 1421 tempore
2646 1350 2819 1474 ina-(:1
2834 1347 2978 1474 qtuod
3031 1348 3305 1418 episcopo:
3351 1348 3605 1404 ordinari

2667 1435 2765 1474 ano
2822 1435 2850 1474 e
2882 1460 2895 1474 .

2667 1435 2895 1491 oportet.

2027 1509 2223 1566 Canon
2270 1509 2343 1564 25
2389 1507 2616 1565 concilii
2672 1510 2865 1580 quarti
2914 1507 3320 1580 episcoporum
3368 1510 3602 1567 ordina-

1956 1598 2144 1657 tiones
2201 1597 2353 1652 intra
2405 1606 2518 1653 tres
2570 1612 2800 1652 menses
2851 1598 2921 1652 ab
2978 1596 3097 1652 illis
3127 1597 3251 1653 ﬁeri
3310 1598 3501 1668 jubet,
3530 1600 3600 1655 ad

1958 1705 2105 1760 quos
2130 1703 2219 1743 res
2248 1687 2362 1743 ista
2397 1686 2662 1758 pertinet.
2695 1686 2824 1743 Non
2846 1685 3000 1742 enim
3026 1685 3191 1742 decet
3219 1687 3597 1744 ecclesiarum

1958 1785 2139 1832 cmtus
2169 1776 2268 1832 diu
2310 1775 2673 1848 providentia
2698 1781 2997 1845 pastorum
3020 1791 3235 1844 carere,
3267 1781 3324 1832 et
3355 1777 3603 1832 incertos

1959 1866 2179 1938 vagari,
2208 1865 2319 1921 nisi
2355 1866 2499 1920 forte
2529 1881 2597 1920 ex
2625 1881 2803 1921 causa
2835 1881 3077 1936 prorsus
3107 1866 3436 1922 necessaria
3465 1882 3604 1922 con-

1961 1956 2150 2027 tingat
2178 1960 2406 2026 tempus
2438 1954 2758 2026 prorogari,
2791 1959 2848 2009 et
2895 1954 3113 2009 dill'erri
3158 1955 3606 2024 ordinationem,

1957 2041 2116 2101 261
2158 2044 2383 2098 civitate
2413 2048 2555 2113 puta
2582 2060 2615 2098 a
2647 2043 2915 2097 Barbarie
2929 2050 3119 2115 capta.
3152 2042 3440 2106 Quialiter
3461 2044 3608 2100 fece-

1955 2135 2094 2194 rint,
2128 2134 2312 2204 poenis
2337 2133 2747 2189 ecclesiasticis
2776 2133 3009 2204 subjici.
3041 2132 3385 2189 Proventum
3403 2136 3600 2190 tamen

1956 2222 2208 2279 ecclesiae
2239 2223 2520 2289 vacantis,
2547 2238 2646 2294 per
2677 2223 2924 2292 spatium
2962 2222 3136 2277 trium
3184 2224 3469 2278 mensium
3502 2229 3602 2278 aut

1957 2312 2108 2369 ultra
2138 2313 2209 2368 ab
2248 2312 2420 2367 istius
2460 2312 2716 2367 ecclesiae
2772 2327 3071 2368 mconomo
3121 2317 3441 2384 receptum,
3475 2312 3593 2383 epi-

1955 2417 2126 2472 scopo
2158 2400 2257 2473 qui
2286 2401 2648 2456 ordinandus
2677 2404 2767 2456 est
2797 2400 3074 2456 reservari
3101 2401 3289 2471 jubet.

207 2489 463 2551 πλείονος
528 2489 673 2543 σώαν
734 2488 879 2563 παρά
929 2493 1010 2561 τῷ
1083 2488 1363 2562 οἰκονόμῳ
1436 2494 1537 2557 τῆς
1610 2486 1778 2553 αὐτῆς
1847 2487 2145 2560 ἐκκλησίας
2227 2486 2497 2543 ἐπιτάττει
2572 2487 2930 2564 φυλὰττεσθαι
2994 2492 3071 2560 τῷ
3143 2490 3603 2563 χειρονονηθησε-

208 2580 322 2634 σθαι
352 2578 646 2652 μέλλοντι.

271 2672 423 2738 Ζήτει
455 2669 525 2723 τὸ
548 2670 634 2737 κζ’
662 2687 787 2746 κεφ.
815 2670 913 2722 τοῦ
944 2668 985 2724 E
1014 2666 1314 2741 στοιχείου.

202 2776 571 2849 ΚΕΦΔΛηΔἈ
619 2772 933 2849 Ὁποίους
973 2774 1145 2828 εἶναι
1186 2770 1287 2849 δεῖ
1332 2774 1488 2849 τοὺς
1531 2793 1851 2849 χειροτο-

263 2845 651 2920 νουμένους
697 2842 1140 2920 ἐπισκόπους,
1187 2845 1292 2900 καὶ
1333 2844 1483 2899 τίνα
1530 2842 1662 2920 πρὸ
1698 2847 1852 2900 πάν-

262 2918 403 2973 των
430 2918 795 2994 γινώσκειν
836 2919 1000 2991 χρή.

263 3027 329 3081 Ὁ
366 3025 415 3100 β’
463 3030 568 3093 τῆς
608 3027 653 3093 ζ’
705 3024 933 3078 συνόδου
979 3024 1154 3079 κανὼν
1198 3028 1279 3097 τῷ
1330 3022 1591 3099 μέλλοντι
1633 3042 1854 3098 προχει-

2030 2671 2218 2735 Quare
2246 2685 2373 2739 sap.
2404 2669 2473 2723 2'7
2505 2667 2613 2723 litt.
2649 2669 2712 2724 E.

1958 2775 2111 2831 CAP.
2146 2776 2238 2831 ιν.
2273 2776 2467 2845 Quale:
2496 2790 2607 2832 esse
2634 2792 2723 2832 eo:
2754 2782 2964 2847 oportet
3011 2774 3110 2848 qui
3156 2776 3388 2848 episcopi
3444 2776 3603 2832 ordi-

2028 2848 2202 2903 nandi
2229 2854 2380 2919 sunt,
2410 2854 2464 2904 et
2494 2864 2745 2919 quamam
2772 2864 2888 2920 pra;
2916 2847 3129 2905 caeteris
3158 2847 3299 2903 scire
3353 2847 3607 2904 debeant.

2028 3029 2224 3087 Canon
2252 3032 2289 3085 2
2318 3030 2517 3101 synodi
2549 3030 2830 3101 septimas,
2864 3031 2962 3103 qui
2993 3032 3065 3086 ad
3105 3033 3346 3103 gradum
3379 3031 3608 3103 episco-

198 3115 446 3191 ρίζεσθαι
475 3116 571 3171 καὶ
613 3114 692 3177 είς
730 3115 822 3171 τὸν
871 3121 971 3185 τῆς
1016 3114 1319 3185 ἱπισκοπῆς
1365 3114 1566 3171 ἀνιέναι
1620 3114 1854 3188 βαθμὸν,

1972 3128 2131 3191 patus
2172 3117 2601 3190 promovendus
2650 3124 2707 3175 et
2750 3120 3104 3177 attollendus
3137 3128 3244 3192 est,
3311 3137 3606 3178 summam

193 3210 368 3262 τοῦτο
399 3204 544 3260 εἶναί
586 3205 639 3259 οἱ
675 3207 956 3280 προῦργου
1002 3209 1393 3281 παρεγγυὸπαι,
1441 3205 1532 3260 τὸν
1586 3201 1854 3275 Ψαλτῆρα

200 3295 408 3355 παντὸς
471 3292 690 3366 μᾶλλον
743 3291 1082 3365 ἐπίστασθαι,
1141 3292 1476 3349 ἑκπαιδεύειν
1522 3312 1583 3348 τε
1628 3292 1720 3346 τὸν
1768 3290 1856 3346 οῗ-

200 3388 352 3439 κνῖον
386 3381 525 3436 λαὸν
574 3382 642 3434 τά
686 3382 883 3436 τούτου
925 3382 1032 3455 πρὸ
1074 3384 1182 3436 τῶν
1229 3380 1420 3437 ἄλλων
1470 3378 1615 3453 ᾃδειν
1659 3399 1719 3435 τε
1765 3378 1857 3433 καὶ

209 3472 465 3544 μυεῖσθαι
504 3489 516 3501 ·
566 3467 940 3545 ἀνακρίνεσθαι
996 3467 1054 3524 δὶ
1118 3469 1380 3549 ἀσφαλῶς
1426 3471 1564 3545 πρὸς
1629 3472 1726 3523 τοῦ
1775 3467 1859 3521 οἳ-

206 3561 357 3616 κείου
392 3558 837 3635 μητροπολίτου,
880 3560 925 3613 εἰ
966 3561 1264 3634 προθύμως
1315 3554 1455 3634 ἔχει,
1496 3558 1857 3635 ἐρευνητικῶς

206 3651 295 3703 καὶ
344 3648 411 3703 οὐ
461 3648 600 3702 κατά
652 3649 716 3703 τὸ
758 3654 1006 3723 παρῆκον
1059 3647 1187 3710 τοὺς
1246 3648 1426 3721 ἴεροὺς
1474 3646 1858 3721 ἀναγινώσκειν

207 3738 461 3805 κανόνας,
495 3737 588 3790 καὶ
627 3736 692 3791 τὸ
733 3736 888 3810 ἅγιον
931 3735 1292 3813 Εύαγγέλιον.
1330 3738 1430 3806 τήν
1471 3756 1529 3790 τε
1568 3738 1667 3789 τοῦ
1715 3732 1862 3788 θείου

210 3825 563 3882 Ἀποστόλου
596 3820 812 3899 βίϐλον,
842 3824 931 3879 καὶ
963 3828 1135 3879 πᾶσαν
1182 3825 1281 3891 τὴν
1314 3821 1492 3894 ἄλλην
1542 3822 1685 3878 θείαν
1727 3828 1864 3896 Γρα-

213 3917 340 3990 ςσὴν,
411 3912 507 3967 καὶ
571 3914 664 3967 τὸν
722 3918 846 3968 νοῦν
914 3913 1085 3982 αὐτῆς
1154 3910 1463 3976 σπουδαίως
1527 3909 1863 3987 ἐκλέγεσθαι,

214 4005 297 4057 καὶ
340 4003 486 4057 κατά
530 4004 600 4057 τά
645 4004 760 4057 θεῖα
796 4003 1000 4073 ταύτης
1040 4001 1351 4075 ἐντάλματα
1397 4001 1559 4057 αὐτόν
1594 4022 1651 4056 τε
1687 4002 1863 4075 βιοῦν,

214 4091 466 4152 καὶτοὺς
513 4089 720 4155 ἄλλους
763 4090 977 4167 ἐνάγειν
1024 4093 1149 4168 περὶ
1194 4090 1458 4147 πλείστου
1505 4094 1672 4146 ταῦτα
1717 4088 1864 4144 τιθὲ-

216 4203 322 4249 ναι,
359 4179 589 4252 ἕτοιμόν
637 4200 696 4235 τε
738 4180 871 4235 εἶναι
925 4181 1063 4256 πρὸς
1107 4180 1409 4255 ἀπολογίαν
1459 4180 1621 4236 παντί
1664 4183 1745 4251 τῷ
1786 4177 1869 4233 αἷ-

215 4276 393 4325 τοῦντι
428 4269 603 4344 λόγον
632 4272 755 4341 περὶ
794 4278 896 4340 τῆς
936 4270 989 4325 ἐν
1029 4274 1166 4343 ἡμῖν
1206 4269 1454 4342 ἐλπίδος,
1486 4271 1575 4325 καὶ
1614 4270 1739 4332 νοὺς
1780 4269 1869 4325 ὑπ’

218 4361 377 4414 αὐτὸν
441 4358 733 4431 εὐπρεπεῖς
791 4359 927 4413 εἶναι
981 4361 1119 4434 πρὸς
1187 4364 1350 4414 τοῦτο
1419 4364 1867 4433 παρασκευάζειν.

218 4450 397 4505 Οὐσία
458 4447 569 4523 γὰρ
620 4449 708 4503 καὶ
761 4448 1012 4511 σύστασις
1059 4456 1160 4519 τῆς
1207 4451 1327 4504 καθ’
1364 4452 1513 4523 ἡμᾶς
1561 4447 1868 4524 ἱεραρχὶας,

1962 3223 2165 3263 curam
2212 3206 2488 3265 adbibere
2547 3211 2801 3275 mandat,
2854 3214 2917 3265 ut
2966 3210 3216 3266 maxime
3266 3210 3612 3267 Psalterium

1961 3293 2267 3365 intelligat,
2305 3299 2652 3366 monentque
2692 3296 2973 3367 populum
3024 3296 3275 3369 hymnos
3314 3297 3441 3354 illos
3497 3312 3612 3367 pre

1964 3384 2180 3441 caneris
2205 3399 2414 3439 canere
2445 3389 2503 3439 et
2534 3383 2744 3441 callere
2778 3402 2791 3441 :
2825 3392 3094 3443 accurate
3123 3387 3301 3443 etiam
3336 3404 3368 3442 a
3401 3395 3611 3443 metro-

1965 3473 2220 3545 politano
2250 3489 2358 3529 suo
2387 3474 2731 3543 examinari,
2759 3492 2833 3531 an
2871 3484 3103 3547 paratus
3147 3476 3223 3532 sit
3277 3477 3467 3548 legere
3517 3476 3608 3530 di-

1965 3562 2213 3635 ligenter
2241 3566 2298 3617 et
2328 3579 2444 3618 non
2474 3562 2660 3618 obiter
2686 3580 2881 3620 sacros
2938 3581 3210 3631 canones,
3252 3570 3309 3621 et
3337 3570 3605 3621 sanctum

1967 3651 2369 3723 Evangelium.
2399 3656 2458 3708 et
2486 3651 2701 3708 librum
2743 3653 2860 3708 divi
2903 3654 3178 3726 Apostoli,
3210 3659 3267 3710 et
3325 3654 3607 3725 reliquam

1966 3742 2327 3815 Scripturam
2359 3758 2608 3812 sacram,
2635 3752 2687 3798 et
2717 3760 2958 3800 sensum
2991 3746 3118 3814 ejus
3149 3744 3348 3800 sedulo
3379 3744 3607 3800 elicere:

1968 3836 2024 3886 et
2046 3831 2216 3902 juxta
2235 3832 2365 3901 ejus
2387 3831 2585 3887 divina
2617 3837 2898 3905 praecepta
2929 3843 2981 3889 et
3013 3834 3186 3888 vitam
3219 3849 3386 3889 suam
3418 3847 3611 3904 agere,

1968 3924 2024 3976 et
2054 3919 2200 3975 alios
2235 3920 2481 3976 suadere
2512 3920 2635 3976 hac
2668 3921 2910 3977 maximi
2943 3923 3149 3993 facere,
3190 3928 3247 3977 et
3294 3927 3624 3994 promptum

1970 4024 2100 4064 esse
2140 4008 2211 4063 ad
2273 4009 2745 4080 respondendum
2789 4012 2949 4067 omni
2998 4014 3100 4083 qui
3158 4011 3437 4068 rationem
3494 4010 3621 4082 spei

1971 4101 2183 4152 nostra;
2214 4097 2487 4169 exquirit,
2512 4104 2570 4153 et
2598 4116 2802 4156 curare
2835 4106 2899 4155 ut
2927 4117 3148 4169 omnes,
3194 4101 3293 4173 qui
3342 4101 3453 4171 ipsi
3478 4100 3619 4154 sub-

1966 4186 2274 4257 jiciuntur,
2305 4187 2374 4241 ad
2410 4187 2561 4244 idem
2590 4188 2761 4244 etiam
2784 4191 2967 4261 parati
2999 4190 3136 4246 sint.
3172 4190 3436 4245 Essentia
3455 4189 3613 4244 enim

1973 4280 2031 4330 et
2086 4276 2424 4331 constitutio
2466 4285 2664 4333 nostra
2725 4278 3031 4334 bieracbiaa
3067 4283 3208 4336 sunt
3253 4280 3480 4351 eloquia
3524 4279 3619 4333 di-

1975 4365 2199 4420 vinitus
2236 4366 2471 4433 tradita,
2505 4366 2589 4421 uti
2638 4367 2719 4422 ait
2774 4383 3024 4439 magnus
3073 4367 3418 4440 Dionysius;
3472 4377 3526 4423 et
3572 4368 3626 4422 si

1982 4450 2231 4508 libenter
2260 4452 2602 4523 polliceatur
2630 4470 2695 4510 se
2752 4454 2876 4511 haec
2919 4456 3332 4528 praeliturum,
3392 4455 3635 4511 ordina—

217 4538 283 4591 τὰ
332 4514 721 4611 θεοπαράδοτα
768 4536 953 4612 λόγια,
1003 4537 1077 4602 ὡς
1168 4539 1333 4613 μέγας
1382 4514 1694 4615 ἀπεφήνατο
1722 4514 1857 4591 vino;

1980 4539 2197 4595 tionem
2229 4540 2510 4611 obtinere;
2542 4543 2632 4598 sin
2665 4559 2798 4600 vero
2830 4544 2909 4599 sit
2940 4545 3153 4602 dubius
3182 4544 3363 4601 animi
3402 4549 3460 4600 et
3499 4560 3637 4599 con-

220 4625 441 4687 νύσιος·
476 4624 570 4679 καὶ
619 4623 665 4678 εἷ
717 4626 812 4699 μὲν
860 4626 1103 4699 ἀσμίνως
1150 4631 1318 4681 ταῦτα
1360 4632 1535 4682 ποιεῖν
1586 4627 1871 4703 ὑπισχνεῖ-

219 4734 328 4782 ται,
360 4716 465 4784 τήν
507 4716 854 4788 χειροτονίαν
902 4710 1198 4789 λαμϐάνειν
1230 4737 1243 4748 ·
1297 4715 1343 4770 εί
1394 4712 1453 4771 δὲ
1498 4710 1871 4793 ἀμφιϐάλλων

222 4803 303 4876 εἴη
343 4806 439 4860 καὶ
491 4802 878 4878 ἀναδυόμενος,
926 4805 1202 4881 ἄπρακτον
1249 4807 1697 4881 ἀποπέμπεσθαι.
1750 4812 1870 4877 Φη-

223 4895 271 4947 σὶ
303 4895 409 4972 γὰρ
446 4894 477 4948 ὁ
510 4894 642 4959 Θεὸς
681 4891 770 4949 διά
807 4898 904 4949 τοῦ
939 4898 1224 4975 προφήτου
1250 4916 1263 4929 ο
1310 4920 1339 4949 «
1383 4897 1455 4952 Σὺ
1493 4896 1701 4952 ἀπώσω
1748 4895 1873 4952 ἐπί-

222 5003 448 5057 γνωσιν,
480 4983 634 5056 κάγὼ
670 4982 965 5057 ἀπώσομαί
992 5004 1048 5039 σε
1082 4988 1181 5040 τοῦ
1232 4988 1307 5058 μή
1339 4984 1629 5060 ἱερατεύειν
1690 5006 1806 5059 μοι.
1840 5008 1869 5039 n

228 5069 285 5124 Εἰ
340 5070 450 5145 γάρ
503 5068 696 5132 πάντες
746 5070 798 5125 οἱ
847 5070 1032 5125 πιστοὶ
1090 5073 1395 5145 ψάλλοντες
1448 5073 1870 5146 συντασσόμεθα,

225 5157 307 5213 Ἐν
332 5164 453 5220 τοῖς
497 5155 833 5232 δικαιώμασί
881 5179 978 5214 σου
1028 5158 1339 5233 μελετήσω,
1390 5160 1490 5216 οὐκ
1532 5160 1871 5234 ἐπιλήσομαι

229 5251 329 5302 τῶν
387 5246 571 5323 λόγων
614 5269 732 5319 σνυ,
780 5247 931 5317 ἦπου
989 5252 1105 5309 τοῖς
1149 5250 1249 5318 τήν
1308 5248 1454 5323 ἱερᾶν
1504 5246 1870 5323 ἐνδεδύμένοις

228 5333 426 5404 στολὴν
461 5335 663 5411 πολλῷ
690 5357 756 5414 γε
788 5333 1006 5412 μᾶλλον
1036 5340 1198 5392 τοῦτο
1227 5340 1497 5413 προσήκει
1526 5342 1726 5395 ποιεῖν.

290 5426 355 5483 Ὀ
403 5424 463 5482 δὲ
512 5429 587 5499 ιη’
621 5429 714 5485 καὶ
768 5429 833 5483 ιθ⁹
878 5433 981 5497 τῆς
1033 5425 1088 5481 ἒν
1147 5431 1456 5505 Καρθαγένῃ
1502 5427 1730 5485 συνόδου
1776 5428 1871 5486 τὸν

229 5514 714 5592 χειροτονούμενον
747 5517 1260 5592 ὑπομιμνήσκεσθαι
1290 5516 1499 5574 κελεύει
1547 5518 1675 5576 τοὺς
1707 5516 1870 5593 ὅρους

225 5608 328 5658 τῶν
370 5607 624 5682 Πατέρων
664 5605 983 5687 φυλάττειν,
1024 5602 1123 5660 ὅσα
1165 5627 1225 5662 τε
1270 5607 1393 5683 περὶ
1433 5605 1738 5686 δογμάτων,
1778 5609 1870 5662 καί

230 5691 323 5748 ὅσα
349 5695 474 5769 περὶ
514 5701 623 5752 τῶν
647 5699 816 5772 ἱερῶν
858 5695 1099 5751 κανόνων
1140 5695 1444 5769 ἑθέσπισαν,
1485 5695 1581 5754 ’ίνα
1620 5698 1698 5772 μὴ
1742 5697 1868 5758 τοὺς

1981 4628 2228 4684 ditiones
2267 4635 2518 4699 recuset,
2551 4649 2610 4687 re
2634 4631 2846 4689 infecta
2892 4633 3237 4689 dimittatur.
3274 4633 3421 4689 Dicit
3467 4634 3624 4687 enim

1985 4717 2140 4773 Deus
2172 4734 2271 4789 per
2320 4721 2658 4791 prophetam
2700 4738 2714 4777 :
2768 4742 2793 4773 ε
2848 4722 2933 4777 Tu
2997 4723 3258 4795 repulisti
3299 4723 3627 4790 scientiam,

1980 4809 2039 4862 et
2057 4821 2164 4879 ego
2195 4807 2466 4879 repellam
2507 4813 2584 4880 te,
2636 4826 2707 4867 ne
2755 4810 2836 4867 sis
2881 4811 3025 4868 mihi
3073 4813 3359 4869 sacerdos.
3410 4832 3440 4862 »
3479 4810 3624 4867 Nam

1981 4896 2032 4952 si
2090 4913 2292 4952 omnes
2350 4898 2664 4956 Christiani
2708 4900 3092 4958 consistentes
3122 4917 3241 4957 una
3272 4900 3576 4971 psallimus
3611 4917 3626 4957 :

1986 5004 2015 5033 «
2048 4984 2110 5040 In
2132 4984 2375 5055 judiciis
2407 4986 2520 5043 luis
2569 4990 2916 5056 meditabor,
2988 5005 3102 5045 non
3162 4989 3477 5046 obliviscar
3514 5005 3632 5045 ser-

1986 5074 2179 5130 monis
2218 5076 2345 5131 tui:
2382 5098 2412 5127 »
2445 5081 2599 5133 certe
2654 5078 2784 5135 illos
2821 5080 2917 5149 qui
2977 5095 3202 5135 sacram
3237 5078 3483 5135 infulam
3542 5080 3631 5136 in-

1982 5161 2107 5217 duti
2130 5166 2291 5231 sunt,
2325 5165 2508 5222 multo
2541 5165 2729 5238 magis
2760 5166 2870 5223 hoc
2896 5167 3081 5224 facere
3110 5168 3294 5223 decet.

2054 5434 2250 5492 Canon
2299 5441 2494 5495 autem
2549 5442 2614 5495 18
2669 5450 2722 5495 et
2776 5442 2843 5497 19
2901 5445 3105 5515 synodi
3152 5446 3625 5520 Carthagineusis

1985 5524 2286 5582 admoneri
2312 5529 2698 5585 ordinandum
2724 5532 2998 5602 praecipit,
3034 5540 3097 5589 ut
3124 5538 3360 5593 Patrum
3396 5539 3627 5595 decreta

1984 5619 2191 5686 servet,
2224 5622 2338 5673 lam
2372 5635 2499 5689 quas
2527 5620 2683 5677 circa
2715 5621 2909 5690 ﬁdem,
2957 5639 3134 5695 quam
3175 5643 3365 5682 mores
3396 5643 3499 5698 per
3527 5645 3627 5683 sa-

1981 5718 2111 5763 cros
2139 5719 2392 5764 canones
2423 5713 2760 5781 sanxerunt,
2792 5726 2864 5767 ne
2893 5709 3105 5771 borum
3136 5716 3462 5773 sanctiones
3480 5731 3625 5785 prae-
