4092 6300
465 401 580 462 195

1729 401 2113 468 MATTH/EI
2158 408 2587 473 BLASTARIS

3746 411 3867 469 196

455 537 873 608 tergredientes
943 535 1178 590 tandem
1257 526 1516 590 stultitiae
1575 536 1729 607 ipsos
1805 541 2103 608 poeniteat,

2233 541 2383 617 ὅρους
2457 545 2662 596 τούτων
2750 539 3111 616 παρεξιόντες,
3169 539 3251 595 ἐπ’
3310 538 3554 614 ἐσχάτων
3627 540 3861 611 ἀνόνητα

454 625 718 680 videlicet
747 626 836 680 vel
868 625 927 678 in
960 623 1067 678 hac
1099 625 1212 677 vita
1243 624 1564 678 sacerdotio
1603 629 1829 693 exutos,
1863 629 1947 684 vel
1981 646 2104 700 poc-

454 732 561 770 nas
592 719 905 786 perpetuas
939 713 994 769 in
1029 715 1226 768 futura
1256 713 1481 768 dantes.

453 819 606 878 CLP.
639 820 707 878 V.
750 821 889 895 Quot
916 820 1147 895 episcopi
1202 820 1274 895 ad
1320 819 1727 895 ordinationem
1775 823 2006 895 episcopi
2051 831 2105 881 et

720 893 1057 962 reliquorum
1087 891 1411 946 clericorum
1440 891 1816 962 requiruntur.

521 1080 715 1133 Canon
750 1074 974 1147 primus
1006 1083 1339 1130 sanctorum
1389 1077 1576 1145 apost.
1636 1074 1977 1147 episcopum
2014 1077 2105 1132 in-

450 1166 613 1221 beta
643 1165 870 1220 duobus
905 1162 1192 1234 episcOpis
1242 1162 1538 1229 ordinari;
1595 1164 1664 1218 ab
1714 1163 1830 1220 illis
1885 1165 2106 1221 scilicet

451 1262 853 1314 consecratum
886 1255 1247 1310 invocatione
1273 1255 1527 1325 Spiritus
1559 1255 1766 1321 sancti,
1828 1261 1884 1312 et
1938 1273 2104 1312 sacro

448 1348 781 1403 orationum
816 1347 952 1400 ritu.
1068 1415 1070 1417 b
1761 1399 1784 1422 _

518 1435 822 1492 Secundus
879 1438 1076 1490 autem
1156 1434 1578 1504 presbyterum,
1639 1439 1696 1489 et
1773 1435 2102 1503 diaconum,

447 1529 504 1580 et
560 1524 818 1594 reliquos
885 1520 1128 1576 clericos
1181 1522 1252 1575 ab
1305 1538 1421 1576 uno
1503 1523 1772 1594 episcopo
1845 1523 2106 1580 ordinari

453 1613 733 1686 pracipit.

518 1705 712 1759 Canon
772 1706 967 1757 autem
1034 1700 1266 1757 concilii
1324 1702 1795 1772 Gartbaginensis
1856 1703 1924 1756 49
1987 1708 2106 1760 tres

448 1795 763 1865 episcopos
793 1792 864 1846 ad
899 1790 1323 1845 ordinationem
1349 1791 1607 1862 episcopi
1654 1791 1919 1846 sufﬁcere
1949 1792 2099 1847 afﬁr-

448 1886 594 1949 mat,
626 1897 699 1936 ne
736 1882 784 1935 si
840 1879 1037 1951 plures
1089 1879 1476 1951 requirantur,
1526 1881 1630 1934 hoc
1682 1880 2105 1951 impedimento

450 1973 528 2026 sit
568 1969 801 2026 utilitati
828 1985 894 2023 ac
922 1968 1250 2024 necessitati
1282 1968 1568 2024 Ecclesiae.
1601 1968 1718 2024 Nos
1766 1974 1961 2024 autem
2007 1985 2109 2026 ne-

455 2059 777 2116 cessarium
809 2066 895 2113 est
927 2067 987 2112 ut
1019 2065 1130 2112 tres
1174 2056 1258 2111 illi
1309 2057 1427 2112 sint
1485 2057 1662 2113 unius
1728 2063 1785 2113 et
1847 2059 2106 2127 ejusdem

457 2149 799 2220 provinciae;
835 2163 1033 2203 verum
1067 2147 1113 2201 si
1147 2150 1230 2202 tot
1260 2163 1373 2202 non
1407 2148 1614 2203 habeat
1644 2148 1754 2202 sub
1786 2163 1848 2203 se
1895 2152 2102 2204 metro-

453 2235 768 2306 politanus,
802 2234 974 2290 etiam
1018 2250 1085 2289 ex
1135 2232 1248 2288 alia
1307 2234 1604 2304 provincia
1652 2235 1798 2290 duos
1837 2233 2113 2298 assumit,

453 2332 632 2396 atque
656 2325 734 2379 ita
764 2324 1012 2378 electum
1045 2323 1297 2378 ordinat.

454 2431 607 2487 262
647 2431 782 2485 CAP
815 2430 904 2483 VI.
956 2429 1106 2496 Quod
1147 2445 1273 2482 eum
1322 2429 1418 2498 qui
1475 2429 1537 2484 in
1594 2431 1907 2500 episcopum
1957 2430 2109 2484 ordi-

527 2505 744 2557 nandus
782 2507 881 2567 est,
913 2506 1163 2571 oporteat
1185 2501 1250 2554 ab
1282 2516 1454 2556 uxore
1490 2517 1592 2556 sua
1616 2504 1889 2572 separari.

532 2689 730 2753 Quaere
761 2702 886 2756 cap.
933 2685 995 2739 17
1029 2683 1135 2739 litt.
1172 2688 1228 2738 Γ.

742 2793 895 2848 CAP.
928 2792 1046 2846 Vll.
1079 2794 1152 2847 De
1188 2796 1352 2847 atate
1377 2791 1830 2847 ordinandorum.

525 2957 746 3020 Quare.
776 2972 901 3025 cap.
937 2959 969 3008 2
999 2954 1108 3009 litt.
1164 2956 1225 3007 B.

458 3047 608 3101 CAP.
652 3045 795 3099 VIII.
859 3045 1008 3112 Quod
1049 3059 1160 3097 non
1211 3050 1450 3112 Oporteut
1503 3043 1816 3114 episcopum
1867 3047 2110 3101 morien-

528 3124 637 3172 tem
665 3116 847 3171 alium
895 3119 954 3170 in
983 3117 1164 3170 locum
1191 3131 1352 3168 suum
1408 3115 1661 3184 sufﬁcere
1709 3133 1773 3171 ac
1829 3117 2108 3174 ordinare.

529 3205 720 3261 Conon
748 3203 818 3259 76
841 3209 1028 3259 sanct.
1059 3208 1248 3274 apost.
1287 3224 1315 3253 »
1356 3203 1481 3259 Non
1529 3213 1767 3274 oportet,
1824 3205 1926 3272 ait,
1981 3208 2102 3277 cpi-

459 3310 695 3366 scopum
725 3295 796 3349 ab
827 3293 1068 3348 ecclesia
1099 3266 1296 3363 -quam
1333 3293 1477 3362 regit
1525 3266 1728 3363 quovis
1754 3266 1948 3350 'mod'o
2008 3266 2098 3352 ἑο·
2134 3266 2179 3332 C

457 3385 776 3452 cedentem,
803 3389 865 3436 ut
897 3382 979 3438 vel
1014 3381 1189 3437 alicui
1238 3382 1826 3452 consanguineorum,
1854 3393 1948 3439 aut
2005 3385 2102 3440 alii

457 3473 835 3546 gratiﬁcetur,
868 3471 1035 3526 illum
1085 3472 1155 3526 ad
1206 3472 1401 3526 sedem
1442 3488 1602 3526 suam
1656 3473 1946 3529 ordinare.
1978 3473 2104 3529 Non

457 3563 612 3618 enim
645 3577 873 3631 aequum
905 3568 992 3615 est
1020 3559 1108 3615 vel
1140 3565 1417 3630 cognatos
1448 3558 1703 3615 heredes
1733 3561 2105 3632 episcopatus

459 3650 829 3716 constituere,
862 3654 961 3704 aut
991 3664 1114 3718 quae
1149 3648 1246 3701 Dei
1283 3650 1442 3712 sunt,
1482 3647 1610 3702 aliis
1641 3663 1797 3704 more
1845 3650 2104 3706 humano

463 3739 696 3812 largiri;
733 3740 824 3794 sin
858 3754 988 3793 vero
1027 3737 1135 3792 hcc
1164 3738 1457 3808 contingat
1495 3736 1642 3802 ﬁeri,
1684 3743 1740 3792 et
1785 3739 2104 3795 ordinatio-

465 3844 598 3884 nem
625 3826 942 3884 invalidam
974 3841 1119 3893 esse,
1149 3835 1202 3880 et
1223 3827 1589 3882 ordinantem
1619 3828 1934 3897 segregari.
1958 3827 2102 3884 Nam

467 3917 768 3987 episcopos
821 3916 929 3970 sub
973 3914 1216 3969 concilio
1242 3929 1370 3969 esse
1401 3916 1784 3970 constitutum
1820 3919 1926 3970 est.
1983 3918 2104 3973 Imo

467 4021 597 4061 vero
662 4017 1140 4074 unumquemque
1207 4003 1266 4056 in
1311 4019 1484 4057 suum
1564 4004 1754 4059 locum
1819 4005 2106 4074 prisﬁcere

465 4109 874 4167 quemcunque
902 4091 1093 4158 vellet,
1143 4091 1370 4146 videtur
1415 4092 1588 4146 etiam
1644 4093 1922 4148 lsraelitis
1977 4109 2106 4149 esse

458 4183 858 4241 interdictum.
891 4183 973 4238 Ita
1004 4198 1146 4237 sane
1175 4180 1429 4235 divinum
1464 4181 1628 4235 illum
1663 4183 1878 4236 Mosam
1939 4182 2101 4238 incu-

460 4274 686 4341 sabant,
711 4272 864 4343 quod
897 4272 1130 4325 tratrem
1155 4286 1328 4325 suum
1363 4276 1646 4326 Aaronem
1681 4269 1946 4342 ﬁliosque
1977 4273 2102 4342 ejus

460 4363 522 4418 in
559 4360 947 4416 sacerdotium
1009 4359 1295 4430 promovit
1336 4375 1350 4424 ;
1386 4365 1443 4411 et
1493 4359 1603 4412 nisi
1652 4359 1802 4414 Deus
1853 4376 1951 4429 per
1999 4361 2103 4414 mi-

463 4450 659 4507 racula
706 4449 1092 4505 sacerdotium
1155 4446 1295 4518 ipsis
1345 4449 1766 4514 confirmasset,
1799 4465 1913 4504 non
1971 4451 2103 4504 diu-

463 4544 616 4596 esset
647 4537 791 4610 quin
823 4537 922 4592 illo
947 4535 1173 4606 depulsi
1206 4536 1469 4592 fuissent.

537 4818 731 4873 Canon
755 4820 949 4872 autem
981 4813 1050 4868 23
1081 4828 1207 4885 syn.
1252 4813 1620 4869 Antiochensi
1679 4814 1952 4869 admonet
1995 4830 2106 4868 non

461 4907 634 4964 licere
673 4907 941 4977 episcopo
972 4903 1237 4959 ordinare
1269 4903 1520 4974 cupienti
1565 4919 1733 4974 quem
1772 4903 1964 4972 vellet,
2019 4902 2109 4956 sui

463 5011 885 5060 successorem,
917 4992 1183 5064 quamvis
1215 4992 1271 5045 in
1297 4992 1451 5046 exitu
1474 4993 1602 5045 vitae
1627 4993 1840 5058 fuerit;
1885 5001 1937 5047 et
1986 4993 2111 5063 qui-

466 5087 597 5141 dem
632 5085 680 5139 si
715 5085 927 5150 fecerit,
957 5082 1179 5136 irritam
1195 5096 1322 5135 esse
1348 5081 1789 5135 ordinationem.
1826 5081 1892 5134 Hi
1916 5089 2106 5136 autem

463 5175 558 5245 qui
593 5174 733 5228 ritus
763 5171 1023 5228 Ecclesiae
1054 5171 1363 5225 observant
1392 5174 1519 5240 post
1560 5169 1781 5225 obitum
1832 5170 2107 5241 episcopi,

461 5265 647 5319 virum
670 5262 890 5332 judicio
920 5260 1316 5332 episcoporum
1364 5258 1668 5330 provinciae
1706 5258 1945 5330 dignum
1976 5277 2109 5331 pro-

465 5354 795 5409 movebunt.

468 5480 622 5531 CAP.
655 5479 744 5529 1X.
779 5475 931 5542 Quod
961 5476 1274 5542 episcopum
1319 5475 1414 5525 aut
1451 5472 1828 5541 presbyterum
1857 5477 1952 5527 aut
1996 5473 2110 5527 dia-

539 5565 734 5604 conum
783 5545 1032 5600 ordinurt
1082 5561 1190 5597 non
1234 5549 1500 5614 oporteat,
1547 5545 1870 5614 priusquam
1927 5553 2109 5599 omnes

537 5636 657 5676 suos
689 5619 1004 5674 domesticos
1036 5613 1376 5670 Christianos
1405 5617 1614 5683 fecerit.

542 5801 738 5856 Canon
795 5797 867 5856 36
921 5795 1126 5868 synodi
1165 5795 1639 5867 Carthaginensis
1693 5813 1803 5854 non
1851 5794 2109 5852 ordinari

2219 631 2692 704 μεταμεληθῶσιν,
2742 632 2776 699 ἢ
2827 629 2880 683 ἐν
2930 635 3006 701 τῷ
3055 631 3281 702 παρόντι
3340 629 3769 703 καθαιρεθέντες,

2213 722 2618 794 ἀπαραιτήτους
2652 717 2800 783 δίκας
2832 719 3126 793 ὑπέχοντες
3158 718 3210 773 ἐν
3242 722 3320 790 τῷ
3354 717 3641 791 μέλλοντι.

2215 832 2468 881 ΚΕΦΔΛ.
2513 832 2583 881 E'.
2626 827 2780 880 Ὑπὸ
2829 824 3049 878 πόσών
3108 822 3488 878 ἐπισκόπων
3538 845 3644 916 χει
3705 844 3863 877 cto-

2286 902 2556 951 νοῦνται
2599 899 2660 950 οἱ
2701 896 3058 951 ἐπίσκοποι
3099 897 3204 951 καὶ
3237 896 3298 949 οἳ
3341 894 3575 951 λοιποι
3614 843 3860 951 uano:-

2286 902 2556 952 νοῦνται
2599 899 2660 950 οἱ
2701 896 3058 951 ἐπίσκοποι
3099 897 3204 951 καὶ
3237 896 3298 949 οἳ
3341 894 3579 951 λοιποί
3614 894 3860 968 κληρι-

2284 970 2423 1026 κοί.

2285 1076 2346 1132 Ὁ
2381 1075 2475 1148 μὲν
2509 1079 2559 1130 α’
2597 1081 2705 1130 τῶν
2749 1076 2914 1150 ἁγίων
2966 1071 3287 1129 ἀποστόλων
3339 1075 3512 1128 κανὼν
3562 1071 3865 1128 ἐπίσκοπον

2219 1165 2321 1218 ὑπὸ
2379 1162 2478 1218 δύο
2539 1165 2847 1220 ἐπισκόπων
2908 1165 3340 1238 χειροτονεῖσθαι
3391 1161 3622 1231 κελεύει,
3677 1165 3868 1216 καθιε-

2217 1253 2478 1328 ρούμενον
2516 1255 2652 1328 πρὸς
2684 1255 2861 1308 αὐτῶν
2896 1256 2965 1327 τῇ
3018 1251 3303 1322 ἐπικλήσει
3353 1255 3450 1308 τοῦ
3499 1251 3653 1327 ἁγίου
3695 1251 3868 1306 Πνεύ-

2220 1364 2409 1416 ματος,
2441 1345 2530 1398 καὶ
2571 1348 2639 1416 τῇ
2671 1345 2788 1418 ἱερᾷ
2815 1347 2922 1396 τῶν
2955 1343 3132 1415 εὐχῶν
3164 1341 3382 1415 τελετῇ.

2287 1438 2342 1486 Ὁ
2375 1430 2430 1486 δὲ
2552 1428 2934 1507 πρεσϐύτερον.
2975 1434 3064 1486 καὶ
3117 1429 3390 1500 διάκονον,
3430 1432 3520 1485 καὶ
3566 1431 3692 1492 τοὺς
3741 1432 3866 1486 λοι-

2213 1521 2348 1582 ποὺς
2397 1521 2718 1598 κληρικοὺς,
2772 1522 2858 1600 ὑφ’
2908 1522 3024 1584 ἑνὸς
3085 1521 3381 1576 ἐπισκόπου
3431 1523 3863 1595 χειροτονεῖσθαι

2212 1617 2608 1687 παρεγγυᾶται.

2282 1702 2343 1757 Ὁ
2375 1699 2432 1755 δέ
2462 1705 2557 1770 τῆς
2611 1701 2663 1754 ἐν
2716 1699 3024 1774 Καρθαγένη
3074 1701 3158 1772 μθ¹
3206 1703 3352 1773 τρεῖς
3403 1697 3728 1759 ἐπισκόπους
3778 1697 3865 1761 εἰς

2211 1789 2513 1844 ἐπισκόπου
2580 1797 2922 1864 χειροτονίαν
2983 1789 3163 1860 ἀρκεῖν
3219 1787 3552 1863 ἀπεφήνατο,
3627 1785 3717 1840 ’ίνα
3777 1789 3864 1860 μή

2212 1879 2440 1941 πλείους
2499 1878 2924 1948 ἐπιζητούντων,
2975 1879 3054 1949 τῷ
3109 1876 3377 1952 χρησίμῳ
3443 1883 3531 1931 καί
3590 1876 3866 1949 ἀναγκαίῳ

2213 1976 2314 2038 τῆς
2353 1969 2679 2038 Ἐκκλησίας
2725 1965 2984 2041 ἐμποδὼν
3017 1972 3180 2022 τοῦτο
3220 1966 3459 2040 γένηται.
3502 1965 3610 2020 Οὐκ
3649 1965 3864 2038 ἀνάγκη

2218 2058 2276 2114 δὲ
2305 2058 2395 2113 καὶ
2427 2058 2553 2120 τοὺς
2584 2064 2728 2131 τρεῖς
2769 2064 2868 2128 τῆς
2909 2056 3073 2126 αὐτῆς
3112 2055 3378 2131 ἐπαρχίας
3429 2053 3561 2109 εἶναι
3589 2074 3602 2086 ·
3655 2052 3780 2109 ἀλλ’
3812 2053 3865 2108 εἷ

2223 2150 2297 2219 μή
2352 2147 2644 2210 τοσούτους
2695 2146 2812 2220 ἔχει
2860 2147 2887 2200 ὁ
2944 2144 3386 2221 μητροπολίτης,
3430 2145 3518 2202 καὶ
3577 2143 3629 2214 ἐξ
3677 2143 3866 2216 ἑτέρας

2219 2237 2486 2316 ἐπαρχίας
2519 2236 2614 2293 δύο
2646 2233 3082 2314 προσλαμϐάνει,
3122 2236 3211 2291 καὶ
3245 2236 3389 2292 οὕτω
3428 2237 3521 2291 τὸν
3569 2235 3868 2312 ψηφισθὲν-

2217 2348 2286 2381 τα
2310 2333 2637 2401 χειροτονεῖ.

2223 2439 2482 2524 ΚΙΞΦΑΛ.
2523 2433 2793 2524 ς’.¹“¹οτι
2825 2435 2932 2488 τὸν
2965 2433 3660 2524 χειροτονηθήσεσθαι
3685 2428 3867 2520 ’μέλ-

2292 2505 2494 2559 λοντα
2538 2499 2908 2560 ἐπίσκοπον
2966 2499 3450 2578 δἐῖ’πρότερο’ν
3509 2505 3623 2571 τῆς
3685 2499 3870 2562 ἷδίας

2293 2578 2705 2650 χωρίζεσθαι
2748 2576 3065 2653 γυναικός
3092 2619 3103 2631 .

2291 2685 2452 2752 Ζήτει
2482 2685 2541 2738 τὸ
2577 2686 2637 2752 ιζ’
2667 2681 2960 2761 κεφάλαιον
2993 2687 3087 2738 τοῦ
3119 2688 3155 2736 Γ
3189 2682 3486 2756 στοιχείου.

2259 2779 2510 2828 ΚΕΦΑΛ.
2555 2775 2622 2827 Ζ’,
2668 2775 2824 2846 Περὶ
2861 2781 2978 2850 τῆς
3017 2778 3142 2850 τῷν
3197 2770 3827 2850 χειροτονουμένῶν

2892 2844 3197 2914 ἡλικίας.

2292 2936 2445 3004 Ζήτει
2477 2936 2538 2989 τὸ
2570 2936 2616 3009 β’
2645 2935 2935 3013 κεφάλαιον
2967 2939 3064 2988 τοῦ
3097 2941 3133 2987 Β
3165 2933 3464 3009 στοιχείου.

2223 3039 2476 3099 ΚΕΦΔΛ.
2521 3047 2598 3097 Η’.
2640 3045 2789 3099 ’Ὀτι
2842 3042 2912 3095 οὐ
2979 3039 3081 3114 δεῖ
3147 3042 3577 3114 χειροτονεῖν
3633 3032 3862 3110 ἕτερον

2325 3114 2464 3166 ἀνθ’
2497 3115 2731 3168 ἑαυτοῦ
2760 3114 2869 3168 τὸν
2900 3110 3309 3168 τελευτῶντα
3339 3110 3708 3164 ἐπίσκοπον
3736 3149 3752 3165 .

2291 3207 2346 3257 Ὁ
2401 3205 2473 3264 ος’
2529 3208 2636 3258 τῶν
2697 3203 2864 3279 ἁγίων
2929 3201 3249 3258 ἀποστόλων
3310 3201 3508 3269 κανὼν,
3584 3199 3660 3254 Οὐ
3719 3199 3862 3272 χρὴ,

2219 3292 2375 3368 φησί,
2448 3294 2538 3347 τὸν
2618 3293 2930 3362 ἐπίσκοπον,
2999 3289 3385 3363 ὁποιῳδήποτε
3471 3286 3862 3362 μεθίστάμενον

2219 3381 2407 3454 τρόπῳ
2464 3385 2528 3450 ἧς
2591 3381 2781 3436 ἰθύνειν
2853 3375 3052 3458 ἔλαχεν
3113 3380 3428 3449 ἐκκλησίας,
3487 3377 3521 3447 ἢ
3575 3398 3679 3432 τινι
3751 3380 3865 3430 τῶν

2217 3474 2305 3549 ἀφ’
2364 3470 2594 3545 α’ίματος
2649 3473 2682 3539 ἢ
2740 3470 2910 3545 ἐτέρῳ
2963 3471 3349 3544 χαριζόμενον,
3398 3466 3473 3528 εἷς
3521 3468 3611 3521 τὸν
3659 3464 3866 3534 ταύτης

2219 3565 2406 3638 θρόνον
2447 3567 2638 3618 τοῦτον
2699 3565 3053 3636 χειροτονεῖν.
3109 3559 3182 3614 Οὐ
3229 3558 3330 3634 γὰρ
3379 3555 3609 3624 δίκαιον,
3659 3556 3692 3623 ἦ
3734 3554 3863 3614 τοὺς

2217 3654 2361 3728 γένει
2453 3654 2828 3728 προσήκοντας
2914 3645 3300 3724 κληρονόμους
3379 3649 3477 3715 τῆς
3558 3644 3861 3712 ἐπισκοπῆς

2215 3745 2506 3810 ποιεῖσθαι,
2550 3742 2584 3809 ἢ
2636 3741 2840 3814 ἑτέροις
2885 3740 2950 3794 τὰ
2996 3743 3091 3794 τοῦ
3141 3742 3274 3792 Θεοῦ
3320 3739 3479 3792 πάθει
3532 3734 3858 3810 ἀνθρωπίνῳ

2217 3832 2530 3908 χαρίζεσθαι
2568 3849 2581 3862 ⁶
2623 3829 2668 3883 εί
2729 3827 2786 3882 δέ
2844 3823 3084 3901 συμϐαίη
3131 3826 3398 3902 γενέσθαι,
3449 3825 3537 3878 καὶ
3585 3824 3682 3890 τήν
3729 3842 3858 3899 χει-

2219 3922 2469 3995 ροτοοίαν
2535 3918 2732 3992 ἄκυρον
2799 3918 2998 3989 μένειν,
3069 3915 3160 3970 καὶ
3243 3917 3337 3970 τὸν
3395 3913 3856 3988 χειροτονήσαντα

2214 4009 2584 4084 ἀφορίζεσθαι.
2626 4006 2755 4060 Ὑπὸ
2804 4007 2907 4081 γὰρ
2960 4001 3182 4059 συνόδου
3231 4002 3357 4064 τοὺς
3399 4002 3727 4060 ἐπισκόπους
3768 3998 3856 4071 γί-

2213 4102 2391 4152 νεσθαι
2456 4095 2817 4164 διατέτακται,
2886 4094 2947 4149 οὐ
3020 4094 3127 4166 μὴν
3194 4090 3417 4147 ἕκαστον
3482 4091 3594 4144 ἀνθ’
3661 4091 3855 4144 ἑαυτοῦ

2213 4186 2570 4263 προίσχεσθαι
2627 4187 2685 4240 ’ὸν
2745 4185 2806 4238 ἄν
2867 4182 3184 4258 βουληθείη.
3263 4184 3442 4239 Τοῦτο
3490 4179 3740 4239 καὶτοῖς

2215 4276 2437 4351 Ἰσραὴλ
2496 4281 2606 4331 τῶν
2665 4270 3047 4348 ἀπειρημένων
3108 4269 3317 4326 ἐδόκει·
3379 4269 3570 4343 ἆμέλει
3626 4268 3713 4322 καὶ
3771 4271 3855 4337 τῷ

2215 4365 2478 4438 θεσπεσίῳ
2537 4363 2822 4418 ἐνεκάλουν
2903 4364 3096 4433 Μωσῇ,
3171 4361 3243 4421 ὡς
3319 4359 3419 4432 ἄρα
3475 4359 3564 4411 τὸν
3619 4353 3854 4434 ἀδελφὸν

2214 4457 2422 4532 Ἀαρὼν
2483 4456 2571 4510 καὶ
2628 4456 2753 4517 τοὺς
2812 4452 3018 4507 ἐκείνου
3077 4453 3210 4512 υἱεῖς
3260 4452 3498 4523 ἱερᾶσθαι
3547 4445 3856 4522 προεχειρί-

2216 4568 2344 4602 σατο
2371 4567 2382 4579 ·
2415 4548 2502 4601 καὶ
2539 4545 2583 4599 εί
2624 4545 2700 4617 μὴ
2750 4542 3000 4616 σημείοις
3031 4542 3057 4595 ὁ
3089 4542 3217 4600 Θεὸς
3263 4541 3364 4608 τὴν
3412 4538 3709 4612 ἱερωσύνην
3755 4534 3854 4589 αὐ-

2139 4641 2186 4704 D
2217 4642 2332 4698 τοῖς
2390 4634 2741 4709 ἐπεψήφισεν,
2809 4632 2908 4687 οὐκ
2969 4630 3030 4684 ἄν
3099 4630 3232 4699 ἦσαν
3299 4625 3584 4702 φθάνοντες
3648 4625 3852 4694 ταύτης

2213 4722 2665 4800 ὡστρακισμὲνοι.

2290 4816 2351 4871 Ὁ
2401 4811 2456 4868 δὲ
2501 4814 2581 4887 κγ’
2627 4819 2728 4881 τῆς
2773 4809 2826 4864 ἐν
2887 4806 3194 4882 Ἀντιοχείᾳ
3255 4803 3481 4860 συνόδόυ
3531 4805 3607 4877 μή
3665 4804 3856 4872 ἐξεῖναι

2217 4905 2426 4960 κελεύει
2455 4909 2534 4975 τῷ
2569 4901 2887 4976 βουλομένῳ
2914 4900 3246 4972 χειροτονεῖν
3278 4896 3335 4948 ’ὸν
3378 4893 3630 4968 βούλεται
3665 4889 3854 4946 διάδο-

2219 5016 2319 5072 χον
2353 4994 2563 5063 ὲαυτοῦ,
2749 4989 2884 5062 πρὸς
2931 4991 2997 5061 τῇ
3028 4985 3254 5058 τελευτῇ
3300 4987 3397 5038 τοῦ
3449 4984 3571 5057 βίου
3617 4981 3858 5056 τυγχάνῃ

2219 5084 2314 5151 ὢν,
2346 5083 2390 5137 εἰ
2425 5081 2481 5136 δὲ
2523 5083 2623 5154 μὴ,
2655 5078 2850 5152 ἄκυρον
2897 5078 3029 5130 εἶναι
3074 5076 3172 5143 τήν
3223 5073 3546 5128 κατάστασιν
3571 5093 3583 5104 ·
3640 5071 3766 5132 τοὺς
3801 5069 3858 5125 δὲ

2217 5173 2446 5244 θεσμοὺς
2495 5173 2591 5238 τῆς
2642 5166 2973 5236 Ἐκκλησίας
3017 5161 3406 5240 φυλάττοντας,
3460 5161 3594 5234 μετὰ
3631 5161 3692 5214 τὸ
3747 5181 3858 5232 μη-

2215 5264 2329 5316 κέτι
2374 5260 2506 5314 εἶναι
2563 5258 2652 5311 τὸν
2704 5255 3017 5323 ἐπίσκοπον,
3066 5255 3239 5328 κρίσει
3289 5256 3396 5306 τῶν
3442 5257 3539 5319 τῆς
3590 5248 3854 5322 ἐπαρχίας

2218 5349 2527 5405 ἐπισκόπων
2559 5347 2651 5399 τὸν
2685 5343 2836 5414 ἄξιον
2861 5341 3327 5416 προχειρίζεσθαι.

2221 5477 2476 5529 ΚΕΦΑΛ.
2528 5472 2602 5526 Θ’.
2659 5471 2806 5522 ’Ὀτι
2857 5467 2928 5522 οὐ
2978 5461 3662 5540 δεῖχειροτονεῖσθαί
3711 5481 3857 5516 τινα

2289 5545 2691 5608 ἐπίσκοπον,
2759 5541 2794 5609 ἢ
2862 5533 3349 5612 πρεσϐ-ύτερὸν,
3418 5533 3856 5612 ἧηδιάκοΔνονὶ

2285 5619 2396 5670 ἐὰν
2458 5615 2543 5686 μὴ
2601 5605 2930 5686 πρότερον
2988 5605 3379 5686 τοὺςένπῷ
3435 5605 3597 5677 οθίκῳ
3654 5605 3856 5659 αὐτοῦ

2286 5679 2542 5748 πάντας
2578 5679 2832 5756 ποιήσῂ
2872 5679 3345 5756 Χριστιανούς.

2286 5795 2343 5852 Ὁ
2388 5789 2445 5848 δὲ
2501 5789 2582 5859 λς’
2629 5796 2729 5864 τῆς
2789 5788 2839 5845 ἐν
2884 5783 3196 5868 Καρθαγένη
3260 5782 3487 5842 συνόδου
3543 5782 3717 5839 κανὼν
3779 5781 3856 5858 μὴ
