4092 6300
230 396 326 459 Ι9Ἰ
1250 393 1675 470 SYNTAGMA
1714 394 2347 460 ALPHABETICUM.
2397 430 2473 443 —
2516 392 2593 458 X.

3514 400 3629 463 198

220 529 661 604 χειροτονεῖσθαι
706 525 921 583 κελεύει
983 529 1123 600 μήτε
1179 524 1499 597 ἐπίσκοπον,
1541 529 1679 601 μήτε
1737 547 1871 602 πρε-

1992 529 2246 601 ριιωοὶρὶι
2275 529 2361 585 vel
2390 530 2732 603 episcopum
2761 530 2850 587 vel
2883 531 3284 604 presbyterum
3316 532 3402 589 vel
3433 535 3632 591 diaco-

219 612 506 691 σὸύτερον,
559 620 703 690 μήτε
753 614 1023 687 διάκονον,
1056 614 1113 670 ἂν
1158 617 1234 689 μὴ
1282 612 1545 692 πρότερον
1601 615 1728 678 τοὺς
1788 616 1871 670 οἶ-

211 707 395 767 κείους
451 706 658 767 πάντας
736 705 1098 780 Χριστιανοὺς
1162 706 1403 781 γενέσθαι
1460 704 1872 779 παρασκευάσω·

209 819 324 853 σιν.
356 798 417 852 '0
466 797 578 872 γὰρ
618 794 748 857 τοὺς
800 794 1035 857 οἰκείους
1087 793 1403 868 ἐπιστρέψαι
1431 794 1567 867 πρὸς
1599 788 1869 849 εὐσέϐειαν

212 890 297 961 μὴ
362 884 558 960 δεξιῶς
607 883 775 960 ἔχων,
830 889 946 946 πῶς
1000 885 1215 960 ἑτέρους
1268 884 1449 945 ἱκανὸς
1524 881 1671 938 ἔσται
1728 880 1874 938 διδά-

207 994 409 1045 σκεινς
443 976 521 1038 ὡς
547 975 642 1029 καὶ
672 974 700 1028 ὁ
743 974 911 1049 μέγας
959 972 1093 1050 φησὶ
1144 976 1356 1035 Παῦλος
1378 991 1390 1003 ·
1425 997 1454 1026 ‹‹
1487 971 1559 1028 Εἴ
1596 994 1681 1036 τις
1730 970 1870 1027 ἰδίου

208 1062 381 1118 οἴκου
408 1069 715 1138 προστῆναι
744 1062 844 1118 οὐκ
873 1060 1006 1126 οἶδε,
1039 1066 1155 1125 πῶς
1186 1062 1351 1124 οὗτος
1381 1060 1709 1131 Ἐκκλησίας
1738 1064 1873 1117 Θεοῦ

208 1155 593 1229 προστήσεται
621 1171 637 1222 ;
669 1175 697 1203 κ

208 1282 486 1351 ΚΕΦΔΛΑ.
523 1278 583 1334 I'.
612 1279 764 1351 "701:.
800 1276 872 1351 ού
914 1274 1012 1331 δεῖ
1050 1280 1592 1351 χειροτονεῖσθαι
1633 1274 1873 1344 ἀυρύον

285 1348 697 1426 τὸν-λαϊκὸν
748 1347 1138 1426 ἐπίσκοπον,
1174 1347 1497 1426 ὀὐδετὸν
1544 1349 1689 1426 ἄρτι
1741 1370 1872 1426 φω-

286 1371 408 1404 τον
462 1369 697 1403 Ααικον
748 1369 1138 1416 επισκοπον,
1187 1369 1339 1403 ουοε
1384 1370 1493 1404 τον
1544 1369 1689 1476 αρτι
1741 1370 1872 1426 φω-

286 1423 649 1476 τισθένταο
689 1421 799 1475 καὶ
840 1420 948 1493 διὰ
983 1422 1178 1482 ποίας
1219 1420 1437 1480 αἰτίας
1478 1422 1506 1474 ὁ
1545 1442 1578 1475 κ
1639 1420 1872 1493 ηρικὸς

284 1496 413 1557 τῆς
462 1493 836 1568 ἱερωσύνης
874 1491 1280 1570 ἀφαιρεῖται.

286 1602 459 1670 Ζήτει
487 1600 552 1655 τὸ
585 1602 631 1655 α’
659 1598 954 1678 κεφάλαιον
984 1604 1083 1654 τοῦ
1110 1604 1159 1658 Α
1190 1600 1490 1675 στοιχείου.

221 1713 489 1782 ΚΕΦᾼΛ.
532 1709 642 1782 IA'.
680 1707 847 1762 Πότε
895 1712 1392 1782 χειρῇοτορνεῖται
1450 1706 1795 1782 εύ-νομῦχος,
1832 1707 1868 1776 ἢ

291 1779 530 1853 ἄλλως
586 1781 666 1853 τὸ⁸
710 1774 1467 1853 σῶμα”λελω6ηιιένος,
1508 1774 1872 1842 ἐπίσκοπος

292 1851 331 1920 ἦ
370 1850 730 1924 κληρικός.

291 1959 460 2027 Ζτςτει
491 1958 556 2011 τὸ
588 1955 669 2012 λδ’
694 1956 990 2032 κεφάλαιον
1021 1961 1123 2012 τοῦ
1156 1962 1196 2014 Β
1223 1957 1532 2031 στοιχείου.

289 2052 345 2101 Ὁ
376 2044 437 2101 δὶ
468 2052 545 2115 οζ⁹
582 2047 671 2101 καὶ
719 2048 749 2102 ὁ
805 2048 891 2117 οη¹
918 2042 1137 2109 κανόνες
1166 2045 1273 2102 τῶν
1333 2046 1499 2122 ἁγίων
1550 2045 1872 2102 ἀποστόλων

223 2135 320 2190 οὒκ
351 2135 697 2191 ἀπωθοῦνται
742 2142 846 2205 τῆς
900 2136 1193 2212 ἱιρωσύνης
1248 2137 1342 2191 τὸν
1375 2134 1803 2214 ἓτερόσθαλμον,
1833 2136 1868 2205 ἢ

221 2227 281 2280 τὸ
330 2223 531 2286 σκέλος
579 2224 970 2294 ὑποσκάζοντα.
999 2226 1082 2282 Οὐ
1127 2225 1231 2300 γὰρ
1280 2220 1464 2296 λώϐη,
1496 2226 1652 2300 φησί,
1684 2227 1871 2297 σώμα-

224 2334 335 2381 τος,
365 2312 461 2368 οἵα
514 2332 577 2368 τε
629 2317 793 2369 τοῦτο
845 2318 1053 2387 μιᾶναι,
1110 2312 1257 2369 ἀλλὰ
1311 2318 1497 2388 ψυχῆς
1560 2313 1870 2387 μολυσμός.

226 2404 381 2459 Ταυτὶ
414 2403 525 2478 γὰρ
566 2407 645 2474 τῷ
686 2402 905 2458 σκιώδει
949 2405 1363 2477 παρατετήρητο
1404 2402 1583 2476 νόμῳ,
1633 2401 1871 2472 ὁλόκλη-

234 2507 318 2560 ρον
371 2489 729 2561 ἐπιζητοῦντι
786 2491 849 2545 τὸ
907 2494 1084 2563 σῶμα,
1137 2495 1254 2552 τοῖς
1319 2486 1621 2565 ὁρωμένοις
1679 2488 1875 2544 ἐκπαι-

238 2575 386 2634 δεύειν
426 2580 501 2634 τὰ
547 2580 889 2652 πνευματικὰ
928 2579 1165 2638 εἰωθότι.
1202 2577 1375 2635 Ἀλλά
1415 2579 1506 2634 καὶ
1547 2581 1575 2634 ὁ
1609 2580 1742 2652 μετὰ
1772 2581 1869 2648 τὴν

235 2668 522 2740 ἱερωσύνην
555 2670 807 2725 τοιοῦτόν
835 2690 888 2723 τι
934 2668 1242 2737 πεπονθὼς,
1272 2669 1472 2739 ταύτης
1523 2669 1830 2724 ἀπεκινεῖτο
1851 2688 1869 2706 ο

230 2758 344 2831 παρ’
373 2759 518 2830 ἡμῖν
572 2753 651 2820 δὶ,
682 2758 773 2811 καὶ
822 2757 850 2810 ὁ
899 2756 993 2818 τὰς
1049 2755 1199 2830 ὄψεις
1252 2756 1388 2829 μετὰ
1427 2759 1528 2826 τὴν
1571 2755 1869 2831 ἱερωσύνην

221 2845 531 2917 ἀνακοπεὶς,
574 2846 610 2916 ἢ
686 2846 854 2920 ἑτέρῳ
932 2845 1087 2901 πάθει
1171 2846 1474 2920 περιπεσὼν
1570 2846 1870 2918 ἀνηκέστῳ,

218 2938 313 3004 τῆς
372 2934 683 3009 ἱερωσύνης
744 2934 809 2989 ού
874 2935 1233 3006 μετατίθεται.
1286 2935 1345 2990 Εἰ
1411 2940 1511 3011 γάρ
1558 2956 1662 3004 τις,
1719 2935 1869 3012 φησὶ,

217 3024 307 3077 καὶ
362 3021 538 3101 ἄμφω
599 3021 720 3083 τοὺς
777 3020 1095 3099 ὀφθαλμοὺς
1152 3022 1496 3094 ἰκκέκοπται,
1543 3023 1577 3092 ἢ
1635 3024 1703 3077 τὰ
1758 3021 1873 3077 ὦτα

213 3112 571 3189 ιεκώφωται,
603 3109 639 3181 ἢ
695 3112 794 3181 τήν
852 3109 1026 3182 δεξιὰν
1082 3111 1260 3187 ἀργὴν
1316 3110 1435 3187 ἔχει
1484 3111 1668 3190 χεὶρα,
1699 3111 1734 3181 ἢ
1777 3110 1870 3166 ἅλα

217 3200 324 3271 λην
380 3200 510 3255 τινὰ
564 3204 673 3255 τῶν
729 3200 1031 3271 αἰσθήσεων
1088 3200 1388 3279 ἀφῄρηται,
1437 3199 1870 3274 προσισταμένης

1982 635 2145 687 num,
2195 619 2308 674 nisi
2361 621 2522 690 prius
2571 621 2926 676 domesticos
2975 638 3117 677 suos
3165 623 3235 677 ad
3285 622 3629 680 Christiani-

1983 723 2178 762 smum
2211 707 2579 765 adduxerint.
2615 709 2759 766 Nam
2790 711 2892 781 qui
2922 726 3059 766 suos
3087 710 3157 767 ad
3191 712 3461 784 pietatem
3495 729 3630 768 con-

1981 802 2202 854 vertam
2243 798 2449 865 nescit,
2498 799 2790 870 quomodo
2839 803 3011 868 aptus
3065 815 3197 856 esse
3247 805 3423 872 queat
3485 800 3632 857 alios

1982 885 2235 943 docere?
2264 888 2423 944 Sicut
2467 892 2523 944 et
2570 904 2814 961 magnus
2863 888 3078 945 Paulus
3122 889 3265 945 dicit
3298 907 3312 944 :
3344 912 3374 941 α
3405 891 3468 947 Si
3499 892 3633 963 quis

1982 976 2184 1032 domui
2230 993 2351 1032 sua
2400 992 2646 1049 prteesse
2692 978 2899 1047 nescit,
2931 979 3223 1050 quomodo
3279 978 3381 1037 Dei
3430 979 3633 1040 Eccle-

1982 1064 2133 1121 siam
2164 1081 2362 1137 regere
2392 1066 2652 1138 poterit?
2682 1091 2705 1121 ι

1982 1263 2123 1332 Cap.
2156 1266 2230 1338 Χ.
2257 1262 2407 1331 Quod
2435 1279 2551 1338 non
2572 1265 2821 1338 oporteat
2856 1264 3071 1321 laicum
3099 1265 3299 1338 statim
3318 1264 3633 1338 episcopum

2051 1336 2251 1408 creari,
2282 1351 2457 1408 neque
2486 1335 2650 1408 illum
2681 1335 2786 1408 qui
2807 1339 3119 1407 nuperrime
3148 1335 3459 1407 baptizatus
3489 1335 3633 1408 fuit:

2053 1410 2103 1461 et
2132 1405 2327 1479 quibus
2355 1406 2419 1462 de
2443 1407 2624 1463 causis
2653 1405 2890 1463 clericus
2918 1405 3226 1463 sacerdotio
3254 1410 3486 1465 excidit.

2052 1588 2253 1652 Quaere
2292 1603 2415 1662 cap.
2450 1589 2474 1643 1
2510 1586 2624 1645 litt.
2654 1589 2724 1644 A.

1983 1693 2144 1750 568
2176 1694 2329 1751 CAP.
2361 1693 2455 1751 XI.
2490 1694 2726 1763 Quando
2754 1712 2869 1750 non
2885 1694 3177 1751 ordinetur
3203 1695 3483 1751 eunuchus
3510 1696 3634 1767 epi-

2051 1782 2237 1838 scopus
2300 1775 2397 1823 aut
2461 1768 2713 1833 clericus,
2780 1774 2877 1823 aut
2945 1767 3115 1823 aliter
3180 1782 3406 1840 corpore
3472 1784 3633 1824 man-

2055 1854 2171 1895 cus.

1902 1909 1950 1975 B
2052 1947 2256 2013 Quaere
2284 1961 2413 2018 cap.
2447 1946 2516 2000 34
2544 1944 2655 2001 litt.
2691 1945 2753 2001 E.

2052 2035 2317 2092 Canones
2361 2035 2433 2089 7‘7
2476 2040 2533 2091 et
2570 2036 2641 2089 78
2690 2039 3027 2091 sanctorum
3082 2036 3473 2108 apostolorum
3518 2052 3633 2093 non

1982 2123 2253 2196 rejiciunt
2301 2141 2335 2180 a
2380 2124 2704 2181 sacerdotio
2737 2124 3130 2194 monoculum,
3162 2132 3261 2181 aut
3291 2125 3633 2181 claudican-

1981 2220 2124 2271 tem.
2156 2213 2280 2270 Non
2313 2214 2468 2270 enim
2502 2213 2661 2270 labes
2689 2214 3005 2285 corporalis
3035 2216 3226 2286 quoad
3260 2214 3369 2269 hoc
3403 2214 3631 2286 polluit,

1982 2305 2084 2359 sed
2134 2304 2340 2359 animas
2371 2303 2602 2359 vitium.
2637 2303 2795 2358 Istud
2842 2303 3000 2358 enim
3036 2304 3146 2358 sub
3178 2302 3302 2373 lege
3332 2303 3631 2359 umbratili

1983 2395 2350 2449 observatum
2398 2398 2508 2461 est,
2542 2410 2664 2461 quae
2713 2393 2995 2463 integrum
3044 2410 3258 2464 corpus
3308 2394 3511 2463 exegit,
3544 2398 3635 2448 at-

1982 2497 2093 2552 que
2151 2481 2298 2537 solet
2352 2498 2421 2536 ex
2477 2481 2808 2538 visibilibus
2875 2482 3207 2552 spiritualia
3263 2482 3520 2537 edocere.
3582 2484 3635 2537 Is

1982 2572 2218 2643 quidem
2268 2571 2368 2642 qui
2422 2571 2535 2626 tale
2584 2572 2722 2643 quid
2776 2586 2988 2642 passus
3044 2571 3226 2625 fuerat
3257 2587 3495 2627 munere
3526 2587 3634 2626 suo

1983 2661 2327 2716 movebatur
2359 2677 2372 2714 :
2405 2665 2804 2715 verumtamen
2855 2661 3008 2731 apud
3063 2677 3190 2727 nos,
3222 2660 3321 2731 qui
3372 2661 3456 2715 vel
3489 2676 3635 2716 ocu—

1980 2749 2070 2806 los
2117 2758 2249 2821 post
2278 2748 2668 2805 sacerdotium
2700 2753 2961 2805 exsectos
2995 2749 3187 2817 habet,
3219 2748 3306 2805 vel
3337 2749 3544 2805 incidit
3572 2748 3631 2803 in

1984 2837 2141 2895 aliud
2190 2839 2393 2894 vitium
2442 2837 2759 2909 corporale,
2807 2839 2960 2909 quod
3018 2840 3212 2894 sanari
3263 2838 3485 2909 nequit,
3538 2854 3633 2893 sa-

1982 2928 2238 2985 cerdotio
2271 2944 2385 2984 non
2418 2932 2769 2984 semovetur.
2797 2927 2943 2983 Nam
2976 2929 3020 2983 si
3064 2928 3216 2998 quis,
3252 2926 3462 2997 inquit,
3494 2941 3634 2983 ocu-

1983 3019 2056 3076 lis
2103 3019 2387 3076 ambobus
2437 3021 2675 3074 orbatus
2724 3018 2919 3086 fuerit,
2953 3025 3054 3075 aut
3104 3020 3367 3091 utrisque
3397 3018 3634 3073 auribus

1981 3109 2369 3176 obsurduerit,
2456 3113 2557 3164 aut
2641 3109 2940 3164 dexteram
3036 3107 3261 3164 aridam
3347 3106 3630 3172 habuerit,

1983 3202 2085 3254 aut
2131 3196 2245 3254 alio
2285 3196 2479 3269 aliquo
2525 3213 2702 3253 sensu
2735 3197 2994 3269 privatus
3028 3197 3218 3265 fuerit,
3252 3197 3331 3253 ita
3360 3199 3427 3251 ut
3459 3196 3635 3251 muti-

216 3290 362 3362 αῦτῷ
409 3296 515 3358 τῆς
563 3290 868 3364 πηρώσεως
914 3290 1050 3364 πρὸς
1087 3291 1186 3360 τήν
1232 3296 1336 3361 τῆς
1377 3290 1678 3366 ἱερωσύνης
1724 3287 1871 3364 ένέρο

1992 3287 2119 3343 latio
2150 3288 2274 3357 ejus
2306 3286 2606 3357 impediat,
2636 3287 2778 3358 quin
2812 3287 3171 3343 sacerdotale
3217 3303 3431 3342 munus
3467 3303 3635 3342 exer-

214 3378 387 3451 γείαν,
420 3378 501 3442 εἰς
532 3379 834 3454 ἱερωσύνην
885 3379 950 3435 οὐ
980 3374 1504 3455 προϐιϐασθήσεται,
1535 3380 1600 3435 ού
1648 3383 1730 3452 τῷ
1778 3381 1871 3454 βε-

217 3464 461 3547 ϐλάφθαι
489 3472 558 3525 τα
593 3469 762 3543 μέλη,
792 3467 943 3525 ἀλλὰ
970 3474 1050 3541 τῷ
1082 3467 1358 3532 ἀδυνάτως
1390 3465 1537 3544 ἔχειν
1587 3470 1724 3543 πρὸς
1771 3471 1872 3539 τὴν

216 3563 322 3614 τῶν
364 3559 527 3613 θείων
579 3560 989 3634 μεταχείρησιν.
1023 3560 1084 3616 Ὁ
1132 3557 1190 3613 δὶ
1238 3559 1372 3631 μετὰ
1414 3560 1514 3628 τήν
1571 3556 1869 3631 ἱερωσύνην

220 3647 392 3702 ἐκεῖνα
420 3648 636 3716 παθὼν,
666 3646 866 3718 τούτης
900 3645 1000 3702 οὐκ
1029 3645 1361 3724 ἀφαιρεῖταί.

225 3845 482 3896 ΚΕΦΑΛ.
527 3843 622 3915 lB_'.
654 3841 919 3915 "Orico
960 3837 1058 3915 δεῖ
1102 3843 1649 3915 χειροτονεῖσθαι
1698 3840 1876 3915 έπ-ίσ·

291 3859 482 3896 ιφΔΛ.
529 3859 622 3899 lu.
655 3859 805 3898 ·”υτι
844 3859 919 3896 ου
960 3859 1057 3896 οει
1102 3860 1117 3868 “
1157 3859 1649 3915 ειροτονεισυαι
1698 3859 1873 3896 επισ-

291 3933 506 3968 κοπον
574 3911 636 3967 ἐν
700 3912 1050 3984 ἐκκλησίᾳ,
1106 3859 1191 3982 ἃς
1258 3914 1288 3967 ὁ
1353 3912 1717 3975 ἐπίσκοπος
1776 3911 1873 3968 ἔτι

295 3984 630 4061 περίεστι.

293 4093 463 4162 Ζήτει
491 4089 545 4146 έν
571 4096 651 4162 τῷ
678 4092 719 4145 θ’
749 4112 870 4166 κεφ.
902 4095 1005 4146 τοῦ
1048 4100 1087 4147 Δ
1117 4092 1395 4167 στοιχείου
1436 4093 1637 4148 κανόνα
1687 4094 1747 4157 ις’
1776 4094 1875 4161 τῆς

225 4188 267 4236 α’
292 4181 385 4234 καὶ
498 4177 754 4235 συνόδου.

226 4292 485 4342 ΚΕΦΔΛ.
528 4286 629 4345 ll".
667 4288 816 4362 "0;:
857 4286 950 4362 οῦ.
978 4285 1077 4341 δεῖ
1115 4290 1658 4362 χειροτονεῖσθαι
1702 4288 1880 4343 έπίσ-

491 4377 699 4411 κοπον
741 4358 801 4411 έν
843 4356 1038 4413 πόλει
1081 4356 1285 4433 μ’ἶκρᾷ
1324 4362 1357 4431 ἢ
1399 4361 1611 4434 κώμῃ.

290 4449 452 4517 Ζήτει
482 4446 547 4500 τὸ
578 4445 625 4501 λ’
652 4446 949 4525 κεφάλαιον
979 4451 1076 4502 τοῦ
1108 4454 1148 4504 Ε
1178 4448 1481 4523 στοιχείου.

224 4536 610 4591 ΚΕΦΑΛ.ῙΔ’.
645 4537 804 4611 Περὶ
846 4537 1277 4612 χειροτονίας
1319 4537 1884 4614 χωρεπισκόπων,

293 4626 462 4695 Ζήτει
491 4625 557 4679 τὸ
590 4625 672 4679 λα’
700 4624 997 4703 κεφάλαιον
1027 4629 1129 4682 τοῦ
1158 4628 1200 4683 Ε
1233 4628 1537 4703 στοιχείου.

231 4739 489 4811 ΚΕΨΑΛ.
531 4735 643 4811 IE'._
675 4735 833 4811 Περὶ
869 4732 1635 4811 τοῦὲχειροτονηθμέντ-ος
1684 4735 1869 4811 ἐπισ-

293 4806 668 4885 κόπουμαὶῌ
696 4803 783 4879 μῆ
822 4803 1389 4885 καταμδξχόμένου
1423 4806 1738 4863 ἀπελθεῖν
1774 4808 1869 4869 εἷς

290 4878 409 4946 τήν
449 4876 798 4951 λαχοῦσαν
836 4876 1010 4949 αὐτῷ
1046 4876 1429 4950 έῖκλησίαν.

292 4986 453 5054 Ζήτει
482 4984 545 5038 τὸ
574 4989 620 5038 κ’
647 4981 945 5063 κεφάλαιον
973 4988 1068 5039 τοῦ
1099 4989 1138 5039 Ε
1174 4984 1477 5061 στοιχείου.

227 5096 481 5166 ΚΕΦᾼΛ.
526 5090 652 5164 Ις.
693 5093 846 5166 "_0'tt
907 5090 980 5145 οὐ
1030 5088 1132 5146 δεῖ
1183 5092 1615 5166 χειροτονίας
1654 5096 1872 5166 ποιεῖν

290 5162 659 5239 ἐπίσκοπον
718 5163 783 5218 ἐν
832 5166 983 5225 ταῖς
1046 5166 1130 5236 μή
1173 5162 1652 5239 ὑποκειμέναις
1694 5162 1871 5237 αὐτῷ

290 5234 611 5311 ἑνορίαις.

290 5344 350 5398 '0
378 5340 459 5397 λε’
495 5345 607 5396 τῶν
637 5341 814 5417 ἁγίων
847 5338 1167 5395 ἀποστόλων
1216 5344 1391 5397 κανὼν
1442 5341 1737 5397 ἐπίσκοπον
1790 5342 1867 5414 μή

222 5427 427 5501 τολμᾷν
476 5426 798 5504 διορίζεται,
834 5422 938 5498 ἔξω
983 5431 1089 5482 τῶν
1148 5427 1311 5483 αὐτοῦ
1355 5431 1495 5503 ὅρων
1527 5428 1869 5506 χειροτονίας

223 5521 483 5576 ποιεῖσθαι
516 5519 572 5576 ἐν
623 5524 747 5583 ταῖς
794 5518 874 5593 μὴ
921 5516 1298 5590 ὑποκειμέναις
1346 5519 1496 5592 αὐτῷ
1536 5518 1729 5574 πόλεσι
1779 5517 1869 5573 καὶ

221 5615 461 5685 χώραις·
494 5608 549 5665 εἴ
574 5606 632 5664 δέ
682 5629 768 5671 τις
814 5611 983 5663 τοῦτο
1033 5608 1345 5677 πεποιηκὼς
1387 5607 1680 5685 ἐλεγχθείη
1725 5605 1872 5681 παρὰ

214 5701 436 5776 γνώμην
493 5704 605 5757 τῶν
678 5697 849 5761 αὐτὰς
919 5697 1290 5770 κατεχόντων,
1344 5698 1705 5774 καθαιρείσθω
1777 5697 1869 5752 καὶ

1979 3382 2126 3446 ceat,
2157 3378 2227 3432 ad
2259 3376 2662 3448 episcopatum
2694 3392 2807 3433 non
2840 3376 3293 3449 promovebitur,
3326 3392 3442 3431 non
3474 3377 3629 3447 quod

1977 3467 2114 3522 mea
2160 3474 2294 3522 sunt
2339 3466 2618 3532 membra,
2651 3466 2753 3521 sed
2804 3465 2943 3537 quia
2991 3482 3155 3521 sacra
3195 3463 3469 3537 mysteria
3508 3472 3629 3519 tra-

1976 3561 2131 3612 ctare
2180 3553 2339 3612 haud
2398 3556 2601 3627 possit.
2653 3555 2759 3622 Qui
2810 3559 3006 3611 tamen
3066 3559 3193 3627 post
3239 3553 3627 3611 sacerdotium
3736 3582 3743 3589 ν

1976 3643 2250 3700 collatum
2299 3643 2633 3699 istiusmodi
2684 3644 2815 3699 labe
2864 3643 3108 3711 laborat,
3140 3642 3464 3700 sacerdotio
3512 3657 3627 3699 non

1976 3733 2219 3790 excidet.

1977 3840 2137 3922 CAP._
2206 3838 2331 3895 XII.
2418 3839 2570 3922 Quod
2604 3842 2952 3922 _epis_copum
3032 3838 3095 3894 in
3161 3839 3411 3922 ecclesia,
3464 3839 3626 3909 cujus

2050 3913 2328 4037 epgcopus
2369 3910 2548 3966 adhuc
2593 3910 2836 3968 invivis
2876 3918 2974 3976 est,
3004 3926 3114 3967 non
3155 3910 3411 3967 ordinari
3463 3925 3624 3982 opor-

2050 3992 2102 4038 te
2167 4022 2181 4037 .

2053 4091 2251 4157 Quare
2298 4089 2357 4144 in
2402 4104 2530 4161 caq.
2561 4089 2598 4143 9
2640 4089 2749 4145 litt.
2784 4096 2821 4142 Δ
2868 4105 3152 4146 canonem
3212 4090 3275 4144 16
3321 4089 3523 4162 primas
3569 4094 3628 4145 et

1982 4180 2252 4235 secundm
2281 4178 2511 4249 synodi.

1982 4288 2136 4344 CAP.
2171 4284 2312 4341 Xlll.
2348 4284 2500 4354 Quod
2540 4301 2651 4341 non
2692 4291 2937 4356 aporteat
2987 4288 3295 4357 episcopum
3322 4288 3377 4340 in
3410 4286 3631 4341 civitate

2450 4373 2621 4428 parva
2649 4366 2743 4413 aut
2770 4359 2889 4412 vico
2915 4357 3189 4413 ordinare.

2056 4447 2201 4504 Vide
2229 4462 2357 4519 cap.
2389 4446 2459 4501 3)
2490 4447 2598 4503 litt.
2634 4447 2698 4504 Ε.

2058 4537 2212 4593 CAP.
2245 4537 2384 4596 XIV.
2418 4538 2491 4594 De
2516 4539 2872 4595 ordinatione
2891 4539 3411 4612 clm-episcoporum.

1909 4649 1954 4715 Ι)
2058 4626 2308 4683 Consule
2336 4643 2464 4699 cap.
2500 4629 2561 4683 31
2597 4628 2709 4683 litt.
2741 4629 2804 4683 E.

1980 4733 2135 4789 CAP.
2186 4733 2307 4790 XV.
2357 4734 2432 4790 De
2482 4736 2735 4806 episcopo
2784 4735 3041 4792 ordinato
3090 4738 3188 4807 qui
3231 4736 3302 4792 ad
3347 4735 3633 4793 ecclesiam

2499 4823 2657 4861 suam
2685 4808 2842 4863 abire
2871 4811 3105 4864 recusat.

2051 4984 2193 5040 Vide
2221 5001 2345 5057 cap.
2378 4986 2448 5040 20
2476 4986 2589 5042 litt.
2622 4988 2685 5043 Ε.

1980 5090 2368 5167 πϐΔνΟΑΡη
2391 5092 2535 5152 XVI.
2568 5095 2735 5167 Quod
2780 5111 2890 5151 non
2942 5096 3062 5151 licet
3109 5097 3353 5167 episcopo
3394 5096 3631 5151 ordina-

2134 5166 2306 5220 tiones
2335 5163 2524 5237 [acere
2554 5166 2614 5221 in
2643 5169 2901 5223 districta
2931 5167 3041 5239 ipsi
3078 5163 3185 5223 non
3209 5168 3474 5238 subjecto.

2050 5344 2246 5400 Canon
2303 5346 2375 5401 35
2440 5355 2772 5402 sanctorum
2831 5347 3224 5419 apostolorum
3282 5348 3627 5419 episcopum

1980 5436 2219 5488 mandat
2264 5451 2377 5490 non
2430 5451 2782 5507 praesumere
2830 5441 2989 5491 extra
3037 5453 3176 5492 suos
3225 5436 3442 5491 limites
3475 5436 3628 5491 ordi-

1981 5521 2242 5577 nationes
2285 5522 2471 5579 l‘acere
2522 5525 2578 5579 in
2626 5524 2867 5579 urbibus
2904 5530 2961 5578 et
3008 5525 3172 5597 pagis
3202 5524 3312 5579 sibi
3346 5539 3459 5578 non
3492 5523 3631 5577 sub-

1973 5609 2192 5679 jectis:
2243 5611 2335 5666 sin
2385 5616 2583 5668 autem
2634 5611 2847 5681 aliquis
2901 5612 3011 5667 hoc
3066 5614 3275 5668 fecisse
3331 5612 3630 5667 convictus

1977 5697 2169 5768 fuerit,
2201 5702 2411 5769 prater
2454 5699 2685 5756 illorum
2732 5700 2832 5771 qui
2880 5700 3003 5756 loca
3047 5700 3148 5757 illa
3186 5702 3470 5770 occupant
3500 5712 3629 5757 sen-
