4092 6300
475 333 586 392 199

1752 329 2124 392 MAT'I‘HIEI
2167 333 2461 395 BLAS’I‘A
2471 337 2590 397 RIS

3739 355 3857 416 200

461 483 707 539 tentiam
755 486 810 538 et
858 481 982 552 ipse
1030 482 1374 552 deponatur,
1402 485 1458 535 et
1497 480 1581 536 illi
1613 496 1761 552 quos
1791 484 2080 540 ordinavit

2217 467 2402 538 αὐτὸς,
2435 470 2524 524 καὶ
2587 472 2678 536 οὓς
2734 474 3161 551 ἐχειροτόνησεν.
3196 479 3354 538 Ἀλλ’
3396 482 3522 540 οὐδὲ
3575 489 3726 561 αὖτῷ
3781 495 3858 563 τῷ

459 573 570 628 Sed
622 588 724 627 nec
774 569 1210 642 metmpolitano
1253 569 1382 623 licet
1412 570 1481 623 ad
1514 568 1765 640 alicujus
1796 571 2102 643 episcopo—

457 679 614 730 rum,
664 661 762 733 qui
807 661 915 716 sub
964 661 1088 731 ipso
1138 663 1292 726 sunt,
1345 657 1619 714 dicecesin
1678 661 1990 729 proﬁcisci,
2042 673 2103 720 et

456 767 674 807 munus
731 749 964 821 aliquod
1034 746 1455 803 bierarchicum
1523 763 1818 819 peragere,
1881 750 2100 822 absque

451 856 738 896 conensu
769 837 1042 909 episcopi.

522 929 667 984 Vide
714 928 774 983 in
817 943 944 998 cap.
978 929 1008 981 9
1055 925 1169 982 litt.
1200 927 1244 980 A
1277 925 1479 994 synodi
1524 926 1892 982 Antiochense
1923 944 2098 985 cano~

452 1035 581 1076 nem
616 1017 680 1072 13
710 1023 762 1072 el
791 1016 881 1080 22,
914 1019 971 1070 et
999 1015 1204 1084 synodi
1237 1014 1502 1070 secundae
1537 1015 1885 1072 secundum.

450 1218 603 1273 CAP.
635 1216 802 1272 XVII.
837 1213 988 1282 Quod
1035 1229 1143 1268 non
1189 1210 1532 1282 permittitur
1558 1212 1802 1281 episcopo
1832 1213 2098 1268 clericum

871 1284 1026 1342 alius
1057 1284 1358 1349 provincia
1393 1283 1670 1337 ordinare.

519 1397 715 1452 Canon
763 1395 832 1448 54
883 1391 1088 1464 synodi
1139 1388 1601 1460 Carthaginensis
1651 1389 1955 1460 episcopos
1997 1391 2098 1461 qui

449 1486 700 1543 alienum
760 1483 1030 1539 clericum
1090 1479 1470 1550 suscipientes
1523 1479 1583 1533 in
1644 1478 1768 1533 suis
1828 1478 2091 1535 ecclesiis

447 1575 740 1643 ordinant,
780 1570 1186 1628 communione
1217 1567 1575 1638 reliquarum
1608 1567 1816 1638 privat.

516 1753 863 1812 Constitutio
909 1756 1100 1806 autem
1149 1749 1447 1820 synodica,
1480 1765 1604 1820 quae
1653 1749 1804 1803 facta
1854 1756 1934 1803 est
1983 1750 2089 1804 sub

2219 558 2605 634 μητροπολίτῃ
2662 558 2856 632 ἔξεστιν
2913 567 2986 628 εἷς
3046 567 3251 641 ένορίαν
3307 575 3450 634 τινὸς
3488 581 3595 631 τῶν
3645 558 3855 634 ὑπ’σώζ

2211 646 2300 700 τὸν
2360 647 2666 704 ἐπισκόπων
2727 654 2963 718 ἀπιέναι,
3023 657 3116 711 καὶ
3191 661 3505 738 ἱεραρχικόν
3569 687 3620 720 τι
3679 667 3854 723 τελεῖν

2210 735 2436 809 γνώμης
2465 735 2589 793 ἄνευ
2618 745 2713 796 τοῦ
2745 741 3061 803 ἐπισκόπου.

2279 916 2442 1007 Ζήτει
2497 916 2550 972 ἐν
2604 923 2684 1007 τῷ
2735 922 2801 976 θ’.
2833 943 2952 999 κεφ.
2983 930 3081 979 τοῦ
3124 930 3170 983 Α
3199 931 3477 1007 στοιχείου
3507 936 3606 997 τῆς
3638 935 3690 989 ἐν
3725 937 3857 992 Ἀν-

2205 1003 2423 1081 τιοχεὶᾳ
2481 1005 2704 1062 συνόδου
2757 1011 2952 1066 κανόνα
2986 1020 3052 1089 ιγ’
3080 1017 3166 1070 καὶ
3214 1003 3439 1088 κε’,καὶ
3496 1029 3594 1091 τῆς
3718 1046 3856 1080 συν-

2209 1089 2338 1146 όδου
2366 1093 2562 1148 κανόνα
2594 1097 2662 1170 β’.

2211 1205 2462 1292 ΚΕΦΑίξ.
2513 1205 2612 1288 I_Z'.
2655 1206 2805 1298 ’Ὁτι
2866 1216 3281 1298 χειροτονεῖν
3339 1211 3678 1298 ξπισκόπῳ
3728 1222 3853 1277 οὐκ

2417 1272 2673 1350 ἐφεῖται
2713 1272 3038 1350 κληρῖκὸν
3081 1281 3308 1353 ἑτέρας
3351 1285 3628 1362 ἐνορίας.

2274 1379 2331 1432 Ὀ
2379 1377 2455 1434 νδ¹
2483 1385 2582 1446 τῆς
2639 1382 2692 1436 ἐν
2751 1387 3063 1462 Καρθαγένῃ
3116 1388 3340 1446 συνόδου
3385 1396 3559 1450 κανὼν
3586 1398 3713 1460 τοὺς
3746 1398 3853 1454 ἂλ-

2204 1463 2424 1542 λότριον
2458 1466 2790 1544 δεχομένους
2831 1473 3096 1549 κληρικὸν
3147 1480 3499 1549 ἒπισκόπους,
3531 1487 3618 1538 καί
3666 1505 3853 1561 χειρο-

2200 1561 2485 1618 τονοῦντας
2537 1559 2586 1612 ἐν
2642 1566 2759 1622 ταῖς
2821 1562 2907 1616 ὑπ’
2951 1565 3148 1630 αὐτοὺς
3199 1567 3519 1640 ἐκκλησίαις
3579 1582 3678 1644 τῆς
3736 1551 3848 1632 τῶν

2203 1643 2412 1700 λοιπῶν
2439 1648 2725 1711 κοινωνίας
2760 1651 3029 1728 ἀφορίζει.

2268 1735 2342 1789 Τὸ
2404 1738 2496 1808 μέν
2555 1758 2640 1791 τοι
2699 1738 2974 1796 συνοδικὸν
3035 1746 3354 1820 σημείωμα,
3402 1751 3430 1804 ’ὸ
3486 1753 3697 1827 γέγονεν
3755 1755 3851 1811 ἐπὶ

446 1844 773 1916 patriarcha
792 1841 1088 1905 Michaele,
1116 1839 1210 1909 qui
1233 1839 1671 1909 cognominatur
1684 1837 1956 1907 princeps
1973 1838 2085 1908 phi-

2206 1827 2294 1877 τοῦ
2352 1828 2692 1901 πατριάρχου
2760 1829 3014 1906 Μιχαὴλ,
3073 1837 3168 1887 τοῦ
3237 1837 3326 1890 κὩί
3396 1844 3848 1914 χρηματίσαντος

447 1934 846 2004 losOpborum,
897 1935 1242 1984 Concessum
1287 1933 1395 1995 est,
1450 1927 1659 1996 inquit,
1712 1926 2092 1981 Pontiﬁcibus

452 2040 676 2089 omnes,
708 2021 806 2091 qui
860 2021 1116 2074 nondum
1166 2017 1346 2070 sacris
1376 2016 1584 2070 initiati
1614 2020 1772 2082 sunt,
1807 2014 1937 2070 fidei
1965 2032 2091 2070 ver-

453 2117 589 2169 bum
640 2114 863 2179 docere,
896 2118 948 2162 et
995 2105 1221 2160 erudire
1260 2111 1315 2159 et
1363 2104 1656 2174 baptizare
1704 2104 2092 2173 undecunque

450 2204 590 2268 sint,
622 2205 678 2255 et
715 2214 880 2255 sacra
927 2195 1198 2266 mysteria
1247 2193 1531 2265 impertiri
1579 2191 1851 2247 fidelibus
1885 2194 2089 2262 cujus—

446 2308 678 2363 cunque
717 2290 1048 2353 dioeceseos,
1099 2285 1251 2339 haud
1309 2290 1503 2338 tamen
1554 2283 1626 2339 iis
1661 2284 1758 2354 qui
1793 2286 2087 2354 undequa-

441 2399 550 2454 que
597 2379 931 2443 adveniunt,
972 2392 1170 2430 sacros
1217 2373 1447 2428 ordines
1495 2372 1801 2427 conferre:
1849 2374 1947 2426 sed
1998 2373 2088 2428 his

441 2478 665 2528 tantum
693 2469 790 2540 qui
821 2468 893 2522 ad
937 2481 1102 2521 suam
1153 2463 1432 2518 ditionem
1475 2461 1785 2532 pertinent,
1820 2461 1903 2516 uti
1935 2461 2084 2518 sacri

441 2577 694 2617 canones
744 2559 1080 2612 decernunt.
1117 2553 1334 2607 Durum
1368 2550 1522 2605 enim
1556 2557 1888 2621 reputatum
1916 2555 2003 2606 est
2035 2555 2090 2606 et

441 2651 828 2708 inhumanum
876 2662 974 2701 eos
1018 2643 1114 2714 qui
1160 2643 1268 2697 hoc
1319 2642 1505 2696 facere
1533 2646 1836 2708 attentam,
1867 2641 2084 2711 episco-

443 2756 545 2812 pos
593 2738 834 2804 scilicet,
879 2731 1403 2796 excommunicare,
1455 2729 1756 2785 ordinatos
1805 2745 1935 2784 vero
1985 2747 2086 2785 sa-

440 2829 691 2885 cerdotio
740 2826 984 2898 privare,
1019 2822 1130 2878 nisi
1183 2821 1325 2875 forte
1368 2823 1496 2890 post
1545 2835 1722 2873 unam
1758 2825 1813 2873 et
1845 2819 2085 2874 alteram

439 2917 890 2974 admonitionem
947 2915 1344 2979 obtemperare
1407 2907 1838 2973 recusaverint;
1886 2923 2086 2962 verum

437 3012 495 3064 et
527 3013 665 3062 tunc
696 3005 931 3075 quidem
963 2999 1215 3072 episcopi
1250 2998 1582 3053 socordiam
1609 2997 1863 3062 damnat,
1890 2996 2086 3051 addito

435 3104 589 3153 certo
639 3105 936 3164 tempore:
986 3090 1284 3144 ordinatos
1355 3095 1546 3140 autem
1599 3085 1656 3140 in
1709 3085 1808 3140 illa
1855 3085 2083 3141 ὀίωοεεί

435 3183 789 3241 sacerdotale
833 3195 1002 3234 suum
1055 3192 1267 3231 munus
1313 3190 1575 3229 exercere
1605 3172 1727 3228 vult
1755 3173 1814 3228 in
1847 3191 1962 3244 qua
1993 3191 2087 3229 or-

438 3273 621 3328 dinati
671 3276 830 3325 sunt.
863 3267 1008 3322 Dare
1056 3266 1228 3320 etiam
1273 3263 1441 3334 jubet
1473 3262 1760 3317 ministris
1793 3263 2085 3333 episcopa-

438 3371 532 3418 tus
591 3366 648 3417 et
691 3355 1118 3427 cbartopbylaci
1167 3371 1264 3407 seu
1319 3351 1651 3422 registrario
1699 3367 1822 3419 quae
1871 3369 1938 3406 ex
1989 3367 2080 3406 ve-

434 3452 540 3507 teri
609 3447 1038 3506 consuetudine
1111 3442 1454 3497 ordinandis
1527 3447 1663 3494 sunt
1730 3441 2082 3511 praiscripta.

436 3543 556 3597 Ista
612 3544 804 3595 autem
871 3535 1030 3589 dices
1086 3549 1152 3586 ex
1222 3531 1408 3601 capite
1472 3530 1543 3583 28
1608 3529 1910 3599 praesentis
1963 3529 2081 3584 ele-

438 3630 636 3686 menti.

439 3742 593 3797 CAP.
639 3739 834 3794 XVIII.
889 3735 1035 3804 Quod
1079 3733 1405 3806 quibusdam
1460 3729 1728 3806 episcopis
1770 3745 2080 3806 confessum

510 3823 588 3867 est
635 3814 839 3867 alienos
887 3802 1112 3864 clerico}
1157 3808 1415 3874 recipere,
1464 3809 1515 3857 et
1557 3802 1819 3856 ardinare
1863 3805 1919 3855 in
1967 3804 2083 3856 suis

511 3885 770 3940 ecclesiis.

510 3992 654 4047 Vide
700 3990 760 4044 in
808 4004 934 4056 cap.
967 3987 1002 4039 9
1049 3986 1158 4040 litt.
1193 3988 1233 4037 A
1285 3996 1564 4036 canonem
1614 3980 1685 4033 55
1715 3980 1918 4051 synodi
1950 3983 2083 4035 Car-

437 4079 818 4151 thagiuensis.

433 4189 587 4244 CAP.
619 4185 762 4242 XIX.
796 4183 944 4253 Quod
991 4183 1283 4238 ordinatur
1327 4179 1582 4253 clericus,
1637 4178 1802 4253 etiam
1854 4175 1950 4229 ille
1989 4181 2085 4246 qui

792 4248 897 4312 ιῖοη
928 4262 1009 4311 est
1039 4270 1107 4308 ex
1135 4268 1330 4322 genere
1357 4248 1712 4304 sacerdotali.

496 4371 699 4433 Quaere
731 4367 796 4422 13
827 4382 954 4435 cap.
989 4364 1100 4417 litt.
1136 4361 1201 4416 Κ.

496 4475 649 4532 285
710 4474 866 4528 CAP.
926 4471 1049 4525 XX.
1110 4467 1335 4536 Quando
1394 4463 1728 4520 ordinantur
1795 4471 1847 4518 et
1911 4466 2077 4518 servi.

496 4565 747 4622 Consule
778 4578 904 4632 cap.
939 4563 1008 4616 12
1039 4561 1145 4615 litt.
1181 4564 1238 4612 Δ.

689 4673 841 4730 CAP.
878 4671 1016 4725 XXI.
1047 4671 1118 4725 De
1147 4668 1494 4724 ordinatione
1517 4669 1796 4721 lectorum.

493 4771 688 4835 Quaere
715 4782 846 4834 cap.
878 4763 914 4816 6
941 4761 1054 4815 litt.
1089 4762 1153 4814 Α.

1180 4849 1308 4902 Lex.

491 4945 696 4999 Lector
725 4940 1032 4995 ordinatur
1056 4933 1485 5007 quamprimum
1521 4932 1758 5003 legendo
1789 4946 1891 5000 par
1922 4928 2067 4996 erit;

418 5038 477 5088 at
507 5033 556 5087 si
588 5031 901 5087 secundam
937 5042 1168 5082 uxorem
1212 5023 1456 5090 duxerit,
1493 5021 1574 5075 vel
1611 5019 1856 5089 primam
1887 5034 1954 5072 ex
1985 5017 2068 5071 vi-

421 5121 576 5190 duis,
610 5125 710 5175 aut
741 5117 1074 5189 repudiatis,
1108 5119 1209 5169 aut
1239 5110 1561 5168 interdictis
1592 5108 1678 5164 vel
1728 5123 1828 5178 per
1849 5108 1950 5177 jus
1981 5107 2068 5160 ci-

421 5211 532 5266 vile
564 5209 652 5264 vel
684 5224 876 5264 sacros
917 5220 1187 5272 canones,
1220 5202 1559 5271 neutiquam
1599 5199 1668 5253 ad
1717 5195 1899 5251 alium
1932 5211 2066 5264 gra-

423 5302 560 5356 dum
594 5295 1051 5354 ecclesiasticum
1088 5295 1507 5365 promoveatur.

422 5497 576 5553 CAP.
612 5495 783 5551 XXII.
819 5495 967 5563 Quod
1012 5492 1351 5618 clericilnon
1397 5488 1797 5542 ordinabuntur
1841 5480 2060 5551 simpli-

1160 5582 1213 5618 οι
1239 5581 1319 5618 er.

1160 5581 1319 5620 cuer.

496 5676 640 5733 Vide
665 5693 789 5748 cap.
825 5674 1027 5731 191itt.
1061 5673 1126 5730 K.

2295 1913 2305 1930 ,
2506 1920 2531 1930 η

2207 1914 2409 1966 ὑπατου
2467 1937 2573 1968 των
2628 1917 2964 1996 φιλοσόφων,
3025 1926 3452 2000 Συγκεχώρηται
3512 1932 3628 2002 μὲν,
3685 1937 3846 2003 φησί,

2201 2010 2317 2063 τοῖς
2375 2004 2688 2078 ἀρχιερεῦσι
2739 2008 2865 2068 τοὺς
2924 2011 3202 2082 ἀμυήτους
3262 2017 3494 2078 ἅπαντας
3554 2021 3644 2074 τὸν
3716 2026 3849 2082 περὶ

2492 2093 2506 2104 ἢ
2964 2079 2973 2082 ~
3061 2079 3066 2080 ⁷
3789 2079 3798 2098 Ι

2201 2093 2430 2154 πίστεως
2492 2097 2650 2169 Λόγον
2700 2094 2989 2168 διδάσκειν,
3021 2102 3108 2155 καὶ
3169 2112 3452 2179 κατηχεῖν,
3502 2111 3590 2162 καὶ
3652 2113 3850 2184 βαπτί-

2204 2186 2311 2249 ζειν
2365 2181 2693 2254 ὁθενδήποτε
2751 2183 2927 2258 ὄντας,
2977 2195 3082 2244 τῶν
3161 2194 3317 2248 θείων
3388 2218 3447 2251 τε
3522 2181 3844 2274 μυστηρίων

2205 2273 2551 2343 μεταδιδόναι
2601 2282 2716 2336 τοῖς
2765 2277 2814 2350 ἐξ
2865 2281 3083 2335 οἱασοῦν
3127 2284 3343 2358 ένορίας
3376 2295 3622 2351 πιστοῖς·
3659 2273 3853 2368 χειρο-

2198 2361 2377 2424 τονίας
2436 2360 2491 2418 δὲ
2546 2362 2724 2435 ἃξιοῦν
2774 2368 2900 2429 τοὺς
2951 2371 3320 2447 ἁπανταχόθεν
3370 2360 3699 2452 ἐρχομένους
3743 2360 3852 2436 ού-

2200 2451 2556 2546 δαμῷς,άλλ’
2587 2455 2621 2525 ἢ
2665 2458 2864 2546 μόνους
2919 2463 3046 2524 τοὺς
3097 2463 3156 2518 ἐκ
3200 2473 3302 2535 τῆς
3352 2451 3554 2532 οἴκείας
3603 2470 3846 2546 ένορίας,

2199 2543 2273 2603 ὡς
2305 2544 2356 2597 οἱ
2388 2545 2524 2597 θεῖοι
2554 2545 2767 2609 κανόνες
2791 2545 3136 2623 διορίζονεαι.
3173 2553 3424 2630 Σκληρόν
3473 2557 3565 2630 μέν
3615 2543 3706 2615 τοι
3748 2563 3847 2618 καὶ

2198 2631 2400 2700 ἀπηνὲς
2461 2631 2780 2710 έλογίσαντο
2832 2638 2957 2701 τοὺς
3035 2641 3176 2697 οὕτω
3252 2647 3552 2723 φθάσαντας
3617 2657 3843 2726 πρᾶξαι,

2196 2722 2324 2784 τοὺς
2377 2725 2472 2794 μὲν
2521 2723 2849 2789 ἐπισκόπους
2891 2728 3166 2802 ἀφορίσαι,
3215 2722 3345 2796 τοὺς
3399 2734 3455 2791 δὲ
3513 2722 3843 2814 χειροτονη-

2199 2810 2382 2873 θέντας
2435 2819 2716 2890 γυμνῶσαι
2783 2825 2884 2886 τῆς
2949 2800 3271 2894 ἱερωσύνης,
3335 2825 3380 2879 εἰ
3449 2800 3638 2899 μτξξτού
3702 2800 3844 2904 μετὰ

2197 2901 2420 2970 πρώτην
2505 2903 2594 2956 καὶ
2669 2901 2917 2978 δευτέραν
2999 2909 3309 2984 παραίνεσιν
3386 2917 3668 2985 πεισθῆναι
3705 2901 3842 2974 *οὐκ

2195 2983 2572 3060 ἐϐουλήθησαν
2601 3011 2612 3023 ·
2646 2991 2792 3047 ἀλλὰ
2828 2996 2918 3049 καὶ
2963 2983 3085 3052 τότε
3127 3004 3223 3053 τοῦ
3267 3003 3361 3074 μὲν
3411 2983 3706 3060 ἐπισκόπου
3739 3009 3844 3080 ἆρ-

2195 3077 2312 3151 γίαν
2365 3077 2451 3132 ἐπὶ
2503 3079 2656 3154 ῥητῷ
2701 3086 3112 3158 κατεψηφίσατο
3162 3089 3370 3167 χρόνῳ,
3401 3093 3492 3146 τὸν
3540 3091 3596 3148 δὲ
3645 3077 3838 3170 χειρο-

2196 3169 2508 3237 τονηθέντα,
2569 3169 2620 3222 έν
2695 3169 2870 3246 ἐκείνῃ
2942 3179 3010 3248 τῇ
3069 3175 3245 3252 ἒνορίᾳ
3329 3181 3640 3256 ἱερατεύειν,
3690 3169 3749 3239 ἐν
3801 3190 3845 3258 ἦ

2191 3259 2627 3331 κεχειροτόνητο.
2662 3258 2914 3316 Δίδοσθαι
2961 3261 3015 3318 δὲ
3063 3266 3271 3322 κελεύει
3313 3275 3429 3332 τοῖς
3480 3278 3577 3340 τῆς
3609 3271 3842 3328 ἐπισκο-

2191 3351 2298 3412 πῆς
2335 3346 2628 3421 ὑπηρέταις
2669 3349 2758 3403 καὶ
2805 3351 2885 3422 τῷ
2933 3355 3312 3433 χαρτοφόλακι
3345 3359 3487 3432 παρά
3515 3365 3619 3414 τῶν
3648 3381 3838 3436 χειρο-

2195 3438 2550 3509 τονουμένων,
2600 3440 2664 3492 τὰ
2710 3442 2762 3508 ἓξ
2815 3440 2968 3505 ἔθους
3015 3445 3248 3520 ἀρχαίου
3300 3451 3671 3523 τετυπωμένα,
3734 3455 3836 3508 Καὶ

2193 3527 2340 3595 ζήτει
2391 3531 2558 3581 ταῦτα
2607 3527 2660 3582 έν
2705 3534 2782 3600 τῷ
2811 3533 2898 3602 κη’
2927 3552 3042 3610 κεφ.
3076 3539 3174 3589 τοῦ
3215 3538 3478 3612 παρόντος
3529 3546 3835 3616 στοιχείου.

2194 3725 2452 3808 ΚῐξιξᾼΛ.
2515 3724 2620 3808 ΙἨἌ
2681 3726 3036 3808 Ἰξισὶητῶν
3124 3730 3496 3808 ἐπισκόπῳν
3564 3734 3829 3796 δέδοται

2263 3793 2672 3884 ἀλλοτρίους
2714 3792 3082 3885 λαμϐάνειν
3121 3801 3511 3875 κληρικοὺς,
3553 3792 3658 3863 καῖ
3693 3792 3834 3885 Ῠχήεῄιξ

2266 3872 2562 3936 ροτονεῖν
2605 3870 2664 3920 ἐν
2703 3873 2850 3930 ταῖς
2893 3870 2996 3925 ὑπ’
3037 3870 3283 3937 αὐτοίλς
3323 3870 3743 3949 ἔκκλησίαιξ

2264 3973 2417 4041 Ζήτει
2451 3972 2502 4026 ἐν
2533 3978 2612 4045 τῷ
2644 3977 2686 4027 θ’
2715 3997 2832 4054 κεφ.
2865 3983 2962 4032 τοῦ
2995 3987 3033 4033 Δ
3068 3984 3345 4056 στοιχείου
3393 3986 3585 4040 κανόνα
3631 3991 3699 4043 νε¹
3727 3995 3832 4056 τῆς

2191 4058 2243 4114 ἐν
2276 4063 2586 4136 Καρθαγένῃ
2620 4061 2869 4122 συνόδου.

2195 4171 2566 4258 ΚΕφΔΛεῐρζ
2607 4172 2753 4260 ’ᾩτι
2793 4182 3293 4260 χειροτονεῖται
3336 4179 3684 4260 κληρικὸς,
3722 4187 3831 4240 καὶ

2288 4245 2315 4292 ὁ
2361 4245 2444 4311 μή
2485 4245 2551 4295 ἐκ
2590 4245 3205 4319 γένουςὶερατικοῦ
3243 4245 3714 4328 καταγῑόμενός.

2261 4349 2416 4417 Ζήτει
2448 4350 2508 4403 τὸ
2545 4351 2610 4424 ιγ’
2641 4350 2935 4428 κεφάλαιον
2968 4359 3064 4408 τοῦ
3096 4362 3136 4409 Κ
3173 4361 3473 4436 στοιχείου,

2191 4464 2444 4516 ΚΕΦΑΑ.
2489 4462 2562 4515 Κ’⁶
2603 4461 2766 4517 Πότε
2807 4472 3365 4540 χειροτονοῦνται
3410 4470 3516 4525 καὶ
3569 4470 3829 4532 δοῦλοι.

2261 4551 2418 4618 Ζήτει
2447 4553 2510 4604 τὸ
2545 4546 2610 4604 ιϐ’
2640 4550 2933 4624 κεφάλαιον
2957 4559 3052 4609 τοῦ
3084 4564 3120 4610 Δ
3152 4559 3450 4634 στοιχείου.

2181 4661 2432 4710 ΚΕΦΔΛ.
2489 4659 2612 4716 KA'.
2656 4661 2813 4734 Περί
2873 4664 3297 4737 χειροτονίας
3357 4669 3825 4744 ἀνα-γνωστῶν.

2252 4748 2407 4814 Ζήτει
2437 4746 2500 4800 τὸ
2531 4753 2572 4809 ς’
2601 4746 2896 4824 κεφάλαιον
2931 4755 3028 4805 τοῦ
3058 4757 3100 4808 Α
3134 4755 3431 4829 στοιχείου.

2882 4841 3124 4911 Νόμορ

2251 4923 2628 4998 Ἀναγνώστης
2694 4929 3108 5002 χειροτονείσθω
3171 4934 3258 5008 ἀφ’
3313 4935 3536 4990 ὁτουοῦν
3615 4939 3824 5012 χρόνου

2181 5009 2397 5067 δύναται
2449 5014 2537 5068 καὶ
2575 5014 2854 5071 ἐπίσταται
2903 5017 3319 5096 ἀναγινώσκειν·
3356 5023 3416 5077 ἂν
3467 5023 3523 5080 δὲ
3571 5009 3822 5101 δευτέραν

2176 5104 2417 5176 γαμετὴν
2466 5104 2753 5180 ἀγάγηται,
2782 5108 2817 5177 ἢ
2868 5109 3090 5178 πρώτην
3140 5111 3258 5182 μὲν,
3290 5113 3469 5186 χήραν
3516 5110 3592 5184 δὲ,
3625 5114 3662 5183 ἢ
3703 5111 3824 5171 δια-

2179 5193 2490 5264 ζευχθεῖσαν
2540 5191 2752 5267 ἀνδρὸς,
2784 5198 2820 5265 ἢ
2867 5203 2983 5258 τοῖς
3029 5199 3219 5271 νόμοις
3267 5201 3302 5268 ἢ
3352 5206 3467 5263 τοῖς
3515 5203 3684 5276 ἱεροῖς
3723 5226 3820 5259 κα-

2176 5279 2323 5335 νόσιν
2368 5280 2848 5356 άπηγορευμένην,
2895 5287 3090 5358 μηκέτι
3148 5287 3224 5349 εἷς
3290 5288 3461 5345 ἄλλον
3522 5290 3816 5363 ἐκκλησια-

2177 5369 2357 5422 στικὸν
2387 5366 2733 5443 προὸαινέτω
2768 5374 2998 5450 βαθμόν.

2179 5481 2432 5532 ΚΕΦΔΛ.
2477 5479 2777 5560 ΚΒἏίὈτιι
2817 5482 2934 5536 οὐκ
2972 5483 3530 5560 έχε-ιροτονοῦντο
3579 5489 3816 5545 ἀπολε-

2598 5548 2895 5626 λυμένως
2934 5548 3386 5630 οἱἙιλὴρικοί.

2242 5654 2398 5726 Ζήτει
2427 5656 2490 5710 τὸ
2531 5659 2592 5712 ιθ¹
2631 5659 2923 5737 κεφάλαῖον
2955 5665 3050 5717 τοῦ
3082 5669 3125 5718 Κ
3154 5665 3453 5744 στοιχείου.
