4092 6300
269 429 376 490 201

1299 426 1714 488 SYNTAGMA
1761 417 2394 486 ALPHABETICUM.
2451 450 2516 462 -—
2563 415 2640 479 X.

3552 429 3671 490 202

267 563 526 617 ΚΕΦΑΛ.
559 565 676 636 Kl".
707 561 855 616 Ὅτε
895 563 1392 636 χειροτονεῖται
1498 558 1624 632 πρὸ
1657 561 1780 612 τοῦ
1815 557 1898 631 βα⁴

2026 553 2178 610 CAP.
2225 550 2424 607 XXIII.
2483 549 2739 636 Qua-udo.
2765 551 3050 636 ordinetur
3118 556 3534 636 cauchumeaus
3577 566 3675 635 qui

487 632 872 704 πτίσματος
899 625 1110 692 ’θύσας
1154 625 1690 705 κατηχούμενος.

335 741 497 809 Ζήτει
527 738 580 794 ἐν
612 745 693 811 τῷ
731 742 776 794 α’
809 759 931 818 αεφ.
966 742 1062 795 τοῦ
1090 740 1150 796 Α¹
1182 739 1462 814 στοιχείου
1493 738 1686 793 κανόνα
1718 732 1786 792 ιε’
1816 742 1916 806 τῆς

258 828 316 884 ἐν
347 829 587 904 Ἀγκύρᾳ
627 827 878 886 συνόδου.

258 941 527 996 [ΕΦΑΛ.
581 941 702 994 KA'.
762 939 907 993 Ὀτι
966 937 1610 1014 ἀναχειροτονήσεις
1684 932 1754 989 οὐ
1817 929 1916 988 δεῖ

937 1007 1263 1085 γίνεὲθαί.

339 1121 396 1170 Ὁ
436 1115 518 1186 ξη⁹
547 1116 655 1171 τῶν
703 1115 873 1192 ἁγίων
932 1114 1254 1171 ἀποστόλων
1305 1116 1481 1170 κανῶν
1530 1114 1625 1169 τὸν
1665 1109 1913 1186 δευτέραν

251 1205 402 1277 πρός
429 1226 576 1268 τινος
619 1204 967 1280 χειροτονίαν
1016 1203 1302 1279 δεξάμενον
1344 1204 1638 1259 ἐπίσκοπον
1687 1202 1722 1271 ἢ
1771 1201 1914 1271 κλη-

253 1295 420 1368 ρικόν
481 1297 848 1370 καθαιρεῖσθαι
899 1294 1108 1350 κελεύει
1164 1294 1254 1349 καὶ
1303 1293 1461 1349 αὐτὸν
1515 1293 1604 1347 καὶ
1663 1292 1755 1347 τὸν
1793 1310 1916 1366 χει-

251 1385 662 1457 ροτονήσαντα,
713 1382 762 1438 εἷ’
815 1388 982 1438 τοῦτο
1039 1381 1280 1438 σύνοιδεν
1333 1381 1503 1454 αὐτῷ,
1562 1380 1608 1436 εἰ
1670 1381 1747 1454 μὴ
1813 1378 1916 1458 ἄρα

249 1472 402 1543 πρὸς
462 1473 750 1547 αἱρετικῶν
807 1473 910 1541 τήν
969 1471 1313 1550 χειροτονίαν
1360 1469 1646 1542 δεξάμενος
1702 1464 1915 1542 ἔτυχεν.

253 1562 595 1634 Ἀθετοῦμεν
649 1562 752 1636 γὰρ
809 1566 915 1616 τῶν
973 1562 1238 1617 τοιούτων
1295 1560 1477 1632 ὥσπερ
1521 1559 1582 1612 τὰ
1617 1556 1916 1633 βάπτισμα,

251 1649 409 1706 οὕτω
441 1647 512 1719 δὴ
542 1651 634 1705 καὶ
671 1651 772 1720 τήν
806 1651 1146 1726 χειροτονίαν
1180 1669 1194 1683 ·
1225 1650 1288 1706 οὗ
1309 1652 1411 1724 γὰρ
1445 1646 1706 1722 ἀγιασμὸν
1728 1649 1916 1716 ταῦτα,

251 1739 412 1794 ἀλλά
445 1739 724 1812 μονυσμὸν
763 1739 1095 1812 πεπείσμεθα
1132 1741 1423 1814 προξενεῖν.
1455 1737 1516 1794 Ὁ
1564 1733 1622 1790 δὲ
1668 1733 1914 1805 δευτὲραν

254 1829 608 1902 πειρώμενος
666 1827 913 1902 δέξασθαι
944 1827 1306 1902 χειροτονίαν,
1340 1825 1375 1895 ἢ
1421 1827 1494 1888 ὡς
1550 1829 1647 1880 τοῦ
1693 1825 1915 1899 πρώτου

2433 629 2567 677 ante
2587 621 2914 694 baptismum
2950 626 3258 684 immolavi.

2093 731 2295 796 Quare
2323 730 2381 785 in
2414 745 2541 801 cap.
2578 729 2601 782 1
2644 727 2758 784 litt.
2791 731 2838 785 Α
2881 746 3165 790 canonem
3222 735 3290 790 12
3328 738 3532 810 synodi
3571 741 3677 797 An-

2023 837 2087 890 cy
2095 837 2269 877 rana.

2023 929 2175 986 CAP.
2203 927 2400 985 XXIV.
2432 926 2587 999 Quod
2610 927 3042 1057 reordizﬁiones
3071 930 3196 1002 ﬁeri
3233 933 3470 993 minime
3511 953 3677 1011 opor-

2095 1110 2292 1164 Canon
2309 1107 2378 1162 68
2401 1110 2734 1163 sanctorum
2770 1107 3159 1180 apostolorum
3191 1112 3530 1186 episcopum
3577 1125 3679 1179 aut

2025 1196 2297 1253 clericum
2347 1195 2448 1267 qui
2515 1196 2836 1252 secundam
2887 1196 3311 1257 ordinationem
3369 1207 3676 1276 acceperit,

2024 1287 2234 1359 deponi
2256 1285 2430 1358 jubet
2462 1301 2579 1342 una
2608 1301 2741 1341 cum
2773 1286 3103 1356 ordinante,
3132 1289 3181 1347 si
3225 1291 3351 1364 ipse
3388 1293 3566 1366 hujus
3593 1296 3678 1353 rei

2023 1376 2296 1432 conscius
2327 1375 2520 1436 fuerit.
2551 1375 2664 1430 nisi
2697 1377 2843 1430 forte
2900 1375 2970 1432 ab
3023 1377 3312 1437 haereticis
3357 1383 3673 1444 ordinatio-

2024 1480 2156 1521 nem
2191 1465 2468 1535 suscepit.
2499 1462 2732 1520 Nullam
2755 1464 2908 1521 enim
2927 1466 3174 1525 facimus
3197 1469 3432 1529 illorum
3465 1477 3528 1529 ut
3572 1474 3678 1531 ba-

2026 1555 2260 1626 ptisma,
2293 1552 2375 1609 ita
2402 1557 2461 1608 et
2489 1551 2911 1609 ordinationem
2939 1573 2954 1623 ;
2995 1571 3108 1610 non
3142 1558 3298 1615 enim
3341 1561 3676 1622 sanctiﬁca-

2022 1644 2264 1709 tionem,
2281 1643 2380 1700 sed
2396 1642 2948 1700 contaminationem
2965 1645 3187 1703 credim
3204 1662 3290 1704 us.
3314 1648 3548 1708 inferre.
3566 1651 3673 1720 Qui

2021 1737 2210 1788 autem
2241 1731 2560 1788 secundam
2582 1731 3009 1790 ordinationem
3032 1737 3325 1808 suscipere
3352 1740 3542 1812 cupit,
3563 1740 3672 1800 hoc

2025 1823 2162 1879 facit
2188 1820 2276 1878 vel
2307 1821 2444 1893 quia
2472 1821 2709 1877 damnat
2742 1821 2996 1895 priorem
3027 1825 3517 1894 ordinantem,vel
3535 1830 3673 1902 quia

254 1920 756 1994 χειροτονήσαντος
803 1919 1218 1994 καταγινώσκων
1283 1920 1450 1972 τοῦτο
1506 1920 1672 1984 ποιεῖ,
1732 1915 1766 1983 ἢ
1843 1913 1898 1968 ὼε

2026 1914 2220 1984 sperat
2249 1910 2381 1982 plus
2411 1911 2612 1982 gratiae
2643 1911 2901 1982 accipere
2931 1929 2965 1968 a
2993 1917 3268 1984 secundo,
3299 1916 3386 1972 vel
3419 1919 3552 1990 qaia
3579 1935 3674 1975 ea-

258 2003 506 2074 ἑλπίζων
556 2003 813 2067 πλείονος
867 2003 1265 2059 ἀπολύσεσθαι
1321 2002 1457 2078 πρὸς
1513 2007 1610 2057 τοῦ
1659 2000 1898 2072 δευτέρου

2026 2000 2274 2058 cerdotia
2302 2000 2510 2056 excidit
2551 2003 2724 2072 atque
2751 2000 2942 2058 denuo
2971 2003 3230 2060 ordinari
3260 2006 3478 2074 studet,
3514 2008 3668 2080 quod

259 2095 518 2168 χάριτος,
551 2093 588 2163 ἧ
619 2095 694 2156 ὡς
733 2095 973 2157 ἀποστὰς
1006 2094 1173 2170 τυχὸν
1212 2101 1311 2163 τῆς
1361 2093 1681 2166 ἱερωσύνης,
1711 2092 1800 2147 καὶ
1858 2090 1907 2160 ἐξ

261 2183 524 2256 ὑπαρχῆς
559 2185 992 2256 χειροτονεῖσθαι
1040 2180 1446 2255 διανοούμενος,
1479 2181 1610 2254 ὅπερ
1648 2179 1906 2253 ἄθεσμον.

329 2273 393 2327 Ὀ
426 2269 488 2326 δὲ
519 2278 622 2339 τῆς
663 2273 714 2326 ἐν
767 2273 1070 2347 Καρθαγένῃ
1121 2269 1344 2326 συνόδου
1397 2271 1488 2344 μὴ’
1534 2271 1710 2325 κανὼν
1769 2270 1908 2342 μήτε

262 2355 668 2429 ἀναεαπτίζειν,
705 2361 842 2433 μήτε
887 2357 1140 2434 δέχεσθαί
1197 2380 1313 2413 τινα
1361 2357 1606 2432 δευτέραν
1657 2377 1907 2432 χειροτο-

264 2447 367 2502 νίαν
413 2447 716 2525 διορίζεται
768 2466 782 2479 ⁸
841 2447 988 2504 ἀλλά
1044 2446 1292 2524 δευτέραν
1347 2449 1508 2510 οὗτος
1565 2446 1906 2523 χειροτονίαν

267 2538 384 2609 ετ,σί
413 2539 482 2594 τὸ
531 2537 682 2592 ἐᾶσαί
728 2559 850 2594 τινα
894 2541 995 2608 τήν
1047 2536 1184 2593 ἰδίαν
1239 2537 1538 2606 ἰπισκοπήν
1585 2556 1598 2565 ’
1639 2538 1728 2591 καὶ
1769 2537 1904 2610 πρὸς

269 2627 434 2701 ἑτέραν
493 2631 833 2702 μεταπεσεῖν,
883 2630 941 2690 ὅς
979 2627 1069 2684 καὶ
1147 2629 1282 2699 μετά
1340 2627 1646 2702 πραότητος
1699 2627 1903 2699 ὑπομι-

265 2721 656 2793 μνησκόμενος,
690 2721 736 2774 εί
777 2719 853 2793 μή
898 2719 1142 2790 πεισθείη
1175 2717 1309 2794 πρὸς
1346 2719 1446 2787 τὴν
1497 2715 1637 2773 ἰδίαν
1685 2715 1900 2773 ἐπανιέ-

253 2830 350 2876 ναι,
377 2814 451 2876 τῆ
483 2813 595 2864 τῶν
630 2808 913 2883 ἀρχόντων
944 2806 1293 2879 ἔκδοθήσεται
1327 2807 1556 2879 ἐξουσίᾳ.

248 2920 504 2971 ΚΕΦΔΛ.
553 2916 670 2970 κε’.
721 2915 878 2989 Περὶ
925 2919 1043 2969 τοῦ
1093 2912 1536 3040 ὑποκειμένον
1586 2913 1898 2988 ἁμαρτή-

604 3007 790 3040 ιιασι.
829 2985 937 3040 καὶ
969 3003 1326 3040 γειοοτονη
1377 3006 1546 3040 ντος.

604 3007 790 3059 μασι,
816 2985 937 3042 ’καὶ
969 2985 1546 3061 χειροτονηέντος.

307 3096 374 3149 Ὀ
403 3095 452 3147 θ’
502 3097 611 3161 τῆς
657 3098 704 3146 α’
750 3089 980 3146 συνόδου
1030 3093 1206 3148 κανὼν
1237 3091 1331 3147 τὸν
1378 3090 1735 3162 ἀνεξετάστως
1773 3109 1894 3166 χει-

239 3181 616 3253 ροτονηθέντα
661 3176 1049 3256 πρεσϐύτερον,
1110 3183 1146 3252 ἢ
1220 3178 1567 3256 ἀνακριθέντα
1636 3180 1729 3252 μὶν
1800 3183 1894 3234 καῖ

234 3267 796 3344 ἐξομολογησάμενον
867 3271 974 3346 πρὸ
1051 3276 1150 3339 τῆς
1227 3267 1568 3343 χειροτονίας
1660 3268 1884 3341 πορνείᾳ

235 3359 414 3433 τυχὸν
454 3359 949 3431 περιπεπτωκέναι,
999 3359 1144 3432 παρά
1190 3358 1416 3418 κανόνας
1462 3354 1520 3412 δὲ
1558 3358 1888 3430 χειροτονη-

236 3448 421 3518 θέντα,
459 3444 630 3522 μηδὲν
676 3447 978 3503 ἀπόνασθαι
1026 3451 1219 3503 τοῦτον
1266 3447 1326 3502 ἐκ
1369 3453 1469 3516 τῆς
1508 3445 1744 3518 ἀθέσμου
1773 3466 1890 3520 χει-

235 3538 498 3613 ροτονίας
527 3536 737 3592 κελεύει
771 3556 786 3571 ο
819 3539 955 3610 μετά
981 3537 1084 3614 γάρ
1134 3539 1233 3606 τήν
1285 3535 1570 3612 διάγνωσιν
1616 3538 1891 3610 καθαιρεῖο

232 3646 346 3683 ται.
385 3627 470 3682 Οὐ
499 3628 601 3700 γὰρ
631 3623 814 3700 ὥσπερ
849 3627 914 3680 τὸ
965 3627 1108 3681 θεῖον
1159 3625 1387 3701 λουτρὸν
1430 3624 1546 3680 νὲον
1607 3625 1892 3698 ἄνθρωπον

233 3716 324 3768 τὸν
365 3714 768 3788 βαπτισάμενον
802 3714 1082 3783 ἀποτελεῖ,
1115 3714 1259 3770 οὕτω
1305 3716 1392 3769 καὶ
1425 3716 1460 3783 ἡ
1511 3714 1775 3788 ἱερωσύνη
1825 3714 1892 3768 τά

234 3804 344 3876 πρό
362 3823 426 3878 γε
482 3799 649 3873 αὒτῆς
701 3805 1072 3877 ἁμαρτήματα
1119 3803 1258 3874 λόει,
1305 3802 1380 3866 ὥς
1427 3824 1570 3865 τινες
1629 3800 1838 3858 ο⁹ίονται
1872 3820 1886 3833 ·

232 3893 396 3946 τοῦτο
440 3891 544 3967 γάρ
595 3895 624 3947 ὁ
661 3893 841 3947 κανὼν
892 3891 956 3946 οὐ
1002 3912 1304 3967 προσιεται.
1346 3893 1414 3947 Τὸ
1467 3893 1573 3969 γὰρ
1624 3891 1890 3962 ἀνεπίλη-

234 4001 369 4035 πτον
403 3980 458 4034 ὲν
519 3985 678 4036 πᾶσιν
732 3983 767 4050 ἡ
819 3981 1115 4051 Ἐκκλησία
1163 3986 1336 4051 ζητεῖ,
1385 3981 1472 4036 καὶ
1526 3983 1601 4053 μή
1639 3979 1887 4055 εὑροῦσα,

238 4067 330 4123 ἒκδ
337 4075 463 4126 ικεῖ.

307 4159 372 4216 Ὀ
429 4156 491 4213 δὲ
537 4169 573 4214 ε’
633 4163 734 4215 τοῦ
791 4159 1058 4238 Θεοφίλου
1129 4157 1524 4234 Ἀλεξανδρείας
1602 4160 1729 4221 τοὺς
1791 4160 1886 4230 μὲν

236 4247 522 4310 τοιούτους
567 4249 659 4304 καὶ
715 4255 816 4318 τῆς
868 4249 1195 4318 Ἑκκλησίας
1235 4249 1438 4318 ἐξωθεῖ,
1472 4251 1636 4322 μήτοι
1669 4269 1731 4324 γε
1785 4255 1886 4317 τῆς

238 4337 575 4411 ἱερωσύνηςο
615 4341 696 4409 τῷ
744 4334 800 4392 δὲ
858 4337 911 4408 ἐξ
968 4336 1189 4414 ἀγνοίας
1252 4341 1703 4412 χειροτονήσαντι
1759 4357 1886 4413 συγ-

233 4429 458 4501 γνώμην
495 4423 712 4485 δίδωσι.

303 4518 465 4586 Ζήτει
497 4518 589 4570 τὸν
639 4516 839 4570 κανόνα
886 4519 1076 4572 τοῦτον
1122 4515 1212 4572 καὶ
1262 4516 1314 4570 ἐν
1357 4514 1436 4590 τῷ
1471 4518 1534 4580 ις’
1562 4537 1683 4590 κεφ.
1715 4520 1810 4570 τοῦ
1845 4522 1884 4570 Il

236 4604 518 4679 στοιχείου
547 4605 639 4659 καὶ
668 4611 768 4674 τῆς
798 4605 849 4660 ἐν
903 4607 1320 4682 Ναιοκαισαρεία
1373 4603 1598 4661 συνόδου
1629 4608 1676 4660 θ’
1703 4607 1792 4660 καὶ
1829 4611 1883 4663 ι’.

2019 2095 2109 2148 est
2131 2089 2436 2144 nefarium.

2113 2272 2308 2328 Canon
2363 2286 2497 2326 vero
2537 2271 2606 2326 48
2661 2271 2892 2328 concilii
2946 2273 3422 2348 Carthaginensis
3478 2296 3666 2354 neque

2015 2361 2344 2434 quempiam
2366 2359 2936 2432 rebaptizare,neque
2952 2361 3216 2419 iteratam
3243 2366 3668 2427 ordinationem

2013 2452 2271 2521 accipere
2300 2450 2578 2517 decernit,
2609 2449 2729 2506 imo
2761 2451 2910 2506 hanc
2967 2467 3098 2507 esse
3138 2457 3458 2512 secundam
3501 2459 3665 2514 ordi-

2015 2541 2303 2596 nationem
2331 2541 2434 2606 ait,
2467 2539 2794 2610 permittere
2833 2539 3084 2613 aliquem
3117 2545 3410 2616 prOpriam
3443 2545 3661 2604 didice-

2011 2631 2101 2684 sin
2133 2630 2397 2685 deserere
2415 2633 2474 2684 et
2499 2627 2561 2684 in
2592 2627 2762 2684 aliam
2796 2630 3116 2700 transilire;
3147 2638 3324 2704 atque
3353 2636 3528 2694 etiam
3550 2637 3658 2694 ole-

2011 2723 2238 2775 menter
2256 2717 2645 2784 submonitus,
2671 2718 2782 2774 nisi
2815 2717 2950 2775 velit
2971 2721 3039 2776 ad
3059 2721 3352 2794 propriam
3375 2724 3654 2784 ditionem

2009 2809 2215 2874 redire,
2237 2807 2499 2863 tradatur
2529 2807 2795 2879 potestati
2829 2808 3225 2880 magistratus.

2011 2912 2172 2971 206
2201 2913 2356 2970 CAP.
2389 2911 2552 2969 XXV.
2597 2913 2670 2969 De
2707 2912 2811 2986 illo
2853 2913 2950 2986 qui
2993 2918 3218 2972 crimini
3256 2916 3434 2976 alicui
3481 2919 3654 2978 obuo-

2490 2987 2621 3041 xius
2649 2985 2941 3042 ordinatur
2969 2996 3175 3044 tamen.

2074 3093 2271 3150 Canon
2311 3092 2348 3147 9
2391 3093 2597 3165 synodi
2656 3093 2852 3166 prima
2910 3095 3310 3168 presbyterum
3356 3098 3454 3171 qui
3508 3099 3652 3158 citra

2003 3183 2487 3240 examinationem
2518 3183 2839 3253 ordinatur,
2871 3189 2973 3240 aut
3021 3185 3386 3245 examinatus
3416 3189 3650 3262 quidem

2001 3273 2350 3328 conﬁteatur
2361 3273 2513 3344 quod
2533 3276 2668 3328 ante
2683 3273 3104 3332 ordinationem
3119 3275 3177 3331 in
3213 3277 3650 3337 fornicationem

2005 3361 2440 3433 prolapsus,sed
2463 3365 2656 3418 tamen
2689 3367 2901 3434 prater
2929 3379 3188 3422 canones
3215 3366 3520 3424 ordinatus
3541 3376 3650 3432 est,

1991 3451 2158 3520 jubet
2188 3449 2330 3505 nihil
2362 3466 2430 3505 ex
2460 3449 2762 3521 illegitima
2795 3451 3105 3536 oratinatio
3119 3471 3190 3511 ne
3239 3455 3527 3527 adjuvari,
3549 3458 3650 3514 sed

1999 3556 2059 3596 re
2088 3548 2384 3612 comperta
2404 3538 2638 3611 deponi.
2660 3539 2784 3598 Non
2813 3541 2969 3598 enim
3003 3550 3064 3598 ut
3093 3558 3322 3600 sacrum
3357 3544 3653 3602 lavacrum

2001 3643 2214 3684 novum
2247 3626 2436 3683 reddit
2468 3628 2790 3698 hominem,
2822 3631 2920 3702 qui
2956 3630 3301 3704 baptizatur,
3335 3633 3416 3688 ita
3461 3638 3516 3690 et
3565 3651 3652 3690 ea-

2001 3717 2323 3774 cerdotium
2358 3716 2569 3773 delicta
2601 3734 2724 3788 quis
2755 3719 2950 3790 ipsum
2978 3725 3433 3780 antecesserunt
3459 3723 3655 3793 solvit,

2001 3811 2065 3862 ut
2095 3805 2363 3863 nonnulli
2396 3811 2618 3878 putant.
2652 3807 2815 3864 Hunc
2842 3811 2996 3866 enim
3048 3826 3250 3868 casum
3290 3827 3476 3870 canon
3537 3829 3652 3869 non

1999 3894 2253 3966 attingit.
2295 3894 2576 3952 Ceterum
2611 3897 2999 3954 innocentiam
3023 3899 3082 3955 in
3112 3901 3388 3958 omnibus
3413 3901 3656 3974 requirit

1998 3983 2277 4050 Eeclesia,
2307 3988 2363 4038 et
2396 3983 2494 4040 ubi
2527 4001 2641 4042 non
2675 3985 2914 4058 invenit,
2947 3991 3235 4046 sententia
3283 3995 3480 4049 nmen
3537 4008 3656 4047 sua

2000 4072 2276 4128 vindicat.

2067 4166 2264 4219 Canon
2297 4163 2472 4220 etiam
2503 4163 2746 4236 quintus
2777 4166 3086 4239 Theophili
3135 4169 3510 4226 Alexandrini
3557 4174 3655 4227 ta-

1997 4251 2081 4306 les
2112 4253 2185 4306 ab
2244 4252 2492 4308 ecclesia
2549 4254 2712 4326 pellit
2743 4271 2857 4311 non
2917 4255 3108 4312 solum
3167 4257 3512 4315 sacerdotio.
3557 4258 3653 4316 llli

1998 4343 2196 4394 autem
2225 4341 2324 4412 qui
2357 4358 2421 4396 ex
2458 4342 2786 4414 ignorantia
2819 4343 3128 4415 ordinavit,
3160 4347 3389 4404 veniam
3438 4363 3650 4405 conce-

1997 4427 2102 4482 dit.

2067 4517 2265 4581 Quaere
2296 4515 2452 4572 hunc
2483 4532 2611 4576 can.
2644 4518 2705 4574 in
2739 4521 2806 4575 16
2836 4536 2964 4593 cap.
2997 4521 3108 4577 litt.
3139 4522 3210 4590 ll,
3244 4528 3420 4596 atque
3467 4523 3644 4580 etiam

1998 4623 2125 4662 can.
2156 4607 2192 4660 9
2223 4611 2279 4663 et
2312 4609 2375 4664 10
2405 4610 2610 4680 synodi
2644 4611 3143 4669 Neocesariensis.

241 4716 496 4765 ΚΕΦΔΛ.
531 4708 660 4782 κς.
694 4711 830 4794 Ὀτιι
861 4708 929 4763 οὐ
961 4707 1059 4764 δεῖ
1087 4711 1629 4794 χειροτονεῖσθαι
1670 4712 1779 4765 τὸν
1813 4709 1873 4766 ἐν

2027 4712 2134 4768 AP.
2166 4713 2361 4773 XXVI.
2397 4717 2546 4783 Quod
2566 4720 2612 4772 is
2633 4733 2742 4794 non
2788 4719 2944 4794 debet
2988 4720 3264 4788 ordinari,
3305 4725 3404 4794 qui
3459 4738 3643 4794 ἐεργο-

736 4781 908 4852 νόσῳ
945 4781 1385 4859 φωτισθέντα.

297 4892 460 4960 Ζήτει
522 4887 576 4944 ἐν
635 4892 714 4960 τῷ
761 4890 806 4942 α’
852 4908 970 4965 κεφ.
1020 4893 1117 4944 τοῦ
1177 4896 1213 4944 Β
1260 4889 1537 4963 στοιχείου
1577 4890 1774 4944 κανόνα
1806 4891 1862 4965 ιβ

233 4984 327 5046 τῆς
357 4979 412 5032 ἐν
447 4975 844 5052 Νεοκαισαρείν
866 4971 1115 5035 συνόδου.

2530 4794 2616 4843 tus
2648 4789 3061 4862 baptizabatur.

2063 4891 2262 4955 Quare
2293 4893 2350 4948 in
2375 4909 2502 4966 cap.
2539 4899 2561 4950 1
2599 4895 2714 4953 littt
2736 4900 2796 4952 Β.
2829 4914 2959 4955 can.
2999 4899 3060 4953 t2
3107 4899 3310 4972 synodi
3338 4899 3642 4962 Neocaesa-

1993 4982 2221 5039 riensis.

236 5087 492 5142 ΚΕΦΑΛ.
523 5086 646 5165 ΚΖ)
683 5084 844 5158 Περὶ
880 5088 1005 5165 τῷν
1043 5083 1633 5165 τὴναχειροτονίαν
1675 5086 1877 5159 ὄμνυ-

2026 5089 2146 5144 LAP.
2180 5088 2398 5146 XXVII.
2431 5091 2509 5146 De
2559 5094 2626 5148 iis
2671 5095 2769 5165 qui
2813 5096 3014 5165 juraat
3071 5111 3128 5150 se
3181 5111 3365 5154 sacros
3410 5099 3632 5158 ordines

611 5153 818 5210 όντων
855 5157 942 5229 μή
985 5153 1496 5227 κατναδῖξασθαι.

299 5265 459 5333 Ζῆτει
490 5261 544 5317 ἐν
573 5266 654 5334 τῷ
684 5257 771 5318 λε’
801 5283 923 5340 κεφ.
954 5265 1052 5316 τοῦ
1092 5267 1130 5316 Ε
1182 5263 1460 5338 στοιχείου
1496 5261 1690 5318 κανόνα
1715 5267 1748 5316 ι’
1782 5267 1880 5318 τοῦ

239 5349 484 5425 μεγάλου
516 5349 830 5410 Βασιλείου.

2493 5169 2747 5220 nondum
2784 5169 3101 5237 suscepisse.

2057 5267 2259 5330 Quaere
2291 5269 2348 5324 in
2381 5286 2509 5342 cap.
2541 5271 2612 5326 32
2650 5271 2758 5328 litt.
2793 5273 2834 5328 E
2866 5289 3144 5330 canonem
3179 5275 3470 5333 decimum
3506 5295 3636 5336 ma-

1987 5358 2085 5429 gni
2118 5357 2337 5414 Basilii.

239 5462 494 5514 ΚΕΦΑΛ.
528 5461 660 5515 Kll'.
707 5457 863 5531 Περί
921 5459 1042 5542 τῷν
1093 5457 1713 5534 χειροτονουμένων
1771 5455 1877 5514 ἐπὶ

2026 5464 2139 5520 ἱΑΡ.
2173 5464 2424 5524 XXVIII.
2453 5468 2527 5524 De
2553 5469 2622 5524 iis
2642 5469 2739 5540 qui
2765 5477 2992 5540 propter
3015 5474 3311 5542 pecuniam
3353 5474 3629 5532 ordinan-

865 5527 998 5603 χρή
1016 5527 1140 5602 μαίἲ
1161 5527 1256 5587 ιν..

297 5635 356 5690 Ὀ
412 5635 496 5689 κθ⁸
539 5637 648 5691 τῶν
707 5633 878 5712 ἁγίων
945 5633 1270 5690 ἀποστόλων
1335 5636 1510 5690 κανὼν
1566 5636 1738 5698 οὕτως
1785 5633 1874 5692 ἐπὶ

2744 5547 2858 5596 tur.

2053 5642 2249 5699 Canon
2279 5644 2349 5699 29
2378 5649 2712 5702 sanctorum
2771 5645 3170 5718 apostolorum
3223 5648 3309 5703 sic
3356 5664 3628 5722 expresse

235 5719 427 5794 λέξεως
475 5722 590 5800 ἔχει
620 5741 638 5755 ⁸
683 5723 745 5780 Et
800 5744 886 5787 τις
939 5721 1236 5787 ἆπίσκοπος
1285 5722 1372 5780 διὰ
1422 5727 1729 5800 χρημάτων
1775 5727 1874 5795 τῆς

2026 5745 2111 5786 sse
2139 5729 2435 5806 habet;‘Si
2458 5733 2592 5806 quis
2620 5731 2930 5805 episcopus
2960 5749 3064 5805 per
3091 5733 3397 5806 pecuniam
3427 5719 3626 5808 digni-

547 5855 807 5920 Pareae.
851 5855 969 5917 Gs.
1013 5853 1231 5917 CXLV.

3267 5860 3306 5941 Ζ
