  <div class='ocr_page' id='page_1' title='image "/cluster/home/n/w/nwhite01/storage/ocr_20150623/145/mdp.39015061167048/109.png"; bbox 0 0 4092 6300; ppageno 0'>
   <div class='ocr_carea' id='block_1_1' title="bbox 495 370 612 455">
    <p class='ocr_par' dir='ltr' id='par_1_1' title="bbox 495 370 612 455">
     <span class='ocr_line' id='line_1_1' title="bbox 495 370 612 455; baseline 0.009 -1"><span class='ocrx_word' id='word_1_1' title='bbox 495 370 612 455; x_wconf 73' lang='lat'><strong>203</strong></span> 
     </span>
    </p>
   </div>
   <div class='ocr_carea' id='block_1_2' title="bbox 1766 389 2613 454">
    <p class='ocr_par' dir='ltr' id='par_1_2' title="bbox 1766 389 2613 454">
     <span class='ocr_line' id='line_1_2' title="bbox 1766 389 2613 454; baseline 0.001 -2"><span class='ocrx_word' id='word_1_2' title='bbox 1766 389 2140 452; x_wconf 79' lang='grc' dir='ltr'><strong>ΜΑΤΤΗιΕΙ</strong></span> <span class='ocrx_word' id='word_1_3' title='bbox 2184 389 2613 454; x_wconf 67' lang='grc' dir='ltr'><strong>ΒΕᾹΒΤΑΒΙΒ</strong></span> 
     </span>
    </p>
   </div>
   <div class='ocr_carea' id='block_1_3' title="bbox 3752 403 3853 465">
    <p class='ocr_par' dir='ltr' id='par_1_3' title="bbox 3752 403 3853 465">
     <span class='ocr_line' id='line_1_3' title="bbox 3752 403 3853 465; baseline 0 0"><span class='ocrx_word' id='word_1_4' title='bbox 3752 403 3853 465; x_wconf 66' lang='lat'><strong>204</strong></span> 
     </span>
    </p>
   </div>
   <div class='ocr_carea' id='block_1_4' title="bbox 492 525 2089 612">
    <p class='ocr_par' dir='ltr' id='par_1_4' title="bbox 492 525 2089 603">
     <span class='ocr_line' id='line_1_4' title="bbox 492 525 2089 603; baseline -0.003 -17"><span class='ocrx_word' id='word_1_5' title='bbox 492 533 628 587; x_wconf 88' lang='lat' dir='ltr'><strong>tatis</strong></span> <span class='ocrx_word' id='word_1_6' title='bbox 667 530 839 602; x_wconf 88' lang='lat' dir='ltr'><strong>hujus</strong></span> <span class='ocrx_word' id='word_1_7' title='bbox 870 530 1152 603; x_wconf 76' lang='lat' dir='ltr'><strong>particeps</strong></span> <span class='ocrx_word' id='word_1_8' title='bbox 1184 529 1303 591; x_wconf 81' lang='lat' dir='ltr'><strong>ﬁat.</strong></span> <span class='ocrx_word' id='word_1_9' title='bbox 1335 532 1436 586; x_wconf 90' lang='lat' dir='ltr'><strong>aut</strong></span> <span class='ocrx_word' id='word_1_10' title='bbox 1494 526 1810 598; x_wconf 82' lang='lat' dir='ltr'><strong>presbyter,</strong></span> <span class='ocrx_word' id='word_1_11' title='bbox 1841 530 1944 582; x_wconf 89' lang='lat' dir='ltr'><strong>aut</strong></span> <span class='ocrx_word' id='word_1_12' title='bbox 1999 525 2089 581; x_wconf 81' lang='lat' dir='ltr'><strong>diu</strong></span> 
     </span>
    </p>
   </div>
   <div class='ocr_carea' id='block_1_5' title="bbox 2205 525 3851 612">
    <p class='ocr_par' dir='ltr' id='par_1_5' title="bbox 2205 526 3851 612">
     <span class='ocr_line' id='line_1_5' title="bbox 2205 526 3851 612; baseline 0.01 -34"><span class='ocrx_word' id='word_1_13' title='bbox 2205 526 2390 597; x_wconf 68' lang='grc' dir='ltr'><strong>⁵αξίας</strong></span> <span class='ocrx_word' id='word_1_14' title='bbox 2447 527 2648 596; x_wconf 79' lang='grc' dir='ltr'>ταύτης</span> <span class='ocrx_word' id='word_1_15' title='bbox 2704 527 2965 602; x_wconf 75' lang='grc' dir='ltr'>ἐγκρατὴς</span> <span class='ocrx_word' id='word_1_16' title='bbox 3022 530 3251 607; x_wconf 83' lang='grc' dir='ltr'>γένοιτο.</span> <span class='ocrx_word' id='word_1_17' title='bbox 3302 534 3339 603; x_wconf 70' lang='grc' dir='ltr'>ἢ</span> <span class='ocrx_word' id='word_1_18' title='bbox 3416 534 3851 612; x_wconf 69' lang='grc' dir='ltr'>πρεσϐύτερος,ἢ</span> 
     </span>
    </p>
   </div>
   <div class='ocr_carea' id='block_1_6' title="bbox 489 616 2128 694">
    <p class='ocr_par' dir='ltr' id='par_1_6' title="bbox 489 616 2128 694">
     <span class='ocr_line' id='line_1_6' title="bbox 489 616 2128 694; baseline -0.005 -17"><span class='ocrx_word' id='word_1_19' title='bbox 489 638 694 689; x_wconf 87' lang='lat' dir='ltr'><strong>conus,</strong></span> <span class='ocrx_word' id='word_1_20' title='bbox 727 623 1047 694; x_wconf 79' lang='lat' dir='ltr'><strong>deponatur</strong></span> <span class='ocrx_word' id='word_1_21' title='bbox 1075 627 1130 678; x_wconf 90' lang='lat' dir='ltr'><strong>et</strong></span> <span class='ocrx_word' id='word_1_22' title='bbox 1159 622 1304 693; x_wconf 90' lang='lat' dir='ltr'><strong>ipse,</strong></span> <span class='ocrx_word' id='word_1_23' title='bbox 1339 624 1396 675; x_wconf 90' lang='lat' dir='ltr'><strong>et</strong></span> <span class='ocrx_word' id='word_1_24' title='bbox 1439 621 1537 689; x_wconf 89' lang='lat' dir='ltr'><strong>qui</strong></span> <span class='ocrx_word' id='word_1_25' title='bbox 1577 619 1825 683; x_wconf 78' lang='lat' dir='ltr'><strong>ordinat,</strong></span> <span class='ocrx_word' id='word_1_26' title='bbox 1855 621 1914 671; x_wconf 88' lang='lat' dir='ltr'><strong>et</strong></span> <span class='ocrx_word' id='word_1_27' title='bbox 1961 616 2128 687; x_wconf 56' lang='lat' dir='ltr'><strong>peni-</strong></span> 
     </span>
    </p>
   </div>
   <div class='ocr_carea' id='block_1_7' title="bbox 485 705 2128 777">
    <p class='ocr_par' dir='ltr' id='par_1_7' title="bbox 485 705 2128 777">
     <span class='ocr_line' id='line_1_7' title="bbox 485 705 2128 777; baseline -0.005 -9"><span class='ocrx_word' id='word_1_28' title='bbox 485 717 585 768; x_wconf 90' lang='lat' dir='ltr'><strong>tus</strong></span> <span class='ocrx_word' id='word_1_29' title='bbox 615 728 650 768; x_wconf 89' lang='lat' dir='ltr'><strong>a</strong></span> <span class='ocrx_word' id='word_1_30' title='bbox 679 710 1087 769; x_wconf 81' lang='lat' dir='ltr'><strong>communione</strong></span> <span class='ocrx_word' id='word_1_31' title='bbox 1116 709 1516 775; x_wconf 79' lang='lat' dir='ltr'><strong>abscindatur,</strong></span> <span class='ocrx_word' id='word_1_32' title='bbox 1548 712 1612 764; x_wconf 86' lang='lat' dir='ltr'><strong>ut</strong></span> <span class='ocrx_word' id='word_1_33' title='bbox 1640 707 1842 764; x_wconf 87' lang='lat' dir='ltr'><strong>Simon</strong></span> <span class='ocrx_word' id='word_1_34' title='bbox 1868 705 2071 777; x_wconf 75' lang='lat' dir='ltr'><strong>Magus</strong></span> <span class='ocrx_word' id='word_1_35' title='bbox 2094 720 2128 759; x_wconf 88' lang='lat' dir='ltr'><strong>a</strong></span> 
     </span>
    </p>
   </div>
   <div class='ocr_carea' id='block_1_8' title="bbox 486 803 798 857">
    <p class='ocr_par' dir='ltr' id='par_1_8' title="bbox 486 803 798 857">
     <span class='ocr_line' id='line_1_8' title="bbox 486 803 798 857; baseline -0.003 0"><span class='ocrx_word' id='word_1_36' title='bbox 486 816 580 857; x_wconf 89' lang='lat' dir='ltr'><strong>me</strong></span> <span class='ocrx_word' id='word_1_37' title='bbox 609 803 798 857; x_wconf 87' lang='lat' dir='ltr'><strong>Petro.</strong></span> 
     </span>
    </p>
   </div>
   <div class='ocr_carea' id='block_1_9' title="bbox 553 884 2119 958">
    <p class='ocr_par' dir='ltr' id='par_1_9' title="bbox 553 884 2119 958">
     <span class='ocr_line' id='line_1_9' title="bbox 553 884 2119 958; baseline -0.005 -11"><span class='ocrx_word' id='word_1_38' title='bbox 553 891 750 956; x_wconf 58' lang='lat' dir='ltr'><strong>Quare</strong></span> <span class='ocrx_word' id='word_1_39' title='bbox 779 894 836 946; x_wconf 91' lang='lat' dir='ltr'><strong>et</strong></span> <span class='ocrx_word' id='word_1_40' title='bbox 863 890 932 945; x_wconf 88' lang='lat'><strong>30</strong></span> <span class='ocrx_word' id='word_1_41' title='bbox 962 905 1242 946; x_wconf 87' lang='lat' dir='ltr'><strong>canonem</strong></span> <span class='ocrx_word' id='word_1_42' title='bbox 1275 888 1513 944; x_wconf 91' lang='lat' dir='ltr'><strong>illorum</strong></span> <span class='ocrx_word' id='word_1_43' title='bbox 1559 886 1617 942; x_wconf 91' lang='lat' dir='ltr'><strong>in</strong></span> <span class='ocrx_word' id='word_1_44' title='bbox 1669 885 1886 958; x_wconf 88' lang='lat' dir='ltr'><strong>eapties</strong></span> <span class='ocrx_word' id='word_1_45' title='bbox 1910 885 1976 940; x_wconf 86' lang='grc'><strong>19</strong></span> <span class='ocrx_word' id='word_1_46' title='bbox 2005 884 2119 940; x_wconf 89' lang='lat' dir='ltr'><strong>litt.</strong></span> 
     </span>
    </p>
   </div>
   <div class='ocr_carea' id='block_1_10' title="bbox 480 976 2119 1052">
    <p class='ocr_par' dir='ltr' id='par_1_10' title="bbox 480 976 2119 1052">
     <span class='ocr_line' id='line_1_10' title="bbox 480 976 2119 1052; baseline -0.002 -18"><span class='ocrx_word' id='word_1_47' title='bbox 480 979 544 1034; x_wconf 92' lang='lat' dir='ltr'><strong>E.</strong></span> <span class='ocrx_word' id='word_1_48' title='bbox 575 984 632 1035; x_wconf 90' lang='lat' dir='ltr'><strong>et</strong></span> <span class='ocrx_word' id='word_1_49' title='bbox 661 996 789 1052; x_wconf 66' lang='lat' dir='ltr'><strong>quae</strong></span> <span class='ocrx_word' id='word_1_50' title='bbox 818 979 899 1036; x_wconf 87' lang='lat' dir='ltr'><strong>ibi</strong></span> <span class='ocrx_word' id='word_1_51' title='bbox 929 979 1206 1036; x_wconf 89' lang='lat' dir='ltr'><strong>dicuntur</strong></span> <span class='ocrx_word' id='word_1_52' title='bbox 1245 979 1317 1034; x_wconf 89' lang='lat' dir='ltr'><strong>de</strong></span> <span class='ocrx_word' id='word_1_53' title='bbox 1363 977 1634 1049; x_wconf 88' lang='lat' dir='ltr'><strong>utrisque</strong></span> <span class='ocrx_word' id='word_1_54' title='bbox 1680 976 1892 1031; x_wconf 87' lang='lat' dir='ltr'><strong>horum</strong></span> <span class='ocrx_word' id='word_1_55' title='bbox 1944 991 2119 1031; x_wconf 84' lang='lat' dir='ltr'><strong>cano-</strong></span> 
     </span>
    </p>
   </div>
   <div class='ocr_carea' id='block_1_11' title="bbox 477 1084 641 1124">
    <p class='ocr_par' dir='ltr' id='par_1_11' title="bbox 477 1084 641 1124">
     <span class='ocr_line' id='line_1_11' title="bbox 477 1084 641 1124; baseline -0.006 0"><span class='ocrx_word' id='word_1_56' title='bbox 477 1084 641 1124; x_wconf 88' lang='lat' dir='ltr'><strong>num.</strong></span> 
     </span>
    </p>
   </div>
   <div class='ocr_carea' id='block_1_12' title="bbox 542 1154 2113 1233">
    <p class='ocr_par' dir='ltr' id='par_1_12' title="bbox 542 1154 2113 1233">
     <span class='ocr_line' id='line_1_12' title="bbox 542 1154 2113 1233; baseline -0.004 -17"><span class='ocrx_word' id='word_1_57' title='bbox 542 1161 737 1216; x_wconf 91' lang='lat' dir='ltr'><strong>Canon</strong></span> <span class='ocrx_word' id='word_1_58' title='bbox 768 1163 961 1216; x_wconf 87' lang='lat' dir='ltr'><strong>autem</strong></span> <span class='ocrx_word' id='word_1_59' title='bbox 993 1160 1283 1217; x_wconf 89' lang='lat' dir='ltr'><strong>secundus</strong></span> <span class='ocrx_word' id='word_1_60' title='bbox 1315 1158 1519 1233; x_wconf 84' lang='lat' dir='ltr'><strong>synodi</strong></span> <span class='ocrx_word' id='word_1_61' title='bbox 1549 1162 1766 1230; x_wconf 71' lang='lat' dir='ltr'><strong>quartas</strong></span> <span class='ocrx_word' id='word_1_62' title='bbox 1794 1171 1807 1210; x_wconf 90' lang='lat'><strong>:</strong></span> <span class='ocrx_word' id='word_1_63' title='bbox 1851 1155 1911 1210; x_wconf 92' lang='lat' dir='ltr'><strong>Si</strong></span> <span class='ocrx_word' id='word_1_64' title='bbox 1958 1154 2113 1226; x_wconf 89' lang='lat' dir='ltr'><strong>quis,</strong></span> 
     </span>
    </p>
   </div>
   <div class='ocr_carea' id='block_1_13' title="bbox 472 1243 2119 1321">
    <p class='ocr_par' dir='ltr' id='par_1_13' title="bbox 472 1243 2119 1321">
     <span class='ocr_line' id='line_1_13' title="bbox 472 1243 2119 1321; baseline -0.004 -18"><span class='ocrx_word' id='word_1_65' title='bbox 472 1246 681 1319; x_wconf 90' lang='lat' dir='ltr'><strong>inquit,</strong></span> <span class='ocrx_word' id='word_1_66' title='bbox 714 1251 1024 1321; x_wconf 89' lang='lat' dir='ltr'><strong>episcopus</strong></span> <span class='ocrx_word' id='word_1_67' title='bbox 1054 1250 1373 1306; x_wconf 90' lang='lat' dir='ltr'><strong>venumdat</strong></span> <span class='ocrx_word' id='word_1_68' title='bbox 1400 1265 1517 1305; x_wconf 86' lang='lat' dir='ltr'><strong>non</strong></span> <span class='ocrx_word' id='word_1_69' title='bbox 1546 1244 1897 1303; x_wconf 89' lang='lat' dir='ltr'><strong>vendibilem</strong></span> <span class='ocrx_word' id='word_1_70' title='bbox 1938 1243 2119 1315; x_wconf 91' lang='lat' dir='ltr'><strong>Spiri-</strong></span> 
     </span>
    </p>
   </div>
   <div class='ocr_carea' id='block_1_14' title="bbox 468 1333 2114 1409">
    <p class='ocr_par' dir='ltr' id='par_1_14' title="bbox 468 1333 2114 1409">
     <span class='ocr_line' id='line_1_14' title="bbox 468 1333 2114 1409; baseline -0.002 -19"><span class='ocrx_word' id='word_1_71' title='bbox 468 1340 564 1392; x_wconf 91' lang='lat' dir='ltr'><strong>tus</strong></span> <span class='ocrx_word' id='word_1_72' title='bbox 596 1337 783 1395; x_wconf 86' lang='lat' dir='ltr'><strong>sancti</strong></span> <span class='ocrx_word' id='word_1_73' title='bbox 813 1339 1087 1409; x_wconf 82' lang='lat' dir='ltr'><strong>gratiam,</strong></span> <span class='ocrx_word' id='word_1_74' title='bbox 1118 1338 1396 1394; x_wconf 81' lang='lat' dir='ltr'><strong>nimirum</strong></span> <span class='ocrx_word' id='word_1_75' title='bbox 1427 1352 1554 1408; x_wconf 68' lang='lat' dir='ltr'><strong>quae</strong></span> <span class='ocrx_word' id='word_1_76' title='bbox 1588 1333 1943 1406; x_wconf 90' lang='lat' dir='ltr'><strong>nullopretio</strong></span> <span class='ocrx_word' id='word_1_77' title='bbox 1960 1333 2114 1387; x_wconf 68' lang='lat' dir='ltr'><strong>aesti-</strong></span> 
     </span>
    </p>
   </div>
   <div class='ocr_carea' id='block_1_15' title="bbox 469 1422 2113 1499">
    <p class='ocr_par' dir='ltr' id='par_1_15' title="bbox 469 1422 2113 1499">
     <span class='ocr_line' id='line_1_15' title="bbox 469 1422 2113 1499; baseline -0.003 -19"><span class='ocrx_word' id='word_1_78' title='bbox 469 1427 616 1482; x_wconf 89' lang='lat' dir='ltr'><strong>mari</strong></span> <span class='ocrx_word' id='word_1_79' title='bbox 684 1432 897 1499; x_wconf 83' lang='lat' dir='ltr'><strong>potest,</strong></span> <span class='ocrx_word' id='word_1_80' title='bbox 931 1432 988 1483; x_wconf 90' lang='lat' dir='ltr'><strong>et</strong></span> <span class='ocrx_word' id='word_1_81' title='bbox 1030 1427 1348 1483; x_wconf 84' lang='lat' dir='ltr'><strong>venditioni</strong></span> <span class='ocrx_word' id='word_1_82' title='bbox 1379 1443 1495 1483; x_wconf 89' lang='lat' dir='ltr'><strong>non</strong></span> <span class='ocrx_word' id='word_1_83' title='bbox 1536 1425 1864 1489; x_wconf 84' lang='lat' dir='ltr'><strong>obnoxiam,</strong></span> <span class='ocrx_word' id='word_1_84' title='bbox 1886 1423 1960 1478; x_wconf 94' lang='lat' dir='ltr'><strong>ob</strong></span> <span class='ocrx_word' id='word_1_85' title='bbox 1990 1422 2113 1477; x_wconf 82' lang='lat' dir='ltr'><strong>exi-</strong></span> 
     </span>
    </p>
   </div>
   <div class='ocr_carea' id='block_1_16' title="bbox 467 1511 2111 1583">
    <p class='ocr_par' dir='ltr' id='par_1_16' title="bbox 467 1511 2111 1583">
     <span class='ocr_line' id='line_1_16' title="bbox 467 1511 2111 1583; baseline -0.001 -14"><span class='ocrx_word' id='word_1_86' title='bbox 467 1515 644 1571; x_wconf 88' lang='lat' dir='ltr'><strong>miam</strong></span> <span class='ocrx_word' id='word_1_87' title='bbox 677 1531 844 1573; x_wconf 88' lang='lat' dir='ltr'><strong>suam</strong></span> <span class='ocrx_word' id='word_1_88' title='bbox 876 1521 1146 1573; x_wconf 89' lang='lat' dir='ltr'><strong>naturam</strong></span> <span class='ocrx_word' id='word_1_89' title='bbox 1178 1521 1235 1573; x_wconf 87' lang='lat' dir='ltr'><strong>et</strong></span> <span class='ocrx_word' id='word_1_90' title='bbox 1264 1514 1822 1573; x_wconf 70' lang='lat' dir='ltr'><strong>omniaastimatione</strong></span> <span class='ocrx_word' id='word_1_91' title='bbox 1851 1511 2111 1583; x_wconf 91' lang='lat' dir='ltr'><strong>superio-</strong></span> 
     </span>
    </p>
   </div>
   <div class='ocr_carea' id='block_1_17' title="bbox 466 1600 2112 1677">
    <p class='ocr_par' dir='ltr' id='par_1_17' title="bbox 466 1600 2112 1677">
     <span class='ocr_line' id='line_1_17' title="bbox 466 1600 2112 1677; baseline -0.001 -20"><span class='ocrx_word' id='word_1_92' title='bbox 466 1618 612 1671; x_wconf 88' lang='lat' dir='ltr'><strong>rem,</strong></span> <span class='ocrx_word' id='word_1_93' title='bbox 662 1608 720 1659; x_wconf 90' lang='lat' dir='ltr'><strong>et</strong></span> <span class='ocrx_word' id='word_1_94' title='bbox 799 1611 1031 1677; x_wconf 82' lang='lat' dir='ltr'><strong>propter</strong></span> <span class='ocrx_word' id='word_1_95' title='bbox 1127 1604 1282 1661; x_wconf 64' lang='lat'><strong>267</strong></span> <span class='ocrx_word' id='word_1_96' title='bbox 1373 1605 1675 1677; x_wconf 85' lang='lat' dir='ltr'><strong>pecuniam</strong></span> <span class='ocrx_word' id='word_1_97' title='bbox 1757 1600 2112 1660; x_wconf 89' lang='lat' dir='ltr'><strong>ordinaverit</strong></span> 
     </span>
    </p>
   </div>
   <div class='ocr_carea' id='block_1_18' title="bbox 460 1693 2105 1768">
    <p class='ocr_par' dir='ltr' id='par_1_18' title="bbox 460 1693 2105 1768">
     <span class='ocr_line' id='line_1_18' title="bbox 460 1693 2105 1768; baseline -0.002 -19"><span class='ocrx_word' id='word_1_98' title='bbox 460 1693 824 1768; x_wconf 79' lang='lat' dir='ltr'><strong>episcopum,</strong></span> <span class='ocrx_word' id='word_1_99' title='bbox 857 1694 944 1751; x_wconf 90' lang='lat' dir='ltr'><strong>vel</strong></span> <span class='ocrx_word' id='word_1_100' title='bbox 988 1696 1487 1768; x_wconf 84' lang='lat' dir='ltr'><strong>chorepiscopum,</strong></span> <span class='ocrx_word' id='word_1_101' title='bbox 1517 1702 1620 1751; x_wconf 89' lang='lat' dir='ltr'><strong>aut</strong></span> <span class='ocrx_word' id='word_1_102' title='bbox 1684 1695 2105 1765; x_wconf 78' lang='lat' dir='ltr'><strong>presbyterum,</strong></span> 
     </span>
    </p>
   </div>
   <div class='ocr_carea' id='block_1_19' title="bbox 461 1781 2109 1855">
    <p class='ocr_par' dir='ltr' id='par_1_19' title="bbox 461 1781 2109 1855">
     <span class='ocr_line' id='line_1_19' title="bbox 461 1781 2109 1855; baseline 0 -20"><span class='ocrx_word' id='word_1_103' title='bbox 461 1783 545 1836; x_wconf 85' lang='lat' dir='ltr'><strong>vel</strong></span> <span class='ocrx_word' id='word_1_104' title='bbox 597 1783 928 1852; x_wconf 86' lang='lat' dir='ltr'><strong>diaconum,</strong></span> <span class='ocrx_word' id='word_1_105' title='bbox 960 1791 1062 1839; x_wconf 90' lang='lat' dir='ltr'><strong>aut</strong></span> <span class='ocrx_word' id='word_1_106' title='bbox 1117 1783 1582 1855; x_wconf 80' lang='lat' dir='ltr'><strong>hypcdiaconum</strong></span> <span class='ocrx_word' id='word_1_107' title='bbox 1614 1781 1698 1853; x_wconf 66' lang='lat' dir='ltr'><strong>{hi</strong></span> <span class='ocrx_word' id='word_1_108' title='bbox 1756 1782 1913 1836; x_wconf 90' lang='lat' dir='ltr'><strong>enim</strong></span> <span class='ocrx_word' id='word_1_109' title='bbox 1971 1787 2109 1836; x_wconf 90' lang='lat' dir='ltr'><strong>sunt</strong></span> 
     </span>
    </p>
   </div>
   <div class='ocr_carea' id='block_1_20' title="bbox 2235 612 3851 702">
    <p class='ocr_par' dir='ltr' id='par_1_20' title="bbox 2235 612 3851 702">
     <span class='ocr_line' id='line_1_20' title="bbox 2235 612 3851 702; baseline 0.009 -35"><span class='ocrx_word' id='word_1_110' title='bbox 2235 612 2501 685; x_wconf 76' lang='grc' dir='ltr'>διάκονος,</span> <span class='ocrx_word' id='word_1_111' title='bbox 2559 618 2920 690; x_wconf 75' lang='grc' dir='ltr'>καθαιρείσθω</span> <span class='ocrx_word' id='word_1_112' title='bbox 2976 622 3065 674; x_wconf 85' lang='grc' dir='ltr'><strong>καὶ</strong></span> <span class='ocrx_word' id='word_1_113' title='bbox 3123 623 3304 685; x_wconf 81' lang='grc' dir='ltr'>αὐτὸς,</span> <span class='ocrx_word' id='word_1_114' title='bbox 3360 625 3448 678; x_wconf 74' lang='grc' dir='ltr'><strong>καὶ</strong></span> <span class='ocrx_word' id='word_1_115' title='bbox 3515 628 3543 679; x_wconf 85' lang='grc' dir='ltr'><strong>ὁ</strong></span> <span class='ocrx_word' id='word_1_116' title='bbox 3621 646 3851 702; x_wconf 86' lang='grc' dir='ltr'>χειροτο-</span> 
     </span>
    </p>
   </div>
   <div class='ocr_carea' id='block_1_21' title="bbox 2232 704 3852 786">
    <p class='ocr_par' dir='ltr' id='par_1_21' title="bbox 2232 704 3852 786">
     <span class='ocr_line' id='line_1_21' title="bbox 2232 704 3852 786; baseline 0.008 -30"><span class='ocrx_word' id='word_1_117' title='bbox 2232 705 2422 773; x_wconf 80' lang='grc' dir='ltr'><strong>νήσας,</strong></span> <span class='ocrx_word' id='word_1_118' title='bbox 2477 705 2564 759; x_wconf 77' lang='grc' dir='ltr'><strong>καί</strong></span> <span class='ocrx_word' id='word_1_119' title='bbox 2623 704 2966 763; x_wconf 78' lang='grc' dir='ltr'>ὲκκοπτέσθω</span> <span class='ocrx_word' id='word_1_120' title='bbox 3015 717 3115 780; x_wconf 80' lang='grc' dir='ltr'>τῆς</span> <span class='ocrx_word' id='word_1_121' title='bbox 3172 714 3466 768; x_wconf 88' lang='grc' dir='ltr'>κοινωνίασ</span> <span class='ocrx_word' id='word_1_122' title='bbox 3519 716 3852 786; x_wconf 79' lang='grc' dir='ltr'>παντάπασιν,</span> 
     </span>
    </p>
   </div>
   <div class='ocr_carea' id='block_1_22' title="bbox 2231 792 3335 876">
    <p class='ocr_par' dir='ltr' id='par_1_22' title="bbox 2231 792 3335 876">
     <span class='ocr_line' id='line_1_22' title="bbox 2231 792 3335 876; baseline 0.01 -31"><span class='ocrx_word' id='word_1_123' title='bbox 2231 792 2306 855; x_wconf 84' lang='grc' dir='ltr'>ὡς</span> <span class='ocrx_word' id='word_1_124' title='bbox 2336 793 2523 866; x_wconf 86' lang='grc' dir='ltr'>Σίμων</span> <span class='ocrx_word' id='word_1_125' title='bbox 2557 796 2584 848; x_wconf 89' lang='grc' dir='ltr'><strong>ὁ</strong></span> <span class='ocrx_word' id='word_1_126' title='bbox 2617 797 2802 870; x_wconf 77' lang='grc' dir='ltr'>Μάγος</span> <span class='ocrx_word' id='word_1_127' title='bbox 2824 797 2912 852; x_wconf 79' lang='grc' dir='ltr'>ὑπ’</span> <span class='ocrx_word' id='word_1_128' title='bbox 2942 796 3077 871; x_wconf 77' lang='grc' dir='ltr'>ἐμοῦ</span> <span class='ocrx_word' id='word_1_129' title='bbox 3109 799 3335 876; x_wconf 70' lang='grc' dir='ltr'>Πέτρου.</span> 
     </span>
    </p>
   </div>
   <div class='ocr_carea' id='block_1_23' title="bbox 2301 883 3853 969">
    <p class='ocr_par' dir='ltr' id='par_1_23' title="bbox 2301 883 3853 969">
     <span class='ocr_line' id='line_1_23' title="bbox 2301 883 3853 969; baseline 0.007 -33"><span class='ocrx_word' id='word_1_130' title='bbox 2301 884 2461 951; x_wconf 82' lang='grc' dir='ltr'>Ζήτει</span> <span class='ocrx_word' id='word_1_131' title='bbox 2492 883 2581 938; x_wconf 76' lang='grc' dir='ltr'><strong>καὶ</strong></span> <span class='ocrx_word' id='word_1_132' title='bbox 2611 885 2703 940; x_wconf 88' lang='grc' dir='ltr'>τὸν</span> <span class='ocrx_word' id='word_1_133' title='bbox 2736 884 2784 942; x_wconf 85' lang='grc' dir='ltr'>λ’</span> <span class='ocrx_word' id='word_1_134' title='bbox 2813 885 3024 942; x_wconf 87' lang='grc' dir='ltr'>τούτων</span> <span class='ocrx_word' id='word_1_135' title='bbox 3053 889 3250 944; x_wconf 79' lang='grc' dir='ltr'>κανόνα</span> <span class='ocrx_word' id='word_1_136' title='bbox 3280 890 3333 945; x_wconf 80' lang='grc' dir='ltr'>ἐν</span> <span class='ocrx_word' id='word_1_137' title='bbox 3373 896 3453 964; x_wconf 86' lang='grc' dir='ltr'>τῷ</span> <span class='ocrx_word' id='word_1_138' title='bbox 3504 894 3568 948; x_wconf 86' lang='grc' dir='ltr'>ιθ⁸</span> <span class='ocrx_word' id='word_1_139' title='bbox 3618 914 3733 969; x_wconf 78' lang='grc' dir='ltr'>κεφ,</span> <span class='ocrx_word' id='word_1_140' title='bbox 3763 896 3853 947; x_wconf 78' lang='grc' dir='ltr'>τοῦ</span> 
     </span>
    </p>
   </div>
   <div class='ocr_carea' id='block_1_24' title="bbox 2228 971 3854 1057">
    <p class='ocr_par' dir='ltr' id='par_1_24' title="bbox 2228 971 3854 1057">
     <span class='ocr_line' id='line_1_24' title="bbox 2228 971 3854 1057; baseline 0.006 -32"><span class='ocrx_word' id='word_1_141' title='bbox 2228 975 2268 1025; x_wconf 88' lang='grc' dir='ltr'>Ε</span> <span class='ocrx_word' id='word_1_142' title='bbox 2317 971 2615 1047; x_wconf 87' lang='grc' dir='ltr'>στοιχείου,</span> <span class='ocrx_word' id='word_1_143' title='bbox 2663 974 2753 1029; x_wconf 85' lang='grc' dir='ltr'><strong>καὶ</strong></span> <span class='ocrx_word' id='word_1_144' title='bbox 2800 977 2867 1030; x_wconf 78' lang='grc' dir='ltr'>τὰ</span> <span class='ocrx_word' id='word_1_145' title='bbox 2924 975 3150 1033; x_wconf 76' lang='grc' dir='ltr'>ἐνταῦθα</span> <span class='ocrx_word' id='word_1_146' title='bbox 3207 980 3331 1055; x_wconf 89' lang='grc' dir='ltr'><strong>περί</strong></span> <span class='ocrx_word' id='word_1_147' title='bbox 3395 981 3713 1057; x_wconf 75' lang='grc' dir='ltr'><strong>ἀμφοτέρων</strong></span> <span class='ocrx_word' id='word_1_148' title='bbox 3757 985 3854 1037; x_wconf 84' lang='grc' dir='ltr'>τῶν</span> 
     </span>
    </p>
   </div>
   <div class='ocr_carea' id='block_1_25' title="bbox 2226 1058 2979 1136">
    <p class='ocr_par' dir='ltr' id='par_1_25' title="bbox 2226 1058 2979 1136">
     <span class='ocr_line' id='line_1_25' title="bbox 2226 1058 2979 1136; baseline 0.012 -25"><span class='ocrx_word' id='word_1_149' title='bbox 2226 1058 2432 1114; x_wconf 87' lang='grc' dir='ltr'>κανόνω</span> <span class='ocrx_word' id='word_1_150' title='bbox 2460 1062 2697 1117; x_wconf 88' lang='grc' dir='ltr'>τουτωνὶ</span> <span class='ocrx_word' id='word_1_151' title='bbox 2728 1063 2979 1136; x_wconf 77' lang='grc' dir='ltr'>ῥηθέντα.</span> 
     </span>
    </p>
   </div>
   <div class='ocr_carea' id='block_1_26' title="bbox 2297 1146 3849 1229">
    <p class='ocr_par' dir='ltr' id='par_1_26' title="bbox 2297 1146 3849 1229">
     <span class='ocr_line' id='line_1_26' title="bbox 2297 1146 3849 1229; baseline 0.005 -24"><span class='ocrx_word' id='word_1_152' title='bbox 2297 1153 2357 1205; x_wconf 87' lang='grc' dir='ltr'>Ὁ</span> <span class='ocrx_word' id='word_1_153' title='bbox 2414 1146 2471 1203; x_wconf 77' lang='grc' dir='ltr'><strong>δὲ</strong></span> <span class='ocrx_word' id='word_1_154' title='bbox 2633 1152 2806 1206; x_wconf 87' lang='grc' dir='ltr'>κανὼν</span> <span class='ocrx_word' id='word_1_155' title='bbox 2853 1160 2954 1222; x_wconf 82' lang='grc' dir='ltr'>τῆς</span> <span class='ocrx_word' id='word_1_156' title='bbox 3012 1151 3055 1207; x_wconf 69' lang='grc' dir='ltr'><strong>δ’</strong></span> <span class='ocrx_word' id='word_1_157' title='bbox 3099 1152 3350 1224; x_wconf 87' lang='grc' dir='ltr'>συνοδου,</span> <span class='ocrx_word' id='word_1_158' title='bbox 3393 1155 3457 1212; x_wconf 68' lang='grc' dir='ltr'><strong>Ε“ί</strong></span> <span class='ocrx_word' id='word_1_159' title='bbox 3508 1179 3611 1226; x_wconf 88' lang='grc' dir='ltr'>τις,</span> <span class='ocrx_word' id='word_1_160' title='bbox 3681 1158 3849 1229; x_wconf 78' lang='grc' dir='ltr'>φησὶν,</span> 
     </span>
    </p>
   </div>
   <div class='ocr_carea' id='block_1_27' title="bbox 2223 1233 3848 1323">
    <p class='ocr_par' dir='ltr' id='par_1_27' title="bbox 2223 1233 3848 1323">
     <span class='ocr_line' id='line_1_27' title="bbox 2223 1233 3848 1323; baseline 0.007 -33"><span class='ocrx_word' id='word_1_161' title='bbox 2223 1233 2516 1300; x_wconf 78' lang='grc' dir='ltr'>ἐπίσκοπος</span> <span class='ocrx_word' id='word_1_162' title='bbox 2561 1238 2637 1301; x_wconf 82' lang='grc' dir='ltr'><strong>εἰς</strong></span> <span class='ocrx_word' id='word_1_163' title='bbox 2686 1245 2878 1314; x_wconf 85' lang='grc' dir='ltr'>πρᾶσιν</span> <span class='ocrx_word' id='word_1_164' title='bbox 2934 1244 3227 1319; x_wconf 81' lang='grc' dir='ltr'>καταγάγοι</span> <span class='ocrx_word' id='word_1_165' title='bbox 3290 1248 3388 1315; x_wconf 78' lang='grc' dir='ltr'><strong>τήν</strong></span> <span class='ocrx_word' id='word_1_166' title='bbox 3450 1247 3688 1323; x_wconf 80' lang='grc' dir='ltr'>ἄπρατον</span> <span class='ocrx_word' id='word_1_167' title='bbox 3750 1249 3848 1323; x_wconf 78' lang='grc' dir='ltr'><strong>χά-</strong></span> 
     </span>
    </p>
   </div>
   <div class='ocr_carea' id='block_1_28' title="bbox 2223 1329 3847 1408">
    <p class='ocr_par' dir='ltr' id='par_1_28' title="bbox 2223 1329 3847 1408">
     <span class='ocr_line' id='line_1_28' title="bbox 2223 1329 3847 1408; baseline 0.009 -30"><span class='ocrx_word' id='word_1_168' title='bbox 2223 1346 2305 1399; x_wconf 88' lang='grc' dir='ltr'>ριν</span> <span class='ocrx_word' id='word_1_169' title='bbox 2360 1331 2457 1381; x_wconf 81' lang='grc' dir='ltr'>τοῦ</span> <span class='ocrx_word' id='word_1_170' title='bbox 2509 1329 2663 1402; x_wconf 78' lang='grc' dir='ltr'>ἁγίου</span> <span class='ocrx_word' id='word_1_171' title='bbox 2722 1330 3058 1402; x_wconf 88' lang='grc' dir='ltr'>Πνεύματος,</span> <span class='ocrx_word' id='word_1_172' title='bbox 3114 1335 3213 1402; x_wconf 81' lang='grc' dir='ltr'><strong>τήν</strong></span> <span class='ocrx_word' id='word_1_173' title='bbox 3276 1333 3543 1406; x_wconf 83' lang='grc' dir='ltr'>ἀτίμητον</span> <span class='ocrx_word' id='word_1_174' title='bbox 3620 1335 3847 1408; x_wconf 73' lang='grc' dir='ltr'>δηλαδὴ,</span> 
     </span>
    </p>
   </div>
   <div class='ocr_carea' id='block_1_29' title="bbox 2219 1415 3843 1502">
    <p class='ocr_par' dir='ltr' id='par_1_29' title="bbox 2219 1415 3843 1502">
     <span class='ocr_line' id='line_1_29' title="bbox 2219 1415 3843 1502; baseline 0.006 -34"><span class='ocrx_word' id='word_1_175' title='bbox 2219 1415 2312 1468; x_wconf 84' lang='grc' dir='ltr'><strong>καὶ</strong></span> <span class='ocrx_word' id='word_1_176' title='bbox 2370 1419 2563 1492; x_wconf 81' lang='grc' dir='ltr'>πράσει</span> <span class='ocrx_word' id='word_1_177' title='bbox 2601 1419 2676 1491; x_wconf 79' lang='grc' dir='ltr'>μή</span> <span class='ocrx_word' id='word_1_178' title='bbox 2734 1419 3164 1491; x_wconf 85' lang='grc' dir='ltr'>ὑποπίπτουσαν,</span> <span class='ocrx_word' id='word_1_179' title='bbox 3223 1427 3304 1494; x_wconf 81' lang='grc' dir='ltr'>τῷ</span> <span class='ocrx_word' id='word_1_180' title='bbox 3360 1424 3605 1502; x_wconf 78' lang='grc' dir='ltr'>ὑπερφυᾶ</span> <span class='ocrx_word' id='word_1_181' title='bbox 3657 1446 3843 1494; x_wconf 89' lang='grc' dir='ltr'>ταυτην</span> 
     </span>
    </p>
   </div>
   <div class='ocr_carea' id='block_1_30' title="bbox 2218 1504 3849 1588">
    <p class='ocr_par' dir='ltr' id='par_1_30' title="bbox 2218 1504 3849 1588">
     <span class='ocr_line' id='line_1_30' title="bbox 2218 1504 3849 1588; baseline 0.007 -31"><span class='ocrx_word' id='word_1_182' title='bbox 2218 1504 2352 1560; x_wconf 76' lang='grc' dir='ltr'>εἶναι</span> <span class='ocrx_word' id='word_1_183' title='bbox 2403 1506 2493 1561; x_wconf 84' lang='grc' dir='ltr'><strong>καὶ</strong></span> <span class='ocrx_word' id='word_1_184' title='bbox 2550 1514 2718 1579; x_wconf 82' lang='grc' dir='ltr'>τιμῆς</span> <span class='ocrx_word' id='word_1_185' title='bbox 2776 1510 2954 1580; x_wconf 68' lang='grc' dir='ltr'>πάσης</span> <span class='ocrx_word' id='word_1_186' title='bbox 3033 1510 3295 1579; x_wconf 74' lang='grc' dir='ltr'>ἐπέκεινα,</span> <span class='ocrx_word' id='word_1_187' title='bbox 3368 1513 3457 1567; x_wconf 84' lang='grc' dir='ltr'><strong>καί</strong></span> <span class='ocrx_word' id='word_1_188' title='bbox 3535 1516 3849 1588; x_wconf 81' lang='grc' dir='ltr'>χειροτονή-</span> 
     </span>
    </p>
   </div>
   <div class='ocr_carea' id='block_1_31' title="bbox 2217 1595 3844 1677">
    <p class='ocr_par' dir='ltr' id='par_1_31' title="bbox 2217 1595 3844 1677">
     <span class='ocr_line' id='line_1_31' title="bbox 2217 1595 3844 1677; baseline 0.008 -30"><span class='ocrx_word' id='word_1_189' title='bbox 2217 1613 2352 1648; x_wconf 86' lang='grc' dir='ltr'>σειεν</span> <span class='ocrx_word' id='word_1_190' title='bbox 2401 1595 2489 1650; x_wconf 84' lang='grc' dir='ltr'>ἐπὶ</span> <span class='ocrx_word' id='word_1_191' title='bbox 2537 1600 2817 1671; x_wconf 81' lang='grc' dir='ltr'>χρήμασιν</span> <span class='ocrx_word' id='word_1_192' title='bbox 2877 1597 3194 1670; x_wconf 86' lang='grc' dir='ltr'>ἐπίσκοπον,</span> <span class='ocrx_word' id='word_1_193' title='bbox 3245 1601 3279 1670; x_wconf 76' lang='grc' dir='ltr'>ἤ</span> <span class='ocrx_word' id='word_1_194' title='bbox 3332 1610 3766 1677; x_wconf 82' lang='grc' dir='ltr'>χωρεπίσκοπον,</span> <span class='ocrx_word' id='word_1_195' title='bbox 3811 1602 3844 1671; x_wconf 74' lang='grc' dir='ltr'><strong>ἢ</strong></span> 
     </span>
    </p>
   </div>
   <div class='ocr_carea' id='block_1_32' title="bbox 2214 1679 3845 1767">
    <p class='ocr_par' dir='ltr' id='par_1_32' title="bbox 2214 1679 3845 1767">
     <span class='ocr_line' id='line_1_32' title="bbox 2214 1679 3845 1767; baseline 0.007 -32"><span class='ocrx_word' id='word_1_196' title='bbox 2214 1679 2602 1759; x_wconf 88' lang='grc' dir='ltr'>πρεσϐύτερον,</span> <span class='ocrx_word' id='word_1_197' title='bbox 2633 1686 2668 1756; x_wconf 68' lang='grc' dir='ltr'><strong>ἢ</strong></span> <span class='ocrx_word' id='word_1_198' title='bbox 2700 1684 2972 1759; x_wconf 81' lang='grc' dir='ltr'>διάκονον,</span> <span class='ocrx_word' id='word_1_199' title='bbox 3021 1687 3057 1759; x_wconf 80' lang='grc' dir='ltr'><strong>ἢ</strong></span> <span class='ocrx_word' id='word_1_200' title='bbox 3117 1687 3476 1746; x_wconf 80' lang='grc' dir='ltr'>ὑποδιάκονον</span> <span class='ocrx_word' id='word_1_201' title='bbox 3530 1694 3703 1764; x_wconf 70' lang='grc' dir='ltr'>(οὗτοι</span> <span class='ocrx_word' id='word_1_202' title='bbox 3746 1693 3845 1767; x_wconf 83' lang='grc' dir='ltr'>γὰρ</span> 
     </span>
    </p>
   </div>
   <div class='ocr_carea' id='block_1_33' title="bbox 2212 1772 3845 1857">
    <p class='ocr_par' dir='ltr' id='par_1_33' title="bbox 2212 1772 3845 1857">
     <span class='ocr_line' id='line_1_33' title="bbox 2212 1772 3845 1857; baseline 0.007 -31"><span class='ocrx_word' id='word_1_203' title='bbox 2212 1772 2264 1857; x_wconf 75' lang='grc' dir='ltr'><strong>οἱ</strong></span> <span class='ocrx_word' id='word_1_204' title='bbox 2298 1775 2827 1850; x_wconf 85' lang='grc' dir='ltr'>χειροτονούμενοι),</span> <span class='ocrx_word' id='word_1_205' title='bbox 2853 1774 2889 1846; x_wconf 76' lang='grc' dir='ltr'>ἤ</span> <span class='ocrx_word' id='word_1_206' title='bbox 2926 1799 3046 1833; x_wconf 87' lang='grc' dir='ltr'>τινα</span> <span class='ocrx_word' id='word_1_207' title='bbox 3080 1784 3191 1834; x_wconf 82' lang='grc' dir='ltr'><strong>τῶν</strong></span> <span class='ocrx_word' id='word_1_208' title='bbox 3233 1778 3286 1836; x_wconf 76' lang='grc' dir='ltr'>ἑν</span> <span class='ocrx_word' id='word_1_209' title='bbox 3335 1785 3415 1854; x_wconf 79' lang='grc' dir='ltr'>τῷ</span> <span class='ocrx_word' id='word_1_210' title='bbox 3456 1779 3653 1855; x_wconf 75' lang='grc' dir='ltr'>κλήρῳ</span> <span class='ocrx_word' id='word_1_211' title='bbox 3711 1803 3845 1857; x_wconf 88' lang='grc' dir='ltr'>προ-</span> 
     </span>
    </p>
   </div>
   <div class='ocr_carea' id='block_1_34' title="bbox 457 1854 2089 1966">
    <p class='ocr_par' dir='ltr' id='par_1_34' title="bbox 457 1869 2089 1945">
     <span class='ocr_line' id='line_1_34' title="bbox 457 1869 2089 1945; baseline -0.001 -20"><span class='ocrx_word' id='word_1_212' title='bbox 457 1872 555 1940; x_wconf 90' lang='lat' dir='ltr'><strong>qui</strong></span> <span class='ocrx_word' id='word_1_213' title='bbox 579 1885 773 1928; x_wconf 83' lang='lat' dir='ltr'><strong>eacros</strong></span> <span class='ocrx_word' id='word_1_214' title='bbox 801 1872 1034 1929; x_wconf 88' lang='lat' dir='ltr'><strong>ordines</strong></span> <span class='ocrx_word' id='word_1_215' title='bbox 1056 1872 1426 1945; x_wconf 87' lang='lat' dir='ltr'><strong>suscipiunt),</strong></span> <span class='ocrx_word' id='word_1_216' title='bbox 1459 1877 1560 1926; x_wconf 87' lang='lat' dir='ltr'><strong>aut</strong></span> <span class='ocrx_word' id='word_1_217' title='bbox 1594 1870 1844 1942; x_wconf 86' lang='lat' dir='ltr'><strong>aliquem</strong></span> <span class='ocrx_word' id='word_1_218' title='bbox 1866 1870 1926 1924; x_wconf 92' lang='lat' dir='ltr'><strong>in</strong></span> <span class='ocrx_word' id='word_1_219' title='bbox 1949 1869 2089 1926; x_wconf 83' lang='lat' dir='ltr'><strong>clerc</strong></span> 
     </span>
    </p>
   </div>
   <div class='ocr_carea' id='block_1_35' title="bbox 2205 1854 3843 1966">
    <p class='ocr_par' dir='ltr' id='par_1_35' title="bbox 2211 1854 3843 1944">
     <span class='ocr_line' id='line_1_35' title="bbox 2211 1854 3843 1944; baseline 0.008 -31"><span class='ocrx_word' id='word_1_220' title='bbox 2211 1854 2479 1918; x_wconf 66' lang='grc' dir='ltr'>ϐάλλοιτο</span> <span class='ocrx_word' id='word_1_221' title='bbox 2538 1863 2851 1937; x_wconf 82' lang='grc' dir='ltr'>οἰκονόμον,</span> <span class='ocrx_word' id='word_1_222' title='bbox 2912 1867 2947 1936; x_wconf 70' lang='grc' dir='ltr'>ἢ</span> <span class='ocrx_word' id='word_1_223' title='bbox 2999 1863 3234 1937; x_wconf 80' lang='grc' dir='ltr'>ἔκδικον,</span> <span class='ocrx_word' id='word_1_224' title='bbox 3282 1871 3318 1941; x_wconf 74' lang='grc' dir='ltr'><strong>ἢ</strong></span> <span class='ocrx_word' id='word_1_225' title='bbox 3372 1854 3644 1944; x_wconf 85' lang='grc' dir='ltr'>νεωκόρον</span> <span class='ocrx_word' id='word_1_226' title='bbox 3677 1854 3843 1944; x_wconf 75' lang='grc' dir='ltr'>(ούτοι</span> 
     </span>
    </p>
   </div>
   <div class='ocr_carea' id='block_1_36' title="bbox 457 1957 2097 2033">
    <p class='ocr_par' dir='ltr' id='par_1_36' title="bbox 457 1957 2097 2033">
     <span class='ocr_line' id='line_1_36' title="bbox 457 1957 2097 2033; baseline -0.002 -18"><span class='ocrx_word' id='word_1_227' title='bbox 457 1974 843 2028; x_wconf 80' lang='lat' dir='ltr'><strong>meonomum,</strong></span> <span class='ocrx_word' id='word_1_228' title='bbox 919 1968 1020 2017; x_wconf 87' lang='lat' dir='ltr'><strong>aut</strong></span> <span class='ocrx_word' id='word_1_229' title='bbox 1085 1966 1419 2033; x_wconf 87' lang='lat' dir='ltr'><strong>patronum,</strong></span> <span class='ocrx_word' id='word_1_230' title='bbox 1468 1965 1566 2014; x_wconf 91' lang='lat' dir='ltr'><strong>aut</strong></span> <span class='ocrx_word' id='word_1_231' title='bbox 1638 1965 1958 2015; x_wconf 81' lang='lat' dir='ltr'><strong>curatorem</strong></span> <span class='ocrx_word' id='word_1_232' title='bbox 2012 1957 2097 2029; x_wconf 89' lang='lat' dir='ltr'><strong>(hi</strong></span> 
     </span>
    </p>
   </div>
   <div class='ocr_carea' id='block_1_37' title="bbox 454 2049 2096 2121">
    <p class='ocr_par' dir='ltr' id='par_1_37' title="bbox 454 2049 2096 2121">
     <span class='ocr_line' id='line_1_37' title="bbox 454 2049 2096 2121; baseline 0 -17"><span class='ocrx_word' id='word_1_233' title='bbox 454 2049 608 2104; x_wconf 89' lang='lat' dir='ltr'><strong>enim</strong></span> <span class='ocrx_word' id='word_1_234' title='bbox 644 2050 948 2121; x_wconf 89' lang='lat' dir='ltr'><strong>primores,</strong></span> <span class='ocrx_word' id='word_1_235' title='bbox 982 2051 1132 2106; x_wconf 80' lang='lat' dir='ltr'><strong>sicut</strong></span> <span class='ocrx_word' id='word_1_236' title='bbox 1160 2056 1217 2105; x_wconf 87' lang='lat' dir='ltr'><strong>et</strong></span> <span class='ocrx_word' id='word_1_237' title='bbox 1246 2050 1489 2105; x_wconf 88' lang='lat' dir='ltr'><strong>lectores</strong></span> <span class='ocrx_word' id='word_1_238' title='bbox 1522 2054 1577 2104; x_wconf 87' lang='lat' dir='ltr'><strong>et</strong></span> <span class='ocrx_word' id='word_1_239' title='bbox 1626 2049 1825 2119; x_wconf 70' lang='lat' dir='ltr'><strong>psaltaa</strong></span> <span class='ocrx_word' id='word_1_240' title='bbox 1892 2049 2096 2106; x_wconf 89' lang='lat' dir='ltr'><strong>consi-</strong></span> 
     </span>
    </p>
   </div>
   <div class='ocr_carea' id='block_1_38' title="bbox 451 2138 2095 2211">
    <p class='ocr_par' dir='ltr' id='par_1_38' title="bbox 451 2138 2095 2211">
     <span class='ocr_line' id='line_1_38' title="bbox 451 2138 2095 2211; baseline 0.001 -18"><span class='ocrx_word' id='word_1_241' title='bbox 451 2139 1207 2211; x_wconf 80' lang='lat' dir='ltr'><strong>gnantur);velsummatim</strong></span> <span class='ocrx_word' id='word_1_242' title='bbox 1220 2140 1398 2194; x_wconf 88' lang='lat' dir='ltr'><strong>alium</strong></span> <span class='ocrx_word' id='word_1_243' title='bbox 1412 2139 1590 2194; x_wconf 90' lang='lat' dir='ltr'><strong>alium</strong></span> <span class='ocrx_word' id='word_1_244' title='bbox 1622 2139 1874 2210; x_wconf 86' lang='lat' dir='ltr'><strong>aliquem</strong></span> <span class='ocrx_word' id='word_1_245' title='bbox 1909 2139 2005 2211; x_wconf 87' lang='lat' dir='ltr'><strong>qui</strong></span> <span class='ocrx_word' id='word_1_246' title='bbox 2022 2138 2095 2194; x_wconf 89' lang='lat' dir='ltr'><strong>ad</strong></span> 
     </span>
    </p>
   </div>
   <div class='ocr_carea' id='block_1_39' title="bbox 450 2228 2096 2300">
    <p class='ocr_par' dir='ltr' id='par_1_39' title="bbox 450 2228 2096 2300">
     <span class='ocr_line' id='line_1_39' title="bbox 450 2228 2096 2300; baseline 0.001 -19"><span class='ocrx_word' id='word_1_247' title='bbox 450 2234 671 2282; x_wconf 88' lang='lat' dir='ltr'><strong>statum</strong></span> <span class='ocrx_word' id='word_1_248' title='bbox 702 2230 1165 2285; x_wconf 82' lang='lat' dir='ltr'><strong>ecclesiasticum</strong></span> <span class='ocrx_word' id='word_1_249' title='bbox 1215 2228 1607 2300; x_wconf 88' lang='lat' dir='ltr'><strong>pertinet,qui</strong></span> <span class='ocrx_word' id='word_1_250' title='bbox 1666 2228 1823 2283; x_wconf 85' lang='lat' dir='ltr'><strong>hisce</strong></span> <span class='ocrx_word' id='word_1_251' title='bbox 1885 2245 2096 2283; x_wconf 86' lang='lat' dir='ltr'><strong>manus</strong></span> 
     </span>
    </p>
   </div>
   <div class='ocr_carea' id='block_1_40' title="bbox 449 2312 2095 2390">
    <p class='ocr_par' dir='ltr' id='par_1_40' title="bbox 449 2312 2095 2390">
     <span class='ocr_line' id='line_1_40' title="bbox 449 2312 2095 2390; baseline 0.001 -19"><span class='ocrx_word' id='word_1_252' title='bbox 449 2317 700 2388; x_wconf 87' lang='lat' dir='ltr'><strong>imponit</strong></span> <span class='ocrx_word' id='word_1_253' title='bbox 730 2312 965 2390; x_wconf 86' lang='lat' dir='ltr'><strong>propter</strong></span> <span class='ocrx_word' id='word_1_254' title='bbox 995 2335 1160 2374; x_wconf 88' lang='lat' dir='ltr'><strong>suam</strong></span> <span class='ocrx_word' id='word_1_255' title='bbox 1183 2319 1504 2385; x_wconf 86' lang='lat' dir='ltr'><strong>avaritiam,</strong></span> <span class='ocrx_word' id='word_1_256' title='bbox 1534 2324 1590 2372; x_wconf 89' lang='lat' dir='ltr'><strong>et</strong></span> <span class='ocrx_word' id='word_1_257' title='bbox 1618 2319 1920 2373; x_wconf 89' lang='lat' dir='ltr'><strong>convictus</strong></span> <span class='ocrx_word' id='word_1_258' title='bbox 1966 2323 2095 2373; x_wconf 79' lang='lat' dir='ltr'><strong>fue-</strong></span> 
     </span>
    </p>
   </div>
   <div class='ocr_carea' id='block_1_41' title="bbox 450 2405 2096 2478">
    <p class='ocr_par' dir='ltr' id='par_1_41' title="bbox 450 2405 2096 2478">
     <span class='ocr_line' id='line_1_41' title="bbox 450 2405 2096 2478; baseline 0.002 -20"><span class='ocrx_word' id='word_1_259' title='bbox 450 2405 543 2471; x_wconf 87' lang='lat' dir='ltr'><strong>rit,</strong></span> <span class='ocrx_word' id='word_1_260' title='bbox 577 2421 711 2461; x_wconf 90' lang='lat' dir='ltr'><strong>eum</strong></span> <span class='ocrx_word' id='word_1_261' title='bbox 745 2407 1079 2463; x_wconf 82' lang='lat' dir='ltr'><strong>discrimine</strong></span> <span class='ocrx_word' id='word_1_262' title='bbox 1108 2408 1199 2461; x_wconf 90' lang='lat' dir='ltr'><strong>sui</strong></span> <span class='ocrx_word' id='word_1_263' title='bbox 1230 2407 1444 2478; x_wconf 86' lang='lat' dir='ltr'><strong>gradus</strong></span> <span class='ocrx_word' id='word_1_264' title='bbox 1476 2406 1664 2473; x_wconf 84' lang='lat' dir='ltr'><strong>faciet,</strong></span> <span class='ocrx_word' id='word_1_265' title='bbox 1695 2413 1752 2461; x_wconf 88' lang='lat' dir='ltr'><strong>et</strong></span> <span class='ocrx_word' id='word_1_266' title='bbox 1780 2407 1829 2460; x_wconf 87' lang='lat' dir='ltr'><strong>is</strong></span> <span class='ocrx_word' id='word_1_267' title='bbox 1861 2407 1954 2475; x_wconf 91' lang='lat' dir='ltr'><strong>qui</strong></span> <span class='ocrx_word' id='word_1_268' title='bbox 1996 2424 2096 2461; x_wconf 91' lang='lat' dir='ltr'><strong>or—</strong></span> 
     </span>
    </p>
   </div>
   <div class='ocr_carea' id='block_1_42' title="bbox 448 2493 2094 2567">
    <p class='ocr_par' dir='ltr' id='par_1_42' title="bbox 448 2493 2094 2567">
     <span class='ocr_line' id='line_1_42' title="bbox 448 2493 2094 2567; baseline 0.002 -19"><span class='ocrx_word' id='word_1_269' title='bbox 448 2493 864 2560; x_wconf 89' lang='lat' dir='ltr'><strong>dinatur,nibil</strong></span> <span class='ocrx_word' id='word_1_270' title='bbox 896 2495 1267 2552; x_wconf 86' lang='lat' dir='ltr'><strong>emolumenti</strong></span> <span class='ocrx_word' id='word_1_271' title='bbox 1299 2496 1487 2567; x_wconf 87' lang='lat' dir='ltr'><strong>capiet</strong></span> <span class='ocrx_word' id='word_1_272' title='bbox 1517 2512 1586 2551; x_wconf 82' lang='lat' dir='ltr'><strong>ex</strong></span> <span class='ocrx_word' id='word_1_273' title='bbox 1606 2495 1969 2551; x_wconf 88' lang='lat' dir='ltr'><strong>ordinatione</strong></span> <span class='ocrx_word' id='word_1_274' title='bbox 1987 2512 2094 2551; x_wconf 88' lang='lat' dir='ltr'><strong>sua</strong></span> 
     </span>
    </p>
   </div>
   <div class='ocr_carea' id='block_1_43' title="bbox 430 2583 2091 2656">
    <p class='ocr_par' dir='ltr' id='par_1_43' title="bbox 430 2583 2091 2656">
     <span class='ocr_line' id='line_1_43' title="bbox 430 2583 2091 2656; baseline 0 -17"><span class='ocrx_word' id='word_1_275' title='bbox 430 2584 705 2655; x_wconf 86' lang='lat' dir='ltr'><strong>emptitia</strong></span> <span class='ocrx_word' id='word_1_276' title='bbox 736 2590 835 2640; x_wconf 88' lang='lat' dir='ltr'><strong>aut</strong></span> <span class='ocrx_word' id='word_1_277' title='bbox 867 2587 1248 2656; x_wconf 88' lang='lat' dir='ltr'><strong>promotione,</strong></span> <span class='ocrx_word' id='word_1_278' title='bbox 1280 2586 1380 2641; x_wconf 86' lang='lat' dir='ltr'><strong>sed</strong></span> <span class='ocrx_word' id='word_1_279' title='bbox 1414 2583 1642 2640; x_wconf 89' lang='lat' dir='ltr'><strong>vacabit</strong></span> <span class='ocrx_word' id='word_1_280' title='bbox 1687 2584 1858 2640; x_wconf 90' lang='lat' dir='ltr'><strong>etiam</strong></span> <span class='ocrx_word' id='word_1_281' title='bbox 1899 2585 2091 2656; x_wconf 86' lang='lat' dir='ltr'><strong>digni-</strong></span> 
     </span>
    </p>
   </div>
   <div class='ocr_carea' id='block_1_44' title="bbox 444 2673 2087 2745">
    <p class='ocr_par' dir='ltr' id='par_1_44' title="bbox 444 2673 2087 2745">
     <span class='ocr_line' id='line_1_44' title="bbox 444 2673 2087 2745; baseline 0.001 -18"><span class='ocrx_word' id='word_1_282' title='bbox 444 2677 560 2728; x_wconf 85' lang='lat' dir='ltr'><strong>tate</strong></span> <span class='ocrx_word' id='word_1_283' title='bbox 590 2673 710 2729; x_wconf 90' lang='lat' dir='ltr'><strong>sive</strong></span> <span class='ocrx_word' id='word_1_284' title='bbox 742 2689 998 2740; x_wconf 88' lang='lat' dir='ltr'><strong>munere,</strong></span> <span class='ocrx_word' id='word_1_285' title='bbox 1031 2673 1186 2745; x_wconf 92' lang='lat' dir='ltr'><strong>quod</strong></span> <span class='ocrx_word' id='word_1_286' title='bbox 1219 2688 1321 2744; x_wconf 88' lang='lat' dir='ltr'><strong>per</strong></span> <span class='ocrx_word' id='word_1_287' title='bbox 1351 2673 1657 2744; x_wconf 87' lang='lat' dir='ltr'><strong>pecuniam</strong></span> <span class='ocrx_word' id='word_1_288' title='bbox 1706 2678 1911 2729; x_wconf 86' lang='lat' dir='ltr'><strong>nactus</strong></span> <span class='ocrx_word' id='word_1_289' title='bbox 1942 2680 2087 2729; x_wconf 86' lang='lat' dir='ltr'><strong>erat.</strong></span> 
     </span>
    </p>
   </div>
   <div class='ocr_carea' id='block_1_45' title="bbox 443 2760 2090 2834">
    <p class='ocr_par' dir='ltr' id='par_1_45' title="bbox 443 2760 2090 2834">
     <span class='ocr_line' id='line_1_45' title="bbox 443 2760 2090 2834; baseline 0.002 -19"><span class='ocrx_word' id='word_1_290' title='bbox 443 2760 501 2815; x_wconf 87' lang='lat' dir='ltr'><strong>8i</strong></span> <span class='ocrx_word' id='word_1_291' title='bbox 535 2762 665 2833; x_wconf 89' lang='lat' dir='ltr'><strong>quis</strong></span> <span class='ocrx_word' id='word_1_292' title='bbox 690 2780 820 2818; x_wconf 90' lang='lat' dir='ltr'><strong>vero</strong></span> <span class='ocrx_word' id='word_1_293' title='bbox 851 2763 1132 2819; x_wconf 81' lang='lat' dir='ltr'><strong>mediator</strong></span> <span class='ocrx_word' id='word_1_294' title='bbox 1170 2765 1406 2818; x_wconf 86' lang='lat' dir='ltr'><strong>accedat</strong></span> <span class='ocrx_word' id='word_1_295' title='bbox 1446 2764 1715 2834; x_wconf 87' lang='lat' dir='ltr'><strong>turpibus</strong></span> <span class='ocrx_word' id='word_1_296' title='bbox 1754 2764 1871 2818; x_wconf 84' lang='lat' dir='ltr'><strong>illis</strong></span> <span class='ocrx_word' id='word_1_297' title='bbox 1907 2774 1960 2818; x_wconf 89' lang='lat' dir='ltr'><strong>et</strong></span> <span class='ocrx_word' id='word_1_298' title='bbox 1991 2781 2090 2819; x_wconf 89' lang='lat' dir='ltr'><strong>ne-</strong></span> 
     </span>
    </p>
   </div>
   <div class='ocr_carea' id='block_1_46' title="bbox 449 2850 2089 2921">
    <p class='ocr_par' dir='ltr' id='par_1_46' title="bbox 449 2850 2089 2921">
     <span class='ocr_line' id='line_1_46' title="bbox 449 2850 2089 2921; baseline 0.004 -17"><span class='ocrx_word' id='word_1_299' title='bbox 449 2850 610 2907; x_wconf 76' lang='lat' dir='ltr'><strong>fariis</strong></span> <span class='ocrx_word' id='word_1_300' title='bbox 654 2853 1017 2921; x_wconf 83' lang='lat' dir='ltr'><strong>muneribus,</strong></span> <span class='ocrx_word' id='word_1_301' title='bbox 1058 2861 1115 2909; x_wconf 87' lang='lat' dir='ltr'><strong>et</strong></span> <span class='ocrx_word' id='word_1_302' title='bbox 1167 2853 1283 2920; x_wconf 88' lang='lat' dir='ltr'><strong>hic,</strong></span> <span class='ocrx_word' id='word_1_303' title='bbox 1323 2853 1373 2909; x_wconf 91' lang='lat' dir='ltr'><strong>si</strong></span> <span class='ocrx_word' id='word_1_304' title='bbox 1431 2853 1675 2910; x_wconf 82' lang='lat' dir='ltr'><strong>clericus</strong></span> <span class='ocrx_word' id='word_1_305' title='bbox 1732 2855 1924 2920; x_wconf 82' lang='lat' dir='ltr'><strong>fuerit,</strong></span> <span class='ocrx_word' id='word_1_306' title='bbox 1983 2872 2089 2910; x_wconf 89' lang='lat' dir='ltr'><strong>suo</strong></span> 
     </span>
    </p>
   </div>
   <div class='ocr_carea' id='block_1_47' title="bbox 447 2938 2088 3010">
    <p class='ocr_par' dir='ltr' id='par_1_47' title="bbox 447 2938 2088 3010">
     <span class='ocr_line' id='line_1_47' title="bbox 447 2938 2088 3010; baseline 0.005 -18"><span class='ocrx_word' id='word_1_307' title='bbox 447 2938 629 3009; x_wconf 83' lang='lat' dir='ltr'><strong>gradu</strong></span> <span class='ocrx_word' id='word_1_308' title='bbox 654 2942 914 3009; x_wconf 84' lang='lat' dir='ltr'><strong>excidet;</strong></span> <span class='ocrx_word' id='word_1_309' title='bbox 946 2948 1005 2996; x_wconf 87' lang='lat' dir='ltr'><strong>at</strong></span> <span class='ocrx_word' id='word_1_310' title='bbox 1033 2942 1082 2998; x_wconf 91' lang='lat' dir='ltr'><strong>si</strong></span> <span class='ocrx_word' id='word_1_311' title='bbox 1112 2942 1297 2998; x_wconf 89' lang='lat' dir='ltr'><strong>laicus</strong></span> <span class='ocrx_word' id='word_1_312' title='bbox 1342 2954 1437 3001; x_wconf 84' lang='lat' dir='ltr'><strong>aut</strong></span> <span class='ocrx_word' id='word_1_313' title='bbox 1476 2943 1817 3010; x_wconf 85' lang='lat' dir='ltr'><strong>monachus,</strong></span> <span class='ocrx_word' id='word_1_314' title='bbox 1850 2944 2088 3000; x_wconf 85' lang='lat' dir='ltr'><strong>anathe-</strong></span> 
     </span>
    </p>
   </div>
   <div class='ocr_carea' id='block_1_48' title="bbox 448 3030 2089 3102">
    <p class='ocr_par' dir='ltr' id='par_1_48' title="bbox 448 3030 2089 3102">
     <span class='ocr_line' id='line_1_48' title="bbox 448 3030 2089 3102; baseline 0.004 -21"><span class='ocrx_word' id='word_1_315' title='bbox 448 3032 603 3084; x_wconf 88' lang='lat' dir='ltr'><strong>mate</strong></span> <span class='ocrx_word' id='word_1_316' title='bbox 651 3030 907 3085; x_wconf 79' lang='lat' dir='ltr'><strong>ferietur.</strong></span> <span class='ocrx_word' id='word_1_317' title='bbox 960 3031 1059 3086; x_wconf 82' lang='lat' dir='ltr'><strong>llic</strong></span> <span class='ocrx_word' id='word_1_318' title='bbox 1117 3036 1310 3085; x_wconf 86' lang='lat' dir='ltr'><strong>autem</strong></span> <span class='ocrx_word' id='word_1_319' title='bbox 1367 3047 1600 3102; x_wconf 84' lang='lat' dir='ltr'><strong>aequum</strong></span> <span class='ocrx_word' id='word_1_320' title='bbox 1661 3033 1830 3085; x_wconf 84' lang='lat' dir='ltr'><strong>fuerit</strong></span> <span class='ocrx_word' id='word_1_321' title='bbox 1888 3038 2089 3102; x_wconf 88' lang='lat' dir='ltr'><strong>pectus</strong></span> 
     </span>
    </p>
   </div>
   <div class='ocr_carea' id='block_1_49' title="bbox 447 3115 2089 3192">
    <p class='ocr_par' dir='ltr' id='par_1_49' title="bbox 447 3115 2089 3192">
     <span class='ocr_line' id='line_1_49' title="bbox 447 3115 2089 3192; baseline 0.004 -23"><span class='ocrx_word' id='word_1_322' title='bbox 447 3115 750 3187; x_wconf 87' lang='lat' dir='ltr'><strong>pulsantes</strong></span> <span class='ocrx_word' id='word_1_323' title='bbox 780 3118 1119 3190; x_wconf 68' lang='lat' dir='ltr'><strong>gravissime</strong></span> <span class='ocrx_word' id='word_1_324' title='bbox 1166 3118 1489 3175; x_wconf 76' lang='lat' dir='ltr'><strong>exclamare</strong></span> <span class='ocrx_word' id='word_1_325' title='bbox 1522 3137 1534 3174; x_wconf 94' lang='lat'>:</span> <span class='ocrx_word' id='word_1_326' title='bbox 1570 3143 1597 3170; x_wconf 77' lang='grc' dir='ltr'><strong>α</strong></span> <span class='ocrx_word' id='word_1_327' title='bbox 1632 3120 1692 3175; x_wconf 88' lang='lat' dir='ltr'><strong>Si</strong></span> <span class='ocrx_word' id='word_1_328' title='bbox 1750 3119 2089 3192; x_wconf 85' lang='lat' dir='ltr'><strong>iniquitates</strong></span> 
     </span>
    </p>
   </div>
   <div class='ocr_carea' id='block_1_50' title="bbox 442 3204 2084 3280">
    <p class='ocr_par' dir='ltr' id='par_1_50' title="bbox 442 3204 2084 3280">
     <span class='ocr_line' id='line_1_50' title="bbox 442 3204 2084 3280; baseline 0 -20"><span class='ocrx_word' id='word_1_329' title='bbox 442 3204 852 3274; x_wconf 83' lang='lat' dir='ltr'><strong>observaveris,</strong></span> <span class='ocrx_word' id='word_1_330' title='bbox 891 3207 1152 3274; x_wconf 90' lang='lat' dir='ltr'><strong>Domine,</strong></span> <span class='ocrx_word' id='word_1_331' title='bbox 1203 3207 1469 3276; x_wconf 91' lang='lat' dir='ltr'><strong>Domine,</strong></span> <span class='ocrx_word' id='word_1_332' title='bbox 1501 3209 1637 3280; x_wconf 86' lang='lat' dir='ltr'><strong>quis</strong></span> <span class='ocrx_word' id='word_1_333' title='bbox 1660 3209 1977 3264; x_wconf 86' lang='lat' dir='ltr'><strong>sustinebit</strong></span> <span class='ocrx_word' id='word_1_334' title='bbox 1997 3208 2025 3261; x_wconf 67' lang='lat'><strong>‘2</strong></span> <span class='ocrx_word' id='word_1_335' title='bbox 2055 3232 2084 3260; x_wconf 84' lang='lat'><em>»</em></span> 
     </span>
    </p>
   </div>
   <div class='ocr_carea' id='block_1_51' title="bbox 442 3292 2088 3370">
    <p class='ocr_par' dir='ltr' id='par_1_51' title="bbox 442 3292 2088 3370">
     <span class='ocr_line' id='line_1_51' title="bbox 442 3292 2088 3370; baseline 0.006 -24"><span class='ocrx_word' id='word_1_336' title='bbox 442 3292 550 3355; x_wconf 85' lang='lat' dir='ltr'><strong>Qui</strong></span> <span class='ocrx_word' id='word_1_337' title='bbox 573 3294 724 3350; x_wconf 88' lang='lat' dir='ltr'><strong>enim</strong></span> <span class='ocrx_word' id='word_1_338' title='bbox 756 3303 846 3350; x_wconf 89' lang='lat' dir='ltr'><strong>est</strong></span> <span class='ocrx_word' id='word_1_339' title='bbox 871 3296 973 3367; x_wconf 91' lang='lat' dir='ltr'><strong>qui</strong></span> <span class='ocrx_word' id='word_1_340' title='bbox 1001 3296 1562 3353; x_wconf 81' lang='lat' dir='ltr'><strong>administrationem</strong></span> <span class='ocrx_word' id='word_1_341' title='bbox 1576 3299 1788 3354; x_wconf 89' lang='lat' dir='ltr'><strong>domus</strong></span> <span class='ocrx_word' id='word_1_342' title='bbox 1810 3299 2088 3370; x_wconf 65' lang='lat' dir='ltr'><strong>religiosa:</strong></span> 
     </span>
    </p>
   </div>
   <div class='ocr_carea' id='block_1_52' title="bbox 441 3382 2085 3460">
    <p class='ocr_par' dir='ltr' id='par_1_52' title="bbox 441 3382 2085 3460">
     <span class='ocr_line' id='line_1_52' title="bbox 441 3382 2085 3460; baseline 0.005 -25"><span class='ocrx_word' id='word_1_343' title='bbox 441 3382 530 3436; x_wconf 88' lang='lat' dir='ltr'><strong>vel</strong></span> <span class='ocrx_word' id='word_1_344' title='bbox 569 3382 956 3439; x_wconf 80' lang='lat' dir='ltr'><strong>ministerium</strong></span> <span class='ocrx_word' id='word_1_345' title='bbox 1007 3385 1247 3457; x_wconf 88' lang='lat' dir='ltr'><strong>aliquod</strong></span> <span class='ocrx_word' id='word_1_346' title='bbox 1303 3386 1756 3442; x_wconf 89' lang='lat' dir='ltr'><strong>ecclesiasticum</strong></span> <span class='ocrx_word' id='word_1_347' title='bbox 1818 3389 2085 3460; x_wconf 84' lang='lat' dir='ltr'><strong>suscipit,</strong></span> 
     </span>
    </p>
   </div>
   <div class='ocr_carea' id='block_1_53' title="bbox 440 3470 2089 3547">
    <p class='ocr_par' dir='ltr' id='par_1_53' title="bbox 440 3470 2089 3547">
     <span class='ocr_line' id='line_1_53' title="bbox 440 3470 2089 3547; baseline 0.005 -24"><span class='ocrx_word' id='word_1_348' title='bbox 440 3475 541 3524; x_wconf 89' lang='lat' dir='ltr'><strong>aut</strong></span> <span class='ocrx_word' id='word_1_349' title='bbox 570 3470 814 3528; x_wconf 87' lang='lat' dir='ltr'><strong>clericus</strong></span> <span class='ocrx_word' id='word_1_350' title='bbox 844 3473 928 3539; x_wconf 82' lang='lat' dir='ltr'><strong>tit,</strong></span> <span class='ocrx_word' id='word_1_351' title='bbox 961 3478 1062 3529; x_wconf 90' lang='lat' dir='ltr'><strong>aut</strong></span> <span class='ocrx_word' id='word_1_352' title='bbox 1105 3475 1522 3530; x_wconf 87' lang='lat' dir='ltr'><strong>monasterium</strong></span> <span class='ocrx_word' id='word_1_353' title='bbox 1572 3476 1744 3547; x_wconf 86' lang='lat' dir='ltr'><strong>regit,</strong></span> <span class='ocrx_word' id='word_1_354' title='bbox 1776 3476 1903 3531; x_wconf 88' lang='lat' dir='ltr'><strong>sine</strong></span> <span class='ocrx_word' id='word_1_355' title='bbox 1961 3494 2089 3532; x_wconf 91' lang='lat' dir='ltr'><strong>mu-</strong></span> 
     </span>
    </p>
   </div>
   <div class='ocr_carea' id='block_1_54' title="bbox 442 3561 2085 3636">
    <p class='ocr_par' dir='ltr' id='par_1_54' title="bbox 442 3561 2085 3636">
     <span class='ocr_line' id='line_1_54' title="bbox 442 3561 2085 3636; baseline 0.004 -21"><span class='ocrx_word' id='word_1_356' title='bbox 442 3577 574 3616; x_wconf 89' lang='lat' dir='ltr'><strong>nere</strong></span> <span class='ocrx_word' id='word_1_357' title='bbox 604 3561 840 3633; x_wconf 90' lang='lat' dir='ltr'><strong>aliquo;</strong></span> <span class='ocrx_word' id='word_1_358' title='bbox 874 3569 930 3618; x_wconf 86' lang='lat' dir='ltr'><strong>at</strong></span> <span class='ocrx_word' id='word_1_359' title='bbox 960 3564 1012 3619; x_wconf 87' lang='lat' dir='ltr'><strong>si</strong></span> <span class='ocrx_word' id='word_1_360' title='bbox 1051 3563 1325 3620; x_wconf 88' lang='lat' dir='ltr'><strong>omnibus</strong></span> <span class='ocrx_word' id='word_1_361' title='bbox 1355 3563 1472 3620; x_wconf 90' lang='lat' dir='ltr'><strong>illis</strong></span> <span class='ocrx_word' id='word_1_362' title='bbox 1501 3571 1616 3620; x_wconf 87' lang='lat' dir='ltr'><strong>tam</strong></span> <span class='ocrx_word' id='word_1_363' title='bbox 1648 3566 1747 3636; x_wconf 87' lang='lat' dir='ltr'><strong>qui</strong></span> <span class='ocrx_word' id='word_1_364' title='bbox 1779 3567 2085 3622; x_wconf 83' lang='lat' dir='ltr'><strong>conferunt</strong></span> 
     </span>
    </p>
   </div>
   <div class='ocr_carea' id='block_1_55' title="bbox 442 3651 2083 3722">
    <p class='ocr_par' dir='ltr' id='par_1_55' title="bbox 442 3651 2083 3722">
     <span class='ocr_line' id='line_1_55' title="bbox 442 3651 2083 3722; baseline 0.004 -19"><span class='ocrx_word' id='word_1_365' title='bbox 442 3665 614 3718; x_wconf 81' lang='lat' dir='ltr'><strong>quam</strong></span> <span class='ocrx_word' id='word_1_366' title='bbox 638 3651 735 3721; x_wconf 91' lang='lat' dir='ltr'><strong>qui</strong></span> <span class='ocrx_word' id='word_1_367' title='bbox 761 3652 1058 3722; x_wconf 89' lang='lat' dir='ltr'><strong>accipiunt</strong></span> <span class='ocrx_word' id='word_1_368' title='bbox 1079 3667 1182 3722; x_wconf 88' lang='lat' dir='ltr'><strong>per</strong></span> <span class='ocrx_word' id='word_1_369' title='bbox 1211 3654 1396 3720; x_wconf 78' lang='lat' dir='ltr'><strong>nefas,</strong></span> <span class='ocrx_word' id='word_1_370' title='bbox 1427 3654 1576 3709; x_wconf 86' lang='lat' dir='ltr'><strong>sacri</strong></span> <span class='ocrx_word' id='word_1_371' title='bbox 1623 3669 1747 3709; x_wconf 85' lang='lat' dir='ltr'><strong>can.</strong></span> <span class='ocrx_word' id='word_1_372' title='bbox 1783 3671 2083 3711; x_wconf 85' lang='lat' dir='ltr'><strong>summum</strong></span> 
     </span>
    </p>
   </div>
   <div class='ocr_carea' id='block_1_56' title="bbox 439 3738 2081 3816">
    <p class='ocr_par' dir='ltr' id='par_1_56' title="bbox 439 3738 2081 3816">
     <span class='ocr_line' id='line_1_56' title="bbox 439 3738 2081 3816; baseline 0.005 -26"><span class='ocrx_word' id='word_1_373' title='bbox 439 3738 796 3810; x_wconf 81' lang='lat' dir='ltr'><strong>supplicium</strong></span> <span class='ocrx_word' id='word_1_374' title='bbox 826 3742 1133 3812; x_wconf 85' lang='lat' dir='ltr'><strong>intentant,</strong></span> <span class='ocrx_word' id='word_1_375' title='bbox 1167 3759 1297 3816; x_wconf 71' lang='lat' dir='ltr'><strong>quae</strong></span> <span class='ocrx_word' id='word_1_376' title='bbox 1327 3744 1493 3798; x_wconf 87' lang='lat' dir='ltr'><strong>nobis</strong></span> <span class='ocrx_word' id='word_1_377' title='bbox 1532 3759 1663 3814; x_wconf 88' lang='lat' dir='ltr'><strong>spes</strong></span> <span class='ocrx_word' id='word_1_378' title='bbox 1713 3744 1947 3811; x_wconf 89' lang='lat' dir='ltr'><strong>salutis,</strong></span> <span class='ocrx_word' id='word_1_379' title='bbox 1981 3745 2081 3815; x_wconf 88' lang='lat' dir='ltr'><strong>qui</strong></span> 
     </span>
    </p>
   </div>
   <div class='ocr_carea' id='block_1_57' title="bbox 439 3829 1958 3889">
    <p class='ocr_par' dir='ltr' id='par_1_57' title="bbox 439 3829 1958 3889">
     <span class='ocr_line' id='line_1_57' title="bbox 439 3829 1958 3889; baseline 0.006 -11"><span class='ocrx_word' id='word_1_380' title='bbox 439 3829 772 3884; x_wconf 80' lang='lat' dir='ltr'><strong>nullatenus</strong></span> <span class='ocrx_word' id='word_1_381' title='bbox 795 3832 868 3885; x_wconf 85' lang='lat' dir='ltr'><strong>ab</strong></span> <span class='ocrx_word' id='word_1_382' title='bbox 888 3847 1083 3887; x_wconf 89' lang='lat' dir='ltr'><strong>eorum</strong></span> <span class='ocrx_word' id='word_1_383' title='bbox 1106 3835 1518 3888; x_wconf 87' lang='lat' dir='ltr'><strong>communione</strong></span> <span class='ocrx_word' id='word_1_384' title='bbox 1546 3833 1907 3889; x_wconf 85' lang='lat' dir='ltr'><strong>abstinemus</strong></span> <span class='ocrx_word' id='word_1_385' title='bbox 1930 3832 1958 3887; x_wconf 88' lang='lat'><strong>?</strong></span> 
     </span>
    </p>
   </div>
   <div class='ocr_carea' id='block_1_58' title="bbox 507 3914 2082 3993">
    <p class='ocr_par' dir='ltr' id='par_1_58' title="bbox 507 3914 2082 3993">
     <span class='ocr_line' id='line_1_58' title="bbox 507 3914 2082 3993; baseline 0.004 -24"><span class='ocrx_word' id='word_1_386' title='bbox 507 3914 701 3970; x_wconf 89' lang='lat' dir='ltr'><strong>Canon</strong></span> <span class='ocrx_word' id='word_1_387' title='bbox 751 3924 945 3973; x_wconf 89' lang='lat' dir='ltr'><strong>autem</strong></span> <span class='ocrx_word' id='word_1_388' title='bbox 1009 3920 1083 3974; x_wconf 84' lang='lat'><strong>22</strong></span> <span class='ocrx_word' id='word_1_389' title='bbox 1148 3921 1354 3990; x_wconf 81' lang='lat' dir='ltr'><strong>synodi</strong></span> <span class='ocrx_word' id='word_1_390' title='bbox 1410 3929 1629 3976; x_wconf 70' lang='lat' dir='ltr'><strong>sextae:</strong></span> <span class='ocrx_word' id='word_1_391' title='bbox 1681 3922 1786 3988; x_wconf 75' lang='lat' dir='ltr'><strong>Qui</strong></span> <span class='ocrx_word' id='word_1_392' title='bbox 1850 3926 2082 3993; x_wconf 88' lang='lat' dir='ltr'><strong>propter</strong></span> 
     </span>
    </p>
   </div>
   <div class='ocr_carea' id='block_1_59' title="bbox 435 4005 2078 4081">
    <p class='ocr_par' dir='ltr' id='par_1_59' title="bbox 435 4005 2078 4081">
     <span class='ocr_line' id='line_1_59' title="bbox 435 4005 2078 4081; baseline 0.005 -26"><span class='ocrx_word' id='word_1_393' title='bbox 435 4005 741 4073; x_wconf 89' lang='lat' dir='ltr'><strong>pecuniam</strong></span> <span class='ocrx_word' id='word_1_394' title='bbox 798 4008 1155 4078; x_wconf 89' lang='lat' dir='ltr'><strong>ordinantur,</strong></span> <span class='ocrx_word' id='word_1_395' title='bbox 1185 4012 1284 4078; x_wconf 89' lang='lat' dir='ltr'><strong>ait,</strong></span> <span class='ocrx_word' id='word_1_396' title='bbox 1307 4012 1426 4067; x_wconf 87' lang='lat' dir='ltr'><strong>sive</strong></span> <span class='ocrx_word' id='word_1_397' title='bbox 1471 4012 1752 4081; x_wconf 89' lang='lat' dir='ltr'><strong>episcopi,</strong></span> <span class='ocrx_word' id='word_1_398' title='bbox 1790 4013 1907 4065; x_wconf 89' lang='lat' dir='ltr'><strong>sive</strong></span> <span class='ocrx_word' id='word_1_399' title='bbox 1958 4010 2078 4064; x_wconf 88' lang='lat' dir='ltr'><strong>cle-</strong></span> 
     </span>
    </p>
   </div>
   <div class='ocr_carea' id='block_1_60' title="bbox 433 4093 2082 4168">
    <p class='ocr_par' dir='ltr' id='par_1_60' title="bbox 433 4093 2082 4168">
     <span class='ocr_line' id='line_1_60' title="bbox 433 4093 2082 4168; baseline 0.007 -24"><span class='ocrx_word' id='word_1_400' title='bbox 433 4093 533 4145; x_wconf 79' lang='lat' dir='ltr'><strong>rici</strong></span> <span class='ocrx_word' id='word_1_401' title='bbox 567 4093 922 4166; x_wconf 85' lang='lat' dir='ltr'><strong>quicunque,</strong></span> <span class='ocrx_word' id='word_1_402' title='bbox 954 4102 1011 4151; x_wconf 91' lang='lat' dir='ltr'><strong>et</strong></span> <span class='ocrx_word' id='word_1_403' title='bbox 1056 4115 1169 4152; x_wconf 89' lang='lat' dir='ltr'><strong>non</strong></span> <span class='ocrx_word' id='word_1_404' title='bbox 1208 4101 1530 4154; x_wconf 87' lang='lat' dir='ltr'><strong>secundum</strong></span> <span class='ocrx_word' id='word_1_405' title='bbox 1585 4100 1976 4168; x_wconf 86' lang='lat' dir='ltr'><strong>probationem</strong></span> <span class='ocrx_word' id='word_1_406' title='bbox 2017 4107 2082 4155; x_wconf 91' lang='lat' dir='ltr'><strong>et</strong></span> 
     </span>
    </p>
   </div>
   <div class='ocr_carea' id='block_1_61' title="bbox 432 4179 2074 4323">
    <p class='ocr_par' dir='ltr' id='par_1_61' title="bbox 432 4179 2074 4323">
     <span class='ocr_line' id='line_1_61' title="bbox 432 4179 2074 4261; baseline 0.006 -28"><span class='ocrx_word' id='word_1_407' title='bbox 432 4179 555 4234; x_wconf 68' lang='lat' dir='ltr'><strong>vitae</strong></span> <span class='ocrx_word' id='word_1_408' title='bbox 614 4182 980 4255; x_wconf 85' lang='lat' dir='ltr'><strong>probitatem,</strong></span> <span class='ocrx_word' id='word_1_409' title='bbox 1008 4194 1067 4242; x_wconf 89' lang='lat' dir='ltr'><strong>et</strong></span> <span class='ocrx_word' id='word_1_410' title='bbox 1124 4189 1284 4259; x_wconf 90' lang='lat' dir='ltr'><strong>ipsos</strong></span> <span class='ocrx_word' id='word_1_411' title='bbox 1333 4198 1389 4243; x_wconf 90' lang='lat' dir='ltr'><strong>et</strong></span> <span class='ocrx_word' id='word_1_412' title='bbox 1446 4189 1786 4244; x_wconf 82' lang='lat' dir='ltr'><strong>ordinantes</strong></span> <span class='ocrx_word' id='word_1_413' title='bbox 1861 4192 2074 4261; x_wconf 85' lang='lat' dir='ltr'><strong>deponi</strong></span> 
     </span>
     <span class='ocr_line' id='line_1_62' title="bbox 432 4268 729 4323; baseline 0 0"><span class='ocrx_word' id='word_1_414' title='bbox 432 4268 729 4323; x_wconf 85' lang='lat' dir='ltr'><strong>iubemus.</strong></span> 
     </span>
    </p>
   </div>
   <div class='ocr_carea' id='block_1_62' title="bbox 423 4281 729 4336">
    <p class='ocr_par' dir='ltr' id='par_1_62' title="bbox 423 4281 729 4336">
     <span class='ocr_line' id='line_1_63' title="bbox 423 4281 729 4336; baseline 0.013 -13"><span class='ocrx_word' id='word_1_415' title='bbox 423 4281 729 4336; x_wconf 73' lang='lat' dir='ltr'><strong>junemus.</strong></span> 
     </span>
    </p>
   </div>
   <div class='ocr_carea' id='block_1_63' title="bbox 499 4436 2074 4514">
    <p class='ocr_par' dir='ltr' id='par_1_63' title="bbox 499 4436 2074 4514">
     <span class='ocr_line' id='line_1_64' title="bbox 499 4436 2074 4514; baseline 0.002 -22"><span class='ocrx_word' id='word_1_416' title='bbox 499 4436 699 4493; x_wconf 85' lang='lat' dir='ltr'><strong>Canon</strong></span> <span class='ocrx_word' id='word_1_417' title='bbox 750 4443 944 4496; x_wconf 82' lang='lat' dir='ltr'><strong>autem</strong></span> <span class='ocrx_word' id='word_1_418' title='bbox 1002 4442 1247 4513; x_wconf 89' lang='lat' dir='ltr'><strong>quintus</strong></span> <span class='ocrx_word' id='word_1_419' title='bbox 1297 4442 1497 4514; x_wconf 84' lang='lat' dir='ltr'><strong>synodi</strong></span> <span class='ocrx_word' id='word_1_420' title='bbox 1558 4442 1821 4513; x_wconf 71' lang='lat' dir='ltr'><strong>septimas</strong></span> <span class='ocrx_word' id='word_1_421' title='bbox 1872 4456 2074 4496; x_wconf 89' lang='lat' dir='ltr'><strong>omnes</strong></span> 
     </span>
    </p>
   </div>
   <div class='ocr_carea' id='block_1_64' title="bbox 428 4525 2073 4601">
    <p class='ocr_par' dir='ltr' id='par_1_64' title="bbox 428 4525 2073 4601">
     <span class='ocr_line' id='line_1_65' title="bbox 428 4525 2073 4601; baseline 0.004 -21"><span class='ocrx_word' id='word_1_422' title='bbox 428 4525 620 4585; x_wconf 87' lang='lat' dir='ltr'><strong>dictos</strong></span> <span class='ocrx_word' id='word_1_423' title='bbox 647 4546 899 4586; x_wconf 88' lang='lat' dir='ltr'><strong>canones</strong></span> <span class='ocrx_word' id='word_1_424' title='bbox 932 4547 1256 4601; x_wconf 79' lang='lat' dir='ltr'><strong>recensens,</strong></span> <span class='ocrx_word' id='word_1_425' title='bbox 1289 4540 1347 4589; x_wconf 92' lang='lat' dir='ltr'><strong>et</strong></span> <span class='ocrx_word' id='word_1_426' title='bbox 1375 4533 1435 4589; x_wconf 91' lang='lat' dir='ltr'><strong>in</strong></span> <span class='ocrx_word' id='word_1_427' title='bbox 1484 4548 1779 4588; x_wconf 88' lang='lat' dir='ltr'><strong>summum</strong></span> <span class='ocrx_word' id='word_1_428' title='bbox 1804 4531 2073 4587; x_wconf 66' lang='lat' dir='ltr'><strong>Ecclesia</strong></span> 
     </span>
    </p>
   </div>
   <div class='ocr_carea' id='block_1_65' title="bbox 428 4621 2089 4696">
    <p class='ocr_par' dir='ltr' id='par_1_65' title="bbox 428 4621 2070 4694">
     <span class='ocr_line' id='line_1_66' title="bbox 428 4621 2070 4694; baseline 0 -17"><span class='ocrx_word' id='word_1_429' title='bbox 428 4623 803 4677; x_wconf 91' lang='lat' dir='ltr'><strong>commodum</strong></span> <span class='ocrx_word' id='word_1_430' title='bbox 847 4621 999 4677; x_wconf 86' lang='lat' dir='ltr'><strong>latus</strong></span> <span class='ocrx_word' id='word_1_431' title='bbox 1045 4638 1171 4678; x_wconf 89' lang='lat' dir='ltr'><strong>esse</strong></span> <span class='ocrx_word' id='word_1_432' title='bbox 1218 4630 1516 4694; x_wconf 86' lang='lat' dir='ltr'><strong>reputans,</strong></span> <span class='ocrx_word' id='word_1_433' title='bbox 1551 4623 1781 4678; x_wconf 87' lang='lat' dir='ltr'><strong>illorum</strong></span> <span class='ocrx_word' id='word_1_434' title='bbox 1841 4628 2070 4678; x_wconf 88' lang='lat' dir='ltr'><strong>senten-</strong></span> 
     </span>
    </p>
   </div>
   <div class='ocr_carea' id='block_1_66' title="bbox 2205 4621 2887 4696">
    <p class='ocr_par' dir='ltr' id='par_1_66' title="bbox 2205 4621 2887 4696">
     <span class='ocr_line' id='line_1_67' title="bbox 2205 4621 2887 4696; baseline 0.004 -23"><span class='ocrx_word' id='word_1_435' title='bbox 2303 4628 2495 4695; x_wconf 79' lang='grc' dir='ltr'>πρώτῃ</span> <span class='ocrx_word' id='word_1_436' title='bbox 2568 4625 2647 4693; x_wconf 79' lang='grc' dir='ltr'>τῷ</span> <span class='ocrx_word' id='word_1_437' title='bbox 2722 4628 2887 4696; x_wconf 86' lang='grc' dir='ltr'>κοινῷ</span> 
     </span>
    </p>
   </div>
   <div class='ocr_carea' id='block_1_67' title="bbox 425 4710 1273 4782">
    <p class='ocr_par' dir='ltr' id='par_1_67' title="bbox 425 4710 1273 4782">
     <span class='ocr_line' id='line_1_68' title="bbox 425 4710 1273 4782; baseline 0.002 -17"><span class='ocrx_word' id='word_1_438' title='bbox 425 4712 564 4767; x_wconf 88' lang='lat' dir='ltr'><strong>tiam</strong></span> <span class='ocrx_word' id='word_1_439' title='bbox 585 4710 711 4782; x_wconf 89' lang='lat' dir='ltr'><strong>ipse</strong></span> <span class='ocrx_word' id='word_1_440' title='bbox 739 4710 913 4766; x_wconf 88' lang='lat' dir='ltr'><strong>etiam</strong></span> <span class='ocrx_word' id='word_1_441' title='bbox 947 4712 1273 4768; x_wconf 80' lang='lat' dir='ltr'><strong>conﬁrmat.</strong></span> 
     </span>
    </p>
   </div>
   <div class='ocr_carea' id='block_1_68' title="bbox 494 4888 2067 4962">
    <p class='ocr_par' dir='ltr' id='par_1_68' title="bbox 494 4888 2067 4962">
     <span class='ocr_line' id='line_1_69' title="bbox 494 4888 2067 4962; baseline 0.001 -20"><span class='ocrx_word' id='word_1_442' title='bbox 494 4891 737 4961; x_wconf 81' lang='lat' dir='ltr'><strong>Magnus</strong></span> <span class='ocrx_word' id='word_1_443' title='bbox 767 4893 959 4945; x_wconf 87' lang='lat' dir='ltr'><strong>autem</strong></span> <span class='ocrx_word' id='word_1_444' title='bbox 988 4888 1319 4944; x_wconf 88' lang='lat' dir='ltr'><strong>Basiliusad</strong></span> <span class='ocrx_word' id='word_1_445' title='bbox 1343 4890 1673 4962; x_wconf 87' lang='lat' dir='ltr'><strong>episcopus,</strong></span> <span class='ocrx_word' id='word_1_446' title='bbox 1692 4890 1791 4960; x_wconf 85' lang='lat' dir='ltr'><strong>qui</strong></span> <span class='ocrx_word' id='word_1_447' title='bbox 1814 4889 2067 4961; x_wconf 88' lang='lat' dir='ltr'><strong>subipso</strong></span> 
     </span>
    </p>
   </div>
   <div class='ocr_carea' id='block_1_69' title="bbox 425 4978 2063 5051">
    <p class='ocr_par' dir='ltr' id='par_1_69' title="bbox 425 4978 2063 5051">
     <span class='ocr_line' id='line_1_70' title="bbox 425 4978 2063 5051; baseline -0.001 -18"><span class='ocrx_word' id='word_1_448' title='bbox 425 4984 614 5045; x_wconf 87' lang='lat' dir='ltr'><strong>erant,</strong></span> <span class='ocrx_word' id='word_1_449' title='bbox 646 4981 929 5043; x_wconf 84' lang='lat' dir='ltr'><strong>scribens,</strong></span> <span class='ocrx_word' id='word_1_450' title='bbox 964 4995 1033 5035; x_wconf 85' lang='lat' dir='ltr'><strong>ne</strong></span> <span class='ocrx_word' id='word_1_451' title='bbox 1076 4979 1413 5033; x_wconf 86' lang='lat' dir='ltr'><strong>ordinarent</strong></span> <span class='ocrx_word' id='word_1_452' title='bbox 1450 4990 1682 5051; x_wconf 89' lang='lat' dir='ltr'><strong>propter</strong></span> <span class='ocrx_word' id='word_1_453' title='bbox 1734 4978 2063 5051; x_wconf 87' lang='lat' dir='ltr'><strong>pecuniam,</strong></span> 
     </span>
    </p>
   </div>
   <div class='ocr_carea' id='block_1_70' title="bbox 422 5066 2066 5125">
    <p class='ocr_par' dir='ltr' id='par_1_70' title="bbox 422 5066 2066 5125">
     <span class='ocr_line' id='line_1_71' title="bbox 422 5066 2066 5125; baseline 0.002 -5"><span class='ocrx_word' id='word_1_454' title='bbox 422 5066 700 5122; x_wconf 86' lang='lat' dir='ltr'><strong>interalia</strong></span> <span class='ocrx_word' id='word_1_455' title='bbox 720 5067 837 5121; x_wconf 79' lang='lat' dir='ltr'><strong>haec</strong></span> <span class='ocrx_word' id='word_1_456' title='bbox 866 5066 1041 5122; x_wconf 85' lang='lat' dir='ltr'><strong>habet</strong></span> <span class='ocrx_word' id='word_1_457' title='bbox 1074 5084 1087 5122; x_wconf 89' lang='lat'><strong>:</strong></span> <span class='ocrx_word' id='word_1_458' title='bbox 1122 5067 1467 5123; x_wconf 82' lang='lat' dir='ltr'><strong>Existimant</strong></span> <span class='ocrx_word' id='word_1_459' title='bbox 1505 5068 1770 5125; x_wconf 87' lang='lat' dir='ltr'><strong>nonnulli</strong></span> <span class='ocrx_word' id='word_1_460' title='bbox 1818 5086 1877 5124; x_wconf 87' lang='lat' dir='ltr'><strong>se</strong></span> <span class='ocrx_word' id='word_1_461' title='bbox 1918 5067 2066 5123; x_wconf 87' lang='lat' dir='ltr'><strong>nihil</strong></span> 
     </span>
    </p>
   </div>
   <div class='ocr_carea' id='block_1_71' title="bbox 424 5158 2066 5228">
    <p class='ocr_par' dir='ltr' id='par_1_71' title="bbox 424 5158 2066 5228">
     <span class='ocr_line' id='line_1_72' title="bbox 424 5158 2066 5228; baseline 0.001 -18"><span class='ocrx_word' id='word_1_462' title='bbox 424 5172 681 5228; x_wconf 84' lang='lat' dir='ltr'><strong>peccare,</strong></span> <span class='ocrx_word' id='word_1_463' title='bbox 714 5158 763 5210; x_wconf 93' lang='lat' dir='ltr'><strong>si</strong></span> <span class='ocrx_word' id='word_1_464' title='bbox 795 5166 918 5211; x_wconf 89' lang='lat' dir='ltr'><strong>tum</strong></span> <span class='ocrx_word' id='word_1_465' title='bbox 969 5158 1202 5226; x_wconf 86' lang='lat' dir='ltr'><strong>quando</strong></span> <span class='ocrx_word' id='word_1_466' title='bbox 1259 5174 1456 5213; x_wconf 82' lang='lat' dir='ltr'><strong>sacros</strong></span> <span class='ocrx_word' id='word_1_467' title='bbox 1503 5159 1738 5214; x_wconf 84' lang='lat' dir='ltr'><strong>ordines</strong></span> <span class='ocrx_word' id='word_1_468' title='bbox 1759 5159 2066 5214; x_wconf 75' lang='lat' dir='ltr'><strong>conterunt</strong></span> 
     </span>
    </p>
   </div>
   <div class='ocr_carea' id='block_1_72' title="bbox 422 5243 2063 5318">
    <p class='ocr_par' dir='ltr' id='par_1_72' title="bbox 422 5243 2063 5318">
     <span class='ocr_line' id='line_1_73' title="bbox 422 5243 2063 5318; baseline 0.002 -19"><span class='ocrx_word' id='word_1_469' title='bbox 422 5243 570 5299; x_wconf 85' lang='lat' dir='ltr'><strong>nihil</strong></span> <span class='ocrx_word' id='word_1_470' title='bbox 625 5244 935 5314; x_wconf 81' lang='lat' dir='ltr'><strong>accipiant,</strong></span> <span class='ocrx_word' id='word_1_471' title='bbox 968 5248 1065 5300; x_wconf 78' lang='lat' dir='ltr'><strong>sed</strong></span> <span class='ocrx_word' id='word_1_472' title='bbox 1119 5253 1251 5316; x_wconf 86' lang='lat' dir='ltr'><strong>post</strong></span> <span class='ocrx_word' id='word_1_473' title='bbox 1295 5249 1740 5303; x_wconf 86' lang='lat' dir='ltr'><strong>ordinationem.</strong></span> <span class='ocrx_word' id='word_1_474' title='bbox 1790 5247 2063 5318; x_wconf 85' lang='lat' dir='ltr'><strong>Accipere</strong></span> 
     </span>
    </p>
   </div>
   <div class='ocr_carea' id='block_1_73' title="bbox 421 5336 2066 5408">
    <p class='ocr_par' dir='ltr' id='par_1_73' title="bbox 421 5336 2066 5408">
     <span class='ocr_line' id='line_1_74' title="bbox 421 5336 2066 5408; baseline 0.001 -20"><span class='ocrx_word' id='word_1_475' title='bbox 421 5340 611 5389; x_wconf 84' lang='lat' dir='ltr'><strong>autem</strong></span> <span class='ocrx_word' id='word_1_476' title='bbox 639 5341 726 5389; x_wconf 86' lang='lat' dir='ltr'><strong>est</strong></span> <span class='ocrx_word' id='word_1_477' title='bbox 758 5337 960 5404; x_wconf 86' lang='lat' dir='ltr'><strong>quovis</strong></span> <span class='ocrx_word' id='word_1_478' title='bbox 1012 5344 1271 5408; x_wconf 86' lang='lat' dir='ltr'><strong>tempore</strong></span> <span class='ocrx_word' id='word_1_479' title='bbox 1317 5338 1592 5408; x_wconf 81' lang='lat' dir='ltr'><strong>accipere.</strong></span> <span class='ocrx_word' id='word_1_480' title='bbox 1623 5337 1909 5392; x_wconf 85' lang='lat' dir='ltr'><strong>Adhortor</strong></span> <span class='ocrx_word' id='word_1_481' title='bbox 1953 5336 2066 5407; x_wconf 88' lang='lat' dir='ltr'><strong>igi-</strong></span> 
     </span>
    </p>
   </div>
   <div class='ocr_carea' id='block_1_74' title="bbox 420 5423 2060 5497">
    <p class='ocr_par' dir='ltr' id='par_1_74' title="bbox 420 5423 2060 5497">
     <span class='ocr_line' id='line_1_75' title="bbox 420 5423 2060 5497; baseline 0.002 -20"><span class='ocrx_word' id='word_1_482' title='bbox 420 5423 521 5477; x_wconf 86' lang='lat' dir='ltr'><strong>tur</strong></span> <span class='ocrx_word' id='word_1_483' title='bbox 549 5439 649 5477; x_wconf 88' lang='lat' dir='ltr'><strong>vos</strong></span> <span class='ocrx_word' id='word_1_484' title='bbox 674 5429 736 5477; x_wconf 89' lang='lat' dir='ltr'><strong>ut</strong></span> <span class='ocrx_word' id='word_1_485' title='bbox 775 5424 927 5479; x_wconf 83' lang='lat' dir='ltr'><strong>hunc</strong></span> <span class='ocrx_word' id='word_1_486' title='bbox 958 5440 1177 5480; x_wconf 88' lang='lat' dir='ltr'><strong>morem</strong></span> <span class='ocrx_word' id='word_1_487' title='bbox 1210 5443 1311 5482; x_wconf 89' lang='lat' dir='ltr'><strong>seu</strong></span> <span class='ocrx_word' id='word_1_488' title='bbox 1345 5426 1534 5497; x_wconf 83' lang='lat' dir='ltr'><strong>potius</strong></span> <span class='ocrx_word' id='word_1_489' title='bbox 1563 5426 1713 5482; x_wconf 90' lang='lat' dir='ltr'><strong>viam</strong></span> <span class='ocrx_word' id='word_1_490' title='bbox 1756 5428 2060 5481; x_wconf 83' lang='lat' dir='ltr'><strong>ducentem</strong></span> 
     </span>
    </p>
   </div>
   <div class='ocr_carea' id='block_1_75' title="bbox 415 5510 2059 5586">
    <p class='ocr_par' dir='ltr' id='par_1_75' title="bbox 415 5510 2059 5586">
     <span class='ocr_line' id='line_1_76' title="bbox 415 5510 2059 5586; baseline 0.002 -19"><span class='ocrx_word' id='word_1_491' title='bbox 415 5510 485 5567; x_wconf 82' lang='lat' dir='ltr'><strong>ad</strong></span> <span class='ocrx_word' id='word_1_492' title='bbox 535 5511 865 5582; x_wconf 85' lang='lat' dir='ltr'><strong>gehennam</strong></span> <span class='ocrx_word' id='word_1_493' title='bbox 953 5511 1281 5584; x_wconf 85' lang='lat' dir='ltr'><strong>deponatis,</strong></span> <span class='ocrx_word' id='word_1_494' title='bbox 1343 5530 1533 5586; x_wconf 90' lang='lat' dir='ltr'><strong>neque</strong></span> <span class='ocrx_word' id='word_1_495' title='bbox 1592 5517 2059 5571; x_wconf 76' lang='lat' dir='ltr'><strong>contaminantes</strong></span> 
     </span>
    </p>
   </div>
   <div class='ocr_carea' id='block_1_76' title="bbox 418 5603 2059 5671">
    <p class='ocr_par' dir='ltr' id='par_1_76' title="bbox 418 5603 2059 5671">
     <span class='ocr_line' id='line_1_77' title="bbox 418 5603 2059 5671; baseline 0.002 -15"><span class='ocrx_word' id='word_1_496' title='bbox 418 5616 627 5656; x_wconf 84' lang='lat' dir='ltr'><strong>manus</strong></span> <span class='ocrx_word' id='word_1_497' title='bbox 674 5606 898 5658; x_wconf 84' lang='lat' dir='ltr'><strong>vestras</strong></span> <span class='ocrx_word' id='word_1_498' title='bbox 947 5603 1282 5671; x_wconf 90' lang='lat' dir='ltr'><strong>bujusmodi</strong></span> <span class='ocrx_word' id='word_1_499' title='bbox 1349 5604 1694 5660; x_wconf 66' lang='lat' dir='ltr'><strong>muneribus</strong></span> <span class='ocrx_word' id='word_1_500' title='bbox 1747 5620 1851 5661; x_wconf 92' lang='lat' dir='ltr'><strong>vos</strong></span> <span class='ocrx_word' id='word_1_501' title='bbox 1898 5621 2059 5660; x_wconf 83' lang='lat' dir='ltr'><strong>sacra</strong></span> 
     </span>
    </p>
   </div>
   <div class='ocr_carea' id='block_1_77' title="bbox 415 5689 1706 5767">
    <p class='ocr_par' dir='ltr' id='par_1_77' title="bbox 415 5689 1706 5767">
     <span class='ocr_line' id='line_1_78' title="bbox 415 5689 1706 5767; baseline 0.006 -21"><span class='ocrx_word' id='word_1_502' title='bbox 415 5690 692 5767; x_wconf 77' lang='lat' dir='ltr'><strong>mysteria</strong></span> <span class='ocrx_word' id='word_1_503' title='bbox 720 5689 1063 5748; x_wconf 86' lang='lat' dir='ltr'><strong>celebrando</strong></span> <span class='ocrx_word' id='word_1_504' title='bbox 1094 5693 1362 5764; x_wconf 78' lang='lat' dir='ltr'><strong>indignos</strong></span> <span class='ocrx_word' id='word_1_505' title='bbox 1403 5695 1706 5767; x_wconf 61' lang='lat' dir='ltr'><strong>praetetis.</strong></span> 
     </span>
    </p>
   </div>
   <div class='ocr_carea' id='block_1_78' title="bbox 2207 1948 3844 2036">
    <p class='ocr_par' dir='ltr' id='par_1_78' title="bbox 2207 1948 3844 2036">
     <span class='ocr_line' id='line_1_79' title="bbox 2207 1948 3844 2036; baseline 0.006 -33"><span class='ocrx_word' id='word_1_506' title='bbox 2207 1950 2311 2024; x_wconf 71' lang='grc' dir='ltr'>γὶρ</span> <span class='ocrx_word' id='word_1_507' title='bbox 2357 1953 2412 2006; x_wconf 80' lang='grc' dir='ltr'>οἱ</span> <span class='ocrx_word' id='word_1_508' title='bbox 2469 1948 2940 2027; x_wconf 70' lang='grc' dir='ltr'>προϐαλλόμενοι,</span> <span class='ocrx_word' id='word_1_509' title='bbox 3006 1954 3188 2033; x_wconf 81' lang='grc' dir='ltr'>ὥσπερ</span> <span class='ocrx_word' id='word_1_510' title='bbox 3248 1958 3350 2032; x_wconf 85' lang='grc' dir='ltr'>ἄρα</span> <span class='ocrx_word' id='word_1_511' title='bbox 3401 1960 3458 2013; x_wconf 77' lang='lat' dir='ltr'><strong>oi</strong></span> <span class='ocrx_word' id='word_1_512' title='bbox 3512 1960 3844 2036; x_wconf 57' lang='lat' dir='ltr'><strong>dvayvﬁiatat</strong></span> 
     </span>
    </p>
   </div>
   <div class='ocr_carea' id='block_1_79' title="bbox 2206 2040 3843 2121">
    <p class='ocr_par' dir='ltr' id='par_1_79' title="bbox 2206 2040 3843 2121">
     <span class='ocr_line' id='line_1_80' title="bbox 2206 2040 3843 2121; baseline 0.005 -28"><span class='ocrx_word' id='word_1_513' title='bbox 2206 2040 2295 2093; x_wconf 81' lang='grc' dir='ltr'><strong>καὶ</strong></span> <span class='ocrx_word' id='word_1_514' title='bbox 2353 2040 2555 2114; x_wconf 69' lang='grc' dir='ltr'>ψάλται</span> <span class='ocrx_word' id='word_1_515' title='bbox 2615 2044 3046 2121; x_wconf 74' lang='grc' dir='ltr'>σφραγίζονται),</span> <span class='ocrx_word' id='word_1_516' title='bbox 3105 2044 3141 2115; x_wconf 73' lang='grc' dir='ltr'>ἤ</span> <span class='ocrx_word' id='word_1_517' title='bbox 3198 2068 3317 2102; x_wconf 86' lang='grc' dir='ltr'>τινα</span> <span class='ocrx_word' id='word_1_518' title='bbox 3370 2046 3515 2110; x_wconf 83' lang='grc' dir='ltr'><strong>ὅλως</strong></span> <span class='ocrx_word' id='word_1_519' title='bbox 3578 2054 3690 2104; x_wconf 82' lang='grc' dir='ltr'><strong>τῶν</strong></span> <span class='ocrx_word' id='word_1_520' title='bbox 3751 2051 3843 2102; x_wconf 78' lang='grc' dir='ltr'>τοῦ</span> 
     </span>
    </p>
   </div>
   <div class='ocr_carea' id='block_1_80' title="bbox 2203 2129 3844 2211">
    <p class='ocr_par' dir='ltr' id='par_1_80' title="bbox 2203 2129 3844 2211">
     <span class='ocr_line' id='line_1_81' title="bbox 2203 2129 3844 2211; baseline 0.004 -28"><span class='ocrx_word' id='word_1_521' title='bbox 2203 2130 2425 2194; x_wconf 80' lang='grc' dir='ltr'>κανόνος</span> <span class='ocrx_word' id='word_1_522' title='bbox 2478 2129 2681 2205; x_wconf 73' lang='grc' dir='ltr'>ἕτερον,</span> <span class='ocrx_word' id='word_1_523' title='bbox 2741 2135 2769 2187; x_wconf 89' lang='grc' dir='ltr'><strong>ὁ</strong></span> <span class='ocrx_word' id='word_1_524' title='bbox 2827 2136 3042 2194; x_wconf 75' lang='grc' dir='ltr'>τούτοις</span> <span class='ocrx_word' id='word_1_525' title='bbox 3099 2136 3456 2211; x_wconf 77' lang='grc' dir='ltr'>ἐπιχειρήσας</span> <span class='ocrx_word' id='word_1_526' title='bbox 3506 2135 3577 2191; x_wconf 77' lang='grc' dir='ltr'><strong>δι’</strong></span> <span class='ocrx_word' id='word_1_527' title='bbox 3647 2139 3844 2193; x_wconf 84' lang='grc' dir='ltr'>οἰκείαν</span> 
     </span>
    </p>
   </div>
   <div class='ocr_carea' id='block_1_81' title="bbox 2205 2220 3202 2300">
    <p class='ocr_par' dir='ltr' id='par_1_81' title="bbox 2205 2220 3202 2300">
     <span class='ocr_line' id='line_1_82' title="bbox 2205 2220 3202 2300; baseline 0.005 -26"><span class='ocrx_word' id='word_1_528' title='bbox 2205 2220 2675 2296; x_wconf 77' lang='grc' dir='ltr'>αἰσχροκέρδειαν,</span> <span class='ocrx_word' id='word_1_529' title='bbox 2732 2225 2821 2277; x_wconf 76' lang='grc' dir='ltr'>καὶ</span> <span class='ocrx_word' id='word_1_530' title='bbox 2898 2222 3202 2300; x_wconf 74' lang='grc' dir='ltr'>ἐλεγχθεὶς,</span> 
     </span>
    </p>
   </div>
   <div class='ocr_carea' id='block_1_82' title="bbox 2201 2310 2878 2385">
    <p class='ocr_par' dir='ltr' id='par_1_82' title="bbox 2201 2310 2878 2385">
     <span class='ocr_line' id='line_1_83' title="bbox 2201 2310 2878 2385; baseline 0.001 -21"><span class='ocrx_word' id='word_1_531' title='bbox 2201 2310 2292 2364; x_wconf 85' lang='grc' dir='ltr'>τὸν</span> <span class='ocrx_word' id='word_1_532' title='bbox 2353 2310 2554 2364; x_wconf 80' lang='grc' dir='ltr'>οἰκεῖον</span> <span class='ocrx_word' id='word_1_533' title='bbox 2619 2312 2829 2385; x_wconf 81' lang='grc' dir='ltr'>βαθμόν</span> <span class='ocrx_word' id='word_1_534' title='bbox 2864 2332 2878 2345; x_wconf 79' lang='lat'>&#39;</span> 
     </span>
    </p>
   </div>
   <div class='ocr_carea' id='block_1_83' title="bbox 3286 2225 3840 2303">
    <p class='ocr_par' dir='ltr' id='par_1_83' title="bbox 3286 2225 3840 2303">
     <span class='ocr_line' id='line_1_84' title="bbox 3286 2225 3840 2303; baseline -0.002 -22"><span class='ocrx_word' id='word_1_535' title='bbox 3286 2225 3636 2282; x_wconf 77' lang='grc' dir='ltr'>κινδυνευέτω</span> <span class='ocrx_word' id='word_1_536' title='bbox 3724 2227 3840 2303; x_wconf 86' lang='grc' dir='ltr'><strong>περί</strong></span> 
     </span>
    </p>
   </div>
   <div class='ocr_carea' id='block_1_84' title="bbox 2942 2315 3843 2391">
    <p class='ocr_par' dir='ltr' id='par_1_84' title="bbox 2942 2315 3843 2391">
     <span class='ocr_line' id='line_1_85' title="bbox 2942 2315 3843 2391; baseline 0.003 -25"><span class='ocrx_word' id='word_1_537' title='bbox 2942 2315 3030 2367; x_wconf 80' lang='grc' dir='ltr'><strong>καὶ</strong></span> <span class='ocrx_word' id='word_1_538' title='bbox 3077 2317 3105 2367; x_wconf 86' lang='grc' dir='ltr'>ὁ</span> <span class='ocrx_word' id='word_1_539' title='bbox 3155 2315 3642 2391; x_wconf 76' lang='grc' dir='ltr'>χειροτονούμενος</span> <span class='ocrx_word' id='word_1_540' title='bbox 3681 2315 3843 2390; x_wconf 79' lang='grc' dir='ltr'>μηδὲν</span> 
     </span>
    </p>
   </div>
   <div class='ocr_carea' id='block_1_85' title="bbox 2204 2399 3839 2477">
    <p class='ocr_par' dir='ltr' id='par_1_85' title="bbox 2204 2399 3839 2477">
     <span class='ocr_line' id='line_1_86' title="bbox 2204 2399 3839 2477; baseline 0.005 -24"><span class='ocrx_word' id='word_1_541' title='bbox 2204 2399 2263 2454; x_wconf 73' lang='grc' dir='ltr'>ἐκ</span> <span class='ocrx_word' id='word_1_542' title='bbox 2317 2408 2415 2468; x_wconf 76' lang='grc' dir='ltr'>τῆς</span> <span class='ocrx_word' id='word_1_543' title='bbox 2473 2401 2588 2453; x_wconf 83' lang='grc' dir='ltr'>κατ’</span> <span class='ocrx_word' id='word_1_544' title='bbox 2637 2400 2903 2474; x_wconf 79' lang='grc' dir='ltr'>ἐμπορίαν</span> <span class='ocrx_word' id='word_1_545' title='bbox 2980 2404 3320 2476; x_wconf 78' lang='grc' dir='ltr'>χειροτονίας</span> <span class='ocrx_word' id='word_1_546' title='bbox 3405 2403 3762 2477; x_wconf 70' lang='grc' dir='ltr'>ὠφελείσθω⁹</span> <span class='ocrx_word' id='word_1_547' title='bbox 3806 2404 3839 2472; x_wconf 72' lang='grc' dir='ltr'><strong>ἢ</strong></span> 
     </span>
    </p>
   </div>
   <div class='ocr_carea' id='block_1_86' title="bbox 2203 2483 3843 2566">
    <p class='ocr_par' dir='ltr' id='par_1_86' title="bbox 2203 2483 3843 2566">
     <span class='ocr_line' id='line_1_87' title="bbox 2203 2483 3843 2566; baseline 0.002 -23"><span class='ocrx_word' id='word_1_548' title='bbox 2203 2484 2507 2562; x_wconf 79' lang='grc' dir='ltr'>προϐολῆς,</span> <span class='ocrx_word' id='word_1_549' title='bbox 2564 2485 2690 2543; x_wconf 79' lang='grc' dir='ltr'>ἀλλ’</span> <span class='ocrx_word' id='word_1_550' title='bbox 2741 2483 2880 2543; x_wconf 75' lang='grc' dir='ltr'>ἔστω</span> <span class='ocrx_word' id='word_1_551' title='bbox 2937 2491 3231 2565; x_wconf 81' lang='grc' dir='ltr'>ἀλλότριος</span> <span class='ocrx_word' id='word_1_552' title='bbox 3287 2500 3385 2561; x_wconf 76' lang='grc' dir='ltr'><strong>τῆς</strong></span> <span class='ocrx_word' id='word_1_553' title='bbox 3426 2493 3575 2566; x_wconf 78' lang='grc' dir='ltr'>ἀξίας</span> <span class='ocrx_word' id='word_1_554' title='bbox 3627 2494 3666 2563; x_wconf 71' lang='grc' dir='ltr'><strong>ἢ</strong></span> <span class='ocrx_word' id='word_1_555' title='bbox 3750 2495 3843 2547; x_wconf 75' lang='grc' dir='ltr'>τοῦ</span> 
     </span>
    </p>
   </div>
   <div class='ocr_carea' id='block_1_87' title="bbox 2202 2575 3844 2656">
    <p class='ocr_par' dir='ltr' id='par_1_87' title="bbox 2202 2575 3844 2656">
     <span class='ocr_line' id='line_1_88' title="bbox 2202 2575 3844 2656; baseline 0.002 -24"><span class='ocrx_word' id='word_1_556' title='bbox 2202 2576 2620 2652; x_wconf 74' lang='grc' dir='ltr'>φροντίσματος,</span> <span class='ocrx_word' id='word_1_557' title='bbox 2680 2579 2747 2632; x_wconf 82' lang='grc' dir='ltr'><strong>οὗ</strong></span> <span class='ocrx_word' id='word_1_558' title='bbox 2804 2575 2891 2632; x_wconf 81' lang='grc' dir='ltr'><strong>διὰ</strong></span> <span class='ocrx_word' id='word_1_559' title='bbox 2944 2581 3250 2653; x_wconf 82' lang='grc' dir='ltr'>χρημάτων</span> <span class='ocrx_word' id='word_1_560' title='bbox 3308 2581 3625 2656; x_wconf 72' lang='grc' dir='ltr'>τετύχηκεν.</span> <span class='ocrx_word' id='word_1_561' title='bbox 3676 2583 3736 2638; x_wconf 83' lang='grc' dir='ltr'>Εἰ</span> <span class='ocrx_word' id='word_1_562' title='bbox 3788 2581 3844 2636; x_wconf 77' lang='grc' dir='ltr'><strong>δέ</strong></span> 
     </span>
    </p>
   </div>
   <div class='ocr_carea' id='block_1_88' title="bbox 2199 2667 3844 2746">
    <p class='ocr_par' dir='ltr' id='par_1_88' title="bbox 2199 2667 3844 2746">
     <span class='ocr_line' id='line_1_89' title="bbox 2199 2667 3844 2746; baseline 0.002 -25"><span class='ocrx_word' id='word_1_563' title='bbox 2199 2688 2280 2728; x_wconf 89' lang='grc' dir='ltr'><strong>τις</strong></span> <span class='ocrx_word' id='word_1_564' title='bbox 2311 2667 2401 2721; x_wconf 89' lang='grc' dir='ltr'><strong>καὶ</strong></span> <span class='ocrx_word' id='word_1_565' title='bbox 2452 2668 2745 2739; x_wconf 83' lang='grc' dir='ltr'>μεσιτεύων</span> <span class='ocrx_word' id='word_1_566' title='bbox 2805 2668 2995 2744; x_wconf 78' lang='grc' dir='ltr'>φανείη</span> <span class='ocrx_word' id='word_1_567' title='bbox 3054 2675 3172 2732; x_wconf 82' lang='grc' dir='ltr'>τοῖς</span> <span class='ocrx_word' id='word_1_568' title='bbox 3229 2670 3403 2732; x_wconf 68' lang='grc' dir='ltr'>οὕτως</span> <span class='ocrx_word' id='word_1_569' title='bbox 3461 2671 3717 2746; x_wconf 70' lang='grc' dir='ltr'>αἰσχροῖς</span> <span class='ocrx_word' id='word_1_570' title='bbox 3756 2672 3844 2725; x_wconf 83' lang='grc' dir='ltr'><strong>καὶ</strong></span> 
     </span>
    </p>
   </div>
   <div class='ocr_carea' id='block_1_89' title="bbox 2198 2755 3843 2834">
    <p class='ocr_par' dir='ltr' id='par_1_89' title="bbox 2198 2755 3843 2834">
     <span class='ocr_line' id='line_1_90' title="bbox 2198 2755 3843 2834; baseline 0.002 -23"><span class='ocrx_word' id='word_1_571' title='bbox 2198 2757 2476 2830; x_wconf 80' lang='grc' dir='ltr'>ἀθεμίτοις</span> <span class='ocrx_word' id='word_1_572' title='bbox 2523 2755 2801 2829; x_wconf 73' lang='grc' dir='ltr'>λήμμασι,</span> <span class='ocrx_word' id='word_1_573' title='bbox 2834 2757 2923 2811; x_wconf 78' lang='grc' dir='ltr'><strong>καὶ</strong></span> <span class='ocrx_word' id='word_1_574' title='bbox 2964 2760 3143 2828; x_wconf 80' lang='grc' dir='ltr'>οὗτος,</span> <span class='ocrx_word' id='word_1_575' title='bbox 3178 2758 3221 2812; x_wconf 87' lang='grc' dir='ltr'><strong>εἰ</strong></span> <span class='ocrx_word' id='word_1_576' title='bbox 3275 2761 3369 2833; x_wconf 73' lang='grc' dir='ltr'>μὲν</span> <span class='ocrx_word' id='word_1_577' title='bbox 3410 2760 3681 2834; x_wconf 84' lang='grc' dir='ltr'>κληρικὸς</span> <span class='ocrx_word' id='word_1_578' title='bbox 3737 2760 3843 2829; x_wconf 68' lang='grc' dir='ltr'>εἴη.</span> 
     </span>
    </p>
   </div>
   <div class='ocr_carea' id='block_1_90' title="bbox 2196 2845 3844 2924">
    <p class='ocr_par' dir='ltr' id='par_1_90' title="bbox 2196 2845 3844 2924">
     <span class='ocr_line' id='line_1_91' title="bbox 2196 2845 3844 2924; baseline 0.002 -23"><span class='ocrx_word' id='word_1_579' title='bbox 2196 2851 2293 2901; x_wconf 80' lang='grc' dir='ltr'><strong>τοῦ</strong></span> <span class='ocrx_word' id='word_1_580' title='bbox 2351 2845 2553 2901; x_wconf 83' lang='grc' dir='ltr'>οἰκείου</span> <span class='ocrx_word' id='word_1_581' title='bbox 2612 2846 2914 2901; x_wconf 78' lang='grc' dir='ltr'>ἐκπιπτέτω</span> <span class='ocrx_word' id='word_1_582' title='bbox 2968 2848 3201 2921; x_wconf 75' lang='grc' dir='ltr'>βαθμοῦ,</span> <span class='ocrx_word' id='word_1_583' title='bbox 3236 2846 3370 2903; x_wconf 79' lang='grc' dir='ltr'>εἰδὲ</span> <span class='ocrx_word' id='word_1_584' title='bbox 3424 2850 3635 2921; x_wconf 80' lang='grc' dir='ltr'>λαϊκὸς,</span> <span class='ocrx_word' id='word_1_585' title='bbox 3671 2852 3708 2922; x_wconf 72' lang='grc' dir='ltr'><strong>ἢ</strong></span> <span class='ocrx_word' id='word_1_586' title='bbox 3744 2871 3844 2924; x_wconf 90' lang='grc' dir='ltr'>μο-</span> 
     </span>
    </p>
   </div>
   <div class='ocr_carea' id='block_1_91' title="bbox 2196 2934 3842 3010">
    <p class='ocr_par' dir='ltr' id='par_1_91' title="bbox 2196 2934 3842 3010">
     <span class='ocr_line' id='line_1_92' title="bbox 2196 2934 3842 3010; baseline 0.003 -21"><span class='ocrx_word' id='word_1_587' title='bbox 2196 2936 2397 3003; x_wconf 75' lang='grc' dir='ltr'>νάζων,</span> <span class='ocrx_word' id='word_1_588' title='bbox 2455 2934 2940 3004; x_wconf 72' lang='grc' dir='ltr'>ἀναθεματιζέαθω.</span> <span class='ocrx_word' id='word_1_589' title='bbox 2995 2937 3250 2992; x_wconf 84' lang='grc' dir='ltr'>Ἐνταῦοα</span> <span class='ocrx_word' id='word_1_590' title='bbox 3305 2936 3473 2994; x_wconf 86' lang='grc' dir='ltr'>καλὸν</span> <span class='ocrx_word' id='word_1_591' title='bbox 3532 2938 3592 2993; x_wconf 84' lang='grc' dir='ltr'>ἂν</span> <span class='ocrx_word' id='word_1_592' title='bbox 3647 2940 3735 3010; x_wconf 66' lang='grc' dir='ltr'>εἴη</span> <span class='ocrx_word' id='word_1_593' title='bbox 3783 2941 3842 2994; x_wconf 87' lang='grc' dir='ltr'>τὸ</span> 
     </span>
    </p>
   </div>
   <div class='ocr_carea' id='block_1_92' title="bbox 2198 3021 3842 3097">
    <p class='ocr_par' dir='ltr' id='par_1_92' title="bbox 2198 3021 3842 3097">
     <span class='ocr_line' id='line_1_93' title="bbox 2198 3021 3842 3097; baseline 0.002 -20"><span class='ocrx_word' id='word_1_594' title='bbox 2198 3025 2393 3087; x_wconf 81' lang='grc' dir='ltr'>στῆθος</span> <span class='ocrx_word' id='word_1_595' title='bbox 2452 3021 2760 3095; x_wconf 72' lang='grc' dir='ltr'>πλήξαντας</span> <span class='ocrx_word' id='word_1_596' title='bbox 2826 3025 3176 3087; x_wconf 78' lang='grc' dir='ltr'>πεπονθότως</span> <span class='ocrx_word' id='word_1_597' title='bbox 3229 3022 3525 3097; x_wconf 74' lang='grc' dir='ltr'>ἀναϐοῆσαι</span> <span class='ocrx_word' id='word_1_598' title='bbox 3557 3047 3571 3061; x_wconf 77' lang='grc'><strong><em>⁸</em></strong></span> <span class='ocrx_word' id='word_1_599' title='bbox 3639 3051 3671 3082; x_wconf 75' lang='grc' dir='ltr'><strong>α</strong></span> <span class='ocrx_word' id='word_1_600' title='bbox 3722 3029 3842 3083; x_wconf 79' lang='grc' dir='ltr'><strong>Ἐὰν</strong></span> 
     </span>
    </p>
   </div>
   <div class='ocr_carea' id='block_1_93' title="bbox 2195 3109 3845 3189">
    <p class='ocr_par' dir='ltr' id='par_1_93' title="bbox 2195 3109 3845 3189">
     <span class='ocr_line' id='line_1_94' title="bbox 2195 3109 3845 3189; baseline 0.005 -25"><span class='ocrx_word' id='word_1_601' title='bbox 2195 3109 2418 3174; x_wconf 82' lang='grc' dir='ltr'>ἆνολίας</span> <span class='ocrx_word' id='word_1_602' title='bbox 2478 3114 2894 3187; x_wconf 71' lang='grc' dir='ltr'>παρατηρήσῃς,</span> <span class='ocrx_word' id='word_1_603' title='bbox 2956 3114 3137 3187; x_wconf 78' lang='grc' dir='ltr'>Κύριε,</span> <span class='ocrx_word' id='word_1_604' title='bbox 3196 3114 3392 3189; x_wconf 72' lang='grc' dir='ltr'>ῗΚύριε,</span> <span class='ocrx_word' id='word_1_605' title='bbox 3450 3117 3533 3177; x_wconf 87' lang='grc' dir='ltr'><strong>τίς</strong></span> <span class='ocrx_word' id='word_1_606' title='bbox 3590 3116 3845 3187; x_wconf 79' lang='grc' dir='ltr'>ὑποστή-</span> 
     </span>
    </p>
   </div>
   <div class='ocr_carea' id='block_1_94' title="bbox 2196 3198 3843 3279">
    <p class='ocr_par' dir='ltr' id='par_1_94' title="bbox 2196 3198 3843 3279">
     <span class='ocr_line' id='line_1_95' title="bbox 2196 3198 3843 3279; baseline 0.003 -25"><span class='ocrx_word' id='word_1_607' title='bbox 2196 3220 2344 3255; x_wconf 84' lang='grc' dir='ltr'>σεται</span> <span class='ocrx_word' id='word_1_608' title='bbox 2377 3219 2392 3270; x_wconf 86' lang='grc'><strong>;</strong></span> <span class='ocrx_word' id='word_1_609' title='bbox 2426 3225 2454 3252; x_wconf 85' lang='grc'><strong><em>››</em></strong></span> <span class='ocrx_word' id='word_1_610' title='bbox 2479 3200 2565 3262; x_wconf 85' lang='grc' dir='ltr'><strong>Τίς</strong></span> <span class='ocrx_word' id='word_1_611' title='bbox 2607 3202 2710 3274; x_wconf 81' lang='grc' dir='ltr'><strong>γάρ</strong></span> <span class='ocrx_word' id='word_1_612' title='bbox 2758 3199 2901 3255; x_wconf 86' lang='grc' dir='ltr'>ἐστιν</span> <span class='ocrx_word' id='word_1_613' title='bbox 2942 3203 2969 3256; x_wconf 77' lang='grc' dir='ltr'><strong>ὁ</strong></span> <span class='ocrx_word' id='word_1_614' title='bbox 3017 3198 3287 3273; x_wconf 77' lang='grc' dir='ltr'>διοίκησιν</span> <span class='ocrx_word' id='word_1_615' title='bbox 3341 3204 3568 3279; x_wconf 76' lang='grc' dir='ltr'>εύαγοῦς</span> <span class='ocrx_word' id='word_1_616' title='bbox 3628 3204 3843 3272; x_wconf 67' lang='grc' dir='ltr'>οἵκουν,</span> 
     </span>
    </p>
   </div>
   <div class='ocr_carea' id='block_1_95' title="bbox 2199 3286 3844 3370">
    <p class='ocr_par' dir='ltr' id='par_1_95' title="bbox 2199 3286 3844 3370">
     <span class='ocr_line' id='line_1_96' title="bbox 2199 3286 3844 3370; baseline 0.003 -27"><span class='ocrx_word' id='word_1_617' title='bbox 2199 3293 2234 3362; x_wconf 77' lang='grc' dir='ltr'>ᾗ</span> <span class='ocrx_word' id='word_1_618' title='bbox 2287 3286 2560 3344; x_wconf 82' lang='grc' dir='ltr'>διακονίαν</span> <span class='ocrx_word' id='word_1_619' title='bbox 2620 3287 2936 3360; x_wconf 74' lang='grc' dir='ltr'>οίαιιδήτινα</span> <span class='ocrx_word' id='word_1_620' title='bbox 2999 3298 3102 3360; x_wconf 83' lang='grc' dir='ltr'>τῆς</span> <span class='ocrx_word' id='word_1_621' title='bbox 3170 3289 3501 3363; x_wconf 81' lang='grc' dir='ltr'>Ἐκκλησίας</span> <span class='ocrx_word' id='word_1_622' title='bbox 3569 3293 3844 3370; x_wconf 84' lang='grc' dir='ltr'>ἀναδεχό-</span> 
     </span>
    </p>
   </div>
   <div class='ocr_carea' id='block_1_96' title="bbox 2203 3376 3843 3458">
    <p class='ocr_par' dir='ltr' id='par_1_96' title="bbox 2203 3376 3843 3458">
     <span class='ocr_line' id='line_1_97' title="bbox 2203 3376 3843 3458; baseline 0.003 -26"><span class='ocrx_word' id='word_1_623' title='bbox 2203 3398 2384 3451; x_wconf 84' lang='grc' dir='ltr'>μενος,</span> <span class='ocrx_word' id='word_1_624' title='bbox 2443 3378 2477 3446; x_wconf 59' lang='lat' dir='ltr'><strong>ir}</strong></span> <span class='ocrx_word' id='word_1_625' title='bbox 2536 3376 2801 3450; x_wconf 86' lang='grc' dir='ltr'>κληρικὸς</span> <span class='ocrx_word' id='word_1_626' title='bbox 2849 3380 3152 3452; x_wconf 84' lang='grc' dir='ltr'>γινόμενος,</span> <span class='ocrx_word' id='word_1_627' title='bbox 3211 3379 3247 3450; x_wconf 70' lang='grc' dir='ltr'><strong>ἢ</strong></span> <span class='ocrx_word' id='word_1_628' title='bbox 3296 3380 3575 3457; x_wconf 85' lang='grc' dir='ltr'>μονίδριον</span> <span class='ocrx_word' id='word_1_629' title='bbox 3618 3379 3843 3458; x_wconf 76' lang='grc' dir='ltr'>λαμϐά-</span> 
     </span>
    </p>
   </div>
   <div class='ocr_carea' id='block_1_97' title="bbox 2195 3464 3845 3538">
    <p class='ocr_par' dir='ltr' id='par_1_97' title="bbox 2195 3464 3845 3538">
     <span class='ocr_line' id='line_1_98' title="bbox 2195 3464 3845 3538; baseline 0.004 -19"><span class='ocrx_word' id='word_1_630' title='bbox 2195 3488 2324 3531; x_wconf 91' lang='grc' dir='ltr'>νων,</span> <span class='ocrx_word' id='word_1_631' title='bbox 2358 3466 2480 3520; x_wconf 77' lang='grc' dir='ltr'>ἄνευ</span> <span class='ocrx_word' id='word_1_632' title='bbox 2509 3470 2606 3530; x_wconf 72' lang='grc' dir='ltr'>τῆς</span> <span class='ocrx_word' id='word_1_633' title='bbox 2640 3464 2887 3536; x_wconf 83' lang='grc' dir='ltr'>δόσεως;</span> <span class='ocrx_word' id='word_1_634' title='bbox 2941 3468 2998 3522; x_wconf 81' lang='grc' dir='ltr'>Εἰ</span> <span class='ocrx_word' id='word_1_635' title='bbox 3050 3465 3116 3538; x_wconf 81' lang='grc' dir='ltr'><strong>δὴ</strong></span> <span class='ocrx_word' id='word_1_636' title='bbox 3167 3473 3293 3524; x_wconf 81' lang='grc' dir='ltr'>πᾶσι</span> <span class='ocrx_word' id='word_1_637' title='bbox 3343 3471 3560 3533; x_wconf 78' lang='grc' dir='ltr'>τούτοις</span> <span class='ocrx_word' id='word_1_638' title='bbox 3605 3478 3730 3534; x_wconf 89' lang='grc' dir='ltr'>τοῖς</span> <span class='ocrx_word' id='word_1_639' title='bbox 3787 3493 3845 3525; x_wconf 89' lang='grc' dir='ltr'><strong>τε</strong></span> 
     </span>
    </p>
   </div>
   <div class='ocr_carea' id='block_1_98' title="bbox 2194 3554 3841 3636">
    <p class='ocr_par' dir='ltr' id='par_1_98' title="bbox 2194 3554 3841 3636">
     <span class='ocr_line' id='line_1_99' title="bbox 2194 3554 3841 3636; baseline 0.001 -26"><span class='ocrx_word' id='word_1_640' title='bbox 2194 3554 2479 3627; x_wconf 82' lang='grc' dir='ltr'>πορίζουσι</span> <span class='ocrx_word' id='word_1_641' title='bbox 2534 3556 2622 3609; x_wconf 81' lang='grc' dir='ltr'><strong>καὶ</strong></span> <span class='ocrx_word' id='word_1_642' title='bbox 2666 3556 3049 3631; x_wconf 81' lang='grc' dir='ltr'>ποριζομένοις</span> <span class='ocrx_word' id='word_1_643' title='bbox 3107 3558 3358 3630; x_wconf 81' lang='grc' dir='ltr'>ἀθέσμως</span> <span class='ocrx_word' id='word_1_644' title='bbox 3417 3564 3523 3614; x_wconf 84' lang='grc' dir='ltr'><strong>τῶν</strong></span> <span class='ocrx_word' id='word_1_645' title='bbox 3583 3560 3841 3636; x_wconf 74' lang='grc' dir='ltr'>ἐσχάτων</span> 
     </span>
    </p>
   </div>
   <div class='ocr_carea' id='block_1_99' title="bbox 2195 3644 3847 3723">
    <p class='ocr_par' dir='ltr' id='par_1_99' title="bbox 2195 3644 3847 3723">
     <span class='ocr_line' id='line_1_100' title="bbox 2195 3644 3847 3723; baseline 0.003 -25"><span class='ocrx_word' id='word_1_646' title='bbox 2195 3645 2247 3699; x_wconf 72' lang='grc' dir='ltr'><strong>οἱ</strong></span> <span class='ocrx_word' id='word_1_647' title='bbox 2281 3644 2414 3720; x_wconf 88' lang='grc' dir='ltr'><strong>ἰεροί</strong></span> <span class='ocrx_word' id='word_1_648' title='bbox 2445 3648 2714 3717; x_wconf 78' lang='grc' dir='ltr'>τιμῷνται</span> <span class='ocrx_word' id='word_1_649' title='bbox 2744 3646 2986 3711; x_wconf 78' lang='grc' dir='ltr'>κανόνες,</span> <span class='ocrx_word' id='word_1_650' title='bbox 3015 3647 3144 3701; x_wconf 91' lang='grc' dir='ltr'>ποία</span> <span class='ocrx_word' id='word_1_651' title='bbox 3175 3649 3311 3719; x_wconf 82' lang='grc' dir='ltr'>ἡμῖν</span> <span class='ocrx_word' id='word_1_652' title='bbox 3358 3649 3634 3723; x_wconf 77' lang='grc' dir='ltr'>σωτηρίας</span> <span class='ocrx_word' id='word_1_653' title='bbox 3683 3650 3847 3713; x_wconf 75' lang='grc' dir='ltr'>ἐλπὶς</span> 
     </span>
    </p>
   </div>
   <div class='ocr_carea' id='block_1_100' title="bbox 2195 3731 3844 3811">
    <p class='ocr_par' dir='ltr' id='par_1_100' title="bbox 2195 3731 3844 3811">
     <span class='ocr_line' id='line_1_101' title="bbox 2195 3731 3844 3811; baseline 0.005 -26"><span class='ocrx_word' id='word_1_654' title='bbox 2195 3735 2271 3805; x_wconf 80' lang='grc' dir='ltr'>μὴ</span> <span class='ocrx_word' id='word_1_655' title='bbox 2322 3731 2706 3811; x_wconf 65' lang='grc' dir='ltr'>ἀφισταμένοις</span> <span class='ocrx_word' id='word_1_656' title='bbox 2752 3732 2841 3788; x_wconf 82' lang='grc' dir='ltr'>καὶ</span> <span class='ocrx_word' id='word_1_657' title='bbox 2898 3741 2997 3804; x_wconf 75' lang='grc' dir='ltr'>τῆς</span> <span class='ocrx_word' id='word_1_658' title='bbox 3060 3736 3238 3790; x_wconf 80' lang='grc' dir='ltr'>αὐτῶν</span> <span class='ocrx_word' id='word_1_659' title='bbox 3300 3737 3582 3801; x_wconf 87' lang='grc' dir='ltr'>κοινωνίας</span> <span class='ocrx_word' id='word_1_660' title='bbox 3635 3741 3844 3795; x_wconf 75' lang='grc' dir='ltr'>παντά-</span> 
     </span>
    </p>
   </div>
   <div class='ocr_carea' id='block_1_101' title="bbox 2191 3843 2394 3890">
    <p class='ocr_par' dir='ltr' id='par_1_101' title="bbox 2191 3843 2394 3890">
     <span class='ocr_line' id='line_1_102' title="bbox 2191 3843 2394 3890; baseline -0.015 -13"><span class='ocrx_word' id='word_1_661' title='bbox 2191 3843 2348 3877; x_wconf 84' lang='grc' dir='ltr'>πασιν</span> <span class='ocrx_word' id='word_1_662' title='bbox 2381 3843 2394 3890; x_wconf 88' lang='lat'><strong>;</strong></span> 
     </span>
    </p>
   </div>
   <div class='ocr_carea' id='block_1_102' title="bbox 2263 3906 3843 3987">
    <p class='ocr_par' dir='ltr' id='par_1_102' title="bbox 2263 3906 3843 3987">
     <span class='ocr_line' id='line_1_103' title="bbox 2263 3906 3843 3963; baseline 0.003 -32"><span class='ocrx_word' id='word_1_663' title='bbox 2263 3914 2319 3963; x_wconf 72' lang='grc' dir='ltr'>ιο</span> <span class='ocrx_word' id='word_1_664' title='bbox 2383 3908 2424 3926; x_wconf 56' lang='grc' dir='ltr'><strong>κε</strong></span> <span class='ocrx_word' id='word_1_665' title='bbox 2504 3906 2585 3942; x_wconf 64' lang='grc' dir='ltr'><strong>,Ρς</strong></span> <span class='ocrx_word' id='word_1_666' title='bbox 2693 3917 2720 3928; x_wconf 78' lang='lat'><strong><em>~</em></strong></span> <span class='ocrx_word' id='word_1_667' title='bbox 2871 3913 2882 3929; x_wconf 76' lang='grc' dir='ltr'><strong>ι</strong></span> <span class='ocrx_word' id='word_1_668' title='bbox 3237 3935 3250 3945; x_wconf 34' lang='grc' dir='ltr'>ι</span> <span class='ocrx_word' id='word_1_669' title='bbox 3350 3915 3361 3933; x_wconf 78' lang='lat'><strong><em>\</em></strong></span> <span class='ocrx_word' id='word_1_670' title='bbox 3598 3916 3610 3932; x_wconf 62' lang='grc' dir='ltr'><strong>ι</strong></span> <span class='ocrx_word' id='word_1_671' title='bbox 3757 3916 3770 3935; x_wconf 66' lang='grc' dir='ltr'><strong>ο</strong></span> <span class='ocrx_word' id='word_1_672' title='bbox 3829 3916 3843 3934; x_wconf 87' lang='lat'><strong><em>\</em></strong></span> 
     </span>
     <span class='ocr_line' id='line_1_104' title="bbox 2379 3914 3841 3987; baseline 0.005 -25"><span class='ocrx_word' id='word_1_673' title='bbox 2379 3929 2435 3963; x_wconf 91' lang='grc' dir='ltr'><strong>οε</strong></span> <span class='ocrx_word' id='word_1_674' title='bbox 2507 3933 2570 3964; x_wconf 74' lang='grc' dir='ltr'><strong>κο</strong></span> <span class='ocrx_word' id='word_1_675' title='bbox 2655 3931 2753 3979; x_wconf 65' lang='grc' dir='ltr'><strong>της</strong></span> <span class='ocrx_word' id='word_1_676' title='bbox 2843 3932 2867 3972; x_wconf 92' lang='grc' dir='ltr'><strong>ς</strong></span> <span class='ocrx_word' id='word_1_677' title='bbox 2937 3914 3163 3968; x_wconf 86' lang='grc' dir='ltr'>συνότου</span> <span class='ocrx_word' id='word_1_678' title='bbox 3240 3935 3434 3987; x_wconf 77' lang='grc' dir='ltr'>καεων,</span> <span class='ocrx_word' id='word_1_679' title='bbox 3519 3922 3661 3979; x_wconf 90' lang='grc' dir='ltr'>Τους</span> <span class='ocrx_word' id='word_1_680' title='bbox 3751 3939 3841 3972; x_wconf 86' lang='grc' dir='ltr'><strong>επι</strong></span> 
     </span>
    </p>
   </div>
   <div class='ocr_carea' id='block_1_103' title="bbox 2187 3999 3848 4079">
    <p class='ocr_par' dir='ltr' id='par_1_103' title="bbox 2187 3999 3848 4079">
     <span class='ocr_line' id='line_1_105' title="bbox 2187 3999 3848 4079; baseline 0.005 -28"><span class='ocrx_word' id='word_1_681' title='bbox 2187 3999 2439 4072; x_wconf 76' lang='grc' dir='ltr'>χρήμασι</span> <span class='ocrx_word' id='word_1_682' title='bbox 2527 3999 3064 4074; x_wconf 79' lang='grc' dir='ltr'>χειροτονουμένους,</span> <span class='ocrx_word' id='word_1_683' title='bbox 3152 4005 3306 4079; x_wconf 77' lang='grc' dir='ltr'>φησί,</span> <span class='ocrx_word' id='word_1_684' title='bbox 3412 4003 3515 4060; x_wconf 75' lang='grc' dir='ltr'>ε’ίτε</span> <span class='ocrx_word' id='word_1_685' title='bbox 3612 4005 3848 4062; x_wconf 78' lang='grc' dir='ltr'>ἐπισκό-</span> 
     </span>
    </p>
   </div>
   <div class='ocr_carea' id='block_1_104' title="bbox 3703 4095 3847 4149">
    <p class='ocr_par' dir='ltr' id='par_1_104' title="bbox 3703 4095 3847 4149">
     <span class='ocr_line' id='line_1_106' title="bbox 3703 4095 3847 4149; baseline 0 0"><span class='ocrx_word' id='word_1_686' title='bbox 3703 4095 3847 4149; x_wconf 70' lang='grc' dir='ltr'>κατὰ</span> 
     </span>
    </p>
   </div>
   <div class='ocr_carea' id='block_1_105' title="bbox 2187 4172 3845 4257">
    <p class='ocr_par' dir='ltr' id='par_1_105' title="bbox 2187 4172 3845 4257">
     <span class='ocr_line' id='line_1_107' title="bbox 2187 4172 3845 4257; baseline 0.008 -30"><span class='ocrx_word' id='word_1_687' title='bbox 2187 4172 2507 4247; x_wconf 74' lang='grc' dir='ltr'>δοκιμασίαν</span> <span class='ocrx_word' id='word_1_688' title='bbox 2567 4179 2656 4230; x_wconf 86' lang='grc' dir='ltr'><strong>καί</strong></span> <span class='ocrx_word' id='word_1_689' title='bbox 2720 4182 2817 4231; x_wconf 76' lang='grc' dir='ltr'><strong>τοῦ</strong></span> <span class='ocrx_word' id='word_1_690' title='bbox 2877 4178 3000 4252; x_wconf 86' lang='grc' dir='ltr'>βίου</span> <span class='ocrx_word' id='word_1_691' title='bbox 3051 4181 3261 4236; x_wconf 83' lang='grc' dir='ltr'>ἀστείαν</span> <span class='ocrx_word' id='word_1_692' title='bbox 3340 4181 3570 4257; x_wconf 74' lang='grc' dir='ltr'>α’ίρεσιν,</span> <span class='ocrx_word' id='word_1_693' title='bbox 3628 4184 3845 4247; x_wconf 83' lang='grc' dir='ltr'>αὐτούς</span> 
     </span>
    </p>
   </div>
   <div class='ocr_carea' id='block_1_106' title="bbox 2182 4264 3844 4347">
    <p class='ocr_par' dir='ltr' id='par_1_106' title="bbox 2182 4264 3844 4347">
     <span class='ocr_line' id='line_1_108' title="bbox 2182 4264 3844 4347; baseline 0.007 -30"><span class='ocrx_word' id='word_1_694' title='bbox 2182 4284 2241 4317; x_wconf 87' lang='grc' dir='ltr'><strong>τε</strong></span> <span class='ocrx_word' id='word_1_695' title='bbox 2288 4265 2377 4318; x_wconf 78' lang='grc' dir='ltr'><strong>καὶ</strong></span> <span class='ocrx_word' id='word_1_696' title='bbox 2424 4264 2551 4327; x_wconf 75' lang='grc' dir='ltr'>τοὺς</span> <span class='ocrx_word' id='word_1_697' title='bbox 2602 4270 3090 4342; x_wconf 77' lang='grc' dir='ltr'>χειροτονήσαντας</span> <span class='ocrx_word' id='word_1_698' title='bbox 3139 4273 3510 4345; x_wconf 84' lang='grc' dir='ltr'>καθαιρεῖσθαι</span> <span class='ocrx_word' id='word_1_699' title='bbox 3555 4276 3844 4347; x_wconf 70' lang='grc' dir='ltr'>προστάσ-</span> 
     </span>
    </p>
   </div>
   <div class='ocr_carea' id='block_1_107' title="bbox 2184 4373 2371 4426">
    <p class='ocr_par' dir='ltr' id='par_1_107' title="bbox 2184 4373 2371 4426">
     <span class='ocr_line' id='line_1_109' title="bbox 2184 4373 2371 4426; baseline -0.005 -18"><span class='ocrx_word' id='word_1_700' title='bbox 2184 4373 2244 4408; x_wconf 87' lang='grc' dir='ltr'><strong>σο</strong></span> <span class='ocrx_word' id='word_1_701' title='bbox 2254 4375 2371 4426; x_wconf 86' lang='grc' dir='ltr'>μεν.</span> 
     </span>
    </p>
   </div>
   <div class='ocr_carea' id='block_1_108' title="bbox 2186 4084 3616 4167">
    <p class='ocr_par' dir='ltr' id='par_1_108' title="bbox 2186 4084 3616 4167">
     <span class='ocr_line' id='line_1_110' title="bbox 2186 4084 3616 4167; baseline 0.006 -27"><span class='ocrx_word' id='word_1_702' title='bbox 2186 4107 2342 4155; x_wconf 86' lang='grc' dir='ltr'>πους,</span> <span class='ocrx_word' id='word_1_703' title='bbox 2402 4084 2512 4141; x_wconf 69' lang='grc' dir='ltr'>ε’ίτε</span> <span class='ocrx_word' id='word_1_704' title='bbox 2569 4087 2930 4158; x_wconf 65' lang='grc' dir='ltr'>οὶουσδήποτε</span> <span class='ocrx_word' id='word_1_705' title='bbox 3007 4089 3326 4167; x_wconf 71' lang='grc' dir='ltr'>κληρικοὺς,</span> <span class='ocrx_word' id='word_1_706' title='bbox 3387 4096 3475 4147; x_wconf 75' lang='grc' dir='ltr'><strong>καί</strong></span> <span class='ocrx_word' id='word_1_707' title='bbox 3553 4095 3616 4150; x_wconf 78' lang='grc' dir='ltr'>οὐ</span> 
     </span>
    </p>
   </div>
   <div class='ocr_carea' id='block_1_109' title="bbox 2253 4440 3847 4524">
    <p class='ocr_par' dir='ltr' id='par_1_109' title="bbox 2253 4440 3847 4524">
     <span class='ocr_line' id='line_1_111' title="bbox 2253 4440 3847 4524; baseline 0.007 -28"><span class='ocrx_word' id='word_1_708' title='bbox 2253 4444 2310 4496; x_wconf 79' lang='lat'><strong>&#39;0</strong></span> <span class='ocrx_word' id='word_1_709' title='bbox 2351 4440 2408 4496; x_wconf 76' lang='grc' dir='ltr'><strong>δὲ</strong></span> <span class='ocrx_word' id='word_1_710' title='bbox 2457 4445 2496 4497; x_wconf 89' lang='grc' dir='ltr'>ε’</span> <span class='ocrx_word' id='word_1_711' title='bbox 2553 4443 2729 4499; x_wconf 85' lang='grc' dir='ltr'>κανὼν</span> <span class='ocrx_word' id='word_1_712' title='bbox 2775 4450 2875 4514; x_wconf 77' lang='grc' dir='ltr'>τῆς</span> <span class='ocrx_word' id='word_1_713' title='bbox 2926 4447 2972 4515; x_wconf 85' lang='grc' dir='ltr'><strong>ζ’</strong></span> <span class='ocrx_word' id='word_1_714' title='bbox 3022 4445 3277 4515; x_wconf 80' lang='grc' dir='ltr'>συνόδου,</span> <span class='ocrx_word' id='word_1_715' title='bbox 3330 4448 3644 4524; x_wconf 81' lang='grc' dir='ltr'>σύμπαντας</span> <span class='ocrx_word' id='word_1_716' title='bbox 3702 4451 3847 4513; x_wconf 73' lang='grc' dir='ltr'>τοὺς</span> 
     </span>
    </p>
   </div>
   <div class='ocr_carea' id='block_1_110' title="bbox 2183 4530 3849 4615">
    <p class='ocr_par' dir='ltr' id='par_1_110' title="bbox 2183 4530 3849 4615">
     <span class='ocr_line' id='line_1_112' title="bbox 2183 4530 3849 4615; baseline 0.007 -32"><span class='ocrx_word' id='word_1_717' title='bbox 2183 4530 2441 4605; x_wconf 65' lang='grc' dir='ltr'>ῥηθέντας</span> <span class='ocrx_word' id='word_1_718' title='bbox 2500 4534 2727 4594; x_wconf 83' lang='grc' dir='ltr'>κανόνας</span> <span class='ocrx_word' id='word_1_719' title='bbox 2786 4532 3019 4605; x_wconf 79' lang='grc' dir='ltr'>διεξιὼν,</span> <span class='ocrx_word' id='word_1_720' title='bbox 3096 4538 3186 4592; x_wconf 88' lang='grc' dir='ltr'><strong>καὶ</strong></span> <span class='ocrx_word' id='word_1_721' title='bbox 3272 4539 3323 4592; x_wconf 84' lang='grc' dir='ltr'>ἐν</span> <span class='ocrx_word' id='word_1_722' title='bbox 3405 4538 3577 4594; x_wconf 73' lang='grc' dir='ltr'>καλοῦ</span> <span class='ocrx_word' id='word_1_723' title='bbox 3666 4542 3849 4615; x_wconf 78' lang='grc' dir='ltr'>μοίρᾳ</span> 
     </span>
    </p>
   </div>
   <div class='ocr_carea' id='block_1_111' title="bbox 2979 4625 3849 4698">
    <p class='ocr_par' dir='ltr' id='par_1_111' title="bbox 2979 4625 3849 4698">
     <span class='ocr_line' id='line_1_113' title="bbox 2979 4625 3849 4698; baseline 0.006 -19"><span class='ocrx_word' id='word_1_724' title='bbox 2979 4629 3078 4689; x_wconf 75' lang='grc' dir='ltr'>τῆς</span> <span class='ocrx_word' id='word_1_725' title='bbox 3165 4626 3489 4698; x_wconf 84' lang='grc' dir='ltr'>Ἐκκλησίας</span> <span class='ocrx_word' id='word_1_726' title='bbox 3573 4625 3849 4684; x_wconf 82' lang='grc' dir='ltr'>δεδόσθαι</span> 
     </span>
    </p>
   </div>
   <div class='ocr_carea' id='block_1_112' title="bbox 2180 4706 3844 4794">
    <p class='ocr_par' dir='ltr' id='par_1_112' title="bbox 2180 4706 3844 4794">
     <span class='ocr_line' id='line_1_114' title="bbox 2180 4706 3844 4794; baseline 0.007 -33"><span class='ocrx_word' id='word_1_727' title='bbox 2180 4706 2432 4780; x_wconf 84' lang='grc' dir='ltr'>νομίσας,</span> <span class='ocrx_word' id='word_1_728' title='bbox 2490 4712 2559 4783; x_wconf 78' lang='grc' dir='ltr'>τῇ</span> <span class='ocrx_word' id='word_1_729' title='bbox 2641 4711 2855 4766; x_wconf 81' lang='grc' dir='ltr'>ἐκείνων</span> <span class='ocrx_word' id='word_1_730' title='bbox 2920 4713 3092 4787; x_wconf 85' lang='grc' dir='ltr'>κρίσει</span> <span class='ocrx_word' id='word_1_731' title='bbox 3177 4715 3267 4769; x_wconf 84' lang='grc' dir='ltr'><strong>καὶ</strong></span> <span class='ocrx_word' id='word_1_732' title='bbox 3343 4714 3499 4779; x_wconf 78' lang='grc' dir='ltr'>οὗτος</span> <span class='ocrx_word' id='word_1_733' title='bbox 3556 4714 3844 4794; x_wconf 78' lang='grc' dir='ltr'>ἐπιψηφί-</span> 
     </span>
    </p>
   </div>
   <div class='ocr_carea' id='block_1_113' title="bbox 2180 4803 2347 4866">
    <p class='ocr_par' dir='ltr' id='par_1_113' title="bbox 2180 4803 2347 4866">
     <span class='ocr_line' id='line_1_115' title="bbox 2180 4803 2347 4866; baseline 0.024 -15"><span class='ocrx_word' id='word_1_734' title='bbox 2180 4803 2347 4866; x_wconf 81' lang='grc' dir='ltr'>ζεται.</span> 
     </span>
    </p>
   </div>
   <div class='ocr_carea' id='block_1_114' title="bbox 2249 4884 3845 4967">
    <p class='ocr_par' dir='ltr' id='par_1_114' title="bbox 2249 4884 3845 4967">
     <span class='ocr_line' id='line_1_116' title="bbox 2249 4884 3803 4943; baseline 0.006 -40"><span class='ocrx_word' id='word_1_735' title='bbox 2249 4888 2310 4943; x_wconf 80' lang='lat'><strong>.0</strong></span> <span class='ocrx_word' id='word_1_736' title='bbox 2380 4884 2430 4918; x_wconf 47' lang='lat' dir='ltr'><strong>et;</strong></span> <span class='ocrx_word' id='word_1_737' title='bbox 2536 4887 2561 4919; x_wconf 50' lang='grc' dir='ltr'><strong>,ι</strong></span> <span class='ocrx_word' id='word_1_738' title='bbox 2640 4909 2661 4921; x_wconf 46' lang='grc' dir='ltr'><strong><em>ρ</em></strong></span> <span class='ocrx_word' id='word_1_739' title='bbox 2836 4890 2848 4909; x_wconf 68' lang='grc' dir='ltr'><strong><em>ρ</em></strong></span> <span class='ocrx_word' id='word_1_740' title='bbox 2892 4912 2911 4921; x_wconf 89' lang='lat'><strong>_</strong></span> <span class='ocrx_word' id='word_1_741' title='bbox 3098 4892 3145 4923; x_wconf 70' lang='lat'><strong>_.</strong></span> <span class='ocrx_word' id='word_1_742' title='bbox 3318 4895 3328 4909; x_wconf 82' lang='lat'><strong>.</strong></span> <span class='ocrx_word' id='word_1_743' title='bbox 3468 4896 3481 4912; x_wconf 63' lang='grc' dir='ltr'>τ</span> <span class='ocrx_word' id='word_1_744' title='bbox 3538 4895 3551 4914; x_wconf 85' lang='grc'><strong>.</strong></span> <span class='ocrx_word' id='word_1_745' title='bbox 3633 4894 3649 4914; x_wconf 68' lang='grc' dir='ltr'><strong>ο</strong></span> <span class='ocrx_word' id='word_1_746' title='bbox 3789 4898 3803 4912; x_wconf 79' lang='lat'><strong>.</strong></span> 
     </span>
     <span class='ocr_line' id='line_1_117' title="bbox 2377 4890 3845 4967; baseline 0.007 -27"><span class='ocrx_word' id='word_1_747' title='bbox 2377 4907 2433 4941; x_wconf 72' lang='lat' dir='ltr'><strong>Oc.</strong></span> <span class='ocrx_word' id='word_1_748' title='bbox 2494 4909 2658 4963; x_wconf 66' lang='grc' dir='ltr'>μιγας</span> <span class='ocrx_word' id='word_1_749' title='bbox 2722 4890 3000 4965; x_wconf 72' lang='grc' dir='ltr'>βασιλεως</span> <span class='ocrx_word' id='word_1_750' title='bbox 3051 4914 3185 4967; x_wconf 67' lang='grc' dir='ltr'>προς</span> <span class='ocrx_word' id='word_1_751' title='bbox 3249 4915 3376 4956; x_wconf 90' lang='grc' dir='ltr'>τους</span> <span class='ocrx_word' id='word_1_752' title='bbox 3463 4916 3533 4950; x_wconf 90' lang='grc' dir='ltr'><strong>υπ</strong></span> <span class='ocrx_word' id='word_1_753' title='bbox 3632 4916 3845 4951; x_wconf 78' lang='grc' dir='ltr'>εαυτον</span> 
     </span>
    </p>
   </div>
   <div class='ocr_carea' id='block_1_115' title="bbox 2176 4973 3847 5062">
    <p class='ocr_par' dir='ltr' id='par_1_115' title="bbox 2176 4973 3847 5062">
     <span class='ocr_line' id='line_1_118' title="bbox 2176 4973 3847 5062; baseline 0.005 -33"><span class='ocrx_word' id='word_1_754' title='bbox 2176 4973 2504 5037; x_wconf 78' lang='grc' dir='ltr'>ἐπισκόπους</span> <span class='ocrx_word' id='word_1_755' title='bbox 2551 4978 2788 5054; x_wconf 63' lang='grc' dir='ltr'>γρίφων,</span> <span class='ocrx_word' id='word_1_756' title='bbox 2841 4979 2979 5036; x_wconf 81' lang='grc' dir='ltr'>ὥστε</span> <span class='ocrx_word' id='word_1_757' title='bbox 3031 4983 3106 5054; x_wconf 75' lang='grc' dir='ltr'>μὴ</span> <span class='ocrx_word' id='word_1_758' title='bbox 3157 4988 3488 5057; x_wconf 85' lang='grc' dir='ltr'>χειροτονεῖν</span> <span class='ocrx_word' id='word_1_759' title='bbox 3541 4982 3625 5038; x_wconf 78' lang='grc' dir='ltr'><strong>ἐπὶ</strong></span> <span class='ocrx_word' id='word_1_760' title='bbox 3685 4988 3847 5062; x_wconf 75' lang='grc' dir='ltr'>χρή-</span> 
     </span>
    </p>
   </div>
   <div class='ocr_carea' id='block_1_116' title="bbox 2180 5065 3845 5149">
    <p class='ocr_par' dir='ltr' id='par_1_116' title="bbox 2180 5065 3845 5149">
     <span class='ocr_line' id='line_1_119' title="bbox 2180 5065 3845 5149; baseline 0.008 -33"><span class='ocrx_word' id='word_1_761' title='bbox 2180 5085 2329 5136; x_wconf 74' lang='grc' dir='ltr'>μασι,</span> <span class='ocrx_word' id='word_1_762' title='bbox 2367 5065 2500 5137; x_wconf 81' lang='grc' dir='ltr'>μετᾶ</span> <span class='ocrx_word' id='word_1_763' title='bbox 2554 5071 2661 5121; x_wconf 82' lang='grc' dir='ltr'><strong>τῶν</strong></span> <span class='ocrx_word' id='word_1_764' title='bbox 2709 5066 2895 5124; x_wconf 77' lang='grc' dir='ltr'>ἄλλῶν</span> <span class='ocrx_word' id='word_1_765' title='bbox 2926 5069 3017 5125; x_wconf 84' lang='grc' dir='ltr'><strong>καὶ</strong></span> <span class='ocrx_word' id='word_1_766' title='bbox 3075 5073 3242 5126; x_wconf 75' lang='grc' dir='ltr'>ταῦτά</span> <span class='ocrx_word' id='word_1_767' title='bbox 3289 5094 3420 5149; x_wconf 73' lang='grc' dir='ltr'>φησι</span> <span class='ocrx_word' id='word_1_768' title='bbox 3456 5092 3467 5104; x_wconf 90' lang='grc'><strong>·</strong></span> <span class='ocrx_word' id='word_1_769' title='bbox 3512 5074 3845 5145; x_wconf 81' lang='grc' dir='ltr'>Νομίζουσί</span> 
     </span>
    </p>
   </div>
   <div class='ocr_carea' id='block_1_117' title="bbox 2172 5155 3845 5236">
    <p class='ocr_par' dir='ltr' id='par_1_117' title="bbox 2172 5155 3845 5236">
     <span class='ocr_line' id='line_1_120' title="bbox 2172 5155 3845 5236; baseline 0.008 -29"><span class='ocrx_word' id='word_1_770' title='bbox 2172 5174 2313 5215; x_wconf 83' lang='grc' dir='ltr'>τινες</span> <span class='ocrx_word' id='word_1_771' title='bbox 2358 5156 2433 5225; x_wconf 74' lang='grc' dir='ltr'>μὴ</span> <span class='ocrx_word' id='word_1_772' title='bbox 2493 5155 2840 5228; x_wconf 71' lang='grc' dir='ltr'>ἁμαρτάνειν,</span> <span class='ocrx_word' id='word_1_773' title='bbox 2890 5163 2971 5231; x_wconf 79' lang='grc' dir='ltr'>τῷ</span> <span class='ocrx_word' id='word_1_774' title='bbox 3005 5160 3080 5232; x_wconf 85' lang='grc' dir='ltr'>μή</span> <span class='ocrx_word' id='word_1_775' title='bbox 3115 5162 3228 5233; x_wconf 77' lang='grc' dir='ltr'>ἅμα</span> <span class='ocrx_word' id='word_1_776' title='bbox 3286 5158 3609 5236; x_wconf 66' lang='grc' dir='ltr'>λαμϐάνειν,</span> <span class='ocrx_word' id='word_1_777' title='bbox 3675 5162 3845 5220; x_wconf 80' lang='grc' dir='ltr'><strong>ἀλλᾶ</strong></span> 
     </span>
    </p>
   </div>
   <div class='ocr_carea' id='block_1_118' title="bbox 2177 5242 3843 5322">
    <p class='ocr_par' dir='ltr' id='par_1_118' title="bbox 2177 5242 3843 5322">
     <span class='ocr_line' id='line_1_121' title="bbox 2177 5242 3843 5322; baseline 0.008 -27"><span class='ocrx_word' id='word_1_778' title='bbox 2177 5242 2313 5314; x_wconf 80' lang='grc' dir='ltr'>μετᾶ</span> <span class='ocrx_word' id='word_1_779' title='bbox 2343 5243 2440 5309; x_wconf 73' lang='grc' dir='ltr'>τὴν</span> <span class='ocrx_word' id='word_1_780' title='bbox 2499 5245 2841 5318; x_wconf 84' lang='grc' dir='ltr'>χειροτονίαν</span> <span class='ocrx_word' id='word_1_781' title='bbox 2876 5265 2888 5278; x_wconf 80' lang='grc'><strong><em>⁸</em></strong></span> <span class='ocrx_word' id='word_1_782' title='bbox 2936 5245 3120 5303; x_wconf 82' lang='grc' dir='ltr'>λαϐεῖν</span> <span class='ocrx_word' id='word_1_783' title='bbox 3182 5248 3238 5303; x_wconf 83' lang='grc' dir='ltr'>δέ</span> <span class='ocrx_word' id='word_1_784' title='bbox 3277 5249 3387 5306; x_wconf 80' lang='grc' dir='ltr'>ἐστι</span> <span class='ocrx_word' id='word_1_785' title='bbox 3416 5252 3478 5305; x_wconf 86' lang='grc' dir='ltr'>τὸ</span> <span class='ocrx_word' id='word_1_786' title='bbox 3518 5249 3843 5322; x_wconf 80' lang='grc' dir='ltr'>ὁτεδήποτε</span> 
     </span>
    </p>
   </div>
   <div class='ocr_carea' id='block_1_119' title="bbox 2172 5324 3842 5413">
    <p class='ocr_par' dir='ltr' id='par_1_119' title="bbox 2172 5324 3842 5413">
     <span class='ocr_line' id='line_1_122' title="bbox 2172 5324 3842 5413; baseline 0.009 -30"><span class='ocrx_word' id='word_1_787' title='bbox 2172 5324 2377 5385; x_wconf 79' lang='grc' dir='ltr'>καϐεῑν.</span> <span class='ocrx_word' id='word_1_788' title='bbox 2417 5332 2719 5392; x_wconf 65' lang='grc' dir='ltr'>Παρακαλῶ</span> <span class='ocrx_word' id='word_1_789' title='bbox 2769 5335 2883 5404; x_wconf 78' lang='grc' dir='ltr'>οὖν,</span> <span class='ocrx_word' id='word_1_790' title='bbox 2917 5336 3118 5409; x_wconf 86' lang='grc' dir='ltr'>ταύτην</span> <span class='ocrx_word' id='word_1_791' title='bbox 3173 5340 3273 5409; x_wconf 76' lang='grc' dir='ltr'>τήν</span> <span class='ocrx_word' id='word_1_792' title='bbox 3330 5337 3617 5413; x_wconf 82' lang='grc' dir='ltr'>πρόσοδον,</span> <span class='ocrx_word' id='word_1_793' title='bbox 3678 5342 3842 5413; x_wconf 78' lang='grc' dir='ltr'><strong>μᾶλο</strong></span> 
     </span>
    </p>
   </div>
   <div class='ocr_carea' id='block_1_120' title="bbox 2175 5417 3839 5502">
    <p class='ocr_par' dir='ltr' id='par_1_120' title="bbox 2175 5417 3839 5502">
     <span class='ocr_line' id='line_1_123' title="bbox 2175 5417 3839 5502; baseline 0.008 -28"><span class='ocrx_word' id='word_1_794' title='bbox 2175 5420 2268 5474; x_wconf 90' lang='grc' dir='ltr'><strong>λον</strong></span> <span class='ocrx_word' id='word_1_795' title='bbox 2304 5417 2360 5472; x_wconf 76' lang='grc' dir='ltr'><strong>δὲ</strong></span> <span class='ocrx_word' id='word_1_796' title='bbox 2414 5422 2513 5489; x_wconf 68' lang='grc' dir='ltr'>τήν</span> <span class='ocrx_word' id='word_1_797' title='bbox 2568 5428 2930 5500; x_wconf 66' lang='grc' dir='ltr'>προσαγωγὴν</span> <span class='ocrx_word' id='word_1_798' title='bbox 2981 5429 3081 5496; x_wconf 76' lang='grc' dir='ltr'><strong>τὴν</strong></span> <span class='ocrx_word' id='word_1_799' title='bbox 3138 5426 3227 5481; x_wconf 72' lang='grc' dir='ltr'><strong>ἐπί</strong></span> <span class='ocrx_word' id='word_1_800' title='bbox 3285 5428 3497 5502; x_wconf 83' lang='grc' dir='ltr'>γέενναν</span> <span class='ocrx_word' id='word_1_801' title='bbox 3526 5428 3839 5500; x_wconf 81' lang='grc' dir='ltr'>ἀπόθεσθε,</span> 
     </span>
    </p>
   </div>
   <div class='ocr_carea' id='block_1_121' title="bbox 2171 5507 3841 5592">
    <p class='ocr_par' dir='ltr' id='par_1_121' title="bbox 2171 5507 3841 5592">
     <span class='ocr_line' id='line_1_124' title="bbox 2171 5507 3841 5592; baseline 0.007 -31"><span class='ocrx_word' id='word_1_802' title='bbox 2171 5507 2260 5561; x_wconf 86' lang='grc' dir='ltr'><strong>καὶ</strong></span> <span class='ocrx_word' id='word_1_803' title='bbox 2303 5510 2379 5581; x_wconf 79' lang='grc' dir='ltr'>μή</span> <span class='ocrx_word' id='word_1_804' title='bbox 2411 5510 2504 5570; x_wconf 79' lang='grc' dir='ltr'><strong>τὰς</strong></span> <span class='ocrx_word' id='word_1_805' title='bbox 2535 5517 2721 5586; x_wconf 81' lang='grc' dir='ltr'>χεῖρας</span> <span class='ocrx_word' id='word_1_806' title='bbox 2759 5514 3087 5586; x_wconf 70' lang='grc' dir='ltr'>μολύνιντες</span> <span class='ocrx_word' id='word_1_807' title='bbox 3116 5521 3233 5581; x_wconf 87' lang='grc' dir='ltr'>τοῖς</span> <span class='ocrx_word' id='word_1_808' title='bbox 3259 5518 3527 5580; x_wconf 88' lang='grc' dir='ltr'>τοιούτοις</span> <span class='ocrx_word' id='word_1_809' title='bbox 3578 5516 3650 5588; x_wconf 78' lang='grc' dir='ltr'>λή</span> <span class='ocrx_word' id='word_1_810' title='bbox 3666 5541 3841 5592; x_wconf 80' lang='grc' dir='ltr'>μμα-</span> 
     </span>
    </p>
   </div>
   <div class='ocr_carea' id='block_1_122' title="bbox 2169 5597 3839 5686">
    <p class='ocr_par' dir='ltr' id='par_1_122' title="bbox 2169 5597 3839 5686">
     <span class='ocr_line' id='line_1_125' title="bbox 2169 5597 3839 5686; baseline 0.01 -37"><span class='ocrx_word' id='word_1_811' title='bbox 2169 5619 2273 5665; x_wconf 86' lang='grc' dir='ltr'>σιν,</span> <span class='ocrx_word' id='word_1_812' title='bbox 2334 5597 2555 5662; x_wconf 71' lang='grc' dir='ltr'>ἑαυτοὺς</span> <span class='ocrx_word' id='word_1_813' title='bbox 2600 5601 2842 5675; x_wconf 79' lang='grc' dir='ltr'>ἀναξίους</span> <span class='ocrx_word' id='word_1_814' title='bbox 2887 5607 3153 5675; x_wconf 74' lang='grc' dir='ltr'>ποιήσητε</span> <span class='ocrx_word' id='word_1_815' title='bbox 3201 5611 3298 5662; x_wconf 78' lang='grc' dir='ltr'>τοῦ</span> <span class='ocrx_word' id='word_1_816' title='bbox 3360 5606 3623 5663; x_wconf 78' lang='grc' dir='ltr'>ἐπιτελεῖν</span> <span class='ocrx_word' id='word_1_817' title='bbox 3688 5607 3839 5686; x_wconf 79' lang='grc' dir='ltr'>ἅγια</span> 
     </span>
    </p>
   </div>
   <div class='ocr_carea' id='block_1_123' title="bbox 2171 5688 2463 5762">
    <p class='ocr_par' dir='ltr' id='par_1_123' title="bbox 2171 5688 2463 5762">
     <span class='ocr_line' id='line_1_126' title="bbox 2171 5688 2463 5762; baseline 0.021 -22"><span class='ocrx_word' id='word_1_818' title='bbox 2171 5688 2463 5762; x_wconf 80' lang='grc' dir='ltr'>μυστήρια.</span> 
     </span>
    </p>
   </div>
  </div>
