4092 6300
233 378 332 440 205

1237 366 1660 430 SYNTAGMA
1706 369 2356 435 ALPHABETICUM.
2403 405 2478 416 —
2520 372 2594 432 X.

3502 371 3620 432 206

293 513 356 564 Ἡ
405 505 464 562 δε
510 503 807 580 ἐγκύκλιος
855 499 1118 569 ἐπιστολή
1170 497 1462 555 Γενναδίου
1519 500 1896 574 πατριάρχου¹

2048 504 2306 576 Epistola
2354 508 2550 560 autem
2596 501 2888 576 encyclios
2941 501 3228 561 Gennadii
3275 499 3620 574 patriarcha

230 591 852 653 Κωνσταντινουπόλεως
881 591 1015 665 πρός
1064 610 1126 666 γε
1155 594 1272 652 τοῖς
1318 587 1518 649 ἄλλοις
1568 589 1654 642 καὶ
1700 593 1867 643 ταῦτα

228 686 470 760 περιέχει
505 703 519 716 ⁸
573 684 756 740 ’Έστω
823 679 1004 736 τοίνυν
1082 679 1174 734 καὶ
1244 677 1384 734 ἔστιν
1459 676 1866 749 ἀποκηρυκτος,

227 775 315 831 καὶ
362 775 543 844 πάσης
589 773 871 848 ἱερατικῆς
919 769 1064 840 ἀξίας
1121 789 1178 823 τε
1232 768 1324 822 καὶ
1370 765 1715 842 λειτουργίας
1769 765 1868 822 ἀλ-

227 863 471 940 λότριος,
521 862 610 918 καὶ
661 865 730 934 τῇ
777 857 985 932 κατάρᾳ
1038 855 1135 914 τοῦ
1193 855 1524 930 ἀναθεματος
1588 857 1872 930 ὑποκείμε-

221 975 339 1022 νος,
398 951 430 1007 6'
485 973 543 1007 τε
597 950 824 1005 κτᾶσθαι
875 949 974 1018 τήν
1051 945 1348 1021 ἱερωσύνην
1407 944 1496 1002 διὰ
1569 947 1872 1023 χρημάτων

225 1044 504 1115 οἰόμενος,
561 1039 655 1095 καὶ
725 1040 755 1094 ὁ
811 1037 1010 1107 ταύτην
1086 1037 1348 1112 παρεχειν
1425 1035 1514 1092 ἐπὶ
1589 1039 1872 1112 χρήμασιν

225 1131 699 1207 ὑπισχνούμενος,
733 1127 846 1184 ε’ίτε
895 1126 1183 1203 κληρικὸς,
1215 1124 1322 1182 ε’ίτε
1372 1126 1563 1188 λαϊκὸς
1609 1125 1745 1196 ε’ίηη
1775 1125 1871 1181 κᾶν

225 1221 554 1299 ἐλέγχηται,
614 1219 711 1273 κᾶν
767 1219 846 1290 μή
904 1215 1202 1290 ἐλέγχηται
1257 1219 1418 1270 τοῦτο
1474 1217 1732 1286 ποιήσας.
1791 1216 1872 1271 Οὐ

221 1312 334 1388 γὰρ
393 1308 512 1364 οἶόν
568 1329 628 1362 τε
693 1301 970 1380 συμϐῆναί
1043 1325 1178 1361 ποτε
1227 1305 1295 1360 τὰ
1371 1300 1680 1378 άσύμϐατα,
1744 1301 1872 1359 οὐδὲ

223 1403 348 1470 Θεῷ
423 1401 792 1472 συμφωνῆσαι
845 1395 936 1450 τὸν
1009 1397 1305 1466 Μαμωνᾶν,
1383 1392 1418 1462 ἢ
1497 1397 1622 1454 τοὺς
1696 1392 1876 1463 τούτῳ

224 1485 588 1545 ὂευλεύοντας
648 1479 938 1538 δουλεῦσαι
995 1485 1111 1554 Θεῷ
1142 1499 1157 1514 ⁸
1219 1477 1512 1551 δεσποτική
1571 1481 1664 1536 καὶ
1738 1479 1874 1550 αὕτη

224 1575 505 1652 ἀπόφασις
535 1569 940 1650 ἀναμφίλεκτος
970 1593 982 1606 ·
1018 1596 1047 1624 u
1079 1570 1154 1626 Οὐ
1197 1569 1422 1626 δύνασθε
1451 1574 1567 1642 Θεῷ
1598 1567 1876 1625 δουλεύειν

230 1665 326 1721 καὶ
362 1666 625 1738 μαμωνᾷ.
658 1685 688 1714 ››

303 1757 366 1810 Ἦ
421 1749 483 1807 δὲ
527 1754 628 1807 τοῦ
677 1746 731 1805 ὲν
783 1749 964 1824 ἁγίοις
1012 1748 1298 1823 Ταρασίου,
1342 1747 1689 1824 πατριάρχου
1740 1755 1882 1804 Κων-

234 1839 771 1908 σταντινουπόλεως,
827 1839 964 1914 πρὸς
1021 1835 1308 1912 ’Δδριανὸν
1377 1836 1597 1893 πάππαν
1657 1836 1878 1909 Ῥώμης

233 1934 522 2002 σταλεῖσα,
585 1929 961 2006 Φορητότερος
1023 1928 1236 2002 μᾶλλόν
1296 1931 1430 2000 εστι,
1489 1929 1645 2006 φησὶ,
1706 1935 1880 1984 Μακε-

235 2025 444 2094 δόνιος,
475 2025 570 2079 καὶ
620 2025 656 2093 ἡ
685 2027 790 2078 τῶν
841 2022 976 2098 ἀμφ’
1007 2021 1176 2076 αὐτὸκ
1225 2019 1709 2094 Πνευματομάχων
1761 2017 1883 2074 δυσ·
1939 2029 1944 2031 ’

236 2111 400 2184 σεϐἡς
459 2111 694 2186 α’ίρεσις,
771 2113 806 2180 ἢ
885 2111 938 2164 οἱ
993 2111 1316 2183 πιπράσκειν
1387 2107 1705 2181 τολμῶντες
1781 2109 1882 2178 τήν

239 2205 399 2279 χάριν
443 2205 546 2256 τοῦ
594 2200 752 2274 ἁγίου
801 2197 1138 2273 Πνεύματος.
1186 2199 1420 2254 Ἐκεῖνοι
1473 2199 1568 2272 μὲν
1628 2199 1728 2274 γάρ
1772 2197 1886 2253 κτί-

246 2314 348 2365 σμα
408 2293 502 2346 καὶ
565 2287 767 2344 δοῦλον
822 2291 920 2343 τοῦ
987 2291 1122 2343 Θεοῦ
1176 2289 1267 2342 καὶ
1329 2288 1536 2362 Πατρὸς
1613 2287 1675 2342 τὸ
1731 2281 1886 2361 ἅγιον

250 2386 460 2454 ῠνεῦμα
509 2375 864 2452 ληρωδοῦσιν
900 2396 912 2407 ⁸
966 2374 1115 2432 οῦτοι
1149 2373 1205 2430 δὲ
1248 2375 1474 2444 ἑαυτῶν,
1507 2378 1582 2437 ὼς
1636 2372 1884 2446 δοκοῦσι,

256 2467 444 2525 δοῦλον
506 2469 644 2522 αὐτὸ
701 2471 976 2522 ποιοῦσιν.
1035 2466 1096 2522 Ὀ
1155 2466 1260 2540 γάρ
1314 2486 1365 2520 τι
1433 2464 1754 2539 πιπράσκων
1811 2464 1887 2526 ὡς

261 2557 518 2629 δεσπότης
581 2555 746 2610 αὐτοῦ
803 2556 1141 2629 πιπράσκει·
1203 2554 1294 2608 καὶ
1351 2555 1379 2608 ὁ
1438 2553 1745 2629 ἀγοράζων,
1804 2551 1890 2609 δε-

261 2650 453 2719 σπότης
487 2645 628 2702 εἶναι
679 2642 1018 2720 βουλόμενος
1054 2647 1151 2698 τοῦ
1199 2643 1578 2714 ἐξωνηθὲντος,
1627 2642 1892 2718 ἀργυρίου

255 2742 410 2792 τοῦτο
453 2742 648 2792 κτᾶται
696 2739 888 2806 τιμῆς.
926 2733 1256 2808 Προστίθησι
1308 2728 1365 2787 δὲ
1393 2731 1482 2788 καὶ
1532 2732 1608 2795 ὡς
1657 2730 1892 2806 ἐφάμιλ-

251 2830 343 2884 λον
375 2828 445 2882 τὸ
493 2825 706 2881 τούτων
763 2821 1065 2898 ἁμάρτημα
1117 2825 1197 2894 τῷ
1223 2826 1320 2876 τοῦ
1377 2817 1648 2896 προδοτου
1694 2817 1892 2889 Ἰούδα,

247 2916 458 2973 οὕτωσὶ
521 2910 966 2988 συλλογιζομὲνη
1001 2929 1014 2944 ⁸
1076 2909 1141 2966 Εἴ
1165 2911 1265 2985 γάρ
1324 2909 1622 2983 ὁμοούσιον
1659 2907 1737 2982 τῷ
1785 2909 1896 2981 Υἱῷ

243 3008 311 3062 τὸ
369 3003 598 3076 Πνεῦμά
653 3000 764 3056 ἐστι
814 3001 907 3055 καὶ
967 2998 1242 3074 ὁμότιρον,
1305 2997 1678 3073 κατακρίνεται
1737 2994 1794 3053 δὲ
1867 2997 1896 3052 ὁ

245 3091 490 3160 Ἰούδας,
544 3091 641 3146 τὸο
709 3089 832 3146 Υιὸν
909 3085 1252 3162 ἀποδόμενος
1325 3087 1612 3164 ἀργυρίου,
1687 3084 1894 3162 ἀνάγκη

1973 593 2610 666 Constantinopolitani
2677 597 2886 665 praeter
2932 591 3048 648 alia
3093 591 3216 649 haec
3275 591 3490 648 habet:
3539 590 3625 646 Sit

1972 701 2105 755 ergo
2145 690 2199 738 et
2229 690 2314 740 est
2346 684 2419 740 ab
2448 681 2606 740 omni
2639 681 2982 738 sacerdotali
3016 681 3299 755 dignitate
3345 685 3405 738 et
3447 679 3623 737 mini-

1974 771 2148 829 sterio
2179 772 2427 840 alienus,
2458 776 2515 828 et
2561 770 2950 829 anathematis
2995 769 3379 827 exsecrationi
3421 769 3624 840 subje-

1975 867 2123 928 ctus,
2157 861 2260 934 qui
2315 878 2380 918 se
2424 877 2522 934 per
2578 859 2852 933 pecunias
2900 859 3292 918 sacerdotium
3329 859 3628 932 acquirere

1975 949 2290 1022 existimat,
2346 958 2518 1023 atque
2546 951 2647 1022 qui
2695 951 2752 1007 id
2803 949 3069 1022 pecuniis
3099 949 3350 1022 prabere
3388 947 3624 1022 pollice-

1977 1045 2091 1110 tur,
2146 1043 2265 1098 sive
2337 1040 2600 1108 clericus,
2661 1039 2784 1096 sive
2837 1039 3023 1098 laicus
3089 1038 3282 1106 fuerit,
3339 1040 3462 1094 sive
3516 1038 3626 1095 hoc

1978 1130 2167 1186 facere
2243 1129 2638 1196 convincatur,
2697 1129 2818 1184 sive
2898 1145 3033 1184 non.
3093 1127 3240 1191 Quia
3313 1125 3437 1183 ﬁeri
3509 1141 3628 1183 non

1980 1223 2166 1291 potest
2195 1226 2256 1274 ut
2285 1217 2754 1274 inconvenientia
2783 1215 3150 1284 conveniant,
3179 1213 3268 1272 vel
3290 1229 3628 1271 mammona

1979 1309 2097 1366 Deo
2133 1310 2476 1380 consentiat,
2507 1309 2592 1366 vel
2624 1309 2724 1381 qui
2777 1307 2827 1364 ei
2871 1307 3152 1377 serviunt,
3200 1306 3318 1363 Deo
3347 1305 3625 1364 serviant.

1980 1398 2210 1455 Domini
2239 1403 2332 1456 est
2387 1399 2694 1466 sententia,
2735 1397 2829 1454 cui
2860 1397 3180 1454 contradici
3243 1411 3357 1453 non
3388 1397 3624 1469 potest;

1983 1509 2014 1538 α
2045 1487 2171 1546 Non
2203 1488 2442 1562 potestis
2471 1487 2689 1544 servire
2710 1486 2826 1544 Deo
2855 1490 2912 1543 et
2939 1500 3308 1542 mammona.
3350 1505 3382 1536 »

2062 1758 2317 1832 Epistola
2380 1775 2514 1817 vero
2561 1759 2747 1816 sancti
2805 1759 3052 1827 Tarasii,
3103 1757 3445 1830 patriarcha
3487 1759 3636 1815 Con-

1914 1847 2518 1933 Bstantinopolitani,
2572 1849 2645 1904 ad
2703 1847 3028 1906 Adrianum
3104 1863 3316 1920 papam
3383 1847 3560 1905 missa
3619 1863 3634 1904 :

1992 1937 2198 2004 Multo,
2230 1939 2441 2010 inquit,
2476 1937 2829 1994 tolerabilior
2873 1947 2957 1994 est
2987 1937 3383 2005 Macedonius,
3413 1941 3472 1993 et
3523 1937 3639 1993 im-

1991 2025 2088 2097 pia
2115 2026 2368 2082 hostium
2399 2025 2581 2082 sancti
2617 2025 2869 2097 Spiritus
2916 2025 3181 2094 hmresis,
3210 2041 3388 2098 quam
3419 2025 3504 2081 illi
3535 2025 3638 2097 qui

1993 2115 2730 2186 vendercnudentgratiam
2761 2113 3019 2187 Spiritus
3043 2113 3255 2170 sancti.
3287 2113 3375 2170 llli
3405 2113 3640 2170 enimin

1993 2207 2341 2271 creaturam,
2373 2207 2432 2260 et
2474 2218 2701 2260 servum
2737 2203 2832 2258 Dei
2861 2207 2919 2258 et
2972 2203 3158 2259 Patris
3197 2209 3464 2260 sanctum
3506 2202 3639 2275 Spi-

1996 2294 2170 2350 ritum
2229 2292 2645 2350 contumeliam
2693 2293 2958 2360 t'aciunt;
3021 2292 3078 2348 hi
3153 2295 3346 2348 autem
3407 2307 3641 2348 servum

1997 2398 2200 2448 suum,
2258 2386 2322 2438 ut
2378 2383 2624 2449 videtur,
2682 2383 2876 2454 ipsum
2939 2381 3174 2437 faciunt.
3230 2381 3436 2438 Omnis
3489 2381 3644 2437 enim

1999 2473 2100 2543 qui
2155 2473 2378 2545 aliquid
2429 2473 2648 2539 vendit,
2679 2477 2957 2544 tanquam
2991 2473 3268 2530 dominus
3297 2473 3465 2529 istius
3506 2488 3644 2529 νοητ-

1997 2562 2103 2628 dit,
2136 2566 2195 2616 et
2223 2563 2321 2632 qui
2349 2561 2492 2618 emit
2537 2562 2778 2635 cupiens
2808 2561 3082 2616 dominus
3112 2576 3237 2618 esse
3263 2561 3342 2616 rei
3373 2561 3642 2630 vendita,

2003 2651 2219 2719 argenti
2279 2651 2463 2722 pretio
2520 2651 2575 2706 id
2644 2650 2910 2722 acquirit.
2973 2647 3134 2705 νεεδ
3195 2649 3371 2705 Addit
3443 2650 3644 2717 etiam,

2001 2741 2155 2811 quod
2206 2739 2314 2796 hoc
2343 2740 2564 2796 crimen
2607 2738 2916 2796 consimile
2953 2740 3027 2795 sit
3071 2739 3155 2794 illi
3195 2740 3356 2796 Juda
3391 2739 3648 2812 prodito-

2005 2829 2110 2898 ris,
2151 2828 2307 2886 hunc
2353 2829 2414 2884 in
2464 2830 2702 2886 modum
2749 2829 3088 2886 disserens:
3124 2827 3266 2887 Nam
3313 2828 3361 2885 si
3401 2830 3651 2888 conub-

2006 2919 2297 2975 stantialis
2343 2919 2418 2975 sit
2462 2917 2606 2975 Filio
2659 2919 2912 2990 Spiritus
2969 2921 3228 2986 sanctus,
3271 2922 3328 2974 et
3383 2918 3646 2990 ejusdem

2007 3007 2336 3078 dignitatis,
2393 3011 2452 3064 et
2529 3009 2838 3065 damnetur
2919 3007 3126 3075 Judas,
3193 3009 3349 3080 quod
3421 3015 3652 3079 prepter

2010 3096 2318 3168 pecuniam
2379 3095 2633 3167 prodidit
2715 3095 2950 3164 Filium,
3009 3110 3246 3152 necesse
3329 3095 3504 3152 etiam
3563 3098 3655 3152 est

247 3182 439 3254 δήπου
468 3179 560 3234 καὶ
607 3176 734 3240 τοὺς
781 3178 844 3232 τὸ
896 3180 1114 3250 Πνεῦμα
1154 3176 1556 3250 πιπράσκοντας
1606 3176 1682 3247 μὴ
1734 3173 1896 3230 ἰλάτ-

2009 3182 2142 3240 illos
2235 3185 2332 3255 qui
2434 3184 2710 3255 Spiritum
2791 3185 3072 3250 vendunt,
3157 3183 3316 3240 haud
3410 3183 3654 3243 leviores

247 3294 416 3332 τονας
480 3272 517 3340 ἦ
577 3266 782 3330 ἐκεῖνος
838 3267 935 3328 τὰς
991 3265 1211 3329 εύθύνας
1271 3261 1513 3341 ὑπέχειν.
1573 3263 1746 3320 Ἀλλὰ
1799 3265 1896 3340 γὰρ

2011 3237 2186 3345 qu...
2237 3237 2332 3328 si.
2374 3237 3651 3344 passiam:gessitetsine;

249 3361 481 3436 παρίτω
523 3357 615 3413 καὶ
663 3359 698 3428 ἡ
746 3363 846 3426 τῆς
890 3353 1219 3426 Ἐκκλησίας
1268 3355 1476 3428 σειρὴν,
1505 3356 1540 3423 ἡ
1588 3352 1678 3408 διὰ
1725 3354 1902 3423 πάσης

247 3459 359 3520 τῆς
439 3445 772 3520 οἰκουμένης
847 3441 1049 3516 ᾄδουσα
1117 3442 1276 3518 λύρα,
1337 3445 1364 3499 6
1433 3443 1501 3498 τὰ
1570 3443 1904 3516 πνευματικὰ

250 3543 524 3620 ιφάρμακα
581 3534 795 3606 μᾶλλον
829 3533 1023 3596 παντὸς
1069 3534 1256 3610 ἰατροῦ
1284 3531 1444 3594 εἰδώς
1491 3553 1550 3588 τε
1578 3534 1668 3586 καὶ
1720 3535 1903 3606 σοφῶς

249 3627 598 3704 κεραννῦς,ὁ
647 3627 814 3692 θεῖος,
864 3623 1030 3702 φημὶ,
1077 3623 1491 3698 Χρυσὸστομος,
1523 3623 1599 3684 ὡς
1644 3623 1707 3677 ἃν
1757 3623 1909 3694 ἡμᾶς

247 3719 356 3774 κάν
413 3717 598 3788 τούτῳ
656 3711 871 3788 διδάξῃ,
930 3712 1080 3774 ὅπως
1137 3713 1250 3787 χρὴ
1324 3713 1388 3768 τὸ
1464 3712 1732 3785 αὐστηρὸν
1799 3715 1906 3766 τῶν

253 3808 419 3864 θείων
471 3803 710 3860 κανόνων
757 3797 866 3857 ἔσθ’
918 3802 1007 3856 ὅτε
1053 3805 1122 3875 τῇ
1173 3803 1481 3876 συμπαθείᾳ
1535 3803 1907 3875 παρακιρνῶν-

249 3919 355 3959 τας
409 3893 722 3970 ὑποχαλᾷν.
773 3895 954 3963 Ἶσμεν
1003 3892 1106 3966 γὰρ
1164 3891 1312 3952 ὅπως
1361 3890 1487 3952 τοὺς
1545 3889 1760 3964 χρυσίῳ
1808 3890 1904 3950 τὰς

253 3983 609 4064 χειροτονίας
675 3981 1018 4054 ἐωνημένους
1074 3987 1173 4049 τῆς
1238 3981 1330 4052 μὲν
1385 3979 1682 4053 ἱερωσύνης
1741 3977 1906 4056 ἐγύμ-

249 4095 417 4144 νωσε,
469 4075 533 4127 τὸ
565 4071 622 4126 δὲ
671 4071 898 4144 χρυσίον
924 4069 1068 4139 παρὰ
1117 4073 1224 4122 τῶν
1275 4072 1369 4122 τοῦ
1419 4070 1907 4144 χειροτονήσαντος

249 4163 634 4239 κληρονόμων
692 4161 922 4230 ἠξίωσεν
981 4154 1302 4219 ἀπολαϐεῖν,
1357 4153 1546 4226 ἐπειδὴ
1613 4158 1712 4224 τήν
1761 4158 1907 4226 ζωὴν

251 4254 610 4330 ἐπιμετρήσας
659 4249 860 4310 ἐκεῖνος
920 4245 1142 4324 ἔφθασεν
1190 4243 1300 4316 ἤδη
1359 4248 1704 4320 (Ἄντωνῖνος
1752 4248 1909 4310 οὗτος

257 4350 330 4417 ἦν
359 4351 464 4414 τῆς
498 4339 756 4418 Ἐφεσίων
799 4339 828 4394 ὁ
874 4335 1158 4413 πρόεδρος,
1192 4337 1220 4391 ὁ
1271 4338 1367 4406 τήν
1396 4339 1493 4392 τοῦ
1539 4336 1699 4409 ἁγίου
1750 4337 1909 4390 Ilvati-

259 4453 439 4508 ματος
489 4428 697 4504 δωρεάν
743 4427 902 4482 ὤνιον
951 4425 1130 4480 θέσθαι
1184 4425 1260 4498 μὴ
1309 4427 1699 4497 καταπτήξας).
1746 4422 1907 4480 Ἀλλ’

256 4525 366 4598 δρα
399 4541 498 4596 μοι
545 4522 646 4584 τῆς
675 4521 772 4572 τοῦ
819 4514 972 4590 ἁγίου
1015 4513 1346 4586 συμπαθείας
1396 4514 1458 4568 τὸ
1502 4513 1711 4587 περιόν.
1745 4513 1908 4582 Ἐξώ.

2013 3360 2203 3417 οΙεεὶω
2235 3361 2435 3426 suada,
2469 3361 2707 3434 lyraque
2737 3375 2866 3431 qute
2896 3375 2999 3432 per
3031 3364 3214 3416 totum
3246 3363 3543 3416 terrenum
3565 3377 3657 3418 or-

2015 3450 2144 3505 bem
2177 3454 2369 3516 sonat,
2403 3449 2451 3504 is
2491 3449 2592 3522 qui
2640 3447 2968 3521 spiritualia
3013 3450 3433 3506 medicamenta
3473 3449 3654 3521 perite

2015 3539 2201 3610 magis
2257 3555 2432 3608 quam
2487 3539 2842 3596 medicorum
2891 3538 3205 3609 quispiam.
3251 3545 3308 3594 et
3363 3539 3659 3610 sapienter

2017 3629 2242 3696 miscet,
2283 3634 2541 3696 sanctus,
2575 3629 2838 3699 inquam,
2869 3627 3343 3699 Chrysostomus,
3376 3627 3477 3698 qui
3525 3625 3654 3698 qui-

2014 3719 2145 3773 dem
2180 3733 2286 3773 nos
2317 3717 2487 3773 etiam
2519 3717 2711 3773 hacin
2759 3733 2817 3772 re
2856 3718 3072 3784 docuit,
3114 3719 3265 3788 quod
3296 3716 3657 3773 severitatem

2015 3823 2305 3863 canonum
2360 3822 2780 3877 nonnunquam
2819 3807 3056 3860 lenitate
3103 3810 3492 3877 temperantes
3522 3821 3660 3876 pau-

2017 3895 2204 3951 lulum
2267 3894 2525 3965 mitigare
2581 3898 2819 3965 aprotet.
2882 3893 3112 3950 Scimus
3169 3893 3326 3950 enim
3375 3893 3525 3965 quod
3559 3911 3658 3950 eos

2015 3985 2111 4056 qui
2143 4001 2282 4040 auro
2313 3982 2708 4039 ordinationes
2754 3985 3140 4050 redemerunt,
3179 3981 3501 4040 sacerdotio
3532 3986 3659 4054 pri-

2015 4090 2169 4139 vare,
2201 4088 2409 4128 aurum
2446 4076 2641 4127 tamen
2674 4073 2748 4126 ab
2779 4071 3104 4128 heredibus
3133 4071 3255 4144 ejus
3294 4071 3396 4142 qui
3423 4071 3655 4127 ordina-

2015 4163 2098 4217 vit
2128 4167 2386 4232 repetere
2417 4161 2634 4227 voluit;
2670 4161 2947 4232 quoniam
2981 4160 3234 4232 vitajam
3265 4175 3521 4228 emensa,
3548 4159 3659 4216 iste

2015 4251 2334 4321 prreiverat.
2393 4251 2722 4305 Antoninus
2775 4255 2967 4305 autem
3024 4253 3146 4305 erat
3176 4247 3440 4305 Ecclesiae
3471 4248 3656 4320 Ephe-

2016 4338 2157 4392 sinas
2187 4337 2448 4404 antistes,
2485 4337 2581 4408 qui
2610 4336 2859 4408 Spiritus
2906 4337 3092 4392 sancti
3135 4337 3382 4405 gratiam
3415 4351 3662 4393 venum-

2017 4427 2156 4483 dare
2186 4427 2384 4482 nullus
2443 4427 2762 4482 dubitabat.
2817 4427 2952 4483 Vide
3000 4430 3191 4486 autem
3247 4425 3514 4483 eximiam
3558 4426 3660 4480 viri

2019 4515 2204 4572 sancti
2261 4515 2649 4572 clementiam.
2699 4515 3054 4572 Juraverunt
3082 4517 3239 4572 enim
3281 4517 3408 4587 jam
3440 4519 3572 4572 ante
3601 4531 3663 4572 se

264 4631 477 4686 μνυντο
521 4608 618 4680 μὲν
663 4607 766 4680 γὰρ
816 4603 903 4660 ἐπὶ
957 4601 1100 4659 πολὺ
1148 4603 1412 4678 πρότερον
1461 4599 1680 4671 ἐκεῖνοι,
1713 4603 1748 4670 ἦ
1801 4604 1896 4675 μὴν

2024 4621 2325 4676 nunquam
2349 4603 2464 4660 tale
2493 4603 2626 4674 quid
2660 4609 3042 4676 perpetrasse.
3074 4604 3449 4676 Argumentis
3471 4608 3664 4660 autem

261 4707 430 4758 τοῦτο
497 4699 854 4768 πεποιηκέναι
929 4696 1202 4770 μηδέποτε
1237 4715 1249 4727 ⁸
1329 4699 1446 4757 τοῖς
1534 4692 1591 4748 δὲ
1665 4699 1916 4772 φανεροῖς

266 4791 531 4866 ἐλέγχοις
609 4784 1041 4857 δυσωπηθέντες,
1103 4785 1288 4841 τόπων
1366 4783 1914 4856 ὑπομιμνησκόμενοι

266 4883 359 4934 καὶ
388 4883 624 4952 καιρῶν,
657 4874 746 4931 καὶ
787 4879 887 4941 τῆς
935 4878 1032 4930 τοῦ
1081 4873 1311 4950 χρυσίου
1361 4873 1687 4942 ποσότητος,
1739 4870 1914 4934 οὕτως

269 4964 418 5043 ἔχειν
471 4964 915 5040 ἀνωμολόγησαν
975 4962 1216 5036 ὕστερον,
1275 4959 1667 5031 διατεινάμενοι
1725 4960 1799 5022 ὡς
1851 4961 1914 5014 οὐ

273 5057 560 5126 σκαιότητι
616 5054 868 5132 γνώμης,
927 5049 1054 5107 ἀλλ’
1111 5051 1454 5126 ἀκεραιότητι
1517 5047 1730 5124 μᾶλλον
1785 5050 1918 5103 καθ-

275 5147 612 5220 υπαχθῆναι,
677 5141 939 5218 τοιαύτην
1023 5139 1382 5219 ὑπειληφότες
1457 5140 1556 5208 τήν
1636 5138 1919 5208 συνήθειαν

276 5236 436 5304 εἶναι,
473 5235 566 5290 καί
603 5231 693 5288 ἵνα
739 5235 837 5286 τοῦ
882 5227 1307 5304 βουλευτηρίου,
1355 5229 1402 5302 ᾧ
1447 5248 1546 5303 περ
1590 5228 1730 5297 ἦμεν
1789 5227 1920 5282 ὑπο-

276 5323 477 5396 τελεῖς,
556 5320 1044 5394 ἀπαλλαγείημεν,
1121 5319 1370 5392 φάμενοι.
1430 5319 1570 5393 Πρὸς
1647 5321 1817 5372 ταῦτα
1883 5317 1918 5383 ἠ

283 5412 666 5488 οὖρανομήκης
735 5407 918 5480 ἐκείνη
969 5407 1149 5482 ψυχὴ,
1198 5406 1288 5461 καὶ
1351 5410 1459 5462 τῶν
1516 5409 1613 5460 τοῦ
1653 5408 1788 5460 Θεοῦ
1845 5403 1924 5459 οἱ-

285 5508 523 5578 κτιρμῶν
562 5502 720 5578 ε’ίπερ
760 5521 850 5562 τις
902 5496 1191 5574 ὑφηγητής
1244 5497 1633 5571 γνησιώτατος,
1685 5493 1783 5549 οὐκ
1835 5494 1924 5570 ἀφ-

288 5593 506 5665 ορισμὸν
556 5592 696 5667 πρὸς
738 5592 812 5664 τῇ
862 5582 1172 5660 καθαιρέσει
1221 5581 1534 5660 ἐπήνεγκεν,
1565 5584 1641 5646 ὡς
1687 5583 1740 5665 οἱ
1787 5584 1922 5637 θεῖοι

287 5681 492 5746 κανόνες
538 5682 774 5758 κρίσεως
823 5671 1071 5752 ἔχουσιν,
1119 5674 1184 5729 οὐ
1233 5680 1334 5744 τῆς
1377 5671 1706 5744 Ἑκκλησίας
1750 5671 1924 5727 ἀπεώ·

2025 4693 2390 4751 evidentibus
2436 4693 2704 4756 convicti,
2739 4693 3010 4750 indicatis
3065 4699 3122 4750 et
3154 4700 3410 4765 tempore
3439 4698 3496 4750 et
3542 4692 3667 4749 auri

2028 4779 2374 4851 quantitate,
2417 4779 2788 4850 postmodum
2848 4795 2965 4836 rem
3023 4797 3084 4836 se
3140 4781 3222 4836 ita
3275 4780 3488 4837 habere
3525 4779 3667 4838 fassi

2028 4875 2194 4937 sunt,
2224 4867 2604 4924 obtendentes
2646 4883 2704 4923 se
2750 4884 2863 4924 non
2904 4868 3087 4924 animi
3119 4868 3360 4937 malitia,
3392 4871 3493 4925 sed
3525 4869 3668 4926 sim-

2027 4956 2284 5028 plicitate
2317 4957 2512 5026 potius
2568 4956 2723 5024 ferri,
2756 4961 3041 5028 quatenus
3096 4973 3166 5013 ex
3209 4973 3367 5014 more
3396 4974 3522 5014 esse
3551 4957 3672 5016 exi-

2029 5045 2368 5114 stimabant,
2399 5051 2456 5100 et
2503 5062 2536 5102 a
2568 5045 2846 5102 tribunali
2883 5046 3062 5118 (quod
3113 5047 3392 5116 aiebant),
3439 5049 3529 5104 cui
3568 5047 3670 5103 oh-

2029 5134 2184 5190 noxii
2233 5134 2475 5202 luimus,
2524 5135 2925 5191 liberaremur.
2967 5135 3052 5191 Ad
3110 5135 3232 5192 haec
3284 5135 3672 5208 amplissima,

2031 5231 2095 5282 ut
2125 5222 2336 5280 cmlum
2379 5229 2556 5296 patet,
2587 5223 2688 5279 illa
2740 5225 2938 5280 anima
2968 5234 3022 5279 et
3079 5225 3520 5282 miserationum
3554 5227 3676 5294 Dei,

2032 5311 2244 5384 siquis
2301 5311 2476 5381 alius,
2534 5312 2787 5368 maxime
2817 5312 3105 5384 genuinus
3151 5313 3507 5384 sapienator,
3561 5331 3676 5370 non

2032 5401 2693 5459 excommunicationem
2743 5400 3091 5470 depositioni
3133 5402 3560 5474 superinduxit,
3593 5393 3678 5458 uti

2035 5492 2184 5549 sacri
2214 5507 2466 5548 canones
2513 5491 2850 5558 decernunt,
2902 5505 3086 5561 neque
3136 5491 3389 5550 Ecclesia
3447 5490 3682 5564 penitus

2035 5580 2278 5638 exclusit
2296 5580 2452 5652 (licet
2498 5577 2819 5638 voluntaria
2870 5579 3158 5636 confessio
3215 5581 3286 5637 de
3315 5578 3520 5652 quovis
3557 5578 3680 5634 cri-

2040 5670 2198 5730 mine
2245 5669 2500 5727 multum
2545 5667 2830 5736 detrahat,
2883 5666 3032 5726 sicut
3081 5669 3364 5727 convictio
3411 5683 3442 5724 e
3478 5673 3682 5731 contra
