4092 6300
444 461 559 524 207

441 593 605 650 Valde
653 597 952 666 aggravat)
1011 610 1025 648 :

443 699 661 740 nonum
693 682 1148 755 attemperando,
1180 682 1335 737 intra
1382 683 1562 738 altare
1613 684 1753 756 ipsis
1801 688 1869 739 de
1900 685 2081 740 sacris

440 770 733 844 mysteriis
761 771 1187 829 communicare
1234 771 1523 843 permisit,
1562 789 1630 827 ea
1669 773 1891 829 ratione
1920 774 2075 842 satis,

438 864 501 915 ut
522 861 844 931 videbatur,
886 875 1086 916 eorum
1119 860 1346 916 animas
1375 860 1706 929 consolans,
1739 877 1865 933 quea
1898 878 2076 919 sacer-

433 950 570 1007 d0tii
601 950 916 1007 amissione
948 949 1236 1021 depressas
1266 959 1449 1005 erant.

1696 461 2068 525 ΜΑΤΊἭΑΞΙ
2112 461 2407 523 BLASTA
2421 459 2544 522 RIS

1071 593 1167 648 sed
1230 592 1626 650 misericordia
1682 595 1926 665 rigorem
1986 614 2042 652 ea

2157 643 2169 663 ι
2203 613 2330 646 σατο
2389 592 2501 665 (καί
2576 611 2661 645 τοι
2730 599 2828 659 τῆς
2907 592 3002 663 μὲν
3067 592 3312 655 ἑκουσίας
3381 592 3834 673 ἐξομολογήσεως

3717 462 3836 528 208

2191 680 2468 758 ἑκασταχῆ
2530 684 2634 733 τῶν
2689 680 2921 734 εὐθυνῶν
2979 681 3041 734 τὸ
3098 680 3353 736 πλεῖστον
3405 683 3831 760 ἀφαιρουμένης,

2187 767 2283 826 τοῦ
2335 767 2391 824 δὲ
2438 767 2675 844 ἐλέγχου
2728 769 3121 847 χαλεπωτέρας
3165 772 3361 835 ταύτας
3414 770 3834 848 ἐργαζομένου),

2186 857 2316 915 ἀλλ’
2356 858 2661 933 ἡμερότητι
2699 858 2761 913 τὸ
2804 863 2910 913 τῶν
2956 860 3195 915 κανόνων
3244 861 3472 934 κεράσας
3521 862 3830 935 ἀπότομον,

2187 948 2314 1003 εἴσω
2343 953 2441 1003 τοῦ
2488 945 2880 1023 θυσιαστηρίου
2917 951 3024 1003 τῶν
3074 950 3422 1022 ἀγιασμάτων
3472 950 3653 1013 αὐτοῖς
3699 973 3833 1025 μετ-

435 1037 577 1112 ἐχειν
627 1036 931 1113 ἐπέτρεψεν,
998 1037 1193 1100 ἱκανῶς
1240 1038 1406 1112 ταύτῃ
1470 1038 1565 1100 τὰς
1623 1039 1802 1094 αὐτῶν
1871 1038 2123 1112 οἰόμενος
2190 1036 2563 1114 παρακαλέσαι
2613 1038 2794 1112 ψυχὰς
2842 1041 2910 1111 τῇ
2965 1044 3068 1108 τῆς
3124 1039 3421 1114 ἱερωσύνης
3482 1037 3827 1115 ὀδυνωμένας

430 1126 714 1185 ἐκπτώσει.

500 1308 563 1365 In
595 1307 742 1364 libro
789 1312 981 1365 autem
1020 1308 1268 1363 Actuum
1292 1306 1413 1364 haec
1441 1316 1754 1364 occurrunt
1795 1324 1809 1365 :
1840 1307 1948 1363 Ubi
1980 1326 2073 1365 au-

427 1404 541 1455 tem
573 1397 715 1454 vidit
744 1397 967 1465 Simon,
1005 1396 1162 1467 quod
1191 1413 1291 1468 per
1322 1397 1752 1466 impusitinnem
1787 1413 2067 1453 manuum

427 1486 700 1559 apostolis
728 1487 901 1542 datus
932 1485 1039 1541 fuit
1071 1485 1321 1555 Spiritus
1351 1491 1610 1554 sanctus,
1640 1485 1854 1540 obtulit
1882 1485 1965 1542 eis
1980 1504 2073 1556 pe-

423 1576 680 1643 cuniam,
713 1576 961 1631 dicens:
1021 1574 1154 1629 Date
1210 1574 1351 1628 mihi
1405 1573 1730 1629 facultatem
1775 1574 1976 1639 istam,
2006 1584 2068 1630 ut

420 1665 967 1736 cuicunquemanus
990 1663 1338 1733 imposuere,
1367 1663 1604 1733 recipiat
1631 1662 1911 1734 Spiritum
1935 1681 2067 1719 sau-

420 1761 605 1812 ctum.
640 1753 839 1809 Petrus
868 1763 1058 1809 autem
1074 1752 1313 1807 dixitei:
1346 1755 1664 1824 Argentum
1691 1759 1853 1808 tuum
1874 1760 2061 1809 tecum

420 1844 498 1899 sit
527 1845 585 1899 in
619 1842 1018 1914 perditionem,
1051 1842 1190 1913 quia
1223 1844 1436 1897 donum
1460 1840 1561 1896 Dei
1591 1841 1931 1897 existimasti
1965 1858 2060 1912 pe-

418 1932 591 1988 cunia
620 1931 924 2003 possideri.
958 1952 987 1981 »
1027 1937 1130 1987 etc.

487 2109 717 2165 Tertius
747 2119 934 2164 autem
969 2108 1110 2163 liber
1148 2107 1368 2177 Regum
1406 2125 1418 2161 :
1453 2130 1481 2157 «
1505 2108 1571 2160 Et
1604 2124 1716 2162 non
1748 2124 2056 2164 conversus

417 2209 506 2257 est
533 2199 932 2266 .leroboamus,
964 2197 1173 2267 inquit,
1207 2195 1278 2251 ah
1329 2197 1637 2267 iniquitate
1667 2199 1816 2266 ejus,
1850 2208 1904 2251 et
1961 2217 2054 2253 re-

418 2306 618 2347 versus
647 2294 754 2354 est,
798 2294 857 2342 et
892 2286 1021 2342 fecit
1050 2302 1119 2341 ex
1168 2292 1324 2357 parte
1373 2286 1564 2356 populi
1607 2288 1934 2342 sacerdotes
1965 2304 2059 2342 ex-

415 2378 729 2443 celsorum,
763 2377 1092 2447 quicunque
1118 2374 1319 2443 voluit,
1350 2375 1476 2444 ejus
1506 2390 1746 2429 manum
1774 2376 2053 2446 adimple-

415 2470 533 2524 bat.
568 2468 635 2523 Et
662 2467 781 2521 haec
812 2484 902 2522 res
935 2466 1100 2520 vertit
1128 2464 1183 2518 in
1220 2464 1438 2519 malum
1472 2466 1667 2518 domui
1698 2464 2051 2531 Jeroboami,

411 2565 466 2614 et
506 2559 560 2612 in
594 2557 907 2629 perniciem
937 2563 987 2609 et
1019 2555 1089 2609 ad
1116 2553 1424 2609 delendum
1447 2569 1582 2606 eum
1615 2569 1648 2607 a
1680 2553 1817 2608 faeie
1852 2561 2049 2609 terrae»

410 2646 548 2711 Quis
576 2647 755 2717 igitur
793 2659 908 2699 non
942 2644 1099 2698 novit
1126 2646 1373 2698 veterem
1406 2641 1570 2695 illum
1602 2640 1788 2708 Gieze,
1824 2650 1887 2697 ut
1916 2660 2049 2713 pro-

410 2735 595 2805 phetae
630 2732 830 2788 Elisseo
872 2730 1262 2796 ministrabat,
1294 2729 1466 2797 et,uti
1501 2736 1687 2784 narrat
1712 2727 1860 2785 liber
1875 2748 2048 2800 quar-

407 2823 954 2893 tusllegnum,quas
982 2819 1302 2874 facinorum
1337 2834 1533 2887 pinnas
1567 2818 1697 2873 tulit
1725 2817 1752 2872 Ἰ
1772 2818 1871 2873 Vix
1891 2819 2045 2874 enim

408 2913 605 2968 minus
640 2910 733 2965 ille
762 2909 833 2965 ub
864 2907 1181 2979 nequitiam
1206 2906 1534 2972 iunotescit,
1558 2923 1730 2977 quam
1775 2909 2048 2979 magister

408 3000 532 3068 ejus
561 2999 634 3053 ob
665 3000 954 3053 virtutem.
987 2997 1131 3051 Cum
1162 2995 1341 3064 igitur
1371 2993 1622 3049 Neemau
1656 3011 1901 3051 munera
1927 3014 2047 3067 pro-

409 3089 593 3160 pheta
623 3092 754 3143 dare
785 3089 1130 3149 decreverat,
1163 3084 1299 3156 quia
1330 3084 1610 3139 liberatus
1631 3096 1749 3140 erat
1766 3085 2042 3155 perillum

405 3198 437 3233 a
468 3179 649 3248 lepra,
680 3176 774 3232 ille
803 3183 997 3231 autem
1056 3175 1418 3245 largitionem
1453 3175 1690 3228 minime
1722 3180 2042 3244 acceperat,

404 3268 572 3324 Gieze
600 3266 850 3322 Neemau
893 3267 1202 3319 abeuntem
1237 3262 1621 3331 praestolatus,
1656 3270 1710 3317 et
1739 3264 2037 3319 avaritiam

404 3373 570 3413 suam
605 3353 904 3409 mendacio
936 3352 1340 3423 legens,quasi
1370 3353 1853 3422 magisterojusin
1874 3370 2037 3408 man-

403 3446 552 3501 datis
583 3445 820 3499 dederat
876 3441 1149 3513 recipere,
1178 3446 1235 3496 et
1287 3444 1595 3513 postquam
1650 3443 1723 3496 ita
1754 3442 1824 3496 de
1876 3443 2044 3499 bonis

401 3538 530 3605 ejus
569 3550 683 3588 non
730 3548 909 3602 pauca
940 3530 1279 3602 accepisset,
1310 3530 1505 3585 statim
1537 3530 1704 3601 lepra:
1734 3547 1909 3602 quam
1945 3531 2043 3587 ille

401 3628 769 3695 deposuerat,
799 3622 977 3676 haeres
999 3621 1187 3676 factus
1216 3624 1327 3687 est,
1355 3621 1633 3691 propheta
1655 3620 1762 3675 hoc
1804 3621 2046 3677 maledi-

399 3714 473 3770 eti
507 3714 613 3783 ipsi
646 3710 1040 3767 denuntiante.

470 3987 710 4057 Magnus
766 3986 960 4039 autem
1012 3982 1261 4039 Basilius
1319 3983 1378 4039 in
1438 3984 1809 4057 Expositione
1842 3988 2035 4045 suain

398 4077 731 4147 prophetam
767 4074 1000 4138 Isaiam,
1033 4072 1222 4127 locum
1270 4072 1435 4128 illum
1459 4074 1777 4143 explicans,
1831 4077 2034 4146 Legem

393 4165 551 4221 dedit
578 4165 638 4218 in
669 4162 945 4217 auxilium
981 4178 994 4217 :
1022 4169 1083 4216 ut
1112 4164 1447 4228 dicant,non
1484 4169 1762 4235 tanquam
1796 4170 2030 4221 verbum

392 4257 521 4323 hoc,
555 4272 653 4322 pro
686 4270 796 4325 quo
830 4268 940 4308 non
976 4252 1112 4307 licet
1154 4270 1366 4308 munus
1405 4256 1562 4321 dare,
1596 4256 1872 4325 quoniam
1909 4273 2037 4311 veu-

390 4346 649 4416 triloqui,
682 4343 893 4414 inquit,
944 4343 1096 4399 269
1147 4347 1381 4413 propter
1437 4345 1741 4414 pecuniam
1776 4345 2029 4400 divinan-

387 4439 500 4488 tur.
535 4435 651 4487 Hoc
682 4433 832 4487 enim
860 4431 1169 4486 ridiculum
1192 4438 1298 4499 est,
1330 4433 1478 4503 quod
1503 4432 1601 4503 qui
1630 4434 2028 4503 decipiuntur,

388 4524 709 4579 mercedem
737 4520 1022 4575 mendacii
1054 4527 1354 4589 argentum
1389 4522 1531 4587 ipsis
1580 4525 1738 4577 dant.
1772 4524 2025 4578 Verbum

386 4618 579 4667 autem
607 4612 750 4679 legis
782 4626 896 4664 non
927 4614 1013 4661 est
1043 4609 1177 4677 tale,
1214 4614 1277 4663 ut
1307 4611 1522 4677 proillo
1552 4611 2017 4681 donumaliquod

2255 1312 2340 1362 ’Ev
2372 1303 2429 1361 δὲ
2456 1311 2524 1382 τῇ
2577 1302 2761 1382 βίϐλῳ
2807 1311 2913 1361 τῶν
2964 1306 3217 1381 Πράξεων
3260 1311 3431 1362 ταῦτα
3472 1306 3768 1383 γέγραπται
3804 1328 3821 1342 ο

2180 1397 2513 1469 Θεασάμενος
2559 1395 2615 1451 δὲ
2646 1397 2674 1451 6
2728 1396 2936 1469 Σίμων,
2970 1394 3052 1450 ὅτι
3100 1392 3189 1449 διὰ
3232 1402 3332 1465 τῆς
3379 1394 3664 1459 ἐπιθέσεως
3708 1401 3817 1452 τῶν

2181 1491 2384 1561 χειρῶν
2452 1490 2558 1540 τῶν
2634 1483 2957 1540 ἀποστόλων
3036 1482 3249 1539 δίδοται
3323 1486 3385 1541 τὸ
3464 1490 3679 1559 Πνεῦμα
3754 1487 3820 1541 τὸ

2178 1576 2358 1652 ἅγιον,
2406 1578 2773 1650 προσήνεγκεν
2828 1572 3012 1639 αὒτοῖς
3060 1577 3343 1649 χρήματα,
3394 1574 3570 1650 λέγων
3606 1594 3620 1609 ⁶
3683 1575 3817 1631 Δότε

2176 1665 2342 1735 κάμοὶ
2402 1666 2501 1734 τὴν
2560 1664 2800 1734 ἐξουσίαν
2853 1663 3077 1734 ταύτην,
3121 1660 3215 1719 ’ίνα
3270 1664 3316 1736 ᾧ
3376 1666 3435 1718 ἃν
3490 1662 3659 1719 ἐπιθῶ
3714 1665 3812 1726 τὰς

2174 1759 2385 1829 χεῖρας,
2420 1749 2675 1827 λαμϐάνῃ
2708 1758 2923 1828 Πνεῦμα
2954 1748 3133 1828 ἅγιον.
3168 1757 3370 1829 Πέτρος
3404 1751 3461 1807 δὲ
3508 1754 3626 1809 εἶπε
3671 1757 3810 1830 πρὸς

2173 1845 2335 1898 αὐτόν
2371 1865 2383 1877 ·
2434 1846 2504 1898 Τὸ
2543 1842 2801 1918 ἀργύριόν
2846 1865 2942 1898 σου
2989 1843 3080 1896 σὺν
3126 1844 3210 1897 σοὶ
3255 1843 3339 1913 εἴη
3386 1842 3462 1906 εἷς
3507 1844 3811 1916 ἀπώλειαν,

2095 1959 2140 2023 Β
2174 1933 2256 1987 ὅτι
2303 1936 2403 2002 τὴν
2452 1932 2656 2005 δωρεὰν
2696 1933 2793 1987 τοῦ
2853 1936 2987 1987 Θεοῦ
3036 1932 3291 2005 ἐνόμισας
3352 1930 3438 1986 διὰ
3496 1936 3805 2011 χρημάτων

2169 2025 2415 2091 κτᾶσθαι,
2449 2023 2534 2075 καὶ
2570 2025 2635 2076 τὰ
2668 2023 2811 2089 ἑξῆς.

2238 2116 2300 2166 Ἢ
2330 2109 2385 2165 δὲ
2414 2111 2572 2185 τρίτη
2606 2115 2711 2164 τῶν
2766 2109 3086 2178 Βασιλειῶν,
3139 2135 3168 2162 ‹‹
3201 2111 3300 2164 Καὶ
3351 2110 3450 2164 οὐκ
3480 2109 3799 2186 ἐπέστρεψεν

2162 2197 2474 2273 Ἱεροϐοάμ,
2550 2199 2737 2277 φησὶν,
2814 2201 2918 2254 ἀπὸ
2990 2203 3087 2267 τῆς
3173 2200 3363 2261 κακίας
3447 2201 3635 2269 αὐτοῦ,
3708 2201 3800 2255 καὶ

2163 2285 2473 2360 ἐπέστρεψε,
2529 2288 2621 2341 καὶ
2678 2285 2928 2357 ἐποίησεν
2984 2287 3043 2341 ἐκ
3102 2286 3297 2361 μέρους
3354 2292 3453 2341 τοῦ
3524 2286 3660 2342 λαοῦ
3719 2289 3797 2342 ἱε-

2166 2382 2274 2451 ρεῖς
2336 2374 2610 2447 ὑψηλῶν*
2673 2377 2700 2430 6
2762 2376 3103 2449 βουλόμενος
3164 2376 3409 2449 ἐπλήρου
3466 2377 3565 2443 τήν
3635 2383 3796 2449 χεῖρα

2161 2465 2345 2523 αὐτοῦ.
2408 2468 2506 2522 Καὶ
2564 2464 2775 2539 ἐγένετο
2832 2469 2993 2519 τοῦτο
3051 2467 3113 2519 τὸ
3173 2465 3322 2539 ῥῆμα
3388 2466 3461 2527 εἰς
3530 2465 3794 2539 ἁμαρτίαν

2158 2561 2237 2628 τῷ
2286 2554 2424 2627 ο⁹ίκῳ
2474 2549 2785 2630 Ἱεροϐοαμ,
2834 2554 2924 2608 καὶ
2974 2553 3050 2615 εἷς
3102 2554 3346 2628 δλεθρον,
3395 2555 3483 2609 καὶ
3530 2556 3605 2616 εἷς
3656 2557 3790 2626 ἀφα-

2158 2647 2351 2718 νισμὸν
2401 2645 2506 2699 ἀπὸ
2543 2645 2842 2719 προσώπου
2884 2651 2983 2712 τῆς
3033 2650 3137 2717 γῆς
3172 2667 3197 2693 η
3248 2645 3337 2705 Τίς
3388 2643 3478 2698 οὖν
3525 2644 3626 2698 οὐκ
3675 2643 3791 2700 οἶδε

2158 2734 2248 2788 καὶ
2279 2736 2369 2789 τὸν
2418 2732 2589 2789 πάλαι
2621 2738 2803 2801 Γιεζῆ,
2834 2732 2984 2793 ὅπως
3036 2732 3115 2804 τῷ
3161 2735 3419 2811 προφήτῃ
3472 2734 3566 2804 μὲν
3613 2733 3795 2789 Ἐλισ-

2158 2825 2297 2896 σαίῳ
2354 2821 2768 2896 διακονούμενος
2826 2822 2917 2890 ἧν,
2964 2822 3037 2883 ὡς
3094 2824 3128 2891 ἡ
3188 2827 3293 2876 τῶν
3356 2821 3652 2878 Βασιλειῶν
3709 2845 3792 2879 τε.

2155 2916 2324 2988 τάρτη
2378 2910 2641 2981 διέξεισιν,
2692 2914 2781 2965 οἷα
2838 2908 2893 2965 δὲ
2956 2911 3219 2965 πέπονθεν
3276 2908 3324 2983 ἐξ
3383 2911 3453 2964 ὧν
3532 2908 3789 2984 ἕδρασεν;

2156 3001 2275 3074 Οὐχ
2328 3003 2487 3068 ἧττον
2537 3000 2639 3074 γὰρ
2690 2996 2778 3054 δια
2825 3000 3011 3053 κακίαν
3067 2997 3264 3059 ἐκεῖνός
3314 2998 3347 3068 ἧ
3399 2997 3467 3053 δι’
3518 2999 3712 3071 ἀρετὴν
3761 3003 3791 3056 ὁ

2155 3086 2480 3150 διδάσκαλος
2534 3092 2730 3161 μικροῦ
2772 3092 2887 3149 τοῖς
2938 3092 3066 3142 πᾶσι
3117 3088 3459 3164 γνωρίζεται.
3509 3090 3791 3163 Χρήματα

2153 3182 2285 3253 γοῦν
2334 3181 2429 3231 τοῦ
2483 3178 2694 3250 Νεεμὰν
2745 3181 2824 3248 τῷ
2880 3178 3135 3254 προφήτῃ
3195 3176 3413 3251 πορίσαι
3470 3179 3786 3252 προθυμου⁹

2157 3268 2347 3338 μένου,
2381 3266 2488 3319 ἀνθ’
2537 3266 2611 3319 ὧν
2642 3272 2740 3333 τῆς
2792 3264 2993 3339 λέπρας
3023 3265 3245 3335 ἐξάντης
3292 3262 3363 3319 δι’
3411 3267 3575 3320 αὐτοῦ
3623 3269 3791 3344 γεγέ-

2150 3377 2306 3424 νητο,
2356 3354 2605 3409 κάκείνου
2659 3355 2758 3422 τὴν
2816 3353 3067 3431 εἰσφορὰν
3130 3355 3207 3427 μὴ
3258 3357 3711 3427 προσηκαμένους
3757 3358 3785 3410 6

2151 3449 2309 3515 Γιεζῆ
2366 3440 2689 3499 καταλαϐὼν
2759 3444 2987 3498 ἀπιόντα
3057 3446 3149 3498 τὸν
3226 3445 3460 3516 Νεεμᾶν,
3518 3444 3607 3498 καὶ
3681 3448 3784 3515 τήν

2151 3533 2604 3612 φιλοχρηματίαν
2662 3538 2742 3604 τῷ
2798 3532 2980 3607 ψεύδει
3034 3532 3386 3606 ἐπιλυγάσας,
3445 3534 3521 3596 ὡς
3597 3532 3697 3608 ἄρα
3756 3538 3785 3591 ὁ

2151 3621 2474 3684 διδάσκαλος
2522 3624 2672 3694 αὐτῷ
2729 3618 2913 3678 λαϐεῖν
2965 3620 3249 3692 ἐπιτάξειε,
3307 3623 3399 3677 καὶ
3454 3622 3620 3697 ταύτῃ
3673 3629 3784 3678 τῶν

2150 3712 2356 3766 ἐκείνου
2405 3712 2646 3788 είκηφὼς
2698 3711 2800 3766 οὐκ
2855 3710 3041 3786 ὀλίγα,
3089 3711 3438 3787 κληρονόμος
3492 3711 3646 3774 εὐθὺς
3693 3715 3783 3768 καὶ

2148 3804 2213 3868 ἧς
2253 3800 2454 3863 ἐκεῖνος
2499 3801 2824 3872 ἀπήλλακτο
2876 3800 3078 3877 λέπρας
3124 3804 3403 3879 γεγένητο,
3445 3801 3575 3857 αὐτὸ
3621 3810 3783 3859 τοῦτο

2145 3890 2243 3945 τοῦ
2276 3893 2565 3967 προφήτου
2597 3890 2963 3966 ἀρασᾶμένου.

2215 3982 2276 4037 Ὀ
2327 3980 2381 4035 δὲ
2429 3978 2596 4055 μέγας
2646 3981 2928 4043 Βασίλειος
2975 3980 3026 4036 ἐν
3083 3982 3152 4057 τῇ
3209 3988 3283 4045 εἷς
3340 3985 3431 4039 τὸν
3484 3987 3776 4060 προφήτην

2147 4069 2364 4123 Ἡσαΐαν
2421 4071 2702 4142 ἑρμηνείᾳ,
2761 4070 3121 4145 ἐξηγούμενος
3178 4072 3261 4141 τὸ,
3319 4073 3499 4145 Νόμον
3577 4070 3775 4130 ἔδωκεν

2145 4159 2219 4219 εἷς
2273 4160 2543 4231 βοήθειαν,
2587 4157 2681 4212 ’ίνα
2729 4156 2952 4214 εἴπωσιν
2998 4160 3107 4235 οὐχ
3150 4160 3226 4221 ὡς
3281 4162 3343 4215 τὸ
3391 4163 3540 4235 ῥῆμα
3590 4168 3774 4232 τοῦτο,

2141 4248 2261 4321 περὶ
2314 4248 2375 4300 οὐ
2424 4247 2522 4301 οὐκ
2570 4246 2680 4302 ἔστι
2733 4245 2880 4321 δῶρα
2934 4247 3121 4303 δοῦναι
3178 4250 3302 4324 περὶ
3354 4251 3539 4320 αὐτοῦ,
3591 4252 3674 4307 ὅτι
3720 4256 3775 4308 αἱ

2141 4336 2585 4410 ἐγγαστρίμυθοι,
2664 4337 2847 4412 φησὶν,
2924 4337 3006 4390 ἐπ’
3080 4337 3321 4413 ἀργυρίῳ
3398 4341 3771 4411 μαντεύονται.

2139 4427 2309 4478 Τοῦτο
2358 4425 2461 4499 γάρ
2512 4423 2623 4479 ἐστι
2670 4427 2731 4479 τὸ
2779 4426 3201 4500 καταγέλαστον,
3245 4426 3329 4481 ὅτι
3375 4430 3464 4483 καί
3513 4429 3773 4503 ἀργύριον

2136 4512 2326 4573 αὐτοῖς
2384 4511 2626 4583 τελοῦσι,
2676 4515 2864 4586 μισθὸν
2920 4519 3016 4567 τοῦ
3075 4512 3327 4587 ψεύδους,
3379 4517 3429 4567 οἱ
3488 4517 3776 4588 ἀπατώμε-

2136 4622 2241 4656 νοι.
2273 4603 2341 4655 Τὸ
2374 4599 2430 4655 δὲ
2476 4602 2626 4677 ῥῆμα
2655 4607 2753 4657 τοῦ
2801 4604 2974 4676 νόμου
3008 4605 3110 4657 οὐκ
3156 4599 3267 4658 ἔστι
3315 4608 3584 4667 τοιοῦτον,
3634 4605 3773 4661 ὥστε

384 4703 575 4767 detur,
624 4699 897 4769 quoniam
935 4713 1104 4752 nemo
1134 4699 1377 4765 gratiam
1410 4702 1525 4753 dat.
1576 4724 1596 4747 ι
1634 4699 1819 4755 Gratis
1840 4702 2018 4768 enim,

2157 4691 2286 4762 ἰῶρα
2343 4689 2526 4745 δοῦναι
2599 4695 2721 4766 περὶ
2791 4692 2975 4762 αὐτοῦ,
3034 4693 3115 4747 ὅτι
3188 4695 3288 4763 τὴν
3351 4696 3513 4772 χάριν
3587 4694 3771 4758 οὐδεές

386 4789 484 4856 ait,
507 4786 834 4859 accepistis,
857 4794 1038 4855 gratis
1071 4784 1221 4840 date.
1242 4805 1267 4836 ι
1302 4785 1472 4841 Vides
1504 4787 1791 4857 quomodo
1824 4788 2024 4843 Petrus

384 4875 719 4930 succensuit
749 4875 1025 4929 adversus
1076 4873 1394 4934 Simonem.
1428 4876 1523 4942 qui
1568 4881 1873 4946 argentum
1925 4893 2025 4947 pro

382 4969 568 5038 gratia
598 4965 782 5019 sancti
825 4964 1075 5033 Spiritus
1107 4964 1395 5016 obtulerat
1419 4980 1433 5027 ;
1460 4988 1486 5012 «
1506 4968 1818 5035 Argentum
1853 4971 2021 5021 tuum

383 5056 459 5110 sit
486 5061 700 5115 tecum,
730 5054 942 5124 inquit,
978 5052 1032 5104 in
1080 5052 1482 5121 perditionem,
1513 5056 1785 5124 quoniam
1828 5056 2026 5110 existi-

381 5146 555 5198 masti
586 5143 799 5196 donum
835 5140 931 5195 Dei
979 5155 1076 5206 per
1110 5140 1410 5209 pecuniam
1443 5157 1799 5211 comparare.
1834 5165 1861 5193 »
1894 5144 2020 5200 Non

378 5233 673 5303 estigitur
702 5247 893 5285 sermo
934 5229 1030 5284 Dei
1084 5239 1140 5281 ut
1180 5231 1398 5282 venalia
1440 5231 1608 5284 verba
1642 5233 2025 5304 ventriloqum

377 5338 507 5378 rum
560 5319 861 5383 Quodnam
894 5318 1045 5372 enim
1091 5318 1334 5386 pretium
1378 5318 1591 5388 aliquis
1624 5322 1719 5374 tlet
1752 5322 1849 5375 illo
1882 5338 2022 5378 con-

380 5406 660 5479 dignum?
687 5407 834 5461 Audi
885 5407 1155 5460 Davidem
1207 5408 1564 5463 haasitantem
1595 5414 1652 5464 et
1682 5414 1969 5466 «licentem
2000 5428 2013 5467 :

384 5522 412 5553 ι
440 5497 585 5563 Quid
618 5497 930 5550 retribuam
967 5499 1206 5551 Domino
1240 5512 1336 5564 pro
1379 5499 1653 5553 omnibus
1701 5517 1829 5569 quas
1856 5500 2018 5555 retri-

378 5587 496 5643 buit
529 5584 672 5640 mihi
700 5584 729 5637 ?
758 5604 787 5633 ι)
835 5582 960 5637 Non
1012 5584 1185 5654 igitur
1215 5585 1349 5641 licet
1378 5585 1515 5640 dare
1568 5588 1786 5641 donum
1834 5588 2017 5656 gratia

377 5677 504 5747 ejus
552 5675 929 5742 condignum.
974 5670 1213 5727 Unicum
1247 5680 1337 5730 est
1366 5675 1580 5729 donum
1611 5674 1851 5745 dignum
1884 5693 2018 5732 con-

377 5763 625 5827 servatio
683 5762 764 5820 rei
797 5763 1041 5819 donatis.
1101 5761 1204 5827 Qui
1239 5764 1330 5820 dat
1364 5764 1463 5819 tibi
1502 5762 1864 5832 thesaurum,
1896 5782 2014 5825 non

2133 4778 2451 4836 ἀποδίδοται
2490 4803 2499 4813 ·
2552 4807 2578 4834 ‹‹
2614 4783 2826 4857 Δωρεάν
2859 4783 2985 4858 γὰρ,
3035 4784 3220 4857 φησὶν,
3270 4781 3512 4853 ἐλάϐετε,
3560 4781 3768 4858 δωρεάν

2136 4869 2274 4925 δότε.
2315 4896 2341 4920 »ι
2391 4876 2546 4945 Ὁρᾷς
2579 4871 2725 4933 ὅπως
2774 4873 3120 4949 ἠγανάκτησε
3175 4873 3374 4946 Πέτρος
3422 4872 3508 4927 ἐπὶ
3555 4878 3637 4945 τῷ
3678 4876 3772 4930 Σί-

2138 4982 2300 5031 μωνι,
2359 4961 2616 5035 ἀργύριον
2680 4962 2813 5033 ὑπὲρ
2864 4963 2961 5031 τῆς
3017 4966 3114 5015 τοῦ
3174 4960 3481 5033 Πνεύματος
3538 4964 3768 5037 χάριτος

2131 5052 2561 5123 προσκομίσαντι
2590 5069 2602 5119 ;
2656 5075 2682 5101 ‹‹
2715 5056 2783 5104 Το
2816 5050 3067 5124 ἀργύριόν
3120 5071 3214 5104 σου
3245 5050 3337 5104 σὺν
3386 5051 3470 5104 σοὶ
3513 5049 3626 5121 ε’ίη,
3659 5074 3768 5129 φη·-

2130 5139 2235 5205 σῖν,
2296 5138 2369 5198 εἷς
2428 5140 2726 5205 ἀπώλειαν,
2784 5140 2867 5194 δτι
2920 5138 3173 5212 ἐνόμισας
3245 5140 3343 5207 τήν
3404 5136 3607 5214 δωρεάν
3665 5147 3765 5197 τοῦ

2130 5231 2261 5281 Θεοῦ
2296 5225 2385 5282 διὰ
2431 5235 2733 5303 χρημάτων
2766 5230 3012 5284 κτάσθαι.
3047 5251 3075 5280 ιι
3128 5227 3242 5285 Οὐκ
3280 5223 3419 5284 ἔστιν
3471 5228 3561 5284 οὖν
3594 5230 3622 5283 ὁ
3667 5233 3765 5283 τοῦ

2129 5315 2467 5391 Εὐαγγελίου
2516 5319 2685 5392 λόγος
2745 5320 2818 5377 ὡς
2864 5319 2929 5372 τά
2983 5315 3317 5389 πωλούμενα
3377 5317 3595 5393 ῥήματα
3649 5323 3758 5373 τῶν

2128 5403 2590 5479 ἐγγαστριμύθων.
2653 5406 2710 5460 Τί
2769 5407 2871 5481 γὰρ
2930 5404 2989 5460 ἄν
3048 5427 3131 5467 τις
3189 5406 3309 5477 δοίη
3371 5404 3538 5479 ἀξιον,
3595 5406 3762 5463 αὐτοῦ

2126 5492 2523 5567 άντάλλαγμα;
2586 5497 2786 5551 Ἀκουε
2840 5500 2936 5549 τοῦ
2995 5490 3160 5549 Δαϐἱδ
3227 5491 3612 5570 διαποροῦντος
3669 5497 3759 5551 καὶ

2127 5580 2377 5656 λέγοντος
2413 5603 2423 5613 ·
2479 5610 2499 5633 ι
2533 5585 2591 5637 Τί
2627 5581 2993 5637 ἀνταποδώσω
3040 5588 3120 5655 τῷ
3154 5583 3334 5658 Κυρίῳ
3380 5586 3504 5657 περί
3540 5585 3755 5640 πάντων

2125 5669 2197 5723 ὧν
2242 5668 2585 5726 ἀνταπέδωκέ
2638 5693 2765 5743 μοις
2806 5697 2833 5723 ››
2881 5671 2990 5727 Ούκ
3032 5669 3171 5727 ἔστιν
3220 5671 3313 5727 οὖν
3371 5670 3521 5747 δῶρα
3569 5670 3759 5727 δοῦναι

2124 5760 2245 5834 περὶ
2291 5759 2487 5815 τούτου
2532 5760 2749 5832 ἀντάξια
2795 5769 2894 5833 τῆς
2940 5760 3102 5817 αὐτοῦ
3149 5763 3376 5837 χάριτος
3411 5783 3423 5795 ·
3471 5761 3528 5817 ἓν
3583 5759 3757 5837 δῶρον
