4092 6300
338 340 452 404 209

1392 345 1812 407 SYNTAGMA
1860 345 2505 411 ALPHABETICUM.
2550 385 2626 396 —
2669 351 2741 411 Χ.

3624 348 3743 408 210

336 474 501 549 ἄξιον,
551 478 588 545 ἡ
639 473 862 554 φυλακῆ
911 478 1007 529 τοῦ
1056 472 1412 549 δωρηθέντος,
1461 477 1522 534 Ὁ
1572 473 1699 539 δούς
1749 498 1834 533 σοι
1891 478 1950 534 τὸ

2096 502 2342 571 pretium
2379 502 2617 573 requirit
2638 501 2719 558 rei
2740 502 2909 569 datae,
2962 500 3068 558 sed
3107 499 3427 563 custodiam
3485 498 3737 555 debitam

331 563 607 635 θησαυρδν
657 562 790 638 οὐχὶ
854 564 1024 636 τιμὴν
1082 565 1301 619 ἀπαιτεῖ
1350 569 1447 621 τοῦ
1506 563 1777 634 δοθέντος,
1835 566 1980 623 ἀλλὰ

330 654 586 732 ςυλακήν
614 653 765 726 ἀξίαν
796 652 896 708 τοῦ
928 650 1242 726 δεδομένού.

1035 743 1281 814 Νόμομ

402 833 528 890 Ἐάν
585 854 669 894 τις
717 830 808 889 διὰ
865 831 1070 895 δόσεως
1127 833 1358 908 χρυσίου
1412 831 1705 897 ἐπίσκοπος
1763 838 1798 906 ἢ
1846 835 1978 906 κλη-

329 925 488 998 ριχὸς
561 921 807 999 γένηται,
883 923 919 992 ἢ
977 919 1285 997 ξενοόόχος,
1352 923 1387 993 ἦ
1461 924 1881 1000 πτωχοτρόφος,
1940 926 1976 995 ἢ

326 1014 660 1085 νοσοκόμος,
721 1010 757 1081 ἢ
817 1008 1101 1081 διοικητὴς
1150 1011 1373 1087 εύαγοῦς
1421 1009 1748 1084 οἱουδήποτε
1791 1012 1976 1086 οῗκου,

327 1103 367 1172 ἢ
428 1098 616 1173 ἑτέρου
670 1101 817 1162 τινὸς
876 1098 1331 1169 ἐκκλησιαστικοῦ
1390 1103 1718 1174 φροντιστὴς
1787 1099 1975 1158 διακο-

324 1193 603 1262 νήματος,
649 1193 742 1246 καὶ
782 1192 811 1245 ὁ
860 1187 1010 1258 δοὺς,
1060 1190 1148 1245 καὶ
1181 1192 1209 1245 ὁ
1242 1185 1446 1257 λαϐὼν,
1494 1193 1581 1245 καὶ
1613 1193 1641 1246 ὁ
1675 1190 1838 1265 μέσος
1889 1214 1976 1267 γε-

322 1281 579 1351 νόμενος,
630 1287 730 1349 τῆς
787 1281 1109 1353 ἱερωσύνης,
1158 1279 1193 1348 ἢ
1243 1284 1339 1335 τοῦ
1384 1280 1619 1354 κλήρου,
1657 1281 1691 1350 ἢ
1744 1289 1843 1351 τῆς
1881 1280 1973 1356 ἐμ-

324 1371 715 1440 πιστευθείσης
746 1366 1093 1439 διοικήσεως,
1120 1369 1669 1443 ἆπεγυμνούσθωσαν.

401 1459 467 1515 Εἰ
518 1456 576 1513 δέ
628 1479 714 1520 τις
768 1462 877 1513 τῶν
932 1456 1239 1514 ἐπισκόπων
1270 1459 1307 1527 ἢ
1346 1457 1651 1532 κληρικῶν,
1699 1460 1811 1515 εἴτε
1866 1461 1972 1536 πρὸ

318 1555 428 1616 τῆς
490 1547 854 1622 χειροτονίας,
918 1545 1025 1604 ε’ίτε
1090 1551 1225 1621 μετὰ
1276 1551 1465 1615 ταῦτα,
1536 1548 1597 1603 ἐκ
1648 1554 1756 1604 τῶν
1815 1549 1967 1605 ἰδίων

320 1637 666 1711 πραγμάτων
724 1636 908 1692 δοῦναι
961 1636 1261 1711 βουληθείη
1310 1643 1379 1711 τῇ
1427 1637 1713 1709 ἐκκλησίᾳ,
1775 1639 1851 1701 εἷς
1900 1641 1967 1709 ἢν

319 1725 708 1801 ἐπεκηρύχθη,
756 1728 820 1782 οὐ
874 1726 1042 1800 μόνον
1081 1724 1143 1781 οὒ
1180 1727 1490 1800 κωλύομεν,
1529 1726 1675 1782 ἀλλὰ
1716 1728 1803 1782 καὶ
1844 1750 1969 1784 παν-

315 1813 412 1879 τός
441 1814 670 1870 ἐπαίνου
706 1814 854 1886 ἄξιον
887 1817 1163 1890 κρίνομεν.

359 1924 520 2000 Περί
560 1927 1097 2002 κανονικοῦηκαὶ
1134 1929 1258 2002 τῷν
1306 1925 1465 2001 ὑπέρ
1504 1926 1929 2002 χειροτονίας

949 1994 1348 2070 διδομένων.

392 2086 483 2157 Ἐξ
531 2084 703 2155 αὐτῆς
759 2092 861 2156 τῆς
921 2087 1139 2159 κώμης,
1199 2089 1250 2141 ἐν
1399 2086 1539 2143 ἐστιν
1588 2090 1623 2157 ἡ
1679 2086 1965 2162 ἒκκλησία,

310 2175 452 2231 κατὰ
506 2174 798 2248 ἀναλογίαν
852 2179 962 2230 τῶν
1021 2178 1224 2245 τόπων,
1281 2176 1457 2252 κρίσει
1510 2182 1608 2233 τοῦ
1665 2177 1965 2234 ἐπισκόπου

313 2268 365 2320 οἱ
402 2265 671 2341 κληριγοὶ
730 2266 1269 2340 χειροτονείσθωσαν,
1312 2268 1401 2323 καὶ
1446 2270 1547 2336 τήν
1594 2268 1797 2324 οἰκείαν
1842 2269 1962 2325 ἐπι-

312 2357 734 2430 γενωσκὲτωσαν
792 2355 1181 2429 κεφαλιτιῶνα.
1242 2359 1414 2434 Χάριν
1465 2357 1522 2413 δὲ
1566 2363 1663 2414 τοῦ
1708 2360 1962 2415 τοιούτου

315 2451 626 2511 κανονικοῦ⁹
684 2448 771 2501 καὶ
839 2451 949 2502 τῶν
1019 2449 1152 2523 ὑπὲρ
1240 2449 1585 2524 χειροτονίας
1659 2446 1961 2524 διδομένων

319 2538 587 2607 συνήθως,
640 2532 938 2609 διορίζεται
976 2537 1039 2592 τὸ
1091 2532 1511 2613 χρυσόϐουλλον
1552 2542 1651 2594 τοῦ
1699 2537 1958 2613 ἀοιδίμου

322 2627 590 2700 βασιλέως
632 2627 903 2683 Ἰσαακίου
932 2632 1030 2683 τοῦ
1080 2632 1369 2701 Κομνηνοῦ
1414 2630 1550 2705 πρὸς
1596 2634 1713 2693 τοῖς
1760 2628 1955 2694 ἄλλοις

316 2717 401 2771 λαὶ
430 2712 607 2771 ταῦτα
638 2735 653 2748 ο
694 2720 868 2771 Τυποῖ
912 2718 1039 2793 γὰρ,
1090 2718 1275 2791 φηςὶν,
1324 2720 1360 2786 ἠ
1412 2717 1663 2792 βασιλεία
1716 2731 1821 2793 μου
1867 2719 1954 2775 ἐπὶ

306 2810 371 2879 τῇ
424 2806 751 2879 χειροτονίᾳ
807 2808 913 2860 τῶν
974 2806 1181 2881 ἱερέων,
1241 2805 1333 2861 καὶ
1390 2806 1478 2862 ἐπὶ
1535 2812 1615 2879 τῷ
1670 2813 1953 2880 κανονικῷ,

302 2894 395 2948 τὸν
440 2893 681 2949 παλαιὸν
731 2893 967 2970 ἐνεργεῖν
1006 2915 1193 2965 τυπον,
1233 2895 1323 2950 καὶ
1365 2893 1536 2969 μηδὲν
1578 2895 1664 2951 ἐπὶ
1713 2899 1781 2969 τῇ
1834 2917 1953 2972 χει-

302 2982 526 3056 ροτονία
561 2978 862 3055 λαμϐάνειν
907 2982 1077 3039 πλέον
1124 2984 1216 3039 τὸν
1266 2989 1681 3059 χειροτονοῦντα
1726 2984 1951 3048 τούτους

296 3071 624 3142 ἒπίσκοπον,
671 3071 865 3141 ἀλλ’ἢ
911 3073 1053 3146 μόνα
1089 3073 1155 3128 τὰ
1207 3071 1342 3128 ἐπτά
1387 3079 1566 3148 χρυσᾶ
1613 3076 1947 3148 νομίσματα,

297 3162 474 3236 ἤγουν
505 3158 561 3216 ἓν
600 3162 717 3232 μὲν,
761 3161 849 3217 ὅτε
896 3165 1047 3217 ποιεῖ
1087 3161 1246 3217 αὐτὸν
1292 3162 1660 3239 ἀναγνώστην,
1707 3164 1832 3238 τρία
1864 3162 1942 3235 δὲ,

301 3250 393 3304 ὅτε
443 3256 756 3324 χενροτονεῖ
801 3249 962 3306 αὐτὸν
1011 3248 1276 3319 διάκονον,
1332 3251 1420 3305 καὶ
1464 3249 1621 3326 ἕτερα
1666 3251 1811 3328 τρία,
1854 3251 1944 3309 ὅτε

301 3338 521 3413 πληροῖ
576 3340 742 3394 αὐτὸν
800 3337 966 3412 ἱερὲα.
1018 3335 1365 3396 Ἐπιϐεϐαιοῖ
1411 3337 1469 3395 δὲ
1531 3344 1691 3396 τοῦτο
1737 3342 1825 3396 καὶ
1882 3344 1945 3398 τὸ

302 3424 589 3483 συνοδικὸν
630 3429 889 3506 ψήφισμα
935 3430 997 3483 τὸ
1045 3430 1267 3505 γεγονὸν
1316 3428 1405 3484 ἐπὶ
1454 3434 1551 3484 τοῦ
1599 3432 1945 3509 πατριάρχου

302 3517 565 3592 Μιχαὴλ,
597 3518 625 3572 ὃ
655 3518 745 3572 καὶ
774 3520 922 3587 ζήτει
962 3519 1096 3571 κατὰ
1135 3518 1198 3573 τὸ
1237 3522 1298 3586 ιζ’
1335 3517 1630 3595 κεφάλαιον
1667 3524 1764 3574 τοῦ
1807 3539 1942 3594 παρ-

303 3606 458 3668 όντος
498 3605 797 3683 στοιχείου.
849 3606 1120 3668 Ὡσαύτως
1167 3608 1252 3662 καὶ
1317 3608 1447 3683 ὑπὲρ
1494 3612 1593 3663 τοῦ
1640 3613 1939 3683 κανονικοῦ,

301 3697 409 3751 ἀπὸ
456 3700 555 3749 τοῦ
602 3693 828 3770 ἔγοντος
881 3695 1093 3769 χωρίου
1139 3697 1433 3770 τριάκοντα
1480 3697 1736 3767 καπνοὺς,
1788 3699 1947 3772 νόμι-

300 3805 413 3857 σμα
472 3788 711 3858 χρυσοῦν
767 3784 847 3855 ἓν,
908 3784 1114 3860 ἀργυρᾶ
1172 3783 1290 3854 δύο,
1349 3787 1498 3861 κριὸν
1574 3785 1688 3855 ἕνα,
1746 3790 1941 3863 κριθῇς

299 3872 531 3945 μοδίους
556 3871 634 3944 ἕξ,
667 3873 818 3929 σ’ίνου
874 3876 1043 3948 μέτρα
1086 3874 1161 3945 ἓξ,
1211 3874 1447 3950 ἀλεύρου
1493 3872 1719 3947 μὸδίους
1745 3876 1819 3949 ἓξ,
1852 3878 1941 3931 καὶ

296 3961 480 4037 ὄρνεις
509 3963 820 4038 τριάκοντα.
855 3962 1031 4019 Ἀλλὰ
1066 3965 1153 4018 καὶ
1182 3961 1363 4038 ἕτερον
1407 3962 1689 4019 συνοδικὸν
1740 3966 1943 4038 σημεί-

292 4076 425 4128 ωμα
454 4054 672 4129 γέγονεν
717 4054 805 4109 ἐπὶ
848 4057 945 4109 τοῦ
982 4054 1327 4133 πατριάρχου
1377 4054 1672 4125 Νικολάου,
1720 4054 1941 4112 κελεῦον

290 4144 433 4200 κατᾶ
491 4144 554 4198 τὸ
611 4146 857 4198 τοιοῦτον
928 4137 1346 4219 χρυσόϐουλλον
1413 4141 1653 4199 δίδοσθαι
1718 4144 1783 4200 τὰ
1843 4166 1940 4200 κα-

288 4234 509 4303 νονικᾶ,
539 4234 628 4287 καὶ
653 4235 719 4287 τὰ
752 4233 886 4308 ὑπὲρ
916 4234 1281 4308 χειροτονίας.

481 4328 736 4377 ΚΕΦΑΛ.
782 4322 899 4378 ΚΘ’.
934 4322 1092 4397 Περὶ
1124 4326 1352 4397 χηρῶν
1397 4330 1755 4396 γυναικῶν.

367 4413 530 4481 Ζήτει
560 4412 623 4465 τὸ
653 4411 701 4464 α’
730 4410 1024 4489 κεφάλαιον
1053 4416 1150 4466 τοῦ
1184 4418 1221 4466 Γ
1250 4413 1552 4486 στοιχείου.

292 4522 559 4575 ΚΕΦΔΛ.
594 4517 1017 4610 Α’..Περῖἒῶγ
1061 4518 1529 4611 χλευαςόντων
1567 4521 1718 4581 τοὺς
1760 4522 1937 4577 ἀσθεο

642 4593 766 4652 νῶς
795 4593 909 4646 τοῦ
939 4591 1026 4645 σώ
1047 4591 1249 4665 μἀτος
1280 4591 1593 4664 ἔχοντας.

363 4680 525 4750 Ζήτει
556 4679 619 4734 τὸ
648 4680 697 4733 α’
724 4699 844 4757 κεφ.
874 4684 971 4736 τοῦ
1002 4686 1041 4734 Υ
1070 4680 1368 4756 στοιχείου.

288 4792 548 4863 ΚΒείξΔΛ.
598 4786 704 4863 AA:
750 4787 907 4859 Περὶ
954 4789 1068 4863 τοῦ
1122 4787 1320 4863 ἁγίου
1365 4786 1936 4863 χρίσματοςηκαὶ

361 4857 544 4938 τίνες
578 4857 899 4938 χρίονται
926 4857 1320 4938 ,μόνονςτῶν
1368 4857 1936 4938 προσερχομένων

362 4933 441 5003 τῇ
473 4926 852 5001 Ἐκκλησίᾳ
879 4926 1062 5003 αἴρετ
1081 4933 1235 4985 ικῶν
1254 4976 1269 4988 .

361 5038 524 5107 Ζήτει
580 5034 634 5090 ἐν
672 5039 754 5105 τῷ
801 5034 847 5088 θ’
896 5055 1016 5109 κεφ,
1065 5040 1162 5091 τοῦ
1212 5044 1261 5092 Μ
1323 5036 1602 5114 στοιχείου
1651 5038 1847 5093 κανόνα
1894 5038 1937 5099 ς’

284 5131 388 5195 τῆς
437 5125 491 5179 ἐν
540 5124 860 5200 Καρθαγὲνῃ
911 5122 1163 5196 συνόδου,
1203 5127 1295 5182 καὶ
1343 5126 1395 5180 ἐν
1426 5132 1504 5200 τῷ
1534 5129 1581 5182 α’
1609 5133 1855 5205 κεφ.,τοῦ
1899 5130 1934 5183 Β

291 5214 569 5290 στοιχείου
624 5213 825 5270 κανόνα
891 5218 988 5287 μη¹
1046 5222 1144 5284 τῆς
1202 5214 1256 5270 ἐν
1316 5214 1608 5288 Λαοδικείᾳ
1682 5215 1933 5284 συνόδου,

288 5306 378 5357 καὶ
425 5302 478 5359 ἐν
518 5309 599 5378 τῷ
634 5305 678 5379 β’
728 5323 850 5381 κεφ.
899 5307 1002 5359 τοῦ
1040 5307 1085 5362 Α
1124 5306 1401 5382 στοιχείου
1453 5308 1651 5363 κανόνα
1683 5313 1722 5377 ζ’
1750 5313 1849 5376 τῆς
1885 5308 1933 5380 β’

290 5390 538 5451 συνόδου.
1872 5406 1883 5417 ⁸

480 5488 739 5543 ΚΒΦΑΛ.
788 5486 915 5540 ΛΒ¹.
962 5484 1129 5555 Περί
1172 5490 1739 5559 Χριστιανισμοῦ.

357 5571 421 5629 Ὁ
474 5576 560 5648 ρη¹
614 5574 799 5629 κανὼν
863 5577 965 5641 τῆς
1025 5570 1079 5627 ἐν
1139 5575 1444 5650 Καρθαγένῃ
1518 5571 1742 5629 συνόδου
1806 5573 1934 5633 τοὺς

286 5663 386 5733 τήν
446 5660 665 5737 ἄσκησιν
732 5658 1168 5742 εἷσδεχομὲνους
1221 5667 1328 5721 τῶν
1386 5665 1720 5740 Χριστιανῶν
1778 5659 1928 5715 ἐλευο

1974 4593 2021 4659 D

2092 589 2248 644 dono
2279 589 2497 647 oblato.

2825 771 3006 838 Leges.

2159 854 2221 909 Si
2251 854 2376 924 quis
2401 857 2645 927 pecunia
2675 858 2810 913 data
2839 858 3149 929 episcopus
3192 860 3295 912 aut
3341 856 3588 913 clericus
3612 854 3735 922 ﬁat,

2086 943 2172 998 vel
2205 945 2656 1017 peregrinorum,
2687 946 2773 1002 vel
2807 963 3145 1018 pauperum,
3185 945 3271 1003 vel
3328 945 3734 1017 ogrotautium

2091 1035 2417 1104 praefectus,
2448 1041 2549 1091 aut
2596 1037 3032 1092 administrator
3076 1037 3476 1108 cujuscunque
3523 1035 3734 1091 domus

2084 1122 2201 1178 Deo
2234 1128 2604 1192 consecrata),
2637 1124 2724 1180 vel
2775 1124 2926 1180 alius
2987 1124 3365 1182 ecclesiastici
3424 1123 3733 1180 ministerii

2082 1216 2332 1281 curator,
2360 1218 2416 1269 et
2455 1215 2505 1269 is
2534 1213 2631 1285 qui
2663 1214 2784 1281 dat,
2834 1220 2888 1270 et
2918 1216 3015 1286 qui
3057 1214 3288 1285 accipit,
3329 1219 3386 1268 et
3428 1212 3730 1280 mediator,

2081 1302 2403 1357 sacerdotio
2432 1318 2539 1357 suo
2570 1309 2669 1358 aut
2699 1302 2872 1372 clero,
2923 1311 3023 1359 aut
3078 1304 3411 1359 concredita
3467 1302 3731 1357 admini-

2081 1390 2361 1446 strationc
2392 1389 2798 1461 privabuntur.

2146 1477 2205 1533 Si
2243 1478 2374 1549 quis
2425 1483 2617 1535 tamen
2663 1479 2975 1552 episcopus
3007 1479 3092 1536 vel
3124 1479 3371 1536 clericus
3400 1483 3532 1534 ante
3566 1480 3714 1534 ordi-

2076 1568 2372 1623 nationem
2402 1584 2590 1634 suam,
2625 1569 2706 1624 vel
2744 1573 2873 1640 post
2902 1567 3086 1638 illam,
3121 1570 3191 1625 de
3220 1568 3389 1624 bonis
3434 1568 3556 1623 suis
3603 1568 3708 1622 lar-

2076 1656 2186 1728 giri
2247 1656 2379 1711 velit
2424 1657 2711 1723 Ecclesiae,
2780 1658 2851 1713 ad
2927 1674 3105 1729 quam
3158 1662 3391 1713 vocatus
3437 1662 3545 1723 est,
3608 1673 3721 1711 non

2075 1743 2267 1800 solum
2326 1761 2437 1800 non
2500 1744 2897 1817 prohibemus,
2957 1749 3057 1802 sed
3108 1746 3283 1802 etiam
3343 1745 3501 1802 omni
3551 1745 3723 1802 laude

1996 1846 2046 1913 Β
2074 1833 2318 1905 dignum
2349 1835 2736 1891 decernimus.

2075 1923 2151 1978 De
2175 1922 2457 1992 canonico,
2486 1931 2537 1980 et
2566 1924 2639 1980 iis
2675 1938 2798 1996 qua!
2851 1940 2957 1997 pro
3001 1925 3365 1992 ordinatione,
3414 1925 3719 1981 solvuntur.

2147 2084 2227 2140 Ex
2272 2086 2475 2142 eodem
2526 2085 2649 2142 vico
2709 2086 2809 2143 ubi
2856 2092 2946 2143 est
3012 2087 3277 2157 ecclesia,
3341 2104 3445 2159 pro
3502 2089 3722 2145 ratione

2072 2171 2358 2244 locorum,
2387 2182 2442 2230 et
2472 2176 2819 2232 discretione
2847 2176 3103 2246 episcopi
3142 2176 3335 2232 clerici
3354 2176 3719 2248 ordinentur,

2067 2265 2125 2318 et
2155 2263 2453 2335 proprium
2484 2271 2803 2335 agnoscant
2832 2265 3173 2337 capitulum.
3229 2264 3480 2335 Hujusce
3529 2269 3720 2322 autem

2071 2352 2332 2408 canonici
2360 2368 2551 2420 causa,
2585 2358 2642 2409 et
2669 2369 2870 2409 eorum
2920 2370 3048 2425 quea
3100 2369 3200 2425 pro
3254 2354 3618 2411 ordinatione
3648 2371 3717 2411 ex

2069 2442 2486 2496 consuetudine
2516 2441 2651 2497 data
2691 2446 2879 2512 erant,
2924 2445 3112 2498 Aurea
3152 2442 3315 2500 Bulla
3370 2444 3715 2501 venerabilis

2066 2530 2433 2601 imperatoris
2458 2530 2653 2586 lsaacii
2684 2530 3008 2599 Commeni,
3039 2530 3192 2587 inter
3241 2530 3374 2600 alia,
3441 2532 3560 2589 hoc
3618 2533 3716 2588 de-

2067 2621 2271 2675 cernit.
2352 2619 2564 2676 Statuit
2630 2620 3004 2693 imperatoria
3090 2637 3217 2676 mea
3268 2621 3566 2692 majestas,
3648 2626 3713 2678 ut

2065 2726 2169 2781 pro
2226 2713 2596 2769 ordinatione
2644 2713 3035 2784 sacerdotum,
3093 2717 3149 2769 et
3211 2713 3490 2770 canonico
3547 2717 3711 2771 vetus

2064 2800 2247 2857 forma
2285 2802 2565 2870 obtineat,
2618 2806 2676 2858 et
2717 2800 2860 2858 nihil
2892 2801 3148 2875 amplius
3197 2818 3294 2872 pro
3345 2802 3709 2859 ordinatione

2062 2888 2311 2959 alicujus
2368 2890 2671 2963 episcopus
2738 2891 2836 2962 qui
2893 2891 3146 2959 ordinat,
3197 2890 3454 2962 recipiat,
3504 2908 3705 2964 quam,

2060 2975 2213 3032 solos
2267 2986 2489 3051 septem
2547 2995 2756 3037 aureos
2813 2995 3111 3047 nummos,
3167 2978 3436 3036 videlicet
3497 2996 3702 3051 unum,

2059 3065 2290 3136 quando
2320 3082 2453 3123 eum
2486 3067 2758 3123 lectorem
2792 3075 2963 3135 creat,
2996 3072 3115 3124 tres
3156 3083 3287 3124 vero
3344 3083 3478 3123 cum
3511 3068 3703 3126 diaco-

2055 3160 2260 3210 natum
2318 3156 2559 3223 confert,
2630 3159 2686 3213 et
2743 3155 2888 3212 alios
2942 3161 3082 3225 tres,
3151 3155 3386 3228 quando
3434 3158 3703 3214 sacerdo-

2054 3248 2170 3301 tem
2225 3247 2467 3318 pertlcit.
2519 3248 2588 3303 Et
2642 3247 2914 3304 similiter
2962 3248 3257 3305 decretum
3328 3248 3697 3319 synodicum,

2056 3336 2208 3407 quod
2244 3335 2531 3392 sancitum
2564 3341 2653 3392 est
2690 3338 2795 3393 sub
2835 3335 3112 3393 Michaele
3142 3336 3482 3408 patriarcha
3519 3340 3697 3411 (quod

2054 3423 2184 3480 vide
2215 3425 2283 3480 ad
2340 3442 2464 3498 cap.
2500 3426 2564 3479 17
2608 3426 2849 3497 hujusce
2883 3425 3178 3499 elementi)
3220 3427 3607 3500 procanonico
3663 3446 3697 3485 a

2053 3511 2198 3581 loco,
2258 3514 2357 3585 qui
2391 3517 2460 3571 30
2481 3514 2735 3572 caminos
2783 3516 2977 3585 habet,
3011 3531 3189 3572 unum
3251 3532 3552 3573 nummum
3585 3535 3696 3573 au-

2054 3616 2239 3670 reum,
2274 3606 2761 3672 argenteosduos,
2794 3605 3033 3661 arietem
3087 3620 3269 3660 unum
3325 3605 3525 3661 hordei
3571 3622 3695 3662 mo-

2052 3688 2177 3746 dios
2208 3692 2477 3758 sex,viui
2526 3708 2823 3749 mensuras
2881 3710 2999 3755 sex,
3059 3692 3233 3750 tritici
3293 3693 3513 3750 modios
3570 3709 3690 3766 sex,

2051 3782 2109 3834 et
2138 3795 2267 3835 aves
2292 3779 2548 3851 triginta.
2591 3781 2700 3837 Sed
2755 3786 2812 3838 et
2841 3781 2998 3837 aliud
3055 3782 3308 3838 edictum
3348 3783 3689 3853 synodicum

2053 3866 2267 3924 factum
2304 3874 2391 3925 est
2423 3872 2528 3925 sub
2561 3871 2888 3943 patriarcha
2912 3870 3167 3939 Nicolao,
3195 3871 3347 3942 quod
3377 3873 3694 3930 secundum

2051 3957 2203 4014 hanc
2235 3962 2483 4014 Auream
2519 3960 2736 4015 Bullnm
2783 3960 2922 4015 solvi
2957 3960 3127 4031 jubet
3148 3962 3286 4031 jura
3323 3962 3601 4020 canonica
3641 3966 3700 4018 et

2050 4064 2177 4120 qua
2210 4064 2311 4120 pro
2342 4048 2714 4105 ordinatione
2740 4048 2883 4121 erigi
2917 4050 3124 4106 solent.

2503 4325 2651 4381 CAP.
2686 4325 2893 4381 XXIX.
2923 4328 2994 4382 De
3027 4325 3230 4383 Viduis.

2118 4412 2274 4469 Vide.
2309 4429 2435 4485 cap.
2472 4415 2491 4468 1
2534 4414 2643 4469 litt.
2678 4419 2732 4469 Γ.

2046 4521 2196 4577 CAP.
2224 4521 2386 4578 ΧΧΧ.
2421 4522 2493 4579 De
2513 4523 2597 4596 his
2646 4527 2740 4589 qui
2780 4524 3117 4596 inﬁrmitate
3172 4524 3367 4595 aliqua
3413 4524 3695 4596 corporali

2546 4595 2856 4651 laborantes
2924 4595 3189 4653 derident.

2189 4684 2407 4749 Quare.
2441 4701 2564 4756 cap.
2606 4685 2762 4741 llilt.
2803 4685 2871 4741 Y.

2046 4788 2231 4864 210_
2254 4789 2410 4864 CAP.
2444 4790 2629 4847 XXXI.
2664 4793 2735 4848 Dc
2769 4808 2931 4849 sacro
2976 4793 3266 4848 chrismate
3300 4808 3312 4846 :
3362 4795 3415 4847 et
3458 4791 3689 4864 quinam

2113 4877 2183 4916 ea:
2211 4862 2509 4931 haereticis,
2541 4866 2639 4933 qui
2686 4865 2760 4918 ad
2817 4864 3113 4919 Ecclesium
3169 4862 3538 4928 revertuntur,
3593 4878 3691 4931 per

2114 4933 2288 4988 solum
2309 4934 2623 4990 unctioiiem
2648 4936 3013 5007 recipiuntur.

2111 5038 2357 5094 Consule
2434 5039 2490 5093 in
2567 5056 2696 5111 cap.
2760 5042 2796 5094 9
2850 5041 2963 5097 litt.
3014 5042 3064 5096 M
3123 5053 3404 5095 canonem
3455 5042 3678 5092 sextum

2042 5126 2249 5198 synodi
2324 5128 2817 5198 Carthaginensis,
2850 5136 2907 5186 et
2955 5130 3014 5183 in
3080 5145 3205 5199 cap.
3270 5130 3288 5181 l
3341 5128 3449 5180 litt.
3500 5126 3538 5179 Β
3587 5142 3679 5182 ca-

2043 5232 2272 5271 nomem
2333 5216 2401 5270 48
2457 5218 2685 5271 concilii
2722 5218 3047 5282 Laodiceni,
3101 5223 3158 5272 et
3214 5217 3270 5270 in
3329 5232 3455 5283 cap.
3503 5217 3537 5269 ‘2
3572 5213 3682 5269 litt.

2041 5306 2085 5359 A
2112 5320 2393 5360 cenonem
2425 5307 2459 5357 7
2483 5307 2710 5377 synodii
2768 5310 3054 5363 secundae.

2359 5487 2509 5543 CAP.
2542 5487 2763 5544 XXXII.
2799 5490 2871 5543 De
2912 5489 3350 5545 Christianismn.

2110 5572 2304 5629 Canon
2351 5577 2452 5631 108
2507 5576 2737 5633 concilii
2782 5576 3253 5647 Carthaginensis
3310 5575 3406 5646 qui
3459 5572 3677 5642 profes-

2040 5662 2266 5721 sionem
2296 5664 2417 5721 sive
2449 5664 2786 5722 exercitium
2824 5664 3283 5724 Christiauorum
3324 5660 3673 5731 suscipiunt.
