4092 6300
328 357 441 418 211

1291 352 1673 416 ΜΛΤΤΗΕΙ
1718 355 2151 420 BLASTARlS
2195 357 2555 418 CARMINA
2600 357 2780 418 DUO.

3610 357 3727 418 212

330 503 403 545 ex
428 487 725 546 voluntate
754 485 955 551 libera,
988 490 1044 540 et
1073 501 1179 541 sua
1208 488 1414 556 sponte
1452 486 1523 542 ad
1582 486 1756 543 ﬁdem
1813 503 1978 545 acce-

2125 482 2219 560 έρᾳ
2267 485 2576 560 προαιρέσει
2615 487 2705 539 καὶ
2757 485 3085 556 αὐτεξουσίῳ
3153 486 3445 558 νομοθετεῖ
3503 485 3731 555 προσιέ-

331 578 469 634 dere
497 577 747 646 ordinat,
782 591 895 630 non
938 578 1131 630 autem
1169 588 1273 646 per
1321 574 1435 629 vim
1483 578 1655 646 atque
1683 592 1754 633 ex
1788 593 1978 633 neces-

330 666 507 723 sitate
532 682 547 732 ;
577 664 687 721 ista
717 680 883 721 enem
915 680 1104 735 neque
1121 663 1289 718 ﬁrma
1317 666 1456 719 sunt
1472 680 1660 735 neque
1687 665 1979 721 diuturna.

330 756 475 812 Nam
533 754 803 809 virtutem
880 770 945 809 ex
1011 751 1287 807 electione
1354 768 1483 808 esse
1555 758 1802 823 Oportet,
1863 771 1981 810 non

333 852 592 901 coactam
625 852 680 899 et
717 842 980 898 invitam.
1032 840 1517 896 Exercitationem
1564 858 1698 899 vero
1748 859 1977 900 nuncu-

331 949 479 1005 pane
517 931 727 1001 innuit,
777 931 935 1002 quod
994 929 1253 1001 quemvis
1294 928 1693 986 Christianum
1758 935 1986 1001 oportet

331 1022 600 1079 virtutem
651 1034 934 1088 exercere,
975 1036 1042 1075 ac
1081 1019 1496 1074 continentiam
1519 1026 1577 1074 et
1609 1021 1980 1090 pudicitiam,

333 1116 390 1165 et
419 1126 535 1183 pre
565 1109 788 1164 caeteris
809 1107 1156 1165 charitatem
1197 1121 1328 1175 erga
1374 1121 1593 1163 omnes.
1640 1108 1717 1162 Ita
1766 1113 1832 1164 ut
1879 1109 1986 1178 qui

342 1215 456 1254 non
490 1199 597 1255 hoc
628 1196 800 1253 modo
830 1196 1003 1260 vivat,
1038 1194 1275 1252 nomine
1304 1199 1474 1250 tenus
1494 1195 1862 1253 Christianus
1885 1197 1980 1265 sit,

2090 595 2177 630 ναι
2229 578 2298 649 τῇ
2357 575 2559 645 πίστει,
2608 572 2754 628 ἀλλὰ
2806 575 2881 647 μή
2934 574 3049 648 βίᾳ,
3101 571 3221 647 μδδ¹
3251 573 3301 646 ἐξ
3333 572 3609 648 ἀνάγκης⁶
3659 576 3733 629 τὰ

2091 665 2195 740 γὰρ
2242 667 2463 719 τοιαῦτα
2520 665 2587 719 οὐ
2643 658 2857 739 βέϐαια,
2902 660 3027 718 οὐδὲ
3069 664 3301 736 νόμιμα.
3354 664 3582 734 Αίρετήν
3626 664 3732 739 γὰρ

2092 754 2225 808 εἶναι
2276 750 2358 808 δεῖ
2397 754 2497 821 τὴν
2553 754 2766 825 ἀρετήν,
2800 750 2926 807 ἀλλ’
2973 752 3035 805 οὐ
3088 745 3476 826 βεϐιασμένην,
3509 751 3544 820 ἢ
3576 751 3737 806 ἀκού-

2095 862 2230 896 σιον.
2277 842 2540 911 ’Ἂσκησιν
2592 837 2651 895 δὲ
2702 840 2895 908 νίπὼν,
2955 837 3221 916 ἐνέφηνεν,
3281 840 3365 893 δτι
3425 844 3596 894 πᾶσαν
3649 836 3737 893 δεῖ

2091 932 2183 986 τὸν
2231 931 2549 1005 Χριστιανὸν
2597 930 2793 1003 ἀρετὴν
2848 930 3052 998 ἀσκεῖν,
3111 928 3440 1003 ἐγκράτειαν,
3491 928 3579 983 καὶ
3628 949 3736 982 σω-

2096 1019 2394 1097 φροσύνην,
2428 1021 2516 1074 καὶ
2568 1020 2673 1093 πρό
2721 1040 2780 1093 γε
2826 1024 2935 1073 τῶν
2985 1016 3171 1074 ἄλλων
3220 1020 3319 1088 τήν
3371 1018 3447 1079 είς
3496 1019 3741 1085 ἅπαντας

2097 1109 2352 1184 ἀγάπην·
2399 1110 2473 1170 ὡς
2524 1109 2554 1163 ὅ
2597 1130 2659 1184 γε
2710 1110 2786 1181 μή
2833 1108 3004 1181 ταύτῃ
3065 1108 3219 1181 βιοὺς
3277 1109 3510 1180 ὀνόματι
3570 1106 3741 1180 μόνον

2095 1199 2433 1273 Χριστιανὸς,
2465 1196 2593 1253 ἀλλ’
2625 1197 2686 1252 οὗ
2716 1196 2995 1271 πράγματι
3029 1195 3269 1271 λέγεται.

339 1304 455 1345 BOD
501 1301 715 1343 revera.

406 1376 653 1449 Magnus
733 1378 926 1431 autem
994 1372 1243 1429 Basilius
1309 1372 1368 1426 in
1434 1389 1656 1431 canone
1703 1377 1810 1432 45:
1877 1376 1982 1439 Qui

2168 1382 2229 1435 Ὀ
2273 1376 2330 1432 δὲ
2381 1378 2545 1451 μέγας
2594 1376 2875 1437 Βασίλειος
2923 1375 2975 1429 ἐν
3028 1379 3108 1446 τῷ
3155 1375 3234 1446 με’
3282 1376 3489 1445 κανόνι,
3531 1375 3591 1431 Ὁ
3634 1373 3738 1439 τὴν

335 1481 546 1523 nomen
577 1464 892 1521 Christiani
930 1461 1203 1529 assumit,
1234 1466 1293 1517 et
1332 1463 1745 1519 mandatorum
1788 1471 1981 1520 trans-

2122 1472 2192 1523 τοῦ
2240 1470 2623 1540 Χριπιανοῦς,
2673 1463 2825 1540 φησὶ,
2877 1463 3254 1539 προσηγορίαν
3320 1462 3587 1539 εἰληφὼς,
3645 1462 3739 1515 καὶ

336 1556 631 1630 gressione
678 1553 975 1609 Christum
1033 1550 1387 1607 contumelia
1433 1552 1631 1621 afﬁcit,
1692 1554 1838 1609 nihil
1898 1553 1982 1608 illl

2122 1559 2191 1611 ἱιὰ
2225 1564 2326 1626 τῆς
2372 1560 2480 1609 τῶν
2530 1553 2766 1610 ἐντολῶν
2809 1548 3167 1627 παραϐάσεως
3218 1552 3311 1607 τὸν
3369 1551 3606 1626 Χριστὸν
3655 1549 3743 1602 ἐν-

337 1644 610 1701 conducit
672 1657 831 1698 mera
878 1638 1205 1712 appellatio.
1267 1639 1434 1694 Paria
1500 1641 1721 1697 scilicet
1792 1641 1982 1697 dicens

2122 1641 2359 1719 ϐρίζων,
2418 1642 2571 1699 οὐδὲν
2623 1643 2683 1698 ἒκ
2727 1650 2826 1712 τῆς
2879 1641 3191 1715 ἐπωνυμίας
3237 1641 3490 1695 ἀπώνατο
3543 1637 3741 1711 μόνης,

335 1750 467 1790 cum
546 1746 759 1803 magno
826 1728 1087 1784 Jacobo:
1163 1748 1191 1779 α
1269 1728 1417 1792 Quid
1476 1728 1667 1798 juvat,
1728 1734 1982 1801 rogante,

2122 1733 2309 1812 ὶδελφᾶ
2335 1739 2418 1807 τῷ
2452 1733 2680 1810 μεγάλῳ
2719 1734 3032 1809 φιλοσοφῶν
3084 1724 3352 1802 Ἰακώϐῳ,
3384 1754 3414 1782 ‹‹
3435 1734 3496 1785 Τί
3519 1729 3581 1783 τὸ
3612 1724 3743 1805 ὄφε-

340 1825 546 1880 fratres
594 1821 730 1887 mei,
761 1819 811 1873 si
842 1817 976 1891 quis
1023 1816 1199 1872 ﬁdem
1257 1832 1318 1871 se
1351 1816 1562 1874 habere
1592 1819 1769 1889 dicat,
1817 1835 1982 1890 opera

2122 1838 2222 1896 tog,
2272 1822 2500 1903 ἀδελφοί
2538 1845 2667 1896 μου,
2734 1821 3015 1900 φάσκοντι,
3078 1819 3172 1876 ἐὰν
3241 1821 3425 1874 πίστιν
3472 1839 3555 1881 τις
3602 1816 3741 1890 λέγῃ

342 1928 476 1970 vero
503 1927 619 1967 non
654 1907 903 1965 habeat?
931 1923 1073 1962 num
1094 1906 1239 1961 ﬁdes
1262 1905 1427 1961 illum
1461 1916 1629 1977 queat
1661 1908 1927 1964 servare?
1958 1928 1982 1957 η

2122 1920 2271 1991 Ῑχειν,
2302 1913 2433 1990 ἔργα
2465 1912 2521 1969 δὲ
2554 1915 2631 1986 μὴ
2664 1907 2769 1988 ἔχῃ
2796 1931 2809 1981 ;
2848 1935 2869 1961 ι
2909 1913 2984 1983 μή
3020 1908 3241 1966 δύναται
3272 1912 3307 1978 ἡ
3340 1907 3523 1969 πίστις
3574 1911 3743 1961 σῶσαι

341 2006 488 2058 Nam
547 2004 614 2054 ut
665 1997 972 2070 splendore
1027 1995 1309 2051 virtutum
1368 1995 1430 2051 in
1469 1996 1639 2052 nobis
1696 1996 1982 2052 relucente

2122 2006 2301 2075 ιύτόν;
2350 2007 2555 2079 ’Ὠσπερ
2587 2004 2690 2081 γὰρ
2737 2009 2839 2071 τῆς
2887 2001 3063 2074 αὐγῆς
3109 2004 3218 2054 τῶν
3249 1998 3456 2072 ἀρετῶν
3504 1995 3557 2050 ἐν
3603 1997 3743 2066 ἡμῖν

341 2088 702 2161 gloriﬁcatur
754 2086 929 2154 Deus,
982 2084 1149 2154 juxta
1204 2081 1400 2151 illud;
1459 2105 1487 2133 ‹‹
1519 2084 1835 2155 Splendeat
1890 2084 1982 2140 lux

2122 2094 2511 2170 ίστραπνοόσης
2541 2091 2814 2162 δοξάζεται
2846 2092 2874 2145 ὁ
2905 2091 3056 2159 Θεὸς,
3109 2087 3249 2144 λατὰ
3273 2086 3359 2156 τὸ,
3401 2109 3431 2138 ι(
3462 2084 3743 2158 Δαμψάτω

341 2181 529 2233 vestra
601 2190 797 2233 coram
865 2172 1224 2240 hominibus,
1280 2193 1309 2222 »
1383 2180 1514 2241 etc.,
1580 2173 1665 2228 ita
1740 2174 1991 2229 tenebris

342 2266 621 2322 vitiorum
670 2269 898 2319 nosmet
941 2259 1391 2317 obfuscantibus
1408 2261 1693 2333 contingit
1722 2265 1787 2317 ut
1835 2261 1990 2318 Deus

342 2353 724 2429 blasphemiis
739 2351 1145 2425 proscindatur
1174 2351 1347 2407 inter‘
1379 2354 1599 2419 gentes.

653 2528 805 2586 CAP.
835 2525 1088 2585 XXXIII.
1133 2528 1204 2582 De
1243 2527 1654 2599 ehorepiscopis.

418 2625 620 2689 Quaere
649 2635 776 2691 cap.
807 2618 873 2674 31
899 2619 1012 2673 litt.
1037 2622 1099 2673 Ε.

807 2706 1097 2765 INITIUM
1121 2705 1430 2761 Ll'lTEBIE
1458 2711 1531 2759 Ψ.

491 2800 645 2859 CAP.
691 2799 733 2853 Ι.
766 2795 1038 2866 Quomodo
1064 2795 1300 2866 psallere
1325 2803 1376 2850 et
1404 2810 1567 2851 orare
1585 2802 1820 2866 oportet.

419 2892 563 2949 Vide
585 2891 657 2945 35
685 2904 813 2959 cap.
845 2886 960 2941 litt.
992 2885 1057 2941 E.

615 2976 767 3032 CAP.
799 2973 866 3029 Il.
901 2974 974 3029 De
1000 2970 1313 3028 cantoribus
1333 2976 1385 3026 et
1415 2972 1722 3028 lectoribus.

421 3067 567 3122 Vide
630 3065 689 3119 in
746 3078 875 3132 cap.
951 3061 986 3114 9
1037 3059 1153 3115 litt.
1213 3059 1256 3114 E
1322 3075 1604 3116 canonem
1658 3061 1730 3115 23
1791 3061 1999 3131 synodi

350 3156 713 3213 Laodicenis.

2098 2186 2161 2240 τὸ
2220 2188 2334 2260 φῶς
2384 2183 2538 2255 ὑμῶν
2585 2176 2889 2254 ἔμπροσθεν
2934 2184 3042 2234 τῶν
3093 2176 3417 2252 ἀνθρώπων,
3452 2196 3483 2226 »
3529 2173 3618 2227 καὶ
3675 2173 3749 2226 τὰ

2101 2275 2246 2344 ἑξῆς,
2279 2274 2425 2327 οὕτω
2454 2276 2550 2327 τοῦ
2581 2270 2750 2345 ζόφου
2798 2267 3395 2343 προσαναχρωννόντος
3440 2265 3590 2336 ἡμᾶς
3634 2264 3746 2316 τῶν

2104 2367 2314 2434 παθῶν,
2372 2361 2817 2439 βλασφημεῖσθαι
2870 2360 2962 2414 τὸν
3032 2359 3163 2415 Θεὸν
3235 2349 3521 2429 συμϐαίνει
3599 2349 3748 2425 ποιρᾶ

2103 2461 2222 2518 τοῖς
2250 2450 2444 2512 ἔθνεσι.

2318 2549 2577 2599 ΚΕΦΑΛ.
2620 2543 2736 2598 Al".
2772 2548 2850 2597 Πε
2875 2539 2936 2614 pi
2966 2535 3528 2613 χωρεπισκόπων.

2176 2637 2331 2705 Ζήτει
2364 2635 2425 2688 τὸ
2456 2630 2540 2687 λα’
2569 2629 2862 2708 κεφάλαιον
2896 2632 2994 2684 τοῦ
3024 2632 3068 2685 Ε
3097 2624 3397 2704 στοιχείου.

2488 2727 2667 2778 ΑΡΧΗ
2712 2722 2840 2777 ΤΟΥ
2878 2724 2933 2773 Ψ
2976 2719 3365 2774 ΣΤΟΙΧΕΙΟΥ.

2143 2819 2399 2872 ΚΕΦΔΛ.
2445 2813 2502 2869 Α’
2565 2815 2705 2873 Πῶς
2738 2807 2837 2864 δεῖ
2887 2807 3172 2883 ψάλλειν
3202 2805 3313 2861 καὶ
3363 2801 3713 2878 εὔχεσθαι.

2178 2907 2336 2975 Ζήτει
2364 2904 2426 2957 τὸ
2456 2901 2530 2957 λε’
2558 2921 2677 2976 κεφ.
2709 2903 2806 2954 τοῦ
2837 2902 2881 2955 Ε
2911 2895 3212 2972 στοιχείου.

2145 2999 2403 3050 ΚΕΦΑΛ.
2449 2993 2518 3050 Β’.
2561 2989 2721 3064 Περὶ
2774 2986 3043 3063 ψαλτῶν
3089 2987 3200 3041 καὶ
3247 2985 3715 3058 ἂναγνωστῶν.

2178 3085 2335 3153 Ζήτει
2385 3080 2439 3137 ὲν
2488 3085 2569 3153 τῷ
2623 3081 2666 3134 θ’
2702 3099 2822 3157 κεφ.
2871 3077 2968 3132 τοῦ
3019 3083 3058 3132 Ε
3103 3073 3381 3152 στοιχείου
3430 3070 3624 3127 κανόνα
3668 3076 3759 3144 κγ’

2106 3177 2207 3241 τῆς
2236 3171 2288 3225 ἐν
2322 3167 2610 3240 Λαοδικείᾳ
2632 3165 2881 3224 συνόδου.

350 3246 508 3302 CAP.
544 3244 644 3300 Ill.
686 3240 837 3312 Quod
889 3239 1263 3328 haereticorum
1310 3237 1782 3310 pseudomartyree
1844 3254 1982 3311 sequi

2122 3232 2364 3315 Klu-JVIPAA.
2433 3260 2506 3313 l".
2572 3232 2722 3314 ’.Οτι
2770 3257 2935 3328 πρὸς
2974 3253 3125 3328 τεὸς
3191 3247 3755 3328 ψευδομάρτυρας

1021 3341 1133 3382 non
1190 3326 1338 3382 licet.

423 3425 622 3488 Quare
644 3421 708 3478 in
735 3422 772 3474 2
799 3433 925 3490 cap.
958 3414 1076 3472 litt.
1110 3420 1158 3471 Δ
1208 3430 1493 3472 canonem
1544 3416 1580 3470 9
1611 3419 1669 3472 et
1696 3416 1766 3471 34
1796 3417 2003 3489 synodi

358 3512 724 3570 Laodicencs.
1890 3570 1897 3579 1

496 3620 652 3675 CAP.
685 3620 779 3675 IV.
820 3617 1100 3686 Quomodo
1131 3618 1195 3675 in
1234 3613 1687 3672 ordinationibus
1733 3614 1872 3684 ﬁant

1044 3692 1342 3763 suﬂragia.

437 3780 638 3845 Quare
669 3778 729 3834 in
755 3777 871 3836 litt.
901 3778 947 3834 X
976 3796 1103 3851 cap.
1144 3782 1169 3834 1
1203 3783 1260 3834 et
1281 3778 1336 3834 2.

838 3866 1118 3924 lNITIUM
1142 3864 1471 3924 LITTERIE
1491 3869 1554 3919 Ω.

495 3956 651 4013 CAP.
687 3956 731 4011 Ι.
761 3958 1101 4025 Quibusnam
1162 3959 1290 4014 licet
1319 3955 1608 4012 horarium
1645 3959 1882 4022 gestare.

436 4045 582 4101 Vide
640 4045 699 4100 in
741 4061 915 4103 mono
957 4047 1147 4119 capite
1195 4047 1305 4102 litt.
1359 4044 1401 4100 E
1453 4057 1703 4100 canones
1742 4041 1814 4097 22
1868 4045 1927 4098 et
1950 4043 2023 4097 23

362 4134 589 4193 concilii
624 4134 738 4191 Lao
759 4135 977 4192 diceni.

2369 3334 2495 3384 τῶν
2534 3324 2893 3402 αἱρετικῶν
2933 3326 3004 3382 οὐ
3046 3324 3144 3380 δει
3184 3324 3486 3379 ἀπιέναι.

2185 3420 2344 3489 Ζήτει
2373 3417 2424 3472 ἐν
2466 3422 2546 3489 τῷ
2685 3437 2805 3493 κεφ,
2856 3420 2957 3471 τοῦ
3003 3418 3048 3472 Α
3092 3410 3371 3490 στοιχείου
3418 3407 3613 3466 κανόνα
3658 3413 3759 3476 τῆς

2114 3507 2167 3564 ἐν
2208 3505 2502 3579 Λαοδικείᾳ
2524 3504 2749 3562 συνόδου
2780 3508 2822 3561 θ’
2847 3506 2938 3560 καὶ
2974 3500 3084 3560 λδ’.

2155 3604 2408 3653 ΚΕΦΔΛ.
2464 3598 2544 3671 A'._
2577 3598 2820 3671 _"(_)7tme
2866 3594 2932 3648 αἱ
2976 3596 3190 3671 ψῆφοι
3234 3591 3555 3671 γίνονται
3598 3590 3725 3640 τῶν

2441 3667 2828 3741 μελλόντων
2869 3663 3447 3744 χειροτονεῖσθαι.

2194 3761 2352 3830 Ζήτει
2383 3762 2481 3813 τοῦ
2509 3759 2555 3813 Χ
2592 3754 2875 3835 στοιχείου
2904 3751 3201 3830 κεφάλαιον
3238 3756 3283 3805 ε’
3315 3748 3402 3805 καὶ

2514 3850 2709 3903 ΑΡΧΗ
2746 3849 2873 3901 ΤΟΥ
2910 3850 2953 3897 Ω
2991 3843 3379 3898 ΣΤΟΙΧΕΙΟΥ.

2367 3942 2623 3993 ΚΕΦΔΛ.
2668 3935 2747 3991 Α’.
2788 3934 2915 3989 Τίνα
2945 3929 3025 3987 δεῖ
3056 3931 3289 4007 ὡράριον
3321 3928 3520 4005 φέρειν.

2200 4034 2358 4102 Ζήτει
2390 4027 2441 4083 ἐν
2471 4032 2549 4100 τῷ
2588 4026 2630 4080 θ’
2673 4046 2795 4102 κεφ.
2835 4027 2933 4079 τοῦ
2983 4028 3023 4078 Ε
3071 4018 3346 4094 στοιχείου
3393 4016 3620 4080 κανόνας
3659 4021 3761 4085 τῆς

2132 4123 2184 4179 ἰν
2216 4118 2504 4190 Λαοδικείᾳ
2533 4113 2756 4172 συνόδου
2786 4115 2871 4190 κβ¹
2900 4113 2993 4168 καὶ
3018 4119 3120 4182 κγ’.

1145 4670 1955 4851 MATTH/EI
2045 4656 2989 4797 BLASTARIS

1738 4917 2155 4989 CARMINA
2202 4913 2395 4984 DUO

705 5135 868 5220 DE
970 5128 1584 5221 OFFlCIIS
1689 5122 2376 5217 ECCLESI/E
2473 5119 2637 5205 ET
2736 5113 3116 5206 AULZE
3221 5112 3406 5199 ΟΡ.

964 5358 1235 5423 Exstant
1252 5358 1328 5440 ξίη
1346 5364 1517 5439 potis
1549 5355 1737 5419 Gauri
1780 5353 1862 5416 ad
1888 5349 2212 5416 Codinum.
2260 5345 2397 5407 Vide
2429 5346 2569 5405 to'm.
2610 5341 2866 5417 CLVII,
2897 5346 3012 5405 col.
3038 5344 3176 5407 129.
