4092 6300
1686 563 1842 602 ANNO
1874 563 2076 602 DOMINI
2115 562 2440 602 MCCCXXXII.

601 716 2044 923 THEODULUS
2189 717 3498 922 MONACHUS

1979 1055 2138 1113 SIVE

1020 1220 1849 1387 THOMAS
1967 1211 3046 1390 MAGISTER.

1789 1653 2280 1740 ΝΟΤΙἸἸΑ.

1497 1851 1656 1912 (Cave
1688 1852 1760 1901 De
1797 1851 1986 1914 Script.
2011 1851 2198 1901 eccles.
2231 1852 2296 1900 ad
2326 1865 2414 1900 an.
2447 1851 2610 1912 1311.)

378 2109 722 2166 Theodulus
753 2111 1096 2177 monachus,
1129 2112 1228 2183 qui
1254 2112 1366 2167 alio
1399 2113 1634 2169 nomine
1660 2112 1916 2168 Thomas
1944 2113 2217 2185 Magister
2273 2113 2483 2169 dicitur
2531 2115 2763 2169 natione
2793 2114 3070 2182 lGraacus,
3100 2115 3300 2184 patria,
3345 2113 3391 2169 si
3429 2115 3487 2168 L.
3522 2111 3726 2168 Allatio

312 2198 455 2254 ﬁdes
485 2198 1058 2266 Thessalonicensis,
1089 2201 1293 2256 claruit
1323 2202 1430 2256 sub
1472 2203 1803 2258 Andronico
1853 2201 2174 2274 Palasologo
2219 2219 2344 2270 avo,
2394 2204 2690 2260 Theodoro
2740 2205 3057 2258 Metochitre
3111 2204 3436 2269 familiaris,
3468 2202 3722 2272 Nipboni

311 2291 658 2358 patriarcha
688 2290 926 2358 charus,
959 2308 1111 2347 anno
1148 2293 1300 2346 1311.
1339 2293 1418 2347 Ex
1450 2292 1622 2347 variis
1653 2293 1782 2361 ejus
1813 2291 2302 2363 appellationibus
2325 2294 2482 2348 varia
2503 2310 2634 2348 eum
2673 2310 2915 2348 munera
2945 2293 3182 2352 obiisse.
3216 2297 3272 2347 et
3312 2291 3470 2363 quod
3505 2291 3720 2346 Graecis

314 2379 476 2434 istius
498 2381 608 2435 aevi
641 2379 908 2436 solemne
939 2381 1068 2451 fuit,
1101 2398 1133 2434 a
1165 2382 1495 2437 forensibus
1523 2381 1776 2451 negotiis
1797 2383 1865 2435 ad
1903 2382 2284 2437 monasticam
2319 2382 2551 2455 ἡσυχίαν
2600 2383 2927 2448 transiisse,
2982 2384 3288 2454 utriusque
3336 2383 3476 2438 item
3534 2386 3719 2438 status

315 2469 534 2526 culmen
566 2469 857 2541 attigisse,
890 2487 956 2526 ac
985 2470 1326 2526 rhethorum
1356 2470 1980 2543 magistrum,ccenobii
1998 2470 2266 2527 abbatem
2291 2472 2605 2544 aliquando
2625 2473 3139 2541 luisse,conjectari
3159 2474 3238 2527 l'as
3261 2472 3570 2527 est.Exstat
3587 2473 3717 2541 ejus

314 2558 490 2615 Oratio
519 2559 918 2615 encomiaslz’ca
946 2559 1005 2614 in
1036 2561 1095 2616 S.
1129 2559 1463 2628 Gregorium
1496 2559 1854 2631 Theologum
1886 2559 2327 2616 Nazianzenum.
2352 2561 2608 2616 Habetur
2648 2577 2755 2616 ms.
2791 2561 2850 2615 in
2894 2561 3041 2616 Bibl.
3089 2560 3329 2616 Vindob.
3365 2561 3493 2616 cod.
3529 2561 3714 2630 jurid.

311 2647 420 2717 ΧΠ,
453 2667 515 2704 n.
549 2667 609 2716 ι,
652 2649 931 2705 Orationes
960 2649 1345 2717 gratulator-ise
1375 2653 1850 2720 quatuor;pn‘ma
1880 2650 1949 2704 ad
1983 2650 2268 2720 Augelum
2301 2651 2406 2705 sub
2438 2651 2763 2706 Andronico
2795 2649 3033 2705 Seniore
3065 2649 3206 2720 imp.
3247 2665 3523 2720 magnum
3555 2655 3706 2706 stra-

305 2740 720 2810 topedarcham
748 2757 762 2805 ;
794 2739 1051 2802 secunda,
1072 2740 1142 2794 ad
1172 2739 1542 2795 Theodorum
1575 2739 1969 2806 Metochitam,
2001 2755 2276 2810 magnum
2311 2739 2659 2810 logolhetam
2693 2758 2706 2806 ;
2738 2742 2924 2805 tertia,
2975 2740 3042 2793 ad
3089 2739 3416 2809 Niphonem
3464 2740 3702 2809 patriar-

295 2829 464 2883 cham
501 2843 691 2900 nuper
716 2829 1152 2895 renuntiatum;
1186 2836 1409 2900 quarta,
1442 2829 1512 2883 ad
1537 2845 1731 2900 regem
1758 2829 1949 2900 Cypri.
1983 2829 2233 2899 Epistolas
2264 2834 2502 2899 septem.
2529 2829 2713 2899 Opera
2747 2828 3027 2884 hactenus
3069 2832 3371 2883 numerata
3418 2845 3550 2883 cum
3601 2847 3709 2885 sua

293 2925 562 2980 versione
595 2925 776 2980 edidit
812 2926 976 2980 Laur.
1006 2927 1374 2994 Nor-manuus,
1409 2925 1655 2997 Upsalias
1689 2927 1846 2992 1693,
1879 2928 1954 2993 6⁸,
1995 2927 2306 2981 Dictionum
2353 2927 2646 2980 Atticarum
2695 2925 2922 2998 Sylloge
2969 2928 3159 2979 Graece
3208 2924 3425 2996 prodiit
3482 2926 3701 2992 Roma),

299 3015 462 3081 1517,
498 3015 653 3069 1525.
688 3014 875 3070 Paris.
909 3015 1069 3069 1532.
1100 3016 1158 3068 8⁸
1211 3016 1321 3070 sub
1361 3015 1595 3070 nomine
1648 3015 1857 3071 Thomas
1915 3017 2158 3088 Magistri
2205 3031 2344 3070 cura
2397 3014 2520 3070 Nic.
2557 3015 2861 3070 Blancardi
2918 3030 3101 3085 nuper
3132 3029 3356 3081 recusa,
3389 3031 3452 3068 ac
3509 3016 3700 3071 indice

291 3109 602 3158 auctorum
631 3102 1001 3175 locupletata,
1035 3105 1378 3175 Franequer.
1416 3105 1572 3172 1690,
1613 3104 1690 3158 8°.
1727 3106 1881 3160 Idem
1913 3123 2060 3178 opus
2106 3108 2294 3160 exstat
2326 3103 2440 3159 MS.
2483 3103 2783 3159 Theodulo
2822 3102 3094 3174 Magistro
3125 3103 3444 3175 ascriptum
3495 3105 3552 3158 in
3599 3105 3696 3161 Bi—

291 3193 585 3250 bliotheca
637 3195 793 3266 regia
825 3195 1138 3250 Parisiensi
1177 3196 1470 3251 cod.1853.
1505 3198 1568 3251 In
1601 3197 1800 3251 eodem
1834 3197 1961 3252 cod.
2011 3195 2296 3252 habentur
2338 3195 2602 3265 ejusdem
2651 3195 2934 3250 Theoduli
3000 3195 3423 3251 Dectamatz‘ones
3453 3194 3698 3267 aliquot,

294 3283 548 3350 Epistolas
577 3291 628 3339 et
658 3282 961 3352 Orationes,
982 3289 1228 3340 testante
1257 3285 1342 3339 Cl.
1394 3287 1467 3340 du
1517 3285 1753 3355 Cangio.
1794 3285 1916 3340 Ind.
1975 3286 2131 3340 Auct.
2175 3286 2247 3340 ad
2267 3285 2510 3342 Gtossar.
2573 3284 2743 3341 Graec.
2799 3284 2934 3348 Quze
2996 3289 3190 3338 utrum
3244 3286 3317 3340 ab
3363 3284 3436 3338 iis
3481 3301 3514 3340 a
3545 3285 3697 3340 Nor-

291 3387 510 3426 manno
539 3373 709 3427 editis
739 3372 976 3428 diversa:
1007 3372 1147 3439 sint,
1182 3373 1385 3428 merito
1416 3373 1800 3430 dubitandum
1833 3380 1941 3442 est,
1983 3391 2115 3430 cum
2148 3389 2217 3429 ex
2250 3374 2322 3430 iis
2345 3391 2456 3429 una
2488 3374 2565 3429 sit
2604 3375 2661 3428 in
2713 3373 3039 3443 Triphonem
3065 3375 3221 3428 Patr.
3279 3373 3382 3428 CP.
3419 3389 3519 3445 pro
3578 3390 3690 3444 quo

293 3462 599 3532 Niphoncm
629 3461 1106 3518 substituendum
1147 3479 1277 3519 esse
1327 3465 1606 3534 temporis
1657 3464 1801 3519 ratio
1857 3465 2096 3520 omnino
2146 3464 2418 3536 postulat.
2489 3464 2672 3534 Hujus
2728 3464 2902 3519 etiam
2945 3463 3242 3518 censenda
3301 3471 3437 3518 sunt
3498 3464 3692 3518 Decla-

282 3555 554 3607 mationes
586 3552 915 3619 nonnullas;
949 3555 1140 3610 Oratio
1161 3553 1236 3608 ad
1279 3554 1828 3610 Thessalonicenses
1877 3557 1898 3608 ὀ

2067 3570 2143 3610 tce
2173 3561 2224 3609 et
2283 3553 2612 3609 concordia.
2677 3552 2767 3608 Pr.
2823 3547 2897 3604 Οὔ
2950 3570 3043 3623 μοι
3105 3547 3250 3604 δοκῶ
3302 3554 3411 3604 τῶν
3472 3551 3683 3604 πάντων

284 3637 458 3694 οὐδέν.
495 3640 682 3696 Oratio
713 3642 768 3696 in
800 3640 1086 3713 legatione
1107 3643 1308 3698 habita
1336 3645 1405 3698 ad
1441 3644 1582 3715 imp.
1614 3643 2004 3699 Andronicum
2031 3643 2428 3712 Palmologum.
2465 3641 2540 3697 Ad
2567 3641 2950 3710 PhilosOp/tum
2980 3639 3300 3711 Josephum
3342 3641 3414 3696 de
3443 3640 3515 3696 iis
3559 3658 3686 3711 quas

280 3733 342 3786 in
371 3731 739 3801 expeditione
769 3730 1044 3787 Italorum
1076 3737 1132 3786 et
1162 3732 1469 3788 Persarum
1511 3740 1676 3804 gesta
1731 3739 1892 3789 sunt.
1927 3736 2112 3789 Sermo
2169 3733 2226 3786 in
2258 3735 2312 3787 S.
2365 3732 2741 3802 Eulhymium
2795 3731 3298 3801 Thaumaturgum
3345 3729 3682 3802 episcopum

281 3821 666 3893 Madytarum.
702 3821 1021 3877 Encomium
1061 3823 1237 3877 maris
1263 3827 1321 3876 et
1351 3823 1632 3878 universae
1666 3840 1945 3892 aquarum
1970 3827 2210 3887 naturae,
2245 3828 2301 3876 et
2331 3822 2596 3892 quaedam
2625 3822 2759 3889 alia,
2789 3838 2909 3891 quas
2943 3838 3057 3875 una
3087 3836 3217 3876 cum
3251 3819 3324 3874 iis
3345 3834 3530 3890 nuper
3558 3821 3684 3874 edi-

280 3899 355 3966 tis
384 3929 416 3966 a
449 3909 619 3964 nobis
651 3926 828 3980 supra
859 3913 1195 3966 memoratis
1226 3913 1419 3968 Graece
1451 3914 1738 3968 habentur
1772 3915 1885 3969 MS.
1923 3915 1978 3969 in
2019 3912 2167 3968 Bibl.
2201 3914 2531 3969 Resictentiw
2559 3913 2676 3968 Sac.
2703 3915 2834 3967 Iesu
2871 3911 3283 3980 Constantinop.
3309 3909 3481 3965 Varia
3511 3913 3678 3967 etiam

275 4002 404 4070 ejus
437 3998 718 4068 Opuscula
745 3998 942 4055 Graeca
969 3998 1028 4053 in
1062 4001 1313 4070 quadam
1347 4000 1524 4056 Italia
1554 4001 1910 4058 Bibliotheca
1943 4002 2172 4057 latitare
2204 4010 2400 4057 narrat
2427 4001 2732 4066 Simlerus,
2758 4000 2861 4055 viz.
2894 4001 2976 4056 Ad
3008 4001 3352 4056 Athenienses
3398 4001 3455 4054 in
3505 4000 3680 4070 Olyn-

273 4089 418 4143 thiis
444 4104 459 4153 ;
490 4087 555 4142 de
576 4087 936 4158 Navigatione
965 4104 997 4142 e
1026 4088 1436 4146 Thessalonica
1471 4093 1892 4162 Byzantium,et
1925 4108 2129 4146 rursus
2162 4091 2434 4162 Byzantio
2490 4090 2964 4145 Thessalonicam
2991 4108 3004 4155 ;
3041 4091 3116 4143 De
3164 4104 3348 4159 regno,
3388 4088 3452 4143 de
3487 4090 3674 4158 repub.

269 4183 379 4232 etc.
415 4177 679 4248 Epistolz
704 4177 876 4232 etiam
905 4177 1196 4233 nonnullae
1229 4179 1386 4235 MSS.
1420 4181 1478 4235 in
1510 4181 1636 4235 cod.
1674 4180 1848 4251 Regio
1880 4181 2059 4236 Paris.
2096 4181 2198 4235 185
2229 4180 2536 4236 habentur.
2569 4178 2785 4234 Scholia
2815 4181 2938 4248 ejus
2971 4178 3030 4232 in
3082 4177 3528 4247 AristOphanem,
3563 4179 3681 4233 Eu-

269 4267 509 4338 ripidem
537 4273 593 4322 et
623 4266 957 4335 Pindarum,
979 4283 1224 4338 quorum
1237 4269 1412 4325 etiam
1439 4271 1594 4325 Vitas
1629 4271 1849 4326 conseri
1859 4269 1992 4342 psit,
2027 4271 2107 4325 uti
2131 4271 2561 4340 etgrammatica
2594 4271 2857 4340 quendam
2885 4273 2942 4325 et
2962 4268 3290 4325 istiusmodi
3321 4268 3670 4340 alia,partim

265 4358 576 4429 impressa,
600 4357 818 4430 partim
852 4373 997 4414 ms.
1031 4374 1143 4415 non
1179 4367 1318 4416 sunt
1347 4359 1526 4431 hujus
1557 4361 1685 4416 loci.
