  <div class='ocr_page' id='page_1' title='image "/cluster/home/n/w/nwhite01/storage/ocr_20150623/145/mdp.39015061167048/115.png"; bbox 0 0 4092 6300; ppageno 0'>
   <div class='ocr_carea' id='block_1_1' title="bbox 337 348 454 408">
    <p class='ocr_par' dir='ltr' id='par_1_1' title="bbox 337 348 454 408">
     <span class='ocr_line' id='line_1_1' title="bbox 337 348 454 408; baseline 0.017 -2"><span class='ocrx_word' id='word_1_1' title='bbox 337 348 454 408; x_wconf 77' lang='grc'><strong>215</strong></span> 
     </span>
    </p>
   </div>
   <div class='ocr_carea' id='block_1_2' title="bbox 1642 345 2429 410">
    <p class='ocr_par' dir='ltr' id='par_1_2' title="bbox 1642 345 2429 410">
     <span class='ocr_line' id='line_1_2' title="bbox 1642 345 2429 410; baseline 0.006 -7"><span class='ocrx_word' id='word_1_2' title='bbox 1642 345 2032 408; x_wconf 77' lang='lat' dir='ltr'><strong>THEODULI</strong></span> <span class='ocrx_word' id='word_1_3' title='bbox 2078 347 2429 410; x_wconf 81' lang='lat' dir='ltr'><strong>MONACHI</strong></span> 
     </span>
    </p>
   </div>
   <div class='ocr_carea' id='block_1_3' title="bbox 3611 337 3731 397">
    <p class='ocr_par' dir='ltr' id='par_1_3' title="bbox 3611 337 3731 397">
     <span class='ocr_line' id='line_1_3' title="bbox 3611 337 3731 397; baseline 0.008 -1"><span class='ocrx_word' id='word_1_4' title='bbox 3611 337 3731 397; x_wconf 78' lang='grc'><strong>216</strong></span> 
     </span>
    </p>
   </div>
   <div class='ocr_carea' id='block_1_4' title="bbox 334 505 3739 542">
    <p class='ocr_par' dir='ltr' id='par_1_4' title="bbox 334 505 3739 542">
     <span class='ocr_line' id='line_1_4' title="bbox 334 505 3739 542; baseline -0.002 -3"><span class='ocrx_word' id='word_1_5' title='bbox 334 505 3739 542; x_wconf 54' lang='grc' dir='ltr'><em>Μ</em></span> 
     </span>
    </p>
   </div>
   <div class='ocr_carea' id='block_1_5' title="bbox 663 665 3411 849">
    <p class='ocr_par' dir='ltr' id='par_1_5' title="bbox 663 665 3411 849">
     <span class='ocr_line' id='line_1_5' title="bbox 663 665 3411 849; baseline -0.004 -1"><span class='ocrx_word' id='word_1_6' title='bbox 663 674 2094 849; x_wconf 79' lang='grc' dir='ltr'><strong>ΘΕΟΔΟΥΛΟΥ</strong></span> <span class='ocrx_word' id='word_1_7' title='bbox 2246 665 3411 847; x_wconf 83' lang='grc' dir='ltr'><strong>ΜΟΝΑΧΟΥ</strong></span> 
     </span>
    </p>
   </div>
   <div class='ocr_carea' id='block_1_6' title="bbox 1954 943 2113 996">
    <p class='ocr_par' dir='ltr' id='par_1_6' title="bbox 1954 943 2113 996">
     <span class='ocr_line' id='line_1_6' title="bbox 1954 943 2113 996; baseline 0 0"><span class='ocrx_word' id='word_1_8' title='bbox 1954 943 2113 996; x_wconf 81' lang='grc' dir='ltr'><strong>ΗΤΟΙ</strong></span> 
     </span>
    </p>
   </div>
   <div class='ocr_carea' id='block_1_7' title="bbox 1014 1117 3057 1254">
    <p class='ocr_par' dir='ltr' id='par_1_7' title="bbox 1014 1117 3057 1254">
     <span class='ocr_line' id='line_1_7' title="bbox 1014 1117 3057 1254; baseline -0.004 -2"><span class='ocrx_word' id='word_1_9' title='bbox 1014 1122 1507 1252; x_wconf 81' lang='grc' dir='ltr'><strong>ΘΩΜΑ</strong></span> <span class='ocrx_word' id='word_1_10' title='bbox 1605 1124 1952 1254; x_wconf 87' lang='grc' dir='ltr'><strong>ΤΟΥ</strong></span> <span class='ocrx_word' id='word_1_11' title='bbox 2053 1117 2940 1250; x_wconf 79' lang='grc' dir='ltr'><strong>ΜΑΓΙΣΤΡΟ</strong></span> <span class='ocrx_word' id='word_1_12' title='bbox 2973 1119 3057 1242; x_wconf 88' lang='grc' dir='ltr'>Υ</span> 
     </span>
    </p>
   </div>
   <div class='ocr_carea' id='block_1_8' title="bbox 1285 1357 1686 1453">
    <p class='ocr_par' dir='ltr' id='par_1_8' title="bbox 1285 1357 1686 1453">
     <span class='ocr_line' id='line_1_8' title="bbox 1285 1357 1686 1453; baseline 0.002 -1"><span class='ocrx_word' id='word_1_13' title='bbox 1285 1357 1686 1453; x_wconf 85' lang='grc' dir='ltr'><strong>ΛΟΓΟΣ</strong></span> 
     </span>
    </p>
   </div>
   <div class='ocr_carea' id='block_1_9' title="bbox 1793 1351 2794 1451">
    <p class='ocr_par' dir='ltr' id='par_1_9' title="bbox 1793 1351 2794 1451">
     <span class='ocr_line' id='line_1_9' title="bbox 1793 1351 2794 1451; baseline -0.007 0"><span class='ocrx_word' id='word_1_14' title='bbox 1793 1359 1989 1451; x_wconf 88' lang='grc' dir='ltr'><strong>ΕΙΣ</strong></span> <span class='ocrx_word' id='word_1_15' title='bbox 2081 1351 2794 1450; x_wconf 82' lang='grc' dir='ltr'><strong>ΓΡΠΓΟΡΙΟΝ</strong></span> 
     </span>
    </p>
   </div>
   <div class='ocr_carea' id='block_1_10' title="bbox 1763 1532 2309 1583">
    <p class='ocr_par' dir='ltr' id='par_1_10' title="bbox 1763 1532 2309 1583">
     <span class='ocr_line' id='line_1_10' title="bbox 1763 1532 2309 1583; baseline -0.004 -1"><span class='ocrx_word' id='word_1_16' title='bbox 1763 1535 1889 1582; x_wconf 89' lang='lat' dir='ltr'><strong>TON</strong></span> <span class='ocrx_word' id='word_1_17' title='bbox 1931 1532 2309 1583; x_wconf 76' lang='lat' dir='ltr'><strong>GEOAOI&#39;ON.</strong></span> 
     </span>
    </p>
   </div>
   <div class='ocr_carea' id='block_1_11' title="bbox 1005 1896 3072 2066">
    <p class='ocr_par' dir='ltr' id='par_1_11' title="bbox 1005 1896 3072 2066">
     <span class='ocr_line' id='line_1_11' title="bbox 1005 1896 3072 2066; baseline -0.002 -6"><span class='ocrx_word' id='word_1_18' title='bbox 1005 1899 2036 2066; x_wconf 86' lang='lat' dir='ltr'><strong>THEODULI</strong></span> <span class='ocrx_word' id='word_1_19' title='bbox 2157 1896 3072 2064; x_wconf 79' lang='lat' dir='ltr'><strong>MONACHI</strong></span> 
     </span>
    </p>
   </div>
   <div class='ocr_carea' id='block_1_12' title="bbox 1983 2159 2094 2194">
    <p class='ocr_par' dir='ltr' id='par_1_12' title="bbox 1983 2159 2094 2194">
     <span class='ocr_line' id='line_1_12' title="bbox 1983 2159 2094 2194; baseline 0 0"><span class='ocrx_word' id='word_1_20' title='bbox 1983 2159 2094 2194; x_wconf 75' lang='grc' dir='ltr'>εινι</span> 
     </span>
    </p>
   </div>
   <div class='ocr_carea' id='block_1_13' title="bbox 1271 2276 2818 2405">
    <p class='ocr_par' dir='ltr' id='par_1_13' title="bbox 1271 2276 2818 2405">
     <span class='ocr_line' id='line_1_13' title="bbox 1271 2276 2818 2405; baseline -0.003 -1"><span class='ocrx_word' id='word_1_21' title='bbox 1271 2282 1911 2405; x_wconf 59' lang='grc' dir='ltr'><strong>ΤΗΟΜΧΕ</strong></span> <span class='ocrx_word' id='word_1_22' title='bbox 1999 2276 2818 2403; x_wconf 82' lang='lat' dir='ltr'><strong>MAGISTRI</strong></span> 
     </span>
    </p>
   </div>
   <div class='ocr_carea' id='block_1_14' title="bbox 989 2489 2380 2581">
    <p class='ocr_par' dir='ltr' id='par_1_14' title="bbox 989 2489 2380 2581">
     <span class='ocr_line' id='line_1_14' title="bbox 989 2489 2380 2581; baseline -0.004 -1"><span class='ocrx_word' id='word_1_23' title='bbox 989 2492 1564 2581; x_wconf 81' lang='lat' dir='ltr'><strong>LAUDATIO</strong></span> <span class='ocrx_word' id='word_1_24' title='bbox 1639 2491 1723 2578; x_wconf 89' lang='lat' dir='ltr'><strong>S.</strong></span> <span class='ocrx_word' id='word_1_25' title='bbox 1806 2489 2380 2576; x_wconf 66' lang='lat' dir='ltr'><strong>GilEGOl’iII</strong></span> 
     </span>
    </p>
   </div>
   <div class='ocr_carea' id='block_1_15' title="bbox 2478 2485 3106 2575">
    <p class='ocr_par' dir='ltr' id='par_1_15' title="bbox 2478 2485 3106 2575">
     <span class='ocr_line' id='line_1_15' title="bbox 2478 2485 3106 2575; baseline -0.005 0"><span class='ocrx_word' id='word_1_26' title='bbox 2478 2485 3106 2575; x_wconf 80' lang='lat' dir='ltr'><strong>T-llEOLOGI.</strong></span> 
     </span>
    </p>
   </div>
   <div class='ocr_carea' id='block_1_16' title="bbox 1458 2739 2660 2804">
    <p class='ocr_par' dir='ltr' id='par_1_16' title="bbox 1458 2739 2660 2804">
     <span class='ocr_line' id='line_1_16' title="bbox 1458 2739 2660 2804; baseline -0.002 -14"><span class='ocrx_word' id='word_1_27' title='bbox 1458 2741 1655 2804; x_wconf 81' lang='lat' dir='ltr'><strong>(Edidit</strong></span> <span class='ocrx_word' id='word_1_28' title='bbox 1686 2742 1838 2791; x_wconf 85' lang='lat' dir='ltr'><strong>Laur.</strong></span> <span class='ocrx_word' id='word_1_29' title='bbox 1890 2741 2229 2792; x_wconf 84' lang='lat' dir='ltr'><strong>Normannns</strong></span> <span class='ocrx_word' id='word_1_30' title='bbox 2260 2739 2468 2804; x_wconf 67' lang='lat' dir='ltr'><strong>Upsalae</strong></span> <span class='ocrx_word' id='word_1_31' title='bbox 2499 2739 2660 2802; x_wconf 87' lang='grc'><strong>1693.)</strong></span> 
     </span>
    </p>
   </div>
   <div class='ocr_carea' id='block_1_17' title="bbox 433 3057 2036 3133">
    <p class='ocr_par' dir='ltr' id='par_1_17' title="bbox 433 3057 2036 3130">
     <span class='ocr_line' id='line_1_17' title="bbox 433 3057 2036 3130; baseline -0.003 -14"><span class='ocrx_word' id='word_1_32' title='bbox 433 3061 480 3116; x_wconf 84' lang='grc'><strong>1.</strong></span> <span class='ocrx_word' id='word_1_33' title='bbox 514 3060 816 3116; x_wconf 80' lang='lat' dir='ltr'><strong>Neminem</strong></span> <span class='ocrx_word' id='word_1_34' title='bbox 847 3077 950 3130; x_wconf 92' lang='lat' dir='ltr'><strong>ego</strong></span> <span class='ocrx_word' id='word_1_35' title='bbox 998 3059 1334 3116; x_wconf 73' lang='lat' dir='ltr'><strong>mortalium</strong></span> <span class='ocrx_word' id='word_1_36' title='bbox 1374 3059 1638 3115; x_wconf 90' lang='lat' dir='ltr'><strong>omnium</strong></span> <span class='ocrx_word' id='word_1_37' title='bbox 1688 3058 1808 3114; x_wconf 82' lang='lat' dir='ltr'><strong>fore</strong></span> <span class='ocrx_word' id='word_1_38' title='bbox 1840 3057 1992 3113; x_wconf 89' lang='lat' dir='ltr'><strong>arbi-</strong></span> <span class='ocrx_word' id='word_1_39' title='bbox 2029 3104 2036 3129; x_wconf 42' lang='grc' dir='ltr'><em>Α</em></span> 
     </span>
    </p>
   </div>
   <div class='ocr_carea' id='block_1_18' title="bbox 2119 3057 3757 3133">
    <p class='ocr_par' dir='ltr' id='par_1_18' title="bbox 2181 3057 3757 3133">
     <span class='ocr_line' id='line_1_18' title="bbox 2181 3057 3757 3133; baseline 0.002 -22"><span class='ocrx_word' id='word_1_40' title='bbox 2181 3060 2261 3112; x_wconf 84' lang='grc' dir='ltr'><strong>Α’.</strong></span> <span class='ocrx_word' id='word_1_41' title='bbox 2294 3058 2417 3133; x_wconf 74' lang='grc' dir='ltr'>Οὐχ</span> <span class='ocrx_word' id='word_1_42' title='bbox 2447 3060 2594 3122; x_wconf 79' lang='grc' dir='ltr'>ὅπως</span> <span class='ocrx_word' id='word_1_43' title='bbox 2627 3057 2742 3114; x_wconf 79' lang='grc' dir='ltr'><strong>οὐδ’</strong></span> <span class='ocrx_word' id='word_1_44' title='bbox 2771 3057 2830 3113; x_wconf 76' lang='grc' dir='ltr'>ἄν</span> <span class='ocrx_word' id='word_1_45' title='bbox 2871 3061 2945 3120; x_wconf 80' lang='grc' dir='ltr'><strong>εἷς</strong></span> <span class='ocrx_word' id='word_1_46' title='bbox 2994 3063 3151 3132; x_wconf 79' lang='grc' dir='ltr'>οἶμαι</span> <span class='ocrx_word' id='word_1_47' title='bbox 3203 3065 3310 3114; x_wconf 79' lang='grc' dir='ltr'>τῶν</span> <span class='ocrx_word' id='word_1_48' title='bbox 3358 3061 3570 3115; x_wconf 79' lang='grc' dir='ltr'>πάντων</span> <span class='ocrx_word' id='word_1_49' title='bbox 3634 3059 3757 3114; x_wconf 77' lang='grc' dir='ltr'><strong>οὐδ’</strong></span> 
     </span>
    </p>
   </div>
   <div class='ocr_carea' id='block_1_19' title="bbox 359 3149 2008 3221">
    <p class='ocr_par' dir='ltr' id='par_1_19' title="bbox 359 3149 2008 3221">
     <span class='ocr_line' id='line_1_19' title="bbox 359 3149 2008 3221; baseline -0.002 -17"><span class='ocrx_word' id='word_1_50' title='bbox 359 3152 499 3214; x_wconf 85' lang='lat' dir='ltr'><strong>tror,</strong></span> <span class='ocrx_word' id='word_1_51' title='bbox 534 3150 633 3220; x_wconf 90' lang='lat' dir='ltr'><strong>qui</strong></span> <span class='ocrx_word' id='word_1_52' title='bbox 662 3151 792 3221; x_wconf 86' lang='lat' dir='ltr'><strong>jure</strong></span> <span class='ocrx_word' id='word_1_53' title='bbox 823 3149 968 3204; x_wconf 89' lang='lat' dir='ltr'><strong>mihi</strong></span> <span class='ocrx_word' id='word_1_54' title='bbox 1024 3149 1141 3204; x_wconf 89' lang='lat' dir='ltr'><strong>ulla</strong></span> <span class='ocrx_word' id='word_1_55' title='bbox 1170 3165 1239 3203; x_wconf 89' lang='lat' dir='ltr'><strong>ex</strong></span> <span class='ocrx_word' id='word_1_56' title='bbox 1297 3152 1456 3220; x_wconf 87' lang='lat' dir='ltr'><strong>parte</strong></span> <span class='ocrx_word' id='word_1_57' title='bbox 1513 3151 1874 3212; x_wconf 88' lang='lat' dir='ltr'><strong>succenseat,</strong></span> <span class='ocrx_word' id='word_1_58' title='bbox 1908 3150 2008 3201; x_wconf 90' lang='lat' dir='ltr'><strong>aut</strong></span> 
     </span>
    </p>
   </div>
   <div class='ocr_carea' id='block_1_20' title="bbox 359 3237 2007 3309">
    <p class='ocr_par' dir='ltr' id='par_1_20' title="bbox 359 3237 2007 3309">
     <span class='ocr_line' id='line_1_20' title="bbox 359 3237 2007 3309; baseline -0.004 -13"><span class='ocrx_word' id='word_1_59' title='bbox 359 3240 628 3296; x_wconf 64' lang='lat' dir='ltr'><strong>amentiae</strong></span> <span class='ocrx_word' id='word_1_60' title='bbox 668 3241 976 3309; x_wconf 79' lang='lat' dir='ltr'><strong>cujusdam</strong></span> <span class='ocrx_word' id='word_1_61' title='bbox 1017 3238 1474 3309; x_wconf 78' lang='lat' dir='ltr'><strong>temeritatisque</strong></span> <span class='ocrx_word' id='word_1_62' title='bbox 1521 3254 1683 3293; x_wconf 87' lang='lat' dir='ltr'><strong>reum</strong></span> <span class='ocrx_word' id='word_1_63' title='bbox 1733 3237 1924 3303; x_wconf 83' lang='lat' dir='ltr'><strong>faciat,</strong></span> <span class='ocrx_word' id='word_1_64' title='bbox 1958 3237 2007 3292; x_wconf 89' lang='lat' dir='ltr'><strong>si</strong></span> 
     </span>
    </p>
   </div>
   <div class='ocr_carea' id='block_1_21' title="bbox 363 3326 2006 3401">
    <p class='ocr_par' dir='ltr' id='par_1_21' title="bbox 363 3326 2006 3401">
     <span class='ocr_line' id='line_1_21' title="bbox 363 3326 2006 3401; baseline -0.003 -17"><span class='ocrx_word' id='word_1_65' title='bbox 363 3344 554 3401; x_wconf 85' lang='lat' dir='ltr'><strong>neque</strong></span> <span class='ocrx_word' id='word_1_66' title='bbox 582 3345 770 3384; x_wconf 75' lang='lat' dir='ltr'><strong>causan</strong></span> <span class='ocrx_word' id='word_1_67' title='bbox 799 3327 977 3399; x_wconf 85' lang='lat' dir='ltr'><strong>hujus</strong></span> <span class='ocrx_word' id='word_1_68' title='bbox 998 3328 1280 3397; x_wconf 73' lang='lat' dir='ltr'><strong>gravitate</strong></span> <span class='ocrx_word' id='word_1_69' title='bbox 1328 3327 1621 3397; x_wconf 88' lang='lat' dir='ltr'><strong>pensitata</strong></span> <span class='ocrx_word' id='word_1_70' title='bbox 1669 3326 2006 3393; x_wconf 87' lang='lat' dir='ltr'><strong>deterritus,</strong></span> 
     </span>
    </p>
   </div>
   <div class='ocr_carea' id='block_1_22' title="bbox 365 3415 2009 3490">
    <p class='ocr_par' dir='ltr' id='par_1_22' title="bbox 365 3415 2009 3490">
     <span class='ocr_line' id='line_1_22' title="bbox 365 3415 2009 3490; baseline -0.004 -16"><span class='ocrx_word' id='word_1_71' title='bbox 365 3434 552 3490; x_wconf 88' lang='lat' dir='ltr'><strong>neque</strong></span> <span class='ocrx_word' id='word_1_72' title='bbox 583 3418 738 3488; x_wconf 91' lang='lat' dir='ltr'><strong>quod</strong></span> <span class='ocrx_word' id='word_1_73' title='bbox 772 3417 964 3489; x_wconf 87' lang='lat' dir='ltr'><strong>impar</strong></span> <span class='ocrx_word' id='word_1_74' title='bbox 984 3418 1055 3472; x_wconf 92' lang='lat' dir='ltr'><strong>ad</strong></span> <span class='ocrx_word' id='word_1_75' title='bbox 1082 3415 1244 3472; x_wconf 88' lang='lat' dir='ltr'><strong>illam</strong></span> <span class='ocrx_word' id='word_1_76' title='bbox 1277 3433 1383 3487; x_wconf 90' lang='lat' dir='ltr'><strong>ego</strong></span> <span class='ocrx_word' id='word_1_77' title='bbox 1427 3417 1896 3488; x_wconf 79' lang='lat' dir='ltr'><strong>pertractandam</strong></span> <span class='ocrx_word' id='word_1_78' title='bbox 1919 3431 2009 3468; x_wconf 76' lang='lat' dir='ltr'><strong>ac—</strong></span> 
     </span>
    </p>
   </div>
   <div class='ocr_carea' id='block_1_23' title="bbox 363 3505 2002 3577">
    <p class='ocr_par' dir='ltr' id='par_1_23' title="bbox 363 3505 2002 3577">
     <span class='ocr_line' id='line_1_23' title="bbox 363 3505 2002 3577; baseline -0.003 -12"><span class='ocrx_word' id='word_1_79' title='bbox 363 3510 525 3576; x_wconf 88' lang='lat' dir='ltr'><strong>cedo,</strong></span> <span class='ocrx_word' id='word_1_80' title='bbox 559 3507 640 3562; x_wconf 88' lang='lat' dir='ltr'><strong>ita</strong></span> <span class='ocrx_word' id='word_1_81' title='bbox 670 3522 826 3562; x_wconf 89' lang='lat' dir='ltr'><strong>nunc</strong></span> <span class='ocrx_word' id='word_1_82' title='bbox 848 3506 1122 3562; x_wconf 83' lang='lat' dir='ltr'><strong>audacter</strong></span> <span class='ocrx_word' id='word_1_83' title='bbox 1149 3513 1339 3562; x_wconf 89' lang='lat' dir='ltr'><strong>tamen</strong></span> <span class='ocrx_word' id='word_1_84' title='bbox 1372 3505 1684 3577; x_wconf 87' lang='lat' dir='ltr'><strong>periclitari</strong></span> <span class='ocrx_word' id='word_1_85' title='bbox 1707 3505 2002 3562; x_wconf 77' lang='lat' dir='ltr'><strong>voluerim.</strong></span> 
     </span>
    </p>
   </div>
   <div class='ocr_carea' id='block_1_24' title="bbox 365 3595 2007 3667">
    <p class='ocr_par' dir='ltr' id='par_1_24' title="bbox 365 3595 2007 3667">
     <span class='ocr_line' id='line_1_24' title="bbox 365 3595 2007 3667; baseline -0.002 -13"><span class='ocrx_word' id='word_1_86' title='bbox 365 3595 669 3654; x_wconf 87' lang='lat' dir='ltr'><strong>utviribus</strong></span> <span class='ocrx_word' id='word_1_87' title='bbox 695 3596 839 3652; x_wconf 86' lang='lat' dir='ltr'><strong>meis</strong></span> <span class='ocrx_word' id='word_1_88' title='bbox 871 3596 1088 3665; x_wconf 80' lang='lat' dir='ltr'><strong>majora</strong></span> <span class='ocrx_word' id='word_1_89' title='bbox 1143 3596 1380 3667; x_wconf 81' lang='lat' dir='ltr'><strong>aggredi</strong></span> <span class='ocrx_word' id='word_1_90' title='bbox 1423 3596 1665 3650; x_wconf 84' lang='lat' dir='ltr'><strong>minime</strong></span> <span class='ocrx_word' id='word_1_91' title='bbox 1709 3595 2007 3650; x_wconf 83' lang='lat' dir='ltr'><strong>dubitave-</strong></span> 
     </span>
    </p>
   </div>
   <div class='ocr_carea' id='block_1_25' title="bbox 367 3685 2008 3755">
    <p class='ocr_par' dir='ltr' id='par_1_25' title="bbox 367 3685 2008 3755">
     <span class='ocr_line' id='line_1_25' title="bbox 367 3685 2008 3755; baseline -0.004 -11"><span class='ocrx_word' id='word_1_92' title='bbox 367 3689 498 3744; x_wconf 88' lang='lat' dir='ltr'><strong>rim.</strong></span> <span class='ocrx_word' id='word_1_93' title='bbox 530 3686 746 3741; x_wconf 88' lang='lat' dir='ltr'><strong>Verum</strong></span> <span class='ocrx_word' id='word_1_94' title='bbox 781 3700 810 3738; x_wconf 88' lang='lat' dir='ltr'><strong>e</strong></span> <span class='ocrx_word' id='word_1_95' title='bbox 851 3685 1134 3740; x_wconf 89' lang='lat' dir='ltr'><strong>contrario</strong></span> <span class='ocrx_word' id='word_1_96' title='bbox 1169 3685 1384 3755; x_wconf 81' lang='lat' dir='ltr'><strong>potius,</strong></span> <span class='ocrx_word' id='word_1_97' title='bbox 1418 3688 1479 3740; x_wconf 89' lang='lat' dir='ltr'><strong>ut</strong></span> <span class='ocrx_word' id='word_1_98' title='bbox 1501 3701 1620 3739; x_wconf 89' lang='lat' dir='ltr'><strong>rem</strong></span> <span class='ocrx_word' id='word_1_99' title='bbox 1652 3685 1824 3739; x_wconf 76' lang='lat' dir='ltr'><strong>verbo</strong></span> <span class='ocrx_word' id='word_1_100' title='bbox 1855 3701 2008 3739; x_wconf 87' lang='lat' dir='ltr'><strong>com-</strong></span> 
     </span>
    </p>
   </div>
   <div class='ocr_carea' id='block_1_26' title="bbox 367 3773 2006 3850">
    <p class='ocr_par' dir='ltr' id='par_1_26' title="bbox 367 3773 2006 3850">
     <span class='ocr_line' id='line_1_26' title="bbox 367 3773 2006 3850; baseline -0.003 -18"><span class='ocrx_word' id='word_1_101' title='bbox 367 3775 604 3850; x_wconf 84' lang='lat' dir='ltr'><strong>plectar,</strong></span> <span class='ocrx_word' id='word_1_102' title='bbox 636 3775 892 3832; x_wconf 90' lang='lat' dir='ltr'><strong>omnium</strong></span> <span class='ocrx_word' id='word_1_103' title='bbox 927 3773 1173 3843; x_wconf 88' lang='lat' dir='ltr'><strong>judicio,</strong></span> <span class='ocrx_word' id='word_1_104' title='bbox 1219 3781 1432 3828; x_wconf 89' lang='lat' dir='ltr'><strong>rectam</strong></span> <span class='ocrx_word' id='word_1_105' title='bbox 1478 3778 1566 3828; x_wconf 89' lang='lat' dir='ltr'><strong>sat</strong></span> <span class='ocrx_word' id='word_1_106' title='bbox 1613 3774 1730 3828; x_wconf 88' lang='lat' dir='ltr'><strong>scio</strong></span> <span class='ocrx_word' id='word_1_107' title='bbox 1779 3773 2006 3828; x_wconf 91' lang='lat' dir='ltr'><strong>consilii</strong></span> 
     </span>
    </p>
   </div>
   <div class='ocr_carea' id='block_1_27' title="bbox 364 3862 2002 3935">
    <p class='ocr_par' dir='ltr' id='par_1_27' title="bbox 364 3862 2002 3935">
     <span class='ocr_line' id='line_1_27' title="bbox 364 3862 2002 3935; baseline -0.003 -14"><span class='ocrx_word' id='word_1_108' title='bbox 364 3867 642 3922; x_wconf 90' lang='lat' dir='ltr'><strong>rationem</strong></span> <span class='ocrx_word' id='word_1_109' title='bbox 673 3880 765 3920; x_wconf 88' lang='lat' dir='ltr'><strong>me</strong></span> <span class='ocrx_word' id='word_1_110' title='bbox 795 3869 1056 3919; x_wconf 89' lang='lat' dir='ltr'><strong>secutum</strong></span> <span class='ocrx_word' id='word_1_111' title='bbox 1083 3865 1268 3917; x_wconf 85' lang='lat' dir='ltr'><strong>visum</strong></span> <span class='ocrx_word' id='word_1_112' title='bbox 1300 3863 1388 3931; x_wconf 90' lang='lat' dir='ltr'><strong>iri,</strong></span> <span class='ocrx_word' id='word_1_113' title='bbox 1411 3879 1598 3935; x_wconf 88' lang='lat' dir='ltr'><strong>neque</strong></span> <span class='ocrx_word' id='word_1_114' title='bbox 1642 3862 1776 3928; x_wconf 89' lang='lat' dir='ltr'><strong>alia,</strong></span> <span class='ocrx_word' id='word_1_115' title='bbox 1827 3879 2002 3932; x_wconf 91' lang='lat' dir='ltr'><strong>quam</strong></span> 
     </span>
    </p>
   </div>
   <div class='ocr_carea' id='block_1_28' title="bbox 363 3952 2007 4025">
    <p class='ocr_par' dir='ltr' id='par_1_28' title="bbox 363 3952 2007 4025">
     <span class='ocr_line' id='line_1_28' title="bbox 363 3952 2007 4025; baseline -0.003 -15"><span class='ocrx_word' id='word_1_116' title='bbox 363 3955 696 4025; x_wconf 84' lang='lat' dir='ltr'><strong>hujusmodi</strong></span> <span class='ocrx_word' id='word_1_117' title='bbox 727 3953 906 4010; x_wconf 83' lang='lat' dir='ltr'><strong>animi</strong></span> <span class='ocrx_word' id='word_1_118' title='bbox 938 3953 1234 4008; x_wconf 81' lang='lat' dir='ltr'><strong>alacritate</strong></span> <span class='ocrx_word' id='word_1_119' title='bbox 1265 3954 1324 4006; x_wconf 87' lang='lat' dir='ltr'><strong>in</strong></span> <span class='ocrx_word' id='word_1_120' title='bbox 1375 3968 1613 4006; x_wconf 79' lang='lat' dir='ltr'><strong>causam</strong></span> <span class='ocrx_word' id='word_1_121' title='bbox 1662 3952 2007 4006; x_wconf 87' lang='lat' dir='ltr'><strong>incumben—</strong></span> 
     </span>
    </p>
   </div>
   <div class='ocr_carea' id='block_1_29' title="bbox 364 4042 2003 4111">
    <p class='ocr_par' dir='ltr' id='par_1_29' title="bbox 364 4042 2003 4111">
     <span class='ocr_line' id='line_1_29' title="bbox 364 4042 2003 4111; baseline -0.003 -13"><span class='ocrx_word' id='word_1_122' title='bbox 364 4046 503 4100; x_wconf 90' lang='lat' dir='ltr'><strong>dum</strong></span> <span class='ocrx_word' id='word_1_123' title='bbox 535 4044 734 4098; x_wconf 82' lang='lat' dir='ltr'><strong>fuisse.</strong></span> <span class='ocrx_word' id='word_1_124' title='bbox 777 4043 1018 4106; x_wconf 86' lang='lat' dir='ltr'><strong>Quando</strong></span> <span class='ocrx_word' id='word_1_125' title='bbox 1049 4043 1372 4111; x_wconf 68' lang='lat' dir='ltr'><strong>enim,que</strong></span> <span class='ocrx_word' id='word_1_126' title='bbox 1390 4042 1674 4111; x_wconf 69' lang='lat' dir='ltr'><strong>praecipue</strong></span> <span class='ocrx_word' id='word_1_127' title='bbox 1690 4042 2003 4110; x_wconf 87' lang='lat' dir='ltr'><strong>suscipere,</strong></span> 
     </span>
    </p>
   </div>
   <div class='ocr_carea' id='block_1_30' title="bbox 359 4129 2006 4202">
    <p class='ocr_par' dir='ltr' id='par_1_30' title="bbox 359 4129 2006 4202">
     <span class='ocr_line' id='line_1_30' title="bbox 359 4129 2006 4202; baseline -0.002 -14"><span class='ocrx_word' id='word_1_128' title='bbox 359 4134 665 4202; x_wconf 86' lang='lat' dir='ltr'><strong>verbisque</strong></span> <span class='ocrx_word' id='word_1_129' title='bbox 694 4132 984 4197; x_wconf 83' lang='lat' dir='ltr'><strong>extollere,</strong></span> <span class='ocrx_word' id='word_1_130' title='bbox 1019 4135 1074 4184; x_wconf 91' lang='lat' dir='ltr'><strong>et</strong></span> <span class='ocrx_word' id='word_1_131' title='bbox 1123 4129 1265 4184; x_wconf 83' lang='lat' dir='ltr'><strong>nihil</strong></span> <span class='ocrx_word' id='word_1_132' title='bbox 1317 4131 1636 4201; x_wconf 82' lang='lat' dir='ltr'><strong>quidquam</strong></span> <span class='ocrx_word' id='word_1_133' title='bbox 1689 4131 1841 4200; x_wconf 89' lang='lat' dir='ltr'><strong>quod</strong></span> <span class='ocrx_word' id='word_1_134' title='bbox 1895 4129 2006 4184; x_wconf 92' lang='lat' dir='ltr'><strong>huc</strong></span> 
     </span>
    </p>
   </div>
   <div class='ocr_carea' id='block_1_31' title="bbox 363 4219 2006 4289">
    <p class='ocr_par' dir='ltr' id='par_1_31' title="bbox 363 4219 2006 4289">
     <span class='ocr_line' id='line_1_31' title="bbox 363 4219 2006 4289; baseline -0.003 -12"><span class='ocrx_word' id='word_1_135' title='bbox 363 4224 552 4287; x_wconf 84' lang='lat' dir='ltr'><strong>faciat,</strong></span> <span class='ocrx_word' id='word_1_136' title='bbox 585 4221 869 4284; x_wconf 89' lang='lat' dir='ltr'><strong>omittere,</strong></span> <span class='ocrx_word' id='word_1_137' title='bbox 901 4235 1104 4274; x_wconf 89' lang='lat' dir='ltr'><strong>omnes</strong></span> <span class='ocrx_word' id='word_1_138' title='bbox 1151 4235 1291 4274; x_wconf 87' lang='lat' dir='ltr'><strong>sane</strong></span> <span class='ocrx_word' id='word_1_139' title='bbox 1331 4219 1651 4286; x_wconf 87' lang='lat' dir='ltr'><strong>debemus;</strong></span> <span class='ocrx_word' id='word_1_140' title='bbox 1703 4235 1806 4273; x_wconf 85' lang='lat' dir='ltr'><strong>nec</strong></span> <span class='ocrx_word' id='word_1_141' title='bbox 1858 4220 2006 4289; x_wconf 90' lang='lat' dir='ltr'><strong>peri-</strong></span> 
     </span>
    </p>
   </div>
   <div class='ocr_carea' id='block_1_32' title="bbox 359 4306 2005 4380">
    <p class='ocr_par' dir='ltr' id='par_1_32' title="bbox 359 4306 2005 4380">
     <span class='ocr_line' id='line_1_32' title="bbox 359 4306 2005 4380; baseline -0.003 -13"><span class='ocrx_word' id='word_1_142' title='bbox 359 4311 490 4369; x_wconf 87' lang='lat' dir='ltr'><strong>culo</strong></span> <span class='ocrx_word' id='word_1_143' title='bbox 538 4311 790 4380; x_wconf 88' lang='lat' dir='ltr'><strong>denique</strong></span> <span class='ocrx_word' id='word_1_144' title='bbox 833 4309 1169 4364; x_wconf 89' lang='lat' dir='ltr'><strong>eorumdem</strong></span> <span class='ocrx_word' id='word_1_145' title='bbox 1229 4306 1506 4378; x_wconf 84' lang='lat' dir='ltr'><strong>negleclio</strong></span> <span class='ocrx_word' id='word_1_146' title='bbox 1572 4315 1769 4372; x_wconf 85' lang='lat' dir='ltr'><strong>vacat;</strong></span> <span class='ocrx_word' id='word_1_147' title='bbox 1819 4325 2005 4380; x_wconf 83' lang='lat' dir='ltr'><strong>quan-</strong></span> 
     </span>
    </p>
   </div>
   <div class='ocr_carea' id='block_1_33' title="bbox 2115 3146 3755 3220">
    <p class='ocr_par' dir='ltr' id='par_1_33' title="bbox 2115 3146 3755 3220">
     <span class='ocr_line' id='line_1_33' title="bbox 2115 3146 3755 3220; baseline 0.002 -22"><span class='ocrx_word' id='word_1_148' title='bbox 2115 3146 2416 3200; x_wconf 72' lang='grc' dir='ltr'><strong>ὁπωστιοῦν</strong></span> <span class='ocrx_word' id='word_1_149' title='bbox 2449 3148 2574 3218; x_wconf 80' lang='grc' dir='ltr'><strong>ἐμοὶ</strong></span> <span class='ocrx_word' id='word_1_150' title='bbox 2611 3151 2922 3220; x_wconf 83' lang='grc' dir='ltr'>νεμεσήςαι,</span> <span class='ocrx_word' id='word_1_151' title='bbox 2975 3148 3090 3203; x_wconf 81' lang='grc' dir='ltr'><strong>οὐδ’</strong></span> <span class='ocrx_word' id='word_1_152' title='bbox 3127 3149 3386 3211; x_wconf 79' lang='grc' dir='ltr'>ἀπονοίας</span> <span class='ocrx_word' id='word_1_153' title='bbox 3428 3152 3755 3218; x_wconf 74' lang='grc' dir='ltr'>ἡστινοσοῦν</span> 
     </span>
    </p>
   </div>
   <div class='ocr_carea' id='block_1_34' title="bbox 2113 3235 3754 3316">
    <p class='ocr_par' dir='ltr' id='par_1_34' title="bbox 2113 3235 3754 3316">
     <span class='ocr_line' id='line_1_34' title="bbox 2113 3235 3754 3316; baseline 0.002 -26"><span class='ocrx_word' id='word_1_154' title='bbox 2113 3235 2233 3290; x_wconf 72' lang='grc' dir='ltr'>ἕλοι</span> <span class='ocrx_word' id='word_1_155' title='bbox 2265 3239 2355 3292; x_wconf 80' lang='grc' dir='ltr'><strong>καὶ</strong></span> <span class='ocrx_word' id='word_1_156' title='bbox 2386 3241 2634 3311; x_wconf 81' lang='grc' dir='ltr'>θρασους,</span> <span class='ocrx_word' id='word_1_157' title='bbox 2670 3240 2712 3294; x_wconf 89' lang='grc' dir='ltr'>εἰ</span> <span class='ocrx_word' id='word_1_158' title='bbox 2758 3237 2926 3313; x_wconf 75' lang='grc' dir='ltr'>μηδὲν</span> <span class='ocrx_word' id='word_1_159' title='bbox 2975 3242 3113 3314; x_wconf 74' lang='grc' dir='ltr'>μήτε</span> <span class='ocrx_word' id='word_1_160' title='bbox 3162 3241 3224 3294; x_wconf 87' lang='grc' dir='ltr'>τὸ</span> <span class='ocrx_word' id='word_1_161' title='bbox 3277 3241 3497 3316; x_wconf 84' lang='grc' dir='ltr'>μέγεθος</span> <span class='ocrx_word' id='word_1_162' title='bbox 3551 3242 3754 3296; x_wconf 83' lang='grc' dir='ltr'>ὑπολο-</span> 
     </span>
    </p>
   </div>
   <div class='ocr_carea' id='block_1_35' title="bbox 2115 3327 3756 3404">
    <p class='ocr_par' dir='ltr' id='par_1_35' title="bbox 2115 3327 3756 3404">
     <span class='ocr_line' id='line_1_35' title="bbox 2115 3327 3756 3404; baseline 0.002 -25"><span class='ocrx_word' id='word_1_163' title='bbox 2115 3327 2405 3401; x_wconf 80' lang='grc' dir='ltr'>γισάμενος</span> <span class='ocrx_word' id='word_1_164' title='bbox 2445 3334 2544 3383; x_wconf 74' lang='grc' dir='ltr'>τοῦ</span> <span class='ocrx_word' id='word_1_165' title='bbox 2593 3329 2861 3401; x_wconf 80' lang='grc' dir='ltr'><strong>παρόντος</strong></span> <span class='ocrx_word' id='word_1_166' title='bbox 2908 3331 3135 3404; x_wconf 82' lang='grc' dir='ltr'>ἀγῶνος,</span> <span class='ocrx_word' id='word_1_167' title='bbox 3187 3328 3299 3384; x_wconf 76' lang='grc' dir='ltr'>οὗθ’</span> <span class='ocrx_word' id='word_1_168' title='bbox 3349 3332 3421 3390; x_wconf 84' lang='grc' dir='ltr'>ὡς</span> <span class='ocrx_word' id='word_1_169' title='bbox 3473 3329 3568 3384; x_wconf 76' lang='grc' dir='ltr'><strong>οὐκ</strong></span> <span class='ocrx_word' id='word_1_170' title='bbox 3616 3329 3756 3384; x_wconf 83' lang='grc' dir='ltr'>ἀπο-</span> 
     </span>
    </p>
   </div>
   <div class='ocr_carea' id='block_1_36' title="bbox 2115 3416 3751 3493">
    <p class='ocr_par' dir='ltr' id='par_1_36' title="bbox 2115 3416 3751 3493">
     <span class='ocr_line' id='line_1_36' title="bbox 2115 3416 3751 3493; baseline 0.003 -24"><span class='ocrx_word' id='word_1_171' title='bbox 2115 3423 2265 3491; x_wconf 78' lang='grc' dir='ltr'>χρῶν</span> <span class='ocrx_word' id='word_1_172' title='bbox 2295 3416 2414 3488; x_wconf 77' lang='grc' dir='ltr'>ε’ἱην</span> <span class='ocrx_word' id='word_1_173' title='bbox 2454 3420 2519 3472; x_wconf 72' lang='grc' dir='ltr'>τὰ</span> <span class='ocrx_word' id='word_1_174' title='bbox 2561 3424 2782 3474; x_wconf 75' lang='grc' dir='ltr'>τοιαῦτα</span> <span class='ocrx_word' id='word_1_175' title='bbox 2825 3419 3114 3493; x_wconf 80' lang='grc' dir='ltr'>περαίνειν,</span> <span class='ocrx_word' id='word_1_176' title='bbox 3161 3418 3328 3474; x_wconf 82' lang='grc' dir='ltr'>ἔπειθ’</span> <span class='ocrx_word' id='word_1_177' title='bbox 3377 3419 3519 3474; x_wconf 75' lang='grc' dir='ltr'>οὕτω</span> <span class='ocrx_word' id='word_1_178' title='bbox 3571 3440 3751 3492; x_wconf 83' lang='grc' dir='ltr'>παρα-</span> 
     </span>
    </p>
   </div>
   <div class='ocr_carea' id='block_1_37' title="bbox 2114 3504 3752 3580">
    <p class='ocr_par' dir='ltr' id='par_1_37' title="bbox 2114 3504 3752 3580">
     <span class='ocr_line' id='line_1_37' title="bbox 2114 3504 3752 3580; baseline 0.001 -21"><span class='ocrx_word' id='word_1_179' title='bbox 2114 3504 2438 3561; x_wconf 76' lang='grc' dir='ltr'>κινδυνεύειν</span> <span class='ocrx_word' id='word_1_180' title='bbox 2496 3506 2728 3579; x_wconf 76' lang='grc' dir='ltr'>εἱλόμην</span> <span class='ocrx_word' id='word_1_181' title='bbox 2799 3509 2876 3569; x_wconf 83' lang='grc' dir='ltr'>ὡς</span> <span class='ocrx_word' id='word_1_182' title='bbox 2951 3509 3190 3580; x_wconf 79' lang='grc' dir='ltr'>μείζοσιν</span> <span class='ocrx_word' id='word_1_183' title='bbox 3250 3508 3283 3577; x_wconf 72' lang='grc' dir='ltr'>ἢ</span> <span class='ocrx_word' id='word_1_184' title='bbox 3346 3514 3462 3563; x_wconf 89' lang='grc' dir='ltr'>κατ’</span> <span class='ocrx_word' id='word_1_185' title='bbox 3520 3507 3752 3580; x_wconf 85' lang='grc' dir='ltr'>ἐμαυτὸν</span> 
     </span>
    </p>
   </div>
   <div class='ocr_carea' id='block_1_38' title="bbox 2115 3595 3754 3672">
    <p class='ocr_par' dir='ltr' id='par_1_38' title="bbox 2115 3595 3754 3672">
     <span class='ocr_line' id='line_1_38' title="bbox 2115 3595 3754 3672; baseline 0.001 -22"><span class='ocrx_word' id='word_1_186' title='bbox 2115 3602 2424 3671; x_wconf 86' lang='grc' dir='ltr'>πραγμασιν</span> <span class='ocrx_word' id='word_1_187' title='bbox 2457 3596 2744 3672; x_wconf 80' lang='grc' dir='ltr'>ἐγχειρεῖν,</span> <span class='ocrx_word' id='word_1_188' title='bbox 2786 3597 2933 3652; x_wconf 81' lang='grc' dir='ltr'>ἀλλὰ</span> <span class='ocrx_word' id='word_1_189' title='bbox 2966 3599 3054 3652; x_wconf 78' lang='grc' dir='ltr'><strong>καὶ</strong></span> <span class='ocrx_word' id='word_1_190' title='bbox 3100 3601 3240 3672; x_wconf 85' lang='grc' dir='ltr'>παρὰ</span> <span class='ocrx_word' id='word_1_191' title='bbox 3285 3604 3465 3670; x_wconf 78' lang='grc' dir='ltr'>πᾶσιν,</span> <span class='ocrx_word' id='word_1_192' title='bbox 3509 3599 3584 3660; x_wconf 82' lang='grc' dir='ltr'>ὡς</span> <span class='ocrx_word' id='word_1_193' title='bbox 3623 3595 3754 3661; x_wconf 81' lang='grc' dir='ltr'>ἔπος</span> 
     </span>
    </p>
   </div>
   <div class='ocr_carea' id='block_1_39' title="bbox 2116 3683 3754 3761">
    <p class='ocr_par' dir='ltr' id='par_1_39' title="bbox 2116 3683 3754 3761">
     <span class='ocr_line' id='line_1_39' title="bbox 2116 3683 3754 3761; baseline 0 -21"><span class='ocrx_word' id='word_1_194' title='bbox 2116 3686 2304 3755; x_wconf 83' lang='grc' dir='ltr'>εἰπεῖν,</span> <span class='ocrx_word' id='word_1_195' title='bbox 2352 3692 2467 3747; x_wconf 86' lang='grc' dir='ltr'>τοῖς</span> <span class='ocrx_word' id='word_1_196' title='bbox 2506 3692 2716 3760; x_wconf 78' lang='grc' dir='ltr'><strong>κριταῖς</strong></span> <span class='ocrx_word' id='word_1_197' title='bbox 2748 3687 2804 3740; x_wconf 79' lang='grc' dir='ltr'><strong>εὖ</strong></span> <span class='ocrx_word' id='word_1_198' title='bbox 2852 3685 2977 3740; x_wconf 70' lang='grc' dir='ltr'>οἴδα</span> <span class='ocrx_word' id='word_1_199' title='bbox 3019 3685 3187 3756; x_wconf 81' lang='grc' dir='ltr'>δόξιιν</span> <span class='ocrx_word' id='word_1_200' title='bbox 3238 3688 3411 3761; x_wconf 82' lang='grc' dir='ltr'>ὀρθῶς</span> <span class='ocrx_word' id='word_1_201' title='bbox 3462 3683 3754 3761; x_wconf 78' lang='grc' dir='ltr'>βεϐουλεῦ-</span> 
     </span>
    </p>
   </div>
   <div class='ocr_carea' id='block_1_40' title="bbox 2116 3774 3755 3851">
    <p class='ocr_par' dir='ltr' id='par_1_40' title="bbox 2116 3774 3755 3851">
     <span class='ocr_line' id='line_1_40' title="bbox 2116 3774 3755 3851; baseline 0.002 -24"><span class='ocrx_word' id='word_1_202' title='bbox 2116 3777 2254 3844; x_wconf 82' lang='grc' dir='ltr'>σθαι,</span> <span class='ocrx_word' id='word_1_203' title='bbox 2296 3777 2386 3828; x_wconf 87' lang='grc' dir='ltr'><strong>καὶ</strong></span> <span class='ocrx_word' id='word_1_204' title='bbox 2419 3777 2494 3837; x_wconf 80' lang='grc' dir='ltr'>ὡς</span> <span class='ocrx_word' id='word_1_205' title='bbox 2543 3775 2641 3829; x_wconf 82' lang='grc' dir='ltr'><strong>οὐκ</strong></span> <span class='ocrx_word' id='word_1_206' title='bbox 2688 3774 2896 3845; x_wconf 81' lang='grc' dir='ltr'>ἄλλως,</span> <span class='ocrx_word' id='word_1_207' title='bbox 2946 3776 2979 3844; x_wconf 76' lang='grc' dir='ltr'>ἢ</span> <span class='ocrx_word' id='word_1_208' title='bbox 3029 3781 3219 3830; x_wconf 76' lang='grc' dir='ltr'>τοῦτον</span> <span class='ocrx_word' id='word_1_209' title='bbox 3273 3778 3444 3851; x_wconf 77' lang='grc' dir='ltr'>ἐχρῆν</span> <span class='ocrx_word' id='word_1_210' title='bbox 3494 3779 3755 3849; x_wconf 83' lang='grc' dir='ltr'>προτεθυ·</span> 
     </span>
    </p>
   </div>
   <div class='ocr_carea' id='block_1_41' title="bbox 2119 3865 3751 3938">
    <p class='ocr_par' dir='ltr' id='par_1_41' title="bbox 2119 3865 3751 3938">
     <span class='ocr_line' id='line_1_41' title="bbox 2119 3865 3751 3938; baseline 0.001 -22"><span class='ocrx_word' id='word_1_211' title='bbox 2119 3865 2318 3934; x_wconf 74' lang='grc' dir='ltr'>μῆσθαι</span> <span class='ocrx_word' id='word_1_212' title='bbox 2375 3865 2465 3918; x_wconf 87' lang='grc' dir='ltr'>τὸν</span> <span class='ocrx_word' id='word_1_213' title='bbox 2513 3865 2738 3936; x_wconf 78' lang='grc' dir='ltr'>τρόπον’</span> <span class='ocrx_word' id='word_1_214' title='bbox 2781 3866 2946 3921; x_wconf 79' lang='grc' dir='ltr'>’Ὸταν</span> <span class='ocrx_word' id='word_1_215' title='bbox 3010 3867 3114 3938; x_wconf 74' lang='grc' dir='ltr'><strong>γὰρ</strong></span> <span class='ocrx_word' id='word_1_216' title='bbox 3163 3866 3195 3919; x_wconf 77' lang='grc' dir='ltr'>ἃ</span> <span class='ocrx_word' id='word_1_217' title='bbox 3246 3866 3484 3936; x_wconf 75' lang='grc' dir='ltr'>μάλιστα</span> <span class='ocrx_word' id='word_1_218' title='bbox 3539 3866 3751 3920; x_wconf 85' lang='grc' dir='ltr'>πάντων</span> 
     </span>
    </p>
   </div>
   <div class='ocr_carea' id='block_1_42' title="bbox 2115 3952 3753 4030">
    <p class='ocr_par' dir='ltr' id='par_1_42' title="bbox 2115 3952 3753 4030">
     <span class='ocr_line' id='line_1_42' title="bbox 2115 3952 3753 4030; baseline 0.002 -26"><span class='ocrx_word' id='word_1_219' title='bbox 2115 3952 2406 4023; x_wconf 81' lang='grc' dir='ltr'>θαυμάζειν</span> <span class='ocrx_word' id='word_1_220' title='bbox 2455 3975 2512 4006; x_wconf 77' lang='grc' dir='ltr'><strong>τε</strong></span> <span class='ocrx_word' id='word_1_221' title='bbox 2555 3954 2644 4007; x_wconf 82' lang='grc' dir='ltr'><strong>καὶ</strong></span> <span class='ocrx_word' id='word_1_222' title='bbox 2696 3960 2940 4026; x_wconf 86' lang='grc' dir='ltr'>κοσμεῖν,</span> <span class='ocrx_word' id='word_1_223' title='bbox 2993 3956 3083 4008; x_wconf 84' lang='grc' dir='ltr'><strong>καὶ</strong></span> <span class='ocrx_word' id='word_1_224' title='bbox 3153 3953 3383 4027; x_wconf 84' lang='grc' dir='ltr'>μηδενὸς</span> <span class='ocrx_word' id='word_1_225' title='bbox 3433 3954 3753 4030; x_wconf 75' lang='grc' dir='ltr'>ἀφίστασθαι</span> 
     </span>
    </p>
   </div>
   <div class='ocr_carea' id='block_1_43' title="bbox 2113 4043 3754 4120">
    <p class='ocr_par' dir='ltr' id='par_1_43' title="bbox 2113 4043 3754 4120">
     <span class='ocr_line' id='line_1_43' title="bbox 2113 4043 3754 4120; baseline 0 -25"><span class='ocrx_word' id='word_1_226' title='bbox 2113 4063 2220 4095; x_wconf 91' lang='grc' dir='ltr'><strong>των</strong></span> <span class='ocrx_word' id='word_1_227' title='bbox 2272 4043 2346 4102; x_wconf 81' lang='grc' dir='ltr'>εἰς</span> <span class='ocrx_word' id='word_1_228' title='bbox 2390 4048 2551 4096; x_wconf 76' lang='grc' dir='ltr'>τοῦτο</span> <span class='ocrx_word' id='word_1_229' title='bbox 2595 4043 2891 4118; x_wconf 76' lang='grc' dir='ltr'>φερόντων,</span> <span class='ocrx_word' id='word_1_230' title='bbox 2943 4045 3201 4120; x_wconf 77' lang='grc' dir='ltr'>ὑπόχρεῳ</span> <span class='ocrx_word' id='word_1_231' title='bbox 3250 4043 3575 4115; x_wconf 73' lang='grc' dir='ltr'>καθέσταμεν</span> <span class='ocrx_word' id='word_1_232' title='bbox 3625 4046 3754 4097; x_wconf 75' lang='grc' dir='ltr'>πάν-</span> 
     </span>
    </p>
   </div>
   <div class='ocr_carea' id='block_1_44' title="bbox 2113 4130 3752 4197">
    <p class='ocr_par' dir='ltr' id='par_1_44' title="bbox 2113 4130 3752 4197">
     <span class='ocr_line' id='line_1_44' title="bbox 2113 4130 3752 4197; baseline 0.001 -12"><span class='ocrx_word' id='word_1_233' title='bbox 2113 4152 2198 4192; x_wconf 89' lang='grc' dir='ltr'><strong>τες</strong></span> <span class='ocrx_word' id='word_1_234' title='bbox 2225 4151 2237 4162; x_wconf 89' lang='grc'><strong>·</strong></span> <span class='ocrx_word' id='word_1_235' title='bbox 2271 4133 2362 4184; x_wconf 86' lang='grc' dir='ltr'><strong>καὶ</strong></span> <span class='ocrx_word' id='word_1_236' title='bbox 2395 4134 2456 4186; x_wconf 84' lang='grc' dir='ltr'>τὸ</span> <span class='ocrx_word' id='word_1_237' title='bbox 2492 4133 2667 4185; x_wconf 79' lang='grc' dir='ltr'>λιπεῖν</span> <span class='ocrx_word' id='word_1_238' title='bbox 2704 4132 2802 4186; x_wconf 80' lang='grc' dir='ltr'>οὐκ</span> <span class='ocrx_word' id='word_1_239' title='bbox 2855 4130 3160 4197; x_wconf 78' lang='grc' dir='ltr'>ἀκίνδυνον,</span> <span class='ocrx_word' id='word_1_240' title='bbox 3201 4132 3368 4187; x_wconf 80' lang='grc' dir='ltr'><strong>ταῦτα</strong></span> <span class='ocrx_word' id='word_1_241' title='bbox 3406 4138 3512 4187; x_wconf 82' lang='grc' dir='ltr'><strong>τῶν</strong></span> <span class='ocrx_word' id='word_1_242' title='bbox 3565 4132 3752 4188; x_wconf 82' lang='grc' dir='ltr'>ἄλλων</span> 
     </span>
    </p>
   </div>
   <div class='ocr_carea' id='block_1_45' title="bbox 2117 4218 3754 4298">
    <p class='ocr_par' dir='ltr' id='par_1_45' title="bbox 2117 4218 3754 4298">
     <span class='ocr_line' id='line_1_45' title="bbox 2117 4218 3754 4298; baseline 0.002 -25"><span class='ocrx_word' id='word_1_243' title='bbox 2117 4218 2204 4274; x_wconf 69' lang='grc' dir='ltr'>διὰ</span> <span class='ocrx_word' id='word_1_244' title='bbox 2245 4222 2362 4282; x_wconf 70' lang='grc' dir='ltr'>δέος</span> <span class='ocrx_word' id='word_1_245' title='bbox 2405 4223 2560 4292; x_wconf 72' lang='grc' dir='ltr'>οἶμαι</span> <span class='ocrx_word' id='word_1_246' title='bbox 2619 4223 2889 4294; x_wconf 82' lang='grc' dir='ltr'>σιγώντων</span> <span class='ocrx_word' id='word_1_247' title='bbox 2941 4223 3030 4275; x_wconf 85' lang='grc' dir='ltr'><strong>καὶ</strong></span> <span class='ocrx_word' id='word_1_248' title='bbox 3087 4223 3220 4295; x_wconf 88' lang='grc' dir='ltr'>πρὸς</span> <span class='ocrx_word' id='word_1_249' title='bbox 3279 4224 3378 4291; x_wconf 83' lang='grc' dir='ltr'>τὴν</span> <span class='ocrx_word' id='word_1_250' title='bbox 3439 4221 3754 4298; x_wconf 75' lang='grc' dir='ltr'>ἐγχείρησιν</span> 
     </span>
    </p>
   </div>
   <div class='ocr_carea' id='block_1_46' title="bbox 2115 4309 3751 4389">
    <p class='ocr_par' dir='ltr' id='par_1_46' title="bbox 2115 4309 3751 4389">
     <span class='ocr_line' id='line_1_46' title="bbox 2115 4309 3751 4389; baseline 0.001 -25"><span class='ocrx_word' id='word_1_251' title='bbox 2115 4309 2521 4375; x_wconf 81' lang='grc' dir='ltr'>ἀποκνούντων,</span> <span class='ocrx_word' id='word_1_252' title='bbox 2585 4311 2746 4380; x_wconf 76' lang='grc' dir='ltr'>μόνος</span> <span class='ocrx_word' id='word_1_253' title='bbox 2804 4311 2966 4372; x_wconf 83' lang='grc' dir='ltr'>αὐτὸς</span> <span class='ocrx_word' id='word_1_254' title='bbox 3015 4311 3196 4384; x_wconf 79' lang='grc' dir='ltr'>ὥσπερ</span> <span class='ocrx_word' id='word_1_255' title='bbox 3247 4312 3392 4372; x_wconf 88' lang='grc' dir='ltr'>τινὸς</span> <span class='ocrx_word' id='word_1_256' title='bbox 3441 4318 3687 4389; x_wconf 79' lang='grc' dir='ltr'>κατοχῆς</span> 
     </span>
    </p>
   </div>
   <div class='ocr_carea' id='block_1_47' title="bbox 362 4397 2036 4492">
    <p class='ocr_par' dir='ltr' id='par_1_47' title="bbox 362 4397 2008 4472">
     <span class='ocr_line' id='line_1_47' title="bbox 362 4397 2008 4472; baseline -0.002 -18"><span class='ocrx_word' id='word_1_257' title='bbox 362 4415 536 4472; x_wconf 88' lang='lat' dir='ltr'><strong>quam</strong></span> <span class='ocrx_word' id='word_1_258' title='bbox 560 4397 799 4465; x_wconf 65' lang='lat' dir='ltr'><strong>ceteris,</strong></span> <span class='ocrx_word' id='word_1_259' title='bbox 834 4403 1010 4464; x_wconf 88' lang='lat' dir='ltr'><strong>metu,</strong></span> <span class='ocrx_word' id='word_1_260' title='bbox 1044 4404 1108 4451; x_wconf 89' lang='lat' dir='ltr'><strong>ut</strong></span> <span class='ocrx_word' id='word_1_261' title='bbox 1139 4403 1398 4468; x_wconf 87' lang='lat' dir='ltr'><strong>apparet,</strong></span> <span class='ocrx_word' id='word_1_262' title='bbox 1421 4397 2008 4466; x_wconf 69' lang='lat' dir='ltr'><strong>revoc:inle,hazcipsa</strong></span> 
     </span>
    </p>
   </div>
   <div class='ocr_carea' id='block_1_48' title="bbox 2119 4397 3752 4492">
    <p class='ocr_par' dir='ltr' id='par_1_48' title="bbox 2119 4397 3752 4474">
     <span class='ocr_line' id='line_1_48' title="bbox 2119 4397 3752 4474; baseline 0.001 -22"><span class='ocrx_word' id='word_1_263' title='bbox 2119 4398 2311 4471; x_wconf 80' lang='grc' dir='ltr'>μένους</span> <span class='ocrx_word' id='word_1_264' title='bbox 2345 4397 2633 4468; x_wconf 75' lang='grc' dir='ltr'>πλησθεὶς,</span> <span class='ocrx_word' id='word_1_265' title='bbox 2682 4399 2855 4474; x_wconf 72' lang='grc' dir='ltr'>λέγειν</span> <span class='ocrx_word' id='word_1_266' title='bbox 2895 4398 3082 4472; x_wconf 68' lang='grc' dir='ltr'>οἵομαι</span> <span class='ocrx_word' id='word_1_267' title='bbox 3131 4398 3259 4458; x_wconf 82' lang='grc' dir='ltr'>δεῖν.</span> <span class='ocrx_word' id='word_1_268' title='bbox 3314 4400 3402 4455; x_wconf 85' lang='grc' dir='ltr'><strong>καὶ</strong></span> <span class='ocrx_word' id='word_1_269' title='bbox 3439 4403 3752 4471; x_wconf 72' lang='grc' dir='ltr'>θαυμαστήν</span> 
     </span>
    </p>
   </div>
   <div class='ocr_carea' id='block_1_49' title="bbox 362 4485 1998 4559">
    <p class='ocr_par' dir='ltr' id='par_1_49' title="bbox 362 4485 1998 4559">
     <span class='ocr_line' id='line_1_49' title="bbox 362 4485 1998 4559; baseline -0.002 -13"><span class='ocrx_word' id='word_1_270' title='bbox 362 4489 593 4546; x_wconf 82' lang='lat' dir='ltr'><strong>silentio</strong></span> <span class='ocrx_word' id='word_1_271' title='bbox 624 4485 1219 4559; x_wconf 69' lang='lat' dir='ltr'><strong>pretermittentibus,</strong></span> <span class='ocrx_word' id='word_1_272' title='bbox 1244 4501 1546 4557; x_wconf 70' lang='lat' dir='ltr'><strong>causaeque</strong></span> <span class='ocrx_word' id='word_1_273' title='bbox 1579 4489 1998 4557; x_wconf 88' lang='lat' dir='ltr'><strong>susceptionem</strong></span> 
     </span>
    </p>
   </div>
   <div class='ocr_carea' id='block_1_50' title="bbox 361 4575 1998 4647">
    <p class='ocr_par' dir='ltr' id='par_1_50' title="bbox 361 4575 1998 4647">
     <span class='ocr_line' id='line_1_50' title="bbox 361 4575 1998 4647; baseline -0.002 -14"><span class='ocrx_word' id='word_1_274' title='bbox 361 4577 836 4643; x_wconf 73' lang='lat' dir='ltr'><strong>detrectantibus,</strong></span> <span class='ocrx_word' id='word_1_275' title='bbox 870 4575 960 4631; x_wconf 89' lang='lat' dir='ltr'><strong>hic</strong></span> <span class='ocrx_word' id='word_1_276' title='bbox 985 4591 1090 4647; x_wconf 88' lang='lat' dir='ltr'><strong>ego</strong></span> <span class='ocrx_word' id='word_1_277' title='bbox 1117 4593 1270 4632; x_wconf 84' lang='lat' dir='ltr'><strong>unus</strong></span> <span class='ocrx_word' id='word_1_278' title='bbox 1293 4591 1523 4647; x_wconf 88' lang='lat' dir='ltr'><strong>quoque</strong></span> <span class='ocrx_word' id='word_1_279' title='bbox 1576 4577 1740 4645; x_wconf 86' lang='lat' dir='ltr'><strong>quasi</strong></span> <span class='ocrx_word' id='word_1_280' title='bbox 1778 4576 1998 4642; x_wconf 80' lang='lat' dir='ltr'><strong>afﬂatu,</strong></span> 
     </span>
    </p>
   </div>
   <div class='ocr_carea' id='block_1_51' title="bbox 363 4664 2002 4736">
    <p class='ocr_par' dir='ltr' id='par_1_51' title="bbox 363 4664 2002 4736">
     <span class='ocr_line' id='line_1_51' title="bbox 363 4664 2002 4736; baseline -0.002 -14"><span class='ocrx_word' id='word_1_281' title='bbox 363 4675 626 4722; x_wconf 89' lang='lat' dir='ltr'><strong>autnovo</strong></span> <span class='ocrx_word' id='word_1_282' title='bbox 649 4665 825 4722; x_wconf 90' lang='lat' dir='ltr'><strong>animi</strong></span> <span class='ocrx_word' id='word_1_283' title='bbox 867 4666 1069 4721; x_wconf 89' lang='lat' dir='ltr'><strong>robore</strong></span> <span class='ocrx_word' id='word_1_284' title='bbox 1112 4664 1405 4736; x_wconf 84' lang='lat' dir='ltr'><strong>impletus,</strong></span> <span class='ocrx_word' id='word_1_285' title='bbox 1456 4681 1586 4720; x_wconf 87' lang='lat' dir='ltr'><strong>cum</strong></span> <span class='ocrx_word' id='word_1_286' title='bbox 1639 4665 1806 4719; x_wconf 72' lang='lat' dir='ltr'><strong>verba</strong></span> <span class='ocrx_word' id='word_1_287' title='bbox 1862 4664 2002 4718; x_wconf 91' lang='lat' dir='ltr'><strong>mihi</strong></span> 
     </span>
    </p>
   </div>
   <div class='ocr_carea' id='block_1_52' title="bbox 363 4756 2003 4826">
    <p class='ocr_par' dir='ltr' id='par_1_52' title="bbox 363 4756 2003 4826">
     <span class='ocr_line' id='line_1_52' title="bbox 363 4756 2003 4826; baseline -0.001 -11"><span class='ocrx_word' id='word_1_288' title='bbox 363 4760 655 4826; x_wconf 86' lang='lat' dir='ltr'><strong>faciunda,</strong></span> <span class='ocrx_word' id='word_1_289' title='bbox 690 4763 810 4814; x_wconf 89' lang='lat' dir='ltr'><strong>tum</strong></span> <span class='ocrx_word' id='word_1_290' title='bbox 848 4756 1169 4814; x_wconf 91' lang='lat' dir='ltr'><strong>incredibili</strong></span> <span class='ocrx_word' id='word_1_291' title='bbox 1202 4759 1392 4814; x_wconf 86' lang='lat' dir='ltr'><strong>studio</strong></span> <span class='ocrx_word' id='word_1_292' title='bbox 1438 4757 1701 4814; x_wconf 80' lang='lat' dir='ltr'><strong>faciunda</strong></span> <span class='ocrx_word' id='word_1_293' title='bbox 1749 4773 1954 4813; x_wconf 85' lang='lat' dir='ltr'><strong>censeo</strong></span> <span class='ocrx_word' id='word_1_294' title='bbox 1988 4784 2003 4826; x_wconf 87' lang='lat'><strong>;</strong></span> 
     </span>
    </p>
   </div>
   <div class='ocr_carea' id='block_1_53' title="bbox 364 4848 2003 4920">
    <p class='ocr_par' dir='ltr' id='par_1_53' title="bbox 364 4848 2003 4920">
     <span class='ocr_line' id='line_1_53' title="bbox 364 4848 2003 4920; baseline -0.005 -15"><span class='ocrx_word' id='word_1_295' title='bbox 364 4849 648 4920; x_wconf 88' lang='lat' dir='ltr'><strong>numquid</strong></span> <span class='ocrx_word' id='word_1_296' title='bbox 673 4866 858 4904; x_wconf 67' lang='lat' dir='ltr'><strong>causa:</strong></span> <span class='ocrx_word' id='word_1_297' title='bbox 891 4856 998 4912; x_wconf 86' lang='lat' dir='ltr'><strong>est,</strong></span> <span class='ocrx_word' id='word_1_298' title='bbox 1040 4864 1156 4918; x_wconf 90' lang='lat' dir='ltr'><strong>quo</strong></span> <span class='ocrx_word' id='word_1_299' title='bbox 1209 4849 1400 4901; x_wconf 90' lang='lat' dir='ltr'><strong>minus</strong></span> <span class='ocrx_word' id='word_1_300' title='bbox 1449 4850 1531 4902; x_wconf 89' lang='lat' dir='ltr'><strong>vel</strong></span> <span class='ocrx_word' id='word_1_301' title='bbox 1578 4848 1684 4902; x_wconf 88' lang='lat' dir='ltr'><strong>hoc</strong></span> <span class='ocrx_word' id='word_1_302' title='bbox 1732 4848 1853 4916; x_wconf 81' lang='lat' dir='ltr'><strong>ipso</strong></span> <span class='ocrx_word' id='word_1_303' title='bbox 1901 4864 2003 4900; x_wconf 86' lang='lat' dir='ltr'><strong>nn-</strong></span> 
     </span>
    </p>
   </div>
   <div class='ocr_carea' id='block_1_54' title="bbox 365 4938 2003 5009">
    <p class='ocr_par' dir='ltr' id='par_1_54' title="bbox 365 4938 2003 5009">
     <span class='ocr_line' id='line_1_54' title="bbox 365 4938 2003 5009; baseline -0.003 -14"><span class='ocrx_word' id='word_1_304' title='bbox 365 4943 517 4996; x_wconf 86' lang='lat' dir='ltr'><strong>mine</strong></span> <span class='ocrx_word' id='word_1_305' title='bbox 546 4940 817 4995; x_wconf 85' lang='lat' dir='ltr'><strong>eximiam</strong></span> <span class='ocrx_word' id='word_1_306' title='bbox 851 4940 1162 5009; x_wconf 86' lang='lat' dir='ltr'><strong>quamdam</strong></span> <span class='ocrx_word' id='word_1_307' title='bbox 1209 4941 1556 5008; x_wconf 80' lang='lat' dir='ltr'><strong>promeritus</strong></span> <span class='ocrx_word' id='word_1_308' title='bbox 1605 4955 1733 4992; x_wconf 79' lang='lat' dir='ltr'><strong>esse</strong></span> <span class='ocrx_word' id='word_1_309' title='bbox 1776 4938 2003 4992; x_wconf 84' lang='lat' dir='ltr'><strong>laudem</strong></span> 
     </span>
    </p>
   </div>
   <div class='ocr_carea' id='block_1_55' title="bbox 2113 4487 3754 4565">
    <p class='ocr_par' dir='ltr' id='par_1_55' title="bbox 2113 4487 3754 4565">
     <span class='ocr_line' id='line_1_55' title="bbox 2113 4487 3754 4565; baseline 0.002 -25"><span class='ocrx_word' id='word_1_310' title='bbox 2113 4509 2229 4541; x_wconf 83' lang='grc' dir='ltr'>τινα</span> <span class='ocrx_word' id='word_1_311' title='bbox 2286 4491 2486 4559; x_wconf 78' lang='grc' dir='ltr'>ταύτην</span> <span class='ocrx_word' id='word_1_312' title='bbox 2538 4492 2807 4544; x_wconf 88' lang='grc' dir='ltr'>ποιεισθαι</span> <span class='ocrx_word' id='word_1_313' title='bbox 2875 4487 3114 4557; x_wconf 81' lang='grc' dir='ltr'>σπουδὴν</span> <span class='ocrx_word' id='word_1_314' title='bbox 3171 4495 3287 4550; x_wconf 82' lang='grc' dir='ltr'>πῶς</span> <span class='ocrx_word' id='word_1_315' title='bbox 3349 4490 3446 4544; x_wconf 81' lang='grc' dir='ltr'><strong>οὐκ</strong></span> <span class='ocrx_word' id='word_1_316' title='bbox 3505 4489 3634 4544; x_wconf 77' lang='grc' dir='ltr'>αὗτὸ</span> <span class='ocrx_word' id='word_1_317' title='bbox 3691 4511 3754 4565; x_wconf 89' lang='grc' dir='ltr'><strong>γε</strong></span> 
     </span>
    </p>
   </div>
   <div class='ocr_carea' id='block_1_56' title="bbox 2111 4577 3754 4652">
    <p class='ocr_par' dir='ltr' id='par_1_56' title="bbox 2111 4577 3754 4652">
     <span class='ocr_line' id='line_1_56' title="bbox 2111 4577 3754 4652; baseline 0 -20"><span class='ocrx_word' id='word_1_318' title='bbox 2111 4582 2294 4645; x_wconf 76' lang='grc' dir='ltr'>τοῦτο,</span> <span class='ocrx_word' id='word_1_319' title='bbox 2339 4577 2554 4634; x_wconf 79' lang='grc' dir='ltr'>πολλοῦ</span> <span class='ocrx_word' id='word_1_320' title='bbox 2601 4600 2746 4641; x_wconf 86' lang='grc' dir='ltr'>τινος</span> <span class='ocrx_word' id='word_1_321' title='bbox 2793 4577 2851 4632; x_wconf 77' lang='grc' dir='ltr'><strong>ἄν</strong></span> <span class='ocrx_word' id='word_1_322' title='bbox 2903 4577 3049 4652; x_wconf 76' lang='grc' dir='ltr'>ἄξιος</span> <span class='ocrx_word' id='word_1_323' title='bbox 3096 4577 3238 4649; x_wconf 68' lang='grc' dir='ltr'>εἵην,</span> <span class='ocrx_word' id='word_1_324' title='bbox 3299 4583 3394 4633; x_wconf 79' lang='grc' dir='ltr'>τοῦ</span> <span class='ocrx_word' id='word_1_325' title='bbox 3447 4581 3540 4652; x_wconf 75' lang='grc' dir='ltr'><strong>μὲν</strong></span> <span class='ocrx_word' id='word_1_326' title='bbox 3582 4579 3754 4633; x_wconf 79' lang='grc' dir='ltr'><strong>καλοῦ</strong></span> 
     </span>
    </p>
   </div>
   <div class='ocr_carea' id='block_1_57' title="bbox 2113 4665 3754 4743">
    <p class='ocr_par' dir='ltr' id='par_1_57' title="bbox 2113 4665 3754 4743">
     <span class='ocr_line' id='line_1_57' title="bbox 2113 4665 3754 4743; baseline 0 -22"><span class='ocrx_word' id='word_1_327' title='bbox 2113 4669 2202 4721; x_wconf 78' lang='grc' dir='ltr'><strong>καὶ</strong></span> <span class='ocrx_word' id='word_1_328' title='bbox 2252 4665 2466 4723; x_wconf 74' lang='grc' dir='ltr'>δικαίου</span> <span class='ocrx_word' id='word_1_329' title='bbox 2515 4670 2888 4742; x_wconf 81' lang='grc' dir='ltr'>ποιησάμενος</span> <span class='ocrx_word' id='word_1_330' title='bbox 2935 4667 3126 4743; x_wconf 91' lang='grc' dir='ltr'>λόγον,</span> <span class='ocrx_word' id='word_1_331' title='bbox 3167 4675 3265 4724; x_wconf 79' lang='grc' dir='ltr'><strong>τοῦ</strong></span> <span class='ocrx_word' id='word_1_332' title='bbox 3317 4667 3373 4723; x_wconf 74' lang='grc' dir='ltr'><strong>δὲ</strong></span> <span class='ocrx_word' id='word_1_333' title='bbox 3419 4671 3534 4723; x_wconf 82' lang='grc' dir='ltr'>κατ’</span> <span class='ocrx_word' id='word_1_334' title='bbox 3585 4667 3754 4741; x_wconf 80' lang='grc' dir='ltr'>ἐμαυ-</span> 
     </span>
    </p>
   </div>
   <div class='ocr_carea' id='block_1_58' title="bbox 2111 4755 3754 4834">
    <p class='ocr_par' dir='ltr' id='par_1_58' title="bbox 2111 4755 3754 4834">
     <span class='ocr_line' id='line_1_58' title="bbox 2111 4755 3754 4834; baseline 0 -22"><span class='ocrx_word' id='word_1_335' title='bbox 2111 4758 2203 4812; x_wconf 85' lang='grc' dir='ltr'>τὸν</span> <span class='ocrx_word' id='word_1_336' title='bbox 2261 4755 2554 4834; x_wconf 70' lang='grc' dir='ltr'>ἀφειδήσας</span> <span class='ocrx_word' id='word_1_337' title='bbox 2608 4759 2697 4812; x_wconf 79' lang='grc' dir='ltr'><strong>καὶ</strong></span> <span class='ocrx_word' id='word_1_338' title='bbox 2755 4759 2930 4812; x_wconf 80' lang='grc' dir='ltr'>πάντα</span> <span class='ocrx_word' id='word_1_339' title='bbox 2985 4755 3231 4812; x_wconf 77' lang='grc' dir='ltr'>κίνδυνον</span> <span class='ocrx_word' id='word_1_340' title='bbox 3299 4756 3508 4812; x_wconf 81' lang='grc' dir='ltr'>ἐλάττω</span> <span class='ocrx_word' id='word_1_341' title='bbox 3567 4759 3754 4830; x_wconf 79' lang='grc' dir='ltr'>κρίνας</span> 
     </span>
    </p>
   </div>
   <div class='ocr_carea' id='block_1_59' title="bbox 2114 4845 3756 4920">
    <p class='ocr_par' dir='ltr' id='par_1_59' title="bbox 2114 4845 3756 4920">
     <span class='ocr_line' id='line_1_59' title="bbox 2114 4845 3756 4920; baseline -0.001 -21"><span class='ocrx_word' id='word_1_342' title='bbox 2114 4847 2339 4914; x_wconf 78' lang='grc' dir='ltr'>ταυτησὶ</span> <span class='ocrx_word' id='word_1_343' title='bbox 2389 4853 2487 4916; x_wconf 76' lang='grc' dir='ltr'>τῆς</span> <span class='ocrx_word' id='word_1_344' title='bbox 2545 4851 2764 4920; x_wconf 75' lang='grc' dir='ltr'>φορᾶςς</span> <span class='ocrx_word' id='word_1_345' title='bbox 2819 4847 2879 4914; x_wconf 80' lang='grc' dir='ltr'><strong>ἣν</strong></span> <span class='ocrx_word' id='word_1_346' title='bbox 2930 4846 3019 4900; x_wconf 81' lang='grc' dir='ltr'><strong>καὶ</strong></span> <span class='ocrx_word' id='word_1_347' title='bbox 3074 4847 3159 4900; x_wconf 81' lang='grc' dir='ltr'><strong>ὅτι</strong></span> <span class='ocrx_word' id='word_1_348' title='bbox 3223 4866 3322 4919; x_wconf 88' lang='grc' dir='ltr'><strong>περ</strong></span> <span class='ocrx_word' id='word_1_349' title='bbox 3382 4845 3434 4907; x_wconf 83' lang='grc' dir='ltr'>ἐς</span> <span class='ocrx_word' id='word_1_350' title='bbox 3494 4850 3756 4899; x_wconf 73' lang='grc' dir='ltr'>τοσοῦτον</span> 
     </span>
    </p>
   </div>
   <div class='ocr_carea' id='block_1_60' title="bbox 2117 4932 3621 5010">
    <p class='ocr_par' dir='ltr' id='par_1_60' title="bbox 2117 4932 3621 5010">
     <span class='ocr_line' id='line_1_60' title="bbox 2117 4932 3621 5010; baseline 0.001 -21"><span class='ocrx_word' id='word_1_351' title='bbox 2117 4932 2498 5008; x_wconf 74' lang='grc' dir='ltr'>ἀνεϐαλλόμην</span> <span class='ocrx_word' id='word_1_352' title='bbox 2533 4935 2619 4990; x_wconf 82' lang='grc' dir='ltr'><strong>διὰ</strong></span> <span class='ocrx_word' id='word_1_353' title='bbox 2649 4937 2709 4989; x_wconf 88' lang='grc' dir='ltr'>τὸ</span> <span class='ocrx_word' id='word_1_354' title='bbox 2745 4936 2972 5010; x_wconf 72' lang='grc' dir='ltr'>μέγεθος</span> <span class='ocrx_word' id='word_1_355' title='bbox 3005 4935 3222 5007; x_wconf 77' lang='grc' dir='ltr'>ἐμαυτῷ</span> <span class='ocrx_word' id='word_1_356' title='bbox 3256 4933 3621 5009; x_wconf 76' lang='grc' dir='ltr'>δυσχεραίνω.</span> 
     </span>
    </p>
   </div>
   <div class='ocr_carea' id='block_1_61' title="bbox 365 5027 3759 5100">
    <p class='ocr_par' dir='ltr' id='par_1_61' title="bbox 365 5027 3759 5100">
     <span class='ocr_line' id='line_1_61' title="bbox 365 5027 3759 5100; baseline -0.001 -17"><span class='ocrx_word' id='word_1_357' title='bbox 365 5031 577 5097; x_wconf 80' lang='lat' dir='ltr'><strong>videar,</strong></span> <span class='ocrx_word' id='word_1_358' title='bbox 607 5034 757 5100; x_wconf 84' lang='lat' dir='ltr'><strong>quod</strong></span> <span class='ocrx_word' id='word_1_359' title='bbox 792 5030 1014 5084; x_wconf 85' lang='lat' dir='ltr'><strong>honesti</strong></span> <span class='ocrx_word' id='word_1_360' title='bbox 1044 5031 1303 5099; x_wconf 86' lang='lat' dir='ltr'><strong>justique</strong></span> <span class='ocrx_word' id='word_1_361' title='bbox 1354 5029 1509 5083; x_wconf 84' lang='lat' dir='ltr'><strong>haud</strong></span> <span class='ocrx_word' id='word_1_362' title='bbox 1550 5027 1718 5097; x_wconf 89' lang='lat' dir='ltr'><strong>paulo</strong></span> <span class='ocrx_word' id='word_1_363' title='bbox 1779 5029 2056 5098; x_wconf 88' lang='lat' dir='ltr'><strong>majorem</strong></span> <span class='ocrx_word' id='word_1_364' title='bbox 2117 5046 2288 5099; x_wconf 88' lang='lat' dir='ltr'><strong>quam</strong></span> <span class='ocrx_word' id='word_1_365' title='bbox 2348 5029 2461 5084; x_wconf 89' lang='lat' dir='ltr'><strong>mei</strong></span> <span class='ocrx_word' id='word_1_366' title='bbox 2506 5028 2688 5099; x_wconf 84' lang='lat' dir='ltr'><strong>ipsius</strong></span> <span class='ocrx_word' id='word_1_367' title='bbox 2735 5027 3018 5083; x_wconf 88' lang='lat' dir='ltr'><strong>rationem</strong></span> <span class='ocrx_word' id='word_1_368' title='bbox 3080 5027 3427 5083; x_wconf 82' lang='lat' dir='ltr'><strong>habuerim?</strong></span> <span class='ocrx_word' id='word_1_369' title='bbox 3490 5027 3759 5097; x_wconf 83' lang='lat' dir='ltr'><strong>quodque</strong></span> 
     </span>
    </p>
   </div>
   <div class='ocr_carea' id='block_1_62' title="bbox 365 5115 3758 5190">
    <p class='ocr_par' dir='ltr' id='par_1_62' title="bbox 365 5115 3758 5190">
     <span class='ocr_line' id='line_1_62' title="bbox 365 5115 3758 5190; baseline -0.002 -17"><span class='ocrx_word' id='word_1_370' title='bbox 365 5119 472 5174; x_wconf 89' lang='lat' dir='ltr'><strong>hac</strong></span> <span class='ocrx_word' id='word_1_371' title='bbox 503 5119 626 5190; x_wconf 86' lang='lat' dir='ltr'><strong>ipsa</strong></span> <span class='ocrx_word' id='word_1_372' title='bbox 654 5119 831 5174; x_wconf 86' lang='lat' dir='ltr'><strong>debiti</strong></span> <span class='ocrx_word' id='word_1_373' title='bbox 863 5119 1042 5174; x_wconf 82' lang='lat' dir='ltr'><strong>ofﬁcii</strong></span> <span class='ocrx_word' id='word_1_374' title='bbox 1066 5117 1466 5188; x_wconf 71' lang='lat' dir='ltr'><strong>persolJtione,</strong></span> <span class='ocrx_word' id='word_1_375' title='bbox 1510 5116 1793 5188; x_wconf 89' lang='lat' dir='ltr'><strong>quidquid</strong></span> <span class='ocrx_word' id='word_1_376' title='bbox 1853 5117 1908 5171; x_wconf 87' lang='lat' dir='ltr'><strong>id</strong></span> <span class='ocrx_word' id='word_1_377' title='bbox 1959 5122 2047 5170; x_wconf 86' lang='lat' dir='ltr'><strong>est</strong></span> <span class='ocrx_word' id='word_1_378' title='bbox 2105 5118 2362 5187; x_wconf 76' lang='lat' dir='ltr'><strong>periculi,</strong></span> <span class='ocrx_word' id='word_1_379' title='bbox 2397 5117 2578 5172; x_wconf 86' lang='lat' dir='ltr'><strong>levius</strong></span> <span class='ocrx_word' id='word_1_380' title='bbox 2623 5131 2750 5171; x_wconf 84' lang='lat' dir='ltr'><strong>esse</strong></span> <span class='ocrx_word' id='word_1_381' title='bbox 2796 5116 3110 5172; x_wconf 84' lang='lat' dir='ltr'><strong>duxerim?</strong></span> <span class='ocrx_word' id='word_1_382' title='bbox 3165 5118 3348 5181; x_wconf 89' lang='lat' dir='ltr'><strong>Quam</strong></span> <span class='ocrx_word' id='word_1_383' title='bbox 3377 5115 3578 5185; x_wconf 89' lang='lat' dir='ltr'><strong>utique</strong></span> <span class='ocrx_word' id='word_1_384' title='bbox 3639 5129 3758 5167; x_wconf 91' lang='lat' dir='ltr'><strong>rem</strong></span> 
     </span>
    </p>
   </div>
   <div class='ocr_carea' id='block_1_63' title="bbox 361 5206 3386 5279">
    <p class='ocr_par' dir='ltr' id='par_1_63' title="bbox 361 5206 3386 5279">
     <span class='ocr_line' id='line_1_63' title="bbox 361 5206 3386 5279; baseline -0.001 -17"><span class='ocrx_word' id='word_1_385' title='bbox 361 5209 515 5278; x_wconf 88' lang='lat' dir='ltr'><strong>quod</strong></span> <span class='ocrx_word' id='word_1_386' title='bbox 552 5225 661 5279; x_wconf 69' lang='lat' dir='ltr'><strong>prae</strong></span> <span class='ocrx_word' id='word_1_387' title='bbox 687 5209 1085 5278; x_wconf 86' lang='lat' dir='ltr'><strong>magnitudine</strong></span> <span class='ocrx_word' id='word_1_388' title='bbox 1115 5224 1217 5263; x_wconf 83' lang='lat' dir='ltr'><strong>sua</strong></span> <span class='ocrx_word' id='word_1_389' title='bbox 1239 5208 1461 5262; x_wconf 91' lang='lat' dir='ltr'><strong>tamdiu</strong></span> <span class='ocrx_word' id='word_1_390' title='bbox 1492 5206 2053 5276; x_wconf 86' lang='lat' dir='ltr'><strong>procrastinaverim,</strong></span> <span class='ocrx_word' id='word_1_391' title='bbox 2091 5207 2192 5277; x_wconf 85' lang='lat' dir='ltr'><strong>ipsi</strong></span> <span class='ocrx_word' id='word_1_392' title='bbox 2231 5207 2371 5261; x_wconf 89' lang='lat' dir='ltr'><strong>mihi</strong></span> <span class='ocrx_word' id='word_1_393' title='bbox 2405 5223 2560 5262; x_wconf 92' lang='lat' dir='ltr'><strong>nunc</strong></span> <span class='ocrx_word' id='word_1_394' title='bbox 2591 5207 3010 5276; x_wconf 88' lang='lat' dir='ltr'><strong>propemodum</strong></span> <span class='ocrx_word' id='word_1_395' title='bbox 3045 5221 3386 5262; x_wconf 86' lang='lat' dir='ltr'><strong>succenseo.</strong></span> 
     </span>
    </p>
   </div>
   <div class='ocr_carea' id='block_1_64' title="bbox 444 5294 2006 5366">
    <p class='ocr_par' dir='ltr' id='par_1_64' title="bbox 444 5294 2006 5366">
     <span class='ocr_line' id='line_1_64' title="bbox 444 5294 2006 5366; baseline -0.004 -15"><span class='ocrx_word' id='word_1_396' title='bbox 444 5300 508 5351; x_wconf 91' lang='lat' dir='ltr'><strong>ll.</strong></span> <span class='ocrx_word' id='word_1_397' title='bbox 547 5295 605 5350; x_wconf 85' lang='lat' dir='ltr'><strong>id</strong></span> <span class='ocrx_word' id='word_1_398' title='bbox 631 5297 782 5366; x_wconf 89' lang='lat' dir='ltr'><strong>quod</strong></span> <span class='ocrx_word' id='word_1_399' title='bbox 817 5297 892 5350; x_wconf 83' lang='lat' dir='ltr'><strong>ita</strong></span> <span class='ocrx_word' id='word_1_400' title='bbox 933 5297 1186 5366; x_wconf 57' lang='lat' dir='ltr'><strong>proferto</strong></span> <span class='ocrx_word' id='word_1_401' title='bbox 1234 5301 1406 5365; x_wconf 87' lang='lat' dir='ltr'><strong>patet.</strong></span> <span class='ocrx_word' id='word_1_402' title='bbox 1453 5295 1738 5350; x_wconf 89' lang='lat' dir='ltr'><strong>Nimirum</strong></span> <span class='ocrx_word' id='word_1_403' title='bbox 1783 5312 1914 5348; x_wconf 90' lang='lat' dir='ltr'><strong>cum</strong></span> <span class='ocrx_word' id='word_1_404' title='bbox 1949 5294 2006 5346; x_wconf 89' lang='lat' dir='ltr'><strong>in</strong></span> 
     </span>
    </p>
   </div>
   <div class='ocr_carea' id='block_1_65' title="bbox 370 5384 2008 5456">
    <p class='ocr_par' dir='ltr' id='par_1_65' title="bbox 370 5384 2008 5456">
     <span class='ocr_line' id='line_1_65' title="bbox 370 5384 2008 5456; baseline -0.003 -15"><span class='ocrx_word' id='word_1_405' title='bbox 370 5387 696 5441; x_wconf 77' lang='lat' dir='ltr'><strong>laudatione</strong></span> <span class='ocrx_word' id='word_1_406' title='bbox 731 5391 846 5452; x_wconf 87' lang='lat' dir='ltr'><strong>tua,</strong></span> <span class='ocrx_word' id='word_1_407' title='bbox 878 5403 909 5440; x_wconf 91' lang='grc' dir='ltr'>ο</span> <span class='ocrx_word' id='word_1_408' title='bbox 942 5403 1211 5456; x_wconf 86' lang='lat' dir='ltr'><strong>supreme</strong></span> <span class='ocrx_word' id='word_1_409' title='bbox 1244 5387 1641 5456; x_wconf 86' lang='lat' dir='ltr'><strong>theologorum</strong></span> <span class='ocrx_word' id='word_1_410' title='bbox 1687 5401 1851 5454; x_wconf 83' lang='lat' dir='ltr'><strong>apex,</strong></span> <span class='ocrx_word' id='word_1_411' title='bbox 1886 5384 2008 5437; x_wconf 88' lang='lat' dir='ltr'><strong>lon-</strong></span> 
     </span>
    </p>
   </div>
   <div class='ocr_carea' id='block_1_66' title="bbox 368 5474 2010 5549">
    <p class='ocr_par' dir='ltr' id='par_1_66' title="bbox 368 5474 2010 5549">
     <span class='ocr_line' id='line_1_66' title="bbox 368 5474 2010 5549; baseline -0.005 -15"><span class='ocrx_word' id='word_1_412' title='bbox 368 5494 552 5549; x_wconf 73' lang='lat' dir='ltr'><strong>geque</strong></span> <span class='ocrx_word' id='word_1_413' title='bbox 583 5478 856 5530; x_wconf 86' lang='lat' dir='ltr'><strong>omnibus</strong></span> <span class='ocrx_word' id='word_1_414' title='bbox 888 5477 944 5528; x_wconf 89' lang='lat' dir='ltr'><strong>in</strong></span> <span class='ocrx_word' id='word_1_415' title='bbox 989 5481 1160 5530; x_wconf 79' lang='lat' dir='ltr'><strong>rebus</strong></span> <span class='ocrx_word' id='word_1_416' title='bbox 1213 5474 1689 5546; x_wconf 61' lang='lat' dir='ltr'><strong>priustantissime</strong></span> <span class='ocrx_word' id='word_1_417' title='bbox 1739 5475 1841 5540; x_wconf 91' lang='lat' dir='ltr'><strong>vir,</strong></span> <span class='ocrx_word' id='word_1_418' title='bbox 1894 5475 2010 5527; x_wconf 90' lang='lat' dir='ltr'><strong>duo</strong></span> 
     </span>
    </p>
   </div>
   <div class='ocr_carea' id='block_1_67' title="bbox 371 5563 2012 5639">
    <p class='ocr_par' dir='ltr' id='par_1_67' title="bbox 371 5563 2012 5639">
     <span class='ocr_line' id='line_1_67' title="bbox 371 5563 2012 5639; baseline -0.004 -16"><span class='ocrx_word' id='word_1_419' title='bbox 371 5569 634 5639; x_wconf 63' lang='lat' dir='ltr'><strong>quadam</strong></span> <span class='ocrx_word' id='word_1_420' title='bbox 668 5564 1037 5637; x_wconf 89' lang='lat' dir='ltr'><strong>potissimum</strong></span> <span class='ocrx_word' id='word_1_421' title='bbox 1080 5568 1505 5630; x_wconf 78' lang='lat' dir='ltr'><strong>contineantur,</strong></span> <span class='ocrx_word' id='word_1_422' title='bbox 1541 5565 1692 5635; x_wconf 88' lang='lat' dir='ltr'><strong>quod</strong></span> <span class='ocrx_word' id='word_1_423' title='bbox 1725 5572 1772 5617; x_wconf 81' lang='lat' dir='ltr'><strong>et</strong></span> <span class='ocrx_word' id='word_1_424' title='bbox 1827 5563 2012 5617; x_wconf 86' lang='lat' dir='ltr'><strong>dicere</strong></span> 
     </span>
    </p>
   </div>
   <div class='ocr_carea' id='block_1_68' title="bbox 373 5653 2013 5729">
    <p class='ocr_par' dir='ltr' id='par_1_68' title="bbox 373 5653 2013 5729">
     <span class='ocr_line' id='line_1_68' title="bbox 373 5653 2013 5729; baseline -0.004 -15"><span class='ocrx_word' id='word_1_425' title='bbox 373 5671 610 5714; x_wconf 83' lang='lat' dir='ltr'><strong>necesse</strong></span> <span class='ocrx_word' id='word_1_426' title='bbox 641 5658 734 5729; x_wconf 86' lang='lat' dir='ltr'><strong>sit,</strong></span> <span class='ocrx_word' id='word_1_427' title='bbox 757 5661 814 5712; x_wconf 87' lang='lat' dir='ltr'><strong>et</strong></span> <span class='ocrx_word' id='word_1_428' title='bbox 843 5656 984 5726; x_wconf 86' lang='lat' dir='ltr'><strong>quid</strong></span> <span class='ocrx_word' id='word_1_429' title='bbox 1019 5659 1213 5712; x_wconf 87' lang='lat' dir='ltr'><strong>deceat</strong></span> <span class='ocrx_word' id='word_1_430' title='bbox 1233 5661 1552 5728; x_wconf 84' lang='lat' dir='ltr'><strong>aptumque</strong></span> <span class='ocrx_word' id='word_1_431' title='bbox 1578 5654 1652 5708; x_wconf 88' lang='lat' dir='ltr'><strong>sit</strong></span> <span class='ocrx_word' id='word_1_432' title='bbox 1681 5654 1739 5707; x_wconf 87' lang='lat' dir='ltr'><strong>in</strong></span> <span class='ocrx_word' id='word_1_433' title='bbox 1771 5653 2013 5708; x_wconf 84' lang='lat' dir='ltr'><strong>dicendo</strong></span> 
     </span>
    </p>
   </div>
   <div class='ocr_carea' id='block_1_69' title="bbox 2195 5289 3761 5368">
    <p class='ocr_par' dir='ltr' id='par_1_69' title="bbox 2195 5289 3761 5368">
     <span class='ocr_line' id='line_1_69' title="bbox 2195 5289 3761 5368; baseline -0.002 -21"><span class='ocrx_word' id='word_1_434' title='bbox 2195 5296 2258 5348; x_wconf 86' lang='lat' dir='ltr'><strong>B&#39;.</strong></span> <span class='ocrx_word' id='word_1_435' title='bbox 2324 5293 2500 5361; x_wconf 73' lang='grc' dir='ltr'>Δῆλον</span> <span class='ocrx_word' id='word_1_436' title='bbox 2551 5291 2627 5349; x_wconf 85' lang='grc' dir='ltr'><strong>δέ.</strong></span> <span class='ocrx_word' id='word_1_437' title='bbox 2681 5292 2839 5348; x_wconf 71' lang='grc' dir='ltr'>Δυοῖὸ</span> <span class='ocrx_word' id='word_1_438' title='bbox 2899 5294 2998 5368; x_wconf 67' lang='grc' dir='ltr'>γὰρ</span> <span class='ocrx_word' id='word_1_439' title='bbox 3059 5289 3237 5348; x_wconf 80' lang='grc' dir='ltr'>ὅντοιν</span> <span class='ocrx_word' id='word_1_440' title='bbox 3294 5291 3382 5347; x_wconf 80' lang='grc' dir='ltr'><strong>ἐπὶ</strong></span> <span class='ocrx_word' id='word_1_441' title='bbox 3439 5298 3548 5346; x_wconf 78' lang='grc' dir='ltr'><strong>τῶν</strong></span> <span class='ocrx_word' id='word_1_442' title='bbox 3596 5289 3761 5364; x_wconf 76' lang='grc' dir='ltr'>ἐγκω-</span> 
     </span>
    </p>
   </div>
   <div class='ocr_carea' id='block_1_70' title="bbox 2124 5382 3760 5459">
    <p class='ocr_par' dir='ltr' id='par_1_70' title="bbox 2124 5382 3760 5459">
     <span class='ocr_line' id='line_1_70' title="bbox 2124 5382 3760 5459; baseline -0.002 -24"><span class='ocrx_word' id='word_1_443' title='bbox 2124 5383 2286 5455; x_wconf 76' lang='grc' dir='ltr'>μίων,</span> <span class='ocrx_word' id='word_1_444' title='bbox 2342 5385 2386 5437; x_wconf 79' lang='grc' dir='ltr'>ὦ</span> <span class='ocrx_word' id='word_1_445' title='bbox 2446 5383 2848 5459; x_wconf 78' lang='grc' dir='ltr'>θεολογούντων</span> <span class='ocrx_word' id='word_1_446' title='bbox 2908 5384 3164 5458; x_wconf 83' lang='grc' dir='ltr'>ἀκρότης,</span> <span class='ocrx_word' id='word_1_447' title='bbox 3225 5384 3314 5438; x_wconf 82' lang='grc' dir='ltr'><strong>καὶ</strong></span> <span class='ocrx_word' id='word_1_448' title='bbox 3364 5382 3521 5437; x_wconf 73' lang='grc' dir='ltr'>πάντ’</span> <span class='ocrx_word' id='word_1_449' title='bbox 3573 5382 3760 5454; x_wconf 78' lang='grc' dir='ltr'>ἄριστε</span> 
     </span>
    </p>
   </div>
   <div class='ocr_carea' id='block_1_71' title="bbox 2122 5471 3760 5548">
    <p class='ocr_par' dir='ltr' id='par_1_71' title="bbox 2122 5471 3760 5548">
     <span class='ocr_line' id='line_1_71' title="bbox 2122 5471 3760 5548; baseline -0.004 -18"><span class='ocrx_word' id='word_1_450' title='bbox 2122 5474 2204 5542; x_wconf 77' lang='grc' dir='ltr'><strong>σὺ,</strong></span> <span class='ocrx_word' id='word_1_451' title='bbox 2236 5479 2332 5528; x_wconf 76' lang='grc' dir='ltr'>τοῦ</span> <span class='ocrx_word' id='word_1_452' title='bbox 2379 5495 2435 5527; x_wconf 87' lang='grc' dir='ltr'><strong>τε</strong></span> <span class='ocrx_word' id='word_1_453' title='bbox 2484 5475 2657 5548; x_wconf 62' lang='grc' dir='ltr'>λέγειν</span> <span class='ocrx_word' id='word_1_454' title='bbox 2711 5474 2948 5548; x_wconf 79' lang='grc' dir='ltr'>ἀνάγκην</span> <span class='ocrx_word' id='word_1_455' title='bbox 3000 5475 3153 5539; x_wconf 78' lang='grc' dir='ltr'>εἶναι,</span> <span class='ocrx_word' id='word_1_456' title='bbox 3203 5477 3299 5527; x_wconf 77' lang='grc' dir='ltr'><strong>τοῦ</strong></span> <span class='ocrx_word' id='word_1_457' title='bbox 3348 5494 3408 5528; x_wconf 89' lang='grc' dir='ltr'><strong>τε</strong></span> <span class='ocrx_word' id='word_1_458' title='bbox 3449 5471 3513 5525; x_wconf 81' lang='grc' dir='ltr'>τὰ</span> <span class='ocrx_word' id='word_1_459' title='bbox 3577 5471 3760 5544; x_wconf 82' lang='grc' dir='ltr'>γιγνό-</span> 
     </span>
    </p>
   </div>
   <div class='ocr_carea' id='block_1_72' title="bbox 2608 5558 3755 5639">
    <p class='ocr_par' dir='ltr' id='par_1_72' title="bbox 2608 5558 3755 5639">
     <span class='ocr_line' id='line_1_72' title="bbox 2608 5558 3755 5639; baseline -0.006 -22"><span class='ocrx_word' id='word_1_460' title='bbox 2608 5564 2650 5617; x_wconf 66' lang='lat' dir='ltr'><strong>si</strong></span> <span class='ocrx_word' id='word_1_461' title='bbox 2706 5565 2801 5637; x_wconf 72' lang='grc' dir='ltr'><strong>μὲν</strong></span> <span class='ocrx_word' id='word_1_462' title='bbox 2861 5563 3025 5639; x_wconf 73' lang='grc' dir='ltr'>ἄμφω</span> <span class='ocrx_word' id='word_1_463' title='bbox 3083 5567 3250 5617; x_wconf 71' lang='grc' dir='ltr'>ταῦτα</span> <span class='ocrx_word' id='word_1_464' title='bbox 3306 5559 3556 5635; x_wconf 72' lang='grc' dir='ltr'>πράττειν</span> <span class='ocrx_word' id='word_1_465' title='bbox 3614 5558 3755 5628; x_wconf 80' lang='grc' dir='ltr'>ἐξῆν,</span> 
     </span>
    </p>
   </div>
   <div class='ocr_carea' id='block_1_73' title="bbox 2124 5649 3754 5726">
    <p class='ocr_par' dir='ltr' id='par_1_73' title="bbox 2124 5649 3754 5726">
     <span class='ocr_line' id='line_1_73' title="bbox 2124 5649 3754 5726; baseline -0.004 -19"><span class='ocrx_word' id='word_1_466' title='bbox 2124 5659 2226 5715; x_wconf 78' lang='grc' dir='ltr'>πᾶς</span> <span class='ocrx_word' id='word_1_467' title='bbox 2254 5673 2336 5717; x_wconf 82' lang='grc' dir='ltr'><strong>τις</strong></span> <span class='ocrx_word' id='word_1_468' title='bbox 2365 5654 2426 5708; x_wconf 77' lang='grc' dir='ltr'><strong>αν</strong></span> <span class='ocrx_word' id='word_1_469' title='bbox 2457 5650 2739 5726; x_wconf 80' lang='grc' dir='ltr'>ἀπεδίδου,</span> <span class='ocrx_word' id='word_1_470' title='bbox 2775 5651 2864 5707; x_wconf 83' lang='grc' dir='ltr'><strong>καὶ</strong></span> <span class='ocrx_word' id='word_1_471' title='bbox 2914 5651 3011 5706; x_wconf 83' lang='grc' dir='ltr'><strong>οὐκ</strong></span> <span class='ocrx_word' id='word_1_472' title='bbox 3055 5651 3118 5710; x_wconf 75' lang='grc' dir='ltr'>ἄν</span> <span class='ocrx_word' id='word_1_473' title='bbox 3177 5650 3400 5724; x_wconf 71' lang='grc' dir='ltr'>ε’ἱχομεν</span> <span class='ocrx_word' id='word_1_474' title='bbox 3445 5649 3754 5724; x_wconf 71' lang='grc' dir='ltr'>πράγματα’</span> 
     </span>
    </p>
   </div>
   <div class='ocr_carea' id='block_1_74' title="bbox 2126 5565 2545 5636">
    <p class='ocr_par' dir='ltr' id='par_1_74' title="bbox 2126 5565 2545 5636">
     <span class='ocr_line' id='line_1_74' title="bbox 2126 5565 2545 5636; baseline -0.005 -18"><span class='ocrx_word' id='word_1_475' title='bbox 2126 5586 2258 5636; x_wconf 81' lang='grc' dir='ltr'>μενα</span> <span class='ocrx_word' id='word_1_476' title='bbox 2307 5565 2495 5632; x_wconf 81' lang='grc' dir='ltr'>σώζειν</span> <span class='ocrx_word' id='word_1_477' title='bbox 2533 5583 2545 5595; x_wconf 90' lang='grc'><strong>·</strong></span> 
     </span>
    </p>
   </div>
  </div>
