4092 6300
241 380 351 437 217

1251 376 1649 477 LAUDATIO
1691 376 1756 437 S.
1801 377 2170 441 GREGORII
2214 379 2629 442 THEOLOGl.

3524 372 3642 433 218

240 506 328 562 ὅτε
374 505 432 561 δὲ
474 508 611 581 πρὸς
661 508 758 580 μὲν
808 507 910 575 τήν
957 506 1199 580 ἀνάγκην
1250 504 1302 576 ἐξ
1350 506 1587 581 ἀνάγκης
1633 505 1878 580 ε’ίκομεν,

1996 527 2240 581 scrvare,
2299 512 2347 568 si
2407 517 2726 582 utrumque
2784 507 3010 581 assequi
3070 506 3289 573 liceret,
3346 504 3456 562 hoc
3531 504 3642 559 tibi

237 597 326 652 καὶ
360 597 543 672 λέγειν
601 596 922 672 βουλόμεθα
970 596 1185 663 πάντες,
1215 597 1278 650 τὸ
1328 593 1384 650 δὲ
1429 602 1529 665 τῆς
1578 597 1724 668 άξιας
1757 597 1888 673 βου-

236 686 452 760 λόμεθα
485 688 607 758 μὲν,
638 687 703 740 οὐ
755 683 1029 758 δυνάμεθα
1078 683 1155 755 δὲ,
1186 684 1389 760 ἀλογία
1427 682 1622 758 τῳόντι
1653 707 1884 763 περιφα-

234 778 338 846 νής
372 795 386 807 ⁸
422 775 539 831 ἐπεὶ
566 780 733 831 τοῦτο
781 774 882 830 οὐκ
909 772 1075 845 ἔξεστι
1112 771 1243 845 μηδ’
1293 774 1467 829 ἐκεῖνο
1498 775 1752 849 πράσσειν
1803 777 1888 831 αἱ·

234 866 474 939 ρεῖσθαι,
507 862 633 920 ἀλλ’
664 863 995 938 ἑκατέρωθεν
1029 863 1374 937 ἁμαρτάνειν,
1409 859 1469 918 ἔκ
1504 885 1563 919 τε
1590 865 1667 917 ὧν
1712 863 1888 938 λέγειν

235 953 481 1028 ἀνάγκην
531 952 752 1028 ἔχοντες
802 950 1236 1028 παραλείπομεν,
1268 950 1328 1007 ἔκ
1373 972 1432 1007 τε
1479 953 1553 1007 ὧν
1594 958 1694 1022 τῆς
1743 953 1888 1026 ἀξίας

237 1043 573 1117 λειπόμεθα,
619 1041 741 1098 δεον
789 1044 916 1105 τοὺς
979 1042 1056 1115 μή
1112 1041 1280 1115 ταύτῃ
1335 1064 1395 1116 γε
1452 1044 1888 1115 παρεσκευασμέ-

234 1152 389 1202 νους,
432 1133 652 1193 ἐκείνως
695 1136 825 1207 γοῦν
875 1129 1163 1187 ἒκτιννύναι
1197 1150 1210 1163 ·
1268 1132 1383 1186 ἐπεὶ
1430 1131 1520 1186 καὶ
1566 1136 1664 1187 τοῦ
1712 1132 1890 1207 λέγειν

237 1221 463 1291 ἁπλῶς,
524 1222 585 1276 οὐ
641 1226 738 1277 τοῦ
808 1220 1099 1294 προσαξίαν
1179 1218 1359 1296 λέγειν
1421 1220 1562 1275 ἐστὶν
1633 1221 1836 1295 ἀνάγκη
1873 1237 1887 1251 ’

237 1310 371 1367 ἄνευ
405 1312 504 1386 γὰρ
537 1315 633 1367 τοῦ
685 1312 762 1384 μὴ
797 1307 843 1365 δ’
893 1312 1138 1379 ἡντινοῦν
1172 1310 1266 1382 μὲν
1316 1308 1582 1384 αἰσχύνην
1626 1316 1741 1372 τοῖς
1789 1306 1890 1365 λέ-

234 1421 429 1476 γουσιν
471 1402 605 1456 εἶναι
650 1399 797 1474 παρά
836 1401 937 1467 τήν
977 1402 1160 1468 ἧτταν,
1192 1400 1372 1454 κοινὸν
1423 1400 1527 1475 γὰρ
1571 1404 1733 1455 τοῦτο
1779 1404 1886 1455 τῶν

238 1490 467 1557 ζώντων
517 1487 568 1544 ὲν
624 1487 831 1562 λόγοις,
893 1486 1149 1562 μεγίστην
1211 1486 1259 1541 δ’
1324 1487 1745 1563 ἀγνωμοσύνην,
1802 1486 1890 1543 ἐὰν

234 1579 394 1634 τοῦτ’
425 1577 561 1635 αὐτὸ
610 1574 846 1639 δεδιότες
878 1580 1032 1652 σιγᾷν
1080 1578 1336 1650 ἀξιῶμεν,
1369 1576 1402 1631 ἃ
1442 1575 1625 1652 λέγειν
1653 1577 1888 1654 ἀνάγκη,

233 1669 332 1723 καὶ
368 1668 506 1742 ὑπὲρ
536 1669 610 1722 ὧν
657 1669 792 1740 ἡμῖν
825 1666 915 1721 καὶ
957 1670 1065 1721 τῶν
1100 1666 1348 1740 Ὀμήρου
1400 1667 1705 1740 στομάτων,
1739 1665 1890 1741 ε’ίπερ

235 1758 361 1814 οἷόν
392 1757 445 1811 τ’
470 1758 559 1825 ἦν,
589 1756 732 1830 παρά
759 1754 916 1811 πάντ’
946 1748 1053 1809 ἔδει
1099 1755 1193 1810 τὸν
1222 1754 1445 1831 χρόνον,
1473 1755 1557 1818 τίς
1591 1755 1693 1811 οὐκ
1742 1753 1885 1812 οἶδεν

1995 600 2241 673 quisque
2270 601 2526 658 ofﬁcium
2562 601 2717 656 haud
2748 599 2924 655 dubie
2945 596 3281 654 redditurus
3300 598 3443 665 erat,
3469 592 3646 651 nihil-

1997 706 2110 761 que
2142 694 2341 746 nostro
2376 706 2528 746 nunc
2572 689 2769 745 labore
2822 704 2969 758 opus
3023 686 3230 742 fuerat.
3262 684 3543 740 Ceterum
3577 687 3643 738 ut

1997 780 2331 836 necessitati
2352 796 2421 836 ex
2449 780 2792 836 necessitate
2819 776 3103 843 cedimus,
3135 782 3191 829 et
3215 775 3285 829 de
3316 778 3373 829 te
3400 772 3638 845 quidem

1997 869 2187 925 dicere
2207 883 2410 925 omnes
2438 883 2675 924 avemus
2702 885 2715 935 ;
2747 867 2846 922 sed
2882 865 3061 937 digne
3101 863 3245 919 satis
3277 863 3488 929 dicere,
3513 876 3645 915 ave-

2000 974 2131 1014 mus
2159 974 2276 1013 non
2341 960 2480 1014 item
2531 971 2892 1028 possumus:
2955 953 3081 1009 heic
3139 967 3282 1007 sane
3339 949 3644 1006 manifeste

1998 1049 2318 1103 absurdum
2346 1024 2551 1114 fuerit,
2575 1046 2625 1102 si
2655 1044 2929 1117 quoniam
2963 1045 3068 1099 hoc
3121 1059 3232 1097 non
3289 1041 3480 1106 datur,
3514 1039 3643 1096 ideo
3702 1024 3706 1031 ’

2000 1152 2072 1192 ne
2101 1136 2336 1207 quidem
2362 1135 2505 1190 illud
2541 1135 2709 1189 nobis
2739 1133 3027 1205 agendum
3059 1134 3406 1196 statuamus,
3439 1143 3640 1184 verum

2000 1228 2274 1297 utrinque
2312 1224 2506 1295 potius
2537 1224 2608 1278 ab
2637 1222 2828 1278 officio
2850 1221 3145 1277 discedere
3183 1219 3481 1284 malimus,
3516 1220 3641 1273 tum

1997 1332 2085 1384 eo,
2119 1317 2268 1389 quod
2294 1315 2427 1372 licet
2452 1314 2684 1369 dicendi
2705 1311 2982 1383 imposita
3013 1310 3180 1367 nobis
3209 1309 3521 1366 necessitas
3541 1309 3639 1375 sit,

1998 1424 2110 1462 non
2143 1407 2404 1461 dicamus
2426 1408 2641 1471 tamen,
2673 1407 2800 1457 tum
2860 1402 3010 1473 quod
3048 1418 3082 1456 a
3126 1399 3407 1470 dignitate
3452 1397 3640 1469 operis

2000 1495 2228 1567 longius
2260 1492 2549 1559 absimus,
2575 1507 2707 1548 cum
2750 1499 2951 1546 contra
2979 1493 3288 1561 oporteret.
3321 1487 3371 1542 si
3429 1487 3501 1543 ad
3551 1486 3640 1541 di—

1996 1586 2277 1656 gnitatem
2317 1584 2490 1638 istam
2523 1581 2719 1637 minus
2751 1578 3018 1635 instructi
3049 1593 3331 1646 essemus,
3364 1576 3519 1648 quod
3542 1576 3641 1631 de-

1996 1674 2300 1739 bebamus,
2330 1677 2622 1743 utcunque
2650 1668 2895 1725 dicendo
2946 1667 3311 1741 persolvere:
3352 1666 3636 1737 siquidem

1997 1764 2189 1821 dicere
2213 1764 2517 1829 duntaxat,
2552 1776 2666 1817 non
2708 1764 2907 1815 autem
2952 1774 3020 1813 ex
3064 1758 3269 1813 merito
3301 1755 3515 1826 dicere,
3544 1772 3643 1812 ne-

237 1848 315 1908 ὠς
372 1848 462 1907 οἷς
520 1846 686 1909 αὐτὸς
740 1844 946 1920 λόγων,
994 1843 1084 1898 καὶ
1142 1842 1366 1919 ἀρετῆς,
1421 1846 1508 1900 καὶ
1570 1842 1888 1921 δογμάτων,

1996 1870 2158 1912 cesse
2186 1857 2294 1909 est.
2318 1853 2529 1908 Praeter
2550 1850 2607 1906 id
2637 1849 2816 1917 enim,
2838 1849 2991 1921 quod
3017 1846 3179 1903 nulla
3209 1845 3562 1914 dicentibus,
3586 1846 3634 1902 si

235 1935 329 1990 καὶ
368 1935 698 2008 ξυμπάντων
748 1934 822 1995 ὡς
852 1932 1022 1988 εἰπεῖν
1071 1935 1180 1988 τῶν
1229 1931 1540 1989 καλλιστων
1591 1933 1884 2012 κεφάλαιον

238 2025 509 2102 ἀνεφάνης
539 2028 621 2096 τῷ
670 2025 797 2095 βίῳ,
829 2022 921 2077 καὶ
972 2022 1139 2095 μόνος
1187 2017 1337 2097 ἔσχει
1396 2025 1540 2098 παρά
1578 2022 1794 2078 πάντων
1832 2023 1886 2078 ἐν

240 2114 461 2174 τούτοις
488 2115 554 2168 τὸ
602 2112 1056 2187 συγκεχωρηκὸς,
1087 2115 1191 2166 τοῦ
1241 2113 1336 2184 μὲν
1388 2108 1477 2166 διὰ
1520 2113 1695 2168 πάντα
1722 2118 1890 2169 ταῦτα

243 2204 615 2278 θαυμάζεσθαι
644 2203 793 2277 παρά
821 2201 1046 2272 πάντας,
1079 2199 1359 2279 ὀφειλέτας
1392 2202 1626 2266 ἅπαντας
1655 2202 1838 2280 ἴσχεις
1871 2222 1886 2237 ⁶

244 2299 335 2349 τοῦ
366 2292 429 2349 δὲ
458 2290 779 2368 προσαξίαν,
812 2288 1002 2345 οὺδὲνα
1034 2310 1047 2323 ·
1091 2289 1264 2364 μόνης
1293 2292 1400 2366 γὰρ
1428 2299 1528 2361 τῆς
1570 2298 1668 2361 σῆς
1700 2292 1889 2368 γλώτ-

248 2403 338 2453 της
372 2381 538 2456 εἴπερ
574 2380 688 2435 οἷόν
738 2400 796 2434 τε
843 2376 1167 2452 σπούδασμα
1211 2380 1360 2435 τοῦτ’
1407 2378 1467 2435 ἃν
1495 2378 1581 2449 ἦν.
1636 2381 1733 2436 Καὶ
1787 2383 1888 2456 μό-

250 2475 329 2535 νὸς
355 2472 495 2545 ὑπὲρ
542 2469 709 2531 αὐτὸς
761 2471 958 2523 σαυτοῦ
985 2472 1179 2523 τοῦτον
1229 2465 1292 2522 ἂν
1343 2467 1547 2531 είσέδυς
1595 2468 1892 2545 ἀποχρών-

255 2582 351 2623 τως
398 2562 497 2615 τὸν
545 2558 712 2614 ἆθλον
745 2576 761 2592 ·
808 2556 871 2612 οὐ
931 2557 1037 2630 μὴν
1088 2555 1177 2612 διὰ
1232 2562 1393 2613 τοῦτο
1445 2557 1660 2614 κάκεῖνο
1709 2559 1893 2615 λιπεῖν

260 2654 391 2723 ἡμᾶς
422 2649 533 2722 δεῖ,
573 2646 697 2704 οὐδὲ
740 2651 843 2702 τοῦ
872 2647 1071 2709 παντὸς
1122 2647 1413 2722 ὑστερῆσαι
1460 2648 1523 2703 τὸ
1576 2649 1740 2721 μέρος
1791 2649 1895 2706 οὐκ

254 2737 473 2815 ἔχοντας
511 2758 525 2770 ·
578 2736 723 2793 ἂλλά
775 2733 1014 2810 μάλιστα
1064 2736 1157 2809 μὶν
1187 2735 1449 2815 εἰσφέρειν
1489 2735 1549 2792 ἐκ
1594 2742 1699 2792 τῶν
1751 2737 1894 2794 ἐνόν-

247 2850 349 2884 των
395 2829 490 2883 καὶ
540 2827 645 2896 τήν
693 2828 1061 2898 νομιζομένην
1107 2822 1432 2880 ἀποδιδόναι
1488 2823 1665 2896 δήπου
1718 2827 1895 2882 συντέ-

246 2917 395 2973 λειαν
433 2935 447 2948 ’
483 2916 531 2972 εἰ
567 2912 623 2970 δὲ
653 2914 751 2983 τὴν
805 2912 1136 2989 γιγνομένην
1170 2913 1268 2969 οὐκ
1314 2908 1536 2986 ἔνεστιν,
1570 2912 1725 2970 οὐδὲν
1758 2916 1893 2989 πρὸς

244 3011 394 3082 ἡμᾶς
430 3030 443 3040 ·
478 3004 631 3062 ἀλλά
660 3004 723 3060 σύ
753 3006 802 3073 γ’
832 3004 992 3068 αὐτὸς
1041 3004 1235 3060 τούτου
1264 3007 1458 3061 σαυτὸν
1508 3005 1689 3079 αἴτιῶ,
1720 3013 1894 3063 πᾶσαν

246 3097 423 3173 λόγου
472 3094 699 3168 δύναμιν
752 3088 1110 3169 ὑπερϐαίνων,
1139 3093 1231 3149 καὶ
1284 3096 1445 3167 μόνος
1494 3101 1611 3159 τοῖς
1663 3095 1892 3151 ἐπαινεῖν

1993 1942 2297 2001 inferiores
2356 1941 2739 2009 discedimus,
2787 1937 3099 1995 subeunda
3151 1935 3480 2009 ignominia
3525 1943 3637 1997 est,

1994 2032 2229 2106 quando
2258 2030 2598 2087 tralatitium
2649 2028 2756 2085 hos
2785 2027 2857 2083 iis
2913 2043 2980 2082 ac
3035 2039 3365 2089 commune,
3417 2024 3514 2095 qui
3547 2024 3640 2080 his

1994 2120 2290 2179 inlitteris
2340 2123 2561 2176 atatem
2611 2121 2819 2190 agunt.
2852 2117 2948 2172 sed
3000 2115 3257 2172 maxima
3298 2113 3495 2186 potius
3526 2113 3640 2170 ini-

1995 2211 2236 2285 quitatis
2260 2208 2481 2282 opinio.
2513 2209 2562 2265 si
2594 2212 2749 2263 metu
2782 2205 3118 2278 ignominia
3149 2205 3328 2276 hujus
3359 2203 3532 2262 silere
3574 2220 3643 2259 ea

1997 2301 2296 2368 malimus,
2326 2314 2453 2371 quas
2484 2296 2675 2353 dicere
2725 2311 2963 2351 necesse
3009 2298 3137 2355 est;
3183 2292 3517 2366 quibusque
3545 2308 3639 2348 ex-

1999 2389 2324 2463 primendis
2353 2387 2503 2443 dena
2556 2386 2657 2441 illa
2715 2384 2949 2440 Homeri
2997 2399 3100 2439 ora
3129 2383 3226 2455 (1),
3250 2382 3300 2437 si
3350 2398 3468 2454 qua
3518 2379 3640 2435 fieri

1998 2481 2209 2552 posset,
2243 2476 2410 2532 nobis
2440 2483 2714 2547 perpetuo
2743 2488 2891 2544 opus
2921 2475 3116 2528 essent
3148 2489 3162 2526 :
3212 2470 3365 2543 quis,
3418 2486 3641 2542 quasso,

1996 2576 2085 2625 est
2111 2566 2211 2639 qui
2245 2566 2487 2632 nesciat,
2519 2564 2677 2637 quod
2708 2563 2815 2618 hoc
2845 2563 2973 2632 ipso
3001 2577 3116 2633 quo
3166 2568 3223 2614 tu
3248 2565 3307 2616 et
3357 2560 3644 2630 eloquen-

1996 2658 2111 2724 tius,
2145 2659 2203 2712 et
2232 2653 2486 2721 virtutis,
2516 2657 2573 2708 et
2622 2654 2961 2723 dogmatum
3011 2648 3329 2721 religionis,
3374 2652 3431 2704 et
3467 2653 3533 2703 ut
3551 2664 3642 2703 se-

1999 2744 2113 2801 mel
2145 2745 2359 2812 dicam,
2393 2741 2922 2815 pulcherrimarum
2944 2754 3136 2796 rerum
3155 2738 3447 2798 omnium.
3466 2741 3643 2808 caput

1998 2852 2065 2892 ac
2095 2834 2392 2905 fastigium
2443 2831 2640 2903 generi
2681 2829 2935 2886 humano
2983 2826 3325 2900 apparuisti,
3358 2830 3417 2882 et
3462 2826 3553 2882 his
3584 2826 3641 2881 in

2000 2924 2174 2981 rebus
2206 2939 2442 2980 summa
2470 2920 2729 2977 omnium
2751 2918 3158 2986 consensione,
3181 2917 3398 2987 primas
3420 2915 3520 2971 tibi
3541 2916 3643 2971 uni

2000 3032 2307 3073 concessas
2363 3017 2565 3080 tenes;
2608 3010 2784 3068 simul
2832 3010 2905 3067 ob
2944 3009 3065 3064 hinc
3111 3006 3313 3064 omnia
3359 3010 3424 3061 ut
3471 3021 3648 3077 super

2000 3104 2146 3162 alios
2195 3103 2385 3159 omnis
2433 3100 2760 3164 celebreris,
2812 3099 3112 3155 universos
3169 3095 3479 3153 obstrictos
3536 3094 3644 3150 tibi

242 3188 602 3261 αἱρουμένοις
663 3181 945 3260 ἀνέφικτος
1003 3181 1100 3254 ὢν,
1161 3183 1234 3245 ὥς
1289 3204 1394 3239 που
1453 3187 1539 3240 καὶ
1620 3184 1780 3247 αὐτὸς
1838 3185 1889 3239 ἐν

2003 3195 2293 3251 debitores
2327 3192 2562 3256 habeas.
2617 3189 2909 3245 nemiuem
2965 3203 3121 3257 vero,
3172 3190 3237 3241 ut
3286 3201 3389 3255 pro
3438 3183 3645 3239 merito

240 3278 492 3335 πεύσεως
524 3271 682 3336 εῖδει,
730 3273 876 3327 τοῦτ’
914 3271 1330 3347 ἀποφηνάμενος
1379 3271 1565 3353 ἔφθης,
1609 3276 1698 3337 Τίς
1742 3278 1888 3347 ἡμᾶς

236 3366 626 3434 ἑπαινὲσεταις
659 3363 856 3440 φήσαςο
891 3360 1072 3435 ὥσπερ
1097 3364 1542 3438 προϋπογράφων
1567 3364 1629 3418 τὸ
1663 3361 1888 3435 μέλλον,

240 3455 335 3509 καὶ
364 3450 683 3508 συστέλλων
734 3450 937 3511 πάντας
968 3451 1107 3519 πρὸς
1151 3452 1250 3520 τήν
1281 3451 1594 3527 ἐγκείρησιν
1625 3470 1639 3484 ·
1690 3454 1779 3507 καὶ
1828 3450 1890 3506 ob

242 3544 397 3619 λέγω
447 3546 532 3598 ὅτι
582 3542 676 3597 καὶ
726 3541 875 3596 τοῦθ’
935 3540 1066 3616 ὑπὲρ
1125 3545 1222 3596 σοῦ
1281 3540 1518 3615 μᾶλλον,
1573 3544 1607 3613 ἢ
1667 3542 1888 3617 θάτερον

241 3635 494 3709 γίγνεται
529 3653 542 3664 ·
596 3632 657 3687 οὐ
686 3633 788 3709 γὰρ
834 3631 1102 3702 τοσαύτην
1133 3628 1396 3701 ἔκπληξιν
1442 3628 1546 3702 ’ἑξει
1577 3634 1644 3686 τὰ
1693 3632 1758 3685 σὰ
1802 3628 1891 3686 διὰ

244 3724 481 3797 μέγεθος
538 3723 892 3796 σιωπώμενα,
953 3720 1083 3792 ὅσην
1144 3720 1224 3789 ἂν,
1286 3719 1335 3774 εἴ
1402 3720 1595 3781 πάντες
1652 3720 1889 3775 ἐπαινεῖν

244 3811 644 3887 προελόμενοι,
694 3812 888 3873 πάντες
940 3810 1376 3885 ἂποτυγχάνοιεν
1415 3830 1428 3843 ⁸
1459 3810 1549 3863 καὶ
1601 3811 1708 3881 μὴν
1754 3810 1891 3866 εἰτὸ

243 3902 502 3974 καταξίαν
554 3903 840 3971 ζητήσαις,
875 3901 937 3954 οὐ
995 3898 1158 3972 μόνον
1210 3896 1324 3953 οὐδ’
1365 3899 1602 3953 ὁντινοῦν
1646 3920 1774 3953 ποτε
1802 3900 1893 3953 τὸν

242 3992 566 4066 εἱστέροντα
610 3988 744 4059 ’ἐξεις
788 3990 1000 4062 (πάντες
1059 3989 1163 4063 γὰρ
1209 3986 1392 4042 ’ίσασιν
1437 3986 1698 4048 ἐλάττους
1747 3984 1890 4050 ὄντες

238 4088 354 4135 τῶν
388 4081 498 4134 τῶν
548 4079 855 4154 ἐγκωμίων,
905 4081 995 4134 καὶ
1035 4080 1229 4140 πάντες
1280 4080 1610 4132 παντάπασιν
1657 4077 1894 4147 ἀποστή-

241 4174 484 4242 σονται),
540 4168 689 4223 ἀλλά
739 4171 824 4223 καὶ
902 4168 1102 4242 τρόπον
1176 4166 1236 4222 ἂν
1310 4163 1513 4241 ἕτερον,
1575 4167 1753 4242 ὥσπερ
1814 4167 1888 4229 εἰς

240 4258 483 4331 αἴνιγμα
540 4258 727 4332 πέσῃς,
785 4258 872 4312 καὶ
934 4254 1089 4330 δόξῃς
1150 4257 1178 4310 ὁ
1237 4254 1397 4317 αὐτὸς
1473 4257 1780 4329 θαύμαστός
1834 4277 1891 4311 τε

239 4351 381 4404 εἶναι
413 4349 507 4402 καὶ
542 4349 617 4419 μή
656 4367 669 4378 ’
704 4348 765 4402 τὸ
798 4348 918 4419 μὲν,
948 4348 1032 4409 οἷς
1063 4345 1237 4408 οὕτως
1269 4343 1418 4419 ἔχεις
1451 4362 1464 4376 ·
1504 4346 1566 4399 τὸ
1599 4342 1675 4418 δὲ,
1709 4348 1791 4407 οἷς
1821 4347 1891 4401 οὐ

238 4437 373 4497 τοὺς
405 4436 784 4509 θαυμάζυντας
811 4430 958 4511 ἔχεις
992 4456 1005 4470 ο
1044 4437 1173 4509 ὑπὲρ
1228 4435 1290 4489 οὗ
1325 4455 1420 4506 μοι
1450 4430 1601 4488 δοκεῖ
1628 4437 1716 4488 καὶ
1764 4436 1891 4497 τοῦς

1996 3282 2325 3340 oelebrsris.
2358 3280 2520 3345 Quod
2563 3279 2612 3335 si
2661 3278 2784 3335 ﬁeri
2844 3279 3089 3348 poterat,
3149 3274 3322 3330 unius
3380 3274 3464 3329 tui
3525 3272 3642 3328 oris

1995 3389 2140 3446 opus
2161 3375 2302 3428 erat.
2333 3369 2505 3426 Solus
2536 3368 2690 3425 enim
2722 3370 2823 3423 tua
2880 3381 3053 3420 causa
3109 3365 3354 3420 ldoneus
3411 3363 3469 3416 in
3532 3361 3643 3417 hoc

1995 3467 2286 3518 certamen
2321 3458 2538 3515 athleta
2558 3457 2948 3513 descensurus
2978 3469 3128 3509 eras.
3155 3455 3500 3523 Quanquam
3534 3466 3639 3505 nec

1996 3552 2106 3608 hac
2137 3566 2278 3606 sane
2308 3550 2379 3604 de
2411 3564 2586 3603 causa
2615 3546 2759 3601 illud
2792 3546 2876 3600 tui
2908 3540 3639 3601 celebrandidesereudum

1996 3641 2170 3697 fuerit
2199 3638 2477 3698 officium,
2510 3651 2618 3691 nec
2651 3639 2768 3690 toto
2816 3633 3240 3698 desistendum,
3282 3630 3439 3702 quod
3481 3633 3642 3700 parte

1994 3730 2156 3786 illius
2186 3729 2384 3798 aliqua
2413 3725 2734 3781 deficimur.
2768 3725 2981 3778 Contra
3012 3738 3140 3778 vero
3171 3720 3365 3792 potius
3395 3735 3509 3790 quo
3565 3718 3638 3772 ad

1997 3819 2243 3875 facultas
2275 3817 2415 3872 feret
2449 3816 2608 3886 large
2638 3829 2706 3870 ac
2739 3812 3053 3868 liberaliter
3105 3810 3383 3870 conferre,
3418 3812 3640 3863 ratam-

1996 3925 2108 3980 que
2139 3907 2468 3964 communis
2500 3902 2795 3973 pensionis
2826 3906 3048 3973 partem
3092 3901 3505 3972 repraesentare
3535 3895 3637 3951 de-

1998 3997 2204 4051 bemus
2236 4011 2249 4050 :
2286 3994 2438 4065 quod
2472 3993 2518 4045 si
2561 3996 2811 4059 tantam,
2838 3992 3115 4061 quantam
3157 4003 3263 4059 par
3301 3991 3442 4051 erat,
3487 3983 3639 4038 haud

1996 4085 2281 4151 valemus,
2314 4081 2457 4138 nihil
2487 4080 2630 4135 illud
2660 4081 2914 4153 profecto
2937 4082 3135 4134 nostra
3166 4076 3362 4143 refert,
3386 4076 3485 4128 sed
3516 4076 3642 4127 tute

1996 4175 2099 4229 tibi
2132 4174 2387 4245 imputes
2410 4171 2565 4237 licet,
2598 4170 2697 4242 qui
2733 4168 3062 4225 facultatem
3097 4165 3379 4221 orationis
3409 4178 3640 4219 omnem

1996 4268 2394 4334 supervectus,
2426 4275 2696 4331 unusque
2727 4257 3130 4313 laudatoribus
3157 4255 3273 4311 tuis
3307 4254 3642 4308 inaccessas

1997 4371 2076 4410 es.
2108 4353 2266 4416 Quod
2295 4355 2350 4406 et
2384 4350 2508 4420 ipse
2566 4349 2818 4419 quodam
2879 4346 3002 4402 loco
3032 4346 3134 4415 (2),
3191 4341 3647 4413 interrogatiun-

1996 4442 2121 4497 cuia
2165 4441 2357 4510 aliqua
2407 4440 2532 4511 jam
2583 4437 2936 4493 declarasti:
2975 4454 2997 4483 ι
3050 4433 3284 4504 Ecquis,
3347 4430 3643 4501 inquiens,

241 4525 505 4586 ἐπαίνους
562 4524 781 4593 αὖτοὺς,
838 4523 883 4578 εί
945 4526 1019 4595 μὴ
1082 4525 1198 4578 κατ’
1255 4522 1571 4597 ἀνθρώπους
1627 4524 1889 4597 πρότερον

1998 4548 2105 4587 nos
2135 4529 2482 4586 laudaturus
2513 4527 2647 4582 est?
2674 4546 2702 4576 ››
2763 4525 2929 4597 quasi
2981 4520 3433 4595 prassignificans
3488 4519 3641 4588 quod

242 4617 402 4685 ἦσαν.
464 4614 683 4675 πάντως
744 4614 830 4685 ἂν,
872 4613 983 4667 νυνὶ
1030 4612 1365 4687 νενομίσθαι,
1417 4611 1505 4666 καὶ
1553 4613 1651 4680 τὴν
1703 4612 1888 4692 ἀρχὴν

242 4702 483 4760 ἓντεῦθεν
515 4695 727 4759 λαϐεῖν.

1995 4620 2257 4675 futurum
2289 4620 2434 4681 erat,
2466 4630 2783 4684 omnesque
2811 4614 2884 4669 ab
2915 4612 3025 4668 hoc
3053 4611 3293 4682 ‘incepto
3324 4608 3641 4663 deducens.

1994 4707 2406 4763 Verumtamen
2437 4704 2593 4759 haud
2654 4702 2820 4759 facile
2875 4702 3118 4757 dixerim
3162 4696 3643 4754 honorificentius

243 4795 359 4851 hoc
390 4794 496 4848 tibi
532 4792 790 4848 futurum
822 4793 1117 4849 silentium
1150 4793 1254 4849 illo
1312 4791 1595 4847 laudandi
1657 4799 1888 4851 conatu.
1946 4796 2072 4852 Non
2130 4795 2282 4852 enim
2318 4793 2558 4865 perinde
2587 4792 3059 4863 obstupefactura
3114 4787 3380 4844 homines
3438 4784 3648 4841 decora

245 4891 349 4942 tua
375 4887 550 4940 erunt
579 4883 810 4939 silentio
834 4883 1197 4950 transmissa,
1232 4891 1407 4954 atque
1427 4882 1471 4936 si
1505 4886 1558 4936 et
1610 4880 1849 4939 laudare
1904 4890 1960 4943 te
1990 4903 2194 4943 omnes
2230 4885 2530 4951 insistant,
2561 4889 2616 4939 et
2647 4884 2862 4938 frustra
2892 4889 3080 4936 tamen
3142 4881 3420 4935 omnibus
3449 4880 3509 4935 hi
3560 4893 3650 4933 oo-

246 4978 424 5029 πείσει
458 4972 599 5027 είηιο
630 4972 793 5035 Quod
845 4972 893 5026 εἱ
945 4978 1001 5028 te
1058 4988 1189 5028 vero
1233 4973 1474 5044 dignum
1522 4970 1762 5025 omnino
1821 4976 2177 5044 praeconium
2230 4974 2464 5046 quatris,
2496 4989 2631 5028 cum
2690 4970 2919 5026 nullum
2970 4971 3211 5041 inquam
3270 4968 3368 5040 qui
3414 4982 3647 5039 operam

245 5079 414 5118 suam
451 5061 565 5117 huc
598 5064 854 5118 conferat
887 5064 1138 5134 reperies
1196 5063 1395 5135 (nemo
1455 5062 1608 5118 enim
1669 5064 1853 5119 nescit
1912 5070 2129 5135 quanto
2182 5063 2450 5120 laudibus
2504 5062 2619 5117 tuis
2666 5061 2856 5116 minor
2903 5061 3017 5124 sit;
3078 5057 3227 5114 unde
3284 5063 3339 5112 et
3395 5056 3650 5112 universi

243 5152 318 5208 iis
348 5152 585 5224 penitus
608 5153 943 5223 absistent),
973 5157 1100 5208 tum
1130 5161 1183 5209 et
1215 5152 1328 5209 alia
1358 5167 1468 5224 qua
1491 5155 1717 5212 ratione
1736 5154 1893 5209 velut
1913 5155 1972 5210 in
2002 5154 2253 5227 aauigma
2295 5152 2588 5224 quoddam
2641 5151 2886 5213 incides,
2920 5149 3324 5219 videberisque
3370 5145 3456 5200 vir
3493 5145 3649 5200 idem

247 5242 612 5298 admirabilis
643 5244 863 5315 pariter
891 5259 1042 5310 esse,
1076 5249 1131 5299 et
1175 5260 1291 5300 non
1349 5260 1475 5300 esse
1527 5261 1539 5299 :
1594 5243 1862 5311 alterum,
1922 5244 2077 5315 quod
2135 5244 2266 5300 talis
2323 5258 2527 5313 reapse
2583 5258 2665 5307 es,
2724 5239 2993 5305 alterum,
3054 5237 3204 5308 quod
3264 5236 3648 5291 admiratores

246 5335 695 5406 laudatoresque
715 5333 911 5391 nullos
962 5333 1152 5389 habes.
1186 5336 1368 5406 Cujus
1409 5336 1685 5408 equidem
1720 5352 1918 5402 causa,
1971 5336 2019 5390 si
2056 5336 2245 5389 minus
2292 5338 2462 5389 antea
2520 5335 2810 5403 usurpatae
2852 5329 3186 5385 hominibus
3243 5322 3649 5397 hujuscemodi

252 5424 617 5482 laudationes
658 5425 937 5491 fuissent,
970 5424 1168 5496 utique
1188 5441 1343 5481 nunc
1375 5424 1633 5497 primum
1668 5426 2077 5494 instituendas,
2109 5429 2164 5479 et
2194 5424 2267 5480 sb
2301 5423 2408 5480 hoc
2439 5420 2702 5494 exemplo
2745 5418 3032 5491 originem
3090 5421 3427 5489 sumpturus
3474 5413 3652 5469 fuisse

252 5513 612 5571 crediderim.

325 5699 400 5775 (ί)
432 5702 590 5759 Iliad-
615 5704 680 5758 B-
706 5717 865 5759 vers.
897 5700 1022 5757 489-
1863 5766 1871 5775 ι
2033 5699 2323 5770 .(2)}Fine
2351 5696 2639 5770 Epitaphii
2658 5695 2722 5752 in
2740 5694 3030 5761 Basiliam,
