4092 6300
428 343 548 404 219

430 566 678 623 alterum
711 569 1050 639 neutiquam
1083 567 1419 638 probaveris
1452 563 1466 623 ὲ
1499 572 1590 624 est
1619 567 1774 624 enim
1828 583 2079 633 necesse,

430 655 489 710 in
525 656 910 712 admiratione
939 656 1241 711 hominum
1277 660 1333 712 te
1375 661 1592 728 tuaque
1635 658 1850 712 versari
1881 674 1896 723 ;
1928 655 2080 727 quod

429 749 487 800 et
519 747 812 816 proprium
845 745 956 800 hoc
1003 745 1230 800 virtutis
1269 750 1379 814 est,
1413 748 1584 815 cujus
1613 748 1834 817 primas
1874 745 2079 800 merito

428 839 628 903 partes
659 834 782 906 ipse
813 835 924 890 fers
959 852 970 888 :
1000 841 1056 889 et
1086 836 1235 906 quod
1262 836 1550 890 universis
1578 836 1938 902 hominibus,
1969 836 2069 906 qui

428 939 583 977 nunc
615 927 774 990 sunt,
797 924 1012 994 quique
1039 928 1237 994 postea
1277 925 1453 996 futuri
1495 933 1654 992 sunt,
1688 927 1749 980 in
1781 927 2078 995 exemplar

425 1017 484 1068 et
534 1017 737 1084 typum
792 1013 1018 1084 pulchri
1067 1015 1260 1068 omnis
1309 1019 1363 1069 et
1413 1016 1662 1082 honesti,
1697 1015 1875 1070 vitam
1914 1021 2073 1069 tuam

427 1104 677 1157 maxime
707 1104 1061 1173 propositam
1107 1120 1232 1158 esse
1258 1107 1484 1174 oportet
1519 1120 1531 1156 :
1567 1119 1798 1174 aequum
1832 1103 2074 1173 proinde

427 1191 616 1257 fuerit,
636 1195 701 1246 ut
723 1191 926 1246 laudes
955 1192 1270 1260 tuasjusta
1293 1192 1773 1260 magnanimitate
1795 1191 2070 1262 excipias,

424 1278 692 1348 ferasque
723 1281 878 1350 quod
911 1284 966 1333 te
997 1295 1111 1334 non
1144 1279 1378 1349 dignam
1410 1280 1554 1334 satis
1604 1279 2067 1349 praedicationem

423 1368 672 1422 auferas.
707 1371 784 1422 Eo
816 1385 1070 1438 namque
1102 1369 1270 1422 mode
1305 1369 1454 1422 haud
1488 1385 1700 1439 paucos
1732 1367 1882 1423 ultro
1930 1383 2071 1440 ope-

424 1474 548 1512 ram
594 1457 901 1512 collaturos
961 1457 1234 1513 habebis:
1295 1457 1509 1529 quippe
1557 1458 1801 1522 omneis,
1852 1456 2066 1528 quibus

423 1545 689 1600 nonnihil
725 1563 856 1601 cum
883 1545 1215 1617 eloquentia
1247 1563 1388 1602 usus
1420 1547 1744 1613 intercedit,
1775 1547 1834 1600 in
1867 1547 2066 1602 lauda-

421 1634 598 1688 tionis
636 1637 747 1688 tuaa
776 1634 1129 1689 consortium
1160 1634 1486 1689 necessario
1530 1635 1706 1689 etiam
1759 1639 2061 1689 venturos:

424 1739 539 1776 non
569 1723 837 1793 equidem
873 1739 982 1793 quo
1016 1741 1107 1778 res
1156 1727 1288 1779 tuas
1327 1723 1648 1779 ornaltores
1698 1741 1760 1778 se
1808 1724 2061 1779 facturos

1752 339 2147 405 THEODULI
2193 341 2544 403 MUNACHI

506 478 602 534 Ill.
633 479 691 534 Si
723 479 868 533 illud
915 479 1113 549 itaque
1169 477 1444 533 decorum
1491 478 1594 532 tibi
1645 485 1769 547 est;
1806 497 1937 534 nam
1968 479 2056 533 hoc

2264 479 2332 529 Γ’.
2362 475 2426 530 Εἰ
2457 474 2633 530 τοίνυν
2673 476 2847 530 έκεῖνο
2896 478 2990 548 μὲν
3041 478 3175 551 ὑπὲρ
3225 483 3321 533 σοῦ
3357 500 3368 510 ·

3718 347 3841 410 220

3427 483 3589 533 τοῦτο
3640 477 3688 534 δ’
3743 481 3847 535 οὐκ

2190 561 2249 616 ἂν
2272 561 2424 619 ἕλοιο
2459 584 2472 596 ·
2529 565 2894 636 θαυμάζεσθαι
2943 566 3047 639 γὰρ
3096 568 3300 640 ἀνάγκη
3349 569 3414 622 τὰ
3463 569 3548 638 σὰ,
3606 569 3696 624 καὶ
3755 571 3843 624 δτι

2187 655 2332 706 τοῦτ’
2389 653 2586 726 ἀρετῆς
2643 650 2812 722 ἴδιον,
2869 657 2934 721 ἧς
2994 655 3156 717 αὐτὸς
3213 657 3346 730 φέρῃ
3397 657 3463 711 τὰ
3508 663 3717 731 πρῶτα,
3749 662 3845 713 καί

2188 745 2285 794 τοῦ
2316 743 2363 817 γ’
2391 738 2546 796 ἕνεκα
2577 747 2706 796 πᾶσι
2741 742 2976 815 μάλιστα
3025 751 3252 818 χρῆναι,
3285 749 3409 807 τοῦς
3462 767 3521 800 τε
3579 752 3662 800 νῦν
3719 747 3844 801 οῦσι

2185 836 2302 892 τοῖς
2322 852 2380 884 τε
2428 830 2884 905 ἐπιγιγνομένοις,
2930 831 3274 908 παράδειγμα
3313 836 3401 888 καὶ
3449 835 3616 890 τύπον
3664 835 3846 891 καλοῦ

2187 917 2382 980 παντὸς
2414 921 2726 989 προκεῖσθαι
2772 919 2839 973 τὰ
2885 920 2952 973 σά
2985 941 2997 952 ·
3060 917 3266 982 δίκαιος
3317 921 3376 975 ἂν
3430 920 3547 990 εἷής
3605 922 3846 997 μεγαλο-

2187 1007 2359 1080 ψυχίᾳ
2389 1027 2523 1080 προς
2562 1007 2689 1068 τοὺς
2735 1007 2987 1068 ἐπαίνους
3046 1011 3368 1084 κεχρῆσθαι,
3429 1011 3518 1065 καὶ
3574 1015 3843 1085 παραξίαν

2187 1097 2596 1167 θαυμαζόμενος
2659 1097 2858 1172 φέρειν.
2927 1095 3081 1152 Οὕτω
3129 1098 3228 1174 γὰρ
3273 1101 3374 1155 οὐκ
3422 1100 3647 1176 ὀλίγους
3701 1099 3845 1170 ἔξεις

2185 1183 2529 1262 εἰοφέροντας
2562 1204 2575 1216 ·
2627 1190 2756 1239 πᾶσι
2805 1188 2910 1260 γὰρ
2963 1188 3043 1247 οἷς
3094 1187 3306 1258 μέτεστι
3367 1187 3571 1268 λόγωχ,
3606 1189 3842 1245 καὶτῶν

2184 1277 2315 1350 ὑπὲρ
2347 1282 2443 1330 σοῦ
2477 1275 2661 1350 λόγων
2692 1277 2896 1352 ἀνάγκη
2933 1284 3170 1348 μετεῖναι
3205 1297 3217 1307 ·

2182 1363 2328 1438 ἔχειν
2359 1367 2425 1419 τὰ
2474 1367 2540 1420 σά
2573 1383 2588 1398 ⁶

2179 1457 2417 1526 καθάπερ
2476 1456 2564 1510 ἐπὶ
2615 1461 2723 1510 τῶν
2776 1454 3075 1534 ὀφθαλμῶν
3131 1459 3290 1530 οἶμαι
3346 1454 3640 1532 ξυμϐαίνει.
3691 1459 3835 1515 Οὐδὲ

2179 1545 2284 1618 γὰρ
2315 1547 2400 1607 οἷς
2449 1547 2598 1600 οὗτοι
2644 1547 2733 1600 τὸν
2784 1546 2946 1615 ἥλιον
2986 1548 3216 1615 ὁρῶντες
3257 1551 3616 1620 θαυμάζουσι,
3649 1550 3833 1622 τούτῳ

2178 1631 2333 1702 δόξαν
2366 1634 2603 1688 ἐντεῦθεν
2637 1637 2882 1704 ἡντινοῦν
2930 1635 3252 1708 ἐμποιοῦσιν
3282 1658 3295 1670 ·
3344 1638 3491 1693 ἀλλὰ
3540 1645 3673 1712 σφᾶς
3724 1642 3792 1694 αὑ
3819 1673 3831 1680 -

2176 1724 2302 1782 τοὺς
2338 1723 2550 1795 μᾶλλον
2603 1728 2919 1796 κοσμοῦσιν,
2971 1726 3038 1794 ἢν
3087 1730 3183 1780 τοῦ
3231 1729 3358 1797 ὁρᾷν
3405 1727 3617 1802 ἴσχουσι
3660 1727 3831 1783 δύνα-

3254 1280 3365 1357 οὐχ
3413 1278 3552 1334 ὥστε
3600 1288 3834 1352 κοσμεῖν

2643 1364 2771 1420 ἀλλ’
2833 1368 2920 1421 ὑπ’
2973 1369 3155 1422 αὐτῶν
3210 1367 3436 1430 τούτους
3489 1373 3836 1441 κοσμεῖσθαι,

423 1816 677 1881 sperent,
693 1813 791 1867 sed
815 1827 881 1866 ex
903 1813 1121 1868 eisdem
1147 1813 1550 1868 claritudinem
1568 1812 1867 1868 relaturos.
1887 1813 2056 1876 Quale

2179 1829 2289 1879 μιν,
2318 1809 2519 1878 ταύτην
2553 1807 2749 1864 ἐκεῖθεν
2781 1811 3112 1885 προάγοντες
3155 1811 3230 1874 εἷς
3281 1813 3572 1889 ἐνέργειαν.
3605 1817 3827 1870 "Artav-

421 1901 702 1969 quiddam
734 1901 884 1956 circa
927 1900 1249 1971 oculorum,
1280 1907 1344 1956 ut
1373 1902 1597 1972 opinor,
1632 1918 1804 1957 usum
1836 1902 2065 1957 contin-

424 1989 528 2060 git,
553 1989 653 2060 qui
685 1991 838 2061 quod
870 1991 1049 2046 solem
1101 1995 1451 2046 contuentur
1498 2008 1564 2046 ac
1620 1990 1967 2061 suspiciunt,
1997 2007 2063 2046 eo

419 2078 563 2134 nihil
595 2079 677 2133 illi
709 2079 903 2150 gloriae
928 2080 1186 2149 addunt;
1219 2097 1417 2136 verum
1449 2097 1508 2135 se
1542 2083 1734 2151 potius
1777 2080 1934 2152 ipsos
1965 2097 2063 2136 or—

416 2172 582 2237 nant,
615 2168 853 2224 insitam
886 2171 1161 2224 nimirum
1196 2170 1421 2224 videndi
1455 2171 1569 2224 vim
1594 2186 1699 2240 ope
1720 2169 1858 2224 solis
1881 2170 1938 2223 in
1974 2186 2064 2224 ac-

415 2261 542 2313 tum
572 2258 967 2329 provehentes.
1004 2259 1248 2316 Proinde
1278 2259 1529 2330 optimos
1578 2274 1842 2330 quosque
1883 2257 2061 2326 viros,

420 2346 741 2418 quamlibet
773 2347 991 2418 alloqui
1023 2351 1110 2404 sui
1145 2349 1406 2419 ipsorum
1451 2364 1740 2416 praecones
1798 2346 1907 2417 ipsi
1973 2351 2058 2400 te-

415 2440 650 2506 stesque
681 2440 840 2503 sunt,
876 2437 984 2492 hoc
1014 2437 1141 2508 ipso
1175 2439 1326 2508 quod
1387 2437 1518 2492 boni
1567 2438 1846 2507 probique
1903 2440 2060 2500 sunt,

417 2525 795 2596 omniumque
833 2526 1230 2597 pradicatione
1277 2527 1461 2598 digni,
1492 2526 1717 2582 laudari
1749 2531 1947 2581 tamen
1988 2526 2059 2580 ab

411 2613 544 2669 aliis
567 2615 884 2682 cernimus,
918 2633 1154 2688 suaeque
1182 2617 1408 2671 virtutis
1459 2617 1605 2671 hanc
1653 2615 1813 2670 velut
1844 2630 2059 2669 merce-

411 2703 543 2756 dem
579 2704 723 2758 ferre
759 2703 954 2774 :quod
1004 2710 1065 2758 tu
1119 2714 1448 2773 utrumque,
1481 2704 1758 2774 singulari
1808 2704 2057 2775 quadam

414 2793 815 2864 prmrogativa,
845 2810 878 2848 a
913 2798 967 2847 te
999 2795 1124 2864 ipso
1157 2802 1458 2864 acceptum
1503 2794 1678 2848 habes
1705 2811 1718 2860 ;
1753 2798 1876 2849 tum
1909 2792 2058 2863 quod

408 2896 641 2935 summe
693 2882 847 2937 inter
898 2885 1124 2938 omneis
1156 2884 1538 2938 admirandus
1571 2900 1670 2954 par
1701 2892 1756 2938 te
1815 2897 1895 2951 es,
1930 2887 2056 2936 tum

413 2972 565 3040 quod
601 2972 884 3026 facundiae
941 2977 1052 3026 tuae
1107 2974 1361 3026 fructum
1405 2972 1528 3043 ipse
1583 2972 1855 3042 percipis,
1887 2989 1955 3027 ex
1992 2987 2060 3026 eo

414 3059 565 3130 quod
593 3061 1024 3131 prOpinquitate
1041 3063 1142 3116 tibi
1169 3063 1699 3132 conjunctissimos,
1725 3067 1789 3115 ut
1811 3063 2059 3132 quisque

2172 1918 2268 1959 τας
2305 1898 2398 1970 μὲν
2427 1897 2520 1952 οῦν
2553 1901 2681 1959 τοὺς
2713 1898 2990 1973 ἀρίστους,
3023 1900 3068 1954 εἰ
3100 1904 3189 1954 καὶ
3235 1899 3424 1964 ἄλλως
3470 1923 3618 1957 ουτοι
3669 1909 3826 1980 σφῶν

2173 1985 2349 2041 αὐτῶν
2410 1987 2542 2041 εἰσιν
2603 1987 2870 2042 ἐπαινέται
2927 1990 3017 2044 καὶ
3074 1991 3360 2065 μάρτυρες,
3392 1996 3472 2064 τῷ
3529 1993 3687 2048 καλοὶ
3729 1995 3824 2047 καὶ

2172 2078 2365 2152 ἀγαθοὶ
2423 2079 2712 2155 γεγονέναι,
2764 2081 2853 2134 καί
2915 2083 3029 2136 οἷοι
3080 2082 3224 2156 παρά
3273 2088 3403 2138 πᾶσι
3435 2087 3824 2157 θαυμάζεσθε-ι,

2173 2166 2299 2222 ἀλλ’
2348 2167 2440 2221 οῦν
2490 2167 2908 2241 ἐπαινουμένους
2969 2167 3236 2240 δήπουθεν
3291 2173 3374 2250 ὑφ’
3430 2173 3625 2248 ἐτέρων
3677 2175 3826 2248 ὁρῶ-

2176 2257 2416 2328 μεν,καὶ
2474 2255 2670 2310 τοῦτον
2729 2259 2916 2329 μισθὸν
2963 2259 3367 2331 κομιζομένους
3425 2268 3523 2328 τῆς
3575 2263 3768 2336 ἀρετῆς
3807 2282 3826 2297 ⁸

2173 2345 2234 2399 σὺ
2267 2343 2322 2401 δὲ
2352 2347 2634 2402 καὶτοῦτο
2682 2347 2897 2402 κάκεῖνο
2947 2349 3081 2420 μετά
3129 2348 3348 2405 πολλοῦ
3395 2355 3491 2404 τοῦ
3533 2355 3823 2426 περιόντος

2172 2435 2316 2507 παρὰ
2355 2440 2554 2488 σαυτοῦ
2606 2431 2789 2490 λαϐὼν
2846 2433 2992 2514 ἔχεις
3025 2457 3036 2469 ·
3097 2442 3176 2507 τῷ
3205 2459 3261 2493 τε
3315 2440 3551 2512 μάλιστα
3600 2441 3821 2495 πάντων

2172 2524 2477 2594 θαυμαστὸς
2539 2522 2752 2578 οἷ’κοθεν
2814 2526 3079 2596 εἶναι,τῷ
3128 2547 3187 2580 τε
3240 2534 3340 2596 τῆς
3398 2528 3562 2590 αὐτὸς
3619 2537 3823 2585 σαυτοῦ

2168 2613 2424 2686 γλώττης
2459 2615 2732 2688 μετέχειν,
2765 2612 2816 2668 ἒν
2870 2617 2958 2676 οῖς
2995 2619 3102 2670 τῶν
3155 2617 3501 2672 οἰκειοτάτων
3539 2620 3828 2674 οὑστινασ-

2170 2711 2261 2761 οῦν
2323 2707 2720 2781 ἀπογεγονότας
2776 2713 3088 2780 προσεῖπες,
3149 2709 3210 2762 ού
3274 2708 3486 2780 μᾶλλον
3545 2710 3742 2771 αὐτοὺς

2170 2797 2362 2850 σαυτὸν
2395 2794 2630 2849 ἐντεῦθεν
2663 2801 2885 2867 κοσμῶν
2919 2816 2931 2828 ·
2970 2795 3184 2868 μᾶλλον
3219 2795 3294 2866 δὲ,
3330 2799 3374 2852 εί
3421 2800 3531 2876 χρή
3581 2801 3825 2869 τάληθές

2169 2885 2358 2958 εἰπεῖν,
2391 2884 2627 2946 ἐκείνους
2659 2905 2716 2938 τε
2762 2889 2878 2945 τοῖς
2923 2885 3068 2945 παρά
3108 2891 3305 2941 σαυτοῦ
3355 2886 3546 2961 λόγοις
3596 2889 3824 2966 ἀποφή-

2168 2995 2258 3036 νας
2334 2972 2620 3045 καλλίους,
2690 2973 2853 3036 αύτός
2917 2995 2974 3028 τε
3039 2980 3222 3052 σαφῶς
3278 2976 3545 3046 ἐπιδείξας
3593 2980 3824 3042 ὁποίους

2169 3063 2316 3126 τινὰς
2372 3065 2521 3126 εἶνας
2571 3065 2684 3141 χρὴ
2732 3062 2858 3124 τοὺς
2908 3066 2966 3118 σέ
3010 3085 3066 3117 τε
3105 3065 3193 3118 καὶ
3224 3068 3424 3128 πάντας
3453 3069 3578 3128 τοὺς
3609 3066 3824 3133 ἄλλους

413 3148 568 3202 diem
603 3165 776 3204 suum
823 3151 988 3221 obiit,
1021 3152 1246 3206 funebri
1302 3150 1647 3206 allocutione
1695 3150 2056 3218 collaudasti,

2171 3158 2394 3226 κοσμεῖν
2447 3152 2801 3227 αἱρουμένους
2837 3169 2850 3183 ·
2885 3153 2965 3214 οἷς
3016 3155 3108 3225 μὲν
3147 3153 3238 3208 οῦν
3286 3156 3420 3228 πρὸς
3472 3159 3572 3225 τὴν
3602 3164 3817 3232 παροῦ-

2298 3253 2306 3261 σ
2459 3241 2513 3260 ἢκ
2603 3239 2658 3261 ’⁸⁸5
2903 3249 2930 3260 ο
2973 3244 2998 3261 n
3173 3244 3187 3260 I
3246 3244 3271 3261 Ἀ
3365 3245 3406 3261 ΙἏ
3515 3248 3527 3261 ι
3580 3247 3592 3261 Ι
3761 3247 3774 3261 \

413 3253 528 3307 quo
584 3254 698 3294 non
753 3239 884 3294 illos
917 3241 1104 3311 magis
1165 3256 1337 3312 quam
1385 3241 1758 3310 temetipsum
1816 3239 2063 3295 cohone-

417 3326 754 3394 stasti.lmo,
782 3336 839 3382 ut
861 3328 1595 3400 rectiusloquar,tumillos
1623 3328 2060 3386 laudationibus

416 3415 537 3470 tuis
569 3418 888 3472 ornatiores
939 3418 1143 3485 fecisti,
1175 3423 1299 3473 tum
1350 3418 1673 3473 luculenter
1727 3418 2056 3486 ostendisti,

417 3506 745 3575 cujusmodi
778 3523 904 3563 esse
933 3512 1213 3578 Oporteat,
1257 3509 1355 3578 qui
1402 3515 1474 3574 te,
1509 3509 1609 3578 qui
1658 3512 1897 3563 caeteros
1926 3525 2059 3564 om-

418 3611 537 3662 nes,
571 3595 862 3654 laudando
889 3615 1095 3654 ornare
1121 3615 1181 3654 se
1215 3600 1490 3670 postulet.
1531 3601 1663 3664 Quae
1725 3599 1898 3671 igitur
1929 3604 2049 3655 tum

2174 3265 2267 3297 σαν
2297 3241 2553 3314 ίσπουδήν
2603 3239 2708 3297 ἔδει
2757 3244 3058 3317 κεχρῆσθαι
3105 3244 3189 3297 καὶ
3243 3244 3274 3297 ἃ
3307 3245 3527 3315 μάλιστ’
3580 3247 3818 3318 ἒμαυτὸν

2170 3333 2442 3393 πεπεικὼς
2497 3329 2800 3401 διανέστην,
2854 3334 3066 3400 σιωπῆς
3119 3331 3404 3388 ἀκινδύνου
3457 3337 3555 3404 τὴν
3625 3333 3678 3389 ἐν
3737 3342 3822 3406 τῷ

2170 3421 2349 3499 λέγειν
2398 3425 2562 3490 ἧτταν
2601 3418 2742 3490 ἡδίω
2801 3421 3104 3475 παντάπασι
3170 3422 3378 3495 κρίνας,
3453 3426 3601 3479 ταῦτ’
3675 3420 3822 3480 ἔστιν

2168 3513 2240 3564 ὧν
2274 3507 2388 3564 οὐδ’
2416 3508 2475 3563 ἂν
2500 3511 2603 3581 εἷς,
2637 3508 2710 3569 ὥς
2744 3529 2805 3584 γε
2835 3509 2945 3584 ἐγὼ
2977 3511 3212 3583 νομίζω,
3244 3509 3445 3581 ξυνίδοι
3478 3512 3692 3568 καλλίω
3723 3516 3816 3568 καὶ

2164 3605 2280 3661 τοῖς
2313 3601 2624 3672 πράγμασιν
2659 3599 3012 3672 ἀποχρῶντα.

414 3685 481 3738 ad
516 3702 768 3754 praesens
808 3688 1143 3743 institutum
1191 3689 1448 3743 adhiberi
1507 3689 1826 3760 Oportebat,
1887 3694 2012 3744 tum
2066 3691 2230 3762 queis
2285 3689 2652 3760 potissimum
2711 3688 2986 3744 inductus
3038 3689 3108 3745 ad
3167 3691 3479 3748 dicendum
3529 3707 3808 3748 surrexe-

415 3777 549 3842 rim,
582 3777 860 3848 illamque
893 3779 950 3833 in
983 3779 1226 3834 dicendo
1257 3780 1634 3835 offensionem
1669 3779 2081 3850 jucundiorcm
2117 3780 2258 3834 mihi
2309 3780 2546 3833 omnino
2587 3779 2875 3841 duxerim,
2910 3795 3086 3848 quam
3134 3795 3382 3835 vacuum
3436 3782 3690 3852 periculo
3720 3781 3812 3836 si—

408 3863 678 3932 lentium,
713 3867 831 3922 haec
867 3868 979 3922 fere
1010 3876 1145 3922 sunt
1179 3886 1192 3921 :
1226 3869 1441 3938 quibus
1474 3869 1771 3940 pulchrius
1801 3869 2078 3939 quiddam
2113 3869 2532 3938 honestiusque
2564 3867 2717 3922 haud
2753 3867 2919 3922 facile
2950 3883 3304 3939 quemquam
3351 3876 3794 3941 perspecturum

409 3954 679 4017 arbitror,
713 3957 1028 4028 eademque
1058 3958 1364 4028 ejusmodi,
1397 3965 1462 4011 ut
1494 3960 1666 4013 rebus
1699 3959 1846 4028 ipsis
1881 3959 2042 4028 paria
2077 3974 2141 4012 ac
2177 3957 2492 4012 suffectura
2523 3958 2774 4011 credam.

479 4042 572 4098 1V.
606 4044 731 4097 lam
763 4046 938 4114 igitur
967 4047 1035 4100 ad
1071 4048 1255 4116 ipsam
1298 4048 1490 4116 magni
1517 4047 1623 4101 viri
1653 4047 2045 4101 laudationem

405 4149 643 4188 manum
677 4134 1030 4203 admoventi,
1065 4154 1309 4205 eamque
1367 4153 1669 4207 capessere
1716 4136 2044 4191 instituenti

404 4223 572 4290 mihi,
599 4223 756 4278 haud
790 4223 946 4279 aliud
983 4226 1297 4297 quidquam
1345 4237 1475 4282 ante
1507 4227 1773 4297 patriam,
1805 4243 2048 4297 quaeque

403 4311 562 4366 illam
625 4312 938 4383 attingunt,
1001 4317 1573 4371 commemorandum
1632 4316 1880 4383 videtur,
1927 4315 2045 4371 imo

400 4415 532 4456 vero
573 4401 643 4454 de
673 4400 773 4455 illa
794 4409 924 4455 ante
955 4407 1159 4459 caetera
1206 4404 1445 4459 omnino
1478 4405 1790 4476 agendum,
1823 4407 2044 4459 natura:

2230 4052 2296 4098 A'.
2334 4041 2474 4113 Ἤδη
2526 4041 2582 4097 δέ
2626 4063 2692 4115 με
2727 4047 2846 4103 τοῖς
2895 4041 3133 4105 ἐπαίνοις
3183 4046 3522 4118 προσάγοντα
3568 4051 3663 4100 τοῦ
3723 4068 3808 4116 με·

2155 4132 2350 4206 γάλου,
2382 4133 2470 4187 καὶ
2517 4131 2723 4187 τούτων
2775 4129 3207 4206 ἐπιϐαλλόμενον
3254 4137 3533 4204 ἅπτεσθαι,
3585 4133 3808 4196 οὐδενὸς

2156 4223 2309 4294 οἶμαι
2343 4219 2452 4276 δεῖν
2480 4227 2586 4275 τῶν
2620 4220 2808 4276 ἄλλων
2856 4222 2962 4294 πρὸ
3008 4228 3110 4290 τῆς
3154 4222 3418 4296 πατρίδος
3473 4226 3806 4296 μεμνῆσθαι,

2153 4312 2243 4364 καὶ
2287 4316 2384 4365 τοῦ
2424 4312 2542 4365 κατ’
2597 4311 2765 4378 αὐτὴν
2825 4309 3070 4384 ἔχοντος,
3121 4310 3271 4366 ἀλλὰ
3317 4315 3407 4367 καὶ
3460 4313 3589 4386 μάλ’
3637 4311 3810 4380 αὐτῆς

2152 4402 2258 4473 πρὸ
2307 4405 2415 4455 τῶν
2468 4398 2652 4455 ἄλλων
2727 4399 2987 4472 ἑπόμενον
3041 4400 3192 4478 φύσει
3243 4401 3331 4455 καὶ
3370 4399 3565 4479 τέχνῃ,
3597 4403 3806 4475 καὶτῷ

399 4491 660 4562 artisque
689 4492 954 4546 oratoriae
990 4494 1248 4566 vestigia,
1282 4500 1339 4550 et
1359 4511 1524 4565 aequa
1553 4495 1854 4565 utriusque
1887 4495 2042 4550 desi-

2170 4491 2276 4563 ταρ’
2309 4492 2511 4566 ἀμφοῖν
2544 4489 2800 4558 ἀξιοῦντι.
2833 4496 2930 4557 τῆς
2976 4490 3070 4562 μὲν
3118 4491 3220 4565 γάρ
3272 4491 3384 4545 ἐστι
3430 4493 3599 4563 νόμος
3654 4492 3804 4546 οὕτω

396 4581 574 4650 deria,
607 4581 887 4652 sequenti.
922 4584 1142 4654 Quippe
1175 4584 1248 4640 ad
1275 4585 1423 4639 hunc
1447 4585 1681 4640 modum
1709 4584 1876 4653 dirigi
1898 4589 2045 4639 trac-

394 4671 620 4742 tarique
642 4680 901 4742 oportere
924 4672 1266 4742 orationem,
1292 4690 1422 4728 cum
1445 4691 1540 4729 ars
1569 4673 1698 4744 ipsa
1719 4673 1875 4728 velut
1916 4673 2044 4744 lege

397 4763 607 4828 sancit,
640 4764 764 4816 tum
795 4767 849 4816 et
880 4761 1282 4818 necessitatem
1314 4780 1482 4819 suam
1515 4766 1722 4818 natura
1751 4763 2039 4834 adjungit.

396 4850 698 4922 Siquidem
730 4852 946 4922 priores
979 4851 1176 4908 liberis
1208 4857 1500 4922 parentes,
1532 4857 1688 4919 sunt,
1722 4851 1908 4922 patria
1948 4869 2043 4922 pa-

397 4941 682 5002 rentibus,
726 4942 877 5012 quod
935 4958 1003 4998 ex
1062 4957 1149 5010 ea,
1181 4946 1461 5012 tanquam
1511 4942 1914 5007 fundamento,
1943 4946 2043 4996 aut

396 5031 585 5084 radice
630 5031 912 5102 subjecta,
961 5047 1175 5102 genera
1222 5030 1526 5087 hominum
1560 5033 1689 5102 ipsa
1731 5031 2037 5100 oriuntur;

397 5119 552 5174 omni
583 5119 776 5190 itaque
822 5137 890 5176 ex
921 5129 1080 5191 parte
1119 5121 1426 5193 optimum,
1467 5135 1780 5191 rerumque
1820 5129 2037 5176 naturae

397 5209 1009 5266 convenientissimum
1068 5219 1172 5280 est,
1205 5216 1268 5266 ut
1325 5210 1514 5282 priore
1567 5210 1692 5265 loco
1750 5210 1821 5265 de
1854 5211 2039 5280 patria

396 5299 575 5353 nostri
606 5297 894 5370 dicamus,
927 5309 1047 5356 tum
1081 5302 1354 5374 deinceps
1385 5302 1459 5356 ad
1516 5303 1784 5372 parentes
1832 5299 2034 5356 venia-

397 5403 549 5454 mus,
581 5387 782 5458 eisque
814 5391 966 5460 quod
987 5392 1086 5461 jus
1117 5392 1319 5463 fasque
1349 5396 1439 5446 est
1469 5391 1802 5445 reddamus.

463 5479 532 5535 V.
555 5479 686 5534 Jam
719 5480 900 5550 patria
930 5481 1210 5551 ejusmodi
1259 5499 1399 5538 sane
1446 5485 1556 5545 est,
1592 5484 1656 5534 ut
1705 5495 1820 5535 non
1861 5479 2035 5535 modo

403 5569 565 5624 nulla
595 5569 830 5641 penitus
887 5585 1087 5626 carum
1140 5588 1357 5640 rerum,
1390 5587 1516 5643 quae
1546 5570 1816 5628 decorare
1862 5570 2036 5625 urbes

397 5657 607 5731 solent,
665 5659 1012 5717 destituatur
1060 5662 1161 5719 sed
1219 5665 1277 5720 et
1323 5665 1484 5722 tanta
1539 5676 1741 5719 eorum
1797 5672 2034 5731 exsupe-

2154 4579 2411 4654 προάγειν
2443 4581 2643 4652 χρῆναι
2674 4577 2765 4633 τὸν
2822 4578 3016 4653 λόγον,
3066 4579 3155 4633 καὶ
3199 4583 3392 4634 τοῦτον
3446 4578 3798 4655 διαχειρίζειν

2151 4667 2242 4722 τὸν
2269 4665 2471 4740 τρόπον
2513 4685 2526 4697 ⁸
2558 4670 2592 4736 ἡ
2627 4665 2675 4721 δ’
2705 4668 2806 4740 ἄρα
2846 4667 3003 4740 φύσις
3035 4667 3125 4721 καὶ
3171 4671 3270 4737 τήν
3313 4667 3363 4741 ἐξ
3421 4668 3588 4739 αὐτῆς
3627 4669 3802 4744 ἀνάγ-

2152 4777 2253 4826 κην
2301 4757 2681 4831 προστίθησιν,
2741 4757 2874 4830 ἅπερ
2916 4759 3023 4810 τῶν
3077 4757 3171 4828 μὲν
3211 4754 3417 4812 παίδων
3467 4759 3520 4812 οἱ
3565 4759 3795 4832 πατέρες

2151 4846 2432 4920 πρότεροι,
2461 4846 2668 4899 τούτων
2725 4842 2769 4898 δ’
2819 4843 2883 4899 αὖ
2931 4845 2966 4913 ἡ
3016 4846 3233 4919 πατρὶς,
3264 4850 3344 4917 τῷ
3378 4847 3577 4916 ταύτης
3607 4845 3794 4922 ὥσπερ

2146 4935 2292 4997 τινὸς
2323 4932 2592 5008 κρηπῖδος
2619 4935 2653 5004 ἢ
2687 4934 2841 5008 ῥίζης
2883 4933 3241 5006 ὑποκειμένης
3271 4934 3337 4989 τὰ
3367 4933 3496 5009 γένη
3520 4934 3739 5010 φύεσθαι
3775 4957 3790 4969 ’

2147 5022 2427 5098 κράτιστον
2460 5022 2551 5078 οῦν
2583 5023 2643 5076 ἂν
2691 5021 2776 5092 εἴη
2836 5021 3173 5100 πανταχόθεν
3220 5023 3312 5078 καὶ
3360 5029 3476 5086 τοῖς
3534 5026 3794 5101 πράγμα-

2149 5133 2228 5165 σιν
2262 5114 2428 5182 εἶκον,
2477 5120 2583 5181 τῆς
2631 5110 2949 5186 ἐνεγκούσης
2999 5110 3231 5186 πρόσθεν
3284 5115 3656 5186 ποιησάμενον
3687 5114 3795 5169 λό-

2144 5224 2259 5276 γον,
2301 5201 2468 5258 ἕπειτ’
2515 5203 2703 5277 ἐφεξῆς
2749 5201 2836 5255 ἐπὶ
2879 5202 3005 5267 τοὺς
3051 5202 3285 5278 πατέρας
3329 5210 3556 5279 χωρεῖν,
3607 5207 3790 5261 κάκεί-

2145 5313 2258 5346 νοις
2291 5293 2352 5347 τὸ
2382 5293 2529 5354 νῖκὸς
2560 5292 2868 5364 ἂπονέμειν.

2214 5472 2288 5528 Ε’.
2335 5476 2487 5526 Ἔστι
2539 5469 2716 5525 τοίνυν
2762 5469 2898 5541 αὕτη
2944 5471 3196 5542 τοιαύτη,
3227 5471 3303 5534 ὡς
3354 5474 3430 5546 μὴ
3476 5470 3638 5546 μόνον
3671 5474 3785 5538 ἑνὸς

2147 5557 2375 5633 μηδενὸς
2406 5563 2514 5615 τῶν
2547 5559 2645 5615 ὅσα
2676 5559 2838 5616 πόλιν
2872 5557 2984 5615 οἶδε
3016 5561 3293 5634 σεμνύνειν
3325 5559 3456 5636 μηδ’
3478 5563 3778 5618 ὁπωστιοῦν

2145 5649 2452 5731 ἀφεστάναι,
2494 5647 2657 5706 ἀλλὰ
2712 5651 2801 5705 καὶ
2888 5651 3022 5724 μετά
3090 5648 3329 5724 τοσῆσδε
3408 5653 3558 5708 ταῦτ’
3633 5648 3782 5731 ἔχειν
