4092 6300
244 403 344 465 221

1254 402 1658 477 LAUDATIO
1702 407 1766 468 S.
1814 403 2194 467 GREGORII
2238 400 2656 465 THEOLOGI.

3527 384 3644 445 222

240 538 572 613 περιουσίας,
604 537 679 598 ὡς
711 535 801 590 καὶ
848 539 968 597 ταῖς
1018 533 1107 589 διὰ
1153 536 1370 591 πάντων
1411 533 1882 611 παραϐαλλομένη

1999 539 2182 596 rsntia
2229 539 2481 609 praestet,
2529 537 2592 588 ut
2633 546 2766 587 eum
2817 522 3245 585 ﬂorentissimis
3291 518 3641 592 quibusque,

236 632 549 702 κρατίσταις
598 624 941 699 εὑρίσκεσθαι
985 624 1215 698 πρώτη·
1248 624 1392 679 οὕτω
1436 626 1531 698 μὲν
1576 629 1679 702 γὰρ
1726 623 1885 703 ἔσχεν

232 718 417 793 ἀέρος,
468 716 548 777 ὡς
607 715 718 768 τῶν
783 715 879 786 μὶν
939 714 1257 788 ἁπανταχοῦ
1312 719 1498 769 πασῶν
1550 712 1741 790 ἄριστα
1795 737 1888 773 κε-

233 806 463 879 κράσθαι
512 800 733 857 δοκεῖν’
783 802 924 875 πρὸς
983 798 1041 855 δὲ
1091 801 1347 876 μεγίστην
1393 803 1483 857 καὶ
1538 803 1889 874 παντοδαπὴν

229 897 460 968 καρπῶν
509 913 570 946 τε
618 892 709 946 καὶ
759 891 914 959 ζώων
965 888 1234 964 ὲρῥῶσθαι
1283 893 1475 970 φορὰν,
1505 892 1742 949 ἑκάστων
1788 901 1888 963 τῆς

226 991 337 1060 γῆς
367 987 479 1039 τῶν
527 986 705 1056 μερῶν
750 978 984 1035 πλεῖστα
1036 981 1127 1034 καί
1176 978 1445 1035 κάλλιστα
1482 982 1548 1036 τὰ
1590 984 1718 1056 παρ’
1772 984 1889 1038 ὲαυ-

227 1078 353 1133 τοῖς
400 1070 818 1146 χορηγούντων,
851 1068 942 1123 καὶ
990 1071 1083 1123 οἷα
1126 1070 1203 1141 μὴ
1251 1075 1368 1131 τοῖς
1401 1069 1667 1126 ἐνοικοῦσι
1703 1074 1888 1145 μόνον,

226 1161 383 1217 ἀλλᾶ
424 1162 515 1215 καὶ
562 1165 693 1215 πᾶσι
739 1157 1057 1234 προσοίκοις
1102 1179 1158 1212 τε
1209 1158 1298 1213 καὶ
1346 1164 1461 1221 τοῖς
1493 1159 1683 1236 πόρῥω
1722 1182 1889 1235 παρε⁹

224 1251 449 1306 λαύνειν
500 1250 601 1318 τήν
662 1248 894 1325 χρείαν·
928 1248 1076 1302 οὕτω
1128 1244 1175 1301 δ’
1204 1247 1272 1302 αὖ
1322 1248 1480 1322 ὡρῶν
1529 1251 1888 1325 συμμετρίας,

223 1340 324 1395 καὶ
378 1342 479 1393 τοῦ
534 1340 655 1393 κατ’
683 1337 848 1399 αὐτὰς
906 1333 1220 1409 εὐδοκίμου,
1252 1337 1327 1398 ὡς
1387 1336 1421 1390 ’ἁ
1479 1340 1603 1411 παρ’
1643 1340 1891 1400 ἑκάσταις

224 1430 498 1502 πρόσεστι
552 1425 823 1501 δυσχερῆ,
850 1426 1057 1481 τούτων
1116 1426 1366 1481 ἁπάντων
1417 1429 1508 1481 τὸν
1560 1427 1642 1483 ἀεὶ
1692 1428 1890 1506 χρόνον

225 1518 414 1589 ὲξίσης
474 1517 830 1593 ἆφεστηκυῖα,
882 1516 1060 1587 μόνων
1109 1518 1218 1570 τῶν
1275 1514 1489 1588 ἀγαθῶν
1545 1514 1605 1571 ἐκ
1662 1537 1888 1589 περιου-

224 1608 350 1669 σίας
419 1607 690 1680 μετέχειν,
747 1600 933 1677 ὥσπερ
1003 1600 1308 1676 ἐξεπίτηδες
1370 1604 1433 1659 τὸ
1494 1605 1590 1677 μὲν
1646 1607 1889 1678 καθάπαξ

227 1694 521 1757 λυσιτελὲς
593 1692 918 1768 αἱρουμένη,
973 1694 1040 1747 τὰ
1108 1690 1155 1748 δ’
1210 1691 1359 1749 ἄλλα
1436 1694 1645 1768 χαίρειν
1724 1695 1884 1753 ἐῶσα.

225 1784 527 1845 τοσούτοις
563 1779 619 1838 δὲ
665 1782 755 1838 καὶ
787 1784 1143 1854 τηλικούτοις
1187 1783 1409 1857 ἀγαθοῖς
1440 1786 1474 1853 ἡ
1512 1782 1885 1840 Καππαδοκῶν

226 1872 607 1947 κοσμουμένη,
666 1871 755 1926 καὶ
813 1869 957 1926 οὕτω
1005 1876 1254 1945 κομῶσα,
1297 1872 1374 1934 ὡς
1424 1872 1517 1927 καὶ
1570 1872 1699 1936 τοὺς
1757 1879 1886 1929 πᾶσι
1918 1907 1965 1973 Β

228 1969 350 2024 τοῖς
380 1962 583 2023 καλοῖς
624 1961 725 2016 ούκ
767 1958 872 2016 οἶδ’
903 1959 1053 2022 ὅπως
1101 1959 1381 2032 ἀξιοῦντας
1432 1961 1760 2037 βασκαίνειν,
1791 1965 1883 2018 καὶ

232 2054 293 2110 τὸ
343 2055 534 2112 κακῶς
586 2050 762 2123 λέγειν
806 2049 1010 2124 τέχνην
1039 2049 1115 2110 ὡς
1145 2048 1313 2105 εἴπεῖν
1342 2050 1723 2123 ποιουμένους,
1757 2054 1884 2107 θαυ-

237 2140 477 2215 μαστούς
534 2160 688 2202 τινας
742 2136 871 2213 ἄγαν
928 2135 1205 2200 ἐπαινέτας
1272 2140 1591 2209 κακτῆσθαι,
1648 2141 1741 2195 καὶ
1803 2146 1884 2213 τῷ

239 2227 405 2302 μηδὲν
467 2227 618 2290 ὅλως
675 2227 946 2283 ἀντειπεῖν
1012 2220 1179 2305 ἔχειν,
1238 2232 1510 2299 τιμῶντας
1585 2229 1757 2299 αὐτὴν
1818 2231 1884 2285 τὰ

238 2320 553 2394 γιγνόμενα,
610 2317 882 2372 τοσούτων
942 2314 1031 2371 καὶ
1095 2314 1442 2387 τηλικούτων
1516 2316 1725 2393 ἀνδρῶν
1801 2318 1885 2373 ἐπ’

242 2405 475 2480 εὐσεϐείᾳ
519 2408 614 2463 καὶ
662 2406 960 2484 φιλοσοφίᾳ
1006 2407 1098 2462 καὶ
1143 2406 1358 2483 λόγοις,
1389 2404 1467 2462 ἔτι
1510 2427 1567 2462 τε
1602 2413 1719 2471 τοῖς
1751 2409 1882 2482 ὑπὲρ

245 2497 497 2568 ἀληθείας
552 2497 756 2571 ἀγῶσι,
784 2495 875 2552 καὶ
931 2500 1090 2551 πᾶσιν
1146 2497 1232 2557 οἷς
1289 2495 1351 2551 ἄν
1411 2517 1496 2559 τις
1553 2498 1720 2574 φήσαι
1756 2496 1884 2571 βελ-

247 2589 439 2650 τίστοις
490 2586 926 2659 θαυμαζομένων
984 2583 1385 2655 πεπλούτηκεν,
1437 2586 1518 2651 ὡς.
1571 2587 1708 2657 μήτε
1755 2587 1885 2642 ταύ-

243 2696 331 2746 την
382 2678 594 2752 ἑτέρων
653 2676 688 2745 ἢ
747 2674 961 2730 τούτων
1022 2680 1226 2749 χρῆναι
1278 2675 1490 2749 μητέρα
1532 2676 1622 2730 καὶ
1673 2680 1882 2753 τροφὴν

237 2769 574 2841 γεγενῆσθαι,
625 2765 756 2838 μήτ’
785 2765 984 2825 αὐτοὺς
1027 2763 1253 2825 τούτους
1301 2763 1351 2834 ἐξ
1401 2763 1581 2835 ἄλλης
1631 2770 1883 2834 ἡστινοσ-

231 2859 314 2908 οὖν
369 2857 407 2925 ἧ
469 2855 703 2924 ταυτησὶ
762 2852 1075 2927 προελθεῖν,
1105 2851 1235 2909 ἀλλ’
1266 2853 1348 2908 ἐπ’
1408 2849 1574 2933 ἄμφω
1620 2855 1682 2909 τὸ
1741 2854 1883 2917 εἲκὸς

224 2942 556 3014 ἀπαντῆσαι,
588 2943 680 2997 καὶ
734 2944 835 3012 τήν
887 2940 1151 3017 ἁρμονίαν
1202 2942 1431 3013 ταυτησὶ
1480 2949 1579 3012 τῆς
1632 2944 1881 3017 κιθάρας,

222 3032 413 3102 ἐντελῆ
477 3038 832 3101 καταστῆναι,
864 3032 957 3087 καὶ
1016 3028 1105 3086 διὰ
1159 3035 1370 3101 πασῶν,
1431 3031 1506 3094 ὡς
1563 3032 1755 3101 εἰπεῖν,
1806 3033 1879 3088 ὧν

219 3126 452 3193 πρῶτος
510 3120 603 3175 καὶ
666 3119 828 3193 μέσος
887 3121 977 3176 καὶ
1028 3118 1420 3191 τελευταῖος,ὁ
1469 3124 1561 3174 νῦν
1600 3120 1884 3197 εὐφημού-

222 3229 432 3284 μενος·
489 3211 555 3265 τὸ
614 3210 733 3283 μὲν,
765 3210 852 3265 ὅτι
908 3210 1047 3284 πρὸς
1108 3207 1276 3282 μηδέν
1331 3232 1384 3265 τι
1424 3214 1671 3265 τοιοῦτον
1701 3212 1876 3284 παρά-

1996 607 2348 701 quacunque
2398 626 2456 680 in
2502 639 2559 679 re
2596 620 2828 687 collata,
2872 619 3005 688 jure
3050 614 3180 687 ipsa
3227 612 3445 684 primas
3476 607 3640 662 ferat.

1996 717 2214 786 Nempe
2243 719 2300 772 et
2328 714 2481 771 aeris
2508 728 2575 768 ea
2605 713 2814 765 natura
2843 713 2952 774 est,
2985 708 3052 759 ut
3080 701 3346 757 omnium
3375 713 3499 767 quas
3534 711 3642 750 us-

1996 783 2168 877 quam
2200 809 2336 861 sunt
2364 801 2623 868 urbium,
2654 792 3136 866 temperatissima
3167 788 3337 844 facile
3366 786 3463 852 sit,
3485 789 3543 841 et
3573 783 3645 839 ad

1998 875 2351 951 uberrimum
2398 892 2588 947 omnis
2633 887 2859 962 generis
2912 885 3143 954 frugum
3183 875 3647 944 animaliumque

1997 988 2338 1056 proventum
2368 978 2843 1041 instructissima,
2876 970 3128 1043 singulis
3166 968 3328 1023 illius
3361 963 3645 1037 partibus,

1995 1090 2121 1145 quae
2141 1062 2207 1131 in.
2229 1071 2486 1143 qualibet
2512 1073 2851 1129 nascuntur,
2881 1067 3006 1117 tum
3039 1057 3312 1130 plurima,
3343 1059 3471 1110 tum
3494 1068 3645 1123 prae-

1996 1142 2387 1231 stantissima,
2419 1153 2952 1230 suppeditantibus,
2973 1166 3078 1205 nec
3100 1146 3422 1203 incolarum
3446 1142 3642 1207 modo,

1996 1254 2097 1310 sed
2129 1251 2511 1308 ﬁnitimorum
2545 1248 2680 1302 item
2708 1249 2765 1300 et
2782 1243 3231 1313 longinquarum
3255 1232 3514 1290 omnium
3540 1246 3647 1285 ne-

1996 1342 2296 1400 cessitates
2325 1339 2471 1396 satis
2493 1349 2780 1407 superque
2808 1329 3122 1401 expletura.
3158 1325 3240 1378 Ad
3252 1325 3369 1378 haec
3402 1322 3484 1376 ita
3512 1335 3643 1391 par-

1996 1433 2143 1489 tium
2174 1431 2310 1487 anni
2350 1426 2748 1498 congruentis,
2779 1428 2836 1478 et
2882 1417 3171 1492 quidquid
3207 1417 3260 1468 in
3296 1414 3367 1468 iis
3396 1410 3645 1467 maxime

1997 1520 2459 1585 commendatur,
2501 1518 2829 1585 comparata
2868 1512 3028 1576 sunt,
3060 1512 3128 1562 ut
3155 1505 3227 1562 ab
3257 1499 3642 1559 incommodis

1995 1614 2283 1684 cujusque
2324 1607 2506 1680 partis
2554 1604 2831 1661 omnibus
2880 1604 3157 1672 perpetuo
3204 1590 3501 1684 asquiali‘ter
3549 1605 3643 1643 re-

1997 1679 2355 1767 mota,—solis
2390 1693 2731 1762 commodis,
2763 1696 2820 1748 et
2850 1689 2942 1745 his
2974 1679 3477 1748 cumulatissimis,
3508 1695 3647 1750 per—

1996 1791 2226 1847 fruatur
2269 1805 2283 1842 :
2326 1786 2486 1842 velut
2522 1782 2811 1847 consulto,
2853 1778 3007 1852 quod
3049 1774 3296 1833 solidam
3338 1768 3649 1825 utilitatem

1996 1880 2174 1936 habet
2200 1876 2556 1940 adsciscens,
2595 1869 2812 1927 ceteris
2843 1864 3184 1939 repudiatis.
3218 1862 3328 1917 Tot
3357 1873 3491 1914 vero
3522 1864 3648 1910 tan-

1995 1970 2182 2039 tisque
2220 1970 2440 2023 natura
2484 1962 2654 2018 bonis
2700 1962 2905 2016 ornata
2953 1948 3334 2039 Cappadocia,
3385 1947 3646 2039 adeoque

1994 2034 2228 2123 ﬂorens,
2264 2054 2450 2125 utqui
2491 2050 2748 2124 pulchris
2783 2046 2956 2104 rebus
2992 2041 3272 2100 omnibus
3317 2036 3478 2094 haud
3502 2034 3643 2125 scit:

1994 2109 2644 2222 ᾇᾷξέἇίίόηέίηνὶάθτο
2671 2138 2928 2202 student,
2955 2139 3014 2190 et
3042 2126 3436 2222 maledicendi
3454 2109 3651 2222 libidi'

1994 2213 2128 2294 nem
2153 2238 2338 2291 artem
2361 2228 2790 2304 quodammodo
2811 2239 2978 2281 suam
3000 2222 3204 2283 fecere,
3226 2219 3335 2273 hos
3358 2213 3642 2270 miriﬁcos

1992 2329 2145 2382 certe
2173 2323 2266 2379 sui
2298 2295 2629 2377 laudatores
2658 2315 2910 2371 habeat:
2944 2312 3160 2383 quippe
3188 2307 3285 2379 qui
3320 2306 3459 2361 dum
3493 2295 3645 2359 nihil

1995 2415 2209 2472 habent
2236 2411 2392 2484 quod
2423 2409 2834 2479 obloquantur,
2882 2401 3103 2458 meritis
3133 2398 3318 2470 ipsam
3364 2393 3641 2451 laudibus

1992 2504 2299 2567 honorant,
2330 2502 2496 2555 tanta
2515 2497 2716 2552 eadem
2740 2488 3332 2565 praesantissimorum
3358 2485 3641 2548 virorum,

1995 2591 2230 2663 pietate,
2259 2586 2591 2646 Christiana
2623 2579 3015 2655 philosOphia,
3049 2576 3371 2633 litterarum
3403 2570 3640 2636 studiis,

1994 2679 2284 2750 obitisque
2311 2677 2450 2733 item
2482 2690 2584 2747 pro
2614 2671 2853 2729 veritate
2881 2665 3296 2725 certaminibus
3333 2668 3506 2733 atque
3536 2676 3639 2729 cp-

1994 2770 2149 2827 timis
2181 2769 2535 2840 quibusque,
2567 2779 2697 2835 quae
2727 2779 2760 2817 a
2782 2758 3056 2832 quopiam
3078 2753 3367 2812 nominari
3391 2755 3635 2840 queunt,

1993 2839 2376 2923 ornamentis,
2424 2852 2677 2911 maxime
2723 2848 3066 2914 illustrium,
3098 2845 3281 2901 ditata
3310 2841 3477 2912 copia
3505 2839 3635 2902 fuit,

1994 2956 2058 3007 ut
2085 2961 2275 3020 neque
2304 2946 2403 3003 illa
2430 2945 2883 3013 aliorum,qnam
2915 2938 3191 2993 horumce
3215 2948 3426 3005 parens
3447 2928 3638 2985 altrix.

1992 3055 2104 3110 que
2132 3053 2262 3093 esse
2289 3033 2575 3103 debuerit,
2607 3044 2797 3101 neque
2834 3028 2894 3083 hi
2924 3025 3037 3099 ipsi
3068 3023 3322 3088 aliunde,
3360 3033 3538 3091 quam
3565 3033 3635 3072 ex

1990 3126 2091 3182 illa
2117 3125 2366 3197 prodire,
2397 3128 2572 3195 atque
2610 3118 2875 3189 utrisque
2904 3114 3057 3187 quod
3090 3126 3323 3183 aequum
3354 3111 3476 3163 erat
3503 3121 3636 3163 eve-

1992 3217 2116 3272 nire
2170 3230 2353 3287 eoque
2403 3212 2574 3268 modo
2616 3209 2850 3266 cithara
2900 3205 3075 3275 huius
3122 3202 3489 3287 concentum,
3538 3210 3636 3267 per

220 3276 433 3374 δειγμα
484 3276 729 3373 βλέπων,
762 3296 907 3354 οὕτω
952 3276 1049 3353 διὰ
1090 3276 1301 3353 πάντων
1363 3296 1671 3372 ἒξέλαμψγ
1717 3276 1789 3353 τὸ.
1830 3297 1877 3354 δ’

1995 3321 2214 3373 omnes,
2258 3276 2414 3375 quod
2446 3302 2679 3369 dicitur,
2724 3299 2867 3354 fides
2912 3295 3075 3366 plene
3107 3290 3349 3349 absolvi.
3381 3286 3637 3353 Quorum

219 3389 310 3445 ὅτι
370 3390 514 3462 μετὰ
569 3388 816 3452 πολλούς
866 3409 1019 3452 τινας
1075 3389 1290 3464 ἑτέρους
1336 3387 1542 3453 καλοὺς
1588 3389 1874 3465 κάγαθοὺς,

220 3477 394 3552 μόνος
429 3478 591 3540 οὗτος
620 3478 851 3557 ἀνεφάνη
882 3480 1154 3540 τοιοῦτος.

1988 3394 2244 3451 virorum
2278 3393 2500 3465 primus
2530 3390 2709 3455 idem,
2740 3394 2799 3443 et
2829 3384 3075 3451 medius,
3106 3389 3162 3438 et
3191 3385 3522 3453 postremus
3542 3375 3637 3431 hic

1991 3482 2135 3554 ipse,
2177 3481 2350 3551 cujus
2389 3494 2545 3534 nunc
2592 3476 2794 3533 laudes
2842 3471 3228 3536 celebramus,
3280 3465 3482 3522 merito
3511 3471 3632 3519 est:

218 3571 445 3671 partim
475 3569 633 3671 quod
686 3553 1187 3671 tametsinul-lum
1236 3567 1336 3671 ille
1382 3568 1498 3670 tale
1536 3572 1885 3671 tantumque
1923 3553 2219 3643 exemplar
2260 3570 2604 3635 intueretur,
2656 3567 2740 3622 ita
2770 3565 2830 3620 in
2859 3561 3137 3620 omnibus
3161 3564 3355 3615 tamen
3378 3553 3637 3610 emicue-

220 3661 299 3718 rit
324 3676 339 3715 :
378 3657 599 3730 partim
632 3658 784 3729 quod
821 3663 952 3730 post
978 3662 1068 3714 tot
1098 3656 1375 3731 praclara
1408 3657 1642 3714 virtutis
1673 3658 1963 3732 homines,
1995 3662 2160 3720 solus
2194 3661 2288 3718 ille
2317 3660 2453 3719 talis
2482 3664 2800 3729 tantusque
2828 3652 3092 3731 evaserit.

292 3747 393 3822 ς’.
433 3744 615 3801 Ἀλλᾶ
671 3746 765 3818 μὲν
814 3747 905 3802 καὶ
962 3746 1043 3802 ὅτι
1102 3742 1309 3818 μηδένα
1365 3766 1452 3801 πω
1504 3750 1611 3801 τῶν
1670 3745 1886 3802 πάντων

216 3836 479 3891 τοιοῦτον
523 3840 811 3911 γενόμενον
864 3833 1042 3908 ἴσμεν,
1085 3831 1325 3890 δεδόσθω
1374 3832 1431 3890 δὲ
1482 3833 1618 3906 μετᾶ
1664 3832 1882 3909 παρῥη-

219 3924 340 3985 σίας
390 3924 589 3990 εἰπεῖν,
626 3921 756 3995 μηδ’
786 3924 864 3988 εἷς
910 3919 1076 3978 ἔπειτ’
1122 3922 1403 3997 ἐσόμενον,
1434 3923 1526 3978 τὸν
1570 3923 1883 3979 τελευταῖον

217 4014 351 4087 ὅρον
396 4019 501 4081 τῆς
548 4011 672 4085 περὶ
715 4017 887 4067 πᾶσαν
944 4012 1138 4086 ἀρετὴν
1188 4010 1485 4086 εύκληρίας
1535 4009 1785 4085 εἰλήφει’
1818 4014 1884 4081 ἧς

216 4103 282 4159 ού
345 4102 549 4176 μικρὸν
617 4102 730 4156 ἐστι
789 4100 953 4175 μέρος
1013 4103 1048 4170 ἡ
1108 4103 1393 4174 θαυμαστή
1451 4106 1559 4156 τῶν
1618 4103 1886 4157 τεκόντων

2066 3754 2158 3809 Vl.
2191 3751 2305 3809 Sed
2329 3757 2389 3807 et
2416 3750 2710 3806 neminem
2743 3744 3078 3802 mortalium
3118 3739 3381 3797 omnium
3413 3738 3512 3791 aut
3535 3735 3637 3791 ad-

1991 3841 2107 3897 huc
2128 3840 2304 3897 talem
2328 3842 2674 3909 tantumque
2698 3835 2895 3899 fuisse,
2919 3836 3039 3899 aut,
3076 3830 3178 3886 sed
3200 3830 3388 3893 detur,
3418 3839 3635 3896 quaso,

1993 3931 2134 3987 mihi
2153 3930 2324 4003 plena
2344 3926 2656 4001 eloquendi
2676 3924 2932 3988 libertas,
2954 3922 3016 3978 in
3039 3924 3331 3991 posterum
3353 3917 3634 3983 futurum,

1991 4020 2230 4091 scimus,
2266 4017 2542 4091 quoniam
2584 4015 2848 4073 ultimam
2879 4014 2937 4068 in
2968 4008 3128 4067 omni
3157 4007 3368 4064 virtute
3400 4003 3641 4061 felicita-

1990 4110 2064 4167 tis
2108 4112 2324 4167 metam
2366 4108 2492 4180 ipse
2540 4104 2751 4176 attigit.
2802 4102 2981 4172 Cujus
3041 4114 3157 4154 non
3206 4096 3452 4152 minima
3497 4109 3637 4149 sane

214 4189 487 4265 ἐπιτυχία
524 4190 615 4245 καὶ
660 4190 723 4245 τὸ
772 4189 1063 4264 λαμπρούς
1109 4210 1259 4252 τινας
1306 4186 1436 4265 ἄγαν
1485 4187 1633 4263 αύτῷ
1675 4196 1778 4259 τῆς
1828 4188 1881 4252 ἒς

250 4282 266 4299 Ἰ
354 4279 411 4299 ﬂ,
653 4276 702 4299 ’δ
884 4277 896 4293 ⁸
1012 4278 1026 4299 Ἰ
1070 4279 1083 4299 1
1278 4298 1281 4299 ,
1324 4276 1348 4299 Α
1384 4280 1410 4299 Λ
1440 4298 1447 4299 -
1494 4295 1507 4299 _
1570 4278 1585 4299 9
1696 4279 1708 4295 ⁸
1732 4297 1741 4299 -
1864 4278 1879 4297 ἱ

1995 4215 2125 4269 pars
2166 4196 2412 4253 miriﬁca
2456 4194 2615 4251 illius
2652 4193 2805 4250 circa
2836 4192 3101 4262 parentes
3147 4183 3496 4258 prosperitas
3524 4186 3634 4249 est,

212 4282 310 4336 τὸν
353 4279 477 4354 βίον
528 4276 770 4353 προόδου
817 4277 944 4341 τοὺς
975 4278 1185 4341 αἰτίους
1229 4276 1508 4352 γενέσθαι·
1542 4278 1587 4333 εἰ
1644 4279 1752 4353 γὰρ
1789 4278 1881 4333 καὶ

295 4371 348 4389 In.
510 4369 525 4388 ’
574 4373 602 4384 ε’
707 4369 720 4389 9
845 4370 859 4389 1
1037 4374 1060 4386 υ
1123 4368 1174 4389 l"
1341 4367 1457 4389 1“,
1519 4370 1547 4387 τ’
1663 4370 1679 4389 \
1797 4367 1808 4389 Ι

1995 4292 2049 4343 et
2077 4286 2231 4358 quod
2261 4290 2381 4342 tam
2426 4283 2688 4340 illustres
2738 4282 2831 4337 sui
2860 4279 2920 4335 in
2963 4278 3141 4333 vitam
3170 4276 3471 4347 ingressus
3501 4288 3631 4327 auc-

217 4371 430 4446 μείζων
465 4369 642 4424 αύτῶν
695 4369 929 4447 ἀνεφάνη
969 4374 1088 4432 τοῖς
1118 4368 1296 4434 ὅλοις,
1330 4367 1457 4425 ἀλλ’
1487 4370 1574 4431 οἷς
1618 4370 1687 4424 τὰ
1715 4367 1882 4444 σπέρ-

644 4459 659 4477 ς
747 4464 775 4477 ..
916 4456 937 4477 κ
1073 4457 1120 4477 ,ι
1259 4457 1274 4477 τ
1345 4458 1397 4477 η.
1536 4458 1559 4477 κ
1611 4454 1675 4477 ρκ
1831 4457 1846 4477 .

1995 4381 2145 4433 tores
2173 4376 2395 4432 habuit.
2428 4373 2656 4439 Quibus
2686 4384 3029 4444 quanquam
3061 4381 3160 4439 per
3204 4361 3404 4420 omnia
3447 4361 3634 4432 major

1995 4464 2004 4475 .
2245 4468 2255 4477 .
2479 4462 2489 4473 .
2627 4464 2673 4477 .-
2702 4474 2813 4477 --η
2858 4454 3159 4477 -_-.-_.:_
3194 4453 3367 4477 ._._,,__
3400 4451 3630 4477 ,ηηιη

220 4480 375 4567 ματαί
430 4459 663 4529 ταυτησὶ
708 4464 808 4529 τῆς
871 4456 1184 4529 πλεονεξίας
1254 4457 1457 4514 ἐκεῖθεν
1536 4454 1743 4529 λαϐὼν,
1802 4457 1879 4522 εἰς

1995 4464 2114 4536 ipse
2138 4468 2281 4531 erat,
2315 4462 2595 4535 quoniam
2626 4464 2821 4515 tamen
2854 4454 3162 4528 praetentis:
3193 4453 3370 4522 hujus
3399 4451 3637 4521 accepta

2698 4548 2762 4567 ,ι
2800 4545 3074 4567 --_--.,_
3125 4540 3467 4567 -__-__-.;__
3500 4553 3632 4567 ,νη

217 4551 413 4606 ἑκατὸν
477 4549 614 4604 κατὰ
666 4550 760 4604 τὸν
816 4548 1174 4625 εύαγγελικὸν
1202 4548 1455 4624 ἂξήνεγκε
1503 4549 1729 4623 σπόρον,
1760 4570 1882 4604 κοι-

1995 4570 2022 4610 a
2052 4553 2385 4625 parentibus
2418 4551 2661 4609 semina.
2693 4548 2766 4604 ad
2798 4545 3076 4602 sementis
3120 4540 3469 4613 evangelica
3500 4553 3634 4594 mo-

2010 4645 2024 4653 .
2447 4645 2458 4653 .
2534 4642 2542 4650 .
2681 4640 2703 4653 ..
2808 4652 2811 4653 ν
2868 4638 2925 4653 _.
2966 4631 3211 4653 -,“m.
3286 4636 3457 4653 _-_.-
3499 4626 3632 4653 ιιι-..

219 4639 433 4701 νωνοὺς
472 4636 629 4712 τίιινχει
677 4637 959 4701 κάκείνους
1007 4644 1108 4708 τῆς
1159 4638 1337 4708 νίκης,
1368 4637 1457 4693 καὶ
1490 4638 1881 4713 ξυναγωνιστὰς

1995 4645 2157 4712 dum,
2188 4659 2313 4699 cum
2338 4642 2634 4698 centesimo
2670 4640 2883 4706 faenore
2912 4638 2930 4673 ι
2962 4631 3233 4700 reddidit,
3285 4636 3459 4701 parte
3499 4626 3634 4685 illos

2032 4734 2098 4744 ..
2177 4731 2191 4744 .
2392 4729 2406 4744 .
2530 4731 2540 4744 .
2867 4723 3149 4744 γέμει-,μ
3185 4721 3478 4744 -,=_.---..
3532 4718 3599 4744 ι...

221 4731 320 4782 τοῦ
346 4732 592 4803 κρατεῖν.
624 4728 693 4782 Τό
750 4747 809 4781 τε
857 4726 961 4803 γὰρ
1014 4729 1130 4782 κατ’
1160 4725 1321 4783 αὐτὸν
1365 4729 1558 4782 τοῦτον
1590 4750 1619 4777 κ
1650 4727 1717 4780 τὰ
1770 4729 1880 4782 τῶν

306 4815 357 4833 ι..
534 4820 563 4831 ..
766 4816 780 4833 ς
831 4814 852 4833 ε
946 4815 992 4833 ι..
1056 4817 1083 4833 ι.
1248 4819 1275 4831 ..
1380 4816 1394 4833 .
1643 4817 1654 4833 .

1995 4731 2245 4790 victoria
2291 4729 2478 4788 socios
2527 4728 2718 4796 habet,
2770 4730 2834 4782 ut
2864 4723 3151 4798 parienda
3183 4721 3480 4791 adjutores
3530 4718 3632 4773 ha-

222 4815 441 4872 παίδων
491 4820 575 4887 τῷ
620 4816 784 4891 πατρὶ
831 4814 1167 4890 λογίζεσθαι,
1207 4819 1318 4871 τῶν
1375 4816 1770 4888 ἐννομωτάτων
1822 4836 1884 4871 τε

1995 4823 2139 4881 huit.
2172 4823 2315 4878 Nam
2337 4825 2396 4878 et
2423 4835 2493 4876 ex
2520 4818 2706 4890 ipsius
2735 4814 3025 4874 sententia
3042 4813 3143 4885 (1),
3179 4830 3206 4864 ι
3234 4807 3633 4881 aequissimum

223 4905 314 4962 καὶ
346 4904 739 4975 δικαιοτάτων,
763 4928 791 4958 ››
816 4906 993 4980 χωρίς
1024 4925 1083 4962 τε
1111 4906 1308 4962 τούτου
1343 4928 1373 4959 α
1400 4902 1574 4962 αἵτιον
1607 4905 1745 4960 εἶναι
1772 4909 1880 4963 τῶν

275 4997 291 5017 1
535 4997 551 5016 \
660 4996 675 5017 \
794 4998 805 5016 1
1052 5016 1057 5017 -
1195 4997 1211 5017 I
1514 4997 1528 5017 ἢ
1627 4997 1641 5017 ῑ
1825 4995 1839 5017 Ι
1864 5013 1877 5017 -

1995 4911 2503 4983 iustissimumque
2531 4916 2614 4966 est
2643 4907 2792 4979 parti
2823 4905 3137 4962 liberorum
3169 4898 3486 4956 attribuare
3512 4897 3638 4953 vir-

1996 5008 2007 5017 .
2064 5009 2073 5017 .
2270 5005 2305 5017 -.
2358 5014 2365 5017 -
2396 5015 2403 5017 -
2434 5003 2541 5017 -1--_
2572 4998 2762 5017 2__-__-
2886 4998 3059 5017 -.__s._.
3092 4989 3304 5017 ...υ-ΑΗ,
3337 4990 3633 5017 gnata-unm

224 4997 468 5069 φύντων,
492 4997 591 5053 τὸν
620 4996 684 5053 τὸ
712 4998 931 5070 σπέρμα
959 4997 1312 5076 παρασχόντα
1340 5020 1369 5049 »
1402 4997 1562 5075 φασὶν
1595 4997 1647 5052 οἱ
1677 4995 1839 5071 σοφοί
1862 5013 1878 5030 ⁶

240 5088 363 5112 '-_-
421 5089 612 5112 _-_'_--_
663 5092 952 5112 _----_--“-_.__
976 5109 988 5112 -
1053 5088 1277 5112 -_,---_',--,
1317 5108 1330 5112 _
1382 5086 1429 5112 ΣΡ
1484 5088 1661 5112 3-__-'-,,---
1702 5109 1715 5112 Α
1750 5108 1850 5112 --_-_

1995 5008 2169 5071 tutes,
2197 5023 2226 5051 ››
2256 5005 2315 5056 et
2342 5003 2545 5072 prater
2572 4998 2790 5070 ipsum,
2824 5017 2853 5047 ‹‹
2882 4998 3062 5050 enatos
3091 4989 3306 5062 segetis
3335 4990 3636 5044 auctorem

1999 5107 2115 5112 ----
2177 5089 2267 5112 ---ε
2303 5104 2494 5112 --_--_
2534 5085 2777 5112 -.-_I....:t
2836 5083 3191 5112 --.ηιαηηηηι
3211 5076 3507 5112 agninam:
3529 5076 3609 5112 (οἱ

227 5088 368 5144 ὥστε
413 5089 618 5144 τούτου
662 5092 1011 5163 κρατοῦντος,
1052 5088 1330 5151 κάκείνους
1377 5086 1431 5159 ἐξ
1477 5088 1716 5164 ἀνάγκης
1750 5108 1880 5162 κρα-

282 5182 307 5192 ~
369 5195 373 5196 ν
491 5175 508 5196 \
592 5176 607 5196 ς
712 5178 724 5196 1
1015 5175 1073 5196 ’νγ
1133 5177 1159 5196 Il
1352 5181 1379 5192 α’
1487 5174 1578 5196 ’0“
1834 5174 1845 5196 Ι

1995 5107 2142 5159 esse,
2172 5089 2269 5161 qui
2302 5104 2497 5146 semen
2533 5085 2799 5158 praebuit,
2834 5107 2863 5134 ››
2883 5083 3193 5139 adﬁrmant
3211 5076 3508 5148 sapientes
3529 5076 3630 5146 (2).

228 5182 375 5231 «δεῖν⁸
414 5175 510 5231 καὶ
552 5176 614 5231 τὸ
663 5178 941 5250 μέγιστον,
974 5175 1082 5251 ούχ
1128 5177 1258 5233 ὅσον
1312 5181 1423 5232 τῶν
1480 5174 1668 5232 ἄλλων
1717 5174 1880 5232 πατέ-

406 5263 494 5285 7“
521 5267 537 5285 Ἰ
646 5265 663 5285 ‘
776 5269 804 5281 η
924 5266 937 5283 9
986 5270 1013 5281 η’
1095 5263 1110 5284 Ἰ
1249 5264 1263 5285 Ι
1421 5269 1449 5281 ~
1544 5264 1555 5283 Ι

1995 5182 2071 5238 Eo
2100 5181 2297 5251 itaque
2342 5178 2629 5241 vincente,
2662 5173 2841 5231 simul
2873 5176 2931 5228 et
2961 5172 3227 5242 parentes
3256 5166 3483 5222 vincere
3531 5180 3631 5220 ne-

2202 5272 2273 5285 -,.
2349 5267 2411 5285 π.
2475 5264 2619 5285 -----s
2667 5267 2836 5285 ---μα
2876 5263 2960 5285 --ι
3015 5274 3126 5285 ..η-
3180 5256 3322 5285 ..κλμ
3359 5255 3628 5285 Ᾱιὶηιιινιι

233 5285 360 5339 ρων,
390 5263 546 5321 ἀλλὰ
572 5265 664 5321 καὶ
695 5269 845 5342 σφῶν
874 5266 1055 5321 αὐτῶν
1091 5263 1145 5320 ἐν
1171 5264 1352 5339 τούτῳ
1381 5269 1461 5338 τῷ
1494 5264 1665 5338 μέρει.

1995 5286 2150 5329 cosse
2192 5272 2299 5325 est.
2349 5267 2420 5323 Et
2466 5264 2624 5338 quod
2662 5267 2840 5336 caput
2873 5263 2982 5328 est,
3015 5274 3129 5313 non
3179 5256 3324 5313 alios
3358 5255 3635 5310 duntaxat

1988 5359 2221 5416 vincere
2265 5360 2555 5430 parentes,
2602 5353 2704 5412 sed
2747 5351 2857 5409 hac
2898 5349 2958 5405 in
3008 5352 3170 5421 parte
3217 5346 3393 5403 etiam
3422 5347 3634 5401 semet-

1990 5465 2173 5521 ipsos.

175 5668 191 5685 ⁸
299 5578 320 5613 ί
365 5579 575 5636 Matth.
608 5596 737 5650 xm,
769 5580 843 5648 8;
876 5580 1053 5637 Marc.
1088 5596 1166 5649 IV,
1197 5580 1266 5650 8;
1303 5581 1440 5638 Luc-
1469 5596 1594 5651 νων
1624 5579 1686 5653 δέ

304 5723 389 5793 (ι)
414 5723 490 5779 Dc
515 5722 847 5792 lachabeis,
878 5726 922 5795 Ι,
954 5724 1076 5780 399.

2081 5722 2155 5794 (2)
2184 5719 2479 5777 Demosth.
2515 5719 2708 5775 Coron.
2742 5732 2836 5772 ur.
