4092 6300
450 372 565 436 223

453 599 596 655 adeo
655 616 721 655 ac
771 601 1018 657 illustris
1064 603 1192 672 fuit,
1241 609 1303 660 ut
1334 604 1876 677 splendidissimum
1909 627 1940 663 a
1980 608 2097 666 filio

452 687 702 762 elogium
751 690 988 759 tulerit;
1038 708 1141 748 nec
1179 694 1331 750 enim
1378 704 1536 765 parte
1584 698 1835 767 quadam
1872 715 2098 757 morum

453 781 811 851 optimorum
861 783 1129 839 instructi
1181 790 1367 855 erant,
1420 794 1579 858 parte
1623 787 1736 845 alia
1776 805 1889 845 non
1923 790 2099 858 item;

451 886 559 925 nec
592 871 695 925 hac
728 875 888 941 parte
921 871 1070 943 plus,
1102 872 1203 928 illa
1234 876 1456 945 minus,
1490 878 1590 933 sed
1621 879 1817 934 omnia
1844 878 2021 935 simul
2043 884 2102 936 et

450 958 656 1014 eximie
687 960 991 1030 complexi,
1042 979 1274 1019 summo
1325 965 1738 1023 adnitebantur
1784 984 1976 1040 opere,
2030 985 2100 1024 ne

451 1065 567 1118 qua
596 1048 876 1104 virtutum
922 1051 1197 1120 particula
1238 1053 1649 1110 deﬁcerentur:
1701 1061 1758 1112 et
1807 1058 1904 1128 qui
1954 1056 2100 1112 tales

447 1139 568 1205 jam
603 1153 704 1208 per
732 1153 790 1192 se
820 1143 1002 1206 erant,
1036 1141 1109 1195 iis
1141 1141 1294 1196 haud
1331 1146 1503 1213 paulo
1522 1143 1830 1215 gloriosius
1853 1146 1980 1209 fuit.
2003 1146 2100 1217 qui

456 1225 634 1297 hujus
657 1227 799 1281 tanti
836 1226 937 1282 filii
963 1236 1230 1301 parentes
1263 1231 1465 1287 fierent
1512 1234 1722 1305 dignos
1770 1234 1883 1291 Dco
1924 1236 2099 1291 visos.

455 1316 837 1381 Quamobrem
871 1317 1073 1374 istuc?
1100 1319 1383 1383 Quoniam
1415 1321 1516 1377 illa
1545 1323 1774 1393 quidem
1825 1331 1975 1381 certe
2017 1342 2103 1381 ra-

454 1404 611 1459 tione
644 1421 810 1475 pares
843 1406 953 1461 sibi
1000 1408 1333 1477 nonnullos,
1378 1411 1728 1484 virtutisque
1777 1412 2103 1485 aequalitate

453 1494 607 1548 haud
654 1494 819 1549 facile
866 1511 1156 1568 cessuros,
1207 1515 1311 1554 nec
1355 1499 1483 1555 illos
1532 1504 1722 1557 tamen
1786 1504 2100 1557 admodum

453 1584 688 1650 multos,
725 1584 1017 1655 habituri;
1066 1588 1138 1642 de
1186 1587 1293 1643 hac
1340 1588 1469 1659 ipsa
1498 1590 1761 1646 omnium
1796 1591 2099 1649 hominum

457 1672 749 1729 neminem
805 1675 862 1728 in
915 1680 1208 1732 certamen
1241 1679 1578 1734 admittunt.
1604 1679 1786 1751 Unde,
1812 1682 1869 1735 ‘si
1903 1681 1987 1737 l'as
2015 1688 2104 1739 est

455 1764 667 1832 dicere,
698 1765 1006 1837 Gregorius
1038 1770 1094 1823 et
1115 1767 1344 1837 Nonna,
1377 1786 1480 1840 par
1500 1771 1811 1842 conjugum
1834 1771 2103 1828 beatissio

463 1869 645 1920 mum,
692 1857 749 1908 et
796 1871 909 1909 una
957 1871 1087 1910 cum
1131 1856 1249 1912 filio
1289 1859 1721 1914 sanctissimam
1760 1859 2098 1916 Trinitatem

461 1941 663 1996 ordine
712 1946 769 1997 et
804 1932 998 1999 'forma
1029 1946 1456 2016 quodammodo
1489 1948 1759 2016 referens,
1796 1948 2099 2021 probitatis

456 2045 529 2085 ne
549 2047 668 2086 suis
699 2031 947 2103 pretium
982 2033 1171 2091 dicam
1208 2037 1422 2104 nescio,
1460 2054 1533 2093 an
1567 2043 1790 2094 certum
1824 2042 2098 2111 exceptu-

448 2129 532 2175 rae
560 2118 719 2192 ipsos
750 2121 888 2178 olim
921 2123 1293 2180 beatitudinis
1317 2126 1632 2198 pignus,an
1657 2134 1966 2200 utrumque
1996 2145 2102 2200 po-

1722 384 2116 449 THEODULI
2168 387 2331 450 MON
2343 389 2520 450 ACHI

522 510 642 566 VII.
677 511 897 583 Quippe
928 516 985 568 et
1055 514 1284 585 propria
1351 515 1612 587 ipsorum
1678 518 1864 574 virtus
1938 522 2174 591 claraA

3721 386 3834 449 224

2278 523 2345 577 Z'.
2401 529 2507 590 Τῆς
2576 519 2675 596 γάρ
2750 519 3060 596 προσούσης
3136 520 3331 593 ἀρετῆς
3390 519 3531 575 οὕτω
3591 518 3838 593 λαμπρᾶς

2203 630 2348 672 τινος
2390 610 2480 665 καὶ
2538 614 2866 687 περιφανοῦς
2913 611 3223 687 γεγονυίας,
3278 609 3354 674 ὡς
3398 610 3490 664 καὶ
3555 610 3699 681 παρὰ
3751 614 3841 665 τοῦ

2206 697 2399 762 παιδὸς
2457 698 2707 761 ἐπιεικῶς
2765 701 3152 772 προσειρῆσθαι
3212 700 3276 753 οὐ
3333 699 3435 773 γὰρ
3478 698 3540 753 τὸ
3592 700 3725 770 μὲνο
3759 697 3843 752 αὖ·

2204 794 2322 846 τοῖς
2349 796 2558 863 προσῆν
2588 794 2695 843 τῶν
2724 786 2934 858 καλῶν,
2973 788 3035 844 τὸ
3068 785 3115 842 δ’
3146 785 3209 842 οῦ
3230 807 3243 820 ⁵
3280 786 3404 843 οὐδὲ
3450 789 3512 843 τὸ
3565 788 3657 859 μὲν
3708 786 3844 859 μᾶλ-

2207 877 2326 949 λον,
2355 876 2469 933 τὸδ’
2497 881 2658 947 ἦττον
2688 897 2699 909 ·
2754 876 2899 932 ἀλλὰ
2940 876 3096 932 πάνθ’
3124 879 3266 950 ὁμοῦ
3312 877 3400 932 καὶ
3461 878 3575 948 μεθ’
3618 872 3847 948 ὑπερϐο-

2209 965 2312 1034 λῆς
2372 965 2778 1045 συνειλήφεσαν,
2839 964 3019 1039 ὥσπερ
3095 963 3536 1043 φιλονεικοῦντες
3615 961 3844 1038 μηδενὸς

2206 1056 2313 1107 τῶν
2373 1053 2587 1127 ἀγαθῶν
2646 1050 3034 1127 ἐλλελεῖφθαι·
3095 1051 3367 1111 τοιούτοις
3431 1052 3609 1106 τοίνυν
3671 1049 3846 1108 αὐτοῖς

2209 1139 2347 1211 οὖσι,
2385 1146 2568 1213 μεῖζον
2624 1142 2699 1203 εἰς
2758 1139 2914 1211 δόξαν
2962 1141 3024 1196 τὸ
3080 1141 3276 1196 τούτου
3314 1139 3546 1213 πατέρας
3591 1141 3847 1212 ἠξιῶσθαι

2209 1232 2449 1304 γενέσθαι
2475 1248 2487 1260 ·
2524 1230 2664 1284 διατί
2689 1251 2702 1298 ;
2730 1233 2849 1285 Ὅτι
2883 1229 3100 1292 ἐκείνως
3138 1231 3232 1302 μὲν
3266 1230 3351 1300 ἃν,
3384 1229 3430 1283 εἰ
3461 1231 3546 1284 καὶ
3594 1230 3670 1300 μὴ
3723 1226 3850 1282 πολε

2211 1316 2365 1388 λοὺς,
2407 1318 2534 1374 ἀλλ’
2573 1318 2664 1374 οῦν
2724 1319 3141 1392 παραπλησίους
3200 1316 3267 1389 δή
3318 1339 3464 1382 νινας
3522 1323 3713 1396 σχοῖεν
3764 1316 3848 1371 καὶ

2208 1412 2316 1463 τῶν
2372 1407 2512 1462 ’ίσων
2562 1403 3078 1484 ἀμφισϐητοῦντας“
3132 1407 3276 1462 οὕτω
3335 1406 3391 1462 δὲ
3450 1404 3563 1461 οὐδ’
3613 1408 3846 1461 ὁντινοῦν

2209 1502 2315 1553 τῶν
2370 1498 2644 1553 ἁπάντων.
2675 1499 2827 1552 “Ωστ⁹
2856 1497 2902 1551 εἰ
2949 1498 3038 1551 καὶ
3093 1498 3238 1553 τοῦτ’
3270 1497 3436 1552 εἰπεῖν
3501 1494 3602 1562 δεῖ,
3636 1493 3845 1550 δοκοῦσί

2212 1597 2308 1661 μοι
2367 1584 2670 1663 Γρηγόριός
2728 1607 2785 1640 τε
2840 1586 2929 1640 καὶ
2986 1585 3187 1652 Νόννα,
3221 1588 3254 1653 ἡ
3290 1584 3527 1660 μακαρία
3585 1582 3847 1655 δυάς,καῖ

2209 1680 2277 1750 τῇ
2303 1674 2487 1751 Τριάδι
2523 1674 2658 1747 μετᾶ
2714 1680 2810 1729 τοῦ
2856 1672 3047 1737 παιδὸς
3080 1673 3343 1748 σύσσιχός
3373 1695 3431 1728 τε
3462 1674 3553 1728 καὶ
3608 1673 3848 1746 σύμμορ-

2209 1786 2330 1844 φος,
2364 1762 2464 1819 οῦκ
2510 1761 2614 1819 οἶδ’
2652 1761 2763 1819 ε’ίτε
2808 1762 2968 1839 γέρας
3015 1761 3437 1837 καλοκάγαθίας,
3485 1760 3591 1817 ε’ίτε
3640 1756 3843 1833 σύμϐοσ

2209 1853 2305 1909 λον
2346 1852 2581 1929 ἐναργὲς,
2621 1859 2720 1922 τῆς
2792 1852 3043 1908 εἶσὲπειτ’
3086 1851 3280 1914 αὐτοὺς
3344 1848 3701 1924 ἐκδεξομὲνης
3751 1872 3846 1922 μα-

2207 1943 2555 2017 καριότητος,
2618 1940 2723 1997 ε’ίτε
2776 1943 2867 1996 καὶ
2925 1942 3090 2020 ἄμφω
3146 1943 3301 1997 ταυτὶ
3373 1944 3463 1997 τὸν
3547 1940 3849 2014 θαυμαστὸν

2209 2036 2422 2090 τουτονὶ
2453 2034 2771 2108 κεκομίσθαι
2824 2034 3023 2103 θεόθεν,
3050 2033 3178 2089 ὅσου
3226 2034 3377 2095 τινὸς
3424 2032 3622 2095 αὐτούς
3670 2053 3728 2087 τε
3766 2033 3849 2085 καὶ

2209 2129 2406 2181 τοῦτον
2446 2122 2564 2199 ἄγει
2599 2122 2923 2186 δεικνύντος.

450 2219 595 2285 tius,
630 2219 892 2277 divinum
926 2223 1081 2279 hunc
1131 2224 1340 2294 filium,
1374 2243 1408 2282 a
1451 2226 1589 2295 Deo,
1644 2228 1742 2299 qui
1794 2229 1998 2299 quanti
2046 2233 2103 2283 et
2151 2227 2308 2299 ipsos
2356 2231 2412 2281 et
2460 2226 2627 2281 illum
2683 2227 2893 2282 faceret
2924 2229 3033 2283 hoc
3072 2225 3240 2282 modo
3274 2224 3661 2292 monstrabat,
3696 2239 3851 2279 acce-

454 2309 610 2381 pisse
641 2310 785 2365 mihi
813 2311 1110 2368 videntur.

528 2399 673 2455 VIII.
698 2400 938 2464 Quando
960 2403 1115 2457 enim
1140 2405 1197 2458 et
1216 2403 1402 2461 filium
1417 2406 1588 2478 longe
1608 2406 1957 2477 etoptimum
1976 2406 2111 2463 emi-

458 2488 986 2561 nentissimumque
1001 2491 1363 2563 futurum,ne
1377 2495 1515 2566 quid
1542 2496 1623 2550 illi
1644 2495 1716 2551 ad
1738 2496 2105 2566 amnigenam

455 2577 786 2634 felicitatem
828 2579 1074 2651 deesset,
1115 2580 1333 2639 similes
1372 2583 1509 2638 item
1553 2585 1809 2641 nancisci
1851 2586 2111 2655 oportuit

454 2674 744 2740 parentes,
777 2671 833 2725 et
872 2672 998 2740 pari
1035 2671 1259 2727 ratione
1300 2677 1563 2744 parentes
1602 2674 1781 2745 ipsos,
1830 2675 1902 2730 ob
1937 2692 2109 2731 sum-

452 2772 609 2811 mam
632 2756 760 2812 vitte
794 2758 1261 2828 sanctimoniam,
1292 2766 1731 2834 spectatamque
1753 2764 1811 2818 in
1836 2763 2106 2821 omnibus

453 2846 824 2916 probitatem,
853 2846 1035 2903 claros
1065 2847 1123 2903 in
1158 2850 1359 2920 primis
1382 2868 1449 2907 ac
1480 2852 1702 2919 beatos,
1724 2852 2105 2925 omniumque

456 2933 572 2991 Deo
604 2934 999 3005 charissimos,
1049 2938 1377 2995 admirabili
1430 2941 1681 3011 quadam
1731 2942 1989 3014 ipsisque
2020 2942 2104 2998 si-

462 3024 710 3079 millima
766 3024 993 3097 dignari
1045 3028 1224 3098 prole,
1284 3027 1359 3085 ita
1420 3030 1829 3086 convenienter
1869 3047 2105 3102 prorsus

2290 2404 2368 2459 H'.
2403 2400 2618 2473 Ἐπειδή
2668 2403 2769 2477 γάρ
2820 2397 2929 2457 ἔδει
2976 2402 3067 2457 τὸν
3124 2402 3239 2475 μὲν,
3275 2404 3359 2463 οἷς
3410 2400 3629 2475 ἄριστος
3693 2397 3852 2473 ἔμελ-

2218 2490 2309 2547 λεν
2337 2491 2543 2548 ἔσεσθαι
2575 2492 2663 2548 καὶ
2696 2494 2832 2547 πάνυ
2879 2514 2963 2547 τοι
3013 2490 3277 2570 προῦχων
3328 2491 3732 2567 παραπλησίων
3771 2512 3853 2545 τυ-

2216 2588 2335 2657 χεῖν
2388 2583 2477 2636 καὶ
2520 2582 2784 2657 πατέρων,
2834 2583 2907 2643 ὡς
2956 2578 3017 2636 ἃν
3066 2583 3215 2654 αὐτῷ
3280 2581 3620 2655 πανταχόθεν
3655 2578 3739 2650 ε’ίη
3795 2580 3851 2633 τὸ

2216 2669 2495 2744 εὔδαιμον,
2529 2669 2636 2727 ἔδει
2669 2669 2728 2727 δὲ
2757 2671 2893 2727 κατᾶ
2924 2673 3017 2727 τὸν
3047 2671 3210 2726 αὐτὸν
3244 2671 3409 2747 λόγον
3441 2671 3529 2725 καὶ
3587 2676 3723 2747 σφᾶς
3771 2667 3854 2722 διὰ

2214 2764 2312 2831 τὴν
2357 2763 2453 2817 τοῦ
2516 2762 2640 2838 βίου
2696 2760 3021 2839 φιλοσοφίαν
3069 2761 3160 2816 καὶ
3189 2763 3289 2831 τὴν
3322 2762 3373 2824 ἐς
3404 2759 3576 2815 πάντα
3607 2760 3854 2835 χρηστό-

2213 2873 2369 2923 τητα,
2426 2850 2714 2925 λαμπρούς
2757 2872 2907 2913 τινας
2956 2850 3090 2926 ἄγαν
3140 2850 3231 2905 καὶ
3283 2848 3569 2921 ζηλωτοὺς
3628 2849 3855 2925 γεγονό-

2213 2962 2331 3012 τας,
2359 2942 2450 2995 καὶ
2513 2940 2752 3014 μάλιστα
2811 2941 3018 2995 πάντων
3077 2938 3376 3014 θεοφιλεῖς,
3408 2941 3730 3010 θαυμαστῆς
3776 2959 3854 2991 τι·

2212 3052 2307 3092 νος
2365 3031 2628 3103 ἠξιῶσθαι
2690 3028 2779 3085 καὶ
2836 3035 2934 3098 τῆς
2988 3034 3180 3102 γονῆς,
3211 3028 3301 3082 καὶ
3367 3025 3498 3100 μάλ’
3529 3027 3720 3089 αὐτοῖς
3753 3025 3854 3080 ἐοι-

460 3114 735 3184 utrinque
768 3115 998 3182 accidit,
1032 3118 1308 3188 alterique
1348 3119 1418 3173 ab
1468 3119 1662 3175 alteris
1695 3122 1848 3191 quod
1882 3138 1986 3193 par
2015 3125 2105 3177 est

2220 3118 2368 3180 κυίας
2394 3138 2408 3150 ·
2439 3118 2607 3196 ἄμφω
2664 3118 2869 3192 γίνεται
2924 3114 3298 3188 καταλλήλως
3322 3133 3336 3149 ’
3363 3116 3453 3171 καὶ
3496 3121 3623 3190 παρ’
3683 3115 3858 3170 ἕκατέ-

460 3202 776 3273 accipiunt,
811 3204 1184 3276 debitumque
1212 3208 1475 3263 ordinem
1507 3208 1761 3281 capiunt.
1795 3214 1941 3266 Nam
1975 3226 2106 3282 pro-

461 3292 587 3364 pria
617 3293 869 3365 quisque
899 3311 1007 3349 sua
1041 3301 1244 3352 mutuo
1274 3299 1588 3365 tradentes,
1629 3300 1991 3371 invicemque
2023 3317 2106 3356 re-

455 3381 854 3454 cipientes,sic
881 3384 1232 3440 conveniunt
1261 3388 1867 3459 penitus,utjunctim
1898 3389 2114 3460 ubique

464 3476 996 3527 commemorentur
1026 3473 1479 3549 audianturque,
1520 3485 1578 3533 et
1607 3478 1748 3546 sint,
1789 3477 1941 3549 quod
1972 3476 2114 3532 dici-

464 3565 584 3628 tur,
609 3582 637 3614 «
690 3566 892 3632 terque
938 3571 1255 3635 quaterque
1305 3567 1479 3622 beati.
1513 3588 1542 3617 ››
1594 3570 1953 3638 QuaprOpter
1980 3584 2113 3623 cum

472 3652 701 3722 publice
733 3669 797 3708 ac
829 3655 1092 3725 privatim
1134 3660 1257 3710 tum
1303 3658 1615 3727 separatim
1666 3657 1903 3729 singuli,
1948 3658 2117 3713 item-

474 3756 587 3810 que
617 3741 766 3796 inter
795 3759 857 3797 se
895 3744 1235 3815 comparati,
1269 3744 1639 3800 admirabiles
1672 3746 1923 3816 profecto
1954 3742 2112 3813 sont,

477 3830 868 3902 maximisque
911 3833 1244 3904 dignissimi
1274 3833 1586 3889 laudibus:
1638 3835 1737 3905 qui
1780 3851 1892 3889 non
1923 3841 2116 3890 essent

476 3933 615 3973 sane
647 3919 810 3987 tales,
848 3922 957 3977 nisi
988 3924 1127 3979 tales
1144 3929 1371 3992 essent;
1398 3941 1464 3979 su
1478 3928 1539 3978 nt.
1561 3927 1752 3978 autem
1778 3922 1944 3984 tales,
1970 3941 2112 3995 quo-

468 4007 623 4062 niam
652 4010 798 4065 tales
831 4015 988 4067 sunt.

544 4098 641 4154 IX.
676 4100 799 4155 Huc
831 4107 887 4156 et
915 4100 1082 4156 illiud
1114 4102 1552 4172 adjungendum
1582 4118 1596 4154 :
1622 4101 1861 4156 minime
1877 4101 2113 4172 quidem

465 4195 536 4250 ad
569 4192 844 4261 injuriam
897 4191 1155 4262 parentis
1188 4191 1379 4260 magni
1412 4189 1698 4260 Gregorii,
1732 4197 1795 4245 ut
1825 4190 2114 4261 suspicari

466 4284 773 4354 quisquam
806 4280 1047 4335 fortasse
1080 4281 1283 4350 possit,
1318 4279 1652 4350 pertinens;
1704 4296 1903 4334 verum
1938 4286 2114 4350 partes

467 4369 929 4441 hominisglorias
944 4369 1261 4424 maximum
1279 4368 1470 4439 potius
1485 4369 1788 4425 cumulum
1808 4367 2111 4439 adjiciens,

463 4475 808 4533 magnisque
854 4458 1162 4528 cujusdam
1213 4458 1440 4514 virtutis
1482 4458 1883 4513 testimonium
1916 4456 2112 4528 perbi-

2224 3231 2329 3286 ρων
2385 3209 2628 3281 ἑκάτεροι
2688 3205 2939 3282 δέχονται
2978 3208 3040 3261 τὸ
3097 3206 3259 3268 εἰκός.
3304 3207 3402 3261 Καὶ
3459 3206 3561 3274 τὴν
3609 3202 3859 3281 γιγνομὲ-

2218 3320 2314 3367 νην
2379 3294 2716 3371 λαμϐάνουσι
2772 3297 2954 3367 τάξιν·
3012 3297 3080 3351 τὰ
3123 3298 3223 3369 γάρ
3283 3294 3350 3363 δὴ
3422 3294 3634 3372 σφέτερ’
3687 3293 3855 3349 αὐτῶν

2222 3385 2496 3457 ἀλλήλοις
2545 3383 2927 3457 ἀντιδιδόντες,
2971 3384 3060 3440 καὶ
3106 3389 3237 3458 παρ’
3272 3382 3540 3455 ἀλλήλων
3600 3381 3859 3453 ἀντιλαμ-

2225 3472 2497 3545 ϐάνοντες,
2554 3474 2696 3530 οὕτω
2748 3475 2992 3545 καθάπαξ
3068 3469 3478 3546 συμϐαίνουσιν,
3536 3474 3614 3535 ὡς
3670 3471 3865 3527 συλλα-

2225 3565 2436 3621 λεῖσθαι
2482 3565 2570 3618 καὶ
2614 3566 3019 3633 συνακούεσθαι,
3070 3588 3099 3615 ‹‹
3149 3564 3512 3637 τρισμάκαρες
3554 3558 3705 3626 ὄντες
3739 3585 3763 3611 ι)
3793 3560 3863 3619 ὼς

2223 3652 2391 3708 εἷπεῖν
2449 3652 2537 3707 καὶ
2592 3653 2879 3726 τετράκις·
2938 3649 3050 3705 ἄνθ’
3102 3651 3177 3706 ὢν
3235 3651 3325 3706 καὶ
3394 3654 3548 3723 κοινῇ
3612 3650 3702 3705 καὶ
3759 3646 3865 3716 ἰδίᾳ

2223 3742 2313 3797 καὶ
2369 3743 2487 3797 καθ’
2518 3743 2710 3803 αὐτοὺς
2768 3740 2962 3814 ἀμέλει
3018 3739 3107 3794 καὶ
3147 3741 3283 3815 πρὸς
3315 3738 3631 3809 ἀλλήλους,
3660 3741 3859 3810 θαυμα-

2225 3837 2365 3895 στῶς
2424 3832 2555 3886 εἷσιν
2635 3829 2871 3906 ἔχοντες,
2928 3830 3017 3885 καὶ
3095 3828 3362 3906 μεγίστων
3438 3823 3712 3904 ἀξιόχρεῳ
3759 3830 3862 3881 τῶν

2225 3922 2481 3991 ἐπαίνων,
2514 3920 2612 3976 οὐκ
2666 3919 2747 3987 ἃν,
2780 3919 2926 3982 ὄντες
2974 3924 3210 3974 τοιοῦτοι
3276 3921 3352 3990 μή
3407 3923 3651 3973 τοιοῦτοι
3690 3937 3748 3991 γε
3778 3910 3862 3969 3v-

2221 4032 2307 4073 τες
2336 4031 2347 4042 ·
2380 4015 2596 4065 τοιοῦτο
2629 4007 2686 4064 δὲ
2717 4009 2886 4077 ὄντες,
2919 4010 2998 4064 ἅτ’
3038 4005 3184 4070 ὄντες
3209 4013 3472 4064 τοιοῦτοι.

2295 4107 2366 4155 9'.
2393 4102 2466 4155 Ού
2524 4102 2631 4170 μὴν
2684 4098 2829 4154 ἀλλᾶ
2882 4098 3101 4153 κάκεῖνο
3159 4097 3473 4173 προσθεῖναι
3506 4092 3626 4150 δεῖυ
3660 4097 3762 4151 οὐκ
3790 4094 3861 4152 εἰς

2224 4186 2454 4251 ὄνειδος,
2488 4189 2561 4249 ὡς
2620 4187 2680 4242 ἄν
2739 4208 2820 4249 τις
2878 4184 3105 4254 εῗκάσαι,
3140 4185 3301 4261 φὲρον
3361 4189 3441 4257 τῷ
3487 4188 3584 4238 τοῦ
3622 4181 3858 4259 μεγάλου

2224 4279 2410 4352 πατρὶ,
2443 4275 2588 4332 ἀλλά
2637 4278 2724 4331 καὶ
2780 4272 2988 4351 σφόδρα
3045 4274 3422 4346 ξυναιρόμενον
3480 4274 3617 4334 παὸς
3665 4274 3729 4341 ἢν
3771 4273 3863 4326 κέ-

2222 4386 2416 4437 κτηται
2474 4363 2651 4436 δόξαν,
2683 4365 2770 4419 καὶ
2829 4365 2896 4417 τὰ
2956 4361 3145 4438 μεγάλ’
3203 4362 3348 4434 αὐτῷ
3408 4365 3746 4435 μαρτοροῦν·
3806 4362 3864 4421 ὃς

2224 4455 2270 4510 εί
2327 4456 2415 4509 καὶ
2474 4452 2543 4508 δι’
2575 4455 2647 4508 ὧν
2707 4454 2935 4527 πρόσθεν
2985 4452 3231 4525 ἐνόμιζεν
3288 4450 3661 4526 ἀντιπράττειν
3690 4447 3863 4504 ἐδόκει

460 4550 623 4608 bene.
666 4550 1008 4620 Quanquam
1056 4546 1212 4602 enim
1264 4547 1528 4619 pristinis
1578 4547 1703 4602 suis
1753 4546 1907 4601 circa
1943 4562 2108 4603 sacra

2220 4549 2352 4616 Θεῷ,
2386 4541 2533 4599 ἀλλὰ
2590 4526 2764 4596 δι’ὧν
2828 4538 3104 4596 ἐπεδείκνυ
3162 4545 3280 4600 τοῖς
3339 4536 3521 4615 ἔργοις
3582 4540 3859 4612 συμπράτ-

463 4639 838 4713 opinionibus
869 4637 985 4694 Deo
1009 4638 1299 4693 adversari
1329 4637 1490 4693 visus
1521 4640 1666 4706 erat,
1699 4653 1795 4707 per
1816 4652 1880 4692 ea
1910 4640 2105 4692 tamen

466 4748 592 4803 qua
642 4727 913 4801 operibus
961 4726 1103 4799 ipsis
1145 4727 1457 4798 spectanda
1494 4725 1778 4795 exhibuit,
1829 4726 2110 4796 quodam-

466 4821 638 4877 modo
695 4834 830 4875 cum
881 4815 979 4873 illo
1028 4816 1215 4873 facere
1261 4816 1658 4873 sentiebatur:
1712 4825 1766 4871 et
1810 4831 1945 4871 cum
1996 4815 2113 4870 alia

463 4908 661 4964 omnia
692 4908 888 4963 animo
920 4906 1183 4972 sentiret,
1217 4904 1389 4961 rebus
1420 4905 1562 4974 ipsis
1597 4920 1865 4961 arcanam
1901 4906 2109 4961 nostra

468 4997 768 5069 religionis
817 4993 1297 5067 signiﬁcationem
1336 4993 1486 5065 {dare
1533 4993 1856 5060 videbatur,
1912 4993 1993 5049 ita
2051 4999 2115 5048 ut

468 5085 650 5143 nihilo
700 5085 888 5142 secius
946 5085 1241 5140 actionum
1283 5099 1526 5138 suarum
1575 5084 1875 5139 alrectioue
1921 5084 2115 5138 noster

467 5182 638 5244 esset,
672 5191 847 5246 quam
880 5173 1038 5231 cultu
1070 5188 1361 5229 sacrorum
1386 5169 1631 5227 alienus.
1656 5173 1762 5238 Qui
1787 5172 1940 5227 enim
1971 5188 2113 5242 prae-

468 5273 807 5336 occupatum
852 5263 1345 5337 Hypsistariorum
1397 5261 1598 5318 heresi
1646 5261 1903 5317 animum
1951 5276 2112 5332 gere-

468 5354 584 5423 bat,
629 5368 804 5425 quam
847 5353 997 5409 luem
1023 5356 1303 5424 tanquam
1338 5354 1560 5424 partem
1584 5351 1838 5421 aliquam
1863 5354 2114 5421 paternae

468 5444 820 5501 haereditatis
869 5448 1160 5512 creverat;
1209 5446 1430 5516 postea,
1464 5461 1495 5497 ο
1537 5442 1875 5498 admiranda
1896 5440 1997 5497 Dei
2022 5441 2116 5511 ju-

467 5537 639 5606 dicia,
673 5558 701 5586 «
735 5534 834 5605 qui
869 5534 1002 5590 facit
1029 5533 1227 5591 omnia
1246 5533 1739 5603 transformatque
1766 5530 1809 5601 ’,
1830 5552 1858 5579 »
1881 5528 2003 5586 solo
2030 5546 2114 5585 ar-

539 5715 562 5751 ³
589 5716 787 5772 Amos.
819 5728 872 5783 ν,
903 5712 957 5767 8.

2215 4654 2322 4687 των
2380 4654 2498 4695 πως
2549 4632 2693 4703 αὐτῷ
2753 4632 2998 4704 ἓωρᾶτοο
3033 4630 3120 4684 καὶ
3155 4628 3410 4684 τάναντία
3469 4632 3686 4705 φρονῶν
3744 4630 3864 4686 τοῖς

2221 4717 2399 4798 ἔργοις
2453 4721 2513 4776 τὸ
2562 4721 2679 4774 καθ’
2710 4722 2857 4793 ἡμᾶς
2917 4717 3310 4790 ὑποσημαίνειν
3369 4713 3578 4771 ἐδόκει·
3621 4715 3731 4789 οὐχ
3775 4716 3865 4783 ἧτ-

2220 4832 2313 4866 τον
2345 4811 2450 4865 ἀπὸ
2487 4814 2584 4865 τοῦ
2637 4806 2980 4881 διακειμένου
3033 4811 3138 4861 τῶν
3189 4801 3362 4882 ἔργων
3401 4803 3669 4878 ἡμέτερος
3701 4801 3796 4871 ὢν,
3826 4802 3860 4870 ἢ

2223 4899 2311 4956 διὰ
2339 4901 2401 4955 τὸ
2433 4893 2591 4962 σέϐας
2620 4896 2910 4971 ἀλλότριος
2935 4916 2947 4929 ο
2980 4896 3043 4951 τὸ
3091 4895 3193 4971 γὰρ
3242 4893 3707 4972 προκατειλῆφθαι
3769 4892 3861 4965 μὶν

2220 4995 2288 5064 τῇ
2346 4994 2454 5044 τῶν
2520 4985 2876 5062 Ὑψισταρίων
2950 4982 3189 5059 αἱρέσει·
3243 4983 3333 5038 καὶ
3407 4982 3607 5052 ταύτην
3683 4979 3861 5053 ὥσπερ

2223 5078 2398 5134 ἄλλον
2427 5078 2548 5134 τινὰ
2578 5075 2783 5151 κλῆρον
2832 5081 3082 5152 πατρῷον
3135 5071 3482 5149 διαδεδέχθαι
3538 5073 3634 5141 τήν
3690 5072 3860 5138 νόσον,

2223 5162 2410 5237 ἔπειτ’,
2443 5165 2487 5222 ὣ
2518 5170 2651 5223 Θεοῦ
2682 5165 2963 5239 κριμάτων
2993 5165 3004 5219 !
3030 5187 3060 5217 «
3090 5167 3185 5217 τοῦ
3217 5160 3390 5218 πάντα
3439 5164 3725 5221 ποιοῦντος
3775 5156 3859 5213 καὶ

2228 5256 2712 5330 μετασκευάζοντοε
2747 5278 2777 5306 »
2812 5256 2965 5326 μόνῳ
3004 5258 3081 5325 τῷ
3141 5251 3452 5327 βούλεσθαι,
3482 5258 3582 5319 τῆς
3640 5249 3733 5320 μὲν
3787 5247 3858 5307 ὡς

2226 5347 2600 5421 πονηροτάῖης
2646 5344 3037 5417 κατεγνωκέναι
3083 5363 3141 5398 τε
3187 5340 3277 5396 καὶ
3342 5346 3607 5414 μισῆσαι*
3649 5336 3738 5392 καὶ
3784 5335 3857 5409 μή

2229 5436 2392 5509 μόνον
2425 5434 2554 5489 αὐτὸ
2583 5436 2741 5489 τοῦτο
2773 5434 2985 5508 χαίρειν
3036 5431 3208 5501 ἐάσαι,
3249 5428 3395 5485 ἀλλὰ
3439 5430 3528 5484 καὶ
3574 5428 3669 5498 τῆς
3720 5425 3856 5499 μνή-

2229 5546 2336 5597 μης
2382 5524 2717 5579 παντάπασιν
2767 5520 2988 5596 ἐξελεῖν,
3019 5521 3108 5576 καί
3159 5515 3290 5594 μηδ’
3337 5520 3583 5587 ἡντινοῦν
3632 5510 3705 5571 ἔτ’
3757 5512 3859 5568 αὐ-

2437 5602 2459 5620 υ
