4092 6300
233 407 343 468 225

1238 412 1638 480 LAUDATIO
1684 415 1746 478 S.
1793 411 2168 480 GREGOItlI
2213 411 2630 479 THEOLOGI.

3511 421 3628 484 226

231 545 326 607 τῆς
353 536 560 595 ἔννοιαν
593 548 754 618 σχεῖν
787 561 801 574 ·
837 543 982 600 οὕτω
1035 544 1092 601 δὲ
1135 548 1372 623 γνησίως
1414 569 1505 604 και
1565 551 1701 622 μετά
1753 569 1875 604 τοσ-

1995 551 2162 608 bitrio
2215 567 2358 616 suo;
2409 552 2493 607 ita
2541 554 2688 608 hanc
2746 551 2932 624 ipsam
2983 558 3050 610 ut
3107 555 3635 627 pestilentissimam

230 628 394 697 αὑτης
449 629 822 703 εἶλικρινείας,
872 632 1052 706 ὥσπερ
1111 635 1170 691 ἐκ
1230 635 1377 692 δυοῖν
1415 635 1629 702 ,ποδοῖν
1685 640 1746 692 τὸ
1784 642 1880 692 τοῦ

232 714 510 790 λόγουτῷ
551 722 782 796 Χριστῷ
831 732 1252 800 προσχωρῆσαι,
1311 731 1386 788 ὡς
1437 728 1526 781 καὶ
1583 735 1681 796 τῆς
1731 727 1879 782 εὐσε-

232 799 384 869 ϐείας
415 807 649 863 καὶτῶν
696 817 796 880 τῆς
845 799 1114 876 εὐσεϐείας
1173 813 1479 890 δογμάτων,
1511 818 1576 884 ἧς
1631 813 1880 889 ἐῤῥωμε-

228 895 460 950 νὲστατα
514 896 732 952 πάντων
791 897 1124 958 ἀντεποιεῖτο
1176 922 1190 937 ·
1249 905 1336 959 καὶ
1420 905 1728 976 θαυμαστὸς
1805 906 1881 982 ἧγ

229 983 485 1055 ἀθλητής
526 990 638 1042 τῶν
682 989 972 1062 τοιούτων,
1009 995 1198 1066 μισθὸν
1257 996 1488 1070 ὡσπερεί
1536 995 1876 1067 κεκομίσθαι,

231 1073 337 1140 τήν
365 1073 478 1127 τῶν
507 1073 746 1150 λογικῶν
777 1083 876 1134 τοῦ
926 1087 1158 1155 Χριστοῦ
1211 1083 1538 1157 θρεμμάτων
1585 1103 1873 1156 ποιμαντι-

226 1161 337 1228 κήν
366 1161 721 1234 προστασίαν,
753 1166 842 1220 καὶ
892 1168 966 1222 ὧν
1013 1169 1148 1232 τὲως
1193 1170 1402 1244 ἠγνόει,
1457 1172 1667 1227 τούτων
1711 1167 1876 1226 ἔπειτ’

230 1249 398 1304 αὑτὸν
429 1246 780 1324 διδάσκαλον,
830 1261 946 1318 τοῖς
995 1255 1192 1319 ἄλλοις
1237 1260 1329 1313 καὶ
1376 1257 1670 1328 παιδευτὴν
1719 1280 1879 1314 κατα-

231 1345 454 1406 στῆναι.
491 1342 596 1405 Διᾶ
629 1339 696 1410 δή
736 1343 945 1399 τούτων
980 1345 1248 1414 ἁπάντων,
1285 1344 1476 1417 ἔδειξεν
1526 1347 1762 1423 ἐναργῶς
1801 1347 1875 1410 ὡς

231 1428 302 1481 οὗ
328 1436 652 1507 κακουργῶν
680 1433 770 1487 καὶ
819 1435 1274 1508 πονηρευόμενος,
1325 1434 1439 1491 οὐδ’
1487 1437 1562 1498 ὡς
1621 1438 1680 1491 ἂν
1738 1457 1877 1500 τινες

229 1513 548 1592 φιλονεικίᾳ
591 1522 681 1575 καὶ
729 1522 1014 1592 σκαιότητι
1061 1525 1314 1599 γνώμης,
1353 1525 1416 1580 τὸ
1460 1523 1656 1600 ψεῦδος
1701 1525 1878 1596 τάλη-

229 1608 360 1668 θοῦς
409 1615 723 1683 προτιμῶν,
755 1609 1030 1668 δυσσεϐὦν
1078 1615 1399 1691 ἐγνωρίζετο
1432 1637 1443 1646 ·
1499 1616 1626 1672 ἀλλ’
1676 1617 1750 1670 ὧν
1797 1615 1880 1672 δεῖ

230 1703 454 1771 ᾳρονεῖν
482 1699 794 1774 ἐπιστήμην
819 1702 918 1757 οὐκ
938 1697 1103 1779 ἔχων,
1136 1702 1248 1760 οὐδ’
1297 1706 1330 1760 ἃ
1394 1703 1612 1762 διώκειν
1659 1704 1876 1782 ἰγνώκει

229 1787 378 1840 ταῦθ’
409 1787 568 1850 ὅπως
596 1787 841 1866 φεύξεται
872 1791 1126 1866 ξυνορῶν.

1995 657 2266 711 perosum
2301 641 2688 709 damnavisse,
2722 658 2823 696 nec
2855 643 3158 714 reliquisse
3209 649 3401 716 modo,
3435 665 3634 704 verum

1991 731 2224 803 penitus
2273 731 2446 786 etiam
2511 736 2578 786 de
2631 733 2914 790 memoria
2961 736 3257 806 revulisse,
3304 741 3374 796 de
3419 739 3637 811 illaque

1991 820 2142 878 haud
2179 821 2352 878 ullam
2379 823 2628 894 amplius
2657 825 2986 896 suscepisse
3023 827 3438 899 cogitationem
3474 848 3488 885 :
3521 842 3636 886 tum

1988 925 2122 965 vero
2161 925 2191 966 e
2221 911 2507 968 contrario
2539 913 2652 967 fide
2680 913 2823 969 adeo
2853 915 3078 986 integra
3109 933 3175 972 ac
3205 917 3632 988 sincera,‘velut

1989 1001 2235 1070 utroque
2267 1000 2428 1071 pede,
2453 1002 2604 1072 quod
2637 1001 2938 1074 proverbio
2969 1003 3202 1070 dicitur,
3235 1007 3302 1062 ad
3337 1007 3630 1064 Christum

1988 1103 2119 1143 sese
2166 1089 2504 1156 contulisse,
2538 1098 2597 1145 ut
2645 1089 2878 1162 pietatis
2929 1109 3074 1162 sure,
3108 1111 3366 1168 veraeque
3406 1097 3636 1168 pietatis

1987 1177 2286 1244 doctrinm,
2319 1195 2494 1248 quam
2527 1179 2809 1235 acerrimo
2827 1181 3159 1252 complexus
3189 1185 3406 1254 studio,
3433 1202 3638 1242 sacro-

1987 1281 2115 1320 rum
2165 1265 2479 1322 illiusmodi
2533 1269 2796 1326 retulerit
2845 1271 3195 1341 pastoralem
3231 1275 3634 1344 praefecturam

1988 1355 2355 1410 rationalium
2405 1357 2615 1414 Christi
2665 1360 2878 1426 ovium,
2931 1375 3271 1432 eorumque,
3321 1379 3450 1436 quas
3507 1365 3634 1436 ipse

1988 1448 2156 1499 antea
2208 1445 2513 1514 nescierat,
2546 1447 2819 1518 magister
2868 1449 2996 1504 aliis
3027 1451 3342 1523 ductorque
3368 1455 3630 1522 evaserit,

1987 1532 2210 1598 Quibus
2241 1533 2522 1590 universis
2555 1552 2870 1609 sanequam
2906 1539 3280 1596 manifestum
3330 1541 3482 1610 fecit,
3517 1560 3630 1600 non

1988 1621 2104 1678 ulla
2135 1640 2195 1678 se
2223 1624 2617 1694 perversitate,
2651 1627 2916 1700 malaque
2945 1629 3163 1685 malitia
3191 1631 3502 1701 peccando,
3531 1650 3634 1690 nec

1989 1709 2228 1768 libidine
2277 1713 2592 1769 altercandi
2634 1715 2933 1788 animique
2965 1721 3278 1790 pravitate,
3312 1737 3471 1777 more
3501 1738 3640 1794 quo.

1986 1801 2278 1863 rumdam,
2313 1817 2442 1857 vero
2495 1803 2708 1859 falsum
2757 1806 3135 1877 prart‘erendo,
3165 1807 3488 1867 voluntaria
3519 1811 3637 1867 im-

227 1877 440 1946 pietate
487 1879 776 1951 insignem
821 1884 1045 1940 fuisse:
1081 1901 1276 1942 verum
1309 1887 1573 1943 rectioris
1603 1886 1898 1942 sententias
1950 1887 2218 1960 ignarum
2271 1890 2428 1947 haud
2479 1896 2803 1965 perspicere
2852 1897 3111 1967 potuisse
3161 1899 3433 1970 fugienda
3482 1917 3634 1970 esse,

227 1981 350 2036 qua
383 1967 516 2036 ipse
544 1969 658 2024 sibi
689 1972 964 2027 sectanda
998 1983 1394 2045 preposuerat.

291 2055 350 2108 I'.
383 2057 551 2109 Ταῦτ’
583 2055 687 2130 ἄρα
743 2059 831 2112 καὶ
875 2059 1003 2132 πρὶν
1057 2063 1160 2130 τήν
1189 2063 1502 2136 θαυμαστήν
1534 2069 1733 2140 ταύτην
1766 2069 1871 2126 ἀλ-

2052 2073 2117 2129 Χ.
2154 2075 2258 2129 Per
2289 2073 2408 2128 haec
2441 2074 2635 2144 itaque
2665 2074 2886 2144 omnia,
2917 2077 3090 2131 etiam
3143 2078 3479 2150 priusquam
3514 2080 3632 2136 mi-

231 2141 462 2199 λοίωσιν
494 2145 843 2214 ἠλλοιῶσθαι
875 2151 965 2203 καὶ
1005 2153 1140 2224 πρὸς
1167 2154 1234 2207 τὰ
1283 2154 1484 2226 βελτίω
1529 2156 1877 2234 μεταϐαλεῖν,

230 2236 323 2286 τοῦ
350 2235 478 2288 καθ’
501 2236 655 2307 ἡμᾶς
685 2237 758 2298 ὡς
785 2237 955 2292 εἰπεῖν
995 2239 1062 2309 ἦν
1107 2239 1384 2317 συνεδρίου
1422 2267 1434 2278 ·
1488 2245 1704 2310 οὐδενὸς
1752 2257 1880 2324 γοῦν

236 2325 339 2375 τῶν
400 2323 570 2377 θείων
627 2323 1037 2403 ἐπιταγμάτων,
1084 2333 1147 2385 τὸ
1203 2337 1329 2408 γοῦν
1385 2335 1463 2400 εἷς
1514 2339 1675 2394 αὐτὸν
1742 2323 1878 2410 ἧκον

243 2410 546 2504 ὑπερεώρα,
605 2411 754 2504 ἀλλᾶ
807 2420 970 2470 πᾶσιν
1029 2418 1218 2482 ἁπλῶς
1266 2418 1495 2480 ἐπέϐαλε
1550 2434 1732 2504 χεῖρα,
1794 2432 1880 2485 καί

241 2501 330 2566 τὴν
392 2503 591 2575 ψυχὴν
638 2503 755 2578 εἶχε
806 2509 1006 2578 μεστήν
1055 2509 1282 2584 ἀρετῶν,
1327 2515 1416 2567 καὶ
1467 2501 1588 2571 οἷον
1629 2501 1684 2573 εὖ
1752 2541 1882 2596 παρ-

247 2591 640 2664 εσκευασμένην
679 2595 812 2669 πρὸς
848 2597 948 2664 τήν
989 2603 1085 2667 τῆς
1138 2597 1395 2671 ἀληθείας
1450 2605 1742 2682 ἐπίγνωσιν
1793 2615 1880 2667 καὶ

244 2679 589 2774 τιῖδνᾼόρθῶν-
637 2679 927 2774 δογμάτων
973 2685 1280 2764 ὑποδοχὴν,
1341 2693 1417 2758 εἰς
1467 2679 1670 2766 ἦνκαὶ
1714 2700 1884 2774 προῦ-

243 2765 418 2838 κλήθη
455 2771 604 2844 παρὰ
633 2769 730 2825 τοῦ
771 2797 800 2825 ‹‹
830 2772 1139 2839 πλάσαντος
1169 2765 1614 2853 καταμόναςῗτὰς
1661 2765 1885 2864 καρδίας

235 2858 393 2951 ημῶν
565 2859 836 2951 συνιέντος
866 2862 942 2926 εἰς
981 2865 1154 2922 πάντα
1198 2870 1264 2924 τὰ
1302 2865 1436 2946 ἔργα
1465 2875 1648 2947 ἡμῶν,
1679 2899 1704 2930 ι
1737 2858 1885 2951 ’ἐμοὶ

235 2941 412 3000 δοκεῖν
466 2946 571 3002 οὐκ
625 2949 988 3025 ἀνεχομένου,
1025 2957 1152 3026 μήτ’
1205 2958 1370 3013 αὐτὸν
1425 2967 1676 3020 τοιοῦτον
1733 2965 1880 3036 ὄντα,

233 3034 321 3088 καὶ
379 3033 561 3098 οὕτως
619 3032 818 3113 ἔχοντα
872 3041 1100 3116 γνώμης
1169 3045 1566 3122 ἐγκαταλιπεῖν,
1621 3056 1712 3109 καὶ
1803 3058 1882 3130 μὴ

234 3125 361 3196 παρ’
425 3124 623 3180 ἑαυτοῦ
668 3131 861 3183 τοῦτον
897 3129 1086 3202 ἐντελῆ
1143 3144 1475 3200 καταστῆσαι
1531 3147 1648 3204 τοῖς
1703 3143 1883 3218 ὅλοις,

235 3212 322 3266 καί
355 3215 480 3266 οἷον
511 3212 708 3288 ἐχρῆν,
745 3218 878 3290 μήτ’
903 3217 968 3272 αὖ
997 3220 1242 3296 παριδεῖν
1275 3226 1374 3295 τήν
1420 3225 1558 3283 ἰδίαν
1611 3212 1880 3307 κληρονολ

241 3302 365 3373 μίαν
401 3299 599 3377 ἀνδρὸς
649 3304 886 3361 ἐπιπολὺ
936 3313 1265 3385 στερομένην
1309 3319 1584 3388 τοιούτου,
1615 3299 1762 3377 ἀλλᾶ
1788 3323 1882 3380 τὸν

237 3390 405 3446 πάλαι
463 3395 818 3466 προσήκοντα
872 3397 1078 3470 κόσμον
1146 3401 1282 3476 αὐτῇ
1365 3407 1705 3482 κεχαρίσθαι,
1791 3413 1882 3468 καὶ

237 3486 466 3552 τιμῆσαι
517 3481 622 3548 τήν
683 3483 778 3554 μὲν
835 3487 905 3558 τῇ
961 3485 1123 3542 τοῦδε
1179 3481 1513 3568 προσθήκῃ,
1549 3515 1640 3551 τον
1702 3496 1757 3555 δὲ
1802 3506 1882 3573 τῷ

237 3569 673 3660 προσαγαγέσθαι
731 3571 822 3626 καὶ
881 3574 1212 3648 προσλαϐεῖν
1275 3580 1364 3634 καὶ
1413 3583 1573 3660 φίλον
1601 3587 1690 3641 καὶ
1723 3569 1880 3645 '15:}.-

238 3658 329 3732 τὸν
385 3659 478 3712 καὶ
539 3659 766 3728 οἰκεῖον,
823 3663 913 3716 καὶ
969 3666 1032 3720 τὸ
1102 3667 1377 3744 μέγιστον,
1426 3658 1883 3753 -συγκληρονόμον

236 3746 321 3800 καί
347 3747 417 3802 τὰ
443 3752 675 3803 τοιαῦτα
695 3749 991 3826 εἷργάσθαι.

308 4015 414 4070 ῙΑ’.
454 4019 714 4079 Τοιοῦτος
774 4019 868 4091 μὲν
919 4017 984 4091 δὴ
1034 4027 1375 4104 τοκαταρχᾶς
1437 4035 1739 4110 Γρηγόριος
1784 4034 1880 4108 ὢν,

236 4108 490 4166 τοιοῦτος
546 4106 684 4175 ἡμῖν
766 4105 933 4162 ἔπειθ’
1005 4110 1260 4186 ὑπῆρξεν,
1318 4117 1446 4172 ὥσθ’
1496 4105 1648 4176 ἕνεκα
1706 4105 1883 4202 λὸγων

238 4193 424 4263 ἱερῶν,
483 4193 574 4246 καὶ
629 4199 739 4249 τῶν
795 4196 847 4250 ἐν
903 4198 1121 4263 τούτοις
1177 4206 1466 4280 νομίμωνο
1525 4211 1613 4265 καὶ
1670 4193 1798 4282 τοῦ,
1830 4216 1883 4269 τί

243 4281 337 4351 μὲν
362 4279 700 4350 Ἑκκλησίας
728 4286 945 4356 θεσμὸς,
985 4289 1038 4342 τί
1076 4288 1132 4346 δὲ
1173 4296 1366 4372 ψυχῶν
1425 4279 1835 4372 προϐεϐλῆσθαι
1869 4324 1883 4338 ο

239 4371 328 4423 καί
362 4369 515 4432 ὅλως
544 4371 676 4440 τίσι,
733 4375 822 4428 καὶ
873 4377 960 4431 ὅτε
993 4395 1007 4408 ·
1039 4381 1128 4434 καὶ
1184 4369 1346 4438 τίνων
1407 4369 1490 4441 δεῖ
1531 4392 1639 4443 τῶν
1670 4393 1888 4468 φαρμά-

241 4478 352 4511 κων
388 4477 402 4489 ·
438 4460 533 4512 καί
568 4462 783 4516 πάντων
822 4464 896 4524 ὡς
943 4466 1111 4522 εἰπεῖν
1160 4474 1266 4525 τῶν
1321 4475 1610 4544 τοιούτων,
1655 4460 1748 4534 ἵνα
1807 4483 1884 4554 μὴ

241 4547 578 4602 καθεκαστον
624 4547 790 4626 λέγω,
851 4552 1045 4627 μηδενῖ
1093 4563 1204 4612 τῶν
1261 4561 1525 4634 ἁπάντων,
1575 4564 1886 4642 ὑπερϐολήν

243 4634 586 4694 λελοιπέναι.
640 4640 841 4712 Νόννης
898 4643 955 4699 δὲ
1011 4646 1134 4721 πέρι
1201 4657 1302 4720 τῆς
1355 4655 1530 4710 πάντα
1584 4634 1760 4729 καλῆς
1798 4662 1882 4715 καὶ

1973 2163 2155 2220 -rabili
2211 2163 2308 2217 illa
2356 2165 2675 2218 mutatione
2727 2169 3000 2232 mutatus,
3033 2174 3089 2220 et
3136 2168 3208 2222 ad
3251 2169 3486 2225 meliora
3515 2175 3629 2224 tra-

1988 2255 2201 2310 ductus
2249 2259 2420 2313 esset.
2464 2254 2644 2308 nostri
2688 2254 2835 2323 jam,
2887 2261 2951 2308 ut
2995 2257 3075 2310 ita
3125 2256 3335 2325 dicam,
3369 2259 3639 2330 Synedrii

1993 2349 2132 2399 erat.
2168 2343 2366 2414 Itaque
2418 2343 2644 2398 nullum
2694 2343 2790 2398 ille
2837 2343 3165 2401 divinorum
3202 2353 3636 2418 pneceptorum,

1991 2439 2273 2503 quintum
2325 2438 2562 2501 poterat,
2617 2434 3066 2502 praetermittere,
3117 2451 3312 2490 verum
3363 2438 3637 2493 omnibus

1992 2520 2337 2592 simpliciter
2365 2536 2598 2575 manum
2649 2521 2972 2587 admovere,
3005 2523 3380 2595 animumque
3414 2526 3642 2580 virtuti-

1995 2610 2100 2665 bus
2148 2608 2442 2668 refertum.
2475 2614 2530 2664 et
2578 2609 2720 2665 bene
2755 2610 2922 2680 quasi
2955 2617 3340 2682 praeparatum
3384 2615 3453 2668 ad
3487 2615 3637 2669 veri-

1992 2698 2129 2754 tatis
2182 2696 2645 2768 intelligentiam,
2689 2706 3093 2770 rectorumque
3127 2701 3462 2773 dogmatum
3508 2718 3638 2758 sus-

1995 2788 2318 2860 ceptionem
2353 2787 2577 2843 aﬂ'erre.
2605 2790 2683 2843 Ad
2735 2805 2912 2859 quam
2962 2790 3137 2845 etiam
3171 2800 3406 2846 vocatus
3437 2793 3509 2848 ab
3539 2791 3638 2848 illo

1995 2883 2103 2946 est,
2139 2898 2169 2928 «ι
2209 2878 2308 2948 qui
2344 2877 2508 2933 finxit
2537 2875 2840 2948 sigillatim
2872 2879 3043 2934 corda
3074 2883 3273 2935 nostra
3319 2881 3418 2952 qui
3449 2881 3642 2938 anim-

1995 2968 2236 3023 advertit
2285 2965 2359 3022 ad
2404 2967 2592 3022 omnia
2639 2983 2814 3038 opera
2845 2969 3082 3025 nostra'.
3117 2991 3145 3018 »
3177 2969 3400 3042 Quippe
3432 2971 3556 3043 qui,
3585 2975 3649 3026 ut

1997 3055 2136 3111 mihi
2186 3055 2431 3122 videtur,
2465 3056 2582 3127 pati
2630 3056 3080 3130 haudquaquam
3116 3067 3362 3130 poterat,
3395 3066 3456 3116 ut
3485 3061 3644 3130 ejus-

1995 3145 2146 3200 modi
2180 3145 2366 3200 virum
2399 3145 2595 3216 itaque
2625 3145 2970 3216 animatum,
3014 3149 3072 3202 in
3104 3165 3267 3204 emno
3316 3165 3422 3204 suo
3463 3150 3640 3204 relin-

1992 3241 2215 3304 queret,
2249 3251 2315 3290 ac
2344 3251 2455 3289 non
2492 3235 2681 3305 potuis
2712 3252 2820 3292 sua
2844 3235 3028 3307 ipsius
3058 3253 3164 3307 cpe
3183 3235 3349 3293 illum
3381 3239 3538 3294 omni
3572 3253 3641 3294 ex

1992 3327 2154 3394 parte
2187 3323 2526 3393 perfectum,
2556 3333 2608 3377 et
2639 3323 2872 3394 qualem
2903 3341 3032 3381 esse
3061 3326 3324 3397 decebat,
3346 3327 3638 3382 efﬁceret:

1913 3437 1956 3503 ρ
1995 3426 2183 3481 neque
2231 3427 2436 3467 rursus
2480 3411 2922 3468 dissimulanter
2951 3413 3120 3481 ferre,
3153 3419 3218 3471 ut
3257 3415 3354 3470 diu
3389 3417 3483 3472 tali
3519 3416 3640 3471 viro

1996 3502 2138 3554 orba
2170 3501 2475 3556 haereditas
2509 3519 2616 3557 sua
2649 3509 2947 3572 maneret;
2981 3505 3236 3560 debitum
3271 3507 3463 3576 itaque
3488 3507 3646 3576 jam-

1996 3588 2218 3644 dudum
2251 3588 2518 3646 Ecclesirs
2553 3594 2839 3647 mundum
2869 3592 3136 3664 largitus,
3169 3597 3290 3649 tum
3331 3592 3491 3650 illam
3533 3595 3641 3649 viri

1999 3677 2169 3746 hujus
2199 3679 2528 3734 accessione
2579 3679 2964 3748 honestabat;
3001 3689 3120 3735 tum
3165 3683 3357 3754 ipsum
3388 3697 3454 3738 eo
3488 3685 3636 3754 quod

1987 3773 2147 3830 inter
2193 3784 2332 3824 suos
2377 3767 2648 3825 allectum
2695 3776 3162 3842 cooptatumque,
3215 3771 3486 3841 amicum,
3519 3773 3639 3828 fra-

1994 3865 2166 3927 trem,
2202 3858 2566 3928 familiarem,
2597 3863 2656 3914 et
2699 3861 2848 3931 quod
2898 3861 3213 3918 maximum
3242 3867 3350 3927 est,
3383 3863 3640 3918 cohere-

1995 3949 2128 4003 dem
2185 3964 2382 4014 suum,
2443 3947 2670 4020 aliaque
2719 3948 2774 4003 id
2829 3964 3037 4021 genus.
3100 3951 3353 4006 Ecclesia
3407 3952 3635 4008 faceret.

2067 4036 2534 4093 XLVerumenim
2557 4053 2688 4092 vero
2705 4038 2805 4109 qui
2821 4037 3142 4094 illiusmodi
3157 4039 3296 4094 olim
3312 4040 3494 4096 fuerat
3507 4040 3646 4096 Gre-

1997 4127 2213 4196 gorius,
2240 4131 2436 4196 postea
2458 4125 2792 4197 hujusmodi
2813 4127 2977 4184 nobis
2993 4127 3122 4194 fuit,
3142 4133 3205 4184 ut
3224 4145 3525 4185 sacrarum
3544 4130 3646 4184 Lit-

1999 4221 2279 4284 terarum,
2311 4222 2368 4270 et
2411 4232 2539 4285 quae
2592 4216 2647 4270 in
2701 4217 2770 4271 iis
2821 4217 3110 4272 habentur
3139 4219 3534 4286 sanctionum,
3567 4219 3652 4274 in-

1999 4305 2250 4374 tellectu,
2285 4311 2405 4360 tum
2440 4305 2575 4376 quid
2625 4305 2890 4360 Ecclesiae
2938 4307 3170 4362 decreta
3199 4307 3477 4375 valerent,
3509 4309 3652 4379 quid

1999 4397 2267 4464 suscepta
2289 4393 2622 4448 animarum
2657 4395 2833 4450 tutela
2865 4411 2931 4451 ue
2964 4397 3351 4466 propugnatio
3374 4398 3648 4469 exigeret.

1998 4489 2054 4535 et
2099 4483 2458 4543 summatim,
2494 4481 2734 4553 quibus,
2765 4499 2948 4553 quove
2981 4491 3263 4556 tempore,
3293 4491 3352 4540 et
3381 4501 3649 4556 quisnam

1999 4571 2192 4626 danda
2223 4576 2418 4627 essent
2450 4571 2898 4640 medicamenta;
2937 4589 3248 4646 rerumque
3281 4576 3457 4644 hujus
3487 4591 3656 4646 gene-

2000 4661 2077 4713 ris
2115 4661 2379 4715 omnium
2415 4669 2694 4732 respectu,
2725 4667 2787 4716 ut
2818 4679 2888 4717 ne
2918 4662 3221 4732 sigillatim
3252 4664 3324 4718 de
3353 4663 3425 4717 iis
3456 4678 3646 4733 agam,

241 4726 490 4798 γενναίας
539 4734 805 4820 τοσοῦτον
858 4730 1062 4812 ἔχομεν
1123 4739 1320 4816 λέγειν,
1384 4743 1572 4820 ὅτιπερ
1646 4747 1699 4802 ἐν
1777 4756 1882 4811 τοῖς

2005 4749 2152 4804 nihil
2199 4748 2470 4820 cuiquam
2521 4751 2591 4803 ad
2641 4766 2935 4805 summam
2993 4750 3390 4806 excellentiam
3444 4751 3649 4818 reliqui

244 4817 342 4877 τῆς
402 4811 683 4880 εὐσεϐείας
740 4819 1032 4893 ἀκηράτοις
1108 4826 1343 4902 λειμῶσι
1413 4834 1502 4887 καὶ
1579 4841 1717 4910 φῦσα
1799 4839 1889 4894 καὶ

244 4910 508 5002 τραφεῖσα
557 4909 654 5002 καὶ.
678 4908 1010 5002 Ααῦξηθεῖσα,
1043 4915 1104 4970 οὗ
1159 4918 1374 4982 τούτοις
1427 4908 1618 4993 μόνοις
1651 4923 1760 4981 δεῖν
1792 4928 1886 5002 μὲ·

245 5012 353 5045 νειν
381 4993 570 5065 ᾠήθη,
605 4993 722 5052 οὔδ’
752 4996 834 5078 ἐφ’
865 5000 946 5062 οἷς
969 4999 1129 5060 ἔλαϐε
1159 5014 1352 5078 στῆναι
1383 5029 1398 5042 ’
1432 5010 1556 5067 οὐδὲ
1602 5017 1664 5069 τὸ
1702 4993 1890 5072 καλεῖ.

245 5081 366 5135 σθαι
399 5083 569 5154 μόνον
599 5083 705 5139 ἀπὸ
735 5090 978 5158 Χριστοῦ
1025 5093 1115 5147 καὶ
1162 5097 1298 5168 πρὸς
1337 5100 1437 5168 τήν
1490 5101 1666 5157 πίστιν
1717 5104 1894 5181 ipsa-

245 5171 368 5224 σθαι
391 5171 643 5260 κέκρικεν
673 5173 961 5254 ἀποχρῶν,
991 5179 1119 5237 ἀλλ’
1148 5184 1195 5239 εἰ
1229 5187 1305 5258 μὴ
1341 5189 1473 5260 μετᾶ
1522 5171 1755 5247 πολλοῦ·
1781 5171 1893 5250 ’τοῦ

243 5258 560 5352 περιόντος,
591 5263 682 5318 καί
738 5266 808 5321 τὰ
866 5270 990 5345 παρ’
1045 5270 1214 5339 αὐτῆς
1259 5258 1394 5348 αὕτη
1455 5281 1718 5352 προσθείη
1755 5301 1766 5314 ·
1801 5284 1892 5338 καὶ

247 5348 368 5402 οἷον
399 5347 538 5404 εἶναι
572 5353 682 5427 χρὴ
728 5353 828 5410 κᾶν
880 5362 999 5420 τοῖς
1038 5357 1242 5436 ἔργοις,
1282 5365 1374 5419 τὸν
1424 5367 1621 5424 ἐκεῖθεν
1676 5391 1892 5445 προσει-

247 5437 488 5535 ρημένον
545 5446 998 5518 παρασκευάσειεν
1084 5450 1300 5524 ἑαυτὴν,
1381 5459 1575 5533 μικρὸν
1646 5437 1796 5535 ἔχειν
1853 5463 1888 5532 ἢ

247 5521 406 5582 οὐδὲν
451 5529 758 5606 ήγουμὶνη,
803 5535 1058 5611 σώματος
1108 5540 1203 5612 μὲν
1247 5543 1474 5601 καὶτῶν
1503 5551 1600 5604 τοῦ
1631 5551 1888 5624 σώματος

317 5721 342 5756 ⁸
369 5722 523 5781 Psal.
555 5741 756 5796 xxnn,
787 5729 874 5786 t5.

2003 4837 2217 4892 fecerit.
2255 4843 2332 4892 De
2383 4837 2590 4892 Nouna
2641 4855 2799 4906 vero,
2843 4843 3110 4895 matrona
3157 4839 3375 4912 Optima
3400 4846 3458 4894 et
3487 4855 3654 4909 gene-

2003 4927 2322 4994 rosissima,
2354 4928 2461 4982 hoc
2499 4928 2689 4984 dicere
2741 4929 3045 4998 habemus,
3077 4931 3227 4998 quod
3263 4929 3320 4984 in
3353 4929 3654 4998 integerri-

2003 5018 2114 5073 mis
2147 5017 2378 5088 pietatis
2408 5018 2699 5074 viridariis
2731 5023 2786 5074 et
2817 5025 2969 5086 nata,
2991 5020 3326 5086 eteducata,
3351 5023 3408 5073 et
3429 5017 3645 5079 adulta.

2002 5105 2337 5177 neutiquam
2373 5108 2429 5162 in
2461 5106 2530 5161 iis
2560 5106 2700 5162 solis
2725 5107 3079 5162 manendum
3103 5107 3211 5161 sibi
3237 5106 3424 5174 duxit,
3452 5113 3551 5162 aut
3572 5109 3644 5162 ad

2001 5211 2068 5250 ea
2099 5212 2221 5265 quin
2251 5195 2486 5252 aliunde
2517 5201 2817 5266 acceperat
2855 5197 3288 5253 consistendum
3317 5214 3330 5252 :
3357 5215 3543 5268 neque
3573 5202 3646 5256 ab

2001 5285 2256 5340 solidum
2291 5285 2420 5340 fidei
2453 5287 2626 5340 robur
2657 5286 2797 5340 satis
2832 5285 3011 5340 valere
3036 5287 3403 5343 existimabat
3425 5291 3648 5360 sumpti

2002 5377 2284 5431 duntaxat
2357 5376 2428 5431 de
2502 5375 2728 5430 Christo
2813 5376 3180 5445 cognomenti
3265 5381 3646 5436 consortium.

2003 5466 2222 5534 Quippe
2273 5463 2386 5518 nisi
2437 5463 2731 5518 luculenta
2781 5464 3108 5520 accessione
3137 5464 3420 5535 quidquid
3454 5475 3648 5536 pnsset

2000 5553 2157 5621 boni,
2198 5553 2326 5625 ipsa
2373 5559 2650 5626 praeterea
2698 5552 3144 5622 accumulasset,
3178 5555 3247 5608 ad
3295 5571 3544 5626 eumque
3584 5575 3647 5612 se
