4092 6300
438 407 556 474 227

1737 395 1840 456 ΤΗ
1849 391 2140 456 EODULI
2183 388 2531 458 MONACBI

3699 389 3806 454 228

429 538 860 614 composuisset
893 533 1154 600 modum,
1197 545 1372 604 quem
1419 543 1591 602 opere
1636 529 1758 600 ipso
1803 527 2075 586 exhibere

2200 525 2468 601 inepetbpz
2523 524 2788 600 χαρίτων,
2836 525 2912 588 ὡς
2968 523 3122 582 οὐδὲν
3176 525 3348 582 ὄντων
3403 531 3510 582 τῶν
3561 528 3807 584 τοιούτων

429 633 692 706 oporteat
721 622 1128 699 appellationis
1159 621 1327 676 istius
1360 618 1690 690 participes,
1715 633 1919 690 parum
1951 633 2070 688 pro-

427 721 578 780 fecto
625 721 726 776 aut
774 713 922 771 nihil
953 711 1144 768 adhuc
1175 715 1546 766 consecutam
1577 722 1705 763 sese
1736 711 1861 763 rata
1890 722 1903 761 :
1937 721 2073 762 cor-

432 829 544 886 pus
587 821 784 876 suum,
815 815 1132 873 omnesque
1171 797 1432 871 corporis
1475 813 1713 854 veneres
1761 800 1818 852 et
1854 795 2072 868 gratias

428 883 870 976 aspernabatur,
904 895 970 948 ut
999 888 1160 946 nullo
1191 887 1265 942 iis
1296 885 1566 942 habenda
1594 884 1740 954 loco,
1772 884 1872 956 qui
1894 883 2069 939 vitam

431 982 808 1059 aspectabilia
863 979 1060 1037 omnia
1115 990 1582 1048 supergressum,
1641 976 2070 1045 sequerentur:

431 1092 610 1134 unam
639 1089 772 1130 vero
803 1087 934 1144 quae
964 1069 1156 1125 animo
1186 1065 1462 1134 cernitur,
1485 1062 1802 1136 respiciens
1825 1060 2073 1134 pulchri-

425 1167 709 1232 tudinem,
759 1159 1145 1228 omnibusque
1191 1153 1507 1211 momentis
1555 1151 1860 1218 anhelans,
1913 1165 2075 1206 com-

425 1253 687 1328 pluribus
715 1251 1001 1320 cujusque
1031 1244 1256 1316 generis
1283 1241 1595 1298 virtutibus
1625 1239 1886 1296 animam
1917 1253 2079 1294 exor-

431 1345 655 1402 nabat:
705 1353 887 1412 eaque
938 1335 1134 1392 omnia
1191 1347 1360 1404 agere
1415 1328 1692 1396 instituit,
1739 1329 1906 1401 queis
1951 1333 2077 1384 tum

424 1429 918 1508 pulchritudinem
950 1427 1126 1480 istam
1157 1420 1462 1489 inveniret,
1487 1424 1610 1475 tum
1644 1418 1875 1476 laudem
1907 1417 2078 1474 insu-

345 1537 354 1542 ‘
426 1507 527 1597 per
572 1519 844 1579 eximiam
891 1515 1360 1585 consequeretur.
1403 1510 1588 1580 Atque
1627 1507 1790 1564 illam
1837 1507 2077 1579 quidem

430 1595 583 1672 certe
629 1609 874 1676 invenit,
908 1621 1010 1661 nec
1056 1602 1252 1659 minus
1299 1599 1731 1666 admirationis,
1765 1613 1942 1668 quam
1993 1595 2081 1650 vir

434 1703 582 1776 ipse,
613 1697 831 1756 retulit.
871 1692 1161 1750 Nimirum
1211 1688 1490 1760 quoniam
1539 1691 1605 1742 ut
1645 1701 1973 1756 corporum,
2002 1685 2085 1741 ita

428 1797 689 1851 mutuam
719 1787 998 1844 virtutum
1028 1778 1504 1838 communionem
1549 1776 1916 1843 exercebant,
1955 1790 2082 1847 quae

2179 619 2301 689 τοῖς
2331 615 2464 688 ὑπὲρ
2493 616 2560 668 τα
2591 614 2838 690 ὁρώμενα
2871 619 3002 684 ζῶσι
3037 635 3050 648 °
3082 615 3218 689 πρὸς
3259 614 3318 671 δὲ
3377 616 3540 688 μόνον
3595 617 3654 672 τὸ
3701 637 3814 686 νοη-

2180 703 2275 758 τὸν
2321 703 2580 780 ἀφορῶσα
2616 701 2846 770 καλλος,
2899 705 2989 760 καὶ
3029 705 3180 777 τοῦθ’
3211 706 3332 760 ὅσαι
3381 705 3517 780 ὧραι
3565 707 3814 772 ποθοῦσα,

2182 791 2422 854 πολλαῖς
2454 792 2542 847 καὶ
2599 791 2970 856 παντοδαπαῖς
3015 793 3216 868 ἀρετῆς
3275 792 3444 856 ἰδέαις
3491 796 3590 863 τήν
3642 796 3817 874 ψυχὴν

2182 880 2502 954 κατεκόσμει
2535 881 2624 936 καὶ
2669 882 2846 938 πάντα
2891 883 3144 958 πράττειν
3204 883 3382 956 ἠξίου.
3423 884 3503 940 Δι’
3559 884 3631 940 ὧν
3678 883 3818 938 τοῦτ’

2184 965 2324 1025 ἔστιν
2381 971 2580 1043 εὐρεῖν,
2636 971 2728 1025 καὶ
2768 971 2831 1025 τὸ
2891 969 3254 1044 θαυμάζεσθαι
3311 967 3641 1047 προσλαϐεῖν
3675 991 3687 1002 ·
3733 971 3820 1026 καὶ

2191 1058 2374 1134 μέντοι
2419 1059 2510 1114 καὶ
2563 1059 2682 1132 εὗρε
2714 1078 2728 1091 ο
2774 1059 2864 1114 καὶ
2921 1060 3428 1135 προστεθαύμασται
3481 1065 3582 1116 τοῦ
3636 1057 3821 1135 ἀνδρὸς

2189 1145 2341 1203 οὐδὲν
2375 1151 2539 1216 ’ἧττον
2565 1167 2578 1180 ·
2612 1145 2742 1202 ἀλλ’
2768 1146 2950 1223 ὥσπερ
2995 1149 3284 1222 σωμάτων,
3317 1149 3459 1205 οὕτω
3507 1150 3596 1204 καὶ
3634 1150 3824 1224 ἀρετῆς

2188 1240 2571 1298 κοινωνοῦντες
2609 1235 2903 1308 ἀλλήλοις,
2943 1239 3044 1306 τὴν
3091 1237 3260 1311 μόνην
3309 1239 3386 1300 ὡς
3435 1239 3656 1310 ἀληθῶς
3700 1240 3823 1292 θαυ-

2193 1327 2404 1400 μαστὴν
2433 1327 2722 1380 κοινωνίαν
2753 1327 2842 1382 καὶ
2877 1327 2947 1382 τὰ
3003 1327 3299 1403 γιγνόμενα
3356 1328 3632 1398 σώζουσαν
3668 1347 3681 1360 ο
3739 1325 3824 1380 καὶ

2191 1414 2431 1492 κεφαλῆς
2464 1415 2626 1488 λόγον
2661 1413 2936 1486 ἀλλήλοις
2977 1415 3286 1491 ἐπέχοντες,
3317 1417 3346 1472 ὁ
3399 1417 3492 1489 μὲν
3541 1417 3678 1472 κατᾶ
3733 1416 3826 1482 τήν

2191 1501 2414 1560 Παύλου
2471 1505 2656 1579 φωνὴν
2717 1505 2792 1566 ὡς
2849 1505 2988 1579 ἁνήρ
3024 1525 3038 1540 ο
3087 1503 3176 1575 ἡδ’
3220 1506 3296 1567 ὡς
3341 1499 3610 1566 εὐσεϐείας
3649 1503 3827 1574 ἐκείνῳ

2189 1592 2518 1666 καθηγεμῶν
2562 1593 2655 1646 καὶ
2693 1590 3018 1654 διδάσκαλος
3064 1593 3155 1649 καὶ
3203 1595 3342 1670 πρὸς
3401 1594 3630 1668 Χριστὸν
3681 1593 3830 1667 ἀγω-

2191 1680 2312 1756 γὸς,
2345 1678 2591 1749 ζηλωτοὶ
2630 1678 2720 1736 διὰ
2777 1682 2992 1738 πάντων
3051 1683 3246 1738 ἅπασιν
3293 1683 3430 1752 ἦσαν
3464 1701 3477 1714 ·
3541 1681 3684 1738 οὕτω
3743 1683 3830 1754 μὶν

2193 1764 2486 1840 εὐσεϐείας,
2543 1769 2688 1826 οὕτω
2740 1768 2797 1826 δὲ
2842 1776 3101 1848 χρηστῶν
3177 1769 3392 1847 ἔχοντες
3445 1772 3692 1846 τρόπων,
3745 1767 3830 1825 καὶ

429 1882 554 1940 sola
579 1893 710 1935 vere
737 1869 1099 1933 admirabilis
1129 1865 1396 1939 quaedam
1444 1863 1782 1922 communio
1812 1870 1922 1933 est,
1953 1862 2083 1919 offi-

2200 1852 2314 1913 ϐίου
2357 1859 2446 1913 καὶ
2499 1857 2888 1934 προαιρέσεως,
2945 1861 3036 1915 καὶ
3095 1859 3336 1932 ξυνόλως
3393 1860 3582 1932 εἰπεῖν,
3640 1859 3832 1918 παντὸς

434 1909 554 1940 cura
585 1909 710 1935 vero
737 1909 1099 1933 uumuuuuw
1129 1909 1396 1939 unum...»
1445 1909 1780 1922 υυ--η-...ν
1814 1909 1922 1933 --Ἴ
1955 1909 2051 1919 -.--

434 1969 627 2038 ciique
654 1963 746 2020 sui
769 1960 1110 2032 religionem
1135 1957 1370 2010 tuetur:
1396 1960 1450 2008 et
1471 1951 1714 2007 invicem
1737 1949 1852 2005 sibi
1876 1949 2082 2019 capitis

2200 1909 2308 1913 ""
2359 1909 2444 1913 ""'
2507 1909 2888 1934 "r""r"""v
2947 1909 3035 1915 ""'
3095 1909 3336 1932 5""""'
3393 1909 3582 1932 """'!
3647 1909 3831 1918 """"

2200 1954 2289 2004 τοῦ
2347 1950 2604 2029 φέροντος
2650 1945 2892 2010 ἔπαινον.
2947 1955 3091 2026 Πρὸς
3167 1957 3298 2026 γοῦν
3377 1953 3574 2015 αὐτοὺς
3649 1953 3835 2011 πάντες

435 2036 616 2114 instar
661 2055 847 2116 erant,
874 2049 971 2105 ille
1017 2063 1086 2102 ex
1131 2041 1298 2098 Pauli
1345 2038 1674 2114 praecepto‘,
1707 2043 1771 2094 ut
1816 2039 2083 2107 maritus,

2200 2039 2406 2114 ἑώρων,
2439 2040 2619 2115 ὥσπερ
2649 2041 2797 2102 τινας
2841 2041 3048 2112 στήλας
3093 2041 3380 2121 ἐμψύχους
3427 2041 3526 2097 οὐκ
3579 2036 3833 2116 ἀκριϐοῦς

441 2148 562 2202 haec
609 2147 676 2198 ut
721 2138 932 2196 marito
983 2136 1102 2191 dux
1147 2149 1214 2188 ac
1263 2131 1546 2201 magistra
1595 2127 1846 2200 pietatis,
1897 2131 1956 2182 et
2012 2127 2084 2182 ad

2201 2128 2366 2200 μόνον
2399 2129 2744 2204 θεογνωσίας,
2779 2129 2924 2184 ἀλλᾶ
2952 2130 3041 2186 καὶ
3084 2135 3182 2186 τοῦ
3228 2132 3386 2204 βίοῦν
3438 2131 3494 2185 εὖ
3545 2130 3696 2203 μάλα
3750 2127 3834 2182 καὶ

440 2234 737 2292 Christum
786 2223 1140 2300 perductrix.
1175 2221 1318 2276 Hinc
1351 2219 1548 2285 ﬁebat,
1593 2222 1658 2272 ut
1703 2216 1979 2272 omnibus
2027 2215 2084 2270 in

2200 2217 2316 2270 κατ’
2346 2217 2542 2292 ἀρετὴν
2571 2215 2898 2273 πολιτεύειν.

433 2326 610 2380 rebus
657 2312 1100 2375 fortunatissimi
1149 2309 1421 2367 omnibus
1469 2322 1598 2363 esse
1650 2305 2022 2372 viderentur;
2051 2305 2331 2378 conjuges
2374 2307 2638 2363 videlicet
2685 2309 2991 2366 excellenti
3038 2310 3200 2379 adeo‘,
3233 2311 3464 2383 pietate,
3496 2325 3566 2366 ea
3609 2323 3837 2365 morum

436 2411 742 2486 probitate,
775 2423 844 2462 ea
888 2405 1021 2458 vitae
1069 2397 1463 2470 propositique
1495 2395 1826 2486 sanctitate,
1857 2411 2094 2486 unoque
2143 2395 2339 2486 verbo,
2373 2413 2431 2452 re
2481 2397 2738 2469 qualibet
2785 2398 3087 2465 laudabili,
3119 2399 3396 2468 insignes.
3445 2401 3694 2456 Perinde
3737 2400 3839 2453 ita-

437 2484 552 2573 que
598 2500 730 2554 illos
781 2495 1030 2567 quisque
1081 2488 1430 2553 intuebatur,
1463 2491 1529 2540 ut
1579 2485 1864 2555 spirantes
1913 2484 2218 2573 quaedam,
2259 2485 2580 2553 columnas,
2611 2491 2738 2543 tum
2769 2493 2982 2545 exactis
3014 2505 3202 2546 rerum
3233 2489 3562 2546 divinarum
3599 2487 3836 2554 notitiae,

441 2572 566 2646 tum
597 2586 933 2644 rectissime
965 2581 1112 2644 vitae,
1144 2584 1200 2633 et
1233 2578 1304 2633 ad
1335 2573 1642 2631 sanctioris
1671 2573 1994 2646 disciplinae
2025 2572 2374 2646 virtutisque
2405 2592 2680 2632 numeros
2711 2579 2968 2648 agendae.

513 2679 631 2736 XII.
665 2681 854 2747 Atque
885 2668 1223 2748 hujusmodi
1255 2683 1397 2723 sane
1427 2665 1544 2720 vita
1577 2664 1950 2734 moribusque
1983 2679 2088 2734 par

447 2771 623 2826 hocce
669 2767 979 2834 conjugum
1030 2758 1136 2813 fuit
1169 2773 1182 2810 :
1215 2761 1487 2812 cistarum
1520 2777 1546 2803 «
1580 2753 1630 2808 si
1675 2753 1740 2808 de
1766 2754 1959 2820 fructu
1989 2767 2088 2807 suo

445 2861 611 2915 arbor
636 2855 962 2918 noscitatur,
988 2871 1016 2897 ››
1048 2843 1542 2918 quemadmodum
1575 2841 1771 2896 divino
1793 2841 2090 2911 proditum

449 2944 684 3004 oraculo
714 2942 846 3009 est‘,
869 2955 974 2995 nec
1005 2935 1177 2992 fallax
1197 2934 1306 2990 hoc
1334 2933 1538 2988 nativas
1557 2930 1715 2986 illius
1739 2930 1973 2996 indolis,
1995 2930 2090 2985 bo-

449 3053 536 3091 nae
585 3050 657 3089 an
709 3031 895 3095 malae,
925 3025 1209 3082 indicium
1257 3027 1379 3089 est;
1411 3020 1586 3076 etiam
1621 3019 1726 3074 hoc
1760 3020 1929 3074 modo
1958 3018 2090 3074 illo-

441 3139 574 3180 rum
603 3118 928 3177 inculenter
947 3113 1193 3186 patescit
1217 3109 1571 3182 praestantis,
1597 3107 1763 3178 queis
1784 3106 1941 3162 enim
1965 3121 2091 3178 per-

2273 2664 2372 2718 IB'.
2406 2664 2569 2719 Οὗτοι
2604 2665 2697 2737 μὲν
2733 2662 2822 2735 δὴ,
2867 2671 3116 2721 τοιοῦτοι
3163 2669 3255 2720 καὶ
3295 2665 3468 2720 οὕτως
3489 2659 3711 2740 ἔχοντες
3746 2682 3758 2694 ο
3795 2661 3839 2715 εὶ

2202 2749 2372 2806 δὲκαὶ
2420 2753 2491 2807 τὸ
2535 2749 2895 2828 δένδρονέκ
2935 2759 3052 2810 τοῦ
3075 2759 3332 2829 καρποῦ
3375 2755 3678 2830 γίγνεταί
3735 2749 3843 2818 δῆ-

2202 2841 2338 2912 λον,
2374 2841 2510 2896 κατά
2538 2843 2628 2897 τὸν
2659 2844 2800 2898 θεῖον
2832 2845 3208 2918 χρησμὸν,καὶ
3235 2850 3336 2914 τῆς
3365 2845 3730 2918 ὁποτερασοῦν
3759 2837 3842 2909 ἓξ-

2203 2950 2305 2994 εως
2334 2930 2560 3000 ἐκείνου,
2590 2934 2738 2988 τοῦτ’
2770 2930 3040 3006 ἀπόδειξις
3071 2931 3322 3008 ἐναργὴς,
3351 2932 3439 2988 καὶ
3461 2931 3603 2987 οὕτω
3631 2932 3698 2986 τὸ
3727 2931 3841 2984 κατ’

2204 3017 2398 3080 αὐτοὺς
2427 3017 2694 3075 δείκνυται
2724 3025 2974 3096 προῦχον
3009 3041 3024 3054 ·
3066 3023 3152 3085 οἶς
3207 3023 3312 3097 γαρ
3357 3020 3448 3077 καὶ
3493 3023 3592 3075 τοῦ
3647 3015 3842 3079 παιδὸς

2201 3108 2324 3163 ἄνευ
2374 3109 2571 3184 ἀρετῆς
2612 3115 2870 3167 τοσοῦτον
2915 3111 3207 3186 περίεστιν,
3257 3112 3330 3174 ὡς
3369 3112 3458 3166 καὶ
3521 3109 3704 3188 σφίσιν
3751 3107 3843 3163 αὖ-

439 3231 526 3283 se,
581 3211 757 3268 etiam
809 3207 1075 3277 sejuncto
1135 3200 1272 3268 tilio,
1331 3202 1560 3254 tantum
1617 3195 1852 3251 virtutis
1909 3211 2082 3266 supe-

2200 3201 2312 3259 τοῖς
2341 3197 2431 3252 καὶ
2452 3196 2730 3273 ἀλλήλοις
2758 3200 2834 3262 εἰς
2863 3199 3068 3274 κόσμον
3095 3204 3298 3276 ἀρκεῖν,
3353 3200 3502 3262 τίνας
3558 3200 3686 3254 ποτ’
3743 3195 3843 3272 ἄρα

440 3307 548 3370 rat,
581 3305 644 3355 ut
687 3302 746 3353 et
772 3295 882 3352 sibi
921 3291 1067 3364 ipsis
1099 3294 1156 3346 et
1195 3293 1398 3344 mutuo
1428 3287 1572 3342 alter
1601 3284 1787 3351 alteri,
1819 3284 1962 3340 satis
1993 3301 2088 3340 or-

440 3389 696 3449 namenti
729 3388 1018 3458 praestent,
1050 3393 1353 3452 quosnam,
1373 3375 1479 3430 hos
1511 3374 1744 3430 tandem
1778 3372 2088 3429 accedente

444 3479 564 3536 ﬁlio
591 3477 926 3534 existimare
956 3465 1310 3528 conveniat?
1334 3465 1550 3537 quippe
1579 3462 1694 3534 qui,
1718 3461 1948 3518 etiamsi
1981 3477 2090 3517 sua

441 3569 701 3640 ipsorum
731 3577 911 3621 causa
941 3557 1085 3614 nihil
1119 3569 1468 3626 magnopere
1506 3567 1621 3640 quo
1651 3548 2090 3640 sibiiplacerent

444 3637 668 3723 fuisset,
699 3655 771 3709 de
817 3649 940 3707 solo
984 3655 1180 3703 tamen
1230 3645 1350 3698 ﬁlio
1399 3639 1557 3697 haud
1606 3639 1824 3710 injuria
1851 3637 2091 3710 gloriari

443 3749 744 3818 poterant;
779 3741 876 3798 ubi
907 3745 965 3794 et
993 3737 1110 3792 ﬁlio
1139 3735 1246 3790 hoc
1276 3730 1543 3788 convenit
1573 3731 1770 3791 decus,
1803 3735 1860 3784 et
1889 3745 1955 3784 eo
1985 3729 2086 3784 der

445 3851 576 3890 core
606 3847 773 3889 suam
816 3828 905 3884 illi
937 3825 1302 3883 cumulatum
1333 3827 1471 3877 eunt
1499 3819 1766 3890 gloriam,
1798 3820 2084 3890 quomodo

445 3941 562 3980 non
616 3920 871 3992 undique
917 3910 1449 3988 exsplendescunt?
1489 3913 1557 3963 Et
1599 3907 1708 3963 hoc
1759 3924 1825 3962 eo
1878 3907 2088 3977 magis,

445 4013 602 4085 quod
630 4028 696 4067 ex
729 4009 850 4065 {ilio
881 4006 1125 4079 gloriam
1175 4003 1406 4064 habere,
1438 4014 1768 4070 quanquam
1809 4014 1919 4053 non
1956 4003 2086 4052 tan-

441 4108 589 4169 tam,
637 4097 936 4156 nonnullis
981 4095 1123 4150 illud
1177 4097 1369 4146 tamen
1417 4087 1682 4159 contigit,
1715 4103 1913 4142 verum
1953 4085 2090 4140 lau-

443 4192 704 4250 datorem
749 4187 922 4244 etiam
972 4184 1155 4238 ﬁlium
1206 4180 1434 4237 habere,
1471 4175 1644 4231 nullis
1687 4177 1924 4247 inquam
1957 4179 2088 4245 post

441 4281 750 4340 hominum
794 4273 1158 4337 memoriam,
1191 4268 1240 4324 si
1273 4270 1380 4323 hos
1409 4266 1679 4336 excipias,
1715 4265 1856 4320 illud
1889 4263 2087 4335 glorias

442 4373 865 4428 incrementum
896 4361 1206 4430 contigisse
1233 4357 1478 4412 scimus.
1510 4354 1736 4424 Optimo
1767 4369 1904 4407 sane
1922 4353 2089 4422 jure;

443 4476 582 4518 nam
631 4458 729 4530 qui
759 4456 934 4511 talem
987 4450 1094 4506 soli
1148 4459 1518 4520 procreavere
1551 4443 1760 4507 lilium,
1795 4442 1902 4496 hos
1931 4439 2086 4497 solos

445 4550 620 4608 talem
653 4564 687 4602 a
713 4543 831 4600 tilio
860 4537 1223 4598 educationis
1257 4534 1578 4590 mercedem
1611 4530 1822 4586 referre
1853 4545 2084 4600 {equum

445 4639 554 4696 fuit
587 4653 601 4691 :
631 4633 797 4707 quasi
846 4631 897 4686 si
945 4626 1295 4700 peculiarem
1331 4638 1524 4679 rerum
1558 4621 1824 4676 omnium
1859 4618 2086 4674 novita-

443 4733 562 4784 tem
594 4726 712 4782 fata
737 4720 885 4794 ipsis
914 4714 1380 4782 destinavissent,
1403 4715 1461 4767 et
1485 4711 1729 4781 majora,
1754 4725 1929 4780 quam
1956 4723 2090 4779 quo-

446 4832 576 4873 rum
627 4813 748 4869 ulla
775 4810 1068 4866 exstarent
1097 4802 1378 4872 exempla,
1413 4803 1573 4872 ipsos
1601 4798 1847 4870 experiri
1879 4797 2090 4852 voluis-

446 4883 610 4960 sent:
636 4895 969 4971 cujusmodi
989 4899 1046 4949 et
1073 4894 1177 4947 hoc
1197 4897 1305 4954 est,
1324 4889 1609 4960 planeque
1630 4887 1917 4955 ejusdem,
1933 4885 2086 4956 quod

447 4994 633 5058 aiunt,
648 4985 960 5063 gymnasii,
977 4999 1090 5040 non
1104 4980 1261 5036 idem
1286 4977 1550 5034 videlicet
1566 4975 1702 5031 huic
1721 4980 1919 5029 nostro
1931 4975 2086 5045 quod

448 5082 600 5151 aliis,
631 5075 907 5135 nascendi
951 5071 1185 5130 initium
1236 5066 1436 5133 fuisse,
1470 5079 1575 5120 nec
1607 5067 1839 5118 assueto
1872 5067 2088 5118 natura;

2196 3287 2448 3341 τουτουσὶ
2496 3288 2809 3358 νομιστέον,
2858 3285 3272 3364 προσλαϐόντας
3325 3290 3416 3345 τὸν
3457 3285 3668 3357 παῖδας
3704 3289 3841 3342 ὅπου

2161 3374 2163 3376 ’
2199 3375 2304 3450 γὰρ
2335 3375 2378 3430 εί
2421 3378 2511 3431 καί
2559 3378 2635 3449 μὴ
2685 3379 2814 3452 παρ’
2869 3379 3072 3434 ἑαυτῶν
3117 3379 3254 3454 μέγα
3307 3381 3521 3456 φρονεῖν
3582 3375 3760 3454 εἶχον,
3793 3373 3843 3443 ἐξ

2202 3461 2305 3538 ἄρα
2336 3464 2502 3536 μόνου
2542 3470 2638 3520 τοῦ
2694 3466 2889 3531 παιδὸς
2944 3467 3032 3523 ἒπὶ
3087 3469 3234 3524 τοῦτ’
3290 3468 3350 3522 ἂν
3402 3471 3536 3537 ἧκον
3595 3462 3842 3532 δικαίως,

2203 3554 2328 3608 ὅταν
2355 3552 2542 3627 ἐκείνῳ
2573 3555 2854 3612 καὶτοῦτο
2901 3562 3104 3633 προσῇ,
3159 3557 3248 3614 καὶ
3309 3559 3443 3631 μετὰ
3498 3561 3599 3622 τῆς
3657 3553 3843 3632 σφετέ·

2206 3662 2298 3716 ρας
2353 3641 2529 3697 αὐτῶν
2577 3645 2668 3699 καὶ
2712 3645 2812 3714 τήν
2859 3645 3058 3702 ἐκεῖθεν
3127 3640 3611 3720 προσλαμϐάνουσι
3659 3641 3845 3712 δόξαν,

2202 3733 2320 3792 πῶς
2381 3729 2442 3785 οὗ
2501 3729 2590 3786 δια
2671 3732 2882 3788 πάντων
2965 3733 3360 3808 ἐκλάμπουσις
3426 3735 3515 3789 καὶ
3596 3752 3846 3802 τοσουτῳ

2207 3817 2420 3891 μᾶλλον
2472 3821 2584 3892 ὅσῳ
2631 3823 2694 3877 τὸ
2749 3823 2842 3894 μὲν
2887 3820 2976 3878 διὰ
3019 3823 3114 3878 τὸν
3161 3821 3328 3879 παῖδα
3377 3823 3766 3895 θαυμάζεσθαι,
3797 3819 3846 3874 εἴ

2202 3908 2291 3961 καὶ
2328 3910 2402 3980 μὴ
2433 3915 2717 3980 τοσοῦτον,
2747 3910 2874 3967 ἀλλ’
2895 3910 3036 3968 ἔστιν
3065 3914 3152 3974 οἷς
3193 3911 3490 3984 ξυνηνέχθη
3526 3933 3540 3945 .
3570 3911 3632 3965 τὸ
3665 3907 3724 3964 δὲ
3755 3909 3845 3963 καὶ

2202 4000 2394 4050 τοῦτον
2441 3996 2601 4052 αὑτὸν
2649 3999 2740 4054 τὸν
2791 4001 3129 4072 θαυμάζοντα
3178 3996 3346 4076 ἔχειν,
3396 3997 3604 4054 οῦδέσιν
3647 3996 3848 4058 ἄλλοις

2202 4089 2310 4140 τῶν
2354 4084 2413 4140 ἐκ
2459 4088 2658 4150 παντὸς
2698 4088 2890 4153 αἰῶνος
2937 4089 3157 4161 ταυτηνὶ
3199 4092 3299 4160 τὴν
3344 4090 3686 4165 προσθήκην,
3738 4086 3850 4141 ὅτι·

2208 4175 2283 4246 μή
2311 4174 2528 4237 τοότοις
2561 4174 2965 4252 ἐνυπάρχουσαν
2999 4177 3154 4252 ἴσμεν
3188 4198 3202 4212 θ
3237 4179 3325 4233 καὶ
3373 4176 3519 4251 μάλα
3566 4176 3794 4237 εἰκότως
3828 4191 3843 4206 ⁶

2203 4261 2332 4323 τοὺς
2363 4263 2468 4338 γὰρ
2501 4262 2568 4332 δὴ
2612 4267 2810 4338 μόνους
2866 4271 3116 4322 τοιοῦτον
3170 4268 3614 4342 προενεγκόντας,
3646 4266 3847 4337 μόνους

2203 4346 2310 4402 ἔδει
2368 4350 2458 4404 καὶ
2516 4355 2744 4406 τοιαῦτα
2803 4355 2931 4428 παρ’
2986 4353 3153 4408 αὐτοῦ
3209 4353 3530 4427 κεκομίσθαι
3568 4357 3798 4427 τροφεῖα
3829 4368 3845 4384 °

2207 4439 2387 4512 ὥσπερ
2418 4446 2520 4509 τῆς
2569 4442 2889 4512 καινότητος
2944 4439 3250 4498 διαπάντων
3295 4444 3480 4504 αὐτοῖς
3526 4439 3849 4518 συγκεκλη-

2207 4527 2462 4601 ρωμένης
2498 4549 2512 4562 ⁸
2543 4529 2632 4585 καὶ
2662 4535 2759 4586 τοῦ
2793 4532 3079 4604 μειζόνων,
3109 4533 3144 4602 ἢ
3194 4530 3541 4606 παράδειγμα
3589 4527 3849 4605 δὲχεσθαι

2198 4620 2306 4671 τῶν
2342 4619 2676 4694 πραγμάτων
2732 4622 3016 4694 πειρᾶσθαι
3078 4639 3090 4652 ·
3153 4622 3344 4675 ὁποῖον
3394 4617 3462 4690 δή
3519 4640 3571 4673 τι
3626 4619 3850 4672 κάκεῖνο

2205 4705 2295 4778 βαι
2357 4707 2454 4760 τοῦ
2512 4709 2680 4763 αὐτοῦ
2735 4730 2863 4787 φασι
2901 4708 3222 4782 γυμνασίου,
3269 4709 3334 4765 τὸ
3388 4711 3487 4779 τήν
3525 4709 3706 4783 ἀρχὴν
3745 4714 3851 4776 τῆς

2201 4792 2454 4869 γενέσεως
2503 4797 2684 4870 τούτῳ
2737 4799 2812 4870 μή
2862 4799 2960 4866 τήν
2988 4797 3153 4867 αὐτὴν
3184 4804 3303 4861 τοῖς
3333 4796 3527 4861 ἄλλοις
3555 4798 3798 4870 γενέσθαι
3835 4815 3848 4829 ·

2204 4883 2282 4953 μή
2338 4881 2390 4938 δὲ
2423 4886 2560 4940 κατὰ
2616 4888 2681 4942 τὸ
2737 4891 2966 4962 κρατόῦν
3027 4885 3148 4952 ἔθος
3191 4891 3259 4960 τῇ
3301 4886 3476 4963 φύσει,
3508 4885 3634 4940 ἀλλ’
3664 4884 3713 4958 ἐξ
3746 4886 3853 4961 ἄρα

2200 4971 2348 5035 θείας
2406 4971 2795 5052 ἓπιφροσύνης,
2856 4975 2945 5030 καὶ
3001 4980 3110 5030 τῶν
3164 4979 3262 5032 τοῦ
3311 4975 3626 5048 Πνεύμάτος
3664 4974 3852 5028 θεσπι-

2199 5061 2422 5126 σμάτων
2455 5082 2470 5098 ·
2505 5062 2746 5135 δηλώσει
2777 5061 2824 5118 δ’
2853 5065 2882 5119 ὁ
2913 5062 3100 5140 λόγος.

449 5171 675 5237 ordine,
703 5168 796 5223 sed
830 5181 900 5220 ex
929 5159 1210 5232 singulari
1242 5153 1603 5228 providentia
1631 5152 1850 5218 divina,
1881 5151 2186 5224 sanctique
2214 5151 2465 5224 Spiritus
2493 5154 2989 5228 praedictionibus,
3021 5159 3193 5228 prout
3225 5172 3354 5212 mox
3384 5155 3619 5227 patebit.

517 5258 668 5314 XIII.
701 5257 1010 5326 Postquam
1038 5249 1193 5307 enim
1225 5246 1399 5318 longo
1424 5244 1547 5315 jam
1579 5248 1838 5312 tempore
1870 5256 2097 5296 mascu-

447 5349 521 5404 lae
550 5347 729 5419 prolis
758 5343 1049 5416 cupiditas
1081 5341 1347 5412 parentes
1371 5335 1652 5396 tenuerat,
1676 5329 1950 5400 illiusque
1972 5334 2090 5384 tam

451 5437 677 5495 ardenti
711 5431 1029 5506 ﬂagrabant
1061 5427 1368 5494 desiderio,
1402 5429 1468 5480 ut
1494 5439 1608 5478 non
1645 5421 1813 5476 modo
1838 5421 1912 5491 (l)
1943 5420 2092 5475 hanc

2277 5246 2376 5300 Il".
2433 5242 2524 5304 Ὠς
2583 5243 2687 5317 γὰρ
2745 5239 2938 5304 παιδὸς
2996 5240 3219 5319 ἄρρενος
3274 5241 3665 5316 ἐπιθυμοῦντες
3709 5239 3848 5310 ἦσαν

2203 5328 2263 5383 ἐκ
2317 5327 2602 5402 πλείστου,
2661 5331 2752 5386 καὶ
2809 5332 2954 5386 οὑτω
3014 5331 3240 5406 μανικός
3293 5353 3376 5395 τις
3453 5331 3648 5393 αὐτοὺς
3707 5327 3850 5399 ἔρως

2201 5424 2427 5497 κατεῖχε
2456 5421 2683 5491 ταυτησί
2712 5422 2810 5490 τῆς
2840 5427 3029 5496 γονῆς,
3061 5421 3134 5483 ὡς
3186 5421 3262 5494 μὴ
3294 5420 3380 5476 ὅτι
3429 5419 3637 5497 στὲγειν
3669 5421 3847 5491 [παθη.

529 5580 554 5614 ⁴
583 5580 710 5636 Cor.
743 5592 824 5643 x1,
852 5576 925 5642 3;
957 5573 1165 5644 Ephes.
1195 5587 1252 5640 ν,
1281 5570 1373 5626 23.
1448 5566 1473 5600 ⁵
1502 5566 1702 5621 Matth.
1735 5580 1838 5632 xu,
1873 5564 1942 5618 33
1969 5580 1984 5632 ;
2018 5567 2153 5620 Luc.
2189 5581 2265 5638 vr,
2298 5566 2384 5621 44.

527 5707 606 5780 (1)
637 5709 746 5772 An,
775 5715 887 5757 non
905 5698 1150 5755 contenti
1179 5693 1331 5750 bonis
1359 5695 1474 5749 sui:
1501 5692 1715 5748 essent?
