4092 6300
467 425 581 495 231

1762 426 2162 490 THEODULI
2207 422 2559 488 MONACHI

3738 431 3844 490 232

466 567 838 623 amoenitates
868 585 883 634 ;
920 566 1090 622 modo
1123 582 1322 621 rursus
1346 563 1673 637 gymnasia,
1689 563 2104 624 etibalneas.et

2220 558 2411 615 ’ίππων
2464 559 2732 632 ἁμίλλας,
2780 558 2869 614 καὶ
2935 554 3356 633 θεατροσκοπίας
3433 557 3678 615 διώκειν’
3735 558 3851 616 οὐδὲ

467 657 638 714 ludos
676 656 1007 719 circenseis,
1049 660 1105 710 et
1165 654 1470 709 theatralis
1517 652 1844 722 spectacula
1874 652 2103 719 sectari,

469 762 585 801 non
617 746 713 802 ille
762 747 911 802 circa
958 745 1294 800 venationes
1353 743 1635 805 insanire,
1671 758 1786 797 non
1835 742 2016 797 armis
2047 741 2105 796 in

466 850 637 906 camp
694 835 962 900 exerceri,
1013 848 1127 888 non
1176 847 1377 891 arcum
1434 832 1684 887 scienter
1739 829 2106 890 contendere,

465 926 568 978 aut
596 927 727 993 apte
757 925 826 978 ad
861 937 1098 992 scopum
1123 920 1433 977 collineare
1458 934 1472 985 ;
1499 935 1612 974 non
1665 918 1803 974 item
1837 917 2106 973 fritillum

463 1027 743 1077 exercere,
776 1016 875 1066 aut
895 1010 1135 1066 choreas
1158 1010 1391 1077 ducere,
1425 1015 1525 1065 aut
1571 1007 1688 1080 pila
1717 1008 1978 1075 lusitare,
2009 1010 2111 1062 aut

463 1100 575 1154 alia
591 1100 924 1171 hujusmodi
948 1100 1230 1164 factitare,
1258 1099 1473 1169 quibus
1495 1102 1560 1153 ut
1582 1098 1899 1169 plurimum
1918 1101 2108 1153 attalu-

462 1187 577 1243 lam
607 1206 769 1244 suam
794 1189 1073 1259 juventus
1104 1187 1372 1252 oblectat,
1415 1204 1667 1258 quorum
1701 1186 1978 1257 Gregorio
2010 1200 2110 1240 no-

463 1285 579 1332 stro
599 1278 854 1349 placebat
874 1278 1108 1333 omnino
1126 1277 1290 1343 nihil,
1309 1279 1559 1331 multum
1594 1277 1850 1347 profecto
1875 1277 2103 1331 aberat:

464 1382 658 1422 verum
691 1367 776 1422 his
796 1367 1069 1422 omnibus
1089 1368 1323 1434 longum
1344 1364 1817 1435 valerejussi,sut
1834 1381 1940 1419 suo
1957 1363 2105 1434 judi-

461 1456 549 1511 cio
572 1456 804 1525 abjectaa
818 1456 1025 1511 animae
1049 1455 1273 1510 vitiosis
1296 1454 1701 1511 affectionibus
1723 1454 1916 1510 verius
1933 1468 2104 1523 quam

463 1545 825 1617 disciplinis;
861 1549 1062 1601 contra
1094 1546 1267 1599 rebus
1296 1545 1553 1599 omnium
1586 1543 1949 1614 gravissimis
1978 1541 2104 1613 pul-

462 1633 905 1705 cherrimisque,
937 1638 1132 1703 etqum
1153 1649 1384 1689 summo
1403 1633 1553 1703 apud
1593 1639 1772 1688 Deum
1806 1631 2100 1688 homines-

463 1739 578 1794 que
607 1724 665 1778 in
699 1724 878 1794 pretio
909 1726 1070 1788 sunt,
1118 1726 1303 1777 totum
1346 1736 1477 1777 sese
1506 1721 1751 1787 addixit,
1810 1735 2105 1792 quamque

463 1812 551 1866 has
596 1811 1142 1867 commentationem
1202 1820 1376 1880 alque
1434 1808 1791 1877 diligentiam
1845 1808 2101 1880 exigunt,

462 1917 531 1956 ea
572 1901 912 1956 assiduitate
970 1898 1484 1968 complectebatur,
1570 1905 1635 1953 ut
1700 1897 1857 1953 solas
1933 1898 2103 1952 hasce

463 1989 697 2044 delicias
720 1989 1129 2053 suasduceret,
1157 2003 1461 2059 operasque
1481 2005 1597 2042 sua:
1622 1988 1805 2057 pretia
1842 1986 2098 2041 haberet.

464 2078 612 2131 Tum
647 2078 796 2148 quod
827 2077 1143 2131 maximum
1176 2078 1381 2147 utique
1411 2081 1519 2145 est,
1564 2093 1679 2130 non
1724 2074 1822 2130 ille
1850 2074 2100 2130 vicissim

467 2172 524 2221 et
553 2166 788 2222 alternis
818 2167 886 2220 ad
914 2166 1030 2220 haec
1054 2166 1251 2220 studia
1283 2165 1655 2221 incumbebat
1685 2185 1700 2231 ;
1728 2182 1915 2236 neque
1936 2181 2102 2220 nunc

470 2257 782 2322 haec,uunc
812 2254 932 2318 illa,
965 2255 1065 2309 sed
1094 2254 1270 2308 simul
1290 2260 1537 2323 utraque
1558 2254 1866 2308 tractabat:
1886 2254 2102 2324 quippe

463 2343 567 2414 qui
598 2350 953 2414 compertam
988 2343 1225 2397 haberet
1256 2349 1635 2412 utrorumque
1668 2351 1924 2396 mutuam
1958 2343 2105 2395 inter

459 2449 521 2488 se
569 2432 929 2499 relationem,
957 2433 1317 2502 societasque
1357 2447 1584 2502 operas,
1637 2431 2103 2500 quandoquidem

459 2521 649 2576 officia
680 2521 910 2576 virtutis
943 2527 1272 2576 recteantea
1304 2527 1559 2591 praestari
1586 2524 1901 2588 nequeunt,
1929 2535 2105 2589 quam

460 2611 604 2667 ratio
626 2610 859 2667 illorum
873 2610 1643 2679 accuratafcommentatione
1666 2615 1961 2679 perspecta
1990 2610 2107 2662 fue-

459 2702 567 2755 rit:
601 2716 806 2755 rursus
854 2698 1112 2755 doctrina
1156 2698 1367 2754 virtute
1420 2714 1763 2769 marumque
1822 2698 2105 2769 probitate

458 2791 679 2854 orbata,
708 2804 779 2843 ne
810 2788 1072 2843 doctrina
1100 2804 1228 2843 esse
1269 2787 1517 2855 videtur,
1559 2788 1660 2842 sed
1692 2787 2108 2843 irrationabilis

2215 650 2337 721 περί
2397 652 2566 718 θήρας
2624 650 2904 722 μαίνεσθαι
2956 651 3040 702 καὶ
3095 648 3240 703 ὅπλα
3292 650 3722 723 μεταχειρίζειν·
3768 649 3849 704 καὶ

2213 740 2367 810 τόξον
2403 741 2642 796 ἐντείνειν
2676 738 2732 794 εὖ
2765 736 2983 810 εἰδέναι,
3006 738 3095 793 καὶ
3149 739 3284 812 μετᾶ
3332 739 3531 795 σκοπὸν
3585 738 3803 815 βάλλειν
3833 759 3846 774 ·

2216 831 2305 883 καὶ
2365 825 2586 903 προσέτι
2643 824 2912 897 κυϐεύειν,
2969 827 3274 903 ὀρχεῖσθαι,
3335 833 3559 905 σφαῖραν
3627 828 3848 898 παίζειν,

2215 916 2399 974 τᾶλλα
2455 923 2629 973 ποιεῖν
2694 919 2778 979 οἷς
2835 917 2977 979 εἰκὸς
3050 916 3175 979 τοὺς
3234 916 3287 971 ἐν
3334 912 3549 987 νεότητι
3609 917 3848 996 χαίρειν.

2216 1010 2428 1062 τούτων
2459 1004 2608 1061 οὐδὲν
2642 1005 2829 1078 ἐκείνῳ
2860 1006 2997 1080 πρὸς
3027 1003 3193 1082 λόγον
3221 1024 3234 1038 ⁸
3269 1003 3485 1061 πολλοῦ
3514 1026 3572 1080 γε
3600 1005 3689 1060 καὶ
3739 1003 3816 1060 δεῖ
3835 1022 3848 1036 '

2216 1095 2344 1151 ἀλλ’
2402 1095 2668 1171 ἐρρῶσθαι
2727 1096 2946 1156 τούτοις
3004 1090 3168 1150 ἅπασι
3246 1096 3473 1172 φράσας,
3532 1096 3621 1150 καὶ
3670 1099 3850 1173 ψυχῆς

2215 1187 2465 1260 ἀγεννοῦς
2514 1187 2811 1258 παθήματα
2857 1185 3008 1238 ταῦτ’
3038 1185 3176 1239 εἶναι
3231 1183 3445 1257 μᾶλλον
3488 1184 3524 1253 ἢ
3561 1185 3850 1257 μαθήματα

2215 1274 2421 1349 κρίνας,
2479 1275 2507 1329 ὁ
2557 1272 2613 1329 δὲ
2667 1280 2784 1335 τοῖς
2850 1276 3065 1328 πάντων
3147 1271 3596 1335 σπούδαιοτάτοις
3658 1294 3714 1327 τε
3768 1272 3849 1326 καὶ

2214 1361 2531 1425 καλλίστοις
2581 1363 2669 1417 καὶ
2720 1361 2866 1438 παρᾶ
2923 1366 3040 1434 Θεῷ
3101 1362 3190 1417 καὶ
3247 1362 3550 1433 ἀνθρώποις
3602 1361 3848 1438 μεγάλων

2214 1452 2555 1523 ἀξιουμένοις
2612 1455 2721 1504 τῶν
2798 1450 3136 1525 πραγμάτων
3203 1450 3376 1524 φέρων
3433 1451 3617 1504 ἐαυτὸν
3676 1449 3850 1523 ἐμπα-

2217 1539 2389 1614 μέσχε
2414 1559 2425 1572 ·
2459 1541 2550 1594 καὶ
2605 1541 2705 1608 τήν
2766 1538 2820 1594 ἐν
2873 1538 3089 1601 τούτοις
3146 1539 3379 1613 μελέτην
3413 1561 3467 1595 τε
3496 1540 3587 1595 καὶ
3618 1537 3848 1608 σπουδὴν

2210 1628 2477 1698 τοσαύτης
2534 1630 2691 1699 ἠξίου
2750 1625 3018 1698 σπουδῆς,
3068 1630 3143 1693 ὡς
3202 1629 3339 1701 μόνα
3385 1633 3554 1684 ταῦτα
3616 1629 3847 1702 νομίζειν

2214 1720 2403 1773 ἑαυτοῦ
2468 1715 2694 1773 παιδικὲι
2774 1717 2863 1772 καὶ
2931 1715 3206 1794 προύργου
3281 1721 3591 1774 ποιεῖσθαιο
3648 1719 3737 1773 καὶ
3789 1715 3847 1771 τὰ

2219 1806 2494 1881 μέγιστον,
2547 1807 2608 1861 ού
2657 1807 2802 1880 παρᾶ
2845 1806 3006 1880 μέρος
3053 1807 3272 1870 τούτοις
3326 1807 3552 1883 ἐχρῆτο,
3587 1805 3713 1862 οὐδὲ
3762 1809 3845 1859 νῦν

2137 1931 2179 1995 Β
2218 1896 2312 1968 μὶν
2373 1900 2557 1966 τοῦτο,
2586 1900 2678 1950 νῦν
2720 1893 2767 1950 δ’
2813 1895 3006 1961 ἐκεῖνο,
3065 1894 3212 1951 ἀλλᾶ
3266 1896 3403 1951 κατᾶ
3457 1896 3652 1951 ταυτὸν
3694 1896 3847 1973 ἄμφω

2216 1985 2444 2058 μετῄει·
2475 1988 2575 2053 τήν
2609 1986 2875 2059 ἑκατέρων
2904 1982 3062 2048 εἰδὼς
3102 1986 3238 2058 πρὸς
3297 1984 3519 2054 ἄλληλα
3558 1987 3744 2059 σχὲσιν
3794 2003 3848 2037 τε

2210 2073 2298 2126 καὶ
2349 2073 2694 2128 συντέλειαν’
2729 2071 2851 2128 οῦτε
2901 2074 3004 2148 γὰρ
3054 2072 3087 2126 ἃ
3137 2071 3219 2128 δεῖ
3262 2075 3515 2147 πράττειν
3567 2074 3679 2128 ἐστί
3733 2073 3848 2146 πρὶν

2211 2160 2316 2216 ἔδει
2351 2164 2447 2234 [an
2487 2159 2596 2231 ἤδη
2647 2170 2750 2218 aut
2797 2164 2989 2218 denuo
3038 2161 3071 2215 ἃ
3122 2160 3223 2235 δεῖ]
3252 2168 3449 2238 γνῶναι
3493 2167 3570 2234 τῷ
3621 2162 3790 2238 λόγῳ,
3821 2160 3848 2213 ὅ

2209 2271 2266 2304 τε
2312 2251 2477 2324 λόγος
2526 2250 2571 2304 εἶ
2619 2252 2696 2323 μή
2750 2253 2862 2323 μετ’
2909 2252 3104 2323 ἀρετῆς
3150 2251 3238 2305 καὶ
3294 2251 3512 2324 τρόπων
3561 2250 3653 2320 ε’ίη
3712 2270 3844 2325 χρη-

2214 2344 2375 2409 στῶν,
2406 2338 2703 2395 κινδυνεύει
2762 2337 2902 2413 μηδὲ
2959 2339 3124 2416 λόγος
3178 2362 3261 2403 τις
3309 2342 3463 2406 εἶναι,
3496 2338 3643 2395 ἀλλᾶ
3687 2339 3846 2413 λόγος

2213 2426 2412 2503 ἄλογος
2444 2431 2518 2490 ὡς
2551 2429 2721 2483 εἰπεῖν
2742 2446 2754 2458 ·
2790 2428 2841 2482 εἷ’
2859 2427 2904 2482 δ’
2935 2431 2963 2483 ὁ
3001 2430 3208 2483 τούτων
3256 2429 3590 2502 συνδυασμὸς
3643 2428 3848 2483 πολλοῦ

2213 2539 2361 2580 τινος
2390 2517 2560 2588 ἄξιος,
2592 2524 2709 2580 πῶς
2759 2518 2858 2573 οὐκ
2901 2515 3262 2588 ἀντιληπτέον
3310 2520 3446 2592 ἡμῖν
3495 2517 3635 2573 ἐστιν
3681 2519 3852 2591 ἀμφο-

2212 2606 2482 2682 τέρων,εί’
2522 2628 2582 2680 γε
2641 2606 3000 2682 βουλοίμεθα,
3043 2609 3118 2682 μὴ
3178 2606 3261 2664 ὅτι
3320 2630 3382 2683 γε
3441 2608 3660 2681 μείζους
3702 2610 3850 2678 ἡμῶν

2214 2696 2394 2750 αὐτῶν
2449 2697 2793 2771 γεγενῆσθαι,
2852 2696 2995 2752 ἀλλὰ
3044 2697 3133 2751 καὶ
3195 2694 3495 2751 θεοείκελοί
3549 2715 3692 2761 τινες
3744 2695 3855 2749 ἀτε-

2218 2804 2406 2858 χνως;

456 2883 719 2951 ᾳιιωαειω
778 2884 843 2933 ut
892 2878 972 2935 sic
1032 2877 1254 2950 loquar,
1315 2880 1607 2945 doctrina;
1676 2877 1767 2933 sin
1817 2894 1951 2932 vero
2013 2877 2209 2949 magni
2257 2876 2519 2932 facienda
2562 2876 2771 2932 harum
2806 2893 2991 2933 rerum
3027 2875 3321 2949 cepulatio
3353 2882 3459 2944 est,
3494 2892 3723 2933 summo
3745 2890 3859 2947 pro.

458 2971 608 3027 tecto
640 2969 1033 3043 studiosimul
1063 2969 1173 3024 illa
1206 2969 1375 3026 nobis
1405 2969 1766 3040 capessenda:
1802 2972 1995 3033 erunt,
2035 2967 2081 3021 si
2142 2984 2255 3022 non
2292 2966 2462 3022 modo
2527 2967 2966 3040 nobismetipsis
3027 2968 3299 3038 majores,
3356 2967 3455 3023 sed
3507 2969 3621 3023 Deo
3689 2966 3855 3022 etiam

457 3059 680 3116 similes
717 3060 837 3113 ﬁeri
870 3059 1110 3114 omnino
1141 3060 1471 3114 studemus.

532 3150 679 3204 XVI.
713 3149 938 3204 Etenim
972 3166 1100 3220 quae
1132 3154 1283 3216 sunt,
1338 3165 1452 3221 qua
1490 3152 1647 3216 sunt,
1708 3152 1902 3202 mente
1949 3162 2106 3201 com-
2139 3148 2181 3213 Ο

461 3238 653 3311 plecti,
686 3254 998 3308 rerumque
1036 3238 1365 3292 divinarum
1386 3242 1443 3292 et
1472 3237 1861 3293 humanarum
1899 3234 2106 3290 intelli-

459 3332 662 3397 gentta
696 3326 930 3397 pollare,
964 3332 1022 3381 et
1047 3328 1165 3394 jam
1192 3343 1349 3381 nunc
1372 3326 1526 3381 velut
1559 3327 1616 3380 in
1633 3325 1877 3381 concilio
1907 3324 2106 3380 cceles-

460 3418 600 3471 tium
634 3416 873 3481 versari,
903 3432 1008 3472 nec
1043 3417 1122 3471 rei
1156 3416 1515 3471 terrestrium
1549 3430 1734 3469 rerum
1767 3413 1872 3469 ulli
1904 3414 2107 3469 affixas

459 3508 529 3560 ad
541 3507 874 3573 haarescere,
907 3506 1061 3576 quod
1078 3504 1378 3560 indefessas
1401 3520 1467 3558 ac
1493 3505 1669 3559 beatas
1685 3504 1991 3572 cujusdam
2009 3518 2108 3557 na-

458 3598 610 3648 tura
639 3591 937 3663 proprium
963 3601 1069 3657 est,
1104 3591 1159 3645 id
1196 3594 1266 3645 de
1322 3590 1535 3645 virtute
1584 3589 1869 3659 bonisque
1900 3587 2109 3643 litteris

466 3681 639 3737 nobis
671 3680 935 3751 provenit
965 3696 979 3735 :
1015 3694 1265 3750 quarum
1296 3695 1474 3749 supra
1502 3678 1728 3733 omneis
1758 3678 1949 3733 omnis
1982 3693 2109 3732 me-

464 3769 660 3825 moria:
686 3768 955 3824 homines
988 3768 1207 3838 ingenti
1251 3782 1448 3822 amore
1481 3772 1681 3822 noster
1703 3765 2024 3837 perculsus,
2052 3770 2110 3819 et

462 3874 661 3913 earum
684 3858 1113 3928 possessionem
1151 3856 1326 3909 rebus
1358 3856 1489 3910 aliis
1520 3855 1792 3910 omnibus
1823 3854 2110 3925 antiquio-

464 3963 583 4002 rem
617 3947 857 4010 ducens,
889 3953 989 4000 aut
1017 3946 1209 4000 verius
1234 3945 1283 3999 si
1318 3945 1425 3999 has
1456 3944 1762 3998 habiturus
1785 3948 1945 3999 esset
1975 3959 2102 3998 om-

463 4037 559 4091 nia
585 4051 709 4090 esse
741 4035 1078 4089 habiturum
1113 4042 1293 4098 ratus,
1328 4033 1695 4087 continentia:
1729 4032 1979 4087 maxime
2012 4049 2097 4088 as-

458 4126 760 4195 siduisque
811 4124 1104 4178 laboribus
1154 4138 1389 4192 Operam
1439 4121 1657 4177 dabat:
1721 4138 1855 4175 cum
1899 4137 2104 4177 somno

454 4229 589 4269 vero
622 4213 679 4266 in
707 4211 913 4282 primis
945 4211 1187 4281 ejusque
1209 4210 1558 4263 necessitate
1591 4208 1909 4278 pugnabat,
1941 4209 2021 4261 ita
2043 4215 2108 4263 ut

452 4318 565 4355 non
598 4315 801 4372 parum
833 4300 902 4353 de
923 4303 1086 4353 sueta
1107 4314 1173 4352 ac
1194 4298 1395 4352 debita
1417 4298 1611 4367 quiete
1625 4297 1730 4351 ded
1743 4296 2102 4358 uceret,alia~

454 4407 567 4462 que
596 4391 732 4444 item
767 4389 964 4443 omnia
994 4387 1231 4457 agebat,
1265 4387 1431 4457 queis
1448 4394 1573 4441 tum
1608 4409 1633 4436 ‹‹
1668 4401 1970 4455 corpereas
2001 4403 2100 4440 cu-

459 4478 731 4550 piditates
748 4478 1111 4546 perdomaret
1133 4477 1174 4542 ’,
1196 4496 1223 4526 ››
1252 4480 1306 4531 et
1322 4498 1347 4524 ιι
1376 4474 1662 4529 terrestris
1688 4475 1951 4530 membra
1964 4474 2097 4529 fun-

453 4570 608 4624 ditus
629 4567 974 4636 exstirparet
1004 4567 1025 4598 9
1056 4585 1070 4632 ;
1104 4571 1229 4619 tum
1265 4569 1517 4619 mentem
1552 4567 1896 4634 perpugaret
1925 4580 2091 4620 acue-
2128 4567 2159 4580 “

451 4663 675 4729 retque,
704 4665 753 4712 et
788 4657 858 4710 ad
898 4655 1091 4709 divina
1143 4654 1364 4725 pariter
1415 4652 1856 4723 litterarumque
1903 4654 2096 4707 studia

454 4750 773 4817 promptam
803 4744 1249 4814 expeditamque
1275 4741 1709 4809 pararetAnimi
1742 4757 1995 4810 namque
2015 4758 2096 4796 re~

451 4836 828 4893 missionibus
858 4851 925 4888 ac
955 4834 1123 4902 genio
1158 4830 1453 4886 liberalius
1504 4829 1830 4901 indulgere,
1863 4847 1896 4885 a
1946 4848 2096 4902 pras-

449 4928 665 4998 scripta
693 4924 919 4980 vivendi
956 4923 1077 4993 lege
1112 4936 1211 4989 per
1244 4920 1544 4974 mollitiem
1571 4921 1816 4974 deiicere
1833 4923 1940 4987 est,
1964 4937 2099 4990 qua-

450 5017 615 5087 sique
647 5031 760 5084 prze
792 5014 993 5084 sagina
1021 5024 1399 5078 crassescere,
1422 5017 1475 5063 et
1507 5009 1566 5063 in
1598 5015 1815 5064 terram
1851 5009 2100 5079 degene-

453 5120 616 5171 rare;
648 5103 911 5173 nihilque
948 5116 1146 5156 eorum
1178 5115 1302 5170 quae
1335 5096 1665 5152 necessaria
1699 5106 1856 5159 sunt,
1908 5114 2097 5168 neque

450 5195 644 5249 animo
675 5193 998 5262 concipere,
1030 5205 1219 5260 neque
1240 5204 1413 5259 epere
1442 5185 1938 5257 libenterexsequi
1973 5203 1986 5241 :
2020 5194 2096 5242 te-

450 5283 663 5339 nebras
684 5281 879 5335 animo
910 5280 1267 5347 oﬁundente,
1303 5291 1429 5347 qua:
1460 5276 1873 5331 eximmodicis
1902 5276 2093 5348 epulis

450 5370 755 5433 excitatur,
788 5368 1022 5435 nebula,
1044 5372 1388 5438 rectumque
1404 5364 1644 5419 rationis
1667 5380 1902 5421 cursum
1941 5382 2095 5436 prea-

448 5462 750 5535 pediente:
809 5463 1005 5512 contra
1055 5457 1351 5512 moderata
1409 5454 1837 5541 esculentorum
1908 5456 2090 5510 absti-

452 5550 671 5618 nentia,
741 5551 1009 5603 contento
1068 5545 1261 5601 studio
1338 5547 1508 5614 atque
1584 5542 1893 5598 sobrietate
1950 5561 2089 5600 con-

1188 5727 1210 5761 ⁰
1237 5725 1356 5782 Col.
1390 5741 1476 5793 ιιι,
1504 5721 1560 5780 5.

518 5728 546 5765 ⁸
571 5729 738 5787 Rom.
815 5743 936 5797 ιίιι,
965 5727 1021 5797 6,
1057 5727 1111 5780 7.

2290 3145 2409 3219 lg".
2453 3145 2524 3200 Τὸ
2582 3145 2684 3221 γὰρ
2834 3141 2963 3200 ὄντα
3021 3144 3131 3201 ἐστῖ
3192 3146 3259 3200 τὰ
3313 3141 3441 3200 ὄντα
3496 3141 3718 3214 εῗδέναι,
3774 3140 3857 3198 καὶ

2217 3234 2371 3288 θείων
2431 3256 2489 3289 τε
2545 3237 2631 3291 καὶ
2693 3236 3047 3310 ἂνθρωπίνων
3102 3235 3438 3310 πραγμάτων
3493 3234 3858 3307 ἐπιστήμονας

2215 3323 2379 3392 εἶναι,
2430 3324 2519 3377 καὶ
2576 3323 2881 3379 πολιτεύειν
2938 3322 2991 3378 ἐν
3048 3325 3262 3397 οὐρανῷ
3339 3321 3613 3388 δύνασθαι,
3681 3325 3756 3397 μὴ
3813 3319 3857 3374 δ’

2217 3413 2419 3484 ὁτῳοῦν
2498 3417 2606 3467 τῶν
2680 3411 2811 3486 τῇδε
2894 3414 3364 3487 προσπάσχοντας,
3425 3413 3710 3484 ἁκαμάτου
3773 3409 3853 3465 καί

2223 3501 2489 3577 μακαρίας
2541 3502 2749 3580 φύσεως
2790 3500 2933 3557 ’ίδιον
2978 3504 3056 3571 ὃν,
3098 3501 3147 3574 ἐξ
3198 3500 3282 3578 ἄρ’
3320 3501 3516 3576 ἀρετῆς
3559 3501 3647 3556 καὶ
3689 3500 3857 3575 λόγων

2215 3585 2358 3645 ἔστιν
2416 3594 2594 3666 ἡμῖν⁶
2627 3593 2702 3647 ὧν
2760 3592 2918 3653 οὗτος
2975 3593 3100 3665 παρ’
3158 3591 3395 3646 ὁντινοῦν
3452 3591 3526 3644 ὦν
3572 3589 3734 3662 ’ίσμεν
3783 3590 3854 3650 εἰς

2216 3672 2390 3753 ἔρωτα
2450 3682 2673 3753 μανικὸν
2722 3681 3007 3749 καταστὰς,
3039 3681 3128 3734 καὶ
3179 3680 3329 3742 ὅπως
3376 3681 3643 3750 κτήσαιτο
3700 3682 3857 3733 ταῦτα

2216 3771 2335 3842 περὶ
2381 3767 2631 3832 πλείονος
2687 3768 2836 3844 ἄγων
2887 3774 2996 3824 τῶν
3054 3768 3264 3838 ἄλλων,
3301 3767 3514 3841 μᾶλλον
3545 3765 3592 3822 δ’
3622 3767 3674 3822 εἴ
3715 3766 3856 3823 ταῦθ’

2215 3854 2336 3925 ἔξει,
2386 3859 2452 3912 τὰ
2498 3857 2652 3912 πάνθ’
2691 3854 2851 3930 ἕξειν,
2898 3857 3160 3931 νομίζων,
3214 3857 3496 3931 ἐγκρατείᾳ
3542 3855 3630 3911 καὶ
3683 3856 3858 3915 πόνοις

2215 3946 2290 4009 ὡς
2351 3946 2572 4019 μάλιστ’
2629 3945 2879 4021 ἐχρῆτο·
2928 3947 3017 4001 καὶ
3105 3942 3488 4015 παρεϐάλλετο
3567 3945 3666 4019 μέν
3723 3945 3852 4018 πρὸς

2214 4033 2374 4089 ὕπνον
2415 4036 2506 4089 καὶ
2553 4037 2651 4103 τήν
2694 4035 2930 4091 ἐντεῦθεν
2975 4035 3216 4109 ἀνάγκην
3243 4054 3256 4067 ο
3292 4035 3365 4097 ὡς
3412 4034 3500 4089 καὶ
3547 4038 3644 4088 τοῦ
3692 4054 3851 4105 νομι-

2214 4123 2445 4197 ζομένου
2498 4145 2556 4179 τε
2608 4125 2696 4179 καὶ
2754 4126 3123 4199 προσήκοντος
3181 4126 3245 4178 οὐ
3329 4124 3525 4198 μικρὸν
3606 4123 3846 4200 ὑφιέναι⁹

2211 4214 2383 4268 πάντα
2439 4211 2484 4267 δ’
2515 4213 2709 4279 ἐποίει,
2752 4215 2895 4287 ὁμοῦ
2958 4213 3052 4286 μὲν
3098 4214 3161 4268 τὸ
3191 4215 3445 4291 φρόνημα
3495 4219 3595 4282 τῆς
3656 4211 3849 4286 σαρκὸς

2209 4301 2612 4371 καταστέλλων,
2662 4305 2751 4357 καὶ
2805 4302 2934 4358 τάπὶ
2985 4310 3088 4378 γῆς
3136 4303 3279 4375 μέλη
3324 4306 3553 4376 νεκρῶν,
3606 4302 3748 4373 ὁμοῦ
3794 4296 3850 4353 δὲ

2209 4392 2299 4444 καὶ
2332 4391 2425 4445 οὸν
2455 4396 2580 4446 νοῦν
2608 4393 2881 4465 καθαίρων
2909 4412 2968 4447 τε
3007 4392 3097 4446 καὶ
3148 4391 3448 4461 λεπτύνων,
3480 4390 3568 4446 καί
3614 4390 3751 4466 πρός
3797 4409 3852 4443 τε

2213 4481 2279 4533 τὰ
2337 4482 2451 4535 θεῖα
2507 4481 2596 4535 καὶ
2643 4480 2769 4543 τοὺς
2822 4480 3017 4557 λόγους
3049 4481 3241 4543 αὐτοὺς
3272 4481 3509 4554 ἑτοίμως
3539 4477 3686 4555 ἔχειν
3742 4500 3851 4533 πα-

2216 4571 2593 4641 ρασκευάζων·
2624 4570 2686 4624 τὸ
2747 4570 2841 4643 μὲν
2898 4571 3002 4644 γὰρ
3054 4569 3283 4631 ἀνέσεως
3321 4571 3411 4624 καὶ
3461 4576 3669 4645 τρυφῆς
3728 4570 3854 4622 ἄπο-

2207 4656 2389 4712 λαύειν
2440 4658 2725 4715 ἐκλύεσθαι
2782 4680 2883 4715 του
2946 4660 3340 4728 καθεστηκότος
3400 4658 3533 4727 ἐστὶ,
3590 4657 3678 4712 καὶ
3738 4660 3848 4711 οἷον

2210 4748 2539 4820 παχύνεσθαι
2597 4746 2685 4801 καὶ
2746 4748 3025 4821 γεοῦσθαι,
3084 4747 3173 4803 καὶ
3230 4744 3397 4820 μηδὲν
3455 4750 3563 4801 τῶν
3625 4744 3851 4800 δεόντων

2210 4838 2351 4907 μήτε
2408 4842 2573 4904 νοεῖν,
2602 4838 2740 4907 μήτε
2787 4836 3042 4909 πράσσειν
3098 4836 3390 4909 αἱρεῖσθαι,
3441 4843 3540 4903 τῆς
3598 4832 3849 4889 ἀναδιδο-

2211 4926 2373 4995 μένης
2431 4925 2692 4981 ἐντεῦθεν⁶
2749 4924 3141 4993 ἐπισκοτούσης
3207 4924 3442 4999 ἀχλύος,
3499 4924 3589 4980 καὶ
3648 4927 3848 4998 χωρεῖν

2204 5012 2340 5065 κατὰ
2383 5011 2539 5085 φύσιν
2584 5013 2676 5067 τὸν
2723 5010 2993 5087 λογισμὸν
3041 5011 3141 5066 οὐκ
3190 5012 3385 5082 ἐώσης,
3414 5013 3478 5066 τὸ
3510 5008 3567 5066 δὲ
3605 5018 3705 5080 τῆς
3755 5030 3848 5085 γι-

2203 5101 2472 5174 γνομένης
2538 5099 2746 5165 ἀσιτίας
2808 5102 3126 5176 τυγχάνειν,
3181 5100 3315 5174 μετᾶ
3370 5101 3625 5155 συντόνου
3684 5120 3845 5155 σπου-

2206 5186 2304 5257 δῆς
2361 5190 2450 5242 καὶ
2506 5190 2693 5263 νήφειν
2740 5190 2982 5260 καθάπαξ
3016 5189 3287 5265 μετέωρόν
3334 5211 3455 5245 τινα
3502 5189 3594 5245 καὶ
3643 5192 3840 5266 κοῦφον

2202 5278 2590 5350 παρασκευάζει
2649 5279 2742 5333 τὸν
2789 5282 2932 5351 νοῦν,
2982 5280 3072 5333 καὶ
3117 5279 3349 5353 κρείττω
3398 5281 3487 5334 καὶ
3546 5276 3841 5352 δεινότερον

2199 5371 2317 5429 τοῖς
2370 5367 2655 5442 πράγμασι
2710 5368 2987 5441 χρῆσθαι’
3031 5368 3148 5423 ἀνθ’
3194 5367 3267 5423 ὧν
3322 5369 3509 5425 ἑαυτὸν
3564 5371 3647 5430 οἷς
3703 5361 3837 5444 ἔφην

2200 5452 2448 5523 ἐξήσκειο
2501 5454 2590 5509 καὶ
2645 5455 2822 5510 τοίνυν
2877 5460 2947 5530 τῇ
3003 5462 3103 5526 τῆς
3152 5457 3362 5533 φύσεως
3419 5455 3700 5531 περιουσία
3745 5453 3834 5507 καὶ

2202 5543 2362 5621 ῥώμῃ
2416 5543 2505 5598 καὶ
2562 5543 2629 5598 τὰ
2680 5546 2779 5610 τῆς
2836 5543 3079 5615 σπουδῆς
3150 5545 3200 5617 ἐξ
3278 5543 3605 5620 ἀντιρῥόπου
3661 5562 3832 5617 παρα-
