4092 6300
242 380 343 446 233

1250 391 1652 460 LAUDATIO
1695 393 1759 454 S.
1808 387 2180 452 GREGORII
2225 383 2637 446 THEOLOGI.

3533 389 3649 452 234

244 526 424 592 σκευῆς
467 525 641 584 ὅντως
692 526 972 598 προσθεὶς,
1015 525 1104 580 καὶ
1150 527 1518 598 καταλλήλως
1576 527 1743 603 ἄμφω
1798 546 1865 580 κεη

1998 523 2232 594 juncta,
2272 520 2529 575 animum
2563 518 2877 576 sublimem
2909 521 3106 576 omino
3137 522 3462 594 agilemque
3492 529 3547 577 et
3579 525 3647 579 ad

235 617 392 681 ρασας
442 613 536 665 καὶ
589 614 871 689 συνηφὼς,
930 613 981 684 ἐξ
1030 616 1105 667 ὧν
1153 615 1459 689 ἀνθρώποις
1517 617 1582 671 τὰ
1630 616 1887 688 κράτιστα

232 698 492 774 γίγνεται,
559 701 736 763 οὕτως
819 702 982 775 ὀξέως
1060 704 1105 758 εί
1179 701 1260 759 δεῖ
1334 707 1611 776 συντόμως
1695 704 1886 772 εἰπεῖν,

231 787 443 859 ἀπάσης
475 789 707 864 λογικῆς
761 789 1074 864 ἐπιστήμης
1119 793 1194 856 εἰς
1240 790 1402 868 ἄκρον
1449 791 1642 861 ἤλασε,
1674 793 1758 846 καὶ
1819 790 1887 845 τα

229 875 432 949 πολλῷ
482 880 635 950 πόνῳ
679 880 771 934 καὶ
825 883 983 956 μόγις
1030 887 1147 943 τοῖς
1195 879 1388 943 ἄλλοις
1436 882 1714 952 κτηθέντα,
1754 879 1888 952 μετᾶ

227 968 500 1036 τοσαύτης
561 968 746 1022 οὑτοσὶ
821 972 1169 1046 κατωρθώκει
1246 972 1551 1046 ῥηστώνης,
1603 972 1677 1033 ὡς
1745 967 1885 1041 μηδὲ

232 1057 611 1126 μεμαθηκέναι
687 1061 855 1113 ταῦτα
922 1056 1069 1129 δόξαι
1141 1056 1360 1138 σχεδὸν,
1439 1057 1565 1115 ἀλλ’
1642 1059 1883 1128 ἀναμνη-

230 1146 451 1214 σθῆναι,
482 1147 574 1201 καὶ
624 1147 808 1222 ὥσπερ
868 1151 1287 1224 προεγνωσμένα
1333 1149 1501 1206 πάλιν
1549 1145 1838 1204 ἀναλαϐεῖν
1867 1191 1880 1204 .

226 1235 304 1297 ὡς
351 1235 443 1290 καὶ
492 1234 822 1294 κινδυνεύειν
872 1239 956 1294 ἐπ’
984 1240 1154 1296 αὐτοῦ
1201 1241 1371 1313 μόνου
1419 1241 1510 1295 τὸν
1538 1244 1634 1294 τοὺ
1669 1239 1881 1312 Σαμίου

225 1328 325 1378 τοῦ
377 1331 551 1400 σοφοῦ
610 1324 771 1400 λόγον
833 1329 1022 1406 χώραν
1078 1331 1393 1398 κεκτῆσθαις
1449 1329 1540 1383 καὶ
1618 1329 1717 1398 τήν
1779 1327 1883 1400 μά-

227 1414 384 1483 θησιν
418 1415 632 1488 ἆνάμνη
644 1437 726 1471 σιν
759 1418 895 1472 εἶναι
908 1463 920 1474 .

1997 613 2265 668 dextrum
2323 625 2516 663 rerum
2581 626 2753 664 usum
2813 611 3092 665 acriorem
3173 613 3651 682 solertioremque

1997 701 2201 756 reddit.
2227 699 2312 754 Ob
2343 697 2464 751 haec
2485 697 2678 766 igitur,
2702 699 2783 752 ita
2815 705 2877 752 ut
2907 698 3651 772 diximus,diligentissime

1993 807 2124 845 sese
2171 789 2475 843 exercuit:
2530 793 2585 840 et
2643 787 2860 857 ingenii
2914 791 3262 860 praetentim
3324 791 3650 860 Opibusque

1994 877 2198 949 mquali
2223 881 2502 947 apparatu
2535 875 2894 946 diligentiam
2952 878 3102 932 bona
3135 877 3253 932 fide
3292 879 3646 951 adjungens,

1994 965 2472 1034 convenientique
2496 969 2808 1034 utrumque
2831 965 3050 1020 ratione
3083 976 3410 1035 temperans
3433 985 3499 1023 ac
3517 984 3649 1022 con-

1996 1061 2256 1118 nectens,
2289 1069 2357 1106 ex
2388 1052 2604 1123 quibus
2636 1053 2690 1106 id
2716 1054 2868 1122 quod
2905 1054 3396 1123 perfectissimum
3432 1063 3522 1110 est
3552 1058 3647 1110 ho-

1993 1144 2246 1198 minibus
2274 1141 2550 1196 exsistere
2583 1139 2759 1205 solet;
2797 1145 2875 1196 ita
2904 1142 3190 1208 celeriter,
3223 1145 3272 1198 si
3333 1146 3504 1200 verbo
3564 1147 3645 1200 di-

1993 1235 2178 1288 cenda
2208 1248 2299 1286 res
2323 1232 2514 1286 omnis
2547 1230 2810 1288 liberalis
2841 1233 3110 1288 doctrinaa
3141 1235 3411 1291 verticem
3469 1253 3648 1291 occu-

1997 1323 2241 1394 pavit,et
2269 1337 2396 1391 quae
2431 1319 2611 1374 multo
2645 1319 2838 1374 labore
2868 1337 3017 1390 aegre
3048 1321 3479 1394 difﬁculterque
3516 1326 3645 1378 aliis

1993 1415 2424 1482 comparantur,
2463 1415 2621 1462 tanta
2653 1409 2931 1464 facilitate
2963 1411 3348 1482 felicitateque
3377 1411 3643 1477 absolvit,

227 1510 290 1560 ut
338 1506 440 1560 illa
510 1511 937 1580 propemodum
998 1527 1109 1565 non
1189 1511 1482 1578 didicisse,
1543 1511 1625 1566 sel
1697 1505 2117 1564 reminiscendo
2183 1502 2604 1569 recognovisse,
2661 1499 2962 1568 velutique
3039 1503 3400 1571 praecognita
3456 1502 3646 1559 denuo

228 1595 565 1666 recoluisse,
594 1599 907 1655 videretur.
947 1601 1101 1656 Adeo
1133 1611 1193 1656 ut
1229 1603 1287 1657 in
1321 1618 1436 1656 uno
1469 1599 1746 1670 Gregorio
1804 1597 1994 1652 locum
2053 1590 2332 1646 habuisse
2361 1588 2539 1643 videri
2573 1594 2748 1658 queat
2797 1590 3085 1658 sapientis
3143 1591 3324 1646 Samii
3381 1591 3592 1648 dictum
3632 1609 3645 1646 :

231 1709 254 1735 ι
283 1687 573 1743 doctrina!
611 1691 1037 1760 perceptionem
1073 1692 1533 1747 recordationem
1565 1706 1712 1748 esse.
1742 1711 1769 1738 »

292 1777 387 1830 IZ'.
424 1774 607 1831 Ἀλλὰ
642 1799 666 1828 ι
699 1778 824 1836 τοὺς
859 1779 954 1852 μὲν
1004 1777 1325 1852 ἐγκυκλίους
1381 1779 1470 1833 καὶ
1524 1775 1876 1852 προτελείους

225 1867 326 1915 τῶν
387 1862 599 1935 λόγων,
660 1891 686 1917 υ
747 1866 872 1921 ὅταν
933 1864 990 1920 δὲ
1043 1871 1213 1922 ταῦτα
1270 1865 1436 1941 λέγω,
1493 1868 1578 1921 καὶ
1642 1867 1877 1934 ποιητὰς

2059 1771 2225 1827 XVII.
2257 1770 2540 1826 Caaterum
2574 1770 2805 1825 corbem
2840 1769 3006 1824 illum
3040 1771 3263 1825 artium
3290 1770 3642 1827 liberalium,

1990 1861 2271 1930 variaeque
2299 1858 2656 1913 eruditiones
2688 1857 3079 1924 initiamenta,
3100 1880 3127 1906 ιι
3162 1860 3218 1912 in
3244 1875 3489 1930 quorum
3514 1877 3644 1913 cen-

225 1949 622 2025 ξυλλαμϐἇνω,
670 1957 704 2023 ἡ
756 1957 953 2028 πατρὶς
1005 1956 1060 2008 εὖ
1121 1957 1269 2028 μάλα
1325 1956 1414 2010 καὶ
1476 1955 1610 2028 μετά
1662 1952 1865 2009 πολλοί

1987 1965 2050 2003 su
2084 1957 2136 2002 et
2169 1953 2363 2018 poetas
2403 1947 2850 2017 comprehendo,
2879 1946 3099 2015 pridem
3131 1947 3241 2017 ipsi
3271 1948 3456 2016 patria
3484 1965 3644 2019 egre-

224 2045 310 2093 τοῦ
357 2042 657 2115 περιόντος
705 2045 884 2115 τούτῳ
933 2046 1199 2118 παρέσχεν
1256 2044 1616 2117 ἐκμελετῆσαί
1673 2064 1729 2097 τε
1784 2043 1873 2097 καὶ

225 2128 522 2184 σπουδάσαι
613 2132 701 2185 καὶ
789 2135 1249 2207 κατεργάσασθαι,
1333 2130 1655 2203 ἐπιτηδείως
1737 2134 1874 2203 πρὸς

221 2222 356 2271 τοῦτ’
389 2215 630 2292 ἔχουσα,
673 2221 761 2274 καὶ
813 2219 1083 2293 δυναμένη
1115 2223 1248 2283 τοὺς
1298 2223 1346 2290 ἐξ
1396 2223 1565 2288 αὐτῆς
1610 2222 1697 2274 καὶ
1748 2220 1873 2274 τού-

222 2328 326 2368 τοις
385 2306 721 2381 δωρεῖσθαι·
780 2312 841 2364 τό
900 2332 961 2383 γε
1023 2313 1132 2383 μὴν
1167 2312 1221 2365 εὗ
1261 2309 1509 2365 δύνασθαι
1561 2310 1754 2384 λέγειν,
1784 2309 1872 2363 καὶ

228 2397 348 2449 εἶναι
412 2398 723 2470 ῥητορικὸν
774 2400 863 2452 καὶ
925 2397 1096 2454 δεινὸν
1161 2400 1213 2454 ἐν
1274 2398 1709 2476 συλλόγοις,καὶ
1755 2399 1870 2453 πεί-

231 2483 327 2535 θειν
374 2481 530 2559 ἔχειν
587 2486 894 2560 ἕκασταχοῦ
946 2488 1080 2559 μετὰ
1125 2488 1325 2549 παντὸς
1376 2493 1472 2543 τοῦ
1515 2487 1750 2555 δικαίου,
1782 2486 1870 2540 καὶ

233 2575 311 2623 νῦν
359 2575 454 2644 μὲν
513 2576 588 2627 τὰ
643 2573 899 2647 βέλτιστα
944 2573 1359 2648 ωμόουλεόειν,
1410 2574 1501 2630 νῦν
1553 2574 1609 2630 δὲ
1653 2574 1871 2630 ἀδικου-

235 2660 400 2730 μένοις
448 2663 704 2734 ἀμύνειν,
756 2663 846 2716 καὶ
895 2663 1076 2736 νόμων
1134 2663 1514 2739 προίστασθαι,
1561 2665 1652 2719 καὶ
1692 2664 1872 2718 τάκεί-

229 2771 325 2802 νων
372 2746 658 2824 βεϐαιοῦν,
717 2752 808 2806 καὶ
859 2753 922 2806 τὸ
983 2753 1255 2828 μέγιστον,
1317 2751 1518 2828 λόγους
1584 2757 1712 2815 τοὺς
1774 2753 1870 2824 μὶν

221 2846 406 2908 ποιεῖν,
469 2841 604 2901 τοὺς
665 2837 742 2910 δὲ,
794 2839 995 2916 κρίνειν
1055 2841 1270 2911 εἰδέναι,
1329 2845 1412 2897 καὶ
1467 2845 1528 2897 τὸ
1585 2845 1868 2917 γινόμενον

220 2931 408 2998 σώζειν
472 2929 820 3006 ἁπανταχοῦ,
880 2933 979 2999 τήν
1043 2931 1221 2986 τοίνυν
1277 2931 1514 2986 τοσαῦτα
1560 2931 1649 2985 καὶ
1707 2931 1868 3001 τηλι-

213 3021 380 3071 καῦτα
439 3014 747 3089 δυναμένην
794 3021 1113 3092 ῥητορικὴν,
1163 3021 1253 3075 καὶ
1305 3021 1441 3096 μέγα
1492 3021 1588 3093 μὲν
1635 3024 1713 3091 τῷ
1766 3021 1870 3094 βίῳ

215 3108 346 3160 κατὰ
381 3108 448 3161 τὸ
481 3103 615 3167 ἔπος
677 3104 854 3182 ὄνειαρ
887 3107 1048 3162 οὖσαν
1077 3127 1089 3139 ·
1126 3107 1411 3179 ζηλωτοὺς
1452 3108 1506 3163 δὲ
1565 3109 1692 3184 ἄγαν
1746 3110 1870 3170 τοὺς

219 3193 430 3256 εἰδότας
492 3194 790 3265 δεικνῦσα-δ,
841 3196 1103 3266 ἐκτήσατο
1191 3197 1286 3270 μὲν
1360 3197 1434 3258 εἰς
1511 3196 1868 3266 Παλαιστίνην

220 3281 414 3350 ἐλθὼν,
480 3285 573 3338 καὶ
645 3291 762 3346 τοῖς
841 3285 954 3340 ἐκεῖ
1030 3283 1441 3359 παιδευτηρίοις
1524 3283 1868 3358 ἐνδιατρίψας

226 3373 462 3442 μάλιστα
520 3374 738 3426 πάντων
797 3374 1265 3446 ἀντιποιουμένοις
1323 3381 1421 3441 τῆς
1455 3377 1651 3447 τέχνης
1680 3395 1690 3406 ⁸
1727 3373 1868 3427 οὕτω

223 3459 274 3514 δὲ
324 3467 406 3531 τῷ
469 3461 810 3539 μεγαλοφυεῖ
863 3466 964 3527 τῆς
1022 3463 1186 3517 αὐτοῦ
1235 3461 1496 3527 διανοίας,
1530 3460 1666 3536 ἅπερ
1706 3461 1865 3531 ε’ίλη-

222 3571 328 3621 ῳεν,
363 3549 572 3620 ηὗξηκε
603 3553 691 3604 καὶ
733 3552 1092 3623 κεκόσμηκεν,
1133 3554 1207 3613 ὡς
1254 3553 1380 3612 τοὺς
1430 3552 1596 3606 αὐσοῦ
1647 3555 1866 3626 λόγους,

219 3642 398 3693 καινόν
460 3661 514 3693 τι
571 3641 660 3693 καὶ
715 3639 1020 3696 ἀλλόκοτον
1076 3643 1212 3696 εἶναι
1271 3649 1466 3716 χρῆμα
1500 3638 1702 3707 δοκεῖν,
1738 3643 1863 3695 θαυ-

223 3728 563 3802 μαζομένους
617 3730 712 3802 μὲν
765 3730 852 3805 ὑφ’
880 3731 1156 3797 ἁπάντων,
1191 3729 1382 3803 μηδενὶ
1433 3729 1488 3784 δὲ
1532 3731 1665 3804 πρὸς
1701 3731 1866 3798 ζῆλον

221 3818 416 3879 ἰόντας.

1987 2039 2078 2108 gie
2110 2037 2392 2108 plenaque
2416 2054 2590 2092 manu
2624 2035 2954 2099 ediscenda,
2991 2037 3259 2106 serieque
3291 2035 3488 2091 studio
3523 2055 3643 2105 pcr-

1986 2122 2291 2177 tractanda
2333 2124 2674 2187 tradiderat,
2736 2125 2880 2178 satis
2920 2125 3019 2178 illa
3096 2142 3235 2180 sane
3310 2128 3518 2182 idonea
3567 2129 3634 2182 ad

1988 2213 2134 2266 hanc
2162 2229 2280 2266 rem
2317 2214 2615 2282 magistra,
2647 2220 2702 2266 et
2734 2230 2860 2282 qua:
2893 2215 3065 2268 hasce
3094 2215 3268 2269 etiam
3315 2224 3466 2268 arti-3
3496 2218 3633 2270 civi-

1986 2305 2096 2357 bus
2119 2306 2244 2357 suis
2280 2306 2570 2372 impertire
2604 2315 2810 2374 posset.
2848 2306 3022 2358 Porro
3057 2315 3117 2359 ut
3150 2306 3294 2361 bene
3325 2319 3638 2376 ornateque

1983 2392 2215 2448 dicendi
2246 2393 2576 2449 facultatem
2599 2395 3217 2464 consequeretur,elin
3250 2397 3630 2453 con--ionibus

1986 2481 2185 2537 diserti
2243 2484 2488 2537 oratoris
2548 2491 2738 2552 partes
2812 2491 3091 2551 tueretur,
3158 2487 3429 2552 omnique
3513 2487 3637 2541 loco

1987 2573 2317 2628 animorum
2361 2575 2616 2628 habenas
2674 2573 3007 2644 aequissimo
3050 2575 3185 2643 jure
3244 2579 3485 2638 teneret,
3518 2577 3637 2631 sive

1984 2661 2195 2730 optima
2251 2678 2494 2732 quaeque
2546 2664 2838 2727 suaderet,
2881 2662 2998 2716 sive
3056 2663 3272 2732 injuria
3337 2667 3634 2735 oppressis

1984 2749 2232 2815 adesset,
2268 2753 2576 2821 legumque
2604 2750 2865 2821 ipsarum
2900 2767 3134 2806 causam
3167 2752 3499 2819 susciperet,
3532 2753 3632 2808 iis-

1985 2855 2098 2909 que
2131 2841 2531 2895 auctoritatem
2566 2857 2729 2895 suam
2772 2847 3060 2896 astrueret
3092 2859 3104 2896 :
3138 2848 3195 2896 et
3252 2841 3408 2912 quod
3469 2844 3635 2896 facile

1991 2929 2248 2998 primum
2281 2935 2391 2997 est,
2427 2941 2489 2986 ut
2519 2931 2808 2985 orationes
2855 2936 2911 2983 et
2967 2933 3091 3001 ipse
3117 2932 3445 2995 conficeret,
3478 2938 3534 2987 et
3564 2935 3634 2986 de

1983 3017 2189 3073 alienis
2245 3020 2425 3090 perite
2481 3022 2826 3074 sententiam
2885 3022 3076 3085 ferret,
3122 3020 3513 3092 omnibusque
3572 3021 3630 3074 in

1982 3110 2154 3164 rebus
2186 3111 2455 3165 decorum
2487 3116 2738 3165 servaret
2765 3130 2778 3177 ;
2815 3110 2964 3164 hanc
3008 3112 3272 3181 inquam,
3300 3126 3426 3180 quin
3486 3109 3630 3164 tales

1981 3203 2290 3268 tantasque
2323 3216 2439 3253 una
2482 3201 2710 3252 eflicere
2754 3216 2845 3252 res
2895 3205 3102 3268 potest.
3149 3205 3330 3253 artem
3383 3199 3627 3252 rhetori-

1979 3304 2130 3353 cam,
2164 3289 2287 3342 vitai
2312 3288 2598 3357 humanas,
2629 3295 2688 3342 ut
2719 3289 2943 3359 poetico
2988 3288 3162 3342 verbo
3207 3295 3336 3341 utar
3363 3289 3442 3356 (1)
3474 3310 3501 3335 ‹ι
3535 3289 3625 3341 in—

1919 3359 1942 3421 Ῐ
1980 3393 2122 3446 gens
2164 3378 2490 3448 priesidium
2514 3378 2851 3431 etcolnmen
2872 3399 2897 3424 υ
2921 3377 3359 3445 ἱιινὶᾶθῐιάωουο
3382 3377 3622 3430 felicita-

1980 3467 2054 3518 tis
2089 3467 2470 3521 familiaribus
2510 3468 2632 3520 suis
2663 3465 3212 3530 conciliatricem,in
3254 3466 3621 3520 Palaestinam

1979 3555 2285 3622 profectus,
2308 3555 2550 3625 ejusque
2578 3557 2633 3608 in
2666 3555 2883 3608 scholis
2914 3569 3174 3620 versans,
3208 3569 3334 3623 quae
3359 3553 3618 3608 stuodio-

1977 3641 2207 3696 sissime
2237 3644 2499 3697 omnium
2533 3644 2796 3697 oratoriae
2820 3658 3054 3713 operam
3087 3644 3246 3705 dant,
3262 3642 3372 3696 sibi
3396 3658 3621 3710 compa-

1976 3732 2139 3784 rabat
2172 3747 2184 3783 :
2222 3748 2350 3786 mox
2410 3733 2585 3785 insita
2625 3733 2801 3785 animi
2857 3730 3258 3796 magnitudine
3314 3746 3440 3800 quas
3503 3729 3617 3784 illic

1975 3820 2242 3873 hauserat
2273 3819 2328 3872 in
2354 3825 2579 3872 tantum
2596 3821 3135 3888 auxitornavitque,
3156 3827 3213 3872 ut
3234 3817 3390 3872 illius
3411 3819 3617 3886 oratio,

217 3924 302 3965 res
342 3911 620 3981 quadam
656 3926 801 3966 nova
824 3915 880 3965 et
905 3912 1186 3968 inusitata
1242 3927 1364 3968 esse
1392 3912 1724 3967 videretur:
1773 3909 2116 3966 admiranda
2173 3909 2410 3978 quidem
2469 3909 2766 3974 omnibus,
2805 3909 2903 3962 sed
2963 3924 3089 3978 quas
3150 3908 3372 3962 nemini
3430 3925 3619 3964 armu-

217 3998 450 4054 lationis
479 4014 640 4068 spem
677 3999 1047 4071 relinqueret.

282 4088 390 4142 lH'.
426 4086 579 4139 Ἐπεὲ
639 4083 697 4140 δὲ
751 4088 838 4141 καὶ
896 4092 995 4142 τοῦ
1042 4089 1259 4142 πάντων
1312 4087 1571 4164 μεγίστου
1602 4087 1690 4141 καὶ
1722 4085 1856 4141 καλ-

219 4174 401 4229 λέστου
474 4175 566 4228 καὶ
637 4175 972 4230 τελεωτάτου
1046 4182 1232 4252 τυχεῖν
1308 4175 1583 4249 ἐπεθύμει,
1646 4175 1735 4230 καὶ
1795 4176 1858 4229 οὗ

215 4265 390 4341 χωρὶς
451 4260 659 4316 οὐδ’ἃν
718 4265 800 4328 εἷς
854 4265 1070 4319 πάντων
1128 4264 1214 4333 ε’ίη
1278 4285 1461 4340 σαφ’-ς.
1494 4265 1587 4319 κᾶν
1635 4264 1679 4318 εἰ
1729 4268 1857 4318 πᾶσι

210 4350 435 4428 προῦχῃ
482 4357 600 4414 τοῖς
648 4351 866 4425 ἄλλοις,
909 4356 971 4408 τὸ
1019 4355 1268 4428 μέγιστον
1305 4358 1516 4410 πάντων
1546 4355 1642 4409 οὐκ
1686 4352 1856 4428 ἔχων,

213 4443 474 4516 μέγιστον
543 4437 600 4494 δὲ
651 4443 863 4496 πάντων
922 4443 1239 4520 φιλοσοφία,
1281 4447 1372 4499 ἅτε
1425 4445 1594 4517 τέχνη
1647 4448 1855 4517 τεχνῶν

210 4531 298 4585 καὶ
358 4530 645 4602 ἐπιστήμη
705 4529 1040 4603 ἐπιστημῶν,
1083 4531 1190 4586 δεῖν
1250 4531 1383 4608 ἔγνω
1435 4534 1634 4587 τούτου
1693 4533 1857 4606 χάριν

208 4620 306 4687 τήν
370 4616 737 4688 Παλαιστίνην
793 4618 992 4686 λιπὼν,
1025 4620 1112 4674 ἐπὶ
1171 4623 1270 4689 τὴν
1333 4618 1687 4691 Ἀλεξάνδρου
1743 4639 1858 4694 χω-

211 4713 395 4779 ρῆσαι,
433 4707 497 4759 οὐ
563 4707 728 4778 μόνον
779 4707 972 4760 κάλλει
1024 4711 1111 4761 καὶ
1162 4710 1300 4763 θέσει
1349 4711 1436 4762 καὶ
1485 4709 1718 4782 μεγέθει,
1769 4709 1856 4762 καὶ
1892 4727 1934 4789 D

622 4795 1102 4870 μεγαλαυχοῦνται
1173 4797 1364 4858 πόλεις
1435 4819 1662 4869 σεμνυνο
1672 4797 1833 4867 μένην
1845 4842 1858 4865 ,

208 4883 353 4938 ἀλλὰ
397 4886 488 4937 καὶ
539 4888 618 4954 τῷ
662 4883 838 4959 λόγων
896 4887 951 4938 εὗ
1006 4885 1156 4954 ἥκειν
1188 4891 1549 4956 τοτηνικαῦτα
1577 4887 1666 4939 καὶ
1698 4883 1857 4960 προῦ-

208 4802 367 4849 πᾶσιν
452 4796 532 4856 οἷς

210 4991 326 5046 χειν
377 4969 534 5045 ἔχειν
586 4971 639 5026 ἐν
695 4979 910 5035 τούτοις
982 4980 1210 5030 τοσοῦτο
1285 4976 1722 5048 θαυμαζομένην,
1782 4976 1856 5038 ὡς

208 5064 471 5115 πάντοθεν
519 5063 724 5124 πάντας
795 5064 922 5123 τούς
985 5084 1044 5118 τε
1099 5063 1325 5131 ἄλλους,
1383 5065 1471 5118 καὶ
1533 5067 1615 5125 οἷς
1675 5063 1851 5138 λόγων

209 5145 375 5204 ἔνεστι
433 5148 622 5226 λόγος,
682 5151 816 5223 πρὸς
874 5153 1066 5222 ἑαυτήν
1122 5153 1442 5207 ἐπισπᾶσθαί
1499 5173 1557 5206 τε
1611 5154 1698 5207 καί
1757 5173 1853 5206 κα-

210 5235 341 5303 λεῖν,
401 5236 653 5299 παιδείας
708 5239 799 5292 καί
851 5239 1030 5315 λόγων
1089 5242 1420 5313 μεθέξοντας,
1480 5242 1570 5296 καὶ
1629 5242 1851 5314 προσέτι

208 5333 312 5381 τῶν
373 5330 428 5382 ἐν
481 5335 604 5389 τοῖς
662 5326 958 5402 δημοσίοις
1005 5331 1250 5404 ταμείοις
1290 5331 1717 5404 ἐναποκειμένων
1772 5332 1853 5405 βι-

211 5413 407 5485 ϐλίων,
491 5415 852 5487 παντοδαπὴν
923 5425 1126 5492 μοῦσαν
1183 5421 1435 5495 ἐχόντων,
1509 5421 1596 5474 καὶ
1681 5418 1850 5476 ὄντων

207 5508 506 5579 τοσούτων,
538 5507 679 5562 ὅσων
740 5504 852 5561 οὐδ’
883 5509 934 5563 ἐν
993 5510 1172 5581 ἁπάσῃ
1223 5508 1416 5584 σχεδὸν
1445 5514 1512 5582 τῇ
1544 5507 1791 5579 Ἑλλάδι,
1825 5509 1853 5562 ὃ

281 5692 361 5759 (1)
391 5689 586 5762 Odyss.
619 5687 712 5758 IV,
745 5689 870 5744 444.

526 5788 785 5851 Panos.
833 5789 940 5854 Ga.
986 5791 1212 5856 CXLV.

2040 4085 2244 4142 XVIII.
2279 4087 2451 4142 Porro
2508 4087 2778 4158 quoniam
2829 4086 2971 4141 illud
3031 4088 3206 4142 etiam
3257 4087 3409 4157 quod
3466 4088 3617 4146 inter

1967 4184 2170 4232 caetera
2200 4179 2525 4234 studiorum
2554 4194 2764 4250 genera
2797 4185 2853 4234 et
2887 4179 3230 4246 maximum,
3257 4182 3314 4232 et
3342 4177 3613 4248 pulcher-

1969 4267 2055 4320 rin
2092 4282 2213 4332 um,
2247 4275 2302 4321 et
2352 4269 2831 4338 perfectissimum
2870 4271 2980 4336 est,
3036 4265 3312 4337 consequi
3359 4268 3563 4322 avebat
3596 4285 3614 4321 :

1967 4371 2083 4408 sum
2109 4372 2222 4426 quo
2247 4358 2365 4410 fieri
2401 4357 2622 4427 nequit,
2657 4361 2715 4409 ut
2771 4356 3098 4409 mortalium
3145 4355 3459 4425 quisquam
3511 4372 3614 4409 sa-

1967 4443 2128 4513 piens
2153 4444 2252 4507 sit,
2284 4445 2508 4500 etiamsi
2533 4444 2588 4498 in
2624 4446 2846 4498 czeteris
2867 4443 3135 4498 omnibus
3159 4449 3613 4514 praestet.usqoe

1966 4548 2032 4586 eo
2063 4531 2200 4586 dum
2233 4533 2482 4587 maximo
2513 4533 2612 4586 illo
2644 4540 2856 4586 careat.
2876 4534 2975 4587 Est
2994 4539 3188 4586 autem
3214 4532 3476 4586 omnium
3497 4549 3612 4586 tua-

1967 4617 2186 4673 ximum
2222 4620 2603 4690 philosOpbia,
2637 4621 2851 4690 quippe
2881 4637 2973 4674 ars
3003 4622 3241 4683 artium,
3272 4626 3327 4672 et
3369 4620 3612 4674 scientia

1967 4709 2341 4761 scientiarum
2366 4711 2469 4776 (2).
2504 4709 2720 4762 Idcirco
2781 4710 2978 4762 relicta
3030 4706 3332 4762 Palaestina
3368 4706 3611 4761 Alexan-

1969 4797 2153 4850 driam
2185 4798 2266 4850 ire
2297 4799 2630 4851 constituit:
2667 4798 2864 4850 urbem
2900 4805 3023 4849 tum
3058 4795 3362 4866 elegantia,
3388 4802 3445 4848 et
3476 4797 3608 4864 situ,

1970 4894 2024 4939 et
2053 4887 2454 4953 amplitudine,
2488 4896 2544 4938 et
2570 4888 2844 4939 omnibus
2880 4886 2948 4938 iis
3005 4887 3075 4937 de
3105 4887 3320 4954 quibus
3374 4885 3610 4954 gloriari

1966 4976 2137 5026 urbes
2188 4973 2394 5038 solent,
2450 4975 2725 5044 inclytam
2766 4980 2934 5027 :tum
2988 4979 3334 5042 cpttmarum
3394 4974 3607 5028 artium

1964 5064 2145 5128 cultu,
2181 5065 2273 5118 illa
2313 5071 2654 5135 tempestate
2689 5065 3194 5122 florentissimo.in
3220 5068 3447 5116 tantum
3465 5080 3611 5116 eom-

1965 5159 2315 5216 mendatam,
2351 5162 2413 5208 ut
2444 5163 2500 5208 et
2531 5154 2674 5208 alios
2707 5169 2905 5208 omnes
2939 5154 3194 5220 undique
3224 5152 3293 5204 ad
3325 5167 3385 5205 se
3431 5161 3607 5206 attra-

1963 5241 2124 5295 heret
2148 5244 2496 5314 acciretque,
2522 5250 2579 5297 et
2610 5259 2708 5297 eos
2742 5241 3160 5312 praecipue,qui
3185 5255 3315 5294 cum
3347 5242 3611 5310 politiore

1966 5330 2322 5386 humanitate
2354 5333 2570 5402 aliquid
2608 5331 2851 5386 rationis
2886 5329 3487 5394 babebant,doctrinaa
3521 5333 3607 5383 fa-

1962 5421 2306 5490 cundiaaque
2339 5422 2646 5492 participes
2681 5418 3286 5482 futuros,et|ibrorum
3311 5423 3607 5489 etiampu-

1965 5510 2132 5565 blicis
2163 5511 2221 5564 in
2255 5510 2627 5566 bibliothecis
2657 5509 3193 5581 repositurum.Qui
3224 5512 3280 5564 et
3311 5509 3609 5564 universas

2033 5690 2115 5764 (2)
2144 5690 2291 5749 Joan
2323 5692 2594 5750 Damase.
2618 5691 2843 5748 Dialect.
2870 5705 2991 5761 cap.
3016 5691 3050 5744 3
