4092 6300
532 402 651 473 235
1840 406 2238 473 THEODULI
2282 405 2632 475 MONACHI
3792 408 3896 477 236

534 541 838 597 Musarum
852 551 991 610 opes
1005 530 1555 608 compiectebantur,
1568 538 1719 592 ettot
1733 551 1974 592 numero
1990 546 2156 594 erant

2292 539 2379 594 καὶ
2426 541 2527 607 τὴν
2573 538 2739 595 πόλιν
2785 539 3075 616 ἐπέραστον
3125 541 3340 615 μᾶλλον
3390 540 3561 596 ἐποίει
3588 543 3703 603 τάῖς
3753 543 3896 621 91lo-

533 634 678 704 quot
698 629 791 685 vix
804 629 860 686 in
876 630 1086 685 cuncta
1106 627 1499 700 reperirentur
1522 627 1761 683 Graecia.
1776 627 1941 691 Quod
1973 628 2158 683 urben

2287 635 2476 684 πονεῖν
2527 630 2897 704 αἱρουμένοις.
2930 631 3004 687 Τὰ
3048 632 3306 706 κράτιστα
3349 632 3528 686 τοίνυν
3581 630 3798 687 ἐντεῦθεν
3850 632 3894 685 έν

527 725 694 778 tanto
734 718 1128 777 amabiliorem
1144 716 1423 774 studiosis
1444 721 1501 774 et
1517 715 1820 774 industriis
1843 716 2158 774 hominihu:

2290 716 2352 773 οὔ
2396 717 2592 791 πολλῷ
2628 723 2707 789 τῷ
2754 719 2939 795 χρόνῳ
2992 719 3347 795 ξυνειλοχὼς,
3378 720 3470 775 καὶ
3531 717 3694 793 μηδὲν
3738 721 3804 782 ὡς
3832 721 3898 775 εἱ-

529 808 826 868 reddebat.
843 811 982 863 Cum
1000 806 1177 878 igitur
1191 822 1303 863 non
1318 805 1491 879 longo
1504 809 1762 879 tempore
1779 821 2047 878 magnam
2062 807 2158 862 ἱιΙὶι

2286 811 2404 861 πεῖν
2465 802 2565 877 ἔξω
2635 807 2954 863 καταλιπὼν
3020 810 3212 864 ἑαυτοῦ
3273 810 3363 864 καὶ
3435 813 3534 864 τοῦ
3592 810 3706 864 καθ’
3757 808 3896 863 αὑτὸν

528 896 970 954 lectissimarum
994 894 1393 951 doctrinarum
1406 894 1523 950 vim
1557 894 2158 967 oollegisset,nihilqu¢

2291 894 2659 970 βουλομένου,
2719 895 2835 952 ἐπεὶ
2891 898 2989 964 τήν
3053 896 3260 973 μητέρα
3314 898 3404 952 καὶ
3458 899 3657 974 τροφὸν
3710 898 3896 967 ἀπάσης

526 987 864 1053 admodum,
898 1001 1045 1057 pene
1074 985 1259 1041 dicam
1293 992 1453 1040 extra
1502 1000 1563 1040 se
1593 1000 1875 1055 suamque
1922 985 2154 1041 discend

2289 983 2478 1062 σοφίας
2504 985 2598 1047 τὰς
2629 986 2885 1056 Ἀθήνας,
2922 984 3204 1062 πόρῤωθεν
3244 986 3388 1059 ἑώρα
3442 992 3558 1048 τοῖς
3610 986 3897 1062 λογισμοῖς,

528 1074 862 1133 aviditatem
876 1074 1267 1146 reliquisset,q
1278 1074 1507 1130 ueniam
1522 1077 1819 1146 parentem
1830 1090 1895 1129 ac
1909 1074 2158 1129 nutricen

2288 1073 2376 1128 καὶ
2429 1073 2635 1129 τούτων
2697 1073 3006 1137 έκπλείονος
3064 1076 3193 1149 ἤρα,
3230 1077 3371 1149 ὁμοῦ
3433 1075 3526 1148 μὲν
3576 1077 3650 1130 ὧν
3677 1077 3775 1131 οὐκ
3800 1076 3896 1150 εἶχε

529 1163 721 1221 omnis
752 1163 1050 1235 sapientiae
1069 1163 1307 1234 Athens,
1326 1162 1468 1218 solis
1482 1161 1948 1219 animisensibus
1982 1178 2013 1217 e
2050 1161 2158 1218 lon'

2286 1161 2626 1234 τευξόμενος,
2658 1164 2799 1237 ὁμοῦ
2858 1160 2917 1218 δὲ
2971 1163 3063 1219 καὶ
3119 1162 3318 1225 ταύτας
3373 1165 3460 1225 οἷς
3489 1162 3646 1226 αὐτὸς
3680 1164 3790 1237 εἶχε
3815 1185 3900 1219 κο-

527 1254 744 1325 ginquo
774 1252 1133 1321 intuebatur,
1150 1267 1400 1323 quarum
1422 1266 1616 1307 amore
1626 1250 1855 1321 jamdiu
1878 1250 2176 1323 ﬂagrabat,

529 1350 651 1399 tum
676 1356 740 1399 ut
778 1342 945 1414 queis
1004 1341 1452 1410 destituebatur,
1492 1355 1560 1396 ea
1615 1339 1732 1395 illic
1765 1344 2128 1412 compararet
2162 1357 2177 1407 ;

2289 1254 2537 1323 σμήσων,
2597 1250 2729 1327 ἄρας
2798 1252 2995 1307 ἐκεῖθεν
3053 1253 3129 1313 ὡς
3204 1253 3460 1330 τάχιστα,
3529 1262 3629 1323 τῆς
3702 1252 3899 1308 ένταῖθα

2287 1340 2555 1418 φερούσης
2583 1338 2939 1396 ἀντεποιεῖτο.

528 1436 655 1488 tum
681 1433 747 1487 ut
767 1430 969 1488 urbem
999 1430 1073 1488 iis
1103 1447 1230 1501 qua
1252 1430 1504 1486 habebat
1527 1434 1843 1485 exornaret.
1860 1428 2207 1485 Alexandria
2236 1434 2666 1502 quamprimum
2687 1431 2916 1489 solvens
2929 1432 2989 1488 in
3011 1432 3161 1488 viam
3183 1431 3326 1488 illuc
3348 1432 3620 1489 ferentem
3646 1450 3705 1489 se
3723 1433 3897 1489 dabat.

595 1521 737 1579 XIX.
780 1525 1108 1578 Conscensa
1136 1521 1333 1591 itaque
1367 1519 1681 1592 Eginetica
1711 1520 1864 1587 navi,
1896 1524 2036 1575 sunt
2066 1536 2170 1574 au—

524 1617 643 1668 tem
674 1610 950 1683 IEginetaa
981 1610 1060 1665 rei
1094 1611 1335 1666 nauticae
1393 1609 1790 1678 scientissimi,
1824 1606 1989 1669 laetus
2035 1624 2169 1664 cum

524 1702 671 1758 latis
701 1701 759 1755 in
791 1699 973 1756 altum
1003 1698 1374 1771 provehitur;
1405 1714 1509 1754 nec
1534 1698 1700 1754 initio
1731 1698 1961 1754 adversi
2001 1699 2173 1770 quid-

526 1808 702 1864 quam
725 1789 1107 1859 sentiebatur,
1132 1806 1237 1845 nec
1266 1794 1390 1845 erat
1419 1788 1657 1845 omnino
1688 1787 1759 1844 de
1808 1805 1920 1860 quo
1970 1803 2170 1860 quere-

526 1884 1111 1949 rentur,contravero
1134 1878 1363 1951 placida
1393 1877 1508 1933 illis
1529 1894 1595 1934 ac
1610 1877 1928 1950 tranquilla
1949 1879 2165 1947 omnia,

2352 1523 2456 1576 16'.
2509 1521 2607 1573 Καὶ
2665 1517 2804 1589 δῆτα
2859 1519 2993 1582 νεὼς
3048 1514 3239 1581 ἐπιϐὰς
3297 1519 3595 1595 Αἴγιναιας,
3657 1519 3811 1576 δεινοὶ
3860 1516 3899 1573 δ’

2279 1607 2428 1661 οὗτοι
2484 1609 2551 1661 τὰ
2605 1608 2853 1677 ναυτικὰ,
2911 1606 3121 1683 χαίρων
3181 1607 3468 1684 χαίρουσιν
3535 1609 3719 1672 αὐτοῖς
3789 1630 3898 1663 συν-

2279 1698 2498 1774 ανήχθη
2521 1716 2534 1728 ·
2568 1699 2657 1752 καὶ
2686 1699 2822 1759 τέως
2852 1698 2945 1772 μὲν
2979 1696 3279 1772 δυσχεροῦς
3330 1696 3547 1761 οὐδενὸς
3600 1698 3901 1775 ἐπειρῶντο,

2278 1783 2393 1840 οὐδ’
2448 1786 2603 1861 εἶχον
2663 1784 2818 1842 οὐδὲν
2878 1785 3158 1843 οὐδοτιοῦν
3214 1787 3510 1859 αἰτιᾶσθαι,
3566 1787 3713 1844 ἀλλὰ
3762 1787 3901 1843 πάντ’

2277 1874 2342 1943 ἦν
2396 1873 2581 1937 αὐτοῖς
2635 1874 2688 1929 έν
2747 1876 3011 1951 ῥᾳστώνῃ,
3070 1876 3160 1930 καὶ
3218 1875 3444 1950 οὐρανὸς
3491 1877 3582 1931 καὶ
3646 1878 3776 1954 νέφη
3820 1875 3897 1931 καὶ

525 1970 759 2036 omium,
828 1968 1034 2037 nubes,
1093 1984 1273 2036 mare,
1344 1983 1460 2036 aer,
1518 1967 1691 2025 verbo
1760 1981 1921 2023 mera
1993 1968 2158 2024 undi-

2278 1962 2539 2034 θάλαττα,
2596 1965 2687 2019 καὶ
2772 1966 2900 2037 ἀὴρ,
2976 1965 3067 2019 καὶ
3141 1964 3206 2019 τὸ
3292 1967 3535 2037 καθάπαξ
3601 1965 3767 2021 εἰπεῖν
3833 1964 3902 2025 εἷς

528 2076 642 2133 que
732 2057 1040 2125 securitas,
1105 2057 1366 2114 Subinde
1438 2072 1573 2113 vero
1659 2072 1938 2113 conversa
2017 2056 2177 2113 velut

526 2146 739 2203 testula
820 2146 883 2203 in
980 2146 1331 2202 contrarium
1421 2162 1513 2203 res
1588 2146 1866 2212 mutari;
1924 2162 2174 2203 commo-

527 2237 665 2291 dum
716 2237 875 2292 enim
934 2235 1345 2292 Parthenicum
1407 2252 1562 2291 mare
1608 2236 2169 2303 transmittentibus,

527 2326 765 2381 decurso
790 2325 917 2396 jam
949 2324 1064 2381 fere
1109 2325 1300 2381 medio
1356 2324 1763 2397 navigationis,
1803 2333 1975 2397 atque
2029 2326 2172 2381 adeo

525 2414 732 2471 salutis
787 2414 931 2469 item
987 2413 1299 2481 curriculo,
1360 2414 1453 2470 hic
1522 2415 1695 2470 turbo
1769 2413 2173 2471 intolerandus

526 2505 803 2575 omnique
836 2504 1138 2569 memoria,
1161 2503 1419 2560 sinautis
1447 2504 1761 2573 credimus,
1793 2504 2168 2576 saevissimus,

526 2593 722 2649 subito
750 2592 990 2665 ingruit.
1022 2593 1151 2649 Mox
1180 2594 1362 2666 igitur
1387 2609 1548 2649 mare
1594 2594 1754 2650 cinni
1799 2594 1859 2648 in
1928 2595 2169 2649 modum

524 2683 1018 2749 misceri,sursum
1051 2684 1442 2755 deorsumque
1474 2699 1685 2756 magna
1711 2682 1762 2738 vi
1793 2682 2166 2754 exagitatam,

524 2788 628 2828 nec
658 2786 900 2842 usquam
915 2773 1234 2828 consistere
1248 2773 1571 2841 situm;sed
1605 2777 1661 2828 et
1690 2772 1987 2844 navigium
2012 2789 2169 2829 nunc

519 2862 772 2919 sublime
802 2866 1088 2928 evectum,
1129 2878 1284 2917 nunc
1308 2863 1473 2933 aquis
1515 2864 1865 2927 demersum,
1899 2879 2012 2933 pra:
2052 2861 2165 2917 ﬂu-

514 2952 725 3019 ctibus,
763 2967 998 3024 prequo
1028 2952 1252 3020 crebra,
1285 2956 1341 3007 et
1370 2951 1663 3021 continua,
1696 2957 1752 3007 et
1783 2953 2168 3008 vehementis-

516 3041 671 3095 sima
702 3040 992 3096 undarum
1021 3039 2166 3112 jactione,nonexigunmultimipericu-

512 3127 553 3183 ii
617 3131 839 3184 metum
898 3128 1313 3199 navigantibus
1369 3128 1590 3198 injecit.
1621 3127 1748 3184 Jam
1805 3128 2025 3186 czeteris
2049 3145 2164 3185 non

514 3217 689 3273 modo
723 3233 877 3273 mors
909 3217 1038 3290 ipsa
1065 3217 1404 3285 imminens,
1439 3218 1537 3273 sed
1569 3225 1623 3274 et
1668 3234 1827 3274 mors
1873 3217 1933 3274 in
1992 3219 2166 3274 undis

511 3306 1196 3403 suli'erenda,-perquam
1264 3305 1561 3363 horribilis
1634 3307 1760 3403 visa
1833 3312 1941 3403 est,
2000 3308 2236 3403 quodC

512 3401 830 3467 utrumque
858 3395 1367 3471 abominabantur,
1400 3396 1923 3469 quanquam'enim
1956 3412 2155 3452 neces-

512 3483 667 3539 sario
698 3483 947 3539 alterum
980 3484 1325 3556 quandoque
1350 3485 1462 3541 sibi
1520 3491 1861 3541 eventurum
1920 3489 2152 3553 norant,

505 3572 1255 3646 sivenuncbocpacto,sive
1284 3573 1398 3631 alio
1428 3573 1574 3630 alias
1599 3591 1612 3628 :
1639 3574 1711 3630 de
1732 3573 1923 3630 salute
1963 3582 2151 3630 tamen

508 3677 572 3715 ac
610 3662 745 3727 vita,
777 3669 836 3716 ut
869 3679 971 3734 par
1015 3666 1165 3730 erat,
1198 3661 1460 3731 solliciti,
1492 3679 1851 3736 suarumque
1904 3663 2156 3720 necessi-

507 3749 775 3806 tudinum
826 3750 1075 3823 quisque
1120 3753 1426 3820 recordati,
1468 3769 1612 3824 quas
1659 3753 2003 3810 calamitatis
2034 3770 2152 3809 sua;

508 3838 859 3909 appendices
885 3840 1202 3911 habebant,
1227 3841 1499 3914 lacrymis
1530 3842 1723 3898 omnia
1765 3858 1832 3898 ac
1882 3843 2153 3898 lamentis

507 3927 896 3997 complebant,
956 3944 1065 3985 noc
1121 3945 1236 4002 quo
1304 3947 1362 3985 se
1419 3934 1729 3997 verterent,
1781 3931 1991 4002 quidve
2048 3948 2151 3986 cm-

511 4021 761 4086 ptarent,
820 4017 1070 4087 reperire
1122 4023 1411 4089 poterant.
1461 4019 1733 4092 Gregorio
1798 4038 1910 4075 non
1962 4020 2153 4075 minus

505 4104 696 4174 gravia
726 4110 780 4160 et
837 4105 959 4161 haec
1025 4107 1153 4176 ipsa
1218 4107 1554 4163 accidebant
1604 4125 1618 4176 ;
1682 4108 1862 4165 multo
1920 4111 2152 4180 gravius

508 4202 725 4259 tamen,
778 4193 897 4249 imo
955 4196 1246 4251 malorum
1317 4195 1579 4251 omnium
1659 4195 1933 4252 ultimum
2029 4201 2152 4253 erat

504 4297 853 4353 omnemque
892 4282 1352 4340 consolationem
1410 4286 1741 4356 superabat,
1813 4286 1966 4358 quad
2016 4302 2151 4357 quo-

506 4372 662 4426 niam
723 4372 1120 4429 sanctissimis
1171 4373 1471 4447 religionis
1534 4374 1825 4447 mysteriis
1884 4378 2145 4431 nondum

502 4459 767 4516 initiatus
825 4465 967 4531 erat,
1003 4480 1105 4518 nec
1189 4463 1515 4536 legitimum
1572 4465 1777 4520 divinas
1844 4466 2147 4521 familiari-

503 4540 636 4596 tatis
666 4541 1035 4613 signaculum
1101 4550 1417 4617 acceperat,
1476 4546 1535 4601 in
1580 4546 1919 4602 discrimine
1964 4562 2147 4603 versa-

503 4640 679 4696 retur,
716 4646 787 4686 ne
816 4629 1000 4687 Deum
1059 4632 1252 4705 ipsum
1299 4635 1478 4691 miser
1529 4637 1845 4708 amitteret,
1868 4636 2146 4709 illiusque

501 4717 684 4787 gloria
705 4735 941 4791 prorsus
972 4721 1276 4779 excideret.

573 4807 683 4863 XX.
736 4807 961 4881 Quippe
1021 4814 1083 4865 ut
1125 4811 1356 4867 lustrali
1407 4814 1635 4871 lavacro
1684 4814 1791 4871 rite
1853 4815 2142 4887 expiatum

501 4910 651 4965 esse,
704 4898 950 4954 docente
1007 4899 1186 4955 Paulo
1246 4900 1313 4971 ¹⁹,
1355 4903 1652 4959 Christum
1725 4903 1984 4960 induisse
2041 4910 2146 4973 est,

502 5002 761 5058 novoque
792 4989 1047 5060 quodam
1086 4991 1253 5047 modo
1285 4991 1579 5048 Christum
1596 4995 1971 5061 factumesse,
1996 5011 2148 5067 aqua

500 5074 780 5131 nimirum
795 5077 1122 5150 spirituque
1152 5085 1532 5152 perunctum;
1565 5082 1648 5138 sic
1664 5099 1895 5141 necesse
1908 5085 2145 5139 omnino

499 5169 608 5229 est,
640 5180 674 5219 a
721 5164 953 5223 Christo
1011 5169 1189 5224 etiam
1248 5170 1612 5239 disjunctum
1675 5189 1827 5240 esse,
1877 5174 2145 5245 quisquis

496 5250 907 5312 lustrationem
939 5255 1100 5314 illam
1132 5266 1483 5317 consecutus
1516 5278 1629 5316 non
1680 5266 1799 5317 est:
1835 5279 1952 5334 quo
2000 5265 2137 5335 quid

494 5341 678 5397 dirius
708 5359 967 5415 unquam
994 5350 1253 5405 accidere
1307 5354 1514 5421 potest,
1547 5368 1661 5407 non
1690 5350 1771 5406 illi
1798 5351 2007 5423 solum,
2041 5353 2141 5424 qui

493 5436 550 5485 et
581 5431 742 5502 prius
776 5432 891 5489 Deo
922 5442 1291 5494 consecratus
1348 5455 1524 5510 quam
1558 5445 1877 5513 conceptus
1908 5445 2053 5507 erat,
2086 5446 2144 5497 et

495 5523 691 5592 postea
720 5524 777 5577 et
805 5527 1084 5594 mentem,
1116 5531 1174 5584 et
1205 5529 1398 5600 vitam,
1432 5534 1489 5587 et
1519 5530 1856 5601 dictionem,
1888 5538 1942 5587 et
1971 5531 2143 5589 actio-

571 5701 616 5739 ¹⁹
644 5702 831 5767 Galat.
866 5719 931 5780 ιι,
959 5704 1047 5765 27.

2276 2052 2413 2106 ἅπαν
2468 2052 2708 2128 θάρῥεῖν.
2757 2054 2971 2109 Ἔπειθ’
3026 2050 3208 2126 ὥσπερ
3266 2052 3530 2127 ὀστράκου
3591 2050 3898 2126 μεταπεσόν-

2274 2161 2389 2213 τος,
2430 2141 2505 2204 εἶς
2562 2140 2867 2197 τούναντίον
2924 2141 2992 2197 τὰ
3040 2140 3331 2217 πράγματα
3385 2142 3637 2217 περιέστη
3667 2163 3680 2175 ο
3711 2144 3771 2198 τὸ
3807 2142 3899 2217 γὰρ

2274 2231 2589 2305 παρθενικὸν
2647 2226 3007 2285 διαϐάλλουσι
3057 2231 3315 2304 πέλαγος,
3362 2231 3451 2285 καὶ
3510 2229 3709 2306 σχεδὸν
3763 2228 3898 2284 οὖσιν

2276 2317 2328 2373 έν
2374 2315 2687 2394 μεσημϐρία
2729 2325 2825 2374 τοῦ
2871 2318 3037 2388 πλοῦ,
3070 2318 3125 2373 ἐν
3168 2317 3275 2392 ’ίσῳ
3324 2318 3380 2374 δε
3420 2322 3483 2393 [ἰ.
3533 2323 3670 2378 add.
3711 2321 3803 2392 ὡς]
3832 2318 3899 2372 εἰ·

2273 2411 2393 2462 πεῖν
2447 2410 2538 2462 καὶ
2593 2413 2689 2463 τοῦ
2748 2410 3030 2478 σώζεσθαι,
3086 2408 3328 2486 τυιρῶνός
3385 2430 3532 2471 τινος
3585 2408 3899 2483 ἐμπεσόντος

2275 2497 2505 2570 ἀθρόως,
2538 2494 2798 2553 οὔθὀἳου
2856 2499 2946 2553 καὶ
3000 2497 3200 2574 φέρειν,
3248 2497 3338 2552 καὶ
3394 2501 3500 2553 τῶν
3559 2497 3635 2560 εἷς
3692 2498 3901 2571 μνήμην

2272 2586 2519 2654 ἡκόντων
2579 2584 2978 2664 χαλεπωτάτου
3036 2587 3112 2646 ὡς
3166 2590 3276 2641 τῶν
3322 2590 3527 2642 ναυτῶν
3557 2589 3622 2659 [f.
3658 2590 3789 2644 add.
3821 2585 3901 2656 ἦν]

2271 2673 2507 2742 ἀκούειν,
2564 2674 2599 2743 ἥ
2657 2696 2713 2729 τε
2772 2675 3010 2730 θάλαττα
3064 2674 3272 2729 κυκεὼν
3328 2675 3584 2751 ἐγεγόνει,
3646 2673 3753 2729 ἅνω
3817 2672 3901 2726 καὶ

2270 2765 2416 2817 κάτω
2474 2767 2743 2841 φερομένη
2800 2765 2869 2837 τῇ
2927 2763 3039 2838 βίᾳ,
3070 2764 3161 2818 καὶ
3220 2770 3410 2833 στῆναι
3460 2761 3722 2837 μηδαμοῦ
3753 2760 3903 2817 δυνα-

2276 2854 2406 2923 μένη
2436 2871 2447 2883 ⁸
2480 2852 2542 2907 τό
2588 2873 2647 2907 τε
2686 2854 2915 2929 σκάφος,
2945 2857 3032 2905 νῦν
3089 2853 3182 2923 μὲν
3232 2852 3527 2927 μετέωρον,
3557 2857 3655 2907 νῦν
3701 2853 3744 2907 ε’
3777 2851 3898 2928 ὕφα-

2271 2940 2368 2996 λον
2410 2941 2728 3016 γιγνόμενον
2783 2943 2886 2996 ὑπὸ
2932 2947 3038 2997 τῶν
3076 2941 3359 3013 κυμάτων,
3387 2942 3481 2997 καὶ
3529 2949 3630 3011 τῆς
3666 2940 3897 3009 ἐπαλλή-

2270 3028 2369 3084 leo
2428 3031 2516 3085 καὶ
2567 3034 2826 3105 συνεχοῦς
2880 3030 2970 3085 καὶ
3028 3030 3402 3107 σφοδροτάτης
3458 3035 3554 3085 τοῦ
3602 3028 3897 3086 κλυδωνίου

2268 3125 2454 3198 φορᾶς,
2515 3119 2576 3174 οὐ
2650 3120 2843 3194 μικρὸν
2920 3120 3105 3182 αὐτοῖς
3162 3142 3254 3175 τον
3309 3120 3432 3194 περὶ
3490 3124 3598 3175 τῶν
3664 3119 3899 3195 ἐσχάτων

2267 3205 2431 3285 φόϐον
2490 3209 2677 3285 ἐπῆγε.
2707 3215 2830 3272 Τοῖς
2892 3211 2986 3281 μὲν
3049 3210 3141 3264 οὗν
3198 3208 3418 3280 ἄλλοις,
3450 3209 3510 3264 οὐ
3559 3210 3620 3264 τὸ
3671 3209 3900 3278 τεθνήξε-

2266 3299 2384 3352 σθαι
2421 3300 2607 3371 μόνον,
2641 3296 2788 3353 ἀλλὰ
2824 3300 2913 3353 καὶ
2961 3300 3024 3353 τὸ
3066 3305 3185 3363 τοῖς
3227 3296 3383 3353 ὕδασι
3415 3303 3576 3355 τοῦτο
3608 3301 3898 3363 πείσεσθαι,

2268 3384 2436 3442 δεινὸν
2482 3384 2655 3442 έδόκει
2703 3388 2792 3441 καὶ
2857 3388 2976 3442 κατ’
3023 3389 3188 3463 ἄμφω
3241 3385 3687 3463 δυσχεραίνοντες
3735 3389 3893 3457 ἦσαν’

2266 3475 2316 3531 εἷ’
2356 3477 2460 3552 γὰρ
2501 3477 2588 3531 καί
2639 3477 2864 3550 θάτερον
2913 3475 3094 3555 σφίσιν
3149 3476 3334 3540 αὐτοῖς
3401 3477 3452 3548 ἐξ
3502 3477 3748 3553 ἀνάγκης
3786 3476 3896 3533 ἐσό-

2482 3562 2545 3583 νσς
2728 3564 2742 3582 ι»
2769 3566 2777 3581 ι
2994 3570 3020 3581 .-
3138 3565 3165 3587 er
3485 3568 3497 3589 ν
3536 3567 3560 3584 ν

2269 3586 2425 3638 μενον
2476 3584 2691 3640 ῃοεσαν,
2724 3586 2811 3620 εαν
2860 3586 2920 3621 τε
2965 3588 3054 3620 νυν
3105 3587 3299 3635 ουτως,
3332 3565 3417 3621 ἐάν
3449 3588 3478 3621 τ
3525 3567 3719 3631 άλλως
3750 3568 3894 3640 [add.

2264 3652 2464 3710 ἄλλοτε
2508 3663 2609 3712 aut
2656 3653 2900 3728 ὕστερον]
2949 3650 3153 3728 ξυμϐᾗ,
3194 3653 3322 3710 ἀλλ’
3350 3654 3453 3728 ἄρα
3499 3658 3595 3710 τοῦ
3646 3659 3899 3731 περιεῖναι

2262 3743 2350 3796 καί
2411 3746 2505 3816 ζῇν
2555 3742 2628 3803 ὡς
2677 3739 2823 3803 εἷκὸς
2866 3741 3184 3814 ποιούμενοι
3254 3740 3444 3816 λόγον,
3491 3742 3582 3797 καὶ
3639 3745 3755 3817 ἅμα
3799 3745 3901 3797 τῶν

2264 3829 2476 3885 οἰκείων
2544 3830 2621 3893 εἰς
2682 3832 2901 3902 μνήμην
2951 3830 3123 3892 ἷόντες
3189 3832 3281 3885 καὶ
3342 3832 3572 3896 τούτους
3615 3831 3901 3902 ἐπιθήκην,

2262 3926 2362 3988 τῆς
2419 3923 2700 3996 συμφορᾶς
2756 3921 3101 3992 κεκτημένοι,
3161 3917 3410 3995 δακρύων
3474 3922 3664 3976 ἅπαντ’
3728 3918 3902 3988 ἐπλή-

2264 4029 2390 4082 ρουν
2436 4008 2525 4062 καὶ
2562 4007 2850 4084 οἰμωγῶν,
2880 4009 2970 4063 καὶ
3019 4008 3117 4063 οὐκ
3166 4009 3315 4084 εἶχον
3364 4008 3395 4063 ὅ
3424 4031 3475 4065 τι
3525 4011 3615 4064 καὶ
3644 4011 3900 4087 γένοιντο.

2261 4102 2350 4170 Τῷ
2382 4095 2459 4164 δὲ,
2489 4097 2578 4152 καὶ
2608 4102 2774 4153 ταῦτα
2808 4098 2904 4170 μὲν
2933 4094 3086 4152 οὐδὲν
3118 4100 3281 4167 ἦττον
3310 4118 3321 4129 ·
3357 4097 3554 4171 πολλῷ
3605 4097 3664 4154 δὲ
3708 4097 3897 4165 πλέον,

2264 4185 2477 4260 μᾶλλον
2562 4184 2621 4241 δὲ
2700 4191 2881 4241 κακῶν
2956 4181 3186 4261 ἔσχατον
3239 4187 3330 4259 ἦν,
3386 4190 3475 4243 καὶ
3562 4187 3904 4264 παραμυθίαν

2259 4281 2429 4330 πᾶσαν
2461 4271 2809 4352 ὑπερϐαῖνον,
2840 4276 2903 4330 τὸ
2940 4274 3266 4331 κινδυνεύειν
3328 4279 3410 4338 οἷς
3463 4281 3571 4332 τῶν
3636 4279 3902 4353 μεγίστων

2258 4362 2330 4421 ἔτ’
2388 4364 2679 4428 ἀτέλεστος
2732 4365 2817 4432 ἦν,
2875 4365 2966 4419 καὶ
3022 4372 3122 4435 τῆς
3179 4365 3318 4440 πρὸς
3378 4366 3505 4421 Θεὸν
3564 4367 3905 4437 οἰκειότητος

2259 4453 2402 4510 οὕτω
2458 4459 2556 4523 τήν
2639 4454 2963 4529 γιγνομένην
3026 4451 3344 4530 δεδεγμένος
3429 4453 3721 4535 σφραγῖδα,
3777 4456 3904 4511 Θεὸν

2256 4543 2412 4598 αὐτὸν
2471 4544 2735 4599 ἀπολέσαι
2791 4543 2880 4598 καὶ
2937 4550 3036 4613 τῆς
3093 4543 3296 4599 ἐκείνου
3356 4542 3517 4616 δόξης
3562 4546 3904 4601 παντάπασιν

2255 4633 2515 4692 ἐκπεσεῖν.

2329 4814 2403 4871 Κ’.
2446 4815 2537 4875 Ὠς
2592 4813 2695 4889 γὰρ
2751 4813 2813 4867 τὸ
2873 4811 3246 4889 βαπτίσματος
3328 4809 3614 4884 ἠξιῶσθαι,
3671 4814 3906 4889 Χριστόν

2255 4902 2366 4957 έστι
2438 4903 2572 4957 κατά
2658 4902 2875 4957 Παῦλον
2945 4901 3212 4975 ένῆφθαιο
3271 4903 3362 4957 καὶ
3420 4901 3607 4967 ἄλλως
3658 4905 3903 4980 Χριστὸν

2252 4996 2526 5069 γεγονέναι
2607 4991 2758 5047 ὕδατι
2831 4993 3124 5067 χρισθέντα
3205 4992 3295 5046 καὶ
3369 4992 3653 5066 πνεύματι,
3728 4992 3902 5055 οὕτως

2252 5083 2453 5160 ἀνάγκη
2513 5087 2657 5137 πᾶσα
2704 5082 2793 5137 τὸν
2841 5082 2916 5154 μή
2966 5080 3162 5136 τούτου
3209 5080 3470 5160 τυχόντα,
3499 5083 3594 5136 καὶ
3656 5084 3903 5158 Χριστοῦ

2251 5172 2620 5248 κεχωρίσθαιο
2681 5192 2743 5224 ου
2799 5170 2852 5225 τί
2904 5174 3012 5225 τῶν
3069 5170 3322 5225 ἁπάντων
3374 5169 3763 5246 ἐλεεινότερον,
3795 5169 3904 5243 οὐχ

2252 5261 2401 5324 ὅπως
2456 5260 2638 5333 ἐκείνῳ
2685 5263 2766 5330 τῷ
2812 5258 2903 5314 καὶ
2968 5259 3074 5330 πρὸ
3142 5257 3471 5334 συλλήψεως
3520 5258 3904 5339 ἀφωσιωμένῳ

2253 5355 2390 5423 Θεῷ,
2424 5351 2512 5404 καὶ
2564 5350 2782 5422 ὕστερον
2832 5347 2921 5403 καὶ
2978 5352 3100 5403 νοῦν
3158 5349 3246 5403 καί
3303 5349 3420 5423 βίον
3456 5350 3545 5404 καὶ
3601 5349 3763 5425 λόγον
3811 5347 3900 5401 καὶ

2251 5440 2464 5511 πρᾶξιν,
2529 5438 2630 5492 καὶι
2691 5436 2841 5492 πάνθ’
2915 5436 3103 5491 ἑαυτὸν
3179 5443 3281 5506 τῆς
3363 5436 3564 5492 ἄνωθεν
3647 5436 3900 5511 ἐξάψαντι

2253 5526 2448 5599 δεξιᾶς,
2481 5524 2627 5582 ἀλλὰ
2681 5527 2769 5582 καὶ
2830 5523 2978 5589 ὅλως
3034 5524 3306 5601 ἀνθρώπῳ
3361 5530 3484 5581 νοῦν
3544 5522 3748 5602 ἔχοντι,
3809 5523 3899 5579 καὶ
