4092 6300
230 420 336 490 23⁸1

1258 415 1652 490 LAUDATIU
1696 428 1760 489 s.
1806 423 2171 491 esseom!
2215 428 2629 493 THEOLOGI.

3520 415 3639 493 sas

234 562 547 636 λογίζεσθαι
602 560 910 636 δυναμενῳ,
967 561 1056 616 καὶ
1110 562 1258 616 τοῦτ’
1314 557 1483 617 εἰδότι
1557 559 1742 623 καλῶς
1797 557 1880 615 ὅτι

2012 580 2153 631 tem,
2183 567 2241 620 et
2269 580 2328 620 se
2358 566 2611 639 denique
2660 568 2845 622 totum
2897 581 3163 639 supernas
3204 567 3446 622 dexterae
3486 563 3646 620 velut

231 651 324 705 κᾶν
371 653 477 721 τήν
548 652 877 725 οἰκουμένην
941 657 1115 706 πᾶσαν
1171 648 1439 725 κατάσχῃ,
1482 648 1577 704 κᾶν
1639 651 1731 705 τὸν
1790 649 1894 705 ὕπὸ

233 748 341 815 γῆν
368 761 433 796 τε
477 741 571 796 καὶ
613 742 752 816 ὑπὲρ
806 747 914 813 γῆς
970 737 1241 809 κτήσηται
1295 739 1461 814 μόνος
1512 740 1738 817 χρυσὸν,
1797 738 1895 794 κᾶν

234 830 446 891 πάντας
496 831 629 892 τοός
685 850 747 885 τε
790 826 966 895 ὄντας,
1024 827 1150 892 τοός
1213 828 1261 884 τ’
1317 827 1612 899 ἒσομὲνους
1664 828 1770 903 πρό
1845 830 1893 883 τ’

237 916 424 979 ἐόντας
470 918 788 994 ἀνθρώπους
843 917 1156 991 εὐδαιμονίᾳ
1216 916 1487 992 παρέλθῃ,
1539 914 1692 972 οὐδὲν
1749 916 1895 988 αὖτῷ

238 1005 411 1062 πλέον
463 1001 613 1062 ἔσται
663 1007 786 1078 περὶ
864 1010 1049 1082 ψυχῆς
1122 1004 1508 1063 κινδυνεύοντι.
1565 1006 1720 1061 Ταῦτ’
1800 1005 1893 1060 οὖν

238 1094 452 1159 ἐκεῖνος
477 1096 762 1167 τηνικαῦτ’
791 1095 1008 1166 ἐννοῶν,
1036 1095 1127 1150 καὶ
1167 1094 1396 1157 τούτους
1446 1095 1554 1151 ἂνω
1605 1096 1693 1150 καὶ
1746 1094 1894 1150 κάτω

242 1186 490 1263 στρέφων
543 1188 671 1249 τοὺς
721 1184 1045 1260 λογισμοὺς,
1109 1183 1493 1259 ἐπηρτημένου
1548 1186 1642 1257 μὶν
1700 1190 1896 1239 τοσού-

239 1296 343 1331 του
388 1274 669 1340 κινδύνου,
720 1281 823 1332 τοῦ
881 1274 943 1331 δὲ
999 1280 1277 1351 χειμῶνος
1326 1272 1388 1330 οὔ
1445 1296 1500 1330 τι
1549 1273 1893 1349 λωφοῦντος,

240 1367 509 1441 καὶπρὸς
560 1361 878 1441 ὑπερϐολὴν
929 1365 1245 1441 αἰρομένου,
1303 1363 1531 1439 ἀπορίας
1590 1360 1647 1419 δὲ
1702 1364 1895 1420 πάντοο

241 1456 330 1510 θεν
387 1453 583 1526 οὔσης,
640 1453 1039 1511 έπιλειπουσῶν
1097 1451 1155 1509 δὶ
1201 1450 1397 1529 σχεδὸν
1455 1457 1565 1509 τῶν
1631 1449 1894 1519 ἐλπίδων,

239 1543 324 1598 ἐπὶ
386 1542 558 1618 ξυροῦ
607 1541 664 1598 δὲ
718 1543 903 1618 ἀκμῆς
961 1547 1067 1598 τῶν
1124 1542 1464 1619 πραγμάτων
1526 1542 1797 1609 ἑστώτων,
1844 1540 1897 1595 τί

238 1636 410 1700 ποιεῖ,
472 1633 566 1686 καί
620 1633 740 1688 τίνα
794 1631 949 1687 λύσιν
1008 1632 1213 1687 ἐπινοεῖ
1265 1634 1364 1687 τοῦ
1422 1627 1676 1699 δεινοῦςς
1720 1629 1899 1700 ηεὶσης

239 1723 573 1791 ἡστινοσοῦν
649 1720 996 1795 ἀνθρωπίνης
1077 1720 1411 1795 ἀπεγνωκὼς
1493 1718 1735 1783 ἐπινοίας
1805 1719 1897 1774 καὶ

242 1808 442 1882 μηδενὶ
487 1807 699 1865 τούτων
748 1809 839 1865 καὶ
885 1808 1014 1871 τοὺς
1062 1807 1269 1872 ἄλλους
1336 1807 1522 1871 πείσας
1585 1807 1897 1884 προσέχειν,

240 1897 327 1952 ἐπὶ
375 1899 476 1953 τὸν
565 1898 617 1953 ἐν
676 1895 908 1974 ἀπόροις
962 1898 1201 1973 πόριμον
1265 1898 1357 1952 καὶ
1413 1899 1586 1953 πάντα
1637 1901 1898 1952 ποιοῦντα

239 1988 324 2041 καὶ
376 1990 858 2061 μετασκευάζοντα
920 1989 1073 2061 μόνῳ
1128 1991 1209 2059 τῷ
1269 1986 1561 2061 βούλεσθαι
1608 1982 1718 2041 δεῖν
1759 1984 1902 2063 ἔγνω

240 2076 604 2156 καταφεύγειν
671 2078 823 2146 Θεὸν,
880 2076 971 2130 καὶ
1028 2076 1206 2149 τούτῳ
1259 2077 1530 2131 πιστεύειν
1604 2077 1668 2131 τὸ
1744 2077 1905 2146 σώζε-

244 2168 363 2221 σθαι
396 2165 497 2222 ἐὖ
531 2164 695 2228 εἰδὼς
729 2166 803 2228 ὡς
834 2166 879 2222 εἳ
926 2166 1015 2221 καὶ
1061 2171 1365 2243 συμφοραῖς
1411 2185 1551 2220 τισιν
1598 2168 1748 2239 ἡμᾶς
1803 2186 1902 2220 πε-

246 2261 487 2328 ριπεσεῖν
533 2276 673 2311 ποτε
738 2256 1073 2332 ξυγχωροίη,
1112 2256 1220 2311 εἴτε
1284 2260 1557 2333 παροῦσαν
1646 2255 1902 2311 ἀναστέλ-

246 2344 353 2400 λων
397 2344 627 2412 κακίαν,
672 2343 769 2400 εἴτ’
827 2342 1084 2417 ἐσομένην
1141 2345 1565 2420 προαναιρῶν,ἣ
1623 2345 1901 2419 τιμωρού-

253 2455 407 2503 μενος
493 2440 811 2511 γεγονυῖαν,
867 2436 929 2489 τὸ
1013 2437 1115 2511 γὰρ
1200 2442 1301 2503 τῆς
1374 2435 1562 2508 πείρας
1635 2436 1902 2506 παρίημι,

253 2521 382 2577 ἔστιν
416 2524 513 2579 ὅτε
544 2524 638 2577 καὶ
671 2522 753 2600 ἐφ’
801 2524 875 2577 ὧν
911 2524 1226 2599 γινομένης,
1257 2522 1382 2577 ἀλλ’
1431 2524 1560 2597 ὑπὲρ
1611 2528 1707 2578 τοῦ
1770 2522 1900 2598 βελ-

257 2613 393 2674 τίους
456 2612 521 2667 ἂν
568 2598 1036 2686 γεγενῆσθαι,νωὶ
1096 2610 1397 2685 κηδόμενος
1450 2610 1662 2685 μᾶλλον
1722 2614 1756 2683 ἢ
1807 2633 1898 2667 κο-

259 2700 405 2756 λάσαι
480 2700 826 2776 βουλόμενος
902 2707 1181 2777 συγχωρεῖ
1262 2709 1361 2770 τῆς
1430 2706 1557 2777 γοῦν
1641 2703 1902 2772 συνήθους

250 2792 402 2852 εὐθὺς
456 2792 846 2867 χρηστότητος
892 2789 1082 2870 ἔχεται
1132 2792 1223 2846 καὶ
1273 2790 1371 2846 οὐκ
1420 2791 1664 2865 ἀνέχεται
1726 2812 1899 2845 τοπα-

247 2881 443 2953 ράπαν,
502 2877 626 2935 οὔτ’
684 2879 1038 2951 ἐπιλελῆσθαι
1087 2884 1184 2936 τοῦ
1232 2880 1586 2955 οἷκτειρῆσαι,
1622 2879 1742 2935 οὔτε
1770 2880 1900 2942 τοὺς

247 2969 535 3045 ἰκτιρηοῦς
607 2968 773 3024 αὐτοῦ
827 2968 1070 3044 συνέχειν
1128 2968 1181 3024 ἐν
1238 2968 1379 3046 ὀργῇ
1437 2987 1450 3000 ³
1511 2967 1898 3048 φιλάνθρωπος

241 3059 345 3131 γάρ
378 3081 393 3093 ·
428 3061 523 3113 καὶ
555 3057 705 3114 τοῦτ’
735 3058 885 3131 αὐτῷ
918 3056 1131 3131 μᾶλλον
1155 3059 1291 3134 πρὸς
1319 3058 1548 3133 τρόπου.

2003 655 2391 727 appenderat;
2452 673 2649 712 verum
2718 656 2816 712 ulli
2866 655 3102 715 omnino
3163 655 3387 711 homini
3432 656 3645 711 mentis

2002 745 2254 816 compoti
2285 760 2353 800 ac
2384 744 2857 813 ratiocinationis,
2890 749 2948 801 et
2976 761 3150 818 quem
3210 745 3354 802 illud
3407 744 3647 800 minime

2002 834 2207 907 fugiat,
2237 834 2388 907 quod
2422 836 2654 891 tametsi
2688 836 3020 892 universum
3053 840 3343 892 terrarum
3364 835 3564 892 orbem
3584 834 3645 891 in

2004 924 2221 980 ditione
2239 941 2349 981 sua
2378 941 2443 978 ac
2467 929 2750 998 potestate
2764 929 2972 996 teneat,
2992 925 3231 998 aurique
3247 924 3363 981 vim
3385 940 3645 992 omnem,

2004 1026 2131 1084 quae
2160 1012 2264 1069 sub
2286 1016 2461 1081 terra,
2492 1017 2590 1069 aut
2617 1029 2792 1085 super
2838 1017 3049 1070 terram
3100 1019 3208 1082 est,
3244 1030 3399 1071 unus
3462 1013 3647 1085 possi-

2003 1101 2166 1168 deat;
2212 1103 2443 1158 tametsi
2480 1105 2766 1175 quotquot
2804 1119 3054 1175 usquam
3102 1107 3242 1159 sunt
3289 1103 3646 1170 mortalium,

2005 1195 2107 1246 aut
2142 1190 2203 1245 in
2252 1194 2547 1261 posterum
2599 1191 2778 1247 futuri
2827 1197 2985 1254 sunt,
3037 1194 3139 1248 aut
3192 1192 3333 1248 olim
3392 1192 3645 1259 fuerunt,

2006 1278 2279 1335 felicitate
2307 1279 2581 1350 gaudeat,
2616 1278 2760 1335 nihil
2793 1278 2849 1335 id
2901 1279 3008 1335 sibi
3058 1282 3274 1347 tamen,
3335 1280 3406 1335 de
3460 1279 3650 1335 anima

2007 1368 2378 1440 periclitanti,
2409 1369 2794 1440 profuturum.
2826 1367 3087 1424 Hmcille
3137 1373 3261 1424 tum
3309 1384 3509 1425 secum
3554 1384 3651 1424 re—

2006 1459 2245 1527 putans.
2276 1460 2333 1511 et
2366 1455 2698 1527 bujusmodi
2730 1474 2964 1514 sursum
3015 1457 3404 1528 deorsumque
3452 1458 3649 1514 animo

2006 1542 2382 1616 cogitationes
2429 1561 2688 1614 versans,
2741 1545 3196 1618 praesentissimo
3261 1545 3321 1601 in
3371 1546 3650 1618 periculo,

2007 1632 2152 1689 nihil
2184 1635 2515 1690 remittente
2545 1635 2819 1707 procella,
2854 1637 2973 1692 imo
3004 1638 3078 1692 ad
3126 1651 3422 1691 summum
3453 1652 3650 1693 exces-

2007 1738 2141 1779 sum
2172 1722 2613 1793 intumescente,
2667 1724 2832 1780 nulla
2883 1741 3137 1797 usquam
3184 1724 3452 1780 elabendi
3485 1726 3649 1791 rima,

2008 1809 2172 1868 nulla
2201 1810 2380 1868 ferme
2402 1812 2635 1869 residua
2655 1813 2913 1886 specula,
2937 1814 3229 1885 rebusque
3259 1814 3316 1869 in
3337 1813 3458 1869 acie
3480 1830 3653 1871 nova-

2009 1899 2152 1956 culae
2176 1901 2300 1972 jam
2334 1900 2708 1971 haerentibus,
2741 1902 2880 1974 quid
2905 1901 3136 1974 occipit,
3160 1917 3376 1975 quaeso,
3407 1917 3655 1974 quamve

2013 1987 2502 2059 eXpediendorum
2557 1988 2838 2045 malorum
2900 1988 3180 2043 rationem
3231 1986 3387 2043 init?
3437 1987 3656 2060 Nempe

2014 2077 2295 2132 damnata
2342 2075 2600 2132 humana
2653 2082 2777 2133 arte
2833 2093 2897 2132 ac
2954 2078 3265 2144 industria,
3318 2077 3657 2150 ceterisque

2010 2181 2081 2220 nc
2110 2164 2306 2235 aliqua
2338 2180 2397 2219 re
2427 2165 2765 2235 hujusmodi
2797 2164 3156 2221 confiderent
3204 2165 3543 2236 admonitie,
3586 2170 3653 2221 ad

2007 2253 2195 2322 illum,
2228 2254 2327 2325 qui
2374 2255 2432 2309 in
2483 2255 2656 2309 rebus
2702 2255 2873 2311 inviis
2917 2254 3069 2310 viam
3105 2254 3335 2325 reperit,
3369 2276 3396 2304 «
3424 2253 3521 2326 qui
3548 2270 3661 2309 om-

2003 2346 2204 2414 niaque
2224 2343 2336 2397 solo
2366 2350 2508 2398 nutu
2536 2359 2630 2399 suo
2682 2346 2818 2411 facit
2866 2360 2930 2399 ac
2980 2346 3234 2399 immutat
3268 2345 3333 2411 “,
3364 2365 3391 2391 η
3450 2345 3658 2398 confu-

2008 2432 2303 2504 giendum,
2347 2447 2628 2502 suamque
2687 2431 2768 2486 illi
2829 2433 3309 2488 committendam
3380 2432 3651 2499 salutem,

2009 2525 2235 2589 statuit,
2267 2520 2414 2575 baud
2447 2522 2707 2592 ignarus,
2738 2523 2892 2592 quod
2925 2536 3261 2593 quanquam
3312 2521 3370 2576 in
3412 2520 3656 2575 adversa

2008 2611 2271 2681 quaedam
2306 2626 2408 2667 nos
2437 2627 2858 2681 nonnunquam
2881 2611 3135 2667 incidere
3162 2610 3312 2667 Deus
3335 2610 3512 2682 sinat,
3533 2610 3656 2665 sive

2013 2707 2075 2756 ut
2104 2718 2359 2772 praesens
2393 2701 2625 2772 aliquod
2653 2702 2900 2757 refrenet
2929 2702 3155 2763 vitium,
3212 2700 3332 2756 sive
3389 2701 3651 2756 futurum

2010 2790 2304 2862 praecidat,
2335 2791 2456 2846 sive
2490 2795 2659 2845 antea
2689 2791 3011 2846 admissum
3036 2790 3325 2856 vindicat;
3358 2806 3493 2845 nam
3526 2795 3653 2846 ten-

2006 2882 2286 2939 tationem
2320 2883 2600 2954 divinam,
2619 2899 2746 2954 quas
2770 2882 3106 2955 aliquando,
3130 2888 3189 2938 et
3210 2883 3267 2938 in
3291 2881 3644 2954 quibusdam

2006 2972 2091 3040 ﬁt,
2124 2987 2279 3028 nunc
2309 2972 2553 3041 omitto;
2589 2973 2717 3028 ideo
2748 2971 2855 3028 hoc
2886 2977 3081 3027 tamen
3116 2971 3434 3042 permittat,
3477 2977 3543 3026 ut
3572 2971 3644 3027 ad

2004 3060 2214 3117 bonam
2250 3061 2558 3118 redeamus
2589 3061 2833 3133 frugem,
2860 3064 2917 3116 et
2946 3060 3133 3116 nostri
3193 3059 3389 3132 potius
3445 3075 3648 3116 curam

246 3165 449 3219 agens,
484 3166 662 3220 quam
696 3148 974 3205 ultionem
1006 3157 1297 3222 expetens,
1345 3148 1499 3204 unde
1552 3153 1610 3205 et
1656 3152 1882 3204 suetam
1942 3164 2075 3205 mox
2124 3149 2534 3220 benignitatem
2579 3167 2745 3206 suam
2795 3150 3200 3222 amplectatur,
3252 3165 3355 3205 nec
3404 3148 3651 3207 omnino

243 3242 564 3306 sustineat,
604 3243 701 3295 aut
720 3239 966 3295 oblivisci
992 3238 1268 3307 misereri,
1298 3242 1394 3294 aut
1414 3254 1536 3310 ρνιῑι
1590 3238 1880 3293 iracundia
1924 3253 2166 3296 coercere
2188 3241 2601 3296 misericordias
2653 3255 2781 3295 sua:
2811 3239 2874 3292 η.
2908 3240 3198 3308 Clemens,
3256 3238 3411 3296 enim
3469 3239 3653 3295 mitis-

248 3344 363 3398 que
394 3328 457 3383 in
491 3343 676 3399 genus
706 3327 1029 3383 humanum
1063 3332 1174 3394 est,
1206 3332 1262 3383 et
1292 3328 1347 3382 id
1380 3332 1599 3384 natura:
1629 3327 1787 3382 illius
1820 3327 2006 3400 magis
2024 3331 2314 3388 convenit.

322 3417 463 3469 ΚΧ.
494 3414 657 3469 Ταῦτ’
688 3411 789 3488 ἄρα
815 3414 908 3469 καὶ
956 3415 1168 3469 πάντων
1213 3414 1376 3469 αὐτὸν
1416 3412 1731 3487 ἀναμνήσας
1789 3417 1896 3468 τῶν

2081 3417 2223 3473 XXI.
2258 3417 2343 3474 Ob
2378 3418 2495 3474 haec
2518 3418 2711 3490 itaque
2744 3416 3154 3474 miraculorum
3173 3416 3460 3483 omnium,
3496 3434 3650 3489 quae-

252 3503 303 3574 ἰξ
351 3505 541 3579 ἀρχῆς
598 3501 914 3578 τεραστίων,
964 3502 1053 3557 καὶ
1113 3503 1188 3557 ὧν
1246 3502 1497 3558 ἑκάστοτε
1551 3500 1638 3557 διὰ
1686 3501 1901 3571 πλῆθος

255 3592 445 3655 ἐλέους
501 3591 594 3647 καὶ
645 3593 914 3663 πεποίηκε
942 3591 1032 3647 καί
1060 3596 1229 3663 ποιεῖ,
1260 3591 1350 3646 καὶ
1379 3590 1596 3652 τούτοις
1645 3593 1901 3666 προσθεῖ-

255 3704 339 3737 ναι
394 3684 611 3738 τὸκατ’
658 3682 823 3736 αὐτὸν
872 3681 925 3755 le
965 3682 1092 3758 ἄγαν
1149 3679 1496 3756 ὀδυνωμένης
1542 3679 1751 3750 δεηθεὶς
1800 3687 1901 3750 τῆς

256 3770 507 3847 καρδίας,
562 3770 679 3826 ἐπεὶ
728 3772 820 3826 καὶ
872 3773 975 3841 τὴν
1040 3770 1450 3849 φιλανθρωπίαν
1522 3769 1685 3825 αἰ»τοῦ
1761 3792 1906 3844 συμ-

260 3856 668 3937 πρεσϐεὑουσαν
716 3860 856 3935 εἶχε,
914 3860 1004 3915 καὶ
1059 3864 1179 3922 ταῖς
1236 3860 1423 3935 εὐχαῖς
1482 3858 1905 3934 συμμαχοῦσαν,

267 3951 445 4012 οὓτως
496 3948 769 4004 ἀπέλαυσε
814 3954 923 4005 τῶν
961 3948 1138 4025 εὐχῶν
1197 3949 1286 4004 καὶ
1335 3949 1493 4012 αὐτὸς
1541 3954 1648 4003 τῶν
1690 3949 1906 4015 ἑαυτοῦ,

263 4041 355 4096 καὶ
386 4042 443 4096 οἳ
476 4038 642 4095 ἄλλοι
671 4044 779 4094 τῶν
808 4039 998 4106 αὐτοῦ,
1031 4039 1103 4100 ὡς
1136 4039 1214 4111 μή
1248 4037 1412 4112 μόνον
1445 4038 1603 4094 αὐτὸν
1634 4036 1703 4093 δι’
1726 4039 1908 4108 αὐτὸν,

264 4129 414 4187 αλλᾶ
465 4127 538 4184 δι’
585 4128 746 4183 αὐτὸν
790 4128 879 4183 καὶ
928 4127 1058 4189 τοὺς
1106 4125 1316 4188 ἄλλους
1345 4129 1607 4182 τεσῶσθαι
1643 4146 1655 4158 ·
1687 4128 1776 4182 καὶ
1801 4145 1910 4202 χα-

262 4222 519 4294 ρισθῆναι
571 4217 665 4289 μὶν
718 4216 882 4271 αὐτὸν
938 4216 1085 4291 πάσῃ
1125 4218 1195 4289 τῇ
1245 4214 1540 4290 οἰκουμένῃ
1576 4221 1794 4288 σωτῆρα
1821 4213 1909 4268 καὶ

256 4310 567 4385 πρόμαχον
601 4300 893 4374 εὐσεϐείας,
940 4305 1031 4360 καὶ
1087 4306 1486 4381 ξυναγωνιστήν
1543 4309 1649 4360 τῶν
1709 4302 1911 4360 καλλί-

260 4420 425 4467 στων,
459 4395 720 4471 καὶπρὸς
750 4396 879 4451 Θεὸν
927 4395 1148 4470 ἀγωγην
1193 4398 1232 4467 (.
1280 4394 1537 4469 ἀγωγὸν),
1585 4396 1910 4471 χαρισθῆναι

261 4487 321 4544 δὲ
347 4486 535 4559 τούτῳ
561 4483 691 4546 τοὺς
723 4481 928 4546 ἄλλους
957 4482 1049 4538 καὶ
1081 4480 1152 4538 δι’
1182 4482 1346 4538 αὐτοῦ
1391 4487 1472 4554 τῷ
1502 4488 1637 4557 Θεῷ.
1671 4487 1785 4538 Τῶν
1811 4481 1914 4558 γὰρ

260 4576 506 4632 ἀπίστων
537 4570 737 4649 σχεδὸν
773 4571 919 4634 ὅντες
950 4572 1002 4627 οἳ
1032 4570 1276 4642 πλείους,
1310 4574 1395 4635 οἷς
1439 4592 1498 4627 τε
1547 4573 1692 4645 παρὰ
1739 4576 1911 4626 πᾶσαν

260 4669 520 4737 ἡντινοῦν
576 4659 908 4739 προσδοκίαν
965 4660 1288 4733 ἀπήλλαξαν
1340 4665 1440 4717 τοῦ
1493 4660 1762 4731 κινδύνον,
1818 4660 1910 4715 καὶ

2003 3523 2295 3580 cunquea
2351 3508 2667 3579 primordio
2726 3522 2919 3562 rerum
2970 3507 3125 3561 edita
3183 3506 3367 3573 fuere,
3399 3522 3648 3578 quasque

2002 3595 2316 3653 identidem
2352 3613 2453 3667 per
2484 3596 2722 3651 multam
2749 3594 3198 3651 misericordiam
3222 3610 3390 3651 suam
3416 3595 3548 3651 fecit
3573 3596 3652 3650 fa-

2006 3686 2222 3757 citque,
2276 3684 2458 3741 Deum
2508 3685 3050 3750 commonefaciens,
3120 3684 3319 3754 illique
3364 3687 3428 3739 ut
3475 3699 3647 3740 suum

2008 3776 2117 3831 hoc
2148 3774 2484 3847 adiungeret
2511 3773 2864 3846 exemplum,
2891 3774 3063 3830 anxio
3085 3773 3397 3830 admodum
3420 3780 3651 3846 pectore

2010 3866 2340 3934 obsecrans,
2373 3864 2648 3936 quoniam
2684 3863 3134 3920 benevolentiam
3185 3879 3323 3936 erga
3379 3863 3652 3923 homines

2011 3955 2132 4022 Dei,
2167 3954 2510 4023 adjutricem
2543 3968 2781 4024 precum
2826 3952 3156 4022 sociamque
3204 3951 3495 4021 habebat;
3543 3955 3651 4008 hoc

2011 4061 2081 4101 ex
2111 4043 2377 4113 precibus
2406 4042 2530 4098 suis
2552 4042 2839 4097 commodi
2866 4041 2991 4113 ipse
3009 4041 3316 4112 cmterique
3337 4057 3557 4113 cepere,
3592 4047 3656 4096 ut

2012 4151 2145 4189 cum
2176 4134 2299 4203 ipse
2330 4148 2431 4203 per
2459 4148 2542 4200 se,
2572 4141 2696 4187 tum
2728 4146 2831 4204 per
2874 4131 3069 4202 ipsum
3120 4130 3351 4202 reliqui,
3398 4128 3656 4202 periculo

2012 4223 2240 4280 liberati
2271 4221 2509 4289 fuerint,
2540 4226 2605 4276 ut
2633 4220 2877 4291 orbique
2933 4220 3059 4291 ipse
3116 4219 3386 4276 universo
3446 4219 3656 4275 vindex

2015 4315 2222 4371 salutis
2256 4312 2598 4384 pietatisque
2638 4313 3057 4382 propugnator,
3114 4313 3170 4364 et
3229 4307 3657 4380 pulcherrimo-

2013 4419 2147 4459 aum
2178 4417 2418 4472 operum
2452 4401 2705 4470 adjutor,
2737 4402 2793 4454 et
2823 4398 2896 4453 ad
2924 4397 3107 4453 Deum
3135 4397 3253 4452 dux
3293 4412 3359 4453 ac
3391 4396 3655 4469 signifer,

2016 4492 2189 4547 datus
2221 4490 2316 4558 sit,
2351 4504 2623 4543 concessa
2652 4486 2828 4543 simul
2879 4486 2988 4556 illi,
3034 4491 3091 4541 et
3140 4503 3241 4556 per
3294 4486 3461 4541 illum
3518 4484 3653 4553 Deo,

2018 4586 2224 4636 cetera
2252 4584 2550 4633 vectorum
2580 4576 2771 4632 turba.
2805 4576 3058 4641 Quorum
3092 4573 3353 4647 plerique
3384 4575 3497 4630 fere
3528 4574 3657 4629 inli-

2017 4668 2190 4738 deles,
2224 4668 2375 4739 quod
2398 4668 2477 4721 ita
2506 4671 2708 4735 praeter
2757 4681 2992 4721 omnem
3050 4664 3540 4735 exspectationem
3589 4678 3658 4717 ex

263 4757 344 4818 οἷς
406 4755 558 4809 οὕτω
615 4752 924 4822 καινότατα,
981 4751 1119 4827 πρὸς
1168 4750 1404 4824 Χριστὸν
1462 4750 1619 4813 εὐθὺς
1682 4750 1902 4823 μετετά-

2022 4759 2277 4831 periculo
2318 4755 2662 4821 evasissent,
2713 4755 2868 4825 quod
2921 4770 3066 4808 novo
3106 4753 3248 4808 adeo
3303 4750 3658 4822 insolitaque

262 4847 423 4916 ξαντο
459 4865 474 4876 ·
504 4840 598 4897 καὶ
637 4839 887 4916 γεγόνασι
931 4841 1217 4915 προσθήκη
1266 4842 1364 4894 τοῦ
1411 4841 1533 4894 καθ’
1581 4842 1728 4913 ἡμᾶς
1786 4861 1914 4896 συν-

262 4935 450 5010 εδρίου
483 4952 498 4965 ⁶
532 4932 599 4987 οὗ
628 4930 732 5007 γὰρ
760 4930 900 4986 κατά
955 4930 1136 5005 βραχὺ
1179 4929 1242 4984 τὸ
1300 4926 1598 4985 κλυδώνιον
1659 4929 1915 4987 ὑπεδίδου

264 5022 389 5081 οὒδὶ
421 5019 611 5098 σχολῇ
657 5018 748 5075 καί
797 5016 973 5094 βάδην
1009 5019 1084 5079 ὡς
1116 5016 1174 5072 ἂν
1210 5016 1335 5091 εἴπῃ
1364 5039 1446 5080 τις
1477 5020 1506 5073 ὁ
1537 5022 1748 5094 χειμὼν
1784 5021 1914 5076 ὑπε-

263 5116 442 5194 χώρει
469 5132 483 5145 ·
517 5109 649 5166 ἀλλ’
750 5113 861 5166 τῶν
896 5107 1160 5183 μεγίστων
1179 5127 1277 5162 σου
1305 5107 1617 5181 θαυμασίων
1651 5110 1662 5165 !
1697 5111 1912 5184 Χριστέ,

264 5192 357 5275 ἔμ’
383 5199 519 5263 ἔπος
544 5200 639 5272 ἅμ’
668 5192 824 5274 ἔργον
855 5197 924 5266 ἦν
956 5196 1030 5258 ὡς
1064 5198 1092 5251 ὁ
1141 5194 1323 5273 λόγος.
1357 5198 1431 5252 Τὸ
1460 5201 1559 5267 τῆς
1607 5197 1802 5276 εὐχῆς,
1850 5200 1912 5254 τὸ

263 5298 359 5347 τοῦ
404 5291 689 5360 σώζεσθαι,
733 5288 811 5351 ὡς
864 5282 1007 5361 μηδὶ
1053 5288 1333 5363 χειμῶνος
1382 5286 1692 5342 οὑτινοσοῦν
1735 5285 1910 5343 δοκεῖν

266 5383 339 5447 ὡς
377 5382 551 5438 εἰπεῖν
582 5377 958 5453 πεπειρᾶσθαι.

334 5564 467 5619 KB‘.
522 5564 598 5620 Οὖ
655 5563 765 5638 μὴν
821 5558 970 5618 ἀλλᾶ
1025 5560 1115 5616 καὶ
1174 5562 1469 5637 προσετέθη
1527 5563 1608 5635 τῷ
1677 5559 1911 5635 θαύματι

343 5748 386 5785 ¹¹
413 5753 609 5806 Amos.
630 5762 689 5809 v,
714 5745 769 5802 8.
796 5745 844 5784 ¹²
866 5743 1021 5805 Psal.
1062 5759 1265 5816 Lxxvu,
1294 5743 1348 5801 9.

2024 4865 2202 4915 more,
2235 4863 2265 4902 e
2314 4846 2556 4917 vestigio
2605 4845 2676 4899 ad
2726 4844 3019 4899 Christum
3064 4840 3413 4906 transibant,
3445 4840 3657 4895 nostri-

2025 4954 2136 5009 que
2149 4935 2605 4992 additamentum
2625 4939 2810 4990 ccetus
2825 4932 3035 4987 ﬁebant
3053 4947 3067 4996 ;
3086 4946 3197 4984 non
3210 4929 3367 4984 enim
3382 4927 3655 5000 paulatim

2026 5030 2313 5081 undarum
2345 5024 2597 5079 subsidit
2635 5029 2849 5089 tumor,
2884 5037 2989 5076 nec
3019 5035 3150 5074 cum
3180 5033 3339 5073 moro
3371 5017 3574 5090 aliqua
3593 5035 3659 5074 ac

2024 5114 2436 5187 pedetentium,
2462 5118 2525 5167 ut
2545 5128 2610 5167 eo
2633 5117 2865 5166 utamur
2894 5108 3084 5173 verbo,
3113 5106 3354 5161 recessit
3383 5105 3658 5178 procella,

2023 5205 2194 5273 sed,o
2217 5206 2501 5259 immensa
2523 5199 2804 5256 miracula
2827 5195 2955 5252 tual
2982 5195 3414 5262 Cbriste,simul
3440 5196 3656 5252 dictum

2023 5295 2358 5364 factumque
2388 5296 2531 5358 erat,
2566 5296 2632 5346 ut
2660 5289 2831 5360 vulgo
2854 5287 3107 5341 dicitur:
3143 5283 3319 5341 simul
3354 5290 3549 5340 votum
3584 5287 3661 5340 ni-

2023 5384 2233 5439 mirum
2266 5390 2320 5437 et
2368 5382 2536 5453 plena
2592 5376 2963 5434 incolumitas
3009 5374 3108 5433 ita.
3168 5377 3231 5427 ut
3281 5372 3440 5428 haud
3484 5371 3665 5429 ullam

2020 5472 2196 5544 probe
2225 5471 2416 5528 dicam
2446 5467 2665 5541 experti
2696 5466 3022 5521 viderentur
3051 5459 3384 5533 procellam.

2090 5559 2258 5619 XXII.
2287 5560 2433 5628 Quin
2455 5565 2512 5619 et
2543 5571 2755 5617 novum
2786 5550 3062 5610 miraculo
3104 5549 3347 5609 accessit
3400 5549 3655 5606 miracu~
