  <div class='ocr_page' id='page_1' title='image "/cluster/home/n/w/nwhite01/storage/ocr_20150623/145/mdp.39015061167048/127.png"; bbox 0 0 4092 6300; ppageno 0'>
   <div class='ocr_carea' id='block_1_1' title="bbox 492 410 611 483">
    <p class='ocr_par' dir='ltr' id='par_1_1' title="bbox 492 410 611 483">
     <span class='ocr_line' id='line_1_1' title="bbox 492 410 611 483; baseline 0.017 -2"><span class='ocrx_word' id='word_1_1' title='bbox 492 410 611 483; x_wconf 65' lang='lat'><strong>939</strong></span> 
     </span>
    </p>
   </div>
   <div class='ocr_carea' id='block_1_2' title="bbox 1796 418 2594 485">
    <p class='ocr_par' dir='ltr' id='par_1_2' title="bbox 1796 418 2594 485">
     <span class='ocr_line' id='line_1_2' title="bbox 1796 418 2594 485; baseline -0.001 -1"><span class='ocrx_word' id='word_1_2' title='bbox 1796 418 2193 485; x_wconf 84' lang='lat' dir='ltr'><strong>THEODULI</strong></span> <span class='ocrx_word' id='word_1_3' title='bbox 2238 418 2594 483; x_wconf 86' lang='lat' dir='ltr'><strong>MONACHI</strong></span> 
     </span>
    </p>
   </div>
   <div class='ocr_carea' id='block_1_3' title="bbox 3765 421 3876 483">
    <p class='ocr_par' dir='ltr' id='par_1_3' title="bbox 3765 421 3876 483">
     <span class='ocr_line' id='line_1_3' title="bbox 3765 421 3876 483; baseline -0.018 0"><span class='ocrx_word' id='word_1_4' title='bbox 3765 421 3876 483; x_wconf 65' lang='grc'><strong>240</strong></span> 
     </span>
    </p>
   </div>
   <div class='ocr_carea' id='block_1_4' title="bbox 491 551 2144 632">
    <p class='ocr_par' dir='ltr' id='par_1_4' title="bbox 491 559 2127 632">
     <span class='ocr_line' id='line_1_4' title="bbox 491 559 2127 632; baseline -0.001 -18"><span class='ocrx_word' id='word_1_5' title='bbox 491 559 655 628; x_wconf 89' lang='lat' dir='ltr'><strong>lum;</strong></span> <span class='ocrx_word' id='word_1_6' title='bbox 687 560 901 632; x_wconf 80' lang='lat' dir='ltr'><strong>quippe</strong></span> <span class='ocrx_word' id='word_1_7' title='bbox 931 563 1099 616; x_wconf 89' lang='lat' dir='ltr'><strong>nocte</strong></span> <span class='ocrx_word' id='word_1_8' title='bbox 1125 560 1351 628; x_wconf 90' lang='lat' dir='ltr'><strong>eadem,</strong></span> <span class='ocrx_word' id='word_1_9' title='bbox 1403 563 1467 615; x_wconf 89' lang='lat' dir='ltr'><strong>ut</strong></span> <span class='ocrx_word' id='word_1_10' title='bbox 1514 563 1714 631; x_wconf 87' lang='lat' dir='ltr'><strong>postea</strong></span> <span class='ocrx_word' id='word_1_11' title='bbox 1763 563 2127 630; x_wconf 88' lang='lat' dir='ltr'><strong>compertum</strong></span> 
     </span>
    </p>
   </div>
   <div class='ocr_carea' id='block_1_5' title="bbox 2256 551 3875 632">
    <p class='ocr_par' dir='ltr' id='par_1_5' title="bbox 2256 551 3875 631">
     <span class='ocr_line' id='line_1_5' title="bbox 2256 551 3875 631; baseline -0.001 -22"><span class='ocrx_word' id='word_1_12' title='bbox 2256 557 2424 629; x_wconf 68' lang='grc' dir='ltr'>ὒαῦμα</span> <span class='ocrx_word' id='word_1_13' title='bbox 2458 575 2471 589; x_wconf 84' lang='lat'><strong><em>°</em></strong></span> <span class='ocrx_word' id='word_1_14' title='bbox 2500 562 2600 625; x_wconf 86' lang='grc' dir='ltr'><strong>τῆς</strong></span> <span class='ocrx_word' id='word_1_15' title='bbox 2656 556 2759 629; x_wconf 83' lang='grc' dir='ltr'><strong>γὰρ</strong></span> <span class='ocrx_word' id='word_1_16' title='bbox 2808 553 2976 623; x_wconf 83' lang='grc' dir='ltr'>αὐτῆς</span> <span class='ocrx_word' id='word_1_17' title='bbox 3013 554 3207 615; x_wconf 85' lang='grc' dir='ltr'>νυκτὸς</span> <span class='ocrx_word' id='word_1_18' title='bbox 3255 553 3329 616; x_wconf 83' lang='grc' dir='ltr'><strong>ὡς</strong></span> <span class='ocrx_word' id='word_1_19' title='bbox 3367 551 3550 608; x_wconf 84' lang='grc' dir='ltr'>ἔπειτα</span> <span class='ocrx_word' id='word_1_20' title='bbox 3595 555 3875 631; x_wconf 72' lang='grc' dir='ltr'>καταφανὲς</span> 
     </span>
    </p>
   </div>
   <div class='ocr_carea' id='block_1_6' title="bbox 493 648 2140 721">
    <p class='ocr_par' dir='ltr' id='par_1_6' title="bbox 493 648 2140 721">
     <span class='ocr_line' id='line_1_6' title="bbox 493 648 2140 721; baseline -0.002 -17"><span class='ocrx_word' id='word_1_21' title='bbox 493 656 604 716; x_wconf 88' lang='lat' dir='ltr'><strong>est,</strong></span> <span class='ocrx_word' id='word_1_22' title='bbox 637 651 707 706; x_wconf 89' lang='lat' dir='ltr'><strong>de</strong></span> <span class='ocrx_word' id='word_1_23' title='bbox 739 649 996 721; x_wconf 83' lang='lat' dir='ltr'><strong>periculo</strong></span> <span class='ocrx_word' id='word_1_24' title='bbox 1042 649 1147 705; x_wconf 87' lang='lat' dir='ltr'>ﬁlii</span> <span class='ocrx_word' id='word_1_25' title='bbox 1193 648 1465 705; x_wconf 79' lang='lat' dir='ltr'><strong>certiores</strong></span> <span class='ocrx_word' id='word_1_26' title='bbox 1520 648 1801 705; x_wconf 89' lang='lat' dir='ltr'><strong>divinitus</strong></span> <span class='ocrx_word' id='word_1_27' title='bbox 1854 648 1987 704; x_wconf 88' lang='lat' dir='ltr'><strong>facti</strong></span> <span class='ocrx_word' id='word_1_28' title='bbox 2031 665 2140 718; x_wconf 88' lang='lat' dir='ltr'><strong>pa—</strong></span> 
     </span>
    </p>
   </div>
   <div class='ocr_carea' id='block_1_7' title="bbox 496 737 2139 811">
    <p class='ocr_par' dir='ltr' id='par_1_7' title="bbox 496 737 2139 811">
     <span class='ocr_line' id='line_1_7' title="bbox 496 737 2139 811; baseline -0.002 -16"><span class='ocrx_word' id='word_1_29' title='bbox 496 742 711 805; x_wconf 86' lang='lat' dir='ltr'><strong>rentes,</strong></span> <span class='ocrx_word' id='word_1_30' title='bbox 733 756 836 811; x_wconf 89' lang='lat' dir='ltr'><strong>pro</strong></span> <span class='ocrx_word' id='word_1_31' title='bbox 849 754 913 796; x_wconf 89' lang='lat' dir='ltr'><strong>eo</strong></span> <span class='ocrx_word' id='word_1_32' title='bbox 927 756 991 794; x_wconf 88' lang='lat' dir='ltr'><strong>ac</strong></span> <span class='ocrx_word' id='word_1_33' title='bbox 1006 738 1343 808; x_wconf 88' lang='lat' dir='ltr'><strong>debuerunt,</strong></span> <span class='ocrx_word' id='word_1_34' title='bbox 1356 737 1604 810; x_wconf 81' lang='lat' dir='ltr'><strong>graviter</strong></span> <span class='ocrx_word' id='word_1_35' title='bbox 1616 739 1814 795; x_wconf 87' lang='lat' dir='ltr'><strong>animo</strong></span> <span class='ocrx_word' id='word_1_36' title='bbox 1839 738 2139 810; x_wconf 88' lang='lat' dir='ltr'><strong>angeban-</strong></span> 
     </span>
    </p>
   </div>
   <div class='ocr_carea' id='block_1_8' title="bbox 497 827 2136 900">
    <p class='ocr_par' dir='ltr' id='par_1_8' title="bbox 497 827 2136 900">
     <span class='ocr_line' id='line_1_8' title="bbox 497 827 2136 900; baseline -0.001 -17"><span class='ocrx_word' id='word_1_37' title='bbox 497 835 628 883; x_wconf 84' lang='lat' dir='ltr'><strong>tur:</strong></span> <span class='ocrx_word' id='word_1_38' title='bbox 654 831 710 883; x_wconf 91' lang='lat' dir='ltr'><strong>et</strong></span> <span class='ocrx_word' id='word_1_39' title='bbox 738 827 1018 900; x_wconf 88' lang='lat' dir='ltr'><strong>quidquid</strong></span> <span class='ocrx_word' id='word_1_40' title='bbox 1050 827 1144 883; x_wconf 92' lang='lat' dir='ltr'><strong>hic</strong></span> <span class='ocrx_word' id='word_1_41' title='bbox 1172 827 1297 900; x_wconf 76' lang='lat' dir='ltr'><strong>opis</strong></span> <span class='ocrx_word' id='word_1_42' title='bbox 1326 832 1613 898; x_wconf 84' lang='lat' dir='ltr'><strong>poterant,</strong></span> <span class='ocrx_word' id='word_1_43' title='bbox 1653 827 1937 884; x_wconf 80' lang='lat' dir='ltr'><strong>laboranti</strong></span> <span class='ocrx_word' id='word_1_44' title='bbox 1993 828 2136 882; x_wconf 82' lang='lat' dir='ltr'><strong>fere-</strong></span> 
     </span>
    </p>
   </div>
   <div class='ocr_carea' id='block_1_9' title="bbox 495 916 2140 988">
    <p class='ocr_par' dir='ltr' id='par_1_9' title="bbox 495 916 2140 988">
     <span class='ocr_line' id='line_1_9' title="bbox 495 916 2140 988; baseline -0.002 -15"><span class='ocrx_word' id='word_1_45' title='bbox 495 918 658 986; x_wconf 87' lang='lat' dir='ltr'><strong>bant,</strong></span> <span class='ocrx_word' id='word_1_46' title='bbox 690 916 1144 973; x_wconf 88' lang='lat' dir='ltr'><strong>ferventissimas</strong></span> <span class='ocrx_word' id='word_1_47' title='bbox 1164 917 1225 972; x_wconf 90' lang='lat' dir='ltr'><strong>in</strong></span> <span class='ocrx_word' id='word_1_48' title='bbox 1246 933 1444 988; x_wconf 87' lang='lat' dir='ltr'><strong>preces</strong></span> <span class='ocrx_word' id='word_1_49' title='bbox 1466 917 1895 985; x_wconf 81' lang='lat' dir='ltr'><strong>incumbentes,</strong></span> <span class='ocrx_word' id='word_1_50' title='bbox 1918 917 2140 972; x_wconf 85' lang='lat' dir='ltr'><strong>omnia-</strong></span> 
     </span>
    </p>
   </div>
   <div class='ocr_carea' id='block_1_10' title="bbox 494 1005 2137 1078">
    <p class='ocr_par' dir='ltr' id='par_1_10' title="bbox 494 1005 2137 1078">
     <span class='ocr_line' id='line_1_10' title="bbox 494 1005 2137 1078; baseline -0.001 -17"><span class='ocrx_word' id='word_1_51' title='bbox 494 1023 606 1078; x_wconf 84' lang='lat' dir='ltr'><strong>que</strong></span> <span class='ocrx_word' id='word_1_52' title='bbox 640 1009 702 1062; x_wconf 90' lang='lat' dir='ltr'><strong>ut</strong></span> <span class='ocrx_word' id='word_1_53' title='bbox 731 1006 924 1076; x_wconf 88' lang='lat' dir='ltr'><strong>ipsum</strong></span> <span class='ocrx_word' id='word_1_54' title='bbox 954 1006 1281 1061; x_wconf 85' lang='lat' dir='ltr'><strong>discrimini</strong></span> <span class='ocrx_word' id='word_1_55' title='bbox 1315 1006 1604 1077; x_wconf 84' lang='lat' dir='ltr'><strong>eriperent</strong></span> <span class='ocrx_word' id='word_1_56' title='bbox 1635 1005 1980 1062; x_wconf 88' lang='lat' dir='ltr'><strong>molientes:</strong></span> <span class='ocrx_word' id='word_1_57' title='bbox 2015 1014 2137 1060; x_wconf 88' lang='lat' dir='ltr'><strong>tum</strong></span> 
     </span>
    </p>
   </div>
   <div class='ocr_carea' id='block_1_11' title="bbox 499 1093 2137 1166">
    <p class='ocr_par' dir='ltr' id='par_1_11' title="bbox 499 1093 2137 1166">
     <span class='ocr_line' id='line_1_11' title="bbox 499 1093 2137 1166; baseline -0.002 -15"><span class='ocrx_word' id='word_1_58' title='bbox 499 1113 632 1151; x_wconf 81' lang='lat' dir='ltr'><strong>mox</strong></span> <span class='ocrx_word' id='word_1_59' title='bbox 643 1095 760 1150; x_wconf 90' lang='lat' dir='ltr'><strong>voti</strong></span> <span class='ocrx_word' id='word_1_60' title='bbox 779 1112 905 1150; x_wconf 90' lang='lat' dir='ltr'><strong>sese</strong></span> <span class='ocrx_word' id='word_1_61' title='bbox 917 1104 1211 1165; x_wconf 75' lang='lat' dir='ltr'><strong>compotes</strong></span> <span class='ocrx_word' id='word_1_62' title='bbox 1225 1096 1407 1151; x_wconf 85' lang='lat' dir='ltr'><strong>factos</strong></span> <span class='ocrx_word' id='word_1_63' title='bbox 1418 1112 1544 1151; x_wconf 89' lang='lat' dir='ltr'><strong>esse</strong></span> <span class='ocrx_word' id='word_1_64' title='bbox 1559 1095 1778 1166; x_wconf 89' lang='lat' dir='ltr'><strong>liquido</strong></span> <span class='ocrx_word' id='word_1_65' title='bbox 1793 1093 2137 1165; x_wconf 78' lang='lat' dir='ltr'><strong>intelligere,</strong></span> 
     </span>
    </p>
   </div>
   <div class='ocr_carea' id='block_1_12' title="bbox 497 1183 2140 1256">
    <p class='ocr_par' dir='ltr' id='par_1_12' title="bbox 497 1183 2140 1256">
     <span class='ocr_line' id='line_1_12' title="bbox 497 1183 2140 1256; baseline -0.002 -15"><span class='ocrx_word' id='word_1_66' title='bbox 497 1185 842 1241; x_wconf 77' lang='lat' dir='ltr'><strong>abscedente</strong></span> <span class='ocrx_word' id='word_1_67' title='bbox 873 1183 1025 1240; x_wconf 91' lang='lat' dir='ltr'><strong>illico</strong></span> <span class='ocrx_word' id='word_1_68' title='bbox 1043 1201 1158 1240; x_wconf 93' lang='lat' dir='ltr'><strong>non</strong></span> <span class='ocrx_word' id='word_1_69' title='bbox 1179 1184 1352 1240; x_wconf 92' lang='lat' dir='ltr'><strong>modo</strong></span> <span class='ocrx_word' id='word_1_70' title='bbox 1369 1185 1530 1240; x_wconf 92' lang='lat' dir='ltr'><strong>omni</strong></span> <span class='ocrx_word' id='word_1_71' title='bbox 1560 1184 1921 1256; x_wconf 72' lang='lat' dir='ltr'><strong>aegritudinis</strong></span> <span class='ocrx_word' id='word_1_72' title='bbox 1941 1200 2140 1252; x_wconf 89' lang='lat' dir='ltr'><strong>sensu,</strong></span> 
     </span>
    </p>
   </div>
   <div class='ocr_carea' id='block_1_13' title="bbox 496 1272 2139 1345">
    <p class='ocr_par' dir='ltr' id='par_1_13' title="bbox 496 1272 2139 1345">
     <span class='ocr_line' id='line_1_13' title="bbox 496 1272 2139 1345; baseline -0.002 -15"><span class='ocrx_word' id='word_1_73' title='bbox 496 1275 596 1330; x_wconf 89' lang='lat' dir='ltr'><strong>sed</strong></span> <span class='ocrx_word' id='word_1_74' title='bbox 640 1274 883 1330; x_wconf 85' lang='lat' dir='ltr'><strong>invicem</strong></span> <span class='ocrx_word' id='word_1_75' title='bbox 932 1272 1207 1329; x_wconf 77' lang='lat' dir='ltr'><strong>inetl&#39;abili</strong></span> <span class='ocrx_word' id='word_1_76' title='bbox 1271 1275 1520 1345; x_wconf 87' lang='lat' dir='ltr'><strong>quadam</strong></span> <span class='ocrx_word' id='word_1_77' title='bbox 1568 1273 1864 1344; x_wconf 86' lang='lat' dir='ltr'><strong>voluptate</strong></span> <span class='ocrx_word' id='word_1_78' title='bbox 1913 1274 2139 1329; x_wconf 87' lang='lat' dir='ltr'><strong>animos</strong></span> 
     </span>
    </p>
   </div>
   <div class='ocr_carea' id='block_1_14' title="bbox 497 1361 2141 1435">
    <p class='ocr_par' dir='ltr' id='par_1_14' title="bbox 497 1361 2141 1435">
     <span class='ocr_line' id='line_1_14' title="bbox 497 1361 2141 1435; baseline -0.002 -16"><span class='ocrx_word' id='word_1_79' title='bbox 497 1364 757 1435; x_wconf 88' lang='lat' dir='ltr'><strong>ipsorum</strong></span> <span class='ocrx_word' id='word_1_80' title='bbox 780 1361 1069 1433; x_wconf 85' lang='lat' dir='ltr'><strong>replente:</strong></span> <span class='ocrx_word' id='word_1_81' title='bbox 1101 1363 1257 1433; x_wconf 91' lang='lat' dir='ltr'><strong>quod</strong></span> <span class='ocrx_word' id='word_1_82' title='bbox 1289 1361 1682 1418; x_wconf 88' lang='lat' dir='ltr'><strong>clarissimum</strong></span> <span class='ocrx_word' id='word_1_83' title='bbox 1733 1362 1966 1434; x_wconf 89' lang='lat' dir='ltr'><strong>signum</strong></span> <span class='ocrx_word' id='word_1_84' title='bbox 2020 1366 2141 1417; x_wconf 89' lang='lat' dir='ltr'><strong>erat</strong></span> 
     </span>
    </p>
   </div>
   <div class='ocr_carea' id='block_1_15' title="bbox 500 1449 2140 1526">
    <p class='ocr_par' dir='ltr' id='par_1_15' title="bbox 500 1449 2140 1526">
     <span class='ocr_line' id='line_1_15' title="bbox 500 1449 2140 1526; baseline -0.003 -16"><span class='ocrx_word' id='word_1_85' title='bbox 500 1449 880 1526; x_wconf 88' lang='lat' dir='ltr'><strong>prosperioris</strong></span> <span class='ocrx_word' id='word_1_86' title='bbox 906 1450 1009 1504; x_wconf 79' lang='lat' dir='ltr'><strong>filii</strong></span> <span class='ocrx_word' id='word_1_87' title='bbox 1046 1456 1254 1517; x_wconf 87' lang='lat' dir='ltr'><strong>status,</strong></span> <span class='ocrx_word' id='word_1_88' title='bbox 1296 1455 1639 1522; x_wconf 71' lang='lat' dir='ltr'><strong>quantaeque</strong></span> <span class='ocrx_word' id='word_1_89' title='bbox 1701 1468 1814 1507; x_wconf 85' lang='lat' dir='ltr'><strong>una</strong></span> <span class='ocrx_word' id='word_1_90' title='bbox 1872 1467 2006 1506; x_wconf 91' lang='lat' dir='ltr'><strong>cum</strong></span> <span class='ocrx_word' id='word_1_91' title='bbox 2042 1450 2140 1506; x_wconf 93' lang='lat' dir='ltr'><strong>illo</strong></span> 
     </span>
    </p>
   </div>
   <div class='ocr_carea' id='block_1_16' title="bbox 499 1539 2141 1613">
    <p class='ocr_par' dir='ltr' id='par_1_16' title="bbox 499 1539 2141 1613">
     <span class='ocr_line' id='line_1_16' title="bbox 499 1539 2141 1613; baseline -0.002 -16"><span class='ocrx_word' id='word_1_92' title='bbox 499 1558 648 1597; x_wconf 83' lang='lat' dir='ltr'><strong>curse</strong></span> <span class='ocrx_word' id='word_1_93' title='bbox 682 1542 797 1597; x_wconf 89' lang='lat' dir='ltr'><strong>Deo</strong></span> <span class='ocrx_word' id='word_1_94' title='bbox 843 1546 1057 1595; x_wconf 85' lang='lat' dir='ltr'><strong>essent.</strong></span> <span class='ocrx_word' id='word_1_95' title='bbox 1117 1541 1468 1610; x_wconf 86' lang='lat' dir='ltr'><strong>Hujusmodi</strong></span> <span class='ocrx_word' id='word_1_96' title='bbox 1527 1539 1797 1611; x_wconf 87' lang='lat' dir='ltr'><strong>equidem</strong></span> <span class='ocrx_word' id='word_1_97' title='bbox 1850 1539 2141 1613; x_wconf 79' lang='lat' dir='ltr'><strong>navigatio</strong></span> 
     </span>
    </p>
   </div>
   <div class='ocr_carea' id='block_1_17' title="bbox 499 1628 2141 1701">
    <p class='ocr_par' dir='ltr' id='par_1_17' title="bbox 499 1628 2141 1701">
     <span class='ocr_line' id='line_1_17' title="bbox 499 1628 2141 1701; baseline -0.001 -15"><span class='ocrx_word' id='word_1_98' title='bbox 499 1630 811 1688; x_wconf 80' lang='lat' dir='ltr'><strong>fuitzadeo</strong></span> <span class='ocrx_word' id='word_1_99' title='bbox 837 1628 936 1683; x_wconf 88' lang='lat' dir='ltr'><strong>illa</strong></span> <span class='ocrx_word' id='word_1_100' title='bbox 967 1628 1231 1683; x_wconf 90' lang='lat' dir='ltr'><strong>omnium</strong></span> <span class='ocrx_word' id='word_1_101' title='bbox 1291 1628 1639 1685; x_wconf 83' lang='lat' dir='ltr'><strong>difficillima</strong></span> <span class='ocrx_word' id='word_1_102' title='bbox 1690 1645 1757 1686; x_wconf 87' lang='lat' dir='ltr'><strong>ac</strong></span> <span class='ocrx_word' id='word_1_103' title='bbox 1797 1630 2141 1701; x_wconf 88' lang='lat' dir='ltr'><strong>asperrima,</strong></span> 
     </span>
    </p>
   </div>
   <div class='ocr_carea' id='block_1_18' title="bbox 499 1717 2141 1790">
    <p class='ocr_par' dir='ltr' id='par_1_18' title="bbox 499 1717 2141 1790">
     <span class='ocr_line' id='line_1_18' title="bbox 499 1717 2141 1790; baseline -0.001 -14"><span class='ocrx_word' id='word_1_104' title='bbox 499 1725 562 1776; x_wconf 91' lang='lat' dir='ltr'><strong>ut</strong></span> <span class='ocrx_word' id='word_1_105' title='bbox 612 1720 658 1775; x_wconf 82' lang='lat' dir='ltr'><strong>si</strong></span> <span class='ocrx_word' id='word_1_106' title='bbox 692 1717 1025 1774; x_wconf 88' lang='lat' dir='ltr'><strong>evenissent</strong></span> <span class='ocrx_word' id='word_1_107' title='bbox 1071 1733 1196 1789; x_wconf 70' lang='lat' dir='ltr'><strong>quas</strong></span> <span class='ocrx_word' id='word_1_108' title='bbox 1246 1717 1626 1774; x_wconf 85' lang='lat' dir='ltr'><strong>minitabatur</strong></span> <span class='ocrx_word' id='word_1_109' title='bbox 1681 1718 2141 1790; x_wconf 84' lang='lat' dir='ltr'><strong>haudquaquam</strong></span> 
     </span>
    </p>
   </div>
   <div class='ocr_carea' id='block_1_19' title="bbox 497 1805 2141 1879">
    <p class='ocr_par' dir='ltr' id='par_1_19' title="bbox 497 1805 2141 1879">
     <span class='ocr_line' id='line_1_19' title="bbox 497 1805 2141 1879; baseline -0.001 -15"><span class='ocrx_word' id='word_1_110' title='bbox 497 1810 671 1879; x_wconf 82' lang='lat' dir='ltr'><strong>digna</strong></span> <span class='ocrx_word' id='word_1_111' title='bbox 691 1811 844 1863; x_wconf 84' lang='lat' dir='ltr'><strong>esset</strong></span> <span class='ocrx_word' id='word_1_112' title='bbox 872 1806 1037 1876; x_wconf 88' lang='lat' dir='ltr'><strong>cujus</strong></span> <span class='ocrx_word' id='word_1_113' title='bbox 1070 1805 1189 1861; x_wconf 86' lang='lat' dir='ltr'><strong>ulla</strong></span> <span class='ocrx_word' id='word_1_114' title='bbox 1218 1811 1552 1878; x_wconf 87' lang='lat' dir='ltr'><strong>superesset</strong></span> <span class='ocrx_word' id='word_1_115' title='bbox 1575 1806 1854 1862; x_wconf 85' lang='lat' dir='ltr'><strong>memoria</strong></span> <span class='ocrx_word' id='word_1_116' title='bbox 1888 1824 1901 1862; x_wconf 90' lang='lat'>:</span> <span class='ocrx_word' id='word_1_117' title='bbox 1934 1824 2141 1863; x_wconf 91' lang='lat' dir='ltr'><strong>rursus</strong></span> 
     </span>
    </p>
   </div>
   <div class='ocr_carea' id='block_1_20' title="bbox 2247 640 3880 720">
    <p class='ocr_par' dir='ltr' id='par_1_20' title="bbox 2247 640 3880 720">
     <span class='ocr_line' id='line_1_20' title="bbox 2247 640 3880 720; baseline -0.001 -22"><span class='ocrx_word' id='word_1_118' title='bbox 2247 644 2504 720; x_wconf 86' lang='grc' dir='ltr'>ἐγεγόνει,</span> <span class='ocrx_word' id='word_1_119' title='bbox 2538 645 2603 697; x_wconf 83' lang='grc' dir='ltr'>τὰ</span> <span class='ocrx_word' id='word_1_120' title='bbox 2658 646 2756 697; x_wconf 89' lang='grc' dir='ltr'><strong>τοῦ</strong></span> <span class='ocrx_word' id='word_1_121' title='bbox 2812 640 3005 704; x_wconf 82' lang='grc' dir='ltr'>παιδὸς</span> <span class='ocrx_word' id='word_1_122' title='bbox 3062 640 3302 720; x_wconf 81' lang='grc' dir='ltr'><strong>δυσχερῆ</strong></span> <span class='ocrx_word' id='word_1_123' title='bbox 3348 642 3527 697; x_wconf 79' lang='grc' dir='ltr'>θεόθεν</span> <span class='ocrx_word' id='word_1_124' title='bbox 3559 644 3608 697; x_wconf 81' lang='grc' dir='ltr'>οἱ</span> <span class='ocrx_word' id='word_1_125' title='bbox 3641 646 3880 718; x_wconf 84' lang='grc' dir='ltr'>γεννήτο-</span> 
     </span>
    </p>
   </div>
   <div class='ocr_carea' id='block_1_21' title="bbox 2251 730 3878 806">
    <p class='ocr_par' dir='ltr' id='par_1_21' title="bbox 2251 730 3878 806">
     <span class='ocr_line' id='line_1_21' title="bbox 2251 730 3878 806; baseline -0.001 -18"><span class='ocrx_word' id='word_1_126' title='bbox 2251 754 2330 806; x_wconf 89' lang='grc' dir='ltr'><strong>ρει</strong></span> <span class='ocrx_word' id='word_1_127' title='bbox 2388 731 2808 805; x_wconf 79' lang='grc' dir='ltr'>ἐμπνευσθὲντες</span> <span class='ocrx_word' id='word_1_128' title='bbox 2869 733 3200 805; x_wconf 81' lang='grc' dir='ltr'><strong>ἀγωνιῶντες</strong></span> <span class='ocrx_word' id='word_1_129' title='bbox 3256 732 3392 801; x_wconf 77' lang='grc' dir='ltr'>ἦσαν</span> <span class='ocrx_word' id='word_1_130' title='bbox 3453 732 3527 793; x_wconf 83' lang='grc' dir='ltr'>ὡς</span> <span class='ocrx_word' id='word_1_131' title='bbox 3586 731 3752 795; x_wconf 87' lang='grc' dir='ltr'>εἰκός.</span> <span class='ocrx_word' id='word_1_132' title='bbox 3796 730 3878 787; x_wconf 85' lang='grc' dir='ltr'><strong>καὶ</strong></span> 
     </span>
    </p>
   </div>
   <div class='ocr_carea' id='block_1_22' title="bbox 2251 818 3879 896">
    <p class='ocr_par' dir='ltr' id='par_1_22' title="bbox 2251 818 3879 896">
     <span class='ocr_line' id='line_1_22' title="bbox 2251 818 3879 896; baseline -0.001 -20"><span class='ocrx_word' id='word_1_133' title='bbox 2251 822 2333 882; x_wconf 82' lang='grc' dir='ltr'><strong>οἲς</strong></span> <span class='ocrx_word' id='word_1_134' title='bbox 2387 821 2534 895; x_wconf 78' lang='grc' dir='ltr'>εἶχον</span> <span class='ocrx_word' id='word_1_135' title='bbox 2577 820 2714 896; x_wconf 85' lang='grc' dir='ltr'>πρὸς</span> <span class='ocrx_word' id='word_1_136' title='bbox 2762 819 3081 894; x_wconf 80' lang='grc' dir='ltr'>συμμαχίαν</span> <span class='ocrx_word' id='word_1_137' title='bbox 3128 818 3373 895; x_wconf 76' lang='grc' dir='ltr'>ἐχρῶντο</span> <span class='ocrx_word' id='word_1_138' title='bbox 3414 837 3428 851; x_wconf 76' lang='grc'><strong><em>⁸</em></strong></span> <span class='ocrx_word' id='word_1_139' title='bbox 3479 818 3879 881; x_wconf 88' lang='grc' dir='ltr'>θεοκλυτοῦντες</span> 
     </span>
    </p>
   </div>
   <div class='ocr_carea' id='block_1_23' title="bbox 2248 902 3881 983">
    <p class='ocr_par' dir='ltr' id='par_1_23' title="bbox 2248 902 3881 983">
     <span class='ocr_line' id='line_1_23' title="bbox 2248 902 3881 983; baseline -0.002 -19"><span class='ocrx_word' id='word_1_140' title='bbox 2248 910 2386 965; x_wconf 74' lang='grc' dir='ltr'>πάνυ</span> <span class='ocrx_word' id='word_1_141' title='bbox 2448 911 2663 983; x_wconf 79' lang='grc' dir='ltr'><strong>θερμῶς</strong></span> <span class='ocrx_word' id='word_1_142' title='bbox 2717 907 2811 962; x_wconf 80' lang='grc' dir='ltr'><strong>καὶ</strong></span> <span class='ocrx_word' id='word_1_143' title='bbox 2870 906 3022 970; x_wconf 84' lang='grc' dir='ltr'>ὅπως</span> <span class='ocrx_word' id='word_1_144' title='bbox 3080 907 3242 970; x_wconf 81' lang='grc' dir='ltr'>οὗτος</span> <span class='ocrx_word' id='word_1_145' title='bbox 3300 906 3520 977; x_wconf 80' lang='grc' dir='ltr'>ἐξάντης</span> <span class='ocrx_word' id='word_1_146' title='bbox 3579 902 3723 962; x_wconf 83' lang='grc' dir='ltr'>ἔσται</span> <span class='ocrx_word' id='word_1_147' title='bbox 3793 911 3881 962; x_wconf 88' lang='grc' dir='ltr'><strong>τοῦ</strong></span> 
     </span>
    </p>
   </div>
   <div class='ocr_carea' id='block_1_24' title="bbox 2248 995 3883 1070">
    <p class='ocr_par' dir='ltr' id='par_1_24' title="bbox 2248 995 3883 1070">
     <span class='ocr_line' id='line_1_24' title="bbox 2248 995 3883 1070; baseline -0.001 -18"><span class='ocrx_word' id='word_1_148' title='bbox 2248 996 2502 1054; x_wconf 87' lang='grc' dir='ltr'>κινδύνου</span> <span class='ocrx_word' id='word_1_149' title='bbox 2532 998 2706 1053; x_wconf 77' lang='grc' dir='ltr'>πάντα</span> <span class='ocrx_word' id='word_1_150' title='bbox 2732 1001 3016 1059; x_wconf 89' lang='grc' dir='ltr'>ποιοῦντες</span> <span class='ocrx_word' id='word_1_151' title='bbox 3053 1017 3065 1029; x_wconf 86' lang='grc'><strong>·</strong></span> <span class='ocrx_word' id='word_1_152' title='bbox 3099 998 3188 1051; x_wconf 80' lang='grc' dir='ltr'>καὶ</span> <span class='ocrx_word' id='word_1_153' title='bbox 3222 995 3410 1070; x_wconf 78' lang='grc' dir='ltr'>μέντοι</span> <span class='ocrx_word' id='word_1_154' title='bbox 3458 996 3546 1052; x_wconf 87' lang='grc' dir='ltr'><strong>καὶ</strong></span> <span class='ocrx_word' id='word_1_155' title='bbox 3591 997 3664 1051; x_wconf 84' lang='grc' dir='ltr'>ὧν</span> <span class='ocrx_word' id='word_1_156' title='bbox 3714 995 3883 1070; x_wconf 84' lang='grc' dir='ltr'>ἐπήγ-</span> 
     </span>
    </p>
   </div>
   <div class='ocr_carea' id='block_1_25' title="bbox 2249 1084 3879 1163">
    <p class='ocr_par' dir='ltr' id='par_1_25' title="bbox 2249 1084 3879 1163">
     <span class='ocr_line' id='line_1_25' title="bbox 2249 1084 3879 1163; baseline -0.001 -22"><span class='ocrx_word' id='word_1_157' title='bbox 2249 1086 2450 1163; x_wconf 87' lang='grc' dir='ltr'>γελλον</span> <span class='ocrx_word' id='word_1_158' title='bbox 2494 1087 2773 1156; x_wconf 78' lang='grc' dir='ltr'><strong>τυχόντες,</strong></span> <span class='ocrx_word' id='word_1_159' title='bbox 2825 1084 3056 1161; x_wconf 83' lang='grc' dir='ltr'><strong>ἔγνωσαν</strong></span> <span class='ocrx_word' id='word_1_160' title='bbox 3117 1085 3395 1162; x_wconf 82' lang='grc' dir='ltr'><strong>ἐμφανῶς,</strong></span> <span class='ocrx_word' id='word_1_161' title='bbox 3428 1086 3533 1160; x_wconf 81' lang='grc' dir='ltr'>οὐχ</span> <span class='ocrx_word' id='word_1_162' title='bbox 3590 1087 3737 1147; x_wconf 82' lang='grc' dir='ltr'>ὅπως</span> <span class='ocrx_word' id='word_1_163' title='bbox 3792 1093 3879 1148; x_wconf 84' lang='grc' dir='ltr'><strong>τῆς</strong></span> 
     </span>
    </p>
   </div>
   <div class='ocr_carea' id='block_1_26' title="bbox 2253 1172 3883 1249">
    <p class='ocr_par' dir='ltr' id='par_1_26' title="bbox 2253 1172 3883 1249">
     <span class='ocr_line' id='line_1_26' title="bbox 2253 1172 3883 1249; baseline -0.001 -19"><span class='ocrx_word' id='word_1_164' title='bbox 2253 1177 2487 1249; x_wconf 79' lang='grc' dir='ltr'><strong>ἀθυμίας</strong></span> <span class='ocrx_word' id='word_1_165' title='bbox 2543 1176 2875 1231; x_wconf 75' lang='grc' dir='ltr'>παντάπασιν</span> <span class='ocrx_word' id='word_1_166' title='bbox 2938 1175 3092 1237; x_wconf 74' lang='grc' dir='ltr'>εὐθὺς</span> <span class='ocrx_word' id='word_1_167' title='bbox 3137 1174 3433 1244; x_wconf 83' lang='grc' dir='ltr'><strong>ἀπιούσης,</strong></span> <span class='ocrx_word' id='word_1_168' title='bbox 3466 1174 3611 1230; x_wconf 87' lang='grc' dir='ltr'><strong>ἀλλά</strong></span> <span class='ocrx_word' id='word_1_169' title='bbox 3647 1178 3737 1230; x_wconf 87' lang='grc' dir='ltr'><strong>καί</strong></span> <span class='ocrx_word' id='word_1_170' title='bbox 3767 1172 3883 1245; x_wconf 80' lang='grc' dir='ltr'>ἡδο-</span> 
     </span>
    </p>
   </div>
   <div class='ocr_carea' id='block_1_27' title="bbox 2251 1264 3880 1344">
    <p class='ocr_par' dir='ltr' id='par_1_27' title="bbox 2251 1264 3880 1344">
     <span class='ocr_line' id='line_1_27' title="bbox 2251 1264 3880 1344; baseline -0.002 -24"><span class='ocrx_word' id='word_1_171' title='bbox 2251 1266 2352 1335; x_wconf 80' lang='grc' dir='ltr'><strong>νῆς</strong></span> <span class='ocrx_word' id='word_1_172' title='bbox 2402 1265 2606 1344; x_wconf 60' lang='grc' dir='ltr'>ἀφέτου</span> <span class='ocrx_word' id='word_1_173' title='bbox 2654 1264 3007 1336; x_wconf 73' lang='grc' dir='ltr'>πλησθέντες,</span> <span class='ocrx_word' id='word_1_174' title='bbox 3051 1266 3350 1338; x_wconf 76' lang='grc' dir='ltr'>τεκμήριον</span> <span class='ocrx_word' id='word_1_175' title='bbox 3398 1264 3607 1340; x_wconf 68' lang='grc' dir='ltr'>ἐναργὲς</span> <span class='ocrx_word' id='word_1_176' title='bbox 3652 1271 3749 1334; x_wconf 87' lang='grc' dir='ltr'><strong>τῆς</strong></span> <span class='ocrx_word' id='word_1_177' title='bbox 3793 1266 3880 1319; x_wconf 89' lang='grc' dir='ltr'><strong>τοῦ</strong></span> 
     </span>
    </p>
   </div>
   <div class='ocr_carea' id='block_1_28' title="bbox 2251 1352 3882 1430">
    <p class='ocr_par' dir='ltr' id='par_1_28' title="bbox 2251 1352 3882 1430">
     <span class='ocr_line' id='line_1_28' title="bbox 2251 1352 3882 1430; baseline -0.001 -22"><span class='ocrx_word' id='word_1_178' title='bbox 2251 1353 2446 1418; x_wconf 81' lang='grc' dir='ltr'>παιδὸς</span> <span class='ocrx_word' id='word_1_179' title='bbox 2476 1353 2793 1430; x_wconf 81' lang='grc' dir='ltr'>εὐπραγίας,</span> <span class='ocrx_word' id='word_1_180' title='bbox 2823 1353 2915 1408; x_wconf 85' lang='grc' dir='ltr'><strong>καὶ</strong></span> <span class='ocrx_word' id='word_1_181' title='bbox 2964 1352 3088 1409; x_wconf 82' lang='grc' dir='ltr'>ὅσον</span> <span class='ocrx_word' id='word_1_182' title='bbox 3148 1353 3313 1408; x_wconf 82' lang='grc' dir='ltr'>αὐτοῦ</span> <span class='ocrx_word' id='word_1_183' title='bbox 3369 1374 3429 1410; x_wconf 87' lang='grc' dir='ltr'><strong>τε</strong></span> <span class='ocrx_word' id='word_1_184' title='bbox 3483 1353 3740 1409; x_wconf 86' lang='grc' dir='ltr'>κάκείνων</span> <span class='ocrx_word' id='word_1_185' title='bbox 3797 1353 3882 1426; x_wconf 75' lang='grc' dir='ltr'><strong>μὲ-</strong></span> 
     </span>
    </p>
   </div>
   <div class='ocr_carea' id='block_1_29' title="bbox 2252 1439 3878 1517">
    <p class='ocr_par' dir='ltr' id='par_1_29' title="bbox 2252 1439 3878 1517">
     <span class='ocr_line' id='line_1_29' title="bbox 2252 1439 3878 1517; baseline -0.002 -17"><span class='ocrx_word' id='word_1_186' title='bbox 2252 1444 2338 1500; x_wconf 84' lang='grc' dir='ltr'><strong>λει</strong></span> <span class='ocrx_word' id='word_1_187' title='bbox 2362 1449 2498 1517; x_wconf 81' lang='grc' dir='ltr'>Θεῷ.</span> <span class='ocrx_word' id='word_1_188' title='bbox 2522 1445 2585 1501; x_wconf 92' lang='grc' dir='ltr'>Ὁ</span> <span class='ocrx_word' id='word_1_189' title='bbox 2619 1446 2712 1517; x_wconf 74' lang='grc' dir='ltr'>μὲν</span> <span class='ocrx_word' id='word_1_190' title='bbox 2746 1441 2813 1513; x_wconf 76' lang='grc' dir='ltr'>δὴ</span> <span class='ocrx_word' id='word_1_191' title='bbox 2854 1442 3052 1515; x_wconf 85' lang='grc' dir='ltr'>πλοῦς,</span> <span class='ocrx_word' id='word_1_192' title='bbox 3080 1447 3351 1515; x_wconf 82' lang='grc' dir='ltr'>τοιοῦτος,</span> <span class='ocrx_word' id='word_1_193' title='bbox 3391 1444 3480 1498; x_wconf 84' lang='grc' dir='ltr'><strong>καὶ</strong></span> <span class='ocrx_word' id='word_1_194' title='bbox 3525 1446 3716 1498; x_wconf 88' lang='grc' dir='ltr'>τοῦτον</span> <span class='ocrx_word' id='word_1_195' title='bbox 3759 1439 3878 1515; x_wconf 82' lang='grc' dir='ltr'>ἔσχε</span> 
     </span>
    </p>
   </div>
   <div class='ocr_carea' id='block_1_30' title="bbox 2251 1531 3879 1610">
    <p class='ocr_par' dir='ltr' id='par_1_30' title="bbox 2251 1531 3879 1610">
     <span class='ocr_line' id='line_1_30' title="bbox 2251 1531 3879 1610; baseline -0.001 -23"><span class='ocrx_word' id='word_1_196' title='bbox 2251 1532 2342 1587; x_wconf 88' lang='grc' dir='ltr'>τὸν</span> <span class='ocrx_word' id='word_1_197' title='bbox 2376 1534 2579 1608; x_wconf 86' lang='grc' dir='ltr'>τρόπον</span> <span class='ocrx_word' id='word_1_198' title='bbox 2615 1551 2629 1563; x_wconf 76' lang='grc'><strong><em>⁸</em></strong></span> <span class='ocrx_word' id='word_1_199' title='bbox 2661 1531 2804 1586; x_wconf 77' lang='grc' dir='ltr'>οὕτω</span> <span class='ocrx_word' id='word_1_200' title='bbox 2853 1532 2947 1605; x_wconf 78' lang='grc' dir='ltr'>μὲν</span> <span class='ocrx_word' id='word_1_201' title='bbox 3010 1531 3404 1606; x_wconf 84' lang='grc' dir='ltr'>χαλεπώτατος</span> <span class='ocrx_word' id='word_1_202' title='bbox 3459 1532 3550 1586; x_wconf 80' lang='grc' dir='ltr'><strong>καὶ</strong></span> <span class='ocrx_word' id='word_1_203' title='bbox 3608 1531 3879 1610; x_wconf 70' lang='grc' dir='ltr'>δυσφορώ-</span> 
     </span>
    </p>
   </div>
   <div class='ocr_carea' id='block_1_31' title="bbox 2250 1617 3881 1700">
    <p class='ocr_par' dir='ltr' id='par_1_31' title="bbox 2250 1617 3881 1700">
     <span class='ocr_line' id='line_1_31' title="bbox 2250 1617 3881 1700; baseline -0.001 -26"><span class='ocrx_word' id='word_1_204' title='bbox 2250 1641 2409 1684; x_wconf 90' lang='grc' dir='ltr'>τατος</span> <span class='ocrx_word' id='word_1_205' title='bbox 2469 1622 2681 1676; x_wconf 70' lang='grc' dir='ltr'>πάντων</span> <span class='ocrx_word' id='word_1_206' title='bbox 2728 1620 3034 1700; x_wconf 79' lang='grc' dir='ltr'>ἀναφανεὶς,</span> <span class='ocrx_word' id='word_1_207' title='bbox 3085 1621 3159 1683; x_wconf 86' lang='grc' dir='ltr'>ὡς</span> <span class='ocrx_word' id='word_1_208' title='bbox 3218 1621 3263 1677; x_wconf 80' lang='grc' dir='ltr'><strong>εί</strong></span> <span class='ocrx_word' id='word_1_209' title='bbox 3320 1620 3353 1675; x_wconf 82' lang='grc' dir='ltr'>ἃ</span> <span class='ocrx_word' id='word_1_210' title='bbox 3400 1620 3617 1693; x_wconf 80' lang='grc' dir='ltr'>πράξειν</span> <span class='ocrx_word' id='word_1_211' title='bbox 3677 1617 3881 1688; x_wconf 77' lang='grc' dir='ltr'>ἠπείλει</span> 
     </span>
    </p>
   </div>
   <div class='ocr_carea' id='block_1_32' title="bbox 2252 1707 3884 1786">
    <p class='ocr_par' dir='ltr' id='par_1_32' title="bbox 2252 1707 3884 1786">
     <span class='ocr_line' id='line_1_32' title="bbox 2252 1707 3884 1786; baseline -0.002 -22"><span class='ocrx_word' id='word_1_212' title='bbox 2252 1716 2420 1766; x_wconf 75' lang='grc' dir='ltr'>ῦαῦτα</span> <span class='ocrx_word' id='word_1_213' title='bbox 2450 1710 2839 1786; x_wconf 83' lang='grc' dir='ltr'>προύχώρησε,</span> <span class='ocrx_word' id='word_1_214' title='bbox 2877 1707 3008 1782; x_wconf 84' lang='grc' dir='ltr'>μηδ’</span> <span class='ocrx_word' id='word_1_215' title='bbox 3041 1711 3101 1764; x_wconf 81' lang='grc' dir='ltr'><strong>ἃν</strong></span> <span class='ocrx_word' id='word_1_216' title='bbox 3153 1709 3301 1772; x_wconf 74' lang='grc' dir='ltr'>ὅλως</span> <span class='ocrx_word' id='word_1_217' title='bbox 3349 1707 3502 1778; x_wconf 73' lang='grc' dir='ltr'>ἥκειν</span> <span class='ocrx_word' id='word_1_218' title='bbox 3550 1708 3628 1772; x_wconf 80' lang='grc' dir='ltr'><strong>εἰς</strong></span> <span class='ocrx_word' id='word_1_219' title='bbox 3672 1709 3884 1781; x_wconf 89' lang='grc' dir='ltr'>μνήμην</span> 
     </span>
    </p>
   </div>
   <div class='ocr_carea' id='block_1_33' title="bbox 2250 1795 3884 1875">
    <p class='ocr_par' dir='ltr' id='par_1_33' title="bbox 2250 1795 3884 1875">
     <span class='ocr_line' id='line_1_33' title="bbox 2250 1795 3884 1875; baseline -0.004 -20"><span class='ocrx_word' id='word_1_220' title='bbox 2250 1801 2552 1875; x_wconf 75' lang='grc' dir='ltr'>ἀξιόχρεως</span> <span class='ocrx_word' id='word_1_221' title='bbox 2584 1800 2716 1853; x_wconf 77' lang='grc' dir='ltr'>εἶναι</span> <span class='ocrx_word' id='word_1_222' title='bbox 2754 1818 2766 1831; x_wconf 67' lang='grc'><strong><em>⁵</em></strong></span> <span class='ocrx_word' id='word_1_223' title='bbox 2804 1798 2945 1853; x_wconf 79' lang='grc' dir='ltr'>οὕτω</span> <span class='ocrx_word' id='word_1_224' title='bbox 2977 1796 3034 1852; x_wconf 75' lang='grc' dir='ltr'>δὲ</span> <span class='ocrx_word' id='word_1_225' title='bbox 3082 1797 3295 1854; x_wconf 81' lang='grc' dir='ltr'>πολλοῦ</span> <span class='ocrx_word' id='word_1_226' title='bbox 3340 1819 3485 1861; x_wconf 87' lang='grc' dir='ltr'>τινος</span> <span class='ocrx_word' id='word_1_227' title='bbox 3527 1796 3691 1853; x_wconf 82' lang='grc' dir='ltr'>ἔπειτ’</span> <span class='ocrx_word' id='word_1_228' title='bbox 3748 1795 3884 1866; x_wconf 76' lang='grc' dir='ltr'>ἄξιος</span> 
     </span>
    </p>
   </div>
   <div class='ocr_carea' id='block_1_34' title="bbox 495 1865 2144 1966">
    <p class='ocr_par' dir='ltr' id='par_1_34' title="bbox 495 1865 2142 1966">
     <span class='ocr_line' id='line_1_34' title="bbox 495 1865 2142 1966; baseline -0.001 -13"><span class='ocrx_word' id='word_1_229' title='bbox 495 1865 657 1953; x_wconf 64' lang='lat' dir='ltr'><strong>tanto</strong></span> <span class='ocrx_word' id='word_1_230' title='bbox 696 1896 894 1951; x_wconf 88' lang='lat' dir='ltr'><strong>eadem</strong></span> <span class='ocrx_word' id='word_1_231' title='bbox 939 1865 1141 1966; x_wconf 72' lang='lat' dir='ltr'><strong>postea</strong></span> <span class='ocrx_word' id='word_1_232' title='bbox 1203 1896 1262 1950; x_wconf 89' lang='lat' dir='ltr'><strong>in</strong></span> <span class='ocrx_word' id='word_1_233' title='bbox 1294 1865 1494 1966; x_wconf 46' lang='lat' dir='ltr'><strong>.pretio</strong></span> <span class='ocrx_word' id='word_1_234' title='bbox 1545 1896 1748 1952; x_wconf 86' lang='lat' dir='ltr'><strong>merito</strong></span> <span class='ocrx_word' id='word_1_235' title='bbox 1806 1896 2029 1966; x_wconf 86' lang='lat' dir='ltr'><strong>habita,</strong></span> <span class='ocrx_word' id='word_1_236' title='bbox 2078 1902 2142 1952; x_wconf 89' lang='lat' dir='ltr'><strong>ut</strong></span> 
     </span>
    </p>
   </div>
   <div class='ocr_carea' id='block_1_35' title="bbox 2256 1865 3884 1966">
    <p class='ocr_par' dir='ltr' id='par_1_35' title="bbox 2256 1865 3884 1964">
     <span class='ocr_line' id='line_1_35' title="bbox 2256 1865 3884 1964; baseline -0.003 -21"><span class='ocrx_word' id='word_1_237' title='bbox 2256 1865 2504 1964; x_wconf 57' lang='grc' dir='ltr'>γεγονὼς,</span> <span class='ocrx_word' id='word_1_238' title='bbox 2545 1888 2620 1950; x_wconf 83' lang='grc' dir='ltr'>ὡς</span> <span class='ocrx_word' id='word_1_239' title='bbox 2663 1885 2802 1960; x_wconf 76' lang='grc' dir='ltr'>μηδὲ</span> <span class='ocrx_word' id='word_1_240' title='bbox 2846 1893 2962 1949; x_wconf 90' lang='grc' dir='ltr'>τοῖς</span> <span class='ocrx_word' id='word_1_241' title='bbox 3020 1887 3454 1962; x_wconf 73' lang='grc' dir='ltr'>ἐπιγιγνομένοις</span> <span class='ocrx_word' id='word_1_242' title='bbox 3513 1888 3783 1964; x_wconf 81' lang='grc' dir='ltr'>σιγᾶσθαι,</span> <span class='ocrx_word' id='word_1_243' title='bbox 3811 1888 3884 1956; x_wconf 79' lang='grc' dir='ltr'><strong>τῷ</strong></span> 
     </span>
    </p>
   </div>
   <div class='ocr_carea' id='block_1_36' title="bbox 502 1983 2147 2056">
    <p class='ocr_par' dir='ltr' id='par_1_36' title="bbox 502 1983 2147 2056">
     <span class='ocr_line' id='line_1_36' title="bbox 502 1983 2147 2056; baseline -0.001 -15"><span class='ocrx_word' id='word_1_244' title='bbox 502 2001 605 2041; x_wconf 88' lang='lat' dir='ltr'><strong>nec</strong></span> <span class='ocrx_word' id='word_1_245' title='bbox 665 1986 905 2055; x_wconf 86' lang='lat' dir='ltr'><strong>posteris</strong></span> <span class='ocrx_word' id='word_1_246' title='bbox 962 1983 1191 2038; x_wconf 90' lang='lat' dir='ltr'><strong>silentio</strong></span> <span class='ocrx_word' id='word_1_247' title='bbox 1275 1984 1769 2052; x_wconf 80' lang='lat' dir='ltr'><strong>transmittuntur,</strong></span> <span class='ocrx_word' id='word_1_248' title='bbox 1820 1985 1988 2056; x_wconf 85' lang='lat' dir='ltr'><strong>queis</strong></span> <span class='ocrx_word' id='word_1_249' title='bbox 2065 1993 2147 2041; x_wconf 90' lang='lat' dir='ltr'><strong>tot</strong></span> 
     </span>
    </p>
   </div>
   <div class='ocr_carea' id='block_1_37' title="bbox 502 2072 2142 2145">
    <p class='ocr_par' dir='ltr' id='par_1_37' title="bbox 502 2072 2142 2145">
     <span class='ocr_line' id='line_1_37' title="bbox 502 2072 2142 2145; baseline -0.001 -14"><span class='ocrx_word' id='word_1_250' title='bbox 502 2080 910 2144; x_wconf 87' lang='lat' dir='ltr'><strong>tantorumque</strong></span> <span class='ocrx_word' id='word_1_251' title='bbox 923 2072 1200 2128; x_wconf 88' lang='lat' dir='ltr'><strong>bonorum</strong></span> <span class='ocrx_word' id='word_1_252' title='bbox 1221 2073 1512 2145; x_wconf 71' lang='lat' dir='ltr'><strong>praecipua</strong></span> <span class='ocrx_word' id='word_1_253' title='bbox 1528 2072 1803 2130; x_wconf 86' lang='lat' dir='ltr'><strong>nimirum</strong></span> <span class='ocrx_word' id='word_1_254' title='bbox 1820 2089 1998 2130; x_wconf 89' lang='lat' dir='ltr'><strong>causa</strong></span> <span class='ocrx_word' id='word_1_255' title='bbox 2014 2074 2142 2135; x_wconf 86' lang='lat' dir='ltr'><strong>fuit,</strong></span> 
     </span>
    </p>
   </div>
   <div class='ocr_carea' id='block_1_38' title="bbox 501 2160 2147 2233">
    <p class='ocr_par' dir='ltr' id='par_1_38' title="bbox 501 2160 2147 2233">
     <span class='ocr_line' id='line_1_38' title="bbox 501 2160 2147 2233; baseline 0.001 -15"><span class='ocrx_word' id='word_1_256' title='bbox 501 2165 642 2219; x_wconf 92' lang='lat' dir='ltr'><strong>dum</strong></span> <span class='ocrx_word' id='word_1_257' title='bbox 673 2170 909 2218; x_wconf 61' lang='lat' dir='ltr'><strong>caeteros</strong></span> <span class='ocrx_word' id='word_1_258' title='bbox 932 2160 1166 2232; x_wconf 89' lang='lat' dir='ltr'><strong>quidem</strong></span> <span class='ocrx_word' id='word_1_259' title='bbox 1186 2178 1216 2217; x_wconf 87' lang='lat' dir='ltr'><strong>e</strong></span> <span class='ocrx_word' id='word_1_260' title='bbox 1241 2163 1496 2218; x_wconf 85' lang='lat' dir='ltr'><strong>tenebris</strong></span> <span class='ocrx_word' id='word_1_261' title='bbox 1520 2163 1577 2217; x_wconf 92' lang='lat' dir='ltr'><strong>in</strong></span> <span class='ocrx_word' id='word_1_262' title='bbox 1603 2164 1789 2218; x_wconf 88' lang='lat' dir='ltr'><strong>lucem</strong></span> <span class='ocrx_word' id='word_1_263' title='bbox 1821 2164 2035 2233; x_wconf 86' lang='lat' dir='ltr'><strong>venire,</strong></span> <span class='ocrx_word' id='word_1_264' title='bbox 2058 2163 2147 2219; x_wconf 84' lang='lat' dir='ltr'><strong>lu-</strong></span> 
     </span>
    </p>
   </div>
   <div class='ocr_carea' id='block_1_39' title="bbox 501 2250 2144 2323">
    <p class='ocr_par' dir='ltr' id='par_1_39' title="bbox 501 2250 2144 2323">
     <span class='ocr_line' id='line_1_39' title="bbox 501 2250 2144 2323; baseline -0.001 -13"><span class='ocrx_word' id='word_1_265' title='bbox 501 2251 677 2311; x_wconf 89' lang='lat' dir='ltr'><strong>strico</strong></span> <span class='ocrx_word' id='word_1_266' title='bbox 724 2251 1171 2323; x_wconf 83' lang='lat' dir='ltr'><strong>regenerationis</strong></span> <span class='ocrx_word' id='word_1_267' title='bbox 1220 2250 1449 2307; x_wconf 90' lang='lat' dir='ltr'><strong>lavacro</strong></span> <span class='ocrx_word' id='word_1_268' title='bbox 1518 2251 1805 2308; x_wconf 88' lang='lat' dir='ltr'><strong>Servatori</strong></span> <span class='ocrx_word' id='word_1_269' title='bbox 1851 2270 1957 2308; x_wconf 89' lang='lat' dir='ltr'><strong>suo</strong></span> <span class='ocrx_word' id='word_1_270' title='bbox 2006 2253 2144 2308; x_wconf 88' lang='lat' dir='ltr'><strong>ado-</strong></span> 
     </span>
    </p>
   </div>
   <div class='ocr_carea' id='block_1_40' title="bbox 501 2339 2141 2416">
    <p class='ocr_par' dir='ltr' id='par_1_40' title="bbox 501 2339 2141 2416">
     <span class='ocr_line' id='line_1_40' title="bbox 501 2339 2141 2416; baseline 0.001 -19"><span class='ocrx_word' id='word_1_271' title='bbox 501 2341 673 2416; x_wconf 88' lang='lat' dir='ltr'><strong>ptari,</strong></span> <span class='ocrx_word' id='word_1_272' title='bbox 705 2341 938 2412; x_wconf 90' lang='lat' dir='ltr'><strong>coegit:</strong></span> <span class='ocrx_word' id='word_1_273' title='bbox 972 2340 1065 2395; x_wconf 90' lang='lat' dir='ltr'><strong>cui</strong></span> <span class='ocrx_word' id='word_1_274' title='bbox 1113 2340 1218 2395; x_wconf 90' lang='lat' dir='ltr'><strong>hoc</strong></span> <span class='ocrx_word' id='word_1_275' title='bbox 1265 2339 1463 2413; x_wconf 88' lang='lat' dir='ltr'><strong>ipsum</strong></span> <span class='ocrx_word' id='word_1_276' title='bbox 1507 2340 1640 2396; x_wconf 85' lang='lat' dir='ltr'><strong>ﬁdei</strong></span> <span class='ocrx_word' id='word_1_277' title='bbox 1692 2350 2141 2410; x_wconf 84' lang='lat' dir='ltr'><strong>sacramentum,</strong></span> 
     </span>
    </p>
   </div>
   <div class='ocr_carea' id='block_1_41' title="bbox 503 2427 2142 2502">
    <p class='ocr_par' dir='ltr' id='par_1_41' title="bbox 503 2427 2142 2502">
     <span class='ocr_line' id='line_1_41' title="bbox 503 2427 2142 2502; baseline 0 -15"><span class='ocrx_word' id='word_1_278' title='bbox 503 2430 652 2487; x_wconf 82' lang='lat' dir='ltr'><strong>velut</strong></span> <span class='ocrx_word' id='word_1_279' title='bbox 680 2433 924 2501; x_wconf 67' lang='lat' dir='ltr'><strong>acceptae</strong></span> <span class='ocrx_word' id='word_1_280' title='bbox 957 2427 1171 2486; x_wconf 89' lang='lat' dir='ltr'><strong>salutis</strong></span> <span class='ocrx_word' id='word_1_281' title='bbox 1221 2429 1471 2501; x_wconf 85' lang='lat' dir='ltr'><strong>pretium</strong></span> <span class='ocrx_word' id='word_1_282' title='bbox 1522 2429 1874 2487; x_wconf 86' lang='lat' dir='ltr'><strong>deferebant.</strong></span> <span class='ocrx_word' id='word_1_283' title='bbox 1926 2430 2142 2502; x_wconf 89' lang='lat' dir='ltr'><strong>Grego-</strong></span> 
     </span>
    </p>
   </div>
   <div class='ocr_carea' id='block_1_42' title="bbox 501 2516 2143 2589">
    <p class='ocr_par' dir='ltr' id='par_1_42' title="bbox 501 2516 2143 2589">
     <span class='ocr_line' id='line_1_42' title="bbox 501 2516 2143 2589; baseline 0.001 -16"><span class='ocrx_word' id='word_1_284' title='bbox 501 2520 653 2574; x_wconf 87' lang='lat' dir='ltr'><strong>rium</strong></span> <span class='ocrx_word' id='word_1_285' title='bbox 689 2533 819 2573; x_wconf 87' lang='lat' dir='ltr'><strong>vero</strong></span> <span class='ocrx_word' id='word_1_286' title='bbox 853 2534 965 2572; x_wconf 92' lang='lat' dir='ltr'><strong>non</strong></span> <span class='ocrx_word' id='word_1_287' title='bbox 1013 2517 1185 2588; x_wconf 90' lang='lat' dir='ltr'><strong>paulo</strong></span> <span class='ocrx_word' id='word_1_288' title='bbox 1234 2516 1534 2574; x_wconf 81' lang='lat' dir='ltr'><strong>meliorem</strong></span> <span class='ocrx_word' id='word_1_289' title='bbox 1577 2519 2143 2589; x_wconf 87' lang='lat' dir='ltr'><strong>constantioremquc</strong></span> 
     </span>
    </p>
   </div>
   <div class='ocr_carea' id='block_1_43' title="bbox 500 2605 2144 2679">
    <p class='ocr_par' dir='ltr' id='par_1_43' title="bbox 500 2605 2144 2679">
     <span class='ocr_line' id='line_1_43' title="bbox 500 2605 2144 2679; baseline 0.001 -16"><span class='ocrx_word' id='word_1_290' title='bbox 500 2606 707 2675; x_wconf 76' lang='lat' dir='ltr'><strong>etfacit,</strong></span> <span class='ocrx_word' id='word_1_291' title='bbox 739 2605 842 2678; x_wconf 90' lang='lat' dir='ltr'><strong>qui</strong></span> <span class='ocrx_word' id='word_1_292' title='bbox 863 2606 945 2661; x_wconf 88' lang='lat' dir='ltr'><strong>ita</strong></span> <span class='ocrx_word' id='word_1_293' title='bbox 972 2611 1240 2662; x_wconf 90' lang='lat' dir='ltr'><strong>materna</strong></span> <span class='ocrx_word' id='word_1_294' title='bbox 1267 2606 1555 2678; x_wconf 88' lang='lat' dir='ltr'><strong>promissa</strong></span> <span class='ocrx_word' id='word_1_295' title='bbox 1594 2607 1925 2675; x_wconf 86' lang='lat' dir='ltr'><strong>renovabat,</strong></span> <span class='ocrx_word' id='word_1_296' title='bbox 1967 2623 2144 2679; x_wconf 87' lang='lat' dir='ltr'><strong>seque</strong></span> 
     </span>
    </p>
   </div>
   <div class='ocr_carea' id='block_1_44' title="bbox 504 2694 1507 2753">
    <p class='ocr_par' dir='ltr' id='par_1_44' title="bbox 504 2694 1507 2753">
     <span class='ocr_line' id='line_1_44' title="bbox 504 2694 1507 2753; baseline -0.002 -1"><span class='ocrx_word' id='word_1_297' title='bbox 504 2702 615 2753; x_wconf 89' lang='lat' dir='ltr'><strong>Deo</strong></span> <span class='ocrx_word' id='word_1_298' title='bbox 644 2699 832 2752; x_wconf 90' lang='lat' dir='ltr'><strong>totum</strong></span> <span class='ocrx_word' id='word_1_299' title='bbox 867 2695 1018 2752; x_wconf 87' lang='lat' dir='ltr'><strong>bona</strong></span> <span class='ocrx_word' id='word_1_300' title='bbox 1046 2694 1160 2751; x_wconf 84' lang='lat' dir='ltr'><strong>ﬁde</strong></span> <span class='ocrx_word' id='word_1_301' title='bbox 1188 2695 1507 2753; x_wconf 81' lang='lat' dir='ltr'><strong>addicebat.</strong></span> 
     </span>
    </p>
   </div>
   <div class='ocr_carea' id='block_1_45' title="bbox 573 2783 2140 2842">
    <p class='ocr_par' dir='ltr' id='par_1_45' title="bbox 573 2783 2140 2842">
     <span class='ocr_line' id='line_1_45' title="bbox 573 2783 2140 2842; baseline 0.002 -3"><span class='ocrx_word' id='word_1_302' title='bbox 573 2783 768 2841; x_wconf 86' lang='lat' dir='ltr'><strong>XXIII.</strong></span> <span class='ocrx_word' id='word_1_303' title='bbox 800 2783 930 2840; x_wconf 86' lang='lat' dir='ltr'><strong>Jam</strong></span> <span class='ocrx_word' id='word_1_304' title='bbox 961 2799 1092 2840; x_wconf 92' lang='lat' dir='ltr'><strong>vero</strong></span> <span class='ocrx_word' id='word_1_305' title='bbox 1127 2785 1278 2839; x_wconf 88' lang='lat' dir='ltr'><strong>hunc</strong></span> <span class='ocrx_word' id='word_1_306' title='bbox 1305 2784 1364 2839; x_wconf 91' lang='lat' dir='ltr'><strong>in</strong></span> <span class='ocrx_word' id='word_1_307' title='bbox 1412 2784 1604 2840; x_wconf 89' lang='lat' dir='ltr'><strong>locum</strong></span> <span class='ocrx_word' id='word_1_308' title='bbox 1654 2786 1960 2841; x_wconf 83' lang='lat' dir='ltr'><strong>adductam</strong></span> <span class='ocrx_word' id='word_1_309' title='bbox 2010 2801 2140 2842; x_wconf 86' lang='lat' dir='ltr'><strong>ora-</strong></span> 
     </span>
    </p>
   </div>
   <div class='ocr_carea' id='block_1_46' title="bbox 501 2872 2143 2946">
    <p class='ocr_par' dir='ltr' id='par_1_46' title="bbox 501 2872 2143 2946">
     <span class='ocr_line' id='line_1_46' title="bbox 501 2872 2143 2946; baseline -0.001 -15"><span class='ocrx_word' id='word_1_310' title='bbox 501 2875 743 2941; x_wconf 85' lang='lat' dir='ltr'><strong>tionem,</strong></span> <span class='ocrx_word' id='word_1_311' title='bbox 774 2876 835 2929; x_wconf 90' lang='lat' dir='ltr'><strong>ut</strong></span> <span class='ocrx_word' id='word_1_312' title='bbox 861 2872 1121 2928; x_wconf 88' lang='lat' dir='ltr'><strong>Athenas</strong></span> <span class='ocrx_word' id='word_1_313' title='bbox 1153 2872 1311 2944; x_wconf 86' lang='lat' dir='ltr'><strong>ipsas</strong></span> <span class='ocrx_word' id='word_1_314' title='bbox 1341 2873 1700 2946; x_wconf 75' lang='lat' dir='ltr'><strong>ingressum,</strong></span> <span class='ocrx_word' id='word_1_315' title='bbox 1740 2874 1961 2946; x_wconf 89' lang='lat' dir='ltr'><strong>virique</strong></span> <span class='ocrx_word' id='word_1_316' title='bbox 2003 2874 2143 2930; x_wconf 90' lang='lat' dir='ltr'><strong>illuc</strong></span> 
     </span>
    </p>
   </div>
   <div class='ocr_carea' id='block_1_47' title="bbox 499 2962 2143 3034">
    <p class='ocr_par' dir='ltr' id='par_1_47' title="bbox 499 2962 2143 3034">
     <span class='ocr_line' id='line_1_47' title="bbox 499 2962 2143 3034; baseline 0.001 -14"><span class='ocrx_word' id='word_1_317' title='bbox 499 2966 817 3021; x_wconf 80' lang='lat' dir='ltr'><strong>adventum</strong></span> <span class='ocrx_word' id='word_1_318' title='bbox 870 2978 1192 3034; x_wconf 87' lang='lat' dir='ltr'><strong>expensura</strong></span> <span class='ocrx_word' id='word_1_319' title='bbox 1276 2962 1373 3030; x_wconf 89' lang='lat' dir='ltr'><strong>sit,</strong></span> <span class='ocrx_word' id='word_1_320' title='bbox 1441 2965 1935 3034; x_wconf 87' lang='lat' dir='ltr'><strong>quemadmodum</strong></span> <span class='ocrx_word' id='word_1_321' title='bbox 1991 2970 2143 3021; x_wconf 89' lang='lat' dir='ltr'><strong>recte</strong></span> 
     </span>
    </p>
   </div>
   <div class='ocr_carea' id='block_1_48' title="bbox 502 3046 2142 3125">
    <p class='ocr_par' dir='ltr' id='par_1_48' title="bbox 502 3046 2142 3125">
     <span class='ocr_line' id='line_1_48' title="bbox 502 3046 2142 3125; baseline 0.002 -17"><span class='ocrx_word' id='word_1_322' title='bbox 502 3056 672 3124; x_wconf 88' lang='lat' dir='ltr'><strong>atque</strong></span> <span class='ocrx_word' id='word_1_323' title='bbox 703 3053 901 3109; x_wconf 88' lang='lat' dir='ltr'><strong>ordine</strong></span> <span class='ocrx_word' id='word_1_324' title='bbox 933 3051 1232 3107; x_wconf 88' lang='lat' dir='ltr'><strong>instituam</strong></span> <span class='ocrx_word' id='word_1_325' title='bbox 1264 3069 1329 3107; x_wconf 88' lang='lat' dir='ltr'><strong>ac</strong></span> <span class='ocrx_word' id='word_1_326' title='bbox 1371 3068 1676 3125; x_wconf 80' lang='lat' dir='ltr'><strong>exsequar,</strong></span> <span class='ocrx_word' id='word_1_327' title='bbox 1726 3054 1978 3111; x_wconf 89' lang='lat' dir='ltr'><strong>incertus</strong></span> <span class='ocrx_word' id='word_1_328' title='bbox 2027 3046 2142 3110; x_wconf 81' lang='lat' dir='ltr'><strong>hae-</strong></span> 
     </span>
    </p>
   </div>
   <div class='ocr_carea' id='block_1_49' title="bbox 505 3139 2144 3213">
    <p class='ocr_par' dir='ltr' id='par_1_49' title="bbox 505 3139 2144 3213">
     <span class='ocr_line' id='line_1_49' title="bbox 505 3139 2144 3213; baseline 0.002 -17"><span class='ocrx_word' id='word_1_329' title='bbox 505 3157 624 3208; x_wconf 89' lang='lat' dir='ltr'><strong>reo,</strong></span> <span class='ocrx_word' id='word_1_330' title='bbox 675 3156 862 3212; x_wconf 83' lang='lat' dir='ltr'><strong>neque</strong></span> <span class='ocrx_word' id='word_1_331' title='bbox 918 3139 1073 3196; x_wconf 91' lang='lat' dir='ltr'><strong>enim</strong></span> <span class='ocrx_word' id='word_1_332' title='bbox 1143 3147 1453 3213; x_wconf 86' lang='lat' dir='ltr'><strong>postquam</strong></span> <span class='ocrx_word' id='word_1_333' title='bbox 1497 3144 1558 3198; x_wconf 87' lang='lat' dir='ltr'><strong>in</strong></span> <span class='ocrx_word' id='word_1_334' title='bbox 1623 3159 1819 3198; x_wconf 89' lang='lat' dir='ltr'><strong>rerum</strong></span> <span class='ocrx_word' id='word_1_335' title='bbox 1872 3144 2144 3200; x_wconf 89' lang='lat' dir='ltr'><strong>harumce</strong></span> 
     </span>
    </p>
   </div>
   <div class='ocr_carea' id='block_1_50' title="bbox 2250 1976 3882 2056">
    <p class='ocr_par' dir='ltr' id='par_1_50' title="bbox 2250 1976 3882 2056">
     <span class='ocr_line' id='line_1_50' title="bbox 2250 1976 3882 2056; baseline -0.003 -23"><span class='ocrx_word' id='word_1_336' title='bbox 2250 1978 2529 2034; x_wconf 88' lang='grc' dir='ltr'>τοσούτων</span> <span class='ocrx_word' id='word_1_337' title='bbox 2559 1978 2648 2033; x_wconf 86' lang='grc' dir='ltr'><strong>καὶ</strong></span> <span class='ocrx_word' id='word_1_338' title='bbox 2679 1978 3023 2047; x_wconf 83' lang='grc' dir='ltr'>τηλικούτων</span> <span class='ocrx_word' id='word_1_339' title='bbox 3075 1977 3291 2052; x_wconf 78' lang='grc' dir='ltr'>ἀγαθῶν</span> <span class='ocrx_word' id='word_1_340' title='bbox 3343 1976 3521 2056; x_wconf 73' lang='grc' dir='ltr'>σφίσιν</span> <span class='ocrx_word' id='word_1_341' title='bbox 3572 1976 3882 2034; x_wconf 83' lang='grc' dir='ltr'>αἰτιώτατος</span> 
     </span>
    </p>
   </div>
   <div class='ocr_carea' id='block_1_51' title="bbox 2251 2064 3881 2143">
    <p class='ocr_par' dir='ltr' id='par_1_51' title="bbox 2251 2064 3881 2143">
     <span class='ocr_line' id='line_1_51' title="bbox 2251 2064 3881 2143; baseline -0.003 -22"><span class='ocrx_word' id='word_1_342' title='bbox 2251 2074 2578 2136; x_wconf 86' lang='grc' dir='ltr'>καταστῆναι</span> <span class='ocrx_word' id='word_1_343' title='bbox 2612 2086 2626 2098; x_wconf 81' lang='grc'><strong><em>⁸</em></strong></span> <span class='ocrx_word' id='word_1_344' title='bbox 2674 2066 2800 2128; x_wconf 81' lang='grc' dir='ltr'>τοὺς</span> <span class='ocrx_word' id='word_1_345' title='bbox 2858 2068 2953 2138; x_wconf 74' lang='grc' dir='ltr'>μὲν</span> <span class='ocrx_word' id='word_1_346' title='bbox 3009 2066 3068 2121; x_wconf 86' lang='grc' dir='ltr'>ἐκ</span> <span class='ocrx_word' id='word_1_347' title='bbox 3122 2068 3347 2129; x_wconf 84' lang='grc' dir='ltr'>σκότους</span> <span class='ocrx_word' id='word_1_348' title='bbox 3408 2067 3482 2129; x_wconf 81' lang='grc' dir='ltr'><strong>είς</strong></span> <span class='ocrx_word' id='word_1_349' title='bbox 3541 2072 3658 2143; x_wconf 75' lang='grc' dir='ltr'><strong>φῶς</strong></span> <span class='ocrx_word' id='word_1_350' title='bbox 3718 2064 3881 2120; x_wconf 79' lang='grc' dir='ltr'>ἐλθεῖν</span> 
     </span>
    </p>
   </div>
   <div class='ocr_carea' id='block_1_52' title="bbox 2256 2152 3882 2233">
    <p class='ocr_par' dir='ltr' id='par_1_52' title="bbox 2256 2152 3882 2233">
     <span class='ocr_line' id='line_1_52' title="bbox 2256 2152 3882 2233; baseline -0.002 -22"><span class='ocrx_word' id='word_1_351' title='bbox 2256 2158 2581 2233; x_wconf 81' lang='grc' dir='ltr'>ἀναγκάσας,</span> <span class='ocrx_word' id='word_1_352' title='bbox 2613 2157 2702 2210; x_wconf 86' lang='grc' dir='ltr'>καὶ</span> <span class='ocrx_word' id='word_1_353' title='bbox 2736 2154 2825 2210; x_wconf 76' lang='grc' dir='ltr'><strong>διὰ</strong></span> <span class='ocrx_word' id='word_1_354' title='bbox 2880 2160 2976 2210; x_wconf 92' lang='grc' dir='ltr'><strong>τοῦ</strong></span> <span class='ocrx_word' id='word_1_355' title='bbox 3030 2154 3264 2231; x_wconf 83' lang='grc' dir='ltr'>λουτροῦ</span> <span class='ocrx_word' id='word_1_356' title='bbox 3322 2163 3424 2227; x_wconf 84' lang='grc' dir='ltr'><strong>τῆς</strong></span> <span class='ocrx_word' id='word_1_357' title='bbox 3481 2152 3882 2232; x_wconf 78' lang='grc' dir='ltr'>παλιγγενεσίας</span> 
     </span>
    </p>
   </div>
   <div class='ocr_carea' id='block_1_53' title="bbox 2253 2245 3884 2320">
    <p class='ocr_par' dir='ltr' id='par_1_53' title="bbox 2253 2245 3884 2320">
     <span class='ocr_line' id='line_1_53' title="bbox 2253 2245 3884 2320; baseline -0.004 -18"><span class='ocrx_word' id='word_1_358' title='bbox 2253 2246 2637 2315; x_wconf 82' lang='grc' dir='ltr'>εἰσποιηθῆναι</span> <span class='ocrx_word' id='word_1_359' title='bbox 2668 2249 2746 2317; x_wconf 81' lang='grc' dir='ltr'><strong>τῷ</strong></span> <span class='ocrx_word' id='word_1_360' title='bbox 2779 2248 3007 2306; x_wconf 86' lang='grc' dir='ltr'>ςώσαντι</span> <span class='ocrx_word' id='word_1_361' title='bbox 3042 2266 3055 2278; x_wconf 69' lang='grc'><strong>⁸</strong></span> <span class='ocrx_word' id='word_1_362' title='bbox 3087 2245 3268 2315; x_wconf 80' lang='grc' dir='ltr'>ὥσπερ</span> <span class='ocrx_word' id='word_1_363' title='bbox 3300 2247 3417 2300; x_wconf 78' lang='grc' dir='ltr'>τινὰ</span> <span class='ocrx_word' id='word_1_364' title='bbox 3462 2251 3683 2320; x_wconf 87' lang='grc' dir='ltr'>σῶστρα</span> <span class='ocrx_word' id='word_1_365' title='bbox 3728 2262 3884 2317; x_wconf 88' lang='grc' dir='ltr'>προσ-</span> 
     </span>
    </p>
   </div>
   <div class='ocr_carea' id='block_1_54' title="bbox 3030 2331 3881 2407">
    <p class='ocr_par' dir='ltr' id='par_1_54' title="bbox 3030 2331 3881 2407">
     <span class='ocr_line' id='line_1_54' title="bbox 3030 2331 3881 2407; baseline -0.006 -17"><span class='ocrx_word' id='word_1_366' title='bbox 3030 2337 3121 2390; x_wconf 84' lang='grc' dir='ltr'>τὸν</span> <span class='ocrx_word' id='word_1_367' title='bbox 3171 2333 3249 2404; x_wconf 77' lang='grc' dir='ltr'>δὲ,</span> <span class='ocrx_word' id='word_1_368' title='bbox 3296 2334 3494 2407; x_wconf 80' lang='grc' dir='ltr'>πολλῷ</span> <span class='ocrx_word' id='word_1_369' title='bbox 3539 2333 3755 2391; x_wconf 79' lang='grc' dir='ltr'>καλλίω</span> <span class='ocrx_word' id='word_1_370' title='bbox 3799 2331 3881 2387; x_wconf 85' lang='grc' dir='ltr'><strong>καὶ</strong></span> 
     </span>
    </p>
   </div>
   <div class='ocr_carea' id='block_1_55' title="bbox 2257 2422 3881 2504">
    <p class='ocr_par' dir='ltr' id='par_1_55' title="bbox 2257 2422 3881 2504">
     <span class='ocr_line' id='line_1_55' title="bbox 2257 2422 3881 2504; baseline 0 -23"><span class='ocrx_word' id='word_1_371' title='bbox 2257 2422 2603 2502; x_wconf 77' lang='grc' dir='ltr'>βεϐαιότερον</span> <span class='ocrx_word' id='word_1_372' title='bbox 2636 2426 2914 2504; x_wconf 73' lang='grc' dir='ltr'>ἀποφήνας</span> <span class='ocrx_word' id='word_1_373' title='bbox 2945 2447 2957 2458; x_wconf 92' lang='grc'><strong>·</strong></span> <span class='ocrx_word' id='word_1_374' title='bbox 2999 2426 3437 2500; x_wconf 82' lang='grc' dir='ltr'>ἀνανεωσάμενον</span> <span class='ocrx_word' id='word_1_375' title='bbox 3487 2425 3583 2498; x_wconf 73' lang='grc' dir='ltr'>μὲν</span> <span class='ocrx_word' id='word_1_376' title='bbox 3642 2424 3735 2484; x_wconf 75' lang='grc' dir='ltr'><strong>τὰς</strong></span> <span class='ocrx_word' id='word_1_377' title='bbox 3789 2428 3881 2490; x_wconf 79' lang='grc' dir='ltr'><strong>τῆς</strong></span> 
     </span>
    </p>
   </div>
   <div class='ocr_carea' id='block_1_56' title="bbox 2257 2514 3885 2591">
    <p class='ocr_par' dir='ltr' id='par_1_56' title="bbox 2257 2514 3885 2591">
     <span class='ocr_line' id='line_1_56' title="bbox 2257 2514 3885 2591; baseline -0.002 -21"><span class='ocrx_word' id='word_1_378' title='bbox 2257 2517 2463 2591; x_wconf 72' lang='grc' dir='ltr'>μητρὸς</span> <span class='ocrx_word' id='word_1_379' title='bbox 2513 2514 2864 2591; x_wconf 72' lang='grc' dir='ltr'>ὑποσχέσεις,</span> <span class='ocrx_word' id='word_1_380' title='bbox 2915 2516 3045 2572; x_wconf 83' lang='grc' dir='ltr'>ὅλον</span> <span class='ocrx_word' id='word_1_381' title='bbox 3117 2514 3174 2570; x_wconf 75' lang='grc' dir='ltr'>δὲ</span> <span class='ocrx_word' id='word_1_382' title='bbox 3233 2517 3470 2589; x_wconf 76' lang='grc' dir='ltr'>καθάπαξ</span> <span class='ocrx_word' id='word_1_383' title='bbox 3518 2516 3708 2570; x_wconf 72' lang='grc' dir='ltr'>ἑαυτὸν</span> <span class='ocrx_word' id='word_1_384' title='bbox 3770 2514 3885 2568; x_wconf 70' lang='lat' dir='ltr'><strong>civ:-</strong></span> 
     </span>
    </p>
   </div>
   <div class='ocr_carea' id='block_1_57' title="bbox 2252 2604 2569 2677">
    <p class='ocr_par' dir='ltr' id='par_1_57' title="bbox 2252 2604 2569 2677">
     <span class='ocr_line' id='line_1_57' title="bbox 2252 2604 2569 2677; baseline 0.003 -18"><span class='ocrx_word' id='word_1_385' title='bbox 2252 2604 2407 2660; x_wconf 81' lang='grc' dir='ltr'>θέντα</span> <span class='ocrx_word' id='word_1_386' title='bbox 2435 2609 2569 2677; x_wconf 79' lang='grc' dir='ltr'>Θεῷ.</span> 
     </span>
    </p>
   </div>
   <div class='ocr_carea' id='block_1_58' title="bbox 2254 2335 2983 2410">
    <p class='ocr_par' dir='ltr' id='par_1_58' title="bbox 2254 2335 2983 2410">
     <span class='ocr_line' id='line_1_58' title="bbox 2254 2335 2983 2410; baseline -0.001 -20"><span class='ocrx_word' id='word_1_387' title='bbox 2254 2335 2589 2410; x_wconf 79' lang='grc' dir='ltr'>ενηνοχότας</span> <span class='ocrx_word' id='word_1_388' title='bbox 2621 2337 2720 2406; x_wconf 70' lang='grc' dir='ltr'>τὴν</span> <span class='ocrx_word' id='word_1_389' title='bbox 2752 2335 2934 2391; x_wconf 87' lang='grc' dir='ltr'>πίστιν</span> <span class='ocrx_word' id='word_1_390' title='bbox 2972 2358 2983 2369; x_wconf 88' lang='grc'><strong>·</strong></span> 
     </span>
    </p>
   </div>
   <div class='ocr_carea' id='block_1_59' title="bbox 2322 2776 3891 2854">
    <p class='ocr_par' dir='ltr' id='par_1_59' title="bbox 2322 2776 3891 2854">
     <span class='ocr_line' id='line_1_59' title="bbox 2322 2776 3891 2854; baseline -0.003 -15"><span class='ocrx_word' id='word_1_391' title='bbox 2322 2786 2446 2841; x_wconf 82' lang='grc' dir='ltr'><strong>ΚΓ’.</strong></span> <span class='ocrx_word' id='word_1_392' title='bbox 2507 2783 2781 2840; x_wconf 83' lang='grc' dir='ltr'>Μέλλοντι</span> <span class='ocrx_word' id='word_1_393' title='bbox 2834 2783 2889 2840; x_wconf 78' lang='grc' dir='ltr'>δὲ</span> <span class='ocrx_word' id='word_1_394' title='bbox 2921 2785 3162 2854; x_wconf 82' lang='grc' dir='ltr'>’Δθηνῶν</span> <span class='ocrx_word' id='word_1_395' title='bbox 3196 2776 3512 2853; x_wconf 78' lang='grc' dir='ltr'>ἐπιϐαίνειν,</span> <span class='ocrx_word' id='word_1_396' title='bbox 3551 2784 3645 2838; x_wconf 85' lang='grc' dir='ltr'><strong>καὶ</strong></span> <span class='ocrx_word' id='word_1_397' title='bbox 3673 2783 3771 2852; x_wconf 82' lang='grc' dir='ltr'><strong>τήν</strong></span> <span class='ocrx_word' id='word_1_398' title='bbox 3811 2778 3891 2835; x_wconf 82' lang='grc' dir='ltr'><strong>ἐν·-</strong></span> 
     </span>
    </p>
   </div>
   <div class='ocr_carea' id='block_1_60' title="bbox 2248 2870 3888 2950">
    <p class='ocr_par' dir='ltr' id='par_1_60' title="bbox 2248 2870 3888 2950">
     <span class='ocr_line' id='line_1_60' title="bbox 2248 2870 3888 2950; baseline -0.003 -21"><span class='ocrx_word' id='word_1_399' title='bbox 2248 2875 2417 2929; x_wconf 88' lang='grc' dir='ltr'>ταῦθα</span> <span class='ocrx_word' id='word_1_400' title='bbox 2474 2873 2712 2950; x_wconf 74' lang='grc' dir='ltr'>πάροδον</span> <span class='ocrx_word' id='word_1_401' title='bbox 2766 2879 2865 2930; x_wconf 86' lang='grc' dir='ltr'><strong>τοῦ</strong></span> <span class='ocrx_word' id='word_1_402' title='bbox 2921 2872 3115 2949; x_wconf 81' lang='grc' dir='ltr'>ἀνδρὸς</span> <span class='ocrx_word' id='word_1_403' title='bbox 3174 2872 3454 2947; x_wconf 72' lang='grc' dir='ltr'>ἐξετάζειν,</span> <span class='ocrx_word' id='word_1_404' title='bbox 3487 2872 3587 2928; x_wconf 82' lang='grc' dir='ltr'>οὐκ</span> <span class='ocrx_word' id='word_1_405' title='bbox 3638 2870 3744 2927; x_wconf 81' lang='grc' dir='ltr'>οἶδ’</span> <span class='ocrx_word' id='word_1_406' title='bbox 3786 2871 3888 2925; x_wconf 81' lang='grc' dir='ltr'>ὅτι</span> 
     </span>
    </p>
   </div>
   <div class='ocr_carea' id='block_1_61' title="bbox 2249 2960 3883 3038">
    <p class='ocr_par' dir='ltr' id='par_1_61' title="bbox 2249 2960 3883 3038">
     <span class='ocr_line' id='line_1_61' title="bbox 2249 2960 3883 3038; baseline -0.002 -19"><span class='ocrx_word' id='word_1_407' title='bbox 2249 2967 2327 3033; x_wconf 79' lang='grc' dir='ltr'>τῷ</span> <span class='ocrx_word' id='word_1_408' title='bbox 2367 2961 2518 3037; x_wconf 87' lang='grc' dir='ltr'>λόγῳ</span> <span class='ocrx_word' id='word_1_409' title='bbox 2562 2966 2868 3038; x_wconf 76' lang='grc' dir='ltr'>χρήσομαι,</span> <span class='ocrx_word' id='word_1_410' title='bbox 2920 2963 3034 3019; x_wconf 81' lang='grc' dir='ltr'>οὐδ’</span> <span class='ocrx_word' id='word_1_411' title='bbox 3082 2963 3230 3026; x_wconf 80' lang='grc' dir='ltr'>ὅπως</span> <span class='ocrx_word' id='word_1_412' title='bbox 3279 2963 3342 3019; x_wconf 84' lang='grc' dir='ltr'><strong>ἃν</strong></span> <span class='ocrx_word' id='word_1_413' title='bbox 3402 2963 3562 3018; x_wconf 79' lang='grc' dir='ltr'>αὐτὸν</span> <span class='ocrx_word' id='word_1_414' title='bbox 3608 2960 3883 3031; x_wconf 74' lang='grc' dir='ltr'>διαθείην*</span> 
     </span>
    </p>
   </div>
   <div class='ocr_carea' id='block_1_62' title="bbox 2252 3049 3880 3127">
    <p class='ocr_par' dir='ltr' id='par_1_62' title="bbox 2252 3049 3880 3127">
     <span class='ocr_line' id='line_1_62' title="bbox 2252 3049 3880 3127; baseline -0.001 -21"><span class='ocrx_word' id='word_1_415' title='bbox 2252 3049 2376 3106; x_wconf 70' lang='grc' dir='ltr'>οὔτε</span> <span class='ocrx_word' id='word_1_416' title='bbox 2404 3053 2503 3126; x_wconf 76' lang='grc' dir='ltr'><strong>γὰρ</strong></span> <span class='ocrx_word' id='word_1_417' title='bbox 2549 3051 2736 3124; x_wconf 72' lang='grc' dir='ltr'>ἐπειδὴ</span> <span class='ocrx_word' id='word_1_418' title='bbox 2786 3053 2993 3109; x_wconf 84' lang='grc' dir='ltr'>τούτων</span> <span class='ocrx_word' id='word_1_419' title='bbox 3041 3055 3199 3118; x_wconf 80' lang='grc' dir='ltr'>οὗτος</span> <span class='ocrx_word' id='word_1_420' title='bbox 3257 3053 3503 3125; x_wconf 80' lang='grc' dir='ltr'>ἐμνήσθη</span> <span class='ocrx_word' id='word_1_421' title='bbox 3563 3050 3880 3127; x_wconf 84' lang='grc' dir='ltr'>παραλιπεῖν</span> 
     </span>
    </p>
   </div>
   <div class='ocr_carea' id='block_1_63' title="bbox 2250 3138 3882 3218">
    <p class='ocr_par' dir='ltr' id='par_1_63' title="bbox 2250 3138 3882 3218">
     <span class='ocr_line' id='line_1_63' title="bbox 2250 3138 3882 3218; baseline -0.001 -24"><span class='ocrx_word' id='word_1_422' title='bbox 2250 3143 2399 3214; x_wconf 77' lang='grc' dir='ltr'>ἡμᾶς</span> <span class='ocrx_word' id='word_1_423' title='bbox 2485 3138 2586 3212; x_wconf 85' lang='grc' dir='ltr'>δεῖ,</span> <span class='ocrx_word' id='word_1_424' title='bbox 2642 3148 2750 3196; x_wconf 88' lang='grc' dir='ltr'><strong>τῶν</strong></span> <span class='ocrx_word' id='word_1_425' title='bbox 2818 3144 3152 3218; x_wconf 87' lang='grc' dir='ltr'>πραγμάτων</span> <span class='ocrx_word' id='word_1_426' title='bbox 3228 3141 3405 3217; x_wconf 71' lang='grc' dir='ltr'>λέγειν</span> <span class='ocrx_word' id='word_1_427' title='bbox 3463 3140 3882 3216; x_wconf 79' lang='grc' dir='ltr'>ἀναγκαζόντων,</span> 
     </span>
    </p>
   </div>
   <div class='ocr_carea' id='block_1_64' title="bbox 507 3210 2144 3309">
    <p class='ocr_par' dir='ltr' id='par_1_64' title="bbox 507 3229 2144 3298">
     <span class='ocr_line' id='line_1_64' title="bbox 507 3229 2144 3298; baseline 0.001 -12"><span class='ocrx_word' id='word_1_428' title='bbox 507 3232 862 3287; x_wconf 87' lang='lat' dir='ltr'><strong>mentionem</strong></span> <span class='ocrx_word' id='word_1_429' title='bbox 909 3229 1092 3285; x_wconf 91' lang='lat' dir='ltr'><strong>oratio</strong></span> <span class='ocrx_word' id='word_1_430' title='bbox 1150 3230 1373 3298; x_wconf 89' lang='lat' dir='ltr'><strong>incidit,</strong></span> <span class='ocrx_word' id='word_1_431' title='bbox 1436 3232 1568 3289; x_wconf 88' lang='lat' dir='ltr'><strong>illas</strong></span> <span class='ocrx_word' id='word_1_432' title='bbox 1649 3232 1915 3289; x_wconf 89' lang='lat' dir='ltr'><strong>omittere</strong></span> <span class='ocrx_word' id='word_1_433' title='bbox 1976 3234 2144 3289; x_wconf 88' lang='lat' dir='ltr'><strong>nobis</strong></span> 
     </span>
    </p>
   </div>
   <div class='ocr_carea' id='block_1_65' title="bbox 2256 3210 3886 3309">
    <p class='ocr_par' dir='ltr' id='par_1_65' title="bbox 2256 3226 3886 3309">
     <span class='ocr_line' id='line_1_65' title="bbox 2256 3226 3886 3309; baseline -0.001 -27"><span class='ocrx_word' id='word_1_434' title='bbox 2256 3230 2557 3305; x_wconf 71' lang='grc' dir='ltr'>πάνταγὰρ</span> <span class='ocrx_word' id='word_1_435' title='bbox 2610 3230 2799 3309; x_wconf 74' lang='grc' dir='ltr'>ἐφεξῆς</span> <span class='ocrx_word' id='word_1_436' title='bbox 2859 3232 2927 3286; x_wconf 82' lang='grc' dir='ltr'>τὰ</span> <span class='ocrx_word' id='word_1_437' title='bbox 2979 3231 3177 3286; x_wconf 84' lang='grc' dir='ltr'>τούτου</span> <span class='ocrx_word' id='word_1_438' title='bbox 3225 3229 3406 3305; x_wconf 69' lang='grc' dir='ltr'>λέγειν</span> <span class='ocrx_word' id='word_1_439' title='bbox 3436 3230 3806 3305; x_wconf 69' lang='grc' dir='ltr'>προύθέμεθα,</span> <span class='ocrx_word' id='word_1_440' title='bbox 3830 3226 3886 3281; x_wconf 90' lang='grc' dir='ltr'><strong>τό</strong></span> 
     </span>
    </p>
   </div>
   <div class='ocr_carea' id='block_1_66' title="bbox 506 3317 2147 3392">
    <p class='ocr_par' dir='ltr' id='par_1_66' title="bbox 506 3317 2147 3392">
     <span class='ocr_line' id='line_1_66' title="bbox 506 3317 2147 3392; baseline 0 -17"><span class='ocrx_word' id='word_1_441' title='bbox 506 3321 817 3391; x_wconf 86' lang='lat' dir='ltr'><strong>integrum,</strong></span> <span class='ocrx_word' id='word_1_442' title='bbox 873 3319 1045 3375; x_wconf 86' lang='lat' dir='ltr'><strong>rebus</strong></span> <span class='ocrx_word' id='word_1_443' title='bbox 1088 3317 1368 3376; x_wconf 90' lang='lat' dir='ltr'><strong>nimirum</strong></span> <span class='ocrx_word' id='word_1_444' title='bbox 1417 3321 1561 3392; x_wconf 87' lang='lat' dir='ltr'><strong>ipsis</strong></span> <span class='ocrx_word' id='word_1_445' title='bbox 1610 3321 1839 3377; x_wconf 89' lang='lat' dir='ltr'><strong>dicendi</strong></span> <span class='ocrx_word' id='word_1_446' title='bbox 1893 3326 2147 3379; x_wconf 81' lang='lat' dir='ltr'><strong>necessi-</strong></span> 
     </span>
    </p>
   </div>
   <div class='ocr_carea' id='block_1_67' title="bbox 506 3408 2146 3482">
    <p class='ocr_par' dir='ltr' id='par_1_67' title="bbox 506 3408 2146 3482">
     <span class='ocr_line' id='line_1_67' title="bbox 506 3408 2146 3482; baseline 0.002 -18"><span class='ocrx_word' id='word_1_447' title='bbox 506 3413 683 3466; x_wconf 88' lang='lat' dir='ltr'><strong>tatem</strong></span> <span class='ocrx_word' id='word_1_448' title='bbox 713 3408 1125 3464; x_wconf 79' lang='lat' dir='ltr'><strong>aﬂ&#39;crentibus:</strong></span> <span class='ocrx_word' id='word_1_449' title='bbox 1161 3409 1626 3482; x_wconf 86' lang='lat' dir='ltr'><strong>quandoquidem</strong></span> <span class='ocrx_word' id='word_1_450' title='bbox 1677 3410 1874 3467; x_wconf 90' lang='lat' dir='ltr'><strong>omnia</strong></span> <span class='ocrx_word' id='word_1_451' title='bbox 1924 3417 1979 3468; x_wconf 92' lang='lat' dir='ltr'><strong>et</strong></span> <span class='ocrx_word' id='word_1_452' title='bbox 2026 3413 2146 3467; x_wconf 88' lang='lat' dir='ltr'><strong>sin-</strong></span> 
     </span>
    </p>
   </div>
   <div class='ocr_carea' id='block_1_68' title="bbox 505 3497 2144 3571">
    <p class='ocr_par' dir='ltr' id='par_1_68' title="bbox 505 3497 2144 3571">
     <span class='ocr_line' id='line_1_68' title="bbox 505 3497 2144 3571; baseline 0.002 -18"><span class='ocrx_word' id='word_1_453' title='bbox 505 3497 641 3570; x_wconf 89' lang='lat' dir='ltr'><strong>gula</strong></span> <span class='ocrx_word' id='word_1_454' title='bbox 673 3497 853 3553; x_wconf 87' lang='lat' dir='ltr'><strong>nostri</strong></span> <span class='ocrx_word' id='word_1_455' title='bbox 888 3514 993 3553; x_wconf 88' lang='lat' dir='ltr'><strong>sua</strong></span> <span class='ocrx_word' id='word_1_456' title='bbox 1024 3498 1169 3553; x_wconf 87' lang='lat' dir='ltr'><strong>serie</strong></span> <span class='ocrx_word' id='word_1_457' title='bbox 1215 3499 1455 3555; x_wconf 89' lang='lat' dir='ltr'><strong>reddere</strong></span> <span class='ocrx_word' id='word_1_458' title='bbox 1502 3500 1671 3555; x_wconf 86' lang='lat' dir='ltr'><strong>nobis</strong></span> <span class='ocrx_word' id='word_1_459' title='bbox 1716 3502 2144 3571; x_wconf 88' lang='lat' dir='ltr'><strong>proposuimus.</strong></span> 
     </span>
    </p>
   </div>
   <div class='ocr_carea' id='block_1_69' title="bbox 503 3587 2146 3662">
    <p class='ocr_par' dir='ltr' id='par_1_69' title="bbox 503 3587 2146 3662">
     <span class='ocr_line' id='line_1_69' title="bbox 503 3587 2146 3662; baseline 0.002 -19"><span class='ocrx_word' id='word_1_460' title='bbox 503 3591 727 3643; x_wconf 86' lang='lat' dir='ltr'><strong>Rursus</strong></span> <span class='ocrx_word' id='word_1_461' title='bbox 766 3587 1041 3658; x_wconf 87' lang='lat' dir='ltr'><strong>quoniam</strong></span> <span class='ocrx_word' id='word_1_462' title='bbox 1073 3587 1407 3658; x_wconf 88' lang='lat' dir='ltr'><strong>neutiquam</strong></span> <span class='ocrx_word' id='word_1_463' title='bbox 1441 3605 1545 3660; x_wconf 88' lang='lat' dir='ltr'><strong>par</strong></span> <span class='ocrx_word' id='word_1_464' title='bbox 1594 3589 1786 3661; x_wconf 88' lang='lat' dir='ltr'><strong>nobis,</strong></span> <span class='ocrx_word' id='word_1_465' title='bbox 1830 3596 2005 3662; x_wconf 87' lang='lat' dir='ltr'><strong>atque</strong></span> <span class='ocrx_word' id='word_1_466' title='bbox 2036 3593 2146 3661; x_wconf 87' lang='lat' dir='ltr'><strong>ipsi</strong></span> 
     </span>
    </p>
   </div>
   <div class='ocr_carea' id='block_1_70' title="bbox 503 3674 2148 3749">
    <p class='ocr_par' dir='ltr' id='par_1_70' title="bbox 503 3674 2148 3749">
     <span class='ocr_line' id='line_1_70' title="bbox 503 3674 2148 3749; baseline 0.003 -19"><span class='ocrx_word' id='word_1_467' title='bbox 503 3675 833 3748; x_wconf 86' lang='lat' dir='ltr'><strong>(Epitaphio</strong></span> <span class='ocrx_word' id='word_1_468' title='bbox 864 3674 1084 3745; x_wconf 84' lang='lat' dir='ltr'><strong>Basilii)</strong></span> <span class='ocrx_word' id='word_1_469' title='bbox 1143 3676 1263 3731; x_wconf 67' lang='lat' dir='ltr'><strong>haec</strong></span> <span class='ocrx_word' id='word_1_470' title='bbox 1316 3675 1443 3749; x_wconf 81' lang='lat' dir='ltr'><strong>ipsa</strong></span> <span class='ocrx_word' id='word_1_471' title='bbox 1485 3677 1849 3734; x_wconf 88' lang='lat' dir='ltr'><strong>describendi</strong></span> <span class='ocrx_word' id='word_1_472' title='bbox 1900 3680 2148 3735; x_wconf 83' lang='lat' dir='ltr'><strong>facultas</strong></span> 
     </span>
    </p>
   </div>
   <div class='ocr_carea' id='block_1_71' title="bbox 503 3764 2146 3839">
    <p class='ocr_par' dir='ltr' id='par_1_71' title="bbox 503 3764 2146 3839">
     <span class='ocr_line' id='line_1_71' title="bbox 503 3764 2146 3839; baseline 0.004 -20"><span class='ocrx_word' id='word_1_473' title='bbox 503 3770 610 3831; x_wconf 89' lang='lat' dir='ltr'><strong>est,</strong></span> <span class='ocrx_word' id='word_1_474' title='bbox 636 3764 778 3819; x_wconf 89' lang='lat' dir='ltr'><strong>illud</strong></span> <span class='ocrx_word' id='word_1_475' title='bbox 807 3781 910 3819; x_wconf 89' lang='lat' dir='ltr'><strong>nos</strong></span> <span class='ocrx_word' id='word_1_476' title='bbox 943 3766 1362 3835; x_wconf 83' lang='lat' dir='ltr'><strong>prepemodum</strong></span> <span class='ocrx_word' id='word_1_477' title='bbox 1395 3766 1467 3820; x_wconf 89' lang='lat' dir='ltr'><strong>ab</strong></span> <span class='ocrx_word' id='word_1_478' title='bbox 1511 3764 1585 3822; x_wconf 89' lang='lat' dir='ltr'><strong>iis</strong></span> <span class='ocrx_word' id='word_1_479' title='bbox 1616 3770 2028 3839; x_wconf 89' lang='lat' dir='ltr'><strong>quoquomodo</strong></span> <span class='ocrx_word' id='word_1_480' title='bbox 2059 3776 2146 3825; x_wconf 87' lang='lat' dir='ltr'><strong>at-</strong></span> 
     </span>
    </p>
   </div>
   <div class='ocr_carea' id='block_1_72' title="bbox 503 3852 2148 3930">
    <p class='ocr_par' dir='ltr' id='par_1_72' title="bbox 503 3852 2148 3930">
     <span class='ocr_line' id='line_1_72' title="bbox 503 3852 2148 3930; baseline 0.002 -20"><span class='ocrx_word' id='word_1_481' title='bbox 503 3853 796 3923; x_wconf 84' lang='lat' dir='ltr'><strong>tingendis</strong></span> <span class='ocrx_word' id='word_1_482' title='bbox 823 3862 1082 3909; x_wconf 84' lang='lat' dir='ltr'><strong>revocat:</strong></span> <span class='ocrx_word' id='word_1_483' title='bbox 1107 3852 1330 3909; x_wconf 89' lang='lat' dir='ltr'><strong>scilicet</strong></span> <span class='ocrx_word' id='word_1_484' title='bbox 1359 3854 1541 3910; x_wconf 88' lang='lat' dir='ltr'><strong>solius</strong></span> <span class='ocrx_word' id='word_1_485' title='bbox 1572 3855 1832 3928; x_wconf 87' lang='lat' dir='ltr'><strong>Gregorii</strong></span> <span class='ocrx_word' id='word_1_486' title='bbox 1868 3858 1973 3921; x_wconf 88' lang='lat' dir='ltr'><strong>hoc</strong></span> <span class='ocrx_word' id='word_1_487' title='bbox 2017 3876 2148 3930; x_wconf 91' lang='lat' dir='ltr'><strong>pro-</strong></span> 
     </span>
    </p>
   </div>
   <div class='ocr_carea' id='block_1_73' title="bbox 501 3943 2148 4015">
    <p class='ocr_par' dir='ltr' id='par_1_73' title="bbox 501 3943 2148 4015">
     <span class='ocr_line' id='line_1_73' title="bbox 501 3943 2148 4015; baseline 0.002 -16"><span class='ocrx_word' id='word_1_488' title='bbox 501 3943 693 4015; x_wconf 89' lang='lat' dir='ltr'><strong>prium</strong></span> <span class='ocrx_word' id='word_1_489' title='bbox 723 3949 831 4010; x_wconf 86' lang='lat' dir='ltr'><strong>est,</strong></span> <span class='ocrx_word' id='word_1_490' title='bbox 865 3949 928 3997; x_wconf 91' lang='lat' dir='ltr'><strong>ut</strong></span> <span class='ocrx_word' id='word_1_491' title='bbox 957 3947 1013 3998; x_wconf 87' lang='lat' dir='ltr'><strong>et</strong></span> <span class='ocrx_word' id='word_1_492' title='bbox 1045 3943 1207 3999; x_wconf 87' lang='lat' dir='ltr'><strong>factis</strong></span> <span class='ocrx_word' id='word_1_493' title='bbox 1249 3943 1496 4015; x_wconf 82' lang='lat' dir='ltr'><strong>egregiis</strong></span> <span class='ocrx_word' id='word_1_494' title='bbox 1551 3946 1773 4001; x_wconf 66' lang='lat' dir='ltr'><strong>caeteris</strong></span> <span class='ocrx_word' id='word_1_495' title='bbox 1811 3946 2148 4003; x_wconf 87' lang='lat' dir='ltr'><strong>hominibus</strong></span> 
     </span>
    </p>
   </div>
   <div class='ocr_carea' id='block_1_74' title="bbox 503 4031 2150 4105">
    <p class='ocr_par' dir='ltr' id='par_1_74' title="bbox 503 4031 2150 4105">
     <span class='ocr_line' id='line_1_74' title="bbox 503 4031 2150 4105; baseline 0.002 -16"><span class='ocrx_word' id='word_1_496' title='bbox 503 4032 759 4100; x_wconf 86' lang='lat' dir='ltr'><strong>antistet,</strong></span> <span class='ocrx_word' id='word_1_497' title='bbox 793 4042 849 4087; x_wconf 86' lang='lat' dir='ltr'><strong>et</strong></span> <span class='ocrx_word' id='word_1_498' title='bbox 878 4031 1073 4087; x_wconf 88' lang='lat' dir='ltr'><strong>divina</strong></span> <span class='ocrx_word' id='word_1_499' title='bbox 1133 4033 1381 4103; x_wconf 86' lang='lat' dir='ltr'><strong>quadam</strong></span> <span class='ocrx_word' id='word_1_500' title='bbox 1423 4035 1612 4105; x_wconf 89' lang='lat' dir='ltr'><strong>gratia</strong></span> <span class='ocrx_word' id='word_1_501' title='bbox 1665 4034 1860 4090; x_wconf 85' lang='lat' dir='ltr'><strong>eadem</strong></span> <span class='ocrx_word' id='word_1_502' title='bbox 1901 4053 2150 4093; x_wconf 87' lang='lat' dir='ltr'><strong>comme-</strong></span> 
     </span>
    </p>
   </div>
   <div class='ocr_carea' id='block_1_75' title="bbox 503 4121 2150 4191">
    <p class='ocr_par' dir='ltr' id='par_1_75' title="bbox 503 4121 2150 4191">
     <span class='ocr_line' id='line_1_75' title="bbox 503 4121 2150 4191; baseline 0.003 -14"><span class='ocrx_word' id='word_1_503' title='bbox 503 4129 722 4188; x_wconf 87' lang='lat' dir='ltr'><strong>moret;</strong></span> <span class='ocrx_word' id='word_1_504' title='bbox 773 4121 936 4176; x_wconf 91' lang='lat' dir='ltr'><strong>solus</strong></span> <span class='ocrx_word' id='word_1_505' title='bbox 976 4121 1092 4176; x_wconf 90' lang='lat' dir='ltr'><strong>illis</strong></span> <span class='ocrx_word' id='word_1_506' title='bbox 1154 4122 1309 4176; x_wconf 89' lang='lat' dir='ltr'><strong>enim</strong></span> <span class='ocrx_word' id='word_1_507' title='bbox 1341 4138 1556 4191; x_wconf 87' lang='lat' dir='ltr'><strong>revera,</strong></span> <span class='ocrx_word' id='word_1_508' title='bbox 1592 4144 1620 4171; x_wconf 86' lang='lat'><strong>«</strong></span> <span class='ocrx_word' id='word_1_509' title='bbox 1656 4124 1945 4180; x_wconf 82' lang='lat' dir='ltr'><strong>Verborum</strong></span> <span class='ocrx_word' id='word_1_510' title='bbox 1981 4128 2150 4182; x_wconf 81' lang='lat' dir='ltr'><strong>bonus</strong></span> 
     </span>
    </p>
   </div>
   <div class='ocr_carea' id='block_1_76' title="bbox 501 4211 2149 4283">
    <p class='ocr_par' dir='ltr' id='par_1_76' title="bbox 501 4211 2149 4283">
     <span class='ocr_line' id='line_1_76' title="bbox 501 4211 2149 4283; baseline 0.003 -17"><span class='ocrx_word' id='word_1_511' title='bbox 501 4215 710 4280; x_wconf 81' lang='lat' dir='ltr'><strong>arator,</strong></span> <span class='ocrx_word' id='word_1_512' title='bbox 742 4225 1036 4281; x_wconf 82' lang='lat' dir='ltr'><strong>rerumque</strong></span> <span class='ocrx_word' id='word_1_513' title='bbox 1064 4219 1356 4266; x_wconf 78' lang='lat' dir='ltr'><strong>eratartor</strong></span> <span class='ocrx_word' id='word_1_514' title='bbox 1405 4211 1558 4283; x_wconf 80' lang='grc'>(1).»</span> <span class='ocrx_word' id='word_1_515' title='bbox 1614 4213 1724 4268; x_wconf 90' lang='lat' dir='ltr'><strong>Sed</strong></span> <span class='ocrx_word' id='word_1_516' title='bbox 1770 4212 1877 4269; x_wconf 90' lang='lat' dir='ltr'><strong>hoc</strong></span> <span class='ocrx_word' id='word_1_517' title='bbox 1922 4220 2149 4271; x_wconf 90' lang='lat' dir='ltr'><strong>tantum</strong></span> 
     </span>
    </p>
   </div>
   <div class='ocr_carea' id='block_1_77' title="bbox 502 4298 2146 4371">
    <p class='ocr_par' dir='ltr' id='par_1_77' title="bbox 502 4298 2146 4371">
     <span class='ocr_line' id='line_1_77' title="bbox 502 4298 2146 4371; baseline 0.002 -16"><span class='ocrx_word' id='word_1_518' title='bbox 502 4300 713 4366; x_wconf 89' lang='lat' dir='ltr'><strong>dicam,</strong></span> <span class='ocrx_word' id='word_1_519' title='bbox 748 4299 903 4371; x_wconf 91' lang='lat' dir='ltr'><strong>quod</strong></span> <span class='ocrx_word' id='word_1_520' title='bbox 954 4298 1032 4354; x_wconf 87' lang='lat' dir='ltr'><strong>ita</strong></span> <span class='ocrx_word' id='word_1_521' title='bbox 1078 4314 1216 4354; x_wconf 90' lang='lat' dir='ltr'><strong>cum</strong></span> <span class='ocrx_word' id='word_1_522' title='bbox 1266 4299 1409 4355; x_wconf 91' lang='lat' dir='ltr'><strong>inter</strong></span> <span class='ocrx_word' id='word_1_523' title='bbox 1467 4317 1530 4356; x_wconf 89' lang='lat' dir='ltr'><strong>se</strong></span> <span class='ocrx_word' id='word_1_524' title='bbox 1586 4308 1809 4371; x_wconf 90' lang='lat' dir='ltr'><strong>mutuo,</strong></span> <span class='ocrx_word' id='word_1_525' title='bbox 1847 4308 1971 4358; x_wconf 91' lang='lat' dir='ltr'><strong>tum</strong></span> <span class='ocrx_word' id='word_1_526' title='bbox 2017 4321 2146 4360; x_wconf 86' lang='lat' dir='ltr'><strong>cum</strong></span> 
     </span>
    </p>
   </div>
   <div class='ocr_carea' id='block_1_78' title="bbox 502 4386 2151 4464">
    <p class='ocr_par' dir='ltr' id='par_1_78' title="bbox 502 4386 2151 4464">
     <span class='ocr_line' id='line_1_78' title="bbox 502 4386 2151 4464; baseline 0.005 -23"><span class='ocrx_word' id='word_1_527' title='bbox 502 4386 957 4443; x_wconf 86' lang='lat' dir='ltr'><strong>Atheniensibus</strong></span> <span class='ocrx_word' id='word_1_528' title='bbox 979 4391 1172 4444; x_wconf 86' lang='lat' dir='ltr'><strong>noster</strong></span> <span class='ocrx_word' id='word_1_529' title='bbox 1191 4392 1248 4443; x_wconf 90' lang='lat' dir='ltr'><strong>et</strong></span> <span class='ocrx_word' id='word_1_530' title='bbox 1269 4387 1537 4458; x_wconf 85' lang='lat' dir='ltr'><strong>Basilius,</strong></span> <span class='ocrx_word' id='word_1_531' title='bbox 1565 4391 1647 4445; x_wconf 89' lang='lat' dir='ltr'><strong>vir</strong></span> <span class='ocrx_word' id='word_1_532' title='bbox 1673 4391 1958 4464; x_wconf 82' lang='lat' dir='ltr'><strong>Optimus,</strong></span> <span class='ocrx_word' id='word_1_533' title='bbox 1983 4396 2151 4449; x_wconf 82' lang='lat' dir='ltr'><strong>Athe-</strong></span> 
     </span>
    </p>
   </div>
   <div class='ocr_carea' id='block_1_79' title="bbox 504 4476 2151 4548">
    <p class='ocr_par' dir='ltr' id='par_1_79' title="bbox 504 4476 2151 4548">
     <span class='ocr_line' id='line_1_79' title="bbox 504 4476 2151 4548; baseline 0.004 -16"><span class='ocrx_word' id='word_1_534' title='bbox 504 4477 596 4533; x_wconf 88' lang='lat' dir='ltr'><strong>nis</strong></span> <span class='ocrx_word' id='word_1_535' title='bbox 627 4476 890 4543; x_wconf 82' lang='lat' dir='ltr'><strong>vixerint,</strong></span> <span class='ocrx_word' id='word_1_536' title='bbox 928 4480 991 4530; x_wconf 88' lang='lat' dir='ltr'><strong>ut</strong></span> <span class='ocrx_word' id='word_1_537' title='bbox 1012 4477 1231 4548; x_wconf 83' lang='lat' dir='ltr'><strong>majore</strong></span> <span class='ocrx_word' id='word_1_538' title='bbox 1254 4478 1494 4533; x_wconf 89' lang='lat' dir='ltr'><strong>omnino</strong></span> <span class='ocrx_word' id='word_1_539' title='bbox 1532 4479 1590 4534; x_wconf 92' lang='lat' dir='ltr'><strong>in</strong></span> <span class='ocrx_word' id='word_1_540' title='bbox 1645 4480 2027 4538; x_wconf 83' lang='lat' dir='ltr'><strong>admiratione</strong></span> <span class='ocrx_word' id='word_1_541' title='bbox 2085 4500 2151 4539; x_wconf 88' lang='lat' dir='ltr'><strong>ac</strong></span> 
     </span>
    </p>
   </div>
   <div class='ocr_carea' id='block_1_80' title="bbox 505 4558 2392 4642">
    <p class='ocr_par' dir='ltr' id='par_1_80' title="bbox 505 4558 2392 4642">
     <span class='ocr_line' id='line_1_80' title="bbox 505 4558 2392 4642; baseline 0.003 -22"><span class='ocrx_word' id='word_1_542' title='bbox 505 4564 722 4621; x_wconf 85' lang='lat' dir='ltr'><strong>honore</strong></span> <span class='ocrx_word' id='word_1_543' title='bbox 752 4565 903 4635; x_wconf 89' lang='lat' dir='ltr'><strong>apud</strong></span> <span class='ocrx_word' id='word_1_544' title='bbox 957 4563 1089 4620; x_wconf 88' lang='lat' dir='ltr'><strong>illos</strong></span> <span class='ocrx_word' id='word_1_545' title='bbox 1141 4565 1374 4632; x_wconf 82' lang='lat' dir='ltr'><strong>fuerint,</strong></span> <span class='ocrx_word' id='word_1_546' title='bbox 1426 4582 1600 4636; x_wconf 80' lang='lat' dir='ltr'><strong>quam</strong></span> <span class='ocrx_word' id='word_1_547' title='bbox 1646 4569 1938 4638; x_wconf 87' lang='lat' dir='ltr'><strong>hospitum</strong></span> <span class='ocrx_word' id='word_1_548' title='bbox 1988 4574 2148 4642; x_wconf 88' lang='lat' dir='ltr'><strong>quis-</strong></span> <span class='ocrx_word' id='word_1_549' title='bbox 2181 4558 2226 4622; x_wconf 84' lang='lat' dir='ltr'><strong>D</strong></span> <span class='ocrx_word' id='word_1_550' title='bbox 2258 4593 2342 4628; x_wconf 90' lang='grc' dir='ltr'><strong>ναι</strong></span> <span class='ocrx_word' id='word_1_551' title='bbox 2379 4591 2392 4604; x_wconf 92' lang='grc'><strong>·</strong></span> 
     </span>
    </p>
   </div>
   <div class='ocr_carea' id='block_1_81' title="bbox 507 4653 2144 4727">
    <p class='ocr_par' dir='ltr' id='par_1_81' title="bbox 507 4653 2144 4727">
     <span class='ocr_line' id='line_1_81' title="bbox 507 4653 2144 4727; baseline 0.002 -17"><span class='ocrx_word' id='word_1_552' title='bbox 507 4670 704 4727; x_wconf 68' lang='lat' dir='ltr'><strong>quam.</strong></span> <span class='ocrx_word' id='word_1_553' title='bbox 735 4654 835 4725; x_wconf 92' lang='lat' dir='ltr'><strong>qui</strong></span> <span class='ocrx_word' id='word_1_554' title='bbox 866 4669 932 4708; x_wconf 86' lang='lat' dir='ltr'><strong>ea</strong></span> <span class='ocrx_word' id='word_1_555' title='bbox 965 4653 1018 4707; x_wconf 89' lang='lat' dir='ltr'><strong>in</strong></span> <span class='ocrx_word' id='word_1_556' title='bbox 1057 4653 1197 4709; x_wconf 89' lang='lat' dir='ltr'><strong>urbe</strong></span> <span class='ocrx_word' id='word_1_557' title='bbox 1240 4654 1553 4726; x_wconf 88' lang='lat' dir='ltr'><strong>aliquando</strong></span> <span class='ocrx_word' id='word_1_558' title='bbox 1612 4660 1821 4714; x_wconf 86' lang='lat' dir='ltr'><strong>versati</strong></span> <span class='ocrx_word' id='word_1_559' title='bbox 1872 4662 2090 4715; x_wconf 83' lang='lat' dir='ltr'><strong>fuerant</strong></span> <span class='ocrx_word' id='word_1_560' title='bbox 2130 4678 2144 4714; x_wconf 93' lang='lat'>:</span> 
     </span>
    </p>
   </div>
   <div class='ocr_carea' id='block_1_82' title="bbox 500 4741 2146 4816">
    <p class='ocr_par' dir='ltr' id='par_1_82' title="bbox 500 4741 2146 4816">
     <span class='ocr_line' id='line_1_82' title="bbox 500 4741 2146 4816; baseline 0.004 -18"><span class='ocrx_word' id='word_1_561' title='bbox 500 4742 675 4814; x_wconf 88' lang='lat' dir='ltr'><strong>idque</strong></span> <span class='ocrx_word' id='word_1_562' title='bbox 724 4749 844 4797; x_wconf 89' lang='lat' dir='ltr'><strong>tum</strong></span> <span class='ocrx_word' id='word_1_563' title='bbox 904 4741 1119 4814; x_wconf 86' lang='lat' dir='ltr'><strong>ingenii</strong></span> <span class='ocrx_word' id='word_1_564' title='bbox 1162 4743 1509 4816; x_wconf 81' lang='lat' dir='ltr'><strong>virtutisque</strong></span> <span class='ocrx_word' id='word_1_565' title='bbox 1564 4763 1682 4802; x_wconf 66' lang='lat' dir='ltr'><strong>sua:</strong></span> <span class='ocrx_word' id='word_1_566' title='bbox 1730 4748 1959 4816; x_wconf 88' lang='lat' dir='ltr'><strong>merito,</strong></span> <span class='ocrx_word' id='word_1_567' title='bbox 2017 4755 2146 4805; x_wconf 90' lang='lat' dir='ltr'><strong>tum</strong></span> 
     </span>
    </p>
   </div>
   <div class='ocr_carea' id='block_1_83' title="bbox 504 4831 2147 4908">
    <p class='ocr_par' dir='ltr' id='par_1_83' title="bbox 504 4831 2147 4908">
     <span class='ocr_line' id='line_1_83' title="bbox 504 4831 2147 4908; baseline 0.005 -22"><span class='ocrx_word' id='word_1_568' title='bbox 504 4832 658 4902; x_wconf 90' lang='lat' dir='ltr'><strong>quod</strong></span> <span class='ocrx_word' id='word_1_569' title='bbox 693 4831 840 4887; x_wconf 93' lang='lat' dir='ltr'><strong>ultro</strong></span> <span class='ocrx_word' id='word_1_570' title='bbox 876 4847 1105 4900; x_wconf 89' lang='lat' dir='ltr'><strong>omnes,</strong></span> <span class='ocrx_word' id='word_1_571' title='bbox 1136 4834 1412 4889; x_wconf 87' lang='lat' dir='ltr'><strong>omnibus</strong></span> <span class='ocrx_word' id='word_1_572' title='bbox 1454 4837 1511 4889; x_wconf 85' lang='lat' dir='ltr'><strong>in</strong></span> <span class='ocrx_word' id='word_1_573' title='bbox 1574 4838 1771 4906; x_wconf 85' lang='lat' dir='ltr'><strong>rebus,</strong></span> <span class='ocrx_word' id='word_1_574' title='bbox 1805 4838 2023 4908; x_wconf 90' lang='lat' dir='ltr'><strong>primas</strong></span> <span class='ocrx_word' id='word_1_575' title='bbox 2077 4839 2147 4894; x_wconf 84' lang='lat' dir='ltr'><strong>ad</strong></span> 
     </span>
    </p>
   </div>
   <div class='ocr_carea' id='block_1_84' title="bbox 501 4920 2147 4993">
    <p class='ocr_par' dir='ltr' id='par_1_84' title="bbox 501 4920 2147 4993">
     <span class='ocr_line' id='line_1_84' title="bbox 501 4920 2147 4993; baseline 0.006 -20"><span class='ocrx_word' id='word_1_576' title='bbox 501 4920 661 4989; x_wconf 89' lang='lat' dir='ltr'><strong>ipsos</strong></span> <span class='ocrx_word' id='word_1_577' title='bbox 728 4920 1022 4974; x_wconf 86' lang='lat' dir='ltr'><strong>deferrent</strong></span> <span class='ocrx_word' id='word_1_578' title='bbox 1080 4936 1093 4973; x_wconf 94' lang='lat'>:</span> <span class='ocrx_word' id='word_1_579' title='bbox 1156 4936 1361 4975; x_wconf 85' lang='lat' dir='ltr'><strong>rursus</strong></span> <span class='ocrx_word' id='word_1_580' title='bbox 1436 4923 1542 4993; x_wconf 86' lang='lat' dir='ltr'><strong>ipsi</strong></span> <span class='ocrx_word' id='word_1_581' title='bbox 1646 4924 1796 4980; x_wconf 89' lang='lat' dir='ltr'><strong>inter</strong></span> <span class='ocrx_word' id='word_1_582' title='bbox 1877 4943 1938 4981; x_wconf 91' lang='lat' dir='ltr'><strong>se</strong></span> <span class='ocrx_word' id='word_1_583' title='bbox 2034 4944 2147 4983; x_wconf 91' lang='lat' dir='ltr'><strong>non</strong></span> 
     </span>
    </p>
   </div>
   <div class='ocr_carea' id='block_1_85' title="bbox 503 5007 2149 5084">
    <p class='ocr_par' dir='ltr' id='par_1_85' title="bbox 503 5007 2149 5084">
     <span class='ocr_line' id='line_1_85' title="bbox 503 5007 2149 5084; baseline 0.007 -23"><span class='ocrx_word' id='word_1_584' title='bbox 503 5008 673 5062; x_wconf 90' lang='lat' dir='ltr'><strong>modo</strong></span> <span class='ocrx_word' id='word_1_585' title='bbox 704 5007 849 5063; x_wconf 90' lang='lat' dir='ltr'><strong>alter</strong></span> <span class='ocrx_word' id='word_1_586' title='bbox 878 5008 1006 5080; x_wconf 88' lang='lat' dir='ltr'><strong>ipse</strong></span> <span class='ocrx_word' id='word_1_587' title='bbox 1038 5012 1278 5079; x_wconf 82' lang='lat' dir='ltr'><strong>uterque</strong></span> <span class='ocrx_word' id='word_1_588' title='bbox 1308 5025 1458 5076; x_wconf 91' lang='lat' dir='ltr'><strong>esse,</strong></span> <span class='ocrx_word' id='word_1_589' title='bbox 1504 5013 1606 5067; x_wconf 89' lang='lat' dir='ltr'><strong>sed</strong></span> <span class='ocrx_word' id='word_1_590' title='bbox 1663 5013 1793 5084; x_wconf 89' lang='lat' dir='ltr'><strong>plus</strong></span> <span class='ocrx_word' id='word_1_591' title='bbox 1841 5017 2015 5071; x_wconf 90' lang='lat' dir='ltr'><strong>etiam</strong></span> <span class='ocrx_word' id='word_1_592' title='bbox 2064 5016 2149 5071; x_wconf 88' lang='lat' dir='ltr'><strong>al-</strong></span> 
     </span>
    </p>
   </div>
   <div class='ocr_carea' id='block_1_86' title="bbox 2254 3316 3889 3395">
    <p class='ocr_par' dir='ltr' id='par_1_86' title="bbox 2254 3316 3889 3395">
     <span class='ocr_line' id='line_1_86' title="bbox 2254 3316 3889 3395; baseline -0.002 -22"><span class='ocrx_word' id='word_1_593' title='bbox 2254 3323 2301 3373; x_wconf 85' lang='grc' dir='ltr'>τ’</span> <span class='ocrx_word' id='word_1_594' title='bbox 2330 3316 2398 3372; x_wconf 81' lang='grc' dir='ltr'>αὖ</span> <span class='ocrx_word' id='word_1_595' title='bbox 2440 3321 2515 3392; x_wconf 78' lang='grc' dir='ltr'><strong>μή</strong></span> <span class='ocrx_word' id='word_1_596' title='bbox 2549 3316 2800 3376; x_wconf 83' lang='grc' dir='ltr'>δύνασθαι</span> <span class='ocrx_word' id='word_1_597' title='bbox 2849 3320 3028 3393; x_wconf 83' lang='grc' dir='ltr'>τούτῳ</span> <span class='ocrx_word' id='word_1_598' title='bbox 3071 3318 3481 3395; x_wconf 82' lang='grc' dir='ltr'>παραπλησόως</span> <span class='ocrx_word' id='word_1_599' title='bbox 3509 3321 3718 3375; x_wconf 86' lang='grc' dir='ltr'>τούτων</span> <span class='ocrx_word' id='word_1_600' title='bbox 3753 3339 3889 3391; x_wconf 86' lang='grc' dir='ltr'>μνη-</span> 
     </span>
    </p>
   </div>
   <div class='ocr_carea' id='block_1_87' title="bbox 2254 3407 3889 3483">
    <p class='ocr_par' dir='ltr' id='par_1_87' title="bbox 2254 3407 3889 3483">
     <span class='ocr_line' id='line_1_87' title="bbox 2254 3407 3889 3483; baseline 0 -22"><span class='ocrx_word' id='word_1_601' title='bbox 2254 3410 2469 3478; x_wconf 85' lang='grc' dir='ltr'>σθῆναι,</span> <span class='ocrx_word' id='word_1_602' title='bbox 2508 3407 2700 3483; x_wconf 77' lang='grc' dir='ltr'>ἀπάγει</span> <span class='ocrx_word' id='word_1_603' title='bbox 2750 3408 2942 3480; x_wconf 79' lang='grc' dir='ltr'>δήπως</span> <span class='ocrx_word' id='word_1_604' title='bbox 2994 3413 3090 3465; x_wconf 89' lang='grc' dir='ltr'><strong>τοῦ</strong></span> <span class='ocrx_word' id='word_1_605' title='bbox 3135 3410 3224 3465; x_wconf 84' lang='grc' dir='ltr'><strong>καὶ</strong></span> <span class='ocrx_word' id='word_1_606' title='bbox 3274 3411 3483 3478; x_wconf 84' lang='grc' dir='ltr'>ἀπηοῦν</span> <span class='ocrx_word' id='word_1_607' title='bbox 3514 3408 3724 3464; x_wconf 86' lang='grc' dir='ltr'>τούτων</span> <span class='ocrx_word' id='word_1_608' title='bbox 3759 3427 3889 3480; x_wconf 88' lang='grc' dir='ltr'>μνη-</span> 
     </span>
    </p>
   </div>
   <div class='ocr_carea' id='block_1_88' title="bbox 2256 3494 3889 3575">
    <p class='ocr_par' dir='ltr' id='par_1_88' title="bbox 2256 3494 3889 3575">
     <span class='ocr_line' id='line_1_88' title="bbox 2256 3494 3889 3575; baseline 0.002 -26"><span class='ocrx_word' id='word_1_609' title='bbox 2256 3498 2490 3560; x_wconf 81' lang='grc' dir='ltr'>σθῆναι·</span> <span class='ocrx_word' id='word_1_610' title='bbox 2535 3497 2704 3570; x_wconf 86' lang='grc' dir='ltr'>μόνου</span> <span class='ocrx_word' id='word_1_611' title='bbox 2759 3499 2860 3575; x_wconf 76' lang='grc' dir='ltr'><strong>γὰρ</strong></span> <span class='ocrx_word' id='word_1_612' title='bbox 2912 3499 3118 3554; x_wconf 83' lang='grc' dir='ltr'>ἐκείνου</span> <span class='ocrx_word' id='word_1_613' title='bbox 3175 3499 3266 3553; x_wconf 84' lang='grc' dir='ltr'>καὶ</span> <span class='ocrx_word' id='word_1_614' title='bbox 3314 3499 3567 3562; x_wconf 80' lang='grc' dir='ltr'>πράττειν</span> <span class='ocrx_word' id='word_1_615' title='bbox 3613 3498 3745 3570; x_wconf 74' lang='grc' dir='ltr'>ὑπὲρ</span> <span class='ocrx_word' id='word_1_616' title='bbox 3772 3494 3889 3553; x_wconf 85' lang='grc' dir='ltr'>τούς</span> 
     </span>
    </p>
   </div>
   <div class='ocr_carea' id='block_1_89' title="bbox 2254 3582 3893 3666">
    <p class='ocr_par' dir='ltr' id='par_1_89' title="bbox 2254 3582 3893 3666">
     <span class='ocr_line' id='line_1_89' title="bbox 2254 3582 3893 3666; baseline -0.002 -26"><span class='ocrx_word' id='word_1_617' title='bbox 2254 3584 2482 3656; x_wconf 82' lang='grc' dir='ltr'>ἄλλους,</span> <span class='ocrx_word' id='word_1_618' title='bbox 2515 3587 2604 3641; x_wconf 87' lang='grc' dir='ltr'><strong>καὶ</strong></span> <span class='ocrx_word' id='word_1_619' title='bbox 2636 3590 2757 3660; x_wconf 86' lang='grc' dir='ltr'>μεθ’</span> <span class='ocrx_word' id='word_1_620' title='bbox 2796 3589 3081 3666; x_wconf 74' lang='grc' dir='ltr'>ὑπερφυῶν</span> <span class='ocrx_word' id='word_1_621' title='bbox 3112 3592 3218 3644; x_wconf 90' lang='grc' dir='ltr'><strong>τῶν</strong></span> <span class='ocrx_word' id='word_1_622' title='bbox 3268 3587 3512 3662; x_wconf 84' lang='grc' dir='ltr'>χαρίυων</span> <span class='ocrx_word' id='word_1_623' title='bbox 3562 3586 3718 3642; x_wconf 87' lang='grc' dir='ltr'>ταυτὶ</span> <span class='ocrx_word' id='word_1_624' title='bbox 3783 3582 3893 3652; x_wconf 82' lang='grc' dir='ltr'>διη·</span> 
     </span>
    </p>
   </div>
   <div class='ocr_carea' id='block_1_90' title="bbox 2255 3672 3893 3752">
    <p class='ocr_par' dir='ltr' id='par_1_90' title="bbox 2255 3672 3893 3752">
     <span class='ocr_line' id='line_1_90' title="bbox 2255 3672 3893 3752; baseline -0.002 -22"><span class='ocrx_word' id='word_1_625' title='bbox 2255 3677 2487 3752; x_wconf 82' lang='grc' dir='ltr'>γεῖσθαι,</span> <span class='ocrx_word' id='word_1_626' title='bbox 2521 3674 2610 3731; x_wconf 79' lang='grc' dir='ltr'><strong>διὰ</strong></span> <span class='ocrx_word' id='word_1_627' title='bbox 2636 3679 2698 3732; x_wconf 89' lang='grc' dir='ltr'>τὸ</span> <span class='ocrx_word' id='word_1_628' title='bbox 2723 3679 2884 3749; x_wconf 87' lang='grc' dir='ltr'>μόνον</span> <span class='ocrx_word' id='word_1_629' title='bbox 2919 3678 2993 3740; x_wconf 82' lang='grc' dir='ltr'><strong>ὡς</strong></span> <span class='ocrx_word' id='word_1_630' title='bbox 3026 3678 3270 3748; x_wconf 74' lang='grc' dir='ltr'>ἀληθῶς,</span> <span class='ocrx_word' id='word_1_631' title='bbox 3298 3701 3326 3728; x_wconf 89' lang='grc'><strong>‹‹</strong></span> <span class='ocrx_word' id='word_1_632' title='bbox 3375 3677 3559 3749; x_wconf 82' lang='grc' dir='ltr'>μύθων</span> <span class='ocrx_word' id='word_1_633' title='bbox 3592 3697 3652 3731; x_wconf 90' lang='grc' dir='ltr'><strong>τε</strong></span> <span class='ocrx_word' id='word_1_634' title='bbox 3706 3672 3893 3750; x_wconf 78' lang='grc' dir='ltr'>ῥητῆρ’</span> 
     </span>
    </p>
   </div>
   <div class='ocr_carea' id='block_1_91' title="bbox 2256 3761 3889 3843">
    <p class='ocr_par' dir='ltr' id='par_1_91' title="bbox 2256 3761 3889 3843">
     <span class='ocr_line' id='line_1_91' title="bbox 2256 3761 3889 3843; baseline -0.002 -24"><span class='ocrx_word' id='word_1_635' title='bbox 2256 3764 2465 3839; x_wconf 85' lang='grc' dir='ltr'>ἔμεναι,</span> <span class='ocrx_word' id='word_1_636' title='bbox 2500 3770 2789 3839; x_wconf 87' lang='grc' dir='ltr'>πρηκτῆρά</span> <span class='ocrx_word' id='word_1_637' title='bbox 2815 3788 2872 3821; x_wconf 91' lang='grc' dir='ltr'><strong>τε</strong></span> <span class='ocrx_word' id='word_1_638' title='bbox 2913 3763 3106 3843; x_wconf 82' lang='grc' dir='ltr'>ἔργων.</span> <span class='ocrx_word' id='word_1_639' title='bbox 3141 3792 3169 3819; x_wconf 89' lang='grc'><strong>››</strong></span> <span class='ocrx_word' id='word_1_640' title='bbox 3212 3766 3360 3835; x_wconf 72' lang='grc' dir='ltr'>Πλὴν</span> <span class='ocrx_word' id='word_1_641' title='bbox 3398 3770 3660 3821; x_wconf 88' lang='grc' dir='ltr'>τοσοῦτον</span> <span class='ocrx_word' id='word_1_642' title='bbox 3692 3761 3889 3832; x_wconf 70' lang='grc' dir='ltr'>εἴποιμ’</span> 
     </span>
    </p>
   </div>
   <div class='ocr_carea' id='block_1_92' title="bbox 2257 3847 3892 3929">
    <p class='ocr_par' dir='ltr' id='par_1_92' title="bbox 2257 3847 3892 3929">
     <span class='ocr_line' id='line_1_92' title="bbox 2257 3847 3892 3929; baseline -0.002 -22"><span class='ocrx_word' id='word_1_643' title='bbox 2257 3852 2340 3922; x_wconf 83' lang='grc' dir='ltr'><strong>ἂν,</strong></span> <span class='ocrx_word' id='word_1_644' title='bbox 2374 3854 2457 3909; x_wconf 82' lang='grc' dir='ltr'><strong>ὅτι</strong></span> <span class='ocrx_word' id='word_1_645' title='bbox 2488 3860 2729 3910; x_wconf 83' lang='grc' dir='ltr'>τοιοῦτοι</span> <span class='ocrx_word' id='word_1_646' title='bbox 2761 3853 2829 3926; x_wconf 82' lang='grc' dir='ltr'><strong>δή</strong></span> <span class='ocrx_word' id='word_1_647' title='bbox 2861 3877 3005 3918; x_wconf 86' lang='grc' dir='ltr'>τινες</span> <span class='ocrx_word' id='word_1_648' title='bbox 3051 3855 3281 3910; x_wconf 84' lang='grc' dir='ltr'>ἐνταῦθα</span> <span class='ocrx_word' id='word_1_649' title='bbox 3326 3855 3464 3929; x_wconf 83' lang='grc' dir='ltr'>πρὸς</span> <span class='ocrx_word' id='word_1_650' title='bbox 3495 3852 3780 3925; x_wconf 73' lang='grc' dir='ltr'>ἂλλήλους</span> <span class='ocrx_word' id='word_1_651' title='bbox 3807 3847 3892 3904; x_wconf 84' lang='grc' dir='ltr'>καὶ</span> 
     </span>
    </p>
   </div>
   <div class='ocr_carea' id='block_1_93' title="bbox 2259 3941 3895 4020">
    <p class='ocr_par' dir='ltr' id='par_1_93' title="bbox 2259 3941 3895 4020">
     <span class='ocr_line' id='line_1_93' title="bbox 2259 3941 3895 4020; baseline -0.001 -22"><span class='ocrx_word' id='word_1_652' title='bbox 2259 3941 2584 4013; x_wconf 80' lang='grc' dir='ltr'>Ἀθηναίους</span> <span class='ocrx_word' id='word_1_653' title='bbox 2641 3946 2804 4008; x_wconf 80' lang='grc' dir='ltr'>αὐτός</span> <span class='ocrx_word' id='word_1_654' title='bbox 2861 3966 2919 4000; x_wconf 87' lang='grc' dir='ltr'><strong>τε</strong></span> <span class='ocrx_word' id='word_1_655' title='bbox 2954 3945 3044 4000; x_wconf 88' lang='grc' dir='ltr'><strong>καὶ</strong></span> <span class='ocrx_word' id='word_1_656' title='bbox 3093 3944 3375 4006; x_wconf 87' lang='grc' dir='ltr'>Βασίλειος</span> <span class='ocrx_word' id='word_1_657' title='bbox 3398 3943 3672 4020; x_wconf 89' lang='grc' dir='ltr'>γεγόνασιν</span> <span class='ocrx_word' id='word_1_658' title='bbox 3703 3944 3730 3997; x_wconf 88' lang='grc' dir='ltr'><strong>ὁ</strong></span> <span class='ocrx_word' id='word_1_659' title='bbox 3762 3959 3895 4015; x_wconf 83' lang='grc' dir='ltr'>χρη-</span> 
     </span>
    </p>
   </div>
   <div class='ocr_carea' id='block_1_94' title="bbox 2260 4028 3892 4108">
    <p class='ocr_par' dir='ltr' id='par_1_94' title="bbox 2260 4028 3892 4108">
     <span class='ocr_line' id='line_1_94' title="bbox 2260 4028 3892 4108; baseline -0.001 -18"><span class='ocrx_word' id='word_1_660' title='bbox 2260 4039 2407 4100; x_wconf 87' lang='grc' dir='ltr'>στὸς.</span> <span class='ocrx_word' id='word_1_661' title='bbox 2442 4038 2518 4099; x_wconf 82' lang='grc' dir='ltr'>ὡς</span> <span class='ocrx_word' id='word_1_662' title='bbox 2545 4040 2662 4097; x_wconf 90' lang='grc' dir='ltr'>τοῖς</span> <span class='ocrx_word' id='word_1_663' title='bbox 2706 4036 2799 4108; x_wconf 73' lang='grc' dir='ltr'>μὲν</span> <span class='ocrx_word' id='word_1_664' title='bbox 2847 4035 2972 4108; x_wconf 87' lang='grc' dir='ltr'>παρ’</span> <span class='ocrx_word' id='word_1_665' title='bbox 3030 4036 3381 4089; x_wconf 82' lang='grc' dir='ltr'>οὑστινασοῦν</span> <span class='ocrx_word' id='word_1_666' title='bbox 3431 4038 3539 4090; x_wconf 87' lang='grc' dir='ltr'><strong>τῶν</strong></span> <span class='ocrx_word' id='word_1_667' title='bbox 3571 4032 3783 4088; x_wconf 85' lang='grc' dir='ltr'>πώποτ’</span> <span class='ocrx_word' id='word_1_668' title='bbox 3821 4028 3892 4089; x_wconf 72' lang='grc' dir='ltr'>εἷς</span> 
     </span>
    </p>
   </div>
   <div class='ocr_carea' id='block_1_95' title="bbox 2259 4119 3889 4202">
    <p class='ocr_par' dir='ltr' id='par_1_95' title="bbox 2259 4119 3889 4202">
     <span class='ocr_line' id='line_1_95' title="bbox 2259 4119 3889 4202; baseline -0.006 -22"><span class='ocrx_word' id='word_1_669' title='bbox 2259 4126 2454 4189; x_wconf 80' lang='grc' dir='ltr'>αὐτοὺς</span> <span class='ocrx_word' id='word_1_670' title='bbox 2514 4125 2829 4202; x_wconf 79' lang='grc' dir='ltr'>ἀφιγμὲνων</span> <span class='ocrx_word' id='word_1_671' title='bbox 2888 4124 3262 4195; x_wconf 80' lang='grc' dir='ltr'>θαυμασθῆναι</span> <span class='ocrx_word' id='word_1_672' title='bbox 3319 4123 3409 4177; x_wconf 87' lang='grc' dir='ltr'><strong>καὶ</strong></span> <span class='ocrx_word' id='word_1_673' title='bbox 3457 4119 3889 4189; x_wconf 80' lang='grc' dir='ltr'>σπουδασθῆναι’</span> 
     </span>
    </p>
   </div>
   <div class='ocr_carea' id='block_1_96' title="bbox 2257 4205 3895 4295">
    <p class='ocr_par' dir='ltr' id='par_1_96' title="bbox 2257 4205 3895 4295">
     <span class='ocr_line' id='line_1_96' title="bbox 2257 4205 3895 4295; baseline -0.006 -25"><span class='ocrx_word' id='word_1_674' title='bbox 2257 4216 2347 4270; x_wconf 83' lang='grc' dir='ltr'>καὶ</span> <span class='ocrx_word' id='word_1_675' title='bbox 2406 4216 2616 4295; x_wconf 79' lang='grc' dir='ltr'>φύσεως</span> <span class='ocrx_word' id='word_1_676' title='bbox 2676 4211 2853 4268; x_wconf 78' lang='grc' dir='ltr'>ε’ίνεκα</span> <span class='ocrx_word' id='word_1_677' title='bbox 2914 4211 3061 4287; x_wconf 74' lang='grc' dir='ltr'>λέγω</span> <span class='ocrx_word' id='word_1_678' title='bbox 3109 4213 3198 4267; x_wconf 85' lang='grc' dir='ltr'><strong>καὶ</strong></span> <span class='ocrx_word' id='word_1_679' title='bbox 3252 4211 3473 4280; x_wconf 84' lang='grc' dir='ltr'>ἀρετῆς,</span> <span class='ocrx_word' id='word_1_680' title='bbox 3504 4211 3594 4266; x_wconf 85' lang='grc' dir='ltr'><strong>καὶ</strong></span> <span class='ocrx_word' id='word_1_681' title='bbox 3629 4213 3727 4266; x_wconf 86' lang='grc' dir='ltr'><strong>τοῦ</strong></span> <span class='ocrx_word' id='word_1_682' title='bbox 3756 4205 3895 4280; x_wconf 81' lang='grc' dir='ltr'><strong>παρά</strong></span> 
     </span>
    </p>
   </div>
   <div class='ocr_carea' id='block_1_97' title="bbox 2260 4295 3899 4380">
    <p class='ocr_par' dir='ltr' id='par_1_97' title="bbox 2260 4295 3899 4380">
     <span class='ocr_line' id='line_1_97' title="bbox 2260 4295 3899 4380; baseline -0.005 -20"><span class='ocrx_word' id='word_1_683' title='bbox 2260 4309 2478 4361; x_wconf 86' lang='grc' dir='ltr'>πάντων</span> <span class='ocrx_word' id='word_1_684' title='bbox 2525 4304 2579 4359; x_wconf 81' lang='grc' dir='ltr'>ἐν</span> <span class='ocrx_word' id='word_1_685' title='bbox 2638 4304 2803 4359; x_wconf 80' lang='grc' dir='ltr'>ἅπασι</span> <span class='ocrx_word' id='word_1_686' title='bbox 2872 4303 3415 4380; x_wconf 81' lang='grc' dir='ltr'>συγκεχωρηκότοςο</span> <span class='ocrx_word' id='word_1_687' title='bbox 3472 4301 3626 4357; x_wconf 84' lang='grc' dir='ltr'>αὐτοὶ</span> <span class='ocrx_word' id='word_1_688' title='bbox 3684 4298 3742 4354; x_wconf 71' lang='grc' dir='ltr'>δὲ</span> <span class='ocrx_word' id='word_1_689' title='bbox 3796 4295 3899 4370; x_wconf 81' lang='grc' dir='ltr'>οὐχ</span> 
     </span>
    </p>
   </div>
   <div class='ocr_carea' id='block_1_98' title="bbox 2259 4385 3896 4465">
    <p class='ocr_par' dir='ltr' id='par_1_98' title="bbox 2259 4385 3896 4465">
     <span class='ocr_line' id='line_1_98' title="bbox 2259 4385 3896 4465; baseline -0.006 -16"><span class='ocrx_word' id='word_1_690' title='bbox 2259 4394 2383 4450; x_wconf 83' lang='grc' dir='ltr'>ὅσον</span> <span class='ocrx_word' id='word_1_691' title='bbox 2416 4391 2590 4454; x_wconf 84' lang='grc' dir='ltr'>ἄλλος</span> <span class='ocrx_word' id='word_1_692' title='bbox 2620 4391 2780 4454; x_wconf 81' lang='grc' dir='ltr'>αὐτὸς</span> <span class='ocrx_word' id='word_1_693' title='bbox 2811 4393 3061 4465; x_wconf 75' lang='grc' dir='ltr'>ἑκάτερος</span> <span class='ocrx_word' id='word_1_694' title='bbox 3099 4391 3233 4446; x_wconf 82' lang='grc' dir='ltr'>εἶναι</span> <span class='ocrx_word' id='word_1_695' title='bbox 3279 4388 3600 4463; x_wconf 75' lang='grc' dir='ltr'>σπουδάσαι,</span> <span class='ocrx_word' id='word_1_696' title='bbox 3630 4388 3775 4445; x_wconf 85' lang='grc' dir='ltr'><strong>ἀλλά</strong></span> <span class='ocrx_word' id='word_1_697' title='bbox 3811 4385 3896 4440; x_wconf 82' lang='grc' dir='ltr'><strong>καὶ</strong></span> 
     </span>
    </p>
   </div>
   <div class='ocr_carea' id='block_1_99' title="bbox 2258 4480 3897 4557">
    <p class='ocr_par' dir='ltr' id='par_1_99' title="bbox 2258 4480 3897 4557">
     <span class='ocr_line' id='line_1_99' title="bbox 2258 4480 3897 4557; baseline -0.005 -18"><span class='ocrx_word' id='word_1_698' title='bbox 2258 4485 2423 4540; x_wconf 73' lang='grc' dir='ltr'>πλέον</span> <span class='ocrx_word' id='word_1_699' title='bbox 2466 4485 2718 4555; x_wconf 71' lang='grc' dir='ltr'>ἑκάτερος</span> <span class='ocrx_word' id='word_1_700' title='bbox 2760 4483 3019 4555; x_wconf 66' lang='grc' dir='ltr'>ἑκατέρῳ,</span> <span class='ocrx_word' id='word_1_701' title='bbox 3057 4482 3092 4551; x_wconf 72' lang='grc' dir='ltr'><strong>ἢ</strong></span> <span class='ocrx_word' id='word_1_702' title='bbox 3136 4481 3387 4557; x_wconf 71' lang='grc' dir='ltr'>ἑκάτερος</span> <span class='ocrx_word' id='word_1_703' title='bbox 3409 4483 3600 4554; x_wconf 65' lang='grc' dir='ltr'>,ἑαυτῷ</span> <span class='ocrx_word' id='word_1_704' title='bbox 3637 4480 3897 4551; x_wconf 82' lang='grc' dir='ltr'>νομισθῆ-</span> 
     </span>
    </p>
   </div>
   <div class='ocr_carea' id='block_1_100' title="bbox 2456 4564 3896 4646">
    <p class='ocr_par' dir='ltr' id='par_1_100' title="bbox 2456 4564 3896 4646">
     <span class='ocr_line' id='line_1_100' title="bbox 2456 4564 3896 4646; baseline -0.006 -19"><span class='ocrx_word' id='word_1_705' title='bbox 2456 4570 2630 4633; x_wconf 79' lang='grc' dir='ltr'>οὕτως</span> <span class='ocrx_word' id='word_1_706' title='bbox 2662 4569 2765 4646; x_wconf 22' lang='grc' dir='ltr'><strong>ἐίς</strong></span> <span class='ocrx_word' id='word_1_707' title='bbox 2815 4570 3049 4645; x_wconf 73' lang='grc' dir='ltr'>ἑταιρίος</span> <span class='ocrx_word' id='word_1_708' title='bbox 3090 4569 3280 4646; x_wconf 80' lang='grc' dir='ltr'>λόγου,</span> <span class='ocrx_word' id='word_1_709' title='bbox 3322 4568 3502 4625; x_wconf 74' lang='grc' dir='ltr'>καινόν</span> <span class='ocrx_word' id='word_1_710' title='bbox 3529 4590 3582 4623; x_wconf 88' lang='grc' dir='ltr'><strong>τι</strong></span> <span class='ocrx_word' id='word_1_711' title='bbox 3615 4570 3811 4641; x_wconf 78' lang='grc' dir='ltr'>χρῆμα</span> <span class='ocrx_word' id='word_1_712' title='bbox 3837 4564 3896 4619; x_wconf 87' lang='grc' dir='ltr'>τὸ</span> 
     </span>
    </p>
   </div>
   <div class='ocr_carea' id='block_1_101' title="bbox 2254 4644 3897 4738">
    <p class='ocr_par' dir='ltr' id='par_1_101' title="bbox 2254 4644 3897 4738">
     <span class='ocr_line' id='line_1_101' title="bbox 2254 4644 3897 4738; baseline -0.005 -22"><span class='ocrx_word' id='word_1_713' title='bbox 2254 4662 2373 4716; x_wconf 86' lang='grc' dir='ltr'>κατ’</span> <span class='ocrx_word' id='word_1_714' title='bbox 2430 4660 2624 4721; x_wconf 82' lang='grc' dir='ltr'>αὐτοὺς</span> <span class='ocrx_word' id='word_1_715' title='bbox 2661 4644 2941 4738; x_wconf 43' lang='grc' dir='ltr'>’ἀνεφάνη</span> <span class='ocrx_word' id='word_1_716' title='bbox 2973 4664 3052 4732; x_wconf 79' lang='grc' dir='ltr'>τῲ</span> <span class='ocrx_word' id='word_1_717' title='bbox 3232 4680 3246 4693; x_wconf 88' lang='grc'><strong>·</strong></span> <span class='ocrx_word' id='word_1_718' title='bbox 3292 4659 3505 4734; x_wconf 76' lang='grc' dir='ltr'>μᾶλλον</span> <span class='ocrx_word' id='word_1_719' title='bbox 3538 4657 3595 4713; x_wconf 74' lang='grc' dir='ltr'>δὲ</span> <span class='ocrx_word' id='word_1_720' title='bbox 3633 4656 3817 4729; x_wconf 83' lang='grc' dir='ltr'>ὥσπερ</span> <span class='ocrx_word' id='word_1_721' title='bbox 3846 4653 3897 4709; x_wconf 80' lang='grc' dir='ltr'>ἐν</span> 
     </span>
    </p>
   </div>
   <div class='ocr_carea' id='block_1_102' title="bbox 2254 4744 3899 4822">
    <p class='ocr_par' dir='ltr' id='par_1_102' title="bbox 2254 4744 3899 4822">
     <span class='ocr_line' id='line_1_102' title="bbox 2254 4744 3899 4822; baseline -0.001 -18"><span class='ocrx_word' id='word_1_722' title='bbox 2254 4754 2385 4804; x_wconf 84' lang='grc' dir='ltr'>πᾶσι</span> <span class='ocrx_word' id='word_1_723' title='bbox 2445 4755 2564 4813; x_wconf 87' lang='grc' dir='ltr'>τοῖς</span> <span class='ocrx_word' id='word_1_724' title='bbox 2619 4746 2833 4815; x_wconf 78' lang='grc' dir='ltr'>ἄλλοις,</span> <span class='ocrx_word' id='word_1_725' title='bbox 2896 4747 3040 4802; x_wconf 74' lang='grc' dir='ltr'>οὕτω</span> <span class='ocrx_word' id='word_1_726' title='bbox 3105 4748 3195 4802; x_wconf 81' lang='grc' dir='ltr'><strong>καὶ</strong></span> <span class='ocrx_word' id='word_1_727' title='bbox 3263 4748 3488 4803; x_wconf 80' lang='grc' dir='ltr'>ἐνταῦθα</span> <span class='ocrx_word' id='word_1_728' title='bbox 3565 4744 3899 4822; x_wconf 78' lang='grc' dir='ltr'>διαφέροντες</span> 
     </span>
    </p>
   </div>
   <div class='ocr_carea' id='block_1_103' title="bbox 2256 4834 3897 4912">
    <p class='ocr_par' dir='ltr' id='par_1_103' title="bbox 2256 4834 3897 4912">
     <span class='ocr_line' id='line_1_103' title="bbox 2256 4834 3897 4912; baseline -0.002 -18"><span class='ocrx_word' id='word_1_729' title='bbox 2256 4838 2391 4908; x_wconf 77' lang='grc' dir='ltr'>ἦσαν</span> <span class='ocrx_word' id='word_1_730' title='bbox 2428 4858 2440 4870; x_wconf 89' lang='grc'>·</span> <span class='ocrx_word' id='word_1_731' title='bbox 2485 4836 2666 4910; x_wconf 80' lang='grc' dir='ltr'>ὥσπερ</span> <span class='ocrx_word' id='word_1_732' title='bbox 2716 4838 2815 4893; x_wconf 83' lang='grc' dir='ltr'>οὐκ</span> <span class='ocrx_word' id='word_1_733' title='bbox 2862 4837 3185 4912; x_wconf 85' lang='grc' dir='ltr'>ἀνεχόμενοι</span> <span class='ocrx_word' id='word_1_734' title='bbox 3246 4838 3321 4911; x_wconf 84' lang='grc' dir='ltr'>μή</span> <span class='ocrx_word' id='word_1_735' title='bbox 3379 4837 3480 4905; x_wconf 84' lang='grc' dir='ltr'><strong>τήν</strong></span> <span class='ocrx_word' id='word_1_736' title='bbox 3532 4843 3632 4905; x_wconf 83' lang='grc' dir='ltr'><strong>τῆς</strong></span> <span class='ocrx_word' id='word_1_737' title='bbox 3692 4834 3897 4911; x_wconf 72' lang='grc' dir='ltr'>φύσεως</span> 
     </span>
    </p>
   </div>
   <div class='ocr_carea' id='block_1_104' title="bbox 2257 4921 3897 5000">
    <p class='ocr_par' dir='ltr' id='par_1_104' title="bbox 2257 4921 3897 5000">
     <span class='ocr_line' id='line_1_104' title="bbox 2257 4921 3897 5000; baseline -0.004 -18"><span class='ocrx_word' id='word_1_738' title='bbox 2257 4927 2570 5000; x_wconf 81' lang='grc' dir='ltr'>πλεονεξίαν</span> <span class='ocrx_word' id='word_1_739' title='bbox 2601 4924 2910 4982; x_wconf 82' lang='grc' dir='ltr'>διαπάντων</span> <span class='ocrx_word' id='word_1_740' title='bbox 2943 4924 3209 4981; x_wconf 85' lang='grc' dir='ltr'>δεικνύναι</span> <span class='ocrx_word' id='word_1_741' title='bbox 3238 4927 3329 4981; x_wconf 85' lang='grc' dir='ltr'><strong>καὶ</strong></span> <span class='ocrx_word' id='word_1_742' title='bbox 3379 4926 3454 4985; x_wconf 84' lang='grc' dir='ltr'>ὡς</span> <span class='ocrx_word' id='word_1_743' title='bbox 3511 4926 3646 4979; x_wconf 88' lang='grc' dir='ltr'><strong>κατά</strong></span> <span class='ocrx_word' id='word_1_744' title='bbox 3703 4921 3897 4978; x_wconf 84' lang='grc' dir='ltr'>παντὸς</span> 
     </span>
    </p>
   </div>
   <div class='ocr_carea' id='block_1_105' title="bbox 2261 5016 3021 5090">
    <p class='ocr_par' dir='ltr' id='par_1_105' title="bbox 2261 5016 3021 5090">
     <span class='ocr_line' id='line_1_105' title="bbox 2261 5016 3021 5090; baseline 0.004 -20"><span class='ocrx_word' id='word_1_745' title='bbox 2261 5017 2486 5070; x_wconf 81' lang='grc' dir='ltr'>ὁτουοῦν</span> <span class='ocrx_word' id='word_1_746' title='bbox 2522 5018 2771 5090; x_wconf 71' lang='grc' dir='ltr'>φέρονται</span> <span class='ocrx_word' id='word_1_747' title='bbox 2802 5016 3021 5090; x_wconf 71' lang='grc' dir='ltr'>κράτος.</span> 
     </span>
    </p>
   </div>
   <div class='ocr_carea' id='block_1_106' title="bbox 502 5095 3897 5178">
    <p class='ocr_par' dir='ltr' id='par_1_106' title="bbox 502 5095 3897 5178">
     <span class='ocr_line' id='line_1_106' title="bbox 502 5095 3897 5178; baseline 0.002 -28"><span class='ocrx_word' id='word_1_748' title='bbox 502 5101 590 5151; x_wconf 88' lang='lat' dir='ltr'><strong>ter</strong></span> <span class='ocrx_word' id='word_1_749' title='bbox 623 5095 809 5164; x_wconf 90' lang='lat' dir='ltr'><strong>alteri,</strong></span> <span class='ocrx_word' id='word_1_750' title='bbox 843 5113 1021 5169; x_wconf 89' lang='lat' dir='ltr'><strong>quam</strong></span> <span class='ocrx_word' id='word_1_751' title='bbox 1055 5098 1328 5155; x_wconf 86' lang='lat' dir='ltr'><strong>alteruter</strong></span> <span class='ocrx_word' id='word_1_752' title='bbox 1359 5101 1493 5166; x_wconf 91' lang='lat' dir='ltr'><strong>sibi,</strong></span> <span class='ocrx_word' id='word_1_753' title='bbox 1523 5117 1645 5158; x_wconf 88' lang='lat' dir='ltr'><strong>esse</strong></span> <span class='ocrx_word' id='word_1_754' title='bbox 1702 5104 2013 5177; x_wconf 88' lang='lat' dir='ltr'><strong>haberique</strong></span> <span class='ocrx_word' id='word_1_755' title='bbox 2069 5107 2525 5164; x_wconf 87' lang='lat' dir='ltr'><strong>adnitebantur:</strong></span> <span class='ocrx_word' id='word_1_756' title='bbox 2572 5123 2757 5178; x_wconf 90' lang='lat' dir='ltr'><strong>usque</strong></span> <span class='ocrx_word' id='word_1_757' title='bbox 2815 5110 2956 5164; x_wconf 86' lang='lat' dir='ltr'><strong>adeo</strong></span> <span class='ocrx_word' id='word_1_758' title='bbox 3006 5123 3222 5164; x_wconf 90' lang='lat' dir='ltr'><strong>novum</strong></span> <span class='ocrx_word' id='word_1_759' title='bbox 3272 5105 3765 5177; x_wconf 70' lang='lat' dir='ltr'><strong>conjunctissimaa</strong></span> <span class='ocrx_word' id='word_1_760' title='bbox 3820 5100 3897 5156; x_wconf 84' lang='lat' dir='ltr'><strong>fa-</strong></span> 
     </span>
    </p>
   </div>
   <div class='ocr_carea' id='block_1_107' title="bbox 504 5184 3901 5268">
    <p class='ocr_par' dir='ltr' id='par_1_107' title="bbox 504 5184 3901 5268">
     <span class='ocr_line' id='line_1_107' title="bbox 504 5184 3901 5268; baseline 0.002 -28"><span class='ocrx_word' id='word_1_761' title='bbox 504 5184 853 5242; x_wconf 88' lang='lat' dir='ltr'><strong>miliaritatis</strong></span> <span class='ocrx_word' id='word_1_762' title='bbox 883 5189 1215 5260; x_wconf 77' lang='lat' dir='ltr'><strong>exemplum</strong></span> <span class='ocrx_word' id='word_1_763' title='bbox 1271 5205 1375 5261; x_wconf 89' lang='lat' dir='ltr'><strong>per</strong></span> <span class='ocrx_word' id='word_1_764' title='bbox 1426 5190 1554 5262; x_wconf 91' lang='lat' dir='ltr'><strong>ipos</strong></span> <span class='ocrx_word' id='word_1_765' title='bbox 1598 5194 1725 5247; x_wconf 68' lang='lat' dir='ltr'><strong>vitae</strong></span> <span class='ocrx_word' id='word_1_766' title='bbox 1775 5194 2044 5251; x_wconf 63' lang='lat' dir='ltr'><strong>humanas</strong></span> <span class='ocrx_word' id='word_1_767' title='bbox 2102 5206 2401 5253; x_wconf 85' lang='lat' dir='ltr'><strong>ostensum</strong></span> <span class='ocrx_word' id='word_1_768' title='bbox 2466 5197 2619 5252; x_wconf 81' lang='lat' dir='ltr'><strong>fuit:</strong></span> <span class='ocrx_word' id='word_1_769' title='bbox 2655 5199 2777 5253; x_wconf 92' lang='lat' dir='ltr'><strong>sive</strong></span> <span class='ocrx_word' id='word_1_770' title='bbox 2833 5197 3028 5268; x_wconf 85' lang='lat' dir='ltr'><strong>potius</strong></span> <span class='ocrx_word' id='word_1_771' title='bbox 3084 5197 3577 5267; x_wconf 88' lang='lat' dir='ltr'><strong>quemadmodum</strong></span> <span class='ocrx_word' id='word_1_772' title='bbox 3626 5195 3683 5249; x_wconf 91' lang='lat' dir='ltr'><strong>in</strong></span> <span class='ocrx_word' id='word_1_773' title='bbox 3744 5195 3901 5248; x_wconf 66' lang='lat' dir='ltr'><strong>cate-</strong></span> 
     </span>
    </p>
   </div>
   <div class='ocr_carea' id='block_1_108' title="bbox 506 5274 3899 5357">
    <p class='ocr_par' dir='ltr' id='par_1_108' title="bbox 506 5274 3899 5357">
     <span class='ocr_line' id='line_1_108' title="bbox 506 5274 3899 5357; baseline 0.001 -29"><span class='ocrx_word' id='word_1_774' title='bbox 506 5274 587 5329; x_wconf 90' lang='lat' dir='ltr'><strong>ris</strong></span> <span class='ocrx_word' id='word_1_775' title='bbox 637 5274 932 5345; x_wconf 89' lang='lat' dir='ltr'><strong>omnibus,</strong></span> <span class='ocrx_word' id='word_1_776' title='bbox 990 5278 1071 5333; x_wconf 89' lang='lat' dir='ltr'><strong>ita</strong></span> <span class='ocrx_word' id='word_1_777' title='bbox 1125 5277 1183 5333; x_wconf 90' lang='lat' dir='ltr'><strong>in</strong></span> <span class='ocrx_word' id='word_1_778' title='bbox 1243 5277 1353 5334; x_wconf 89' lang='lat' dir='ltr'><strong>hoc</strong></span> <span class='ocrx_word' id='word_1_779' title='bbox 1409 5280 1588 5335; x_wconf 89' lang='lat' dir='ltr'><strong>etiam</strong></span> <span class='ocrx_word' id='word_1_780' title='bbox 1639 5282 2016 5353; x_wconf 80' lang='lat' dir='ltr'><strong>excellebant,</strong></span> <span class='ocrx_word' id='word_1_781' title='bbox 2075 5290 2246 5357; x_wconf 86' lang='lat' dir='ltr'><strong>quasi</strong></span> <span class='ocrx_word' id='word_1_782' title='bbox 2296 5288 2444 5341; x_wconf 81' lang='lat' dir='ltr'><strong>terre</strong></span> <span class='ocrx_word' id='word_1_783' title='bbox 2504 5287 2831 5357; x_wconf 85' lang='lat' dir='ltr'><strong>nequirent,</strong></span> <span class='ocrx_word' id='word_1_784' title='bbox 2889 5286 3031 5357; x_wconf 88' lang='lat' dir='ltr'><strong>quin</strong></span> <span class='ocrx_word' id='word_1_785' title='bbox 3085 5294 3307 5342; x_wconf 73' lang='lat' dir='ltr'><strong>naturas</strong></span> <span class='ocrx_word' id='word_1_786' title='bbox 3351 5302 3470 5342; x_wconf 68' lang='lat' dir='ltr'><strong>sum</strong></span> <span class='ocrx_word' id='word_1_787' title='bbox 3510 5280 3899 5355; x_wconf 67' lang='lat' dir='ltr'><strong>prestantiam</strong></span> 
     </span>
    </p>
   </div>
   <div class='ocr_carea' id='block_1_109' title="bbox 504 5361 3193 5448">
    <p class='ocr_par' dir='ltr' id='par_1_109' title="bbox 504 5361 3193 5448">
     <span class='ocr_line' id='line_1_109' title="bbox 504 5361 3193 5448; baseline 0.004 -28"><span class='ocrx_word' id='word_1_788' title='bbox 504 5361 781 5434; x_wconf 79' lang='lat' dir='ltr'><strong>exemplis</strong></span> <span class='ocrx_word' id='word_1_789' title='bbox 810 5366 1083 5423; x_wconf 91' lang='lat' dir='ltr'><strong>omnibus</strong></span> <span class='ocrx_word' id='word_1_790' title='bbox 1114 5371 1487 5440; x_wconf 89' lang='lat' dir='ltr'><strong>spectandam</strong></span> <span class='ocrx_word' id='word_1_791' title='bbox 1522 5371 1860 5442; x_wconf 65' lang='lat' dir='ltr'><strong>praeberent,</strong></span> <span class='ocrx_word' id='word_1_792' title='bbox 1893 5380 1950 5430; x_wconf 91' lang='lat' dir='ltr'><strong>et</strong></span> <span class='ocrx_word' id='word_1_793' title='bbox 1979 5392 2319 5446; x_wconf 87' lang='lat' dir='ltr'><strong>quacunque</strong></span> <span class='ocrx_word' id='word_1_794' title='bbox 2349 5377 2405 5431; x_wconf 89' lang='lat' dir='ltr'><strong>in</strong></span> <span class='ocrx_word' id='word_1_795' title='bbox 2439 5394 2499 5433; x_wconf 90' lang='lat' dir='ltr'><strong>re</strong></span> <span class='ocrx_word' id='word_1_796' title='bbox 2528 5378 2785 5448; x_wconf 88' lang='lat' dir='ltr'><strong>palmam</strong></span> <span class='ocrx_word' id='word_1_797' title='bbox 2812 5376 2925 5448; x_wconf 91' lang='lat' dir='ltr'><strong>ipsi</strong></span> <span class='ocrx_word' id='word_1_798' title='bbox 2960 5378 3193 5433; x_wconf 89' lang='lat' dir='ltr'><strong>ferrent.</strong></span> 
     </span>
    </p>
   </div>
   <div class='ocr_carea' id='block_1_110' title="bbox 576 5452 2151 5538">
    <p class='ocr_par' dir='ltr' id='par_1_110' title="bbox 576 5452 2151 5538">
     <span class='ocr_line' id='line_1_110' title="bbox 576 5452 2151 5538; baseline 0.01 -31"><span class='ocrx_word' id='word_1_799' title='bbox 576 5452 777 5510; x_wconf 81' lang='lat' dir='ltr'><strong>XXIV.</strong></span> <span class='ocrx_word' id='word_1_800' title='bbox 811 5454 974 5513; x_wconf 87' lang='lat' dir='ltr'><strong>Hunc</strong></span> <span class='ocrx_word' id='word_1_801' title='bbox 1005 5458 1063 5514; x_wconf 92' lang='lat' dir='ltr'><strong>in</strong></span> <span class='ocrx_word' id='word_1_802' title='bbox 1096 5461 1332 5516; x_wconf 88' lang='lat' dir='ltr'><strong>modum</strong></span> <span class='ocrx_word' id='word_1_803' title='bbox 1366 5478 1500 5517; x_wconf 90' lang='lat' dir='ltr'><strong>cum</strong></span> <span class='ocrx_word' id='word_1_804' title='bbox 1561 5463 1749 5519; x_wconf 67' lang='lat' dir='ltr'><strong>allecti</strong></span> <span class='ocrx_word' id='word_1_805' title='bbox 1796 5468 2151 5538; x_wconf 77' lang='lat' dir='ltr'><strong>animalique</strong></span> 
     </span>
    </p>
   </div>
   <div class='ocr_carea' id='block_1_111' title="bbox 505 5546 2151 5616">
    <p class='ocr_par' dir='ltr' id='par_1_111' title="bbox 505 5546 2151 5616">
     <span class='ocr_line' id='line_1_111' title="bbox 505 5546 2151 5616; baseline 0.011 -18"><span class='ocrx_word' id='word_1_806' title='bbox 505 5547 718 5612; x_wconf 88' lang='lat' dir='ltr'><strong>essent,</strong></span> <span class='ocrx_word' id='word_1_807' title='bbox 741 5546 896 5616; x_wconf 88' lang='lat' dir='ltr'><strong>quod</strong></span> <span class='ocrx_word' id='word_1_808' title='bbox 936 5548 1231 5605; x_wconf 90' lang='lat' dir='ltr'><strong>discedere</strong></span> <span class='ocrx_word' id='word_1_809' title='bbox 1279 5549 1530 5609; x_wconf 87' lang='lat' dir='ltr'><strong>Basilius</strong></span> <span class='ocrx_word' id='word_1_810' title='bbox 1579 5557 1636 5610; x_wconf 90' lang='lat' dir='ltr'><strong>et</strong></span> <span class='ocrx_word' id='word_1_811' title='bbox 1674 5553 1745 5610; x_wconf 90' lang='lat' dir='ltr'><strong>ad</strong></span> <span class='ocrx_word' id='word_1_812' title='bbox 1813 5571 1919 5613; x_wconf 86' lang='lat' dir='ltr'><strong>sua</strong></span> <span class='ocrx_word' id='word_1_813' title='bbox 1968 5555 2151 5616; x_wconf 88' lang='lat' dir='ltr'><strong>redire</strong></span> 
     </span>
    </p>
   </div>
   <div class='ocr_carea' id='block_1_112' title="bbox 578 5725 1078 5809">
    <p class='ocr_par' dir='ltr' id='par_1_112' title="bbox 578 5725 1078 5809">
     <span class='ocr_line' id='line_1_112' title="bbox 578 5725 1078 5809; baseline 0.006 -26"><span class='ocrx_word' id='word_1_814' title='bbox 578 5725 659 5809; x_wconf 78' lang='grc' dir='ltr'><strong>(ι)</strong></span> <span class='ocrx_word' id='word_1_815' title='bbox 686 5726 845 5790; x_wconf 79' lang='lat' dir='ltr'><strong>Iliad.</strong></span> <span class='ocrx_word' id='word_1_816' title='bbox 882 5727 1078 5799; x_wconf 72' lang='lat'><strong>1,445.</strong></span> 
     </span>
    </p>
   </div>
   <div class='ocr_carea' id='block_1_113' title="bbox 2333 5457 3897 5541">
    <p class='ocr_par' dir='ltr' id='par_1_113' title="bbox 2333 5457 3897 5541">
     <span class='ocr_line' id='line_1_113' title="bbox 2333 5457 3897 5541; baseline -0.003 -22"><span class='ocrx_word' id='word_1_817' title='bbox 2333 5466 2448 5523; x_wconf 83' lang='grc' dir='ltr'>ΚΔ’.</span> <span class='ocrx_word' id='word_1_818' title='bbox 2482 5463 2636 5521; x_wconf 78' lang='grc' dir='ltr'>Οὕτω</span> <span class='ocrx_word' id='word_1_819' title='bbox 2668 5463 2715 5520; x_wconf 85' lang='grc' dir='ltr'>δ’</span> <span class='ocrx_word' id='word_1_820' title='bbox 2766 5461 2989 5541; x_wconf 78' lang='grc' dir='ltr'>ἔχοντες</span> <span class='ocrx_word' id='word_1_821' title='bbox 3045 5468 3132 5521; x_wconf 85' lang='grc' dir='ltr'><strong>καὶ</strong></span> <span class='ocrx_word' id='word_1_822' title='bbox 3181 5469 3374 5522; x_wconf 88' lang='grc' dir='ltr'>τοῦτον</span> <span class='ocrx_word' id='word_1_823' title='bbox 3427 5462 3750 5539; x_wconf 85' lang='grc' dir='ltr'>διακείμενοι</span> <span class='ocrx_word' id='word_1_824' title='bbox 3810 5457 3897 5529; x_wconf 82' lang='grc' dir='ltr'>δή·</span> 
     </span>
    </p>
   </div>
   <div class='ocr_carea' id='block_1_114' title="bbox 2260 5548 3895 5634">
    <p class='ocr_par' dir='ltr' id='par_1_114' title="bbox 2260 5548 3895 5634">
     <span class='ocr_line' id='line_1_114' title="bbox 2260 5548 3895 5634; baseline -0.004 -23"><span class='ocrx_word' id='word_1_825' title='bbox 2260 5574 2366 5611; x_wconf 89' lang='grc' dir='ltr'><strong>που</strong></span> <span class='ocrx_word' id='word_1_826' title='bbox 2419 5555 2515 5610; x_wconf 86' lang='grc' dir='ltr'>τοὸ</span> <span class='ocrx_word' id='word_1_827' title='bbox 2573 5554 2796 5633; x_wconf 83' lang='grc' dir='ltr'>τρόπον,</span> <span class='ocrx_word' id='word_1_828' title='bbox 2855 5553 3148 5632; x_wconf 79' lang='grc' dir='ltr'>ἐπειδήπερ</span> <span class='ocrx_word' id='word_1_829' title='bbox 3207 5557 3235 5612; x_wconf 89' lang='grc' dir='ltr'>ὁ</span> <span class='ocrx_word' id='word_1_830' title='bbox 3295 5557 3391 5634; x_wconf 77' lang='grc' dir='ltr'>μὲν</span> <span class='ocrx_word' id='word_1_831' title='bbox 3421 5548 3648 5631; x_wconf 76' lang='grc' dir='ltr'>ἔμελλεν</span> <span class='ocrx_word' id='word_1_832' title='bbox 3706 5550 3895 5608; x_wconf 83' lang='grc' dir='ltr'>ἐκεῖθεν</span> 
     </span>
    </p>
   </div>
  </div>
