4092 6300
242 417 329 477 m
1242 424 1641 484 LAUDATIO
1687 425 1754 487 s.
1799 420 2168 483 GREGORII
2213 418 2631 481 'l‘HEOl.OGl.

3518 418 3634 478 242

241 551 537 624 ἀναχωρεῖν
577 553 665 606 καὶ
719 552 953 609 κάθοδον
981 555 1065 608 ἐπὶ
1115 557 1181 610 τὰ
1213 554 1355 610 οἴκοι
1405 557 1698 623 ποιεῖσθαι,
1733 562 1874 628 Γρη-

1992 556 2115 627 jam
2153 554 2407 626 parabat,
2443 570 2553 607 non
2587 552 2637 605 id
2676 567 2834 620 inquo
2866 550 3062 604 animo
3103 550 3244 604 ferre
3301 552 3631 622 Gregorius,

238 639 401 712 μυρίῳ
450 661 508 712 γε
566 643 677 713 μήν
709 642 810 697 οὐκ
851 640 922 697 ἔτ’
972 643 1186 698 ἀνεκτὸν
1239 646 1384 698 τοῦτ’
1423 647 1510 716 ἦν,
1560 643 1683 700 οὐδὲ
1730 644 1888 723 φιλο·

241 734 415 803 σοςεῖν
449 729 569 792 οἷός
597 732 648 783 τ’
676 733 768 799 ἧν,
802 732 947 788 ἀλλά
977 735 1067 787 καὶ
1097 733 1231 808 πρὸς
1277 730 1448 807 μόνην
1483 735 1732 809 ἀπεχθῶ,
1762 733 1891 808 ἔσχε

235 821 329 887 τὴν
363 819 560 889 ἀκοὴν,
595 822 720 875 τότε
771 819 838 890 δὴ
872 825 1174 900 σαφέστατα
1225 821 1504 898 διεδείχθη
1558 825 1736 879 καὶτὸ
1787 829 1888 892 τῆς

240 910 539 980 συμπνοίας
597 910 774 966 αὐτῶν
829 910 1179 988 διαπεφυκός,
1245 914 1333 969 καὶ
1393 915 1522 968 ὅσου
1598 912 1663 984 δή
1742 932 1888 973 τινος

242 999 551 1066 ’Δθηναίοις
597 1001 664 1052 τά
711 1004 858 1077 σφῶν
912 1000 1158 1074 ἐτιμᾶτο.
1214 1004 1604 1077 Περιχυοέντες
1652 1004 1752 1077 γὰρ
1797 1005 1884 1059 καὶ

243 1089 580 1163 προσφύντες
612 1087 889 1158 ἀλλήλοις
937 1091 1025 1144 καὶ
1053 1094 1173 1145 οἷον
1200 1090 1254 1146 ’ἐν
1305 1090 1470 1169 ἄμφω
1502 1092 1788 1165 γενόμενοι
1818 1099 1886 1168 τῇ

241 1198 296 1231 τε
327 1181 427 1231 τοῦ
462 1175 664 1252 ἔρωτος
695 1183 913 1253 κατοχῇ
944 1185 1022 1251 τῷ
1053 1201 1110 1235 τε
1139 1181 1267 1242 τοὺς
1310 1180 1632 1248 ’Δθηναίους
1660 1181 1750 1236 καὶ
1803 1185 1885 1243 οἷς

243 1265 466 1320 ἐποίουν
498 1267 584 1320 καὶ
619 1269 705 1328 οἷς
738 1263 922 1342 ἔλεγον
959 1273 1335 1345 χορηγοῦντας
1368 1269 1429 1323 οὐ
1470 1275 1680 1343 μικρῶς
1715 1269 1887 1345 ἴσχειν

239 1359 314 1423 τῷ
343 1355 523 1408 πάθει.
559 1355 748 1416 Οὕτως
798 1356 1014 1434 εἷ’χοντο
1045 1361 1133 1410 καὶ
1189 1358 1530 1432 κατείχοντο,
1563 1359 1650 1412 καῖ
1705 1358 1884 1434 ὥσπερ

239 1449 388 1519 σφῶν
431 1444 608 1498 αὐτῶν
663 1443 930 1515 ἀλλήλων
976 1445 1312 1520 ἀντείχοντο,
1345 1449 1418 1509 ὡς
1471 1448 1725 1521 ἑκάτερον
1770 1450 1886 1503 ἕκα-

237 1535 392 1606 τὲρου
426 1537 542 1594 τοῖς
595 1532 812 1604 μέλεσιν
865 1535 1205 1590 ἐναποθανεῖν
1258 1533 1420 1605 ἧδιου
1470 1537 1692 1610 κρίνειν,
1727 1538 1761 1606 ἢ
1794 1539 1884 1592 καὶ

238 1623 494 1694 ὂμωσοῦν
551 1619 880 1698 διεζεῦχθαι,
922 1621 1024 1686 ἓως
1084 1626 1152 1680 τὰ
1209 1625 1304 1697 μὶν
1361 1633 1460 1694 τῆς
1519 1628 1753 1701 ἀνάγκης
1810 1629 1884 1688 ὡς

238 1712 374 1772 εἰκὸς
432 1712 777 1781 ἡττηθέντες,
827 1714 893 1767 τὰ
943 1711 989 1768 δ’
1021 1711 1224 1776 εἰδότες
1273 1715 1363 1768 καὶ
1414 1716 1760 1790 πεπεισμένοι
1808 1719 1884 1780 ὡς

238 1800 313 1853 ὅτι
341 1801 571 1874 τάχιστ’
610 1799 895 1870 ἀλλήλους
947 1801 1168 1876 ὄψονται
1194 1805 1279 1858 καὶ
1316 1805 1622 1859 συνέσονται
1655 1824 1669 1838 ⁶
1699 1806 1787 1860 καὶ
1817 1805 1884 1861 τὰ

1996 660 2100 700 nec
2133 643 2507 716 philosophiae
2529 657 2647 697 sum
2669 639 3148 711 tranquillitatem
3175 652 3365 696 tenere
3385 641 3632 713 amplius

1995 736 2242 806 poterat,
2279 733 2376 788 sed
2411 731 2499 786 vel
2534 731 2712 786 solam
2764 729 3061 786 discessus
3098 730 3454 786 auditionem
3507 748 3629 802 per~

1995 822 2384 878 horrescebat.
2430 820 2534 875 Hic
2583 835 2722 874 sane
2773 817 3242 874 luculentissimo
3287 820 3632 875 documento

1993 917 2052 968 et
2081 909 2528 968 necessitudinis
2559 908 2789 964 illorum
2823 924 3097 978 germana
3140 907 3488 979 penitusque
3541 909 3632 966 in-

1993 1004 2136 1060 scita
2166 1001 2390 1057 indoles
2421 1000 2705 1072 apparuit,
2741 1003 2798 1054 et
2829 1003 3044 1071 quanto
3084 999 3228 1071 ipsis
3265 999 3633 1055 Atheniensi-

1994 1093 2102 1146 bus
2125 1091 2182 1144 in
2215 1089 2396 1161 pretio
2426 1094 2638 1144 essent.
2672 1087 2894 1158 Quippe
2925 1086 3257 1144 circumfusi
3279 1088 3630 1144 arctissimo-

1991 1197 2101 1251 que
2149 1179 2415 1252 amplexu
2476 1176 2622 1233 alter
2675 1177 2836 1232 alteri
2888 1175 3172 1232 hierentes
3229 1181 3284 1232 et
3313 1177 3486 1233 ambo
3532 1191 3628 1233 ve-

1993 1271 2079 1324 lut
2135 1269 2194 1323 in
2255 1284 2433 1323 unum
2488 1266 2714 1322 confusi
2774 1283 3008 1338 corpus,
3050 1274 3171 1320 tum
3233 1266 3419 1321 mutui
3467 1283 3629 1322 amo-

1991 1357 2069 1414 ris
2099 1359 2148 1411 vi
2183 1365 2352 1428 atque
2389 1357 2612 1421 afﬂatu,
2656 1359 2781 1409 tum
2831 1355 2984 1426 quod
3038 1355 3286 1410 multum
3337 1355 3444 1411 olei
3496 1355 3630 1412 huic

1988 1447 2223 1503 illorum
2281 1446 2399 1518 igni
2481 1446 2651 1501 dictis
2721 1444 3005 1516 factisque
3063 1447 3185 1500 suis
3255 1445 3631 1502 Athenienses

1989 1536 2500 1608 superfunderent,
2580 1535 2658 1590 ita
2750 1534 3039 1590 hisrebant
3151 1533 3630 1590 continebantur—

1989 1641 2120 1698 que,
2184 1642 2370 1697 neque
2417 1623 2586 1679 aliter
2665 1622 2808 1678 alter
2863 1622 3106 1678 alterum
3174 1640 3351 1696 quam
3411 1627 3630 1680 semet-

1987 1716 2184 1787 ipsum
2217 1715 2552 1786 complexus
2581 1712 2877 1770 detinebat
2909 1730 2922 1769 :
2958 1717 3020 1768 ut
3042 1712 3272 1784 utrique
3295 1711 3529 1768 dulcius
3550 1712 3629 1766 vi-

1985 1805 2215 1861 deretur
2237 1803 2405 1860 amici
2439 1803 2812 1859 inhaerentem
2845 1803 3091 1858 artubus
3120 1802 3377 1857 animam
3408 1803 3627 1870 efﬂare,

238 1889 518 1964 πὸῥρωθεν
550 1889 875 1967 φιλοσοφίας
907 1895 1027 1966 πὲρι
1058 1893 1147 1947 καὶ
1177 1897 1274 1948 τοῦ
1318 1900 1418 1961 τῆς
1453 1892 1590 1962 ὕλης
1637 1891 1874 1970 δρασμοῦ

1988 1911 2167 1968 quam
2198 1895 2319 1950 ullo
2342 1894 2476 1950 inde
2507 1894 2678 1949 modo
2708 1891 2924 1950 divelli.
2962 1893 3149 1950 Donec
3188 1897 3315 1948 tum
3368 1892 3630 1948 necessi-

236 1977 569 2051 συνδόξαντα
599 1978 776 2055 σφίσιν
810 1979 934 2033 ὅσον
988 1981 1089 2034 οὐκ
1134 1978 1241 2049 ἤδη
1293 1980 1456 2055 πέρας
1487 1985 1684 2056 σχήσει
1733 2005 1882 2061 χρη-

236 2069 375 2134 στὸν,
414 2066 590 2138 μόλις
622 2065 904 2134 διέστησαν
937 2070 1042 2123 εἷεν
1077 2089 1089 2101 ·
1136 2074 1295 2124 τοῦτο
1331 2073 1424 2139 μὲν
1474 2069 1539 2139 δὴ
1587 2077 1832 2127 τοιοῦτον
1864 2093 1878 2108 ·

233 2155 332 2210 ὅδ’
366 2157 508 2229 ὑπὲρ
564 2156 730 2209 αὐτοῦ
768 2158 962 2211 τούτου
1016 2157 1255 2228 μάλιστα
1304 2158 1481 2231 λέγειν
1532 2158 1760 2232 ἔχομεν,
1791 2160 1880 2215 καὶ

232 2247 391 2317 ’ὀπρὸ
437 2250 553 2298 τῶν
585 2244 770 2298 ἄλλων
819 2246 892 2297 ὧν
934 2241 1051 2323 ἔχει
1097 2252 1287 2301 τοῦτον
1343 2250 1589 2317 σεμνύνει
1636 2251 1722 2302 καὶ
1774 2250 1881 2319 πρὸ

232 2336 327 2387 τῶν
377 2334 578 2387 ἄλλων
624 2334 920 2406 ἀνθρώπων
971 2336 1207 2403 τίθησιν,
1260 2339 1350 2390 ἅτε
1399 2340 1613 2391 πάντων
1669 2338 1882 2409 ἀγαθῶν

237 2424 498 2497 ὑπερὲχον
540 2442 554 2453 ⁸
608 2422 698 2475 καὶ
727 2423 904 2493 τούτῳ
953 2422 1315 2500 διαφερόντως
1356 2427 1576 2499 προσὸν,
1611 2429 1760 2480 τοῦθ’
1807 2428 1881 2489 ὡς

241 2513 288 2565 ’n
316 2518 434 2574 air};
464 2536 527 2567 τε
563 2513 630 2572 ὦ,
661 2511 820 2566 δώσω
852 2518 929 2584 τῷ
961 2515 1113 2589 λόγῳ
1147 2535 1158 2546 ·
1193 2512 1318 2568 οὐδέ
1349 2517 1452 2591 γὰρ
1486 2517 1598 2570 ἐπεὶ
1629 2517 1724 2571 τὸν
1756 2519 1879 2589 περί

244 2603 431 2656 tri-hera
498 2604 758 2657 ἁπάντων
815 2601 975 2676 λόγον
1032 2604 1167 2672 ἅπαξ
1228 2603 1622 2675 ἐνεστησάμην,
1677 2607 1764 2659 καὶ
1817 2607 1880 2660 τὸ

241 2694 477 2761 uni-Iam
530 2690 926 2763 ἐνεστησάμην.
971 2689 1109 2746 Οὐδὲ
1164 2698 1363 2766 μικροῦ
1414 2692 1536 2748 δεῖ·
1590 2694 1734 2749 ἀλλά
1780 2701 1878 2749 τοῦ

238 2777 398 2851 λέγειν
431 2778 632 2838 ἁπλῶς
677 2777 1016 2849 σωζομένου,
1051 2777 1138 2832 ἐὰν
1194 2781 1288 2850 μὲν
1331 2781 1418 2833 καὶ
1469 2785 1631 2835 τοῦτο
1676 2784 1876 2852 προσῇ,

231 2867 449 2922 πολλοῦ
479 2889 633 2928 τινος
664 2864 810 2922 ἔσται
839 2873 920 2939 τῷ
951 2867 1104 2944 λόγῳ
1137 2889 1150 2902 ·
1193 2870 1279 2924 ἐὰν
1313 2868 1370 2925 δὲ
1422 2873 1522 2943 μή,
1555 2869 1704 2926 οὐδέν
1752 2893 1878 2948 φασι

227 2961 358 3026 πρὸς
388 2960 487 3012 τὸν
521 2958 720 3032 λόγον.

1990 1991 2107 2041 tate
2155 1986 2304 2056 ipsa,
2356 1991 2418 2040 ut
2456 2001 2560 2055 par
2607 1989 2748 2052 erat,
2797 1984 3138 2056 expugnati,
3189 1992 3310 2039 tum
3344 1983 3529 2054 ignari
3561 1999 3629 2039 ac

1992 2077 2255 2146 persuasi
2287 2076 2405 2130 fore
2435 2081 2500 2129 ut
2531 2074 2785 2145 perbrevi
2827 2073 3108 2145 temporis
3157 2074 3477 2138 intervallo,
3527 2073 3628 2130 ite-

1988 2181 2120 2219 rum
2152 2167 2300 2219 inter
2329 2180 2391 2218 se
2426 2164 2684 2219 viderent
2721 2179 2787 2217 ac
2835 2168 3336 2228 conversarentur,
3367 2167 3424 2216 et
3471 2164 3626 2233 quod

1990 2254 2213 2310 dudum
2244 2255 2314 2308 de
2352 2254 2639 2308 sanctiore
2673 2251 3058 2322 philosophia,
3110 2253 3478 2322 materiaeque
3508 2269 3630 2308 cor-

1992 2360 2174 2415 porcis
2207 2343 2362 2412 fuga,
2396 2342 2774 2396 constitutum
2819 2341 3126 2405 habebant,
3179 2340 3348 2410 paulo
3388 2349 3518 2411 post
3556 2342 3626 2396 ad

1991 2437 2252 2502 optatum
2287 2432 2527 2486 exitium
2553 2440 2962 2499 perventurum
2992 2438 3165 2494 esset,
3201 2444 3352 2499 agre
3389 2431 3627 2485 tandem

1991 2524 2198 2579 diversi
2244 2523 2486 2580 ahitant.
2537 2523 2644 2579 Sed
2686 2524 2827 2591 haec,
2879 2540 3004 2594 quea
3059 2522 3392 2591 huiusmodi
3447 2523 3630 2590 fuere,

1990 2613 2290 2668 hactenus.
2345 2615 2624 2668 Craterum
2676 2613 2830 2684 quod
2901 2612 3187 2682 principue
3235 2612 3307 2667 de
3355 2611 3630 2681 Gregorio

1989 2710 2187 2758 nostro
2219 2703 2409 2757 dicere
2438 2704 2739 2769 habemus,
2774 2703 2924 2771 quod
2957 2701 3124 2757 illum
3169 2717 3349 2771 supra
3397 2704 3631 2755 ceteras

1988 2789 2172 2859 ipsius
2202 2790 2366 2845 dotes
2397 2791 2788 2855 commendat,
2848 2794 3199 2858 ceterosque
3241 2803 3418 2857 supra
3474 2803 3632 2842 mor-

1992 2877 2133 2932 tales
2191 2877 2422 2944 attollit,
2457 2883 2518 2932 ut
2571 2879 2852 2933 honorum
2911 2877 3178 2932 omnium
3249 2876 3524 2943 primum,
3573 2881 3631 2932 et

1992 2983 2106 3036 quo
2140 2966 2238 3023 ille
2267 2967 2645 3038 singulariter
2689 2970 2928 3022 ornatus
2966 2969 3112 3032 erat,
3143 2966 3200 3019 id
3257 2980 3413 3020 nunc
3462 2973 3628 3035 prout

227 3054 429 3118 potero
467 3048 665 3103 verbis
687 3047 1058 3119 complectar.
1111 3052 1452 3122 Quanquam
1513 3053 1664 3106 enim
1727 3055 1795 3105 de
1857 3055 2138 3110 universis
2186 3057 2369 3111 nostri
2412 3055 2583 3111 rebus
2624 3055 2802 3110 semel
2853 3055 3044 3110 dicere
3098 3053 3349 3122 institui,
3392 3053 3628 3109 minime

224 3139 354 3192 ideo
381 3156 488 3208 pro
522 3137 808 3208 dignitate
830 3153 1030 3193 earum
1066 3141 1255 3195 dicere
1296 3141 1556 3206 institui;
1611 3144 1750 3195 nihil
1811 3144 2061 3213 profecto
2118 3146 2335 3213 minus,
2376 3146 2653 3201 nimirum
2701 3147 2842 3200 dum
2893 3145 3042 3200 bona
3089 3143 3202 3198 ﬁde
3249 3144 3418 3198 modo
3471 3143 3627 3198 dica-

231 3243 384 3290 mus,
434 3226 483 3280 si
517 3234 577 3280 et
618 3225 725 3279 hoc
782 3227 1088 3281 accesserit
1137 3228 1334 3294 decus,
1387 3231 1582 3298 magni
1621 3232 1888 3300 equidem
1932 3233 2070 3290 illud
2109 3235 2180 3290 ad
2230 3235 2509 3290 orationis
2549 3234 2916 3304 splendorem
2954 3233 3230 3289 referret:
3265 3233 3356 3288 sin
3407 3232 3625 3298 minus,

231 3316 374 3371 nihil
403 3317 486 3378 id,
520 3315 675 3385 quod
703 3315 887 3382 aiunt,
919 3317 988 3370 ad
1022 3317 1344 3373 orationem
1373 3319 1555 3388 ipsam
1583 3319 1769 3374 faciet.

302 3405 424 3458 κε’.
459 3403 745 3458 Ἀπάντων
787 3403 881 3474 μὲν
917 3402 1010 3457 οὖν
1065 3410 1354 3478 μετασχεῖν
1386 3411 1492 3459 τῶν
1539 3407 1874 3469 καλλίστων,

2061 3413 2232 3469 XXV.
2265 3414 2392 3469 Jam
2433 3418 2497 3469 ut
2537 3413 3062 3485 pulcherrimarum
3112 3426 3312 3466 rerum
3361 3411 3624 3466 omnium

229 3493 317 3547 καὶ
348 3493 507 3546 ταῦθ’
559 3491 700 3563 ὁμοῦ
729 3487 1038 3560 ξυλλαϐεῖν,
1073 3493 1172 3547 οὐκ
1220 3491 1342 3549 οἶδα
1371 3493 1481 3565 ὅτῳ
1533 3500 1638 3549 τῶν
1688 3496 1744 3550 ἐκ
1783 3495 1878 3550 τοῦ

230 3582 436 3640 παντὸς
477 3579 678 3640 αἰῶνος
732 3579 951 3650 ὑπῆξεν,
986 3579 1183 3636 οὔκουν
1231 3583 1468 3637 ὁντινοῦν
1518 3579 1720 3658 ἔχομεν
1773 3587 1876 3661 φά-

229 3693 311 3726 ναι
368 3667 462 3723 διά
505 3668 724 3724 πάντων
776 3668 946 3738 ἰόντα,
986 3671 1076 3724 καὶ
1119 3675 1216 3726 τοῦ
1264 3673 1503 3742 καθάπαξ
1550 3671 1826 3746 ἐπιτυχειν
1865 3695 1878 3708 ·

231 3759 376 3813 ἀλλὰ
405 3759 501 3811 τὸν
552 3757 668 3828 μὲν,
691 3761 853 3812 τοῦτο
886 3777 899 3789 ·
948 3760 1040 3813 τὸν
1072 3757 1116 3812 δ’
1163 3761 1331 3814 ἐκεῖνο
1366 3779 1378 3792 ·

233 3846 410 3902 πλείω
464 3845 866 3917 κατωρθωκότα
900 3866 910 3876 ·
964 3848 1022 3908 ὃς
1053 3846 1100 3902 δ’
1131 3849 1206 3910 εἰς
1255 3845 1461 3904 ἅπαντα
1491 3851 1722 3918 καθῆκιν
1755 3851 1878 3904 ἔαυ-

231 3939 344 4006 τόν,
370 3933 615 4009 ἐργῶδες
643 3935 834 4009 εὑρεῖν⁸
859 3936 1004 4005 πλην
1039 3937 1092 3991 εἶ’
1115 3959 1195 3999 τις
1229 3938 1310 4014 ἐφ’
1340 3940 1482 3993 οὕτω
1512 3945 1626 3999 τοῖς
1658 3937 1872 4011 προῦϐη

229 4031 324 4091 τῆς
387 4027 596 4100 τύχης,
656 4026 963 4096 θαυμαστὸς
1020 4028 1178 4089 οὗτος
1253 4027 1415 4099 τῳὸτι
1471 4031 1702 4098 ταυτησὶ
1777 4038 1876 4096 της

1431 3758 1539 3816 ἔστι
1592 3759 1638 3815 δ’
1688 3762 1746 3815 ὒν
1787 3763 1876 3816 καὶ

229 4123 431 4194 φορᾶς,
479 4117 570 4170 καὶ
617 4116 780 4187 μόνος
829 4115 925 4171 τοῦ
975 4120 1174 4181 παντὸς
1232 4121 1531 4188 ἀξιώτατος
1584 4123 1870 4194 χρῆσθαι·

226 4210 356 4262 ὅταν
394 4204 442 4260 δ’
493 4205 654 4267 αὐτὸς
685 4209 819 4278 ἡμῖν
862 4207 951 4261 καὶ
984 4209 1172 4285 σοφίαν
1229 4209 1362 4281 μετὰ
1408 4213 1624 4263 πάντων
1668 4211 1874 4284 τυγχά..

221 4318 313 4370 νῃς
366 4297 771 4368 κατωρθωκὼς,
804 4297 865 4351 οὐ
913 4299 1011 4363 τήν
1045 4299 1161 4351 καθ’
1205 4300 1353 4370 ἡμᾶς
1404 4301 1564 4371 μόνον
1609 4303 1674 4366 ἧς
1725 4299 1874 4371 ἔχεις

222 4388 290 4441 τὰ
320 4391 545 4458 πρῶτα,
587 4387 672 4439 καὶ
726 4387 784 4453 ἢν
841 4387 891 4440 οὶ
933 4391 1043 4440 τῶν
1092 4387 1391 4454 ἀνθρώπων
1432 4386 1872 4460 ἀνδραποδώδεις

221 4475 311 4530 καὶ
342 4478 450 4542 τὴν
481 4475 708 4548 γνώμην
751 4475 826 4536 ὡς
875 4475 1097 4544 ἀληθῶς
1146 4477 1422 4549 βάναυσοι,
1468 4478 1701 4546 κακίζειν
1748 4477 1873 4532 τολ-

225 4570 458 4633 μῶντει,
521 4569 668 4638 σφῶν
727 4564 904 4617 αὐτῶν
961 4563 1406 4634 καταδικάζουσιν
1479 4567 1728 4643 ἀλογίαν,
1785 4571 1870 4628 οἷς

223 4653 352 4727 ἄγαν
383 4651 608 4728 ἀλόγως
641 4651 763 4728 περὶ
794 4654 860 4706 τὰ
912 4653 1080 4730 λόγου
1128 4656 1324 4716 παντὸς
1374 4655 1495 4726 ἄξια
1527 4654 1870 4727 διατίθενται,

1995 3505 2280 3572 particeps
2311 3503 2622 3574 quisquam
2656 3502 2843 3568 fuerit,
2871 3517 3088 3572 easque
3127 3501 3342 3572 pariter
3383 3499 3628 3568 comple-

1989 3608 2096 3644 xus
2128 3593 2225 3656 sit,
2265 3591 2318 3646 id
2354 3593 2503 3647 haud
2544 3593 2665 3648 scio
2696 3591 2787 3646 cui
2822 3605 3079 3660 unquam
3137 3593 3270 3661 post
3317 3589 3624 3644 hominum

1992 3681 2357 3746 memoriam,
2407 3680 2747 3750 contigerit;
2799 3677 2990 3749 itaque
3033 3678 3328 3734 neminem
3373 3678 3626 3748 proferre

1992 3785 2320 3838 possumus,
2355 3769 2451 3838 qui
2484 3784 2583 3837 per
2611 3767 2810 3823 omnia
2830 3769 3073 3838 gradum
3115 3765 3393 3829 intulerit,
3436 3770 3623 3821 recta-

1989 3874 2099 3925 que
2129 3864 2338 3910 cuncta
2389 3862 2690 3910 assecutus
2737 3856 2857 3922 sit;
2907 3853 3053 3910 alios
3109 3853 3346 3924 quidem
3394 3855 3454 3908 in
3509 3851 3622 3909 alio

1987 3945 2215 4014 alioque
2245 3945 2596 4013 optimarum
2627 3944 2835 3999 artium
2869 3958 3077 4013 genere
3117 3942 3441 4014 sigillatim,
3472 3959 3621 3999 non-

1987 4034 2177 4090 nullos
2209 4035 2342 4089 item
2378 4034 2434 4088 in
2478 4032 2878 4102 compluribus
2920 4031 3190 4100 praclare
3221 4032 3570 4088 elaborasset
3605 4050 3618 4088 :

1985 4123 2082 4192 qui
2115 4126 2182 4176 ad
2216 4122 2415 4176 omnia
2444 4137 2571 4176 sese
2593 4120 2908 4184 demiserit,
2933 4119 3087 4174 haud
3113 4118 3280 4174 facile
3327 4124 3622 4189 repertum

1985 4213 2089 4270 iri:
2143 4220 2538 4266 verumtamen
2590 4211 2635 4265 si
2689 4227 2752 4265 eo
2804 4211 3053 4265 fortunas
3113 4211 3424 4281 quisquam
3479 4226 3620 4281 pro-

1983 4318 2212 4371 gressus
2244 4302 2367 4360 fuit,
2423 4300 2515 4354 hic
2568 4301 2692 4370 ipse
2747 4306 2900 4354 certe
2955 4300 3029 4353 ob
3078 4297 3432 4369 singularem
3486 4315 3622 4368 pro-

1983 4392 2340 4460 gressionem
2373 4390 2774 4455 admirandus,
2809 4404 3077 4458 unusque
3122 4404 3292 4459 porro
3343 4388 3619 4458 dignissi-

1987 4496 2114 4533 mus
2144 4483 2285 4548 erat,
2319 4479 2417 4550 qui
2453 4478 2726 4533 universa
2775 4478 2889 4532 ista
2938 4477 3206 4532 felicitate
3255 4477 3312 4532 in
3362 4476 3620 4533 solidum

1986 4567 2288 4622 frueretur.
2341 4565 2583 4630 Quando
2639 4582 2771 4620 vero
2849 4569 2971 4621 tute
3048 4565 3218 4620 nobis
3274 4565 3617 4634 sapientiam

1984 4673 2100 4711 una
2130 4673 2260 4712 cum
2298 4656 2522 4711 caeteris
2565 4655 2836 4710 omnibus
2891 4655 3138 4726 perfecte
3190 4653 3454 4722 hausisti,
3505 4672 3618 4710 non

220 4744 310 4798 καὶ
341 4743 552 4812 ταύτης
584 4743 645 4796 οὐ
698 4745 861 4817 μέρος
894 4743 1022 4798 ἀλλ’
1053 4744 1188 4813 ὅλην
1234 4745 1402 4813 αὐτὴν
1445 4747 1521 4808 ὡς
1575 4746 1741 4800 εἰπεῖν
1769 4748 1867 4815 τήν

1987 4753 2241 4802 nostram
2274 4745 2732 4802 Christianorum
2762 4747 2952 4814 modo,
2986 4747 3155 4816 cujus
3186 4745 3402 4818 primas
3433 4750 3617 4813 tenes,

1044 4838 1069 4848 υ

221 4831 389 4900 ἰδέαν,
426 4832 584 4887 ποίαν
630 4853 752 4886 τινα
802 4833 923 4906 περὶ
979 4838 1072 4888 σοῦ
1122 4832 1276 4905 δόξαν
1327 4834 1528 4903 ἑκτέον,
1575 4835 1665 4890 καὶ
1711 4835 1764 4890 τί
1813 4855 1870 4890 σε

221 4919 303 4976 δεῖ
351 4926 715 4996 προσειπεῖν;
777 4921 1012 4996 Πότερον
1076 4923 1497 4998 ὑπεράνθρωπον
1556 4922 1866 4997 ἄνθρωπον,

219 5014 308 5065 καὶ
357 5007 480 5066 οἷόν
533 5031 650 5064 τινα
707 5007 1022 5065 τελευταῖον
1071 5011 1354 5085 ξυμπάσης
1406 5021 1504 5082 τῆς
1551 5014 1669 5067 καθ’
1719 5015 1864 5086 ἡμᾶς

218 5102 432 5178 φύσεως
481 5101 628 5175 ὅρον,
662 5102 696 5171 ἦ
748 5099 1028 5155 θεσπέσιόν
1057 5122 1109 5155 τι
1158 5103 1242 5156 καὶ
1299 5104 1562 5178 ὑπερφυὲς
1611 5105 1697 5157 καὶ
1750 5122 1865 5155 και-

216 5193 443 5246 νότατον
497 5196 696 5265 χρῆμα
753 5191 843 5244 καὶ
899 5187 1238 5246 παντοδαπὸν
1293 5191 1516 5267 ἀγαθὸν,
1574 5192 1664 5246 καὶ
1722 5191 1870 5254 ὅλως

222 5279 526 5351 μοναδικήν
556 5301 677 5333 τινα
722 5280 806 5333 καὶ
843 5280 993 5349 ξὲνην
1043 5278 1223 5334 οὐσίαν
1273 5280 1464 5345 καλοῦ,
1497 5282 1547 5350 ἐξ
1588 5279 1689 5354 ἄρα
1737 5280 1864 5335 πάν-

215 5391 322 5423 των
381 5373 492 5423 τῶν
556 5375 658 5436 τῆς
715 5368 910 5440 ἀρετῆς
966 5369 1171 5443 μορίων
1246 5369 1683 5444 συγκεκραμένην
1744 5366 1867 5423 οὔτε

218 5460 353 5531 πρὸς
387 5455 741 5530 παράδειγμα
789 5459 1078 5532 φέρουσαν,
1111 5456 1222 5512 οὔτ’
1270 5458 1334 5512 αὖ
1375 5454 1637 5531 ἐσομένην
1690 5460 1862 5532 παρά-

220 5544 440 5623 δειγμα,
496 5545 620 5600 ἀλλ’
661 5545 848 5620 αὐτὴν.
875 5547 1101 5619 πρώτην
1152 5549 1236 5601 καὶ
1293 5550 1466 5620 μόνην
1510 5548 1861 5623 ἀναφανεῖσαν

218 5639 298 5705 τῷ
332 5637 439 5707 βίῳ
468 5634 710 5709 καθάπερ
745 5637 902 5710 φασὶν
933 5637 1026 5689 τὸν
1057 5635 1206 5708 ὄρνιν
1237 5637 1328 5689 τὸν
1362 5638 1504 5710 ἱερὸν
1533 5655 1546 5704 ;
1594 5635 1748 5690 Οὕτω
1779 5657 1863 5689 σοι

223 5725 494 5801 πεῳάνων
543 5725 877 5800 πανταχόθεν
929 5727 1215 5800 προσήκει,
1247 5726 1334 5780 καὶ
1385 5725 1538 5780 οὐδὲν
1581 5724 1864 5781 οὐδοτιοῦν

1979 4841 2036 4892 et
2064 4852 2236 4907 quam
2279 4834 2469 4891 servili
2521 4835 2786 4891 homines
2846 4835 3097 4907 ingenio,
3130 4838 3187 4890 et
3240 4851 3372 4892 vere
3426 4833 3616 4891 illibe-

1981 4925 2082 4980 rali
2117 4924 2462 4995 abjectoque
2488 4925 2682 4979 animo
2716 4924 2960 4995 prmditi,
2994 4925 3132 4980 dum
3172 4924 3456 4981 incessere
3503 4941 3618 4980 non

1977 5016 2272 5079 verentur,
2307 5014 2489 5065 semet
2517 5010 2739 5066 ratione
2771 5010 3009 5066 destitui
3045 5013 3317 5082 arguunt,
3348 5026 3414 5066 eo
3464 5013 3614 5082 quod

1977 5097 2540 5153 valdeirrationahili
2575 5100 2744 5153 modo
2786 5114 2920 5167 erga
2958 5114 3024 5154 ea
3072 5099 3259 5154 affecti
3286 5102 3442 5166 sunt,
3476 5115 3618 5169 quo-

1977 5202 2105 5241 rum
2141 5201 2376 5241 summa
2406 5185 2612 5240 merito
2663 5185 2930 5241 habenda
2972 5185 3118 5241 ratio
3169 5191 3332 5240 erat:
3396 5188 3522 5240 tum
3565 5190 3619 5240 et

1977 5275 2272 5345 sapientius
2307 5275 2486 5344 hujus
2535 5291 2647 5328 non
2711 5279 2930 5345 partem
2992 5274 3245 5345 aliquam
3297 5277 3482 5342 tenes,
3515 5274 3618 5329 sed

1975 5364 2162 5436 ipsam
2193 5369 2393 5430 totam,
2429 5369 2492 5419 ut
2537 5366 2709 5420 verbo
2750 5363 2962 5428 dicam,
2999 5363 3219 5430 ideam;
3257 5379 3429 5435 quam
3475 5381 3617 5420 sano

1975 5455 2046 5510 de
2087 5459 2142 5510 te
2192 5454 2404 5510 habere
2457 5453 2725 5508 convenit
2780 5451 3136 5521 opinionem,
3168 5467 3351 5522 quove
3393 5457 3448 5508 te
3504 5469 3614 5508 ne-

1976 5545 2133 5600 mine
2160 5542 2900 5615 compellabimus‘IUtrum
2920 5545 3050 5609 plus
3081 5560 3257 5613 quam
3291 5542 3610 5597 humanum

1980 5633 2296 5698 hominem,
2328 5639 2385 5687 et
2414 5633 2568 5688 velut
2588 5636 2907 5687 extremum
2935 5629 3114 5685 totius
3146 5635 3370 5684 naturas
3403 5639 3613 5685 nostris

1977 5722 2292 5778 terminum
2316 5720 2343 5774 ?
2375 5739 2447 5777 an
2469 5722 2721 5776 divinam
2739 5719 3047 5791 quamdam
3081 5718 3519 5788 humanumque
3534 5719 3612 5775 fa-
