4092 6300
431 378 550 442 243

1739 382 2128 444 THEODULI
2178 381 2527 463 ΜΟΝᾼΩΗΙ

3703 383 3813 444 244

432 531 672 602 stigium
703 546 1020 603 egressam,
1051 534 1108 587 et
1138 532 1389 587 novitate
1411 548 1515 587 sua
1544 533 1899 589 rarissimam
1926 551 2069 603 rem,

2206 516 2300 571 ;στὶ
2330 519 2436 570 τῶν
2489 513 2824 582 καλλίστων,
2857 516 2886 570 ’ὁ
2922 516 2997 588 μή
3048 515 3182 588 πρὸς
3215 508 3427 569 ἔπαινον
3476 514 3565 568 τὸν
3599 516 3686 570 σὸν
3714 534 3816 589 χο-

434 620 772 690 bonumquc
800 620 1086 691 quoddam
1123 619 1485 690 universale;
1518 625 1574 676 et
1610 626 1898 692 postremo
1946 624 2078 678 uni-

431 724 558 764 cam
577 708 815 765 omnino
845 714 1025 779 atque
1052 709 1418 781 peregrinam
1462 711 1796 782 quampiam
1846 713 2077 783 pulchri

431 801 764 867 essentiam,
795 816 864 855 ex
886 798 1171 854 universis
1198 799 1428 855 virtutis
1459 800 1722 871 partibus
1743 800 2073 856 conflatam:

435 904 678 960 eamque
707 890 776 944 de
820 887 982 944 nullo
1032 889 1349 960 exemplari
1394 905 1751 960 expressam,
1805 906 1909 945 nec
1949 891 2076 946 imi-

434 979 611 1034 tabile
629 979 759 1034 aliis
789 978 1083 1046 exemplar
1097 979 1378 1044 futuram,
1403 981 1502 1035 sed
1539 981 1787 1051 primam
1812 983 2077 1037 eamdem

431 1086 497 1124 ac
533 1067 717 1123 solam
752 1067 1100 1124 mortalibus
1138 1073 1457 1135 ostensam,
1511 1086 1667 1125 more
1717 1087 1893 1126 sacrae
1932 1074 2076 1136 avis,

432 1172 605 1228 quam
637 1157 862 1225 dicunt,
897 1172 1084 1228 usque
1113 1158 1256 1212 adeo
1288 1159 1548 1228 undique
1580 1159 1683 1213 tibi
1727 1176 1952 1215 coronae
1980 1161 2077 1214 de-

433 1246 679 1301 bentur:
717 1245 985 1316 nihilque
1015 1245 1536 1316 pulcherrimarum
1566 1263 1753 1302 rerum
1787 1252 1894 1317 est,
1920 1249 2074 1319 quod

431 1351 546 1390 non
576 1335 694 1389 tuis
723 1335 997 1390 laudibus
1029 1336 2079 1409 materiamsuppeditet,tuaaqueglo-

2187 611 2344 682 ρηγεῖ
2375 624 2388 636 ⁶
2423 606 2511 661 καὶ
2555 607 2623 660 τὰ
2655 605 2872 680 μεγάλα
2918 605 3053 679 πρὸς
3083 602 3352 679 εὐφημίαν
3398 599 3770 676 ξυμϐάλλεται
3804 627 3815 638 ·

2187 696 2422 751 ἀλλ’ὅτι
2475 697 2568 768 μὶν
2616 701 2723 750 τῶν
2771 695 2848 757 εἷς
2897 695 3092 766 ἀρετὴν
3126 693 3395 767 φερόντων
3440 694 3556 756 ένὸς
3603 691 3821 754 οὐδενὸς

2185 788 2505 860 τοπαράπαν
2583 784 2848 859 ἀπέσχου,
2923 783 3070 839 ἀλλᾶ
3151 786 3242 838 καὶ
3321 783 3532 838 πάντων
3615 782 3821 838 τούτων

2186 876 2377 936 ἁπλῶς
2410 877 2610 930 οὑτωσὶ
2658 873 2978 951 περιέσχου,
3009 874 3083 935 ὡς
3133 869 3350 934 οὐδενός
3392 892 3538 932 τινος
3586 876 3694 925 τῶν
3735 871 3826 925 ἆλ-

2187 965 2299 1021 λων
2331 964 2532 1036 οὐδεὶς,
2563 967 2863 1039 τεκμήριον
2898 963 3137 1037 ἐναργὲς,
3169 965 3203 1030 ἡ
3261 962 3540 1033 θαυμαστή
3575 982 3660 1015 σοι
3692 963 3826 1034 πρὸς

2187 1058 2316 1111 Θεὸν
2346 1055 2642 1123 οἰκειότης,
2671 1053 2763 1108 καὶ
2813 1055 2874 1107 τὸ
2906 1053 3036 1107 Θεὸν
3087 1050 3278 1124 ἀμέλει
3309 1049 3549 1126 γενέσθαι
3589 1055 3657 1123 τῇ
3691 1051 3824 1125 πρὸς

2187 1145 2346 1200 αὐτὸν
2402 1144 2698 1214 κοινωνίᾳ·
2757 1145 2824 1211 ἧς
2881 1141 2928 1196 εἰ
2983 1141 3073 1195 καὶ
3138 1137 3438 1214 παράδοξον
3495 1140 3678 1218 φάναι,
3737 1140 3823 1192 καὶ

2187 1237 2315 1311 πρὶν
2345 1237 2512 1304 ἧφθαι
2543 1238 2641 1289 τοῦ
2691 1234 2844 1302 εἶναι,
2876 1234 2965 1287 καὶ
3014 1231 3143 1305 πρὶν
3194 1230 3272 1290 εἰς
3319 1230 3632 1304 ἀνθρώπους
3671 1228 3822 1285 τελέ-

2191 1348 2300 1394 σαι,
2333 1329 2520 1379 τοῦτον
2553 1324 2644 1377 τὸν
2669 1323 2870 1397 τρόπον
2902 1319 3159 1382 διετέλεις
3193 1319 3460 1394 μετέχων.

433 1425 532 1478 rica
580 1423 823 1480 miriﬁce
877 1424 1215 1481 veliﬁcatur.
1267 1425 1781 1484 Verumenimvero
1848 1429 2003 1500 quod
2064 1424 2227 1482 nulla
2277 1420 2506 1493 penitus
2565 1432 2650 1482 re,
2723 1416 2796 1470 ad
2855 1430 3097 1470 censum
3147 1413 3425 1469 virtutum
3479 1412 3822 1481 pertinente,

433 1513 808 1580 abstinueris,
845 1514 949 1570 sed
981 1515 1105 1570 haec
1142 1516 1341 1572 omnia
1386 1518 1468 1572 ita
1515 1518 1863 1590 simpliciter
1911 1517 2248 1587 complexus
2299 1510 2501 1578 fueris,
2535 1511 2596 1562 ut
2646 1521 2812 1562 nemo
2861 1504 3012 1560 alius
3057 1502 3237 1559 ullam
3299 1502 3566 1558 virtutem
3628 1517 3828 1569 unam,

437 1603 599 1659 illius
630 1604 712 1658 rei
762 1603 1146 1659 clarissimum
1199 1611 1608 1676 argumentum
1661 1612 1750 1662 est
1787 1605 2146 1662 incredibilis
2187 1609 2287 1659 tua
2315 1601 2381 1655 ad
2431 1598 2610 1654 Deum
2666 1593 3048 1660 familiaritas,
3080 1597 3139 1648 et
3185 1592 3340 1663 quod
3390 1608 3460 1646 ex
3489 1590 3686 1647 divino
3725 1590 3830 1645 hoc

432 1692 723 1747 consortio
745 1692 896 1748 Deu
942 1695 1196 1749 tutemet
1243 1693 1364 1764 ipse
1409 1710 1557 1766 pene
1595 1696 1869 1751 evasisti:
1904 1696 2074 1764 cujus
2131 1688 2426 1756 consortii,
2461 1683 2698 1742 tametsi
2745 1683 2905 1738 dictu
2963 1683 3206 1738 fortasse
3265 1681 3582 1736 absurdum
3636 1679 3829 1736 vidca-

434 1787 549 1847 tur,
576 1781 734 1837 hunc
765 1782 824 1836 in
856 1783 1092 1838 modum
1126 1784 1418 1856 particeps
1447 1786 1562 1855 jam
1603 1801 1751 1854 eras,
1775 1786 2120 1858 priusquam
2147 1797 2275 1839 esse
2308 1793 2584 1850 occperas,
2616 1773 3175 1844 hominesqueinter
3203 1773 3445 1828 censeri.

507 1871 708 1928 XXVI.
742 1872 962 1943 Quippe
991 1873 1040 1928 si
1081 1889 1227 1944 quos
1257 1875 1483 1946 egregie
1531 1877 1715 1933 bonos
1760 1881 1936 1947 seque
1985 1877 2080 1931 di—

2264 1869 2408 1943 Kg'.
2446 1865 2505 1922 Εἰ
2535 1864 2634 1938 γὰρ
2667 1864 2761 1924 οὓς
2817 1864 2910 1935 μὲν
2943 1859 3147 1924 καλοὺς
3199 1861 3467 1935 κάγαθοὺς
3521 1858 3830 1932 ἐσομένους,

438 1977 580 2027 gnos
612 1962 836 2017 futuros
869 1964 1249 2033 precognovit
1295 1968 1470 2033 Deus,
1496 1983 1595 2021 eos
1641 1967 1891 2023 necdum
1940 1981 2077 2021 sus-

438 2056 638 2123 ceptos
663 2055 948 2122 natosque
977 2052 1363 2123 predestinat,
1395 2060 1452 2110 et
1499 2060 1562 2110 ut
1592 2056 1796 2127 ingens
1842 2055 2080 2126 aliquod

439 2139 923 2209 emolumentum,
979 2142 1286 2213 omnisque
1343 2144 1572 2200 decoris
1606 2144 1823 2216 publici
1872 2143 2082 2201 saeculo

442 2232 708 2283 auctores
738 2228 987 2298 futuros,
1019 2230 1377 2302 despondet,
1411 2235 1472 2288 tu
1515 2249 1648 2289 vero
1681 2233 1750 2289 de
1783 2233 1900 2290 illis
1932 2248 2081 2298 eras,

443 2331 588 2387 quos
627 2317 794 2388 longe
823 2318 1074 2388 optimos
1114 2320 1267 2375 idem
1318 2324 1729 2394 precognovit,
1787 2339 1970 2395 eaque
2023 2338 2084 2378 re

443 2406 905 2475 praedestinavit;
967 2408 1051 2463 ita
1131 2409 1429 2478 probabile
1512 2427 1672 2479 sane,
1727 2411 1848 2466 sive
1892 2411 2085 2467 verius

443 2497 680 2550 omnino
712 2513 947 2552 necesse
976 2503 1212 2567 est,non
1244 2516 1309 2554 eo
1343 2501 1628 2556 duntaxat
1650 2507 1912 2572 tempore
1933 2501 2083 2571 quod

446 2585 584 2645 dixi,
617 2584 859 2641 charum
891 2589 950 2642 te
991 2586 1109 2642 Deo
1151 2588 1619 2661 familiaremque
1651 2591 1848 2655 fuisse,
1874 2592 1974 2646 sed
2031 2595 2088 2646 et

446 2671 637 2727 omnis
667 2672 923 2739 virtutis,
956 2679 1021 2728 ut
1068 2676 1239 2731 verbo
1289 2677 1498 2743 dicam,
1531 2678 2085 2734 excellentissimum

447 2759 731 2830 opiﬁcem,
785 2761 1060 2816 nimirum
1096 2764 1326 2820 virtutis
1377 2783 1554 2822 causa
1616 2768 2086 2838 prasdestinatus,

451 2847 608 2904 valde
637 2851 775 2905 item
804 2851 1188 2920 admirabilis,
1224 2853 1468 2924 aliisque
1497 2857 1767 2911 omnibus
1813 2857 2092 2912 excelsior

451 2941 635 2993 factus
663 2955 746 3005 es,
796 2938 996 3011 virque
1039 2941 1292 3011 profecto
1354 2944 1694 3012 illiusmodi,
1746 2949 1810 3000 ut
1865 2946 2088 3001 tametsi

450 3027 900 3097 pradestinatus
948 3045 1062 3084 non
1133 3030 1365 3100 fuisses,
1423 3033 1629 3089 merito
1690 3033 2092 3103 predestinari

2187 1960 2273 2014 καὶ
2329 1957 2458 2030 μᾶἱλ³
2510 1953 2812 2028 ἀξιόχρεως
2860 1952 3051 2006 ἑαυτοῦ
3100 1946 3331 2025 προῄδει
3381 1948 3534 2016 Θεὸς,
3578 1947 3832 2003 τουτουσὶ

2190 2045 2471 2124 προορίζει
2511 2043 2600 2098 καὶ
2654 2044 2823 2116 μήπω
2872 2041 3159 2116 γεγονότας
3192 2058 3205 2073 '
3263 2040 3336 2101 ὥς
3390 2039 3648 2113 μέγιστον
3700 2038 3831 2111 ἀγα-

2193 2141 2283 2194 θὸν
2310 2139 2400 2194 καὶ
2449 2137 2604 2191 πάντ’
2654 2133 2942 2207 ἐσομένους
2990 2137 3070 2204 τῷ
3119 2130 3226 2206 βίῳ
3273 2136 3578 2207 προμνᾶται
3607 2149 3620 2162 °
3677 2131 3738 2184 σὺ
3781 2127 3834 2182 δὲ

2189 2234 2297 2284 τῶν
2361 2226 2582 2300 μάλιστ’
2638 2222 2786 2296 αὒτῷ
2843 2223 3302 2298 προεγνῳσμένων
3366 2219 3694 2294 βελτίστων,
3745 2217 3834 2272 καὶ

2193 2317 2443 2373 διατοῦτο
2495 2315 2924 2388 προωρισμένων
2976 2312 3239 2385 ὑπῆρξας,
3283 2309 3480 2377 ἔοικας,
3519 2308 3734 2380 μᾶλλον
3782 2304 3836 2362 δὲ

2193 2412 2337 2461 πᾶσα
2387 2404 2620 2475 ἀνάγκη,
2653 2400 2716 2456 οὒ
2769 2401 2930 2473 μόνον
2961 2401 3079 2454 καθ’
3114 2400 3172 2454 ὃν
3222 2393 3356 2474 ἔφην
3403 2397 3600 2472 χρόνον
3652 2400 3838 2472 θεοφι-

2197 2496 2300 2567 λής
2342 2516 2422 2555 τις
2474 2493 2633 2556 εῗναι,
2681 2490 2773 2544 καὶ
2823 2490 3046 2550 οἰκεῖοις
3099 2487 3267 2560 αὐτῷ,
3319 2486 3465 2542 ἀλλὰ
3518 2487 3607 2540 καὶ
3663 2485 3837 2550 πάσης

2202 2587 2398 2660 ἀρετῆς
2431 2584 2506 2644 ὡς
2561 2581 2729 2636 εἰπεῖν
2779 2579 2946 2654 ἄκρος
2985 2578 3239 2653 ἐργάτης.
3274 2579 3349 2632 Δι’
3402 2577 3470 2646 ἣν
3517 2577 3606 2630 καὶ
3657 2596 3842 2650 προω-

2201 2675 2455 2748 ρισμένος
2533 2669 2839 2742 θαυμαστός
2911 2690 2995 2731 τις
3059 2667 3194 2739 ἄγαν
3268 2667 3357 2720 καὶ
3431 2665 3560 2738 ὑπὲρ
3640 2665 3839 2726 πάντας

2201 2762 2473 2839 ἐγεγόνεις
2503 2759 2631 2820 τοὺς
2662 2758 2894 2827 ἄλλους,
2926 2759 3014 2811 καὶ
3045 2758 3186 2825 οἷος,
3218 2755 3266 2810 εἰ
3298 2756 3384 2810 καὶ
3423 2757 3498 2826 μὴ
3539 2755 3841 2828 προώρισο,

2200 2852 2425 2912 εἶ’κότως
2459 2849 2518 2904 ἂν
2571 2847 2909 2922 προωρίσθαι
2940 2866 2954 2879 ·
3004 2846 3080 2906 ὡς
3111 2847 3278 2899 πάντα
3325 2845 3392 2898 τὰ
3435 2850 3563 2898 πᾶσι
3593 2849 3714 2903 τοῖς
3745 2840 3844 2897 ἀλ-

2204 2941 2326 3002 λοις
2383 2941 2538 2994 καθὲν
2587 2937 2930 3013 εἰργασμένα,
2981 2935 3140 3008 μόνος
3195 2934 3355 2995 αὐτὸς
3400 2932 3745 3008 συνειληφώς
3790 2952 3844 2986 τε

2201 3031 2290 3085 καὶ
2327 3027 2687 3102 καταπράξας.

457 3116 1006 3188 debueris;quippe
1053 3120 1153 3191 qui
1211 3136 1368 3177 unus
1415 3122 1613 3178 omnia
1657 3123 1787 3179 aliis
1840 3123 2110 3180 omnibus
2157 3121 2459 3194 sigillatim
2512 3117 3034 3190 prestitaiunctim
3083 3114 3594 3188 comprehenderis
3653 3113 3846 3170 confe-

455 3204 736 3275 cerisque.

526 3295 752 3351 XXVII.
807 3301 982 3354 Porro
1029 3300 1102 3356 de
1143 3299 1474 3372 eloquentia
1522 3307 1620 3359 tua
1662 3303 1848 3358 dicere
1891 3318 2094 3376 aggre—
2121 3308 2166 3373 α

456 3384 623 3440 diens
651 3389 810 3440 tuam
845 3386 988 3442 mihi
1013 3387 1402 3460 eloquentiam
1435 3397 1664 3464 tuasque
1693 3393 1970 3449 orationis
2001 3409 2100 3447 ro-

454 3473 566 3529 bur
611 3474 943 3546 contingere
994 3477 1191 3547 velim,
1251 3495 1366 3550 quo
1413 3497 1478 3536 ex
1542 3482 1745 3537 merito
1788 3481 1949 3537 illam
1995 3497 2100 3536 suo

452 3565 867 3620 commendare
895 3567 1217 3636 queam;is
1247 3570 1461 3625 etenim
1513 3579 1573 3625 tu
1619 3587 1704 3641 es,
1754 3572 1800 3625 si
1849 3586 2104 3627 summa-

453 3650 560 3705 tim
591 3667 684 3707 res
713 3655 1076 3723 exponenda,
1116 3657 1215 3726 qui
1248 3673 1364 3712 non
1395 3657 1562 3713 aliter
1585 3659 1643 3714 in
1674 3659 1950 3714 omnibus
1970 3674 2099 3714 ora-

453 3739 631 3794 tionis
659 3741 882 3807 formis,
914 3758 1090 3813 quam
1124 3744 1183 3798 in
1219 3761 1336 3800 una
1375 3747 1643 3816 quapiam
1693 3747 2099 3804 claboraveris.

454 3829 681 3884 Rursus
732 3845 1209 3904 unamquamque
1272 3835 1352 3890 ita
1413 3837 1662 3905 perfecte
1721 3842 2102 3909 accurateque

456 3921 917 3988 pertractaveris,
962 3926 1027 3977 ut
1088 3921 1236 3978 haud
1299 3931 1636 3998 promptum
1667 3925 1862 3982 videre
1909 3927 2007 3991 sit,
2039 3928 2096 3980 in

453 4023 708 4077 quanam
766 4008 1140 4077 potissimum
1176 4028 1398 4080 regnes,
1434 4020 1491 4070 et
1541 4015 1634 4070 cui
1694 4016 2101 4092 primm‘penes

454 4102 506 4150 te
539 4095 863 4151 debeantur
891 4102 1110 4167 partos.
1153 4100 1279 4156 Non
1337 4103 1492 4158 enim
1546 4106 1614 4158 ad
1674 4104 2101 4174 philosOphiam

453 4183 660 4251 solam,
721 4186 939 4242 omissa
1015 4189 1279 4256 oratoria,
1349 4193 1610 4248 animum
1688 4193 2099 4264 appellandum

2281 3302 2392 3356 KZ'.
2429 3298 2622 3374 Λόγων
2653 3295 2710 3352 δὲ
2738 3298 2861 3367 πέρι
2894 3295 3072 3372 λέγειν
3105 3293 3304 3351 ἐθέλων
3337 3298 3444 3349 τῶν
3475 3300 3604 3358 σῶν,
3643 3294 3840 3369 λόγους

2210 3390 2272 3444 ἂν
2326 3389 2454 3452 τοὺς
2502 3386 2630 3445 σοὺς
2675 3383 3013 3458 ἐϐουλόμην,
3052 3386 3142 3439 καὶ
3189 3386 3289 3454 τὴν
3345 3389 3454 3439 τῶν
3505 3390 3613 3438 σῶν
3665 3383 3842 3458 λόγων

2211 3480 2406 3552 ῥώμην
2465 3479 2776 3544 κεκτῆσθαι,
2838 3475 2912 3537 ὡς
2987 3476 3051 3528 τὰ
3102 3475 3399 3550 γιγνόμενα
3471 3473 3595 3546 περὶ
3673 3474 3847 3527 αὐτῶν

2211 3565 2399 3621 διϊέναι
2431 3587 2442 3600 ·
2484 3565 2546 3620 σὺ
2576 3566 2677 3639 γὰρ
2711 3565 2821 3632 οὗν,
2853 3564 2898 3618 εἶ
2932 3561 3016 3618 δεῖ
3051 3563 3336 3636 συντόμως
3372 3562 3561 3629 εἰπεῖν,
3595 3563 3623 3617 ὁ
3671 3563 3851 3637 λόγων

2215 3657 2306 3728 μὶν
2338 3662 2510 3709 πᾶσαν
2539 3653 2686 3709 ἰδέαν
2737 3654 2811 3715 ὡς
2844 3651 2911 3724 δή
2961 3675 3083 3708 τινα
3117 3653 3240 3725 μίαν
3286 3649 3603 3723 ἒξησκηκώς
3641 3671 3654 3684 '
3709 3652 3848 3706 οὕτω

2211 3743 2257 3798 δ’
2306 3745 2380 3806 εἰς
2432 3743 2594 3819 ἄκρον
2647 3746 2737 3798 καὶ
2799 3746 2915 3818 μετ’
2973 3741 3251 3819 ἀκριϐείας
3309 3744 3559 3813 ἑκάστην,
3609 3744 3687 3804 ὡς
3736 3743 3847 3812 ξυν-

2215 3832 2342 3888 ιδεῖν
2390 3833 2590 3907 ἄπορον
2643 3835 2770 3888 εἶναι
2829 3836 3036 3908 ποτέρᾳ
3091 3833 3299 3888 τούτων
3356 3833 3720 3900 πλεονεκτεῖς,
3765 3830 3848 3885 καὶ

2209 3923 2314 3977 τίνι
2347 3921 2528 3977 δοῦναι
2561 3920 2644 3976 δεῖ
2687 3922 2755 3976 τὰ
2781 3919 3057 3996 πρεσϐεῖα.
3089 3922 3162 3976 Οὐ
3212 3924 3315 3996 γὰρ
3363 3921 3495 3976 αὐτὸ
3542 3925 3706 3975 τοῦτο
3757 3918 3853 3990 μό-

2210 4033 2301 4066 νον
2335 4013 2659 4088 φιλοσοφεῖν
2709 4011 2822 4083 ᾤου
2857 4009 2986 4077 δεῖν,
3021 4010 3332 4086 ῥητορεύειν
3376 4008 3422 4064 δ’
3455 4009 3638 4064 οὐκέτι
3675 4030 3688 4040 ·
3741 4005 3852 4063 οὐδ’

2210 4100 2274 4156 αὖ
2349 4101 2657 4176 ῥητορεύειν
2740 4102 2833 4174 μὲν
2910 4101 3171 4170 καθάπαξ,
3230 4105 3326 4156 τοῦ
3399 4098 3458 4156 δὲ
3531 4098 3853 4178 φιλοσοφεῖν

2212 4189 2463 4266 ἀλογεῖν.

454 4273 691 4341 duxisti,
749 4289 935 4344 neque
993 4290 1024 4331 e
1085 4279 1373 4336 contrario
1427 4281 1487 4336 in
1560 4285 1684 4337 arte
1740 4282 1988 4338 oratoria
2045 4297 2278 4353 operam
2345 4296 2604 4349 omnem,
2647 4287 2842 4352 spreta
2908 4279 3295 4353 philosophia,
3363 4278 3466 4334 tibi
3523 4278 3849 4350 ponendam

460 4361 860 4421 existimabas.

530 4450 780 4508 XXVIII.
807 4453 1029 4511 Rursus
1060 4472 1248 4528 neque
1280 4459 1580 4532 utriusque
1610 4465 1674 4516 tu
1727 4460 1961 4532 quidem
2012 4478 2100 4515 ra-

454 4543 674 4599 tionem
707 4540 984 4612 habebas,
1013 4548 1109 4602 sed
1135 4564 1201 4602 ex
1236 4555 1393 4618 parte
1424 4551 1670 4620 quadam
1704 4551 1984 4606 duntaxat
2009 4550 2103 4605 ha-

457 4632 657 4698 bebas,
691 4633 770 4688 ita
802 4637 867 4686 ut
911 4636 1174 4692 neutrius
1221 4638 1543 4708 disciplinae
1588 4639 1797 4711 plenus
1846 4641 2093 4710 integer-

2208 4637 2438 4710 κάκείνῳ
2487 4639 2789 4711 κεχρῆσθαι
2825 4656 2837 4668 '

457 4737 571 4793 que
599 4721 706 4777 tibi
729 4738 873 4777 usus
905 4723 963 4777 in
989 4725 1240 4781 solidum
1257 4734 1549 4785 constaret
1571 4748 1584 4797 ;
1605 4747 1801 4786 verum
1826 4730 2001 4784 unius
2015 4745 2097 4782 ra-

458 4811 633 4866 tionis
663 4811 869 4867 ambas
902 4811 1076 4869 hasce
1105 4819 1300 4885 partes
1330 4833 1456 4873 esse
1496 4823 1680 4886 ratus,
1713 4834 1844 4873 cum
1892 4824 2103 4887 praete-

461 4916 554 4955 rea
581 4901 763 4956 scires
795 4901 1049 4972 perfecte
1088 4903 1410 4976 sapientem
1455 4923 1558 4979 per
1605 4907 1800 4964 omnia
1848 4921 2100 4978 permea-

460 4993 679 5056 turum,
707 4990 790 5045 ita
823 4989 982 5048 hisce
1002 4995 1062 5047 te
1095 4994 1308 5051 studiis
1325 4996 1698 5062 dedidisti,ut
1729 4997 2105 5052 nihilosecius

461 5083 516 5133 et
539 5079 1002 5150 philosophando
1035 5083 1380 5154 eloquentiae
1413 5102 1647 5157 operam
1698 5087 1888 5147 dares,
1937 5091 1992 5140 et
2021 5088 2106 5139 in-

462 5167 646 5223 vicem
695 5184 902 5225 causas
969 5173 1188 5228 orando
1237 5174 1658 5244 philosophiam
1707 5175 2014 5242 excoleres,
2055 5185 2108 5228 et

461 5256 523 5310 in
563 5260 812 5329 utroque
862 5275 1071 5329 genere
1139 5263 1498 5319 admirabilis
1549 5281 1729 5331 esses,
1780 5274 1833 5320 et
1885 5265 1995 5321 hac
2046 5265 2108 5317 in

466 5349 625 5415 parte
667 5346 826 5402 velut
866 5347 970 5404 tibi
1031 5349 1142 5421 ipsi
1199 5351 1368 5424 longe
1409 5359 1731 5425 praetores,
1795 5355 1946 5426 quod
2006 5368 2108 5408 nec

467 5435 666 5491 studia
688 5434 1068 5507 philosophias
1100 5441 1347 5497 oratoria
1388 5443 1660 5500 facultate
1699 5443 1998 5517 spoliares,
2025 5457 2111 5497 ne-

2287 4462 2416 4514 KII'.
2467 4457 2539 4513 Οὐ
2590 4456 2770 4514 τοίνυν
2830 4455 2955 4512 οὐδέ
3003 4477 3086 4512 σοι
3139 4460 3246 4512 τῶν
3301 4456 3569 4530 ἑκατέρων
3616 4455 3853 4529 ἐμέλησε

2217 4548 2334 4620 μὲν,
2367 4546 2604 4620 ἐμέλησε
2652 4544 2710 4601 δὲ
2757 4547 2864 4601 ἀπὸ
2899 4545 3115 4620 μέρους,
3167 4545 3242 4608 ὡς
3289 4544 3486 4607 ἐνδεῶς
3535 4546 3623 4600 καὶ
3673 4545 3854 4615 τούτῳ

2887 4637 2978 4691 καὶ
3030 4633 3224 4709 μηδενὶ
3273 4633 3528 4710 διαρκῶς,
3561 4634 3688 4690 ἀλλ’
3739 4637 3856 4696 ἑνὸς

2210 4725 2376 4804 ἄμφῶ
2404 4731 2572 4782 ταῦτα
2614 4725 2784 4803 λόγου
2817 4725 2952 4798 μέρη
3006 4725 3258 4798 νομίσας,
3287 4727 3377 4781 καὶ
3407 4727 3497 4780 τὸν
3542 4726 3733 4798 τῳόντι
3763 4747 3851 4780 σο-

2212 4820 2311 4893 φὸν
2344 4814 2502 4877 εἰδὼς
2555 4814 2644 4870 διὰ
2673 4815 2887 4871 πάντων
2936 4815 3164 4887 ἥκοντα,
3211 4814 3357 4870 οὕτω
3403 4816 3618 4877 τούτοις
3665 4817 3856 4870 σαυτὸν

2213 4904 2572 4979 ἐμπαρὲσχες,
2607 4905 2682 4966 ὡς
2731 4901 2900 4975 μηδὲν
2928 4907 3090 4973 ἦττον
3141 4903 3232 4958 καὶ
3262 4905 3348 4964 οῖς
3398 4902 3716 4980 φιλοσοφεῖς
3755 4905 3854 4976 ῥη-

2213 4993 2472 5067 τορεύειν,
2524 4993 2612 5048 καὶ
2671 4994 2754 5055 οἷς
2810 4993 3124 5067 ῥητορεύεις
3182 4992 3522 5068 φιλοσοφεῖν,
3577 4993 3664 5046 καὶ
3721 4994 3856 5048 εἶναι

2215 5084 2524 5156 θαυμαστὸς
2583 5083 2633 5136 ἐν
2696 5082 2926 5160 ἀμφοῖν,
2985 5083 3072 5136 καὶ
3145 5084 3260 5136 οἷον
3339 5080 3622 5155 βέλτιστος
3696 5082 3855 5143 αὐτὸς

2218 5175 2442 5227 σεαυτοῦ
2497 5171 2678 5242 τούτῳ
2715 5171 2795 5242 τῷ
2848 5171 3018 5244 μέρει,
3052 5167 3174 5224 οὔτε
3218 5171 3280 5224 τὸ
3326 5169 3648 5248 φιλοσοφεῖν
3694 5171 3857 5242 ῥητο-

2220 5259 2364 5334 ρείας
2396 5261 2732 5334 ἀποστερῶν,
2766 5257 2878 5314 οὔτ’
2927 5259 3092 5326 αὐτὴν
3123 5258 3326 5330 ταύτην
3374 5259 3650 5334 ἀμέτοχον
3698 5259 3855 5336 φιλο.

2219 5350 2409 5426 σοφίας
2456 5347 2667 5410 δεικνύς
2701 5368 2715 5382 ·
2763 5348 2889 5404 ἄλλ’
2939 5349 3188 5422 ἑκάτερον
3235 5349 3469 5422 ἑκατέρῳ
3499 5347 3681 5419 δεξιῶς
3728 5347 3854 5422 ἄγαν

2223 5438 2531 5506 συνάπτων,
2565 5436 2655 5492 καὶ
2685 5435 2755 5492 δι’
2784 5437 3037 5512 ἑκατέρου
3071 5441 3292 5511 κοσμῶν
3327 5438 3600 5512 ἑκάτερον.

469 5539 583 5596 que
616 5523 766 5580 hanc
796 5524 1382 5599 ipsamphilosophias
1429 5533 1714 5603 praesidiis
1771 5532 2107 5589 destitutam
2157 5528 2440 5594 exiberes,
2491 5529 2591 5581 sed
2643 5527 2883 5584 alteram
2917 5528 3084 5584 alteri
3133 5544 3343 5599 magna
3385 5529 3725 5585 dexteritate
3754 5544 3852 5584 co-

471 5611 1094 5687 pulares,.mutuisque
1127 5622 1438 5691 utramque
1458 5636 1770 5678 exornares
1799 5619 2183 5676 ornamentis.

546 5701 728 5756 XXIX.
778 5678 1115 5771 Quanquam
1159 5709 1294 5776 quid
1330 5678 1418 5765 est
1468 5711 1619 5780 quod
1653 5710 1831 5767 dico?
1860 5710 1946 5765 sic
1992 5709 2093 5763 hiet

2299 5678 2423 5758 Ke'.‘
2455 5704 2643 5757 Καίτοι
2673 5701 2725 5757 τί
2759 5702 2903 5778 λέγω
2929 5722 2943 5774 ;
2976 5704 3120 5759 οὕτω
3141 5705 3242 5781 γὰρ
3273 5707 3482 5780 Ἐρμῆς
3509 5726 3608 5761 κατ
3639 5704 3852 5779 Ἀἰσχύ-
