  <div class='ocr_page' id='page_1' title='image "/cluster/home/n/w/nwhite01/storage/ocr_20150623/145/mdp.39015061167048/131.png"; bbox 0 0 4092 6300; ppageno 0'>
   <div class='ocr_carea' id='block_1_1' title="bbox 370 365 484 423">
    <p class='ocr_par' dir='ltr' id='par_1_1' title="bbox 370 365 484 423">
     <span class='ocr_line' id='line_1_1' title="bbox 370 365 484 423; baseline -0.035 1"><span class='ocrx_word' id='word_1_1' title='bbox 370 365 484 423; x_wconf 71' lang='grc'>247</span> 
     </span>
    </p>
   </div>
   <div class='ocr_carea' id='block_1_2' title="bbox 1671 362 2463 427">
    <p class='ocr_par' dir='ltr' id='par_1_2' title="bbox 1671 362 2463 427">
     <span class='ocr_line' id='line_1_2' title="bbox 1671 362 2463 427; baseline 0.003 -5"><span class='ocrx_word' id='word_1_2' title='bbox 1671 362 1878 422; x_wconf 84' lang='grc' dir='ltr'>ΤΗΕο</span> <span class='ocrx_word' id='word_1_3' title='bbox 1890 363 2068 424; x_wconf 89' lang='lat' dir='ltr'>DULI</span> <span class='ocrx_word' id='word_1_4' title='bbox 2117 365 2463 427; x_wconf 82' lang='lat' dir='ltr'>MONACIII</span> 
     </span>
    </p>
   </div>
   <div class='ocr_carea' id='block_1_3' title="bbox 3647 367 3774 427">
    <p class='ocr_par' dir='ltr' id='par_1_3' title="bbox 3647 367 3774 427">
     <span class='ocr_line' id='line_1_3' title="bbox 3647 367 3774 427; baseline 0.016 -2"><span class='ocrx_word' id='word_1_5' title='bbox 3647 367 3774 427; x_wconf 72' lang='grc'>248</span> 
     </span>
    </p>
   </div>
   <div class='ocr_carea' id='block_1_4' title="bbox 369 495 2040 572">
    <p class='ocr_par' dir='ltr' id='par_1_4' title="bbox 369 495 2009 568">
     <span class='ocr_line' id='line_1_4' title="bbox 369 495 2009 568; baseline 0.001 -17"><span class='ocrx_word' id='word_1_6' title='bbox 369 500 674 568; x_wconf 78' lang='lat' dir='ltr'>vicemque</span> <span class='ocrx_word' id='word_1_7' title='bbox 703 513 830 552; x_wconf 86' lang='lat' dir='ltr'>sese</span> <span class='ocrx_word' id='word_1_8' title='bbox 873 498 1154 568; x_wconf 90' lang='lat' dir='ltr'>perpetua</span> <span class='ocrx_word' id='word_1_9' title='bbox 1194 495 1446 565; x_wconf 89' lang='lat' dir='ltr'>quadam</span> <span class='ocrx_word' id='word_1_10' title='bbox 1478 496 1883 552; x_wconf 88' lang='lat' dir='ltr'>consecutione</span> <span class='ocrx_word' id='word_1_11' title='bbox 1912 514 2009 552; x_wconf 82' lang='lat' dir='ltr'>ex-</span> 
     </span>
    </p>
   </div>
   <div class='ocr_carea' id='block_1_5' title="bbox 2154 495 3772 572">
    <p class='ocr_par' dir='ltr' id='par_1_5' title="bbox 2154 495 3772 572">
     <span class='ocr_line' id='line_1_5' title="bbox 2154 495 3772 572; baseline -0.001 -19"><span class='ocrx_word' id='word_1_12' title='bbox 2154 499 2322 560; x_wconf 58' lang='grc' dir='ltr'>ντάτας</span> <span class='ocrx_word' id='word_1_13' title='bbox 2379 497 2470 553; x_wconf 81' lang='grc' dir='ltr'>καὶ</span> <span class='ocrx_word' id='word_1_14' title='bbox 2517 497 2905 572; x_wconf 74' lang='grc' dir='ltr'>καθαρωτάτοις</span> <span class='ocrx_word' id='word_1_15' title='bbox 2953 496 3044 551; x_wconf 77' lang='grc' dir='ltr'>καὶ</span> <span class='ocrx_word' id='word_1_16' title='bbox 3091 495 3480 568; x_wconf 76' lang='grc' dir='ltr'>ἀκριϐεστάτας</span> <span class='ocrx_word' id='word_1_17' title='bbox 3531 499 3620 552; x_wconf 84' lang='grc' dir='ltr'>καὶ</span> <span class='ocrx_word' id='word_1_18' title='bbox 3667 506 3772 567; x_wconf 78' lang='grc' dir='ltr'>τῆς</span> 
     </span>
    </p>
   </div>
   <div class='ocr_carea' id='block_1_6' title="bbox 370 583 2014 657">
    <p class='ocr_par' dir='ltr' id='par_1_6' title="bbox 370 583 2014 657">
     <span class='ocr_line' id='line_1_6' title="bbox 370 583 2014 657; baseline -0.001 -13"><span class='ocrx_word' id='word_1_19' title='bbox 370 590 614 657; x_wconf 74' lang='lat' dir='ltr'>cipiunt,</span> <span class='ocrx_word' id='word_1_20' title='bbox 665 588 994 656; x_wconf 87' lang='lat' dir='ltr'>harumque</span> <span class='ocrx_word' id='word_1_21' title='bbox 1044 601 1213 655; x_wconf 89' lang='lat' dir='ltr'>porro</span> <span class='ocrx_word' id='word_1_22' title='bbox 1269 583 1645 640; x_wconf 87' lang='lat' dir='ltr'>sentatiarum</span> <span class='ocrx_word' id='word_1_23' title='bbox 1707 585 2014 643; x_wconf 83' lang='lat' dir='ltr'>mirificam</span> 
     </span>
    </p>
   </div>
   <div class='ocr_carea' id='block_1_7' title="bbox 371 673 2016 745">
    <p class='ocr_par' dir='ltr' id='par_1_7' title="bbox 371 673 2016 745">
     <span class='ocr_line' id='line_1_7' title="bbox 371 673 2016 745; baseline 0 -14"><span class='ocrx_word' id='word_1_24' title='bbox 371 695 434 732; x_wconf 78' lang='lat' dir='ltr'>ac</span> <span class='ocrx_word' id='word_1_25' title='bbox 468 677 801 732; x_wconf 80' lang='lat' dir='ltr'>inusitatam</span> <span class='ocrx_word' id='word_1_26' title='bbox 859 674 1252 728; x_wconf 81' lang='lat' dir='ltr'>inductionem</span> <span class='ocrx_word' id='word_1_27' title='bbox 1285 673 1804 745; x_wconf 89' lang='lat' dir='ltr'>tractationemque</span> <span class='ocrx_word' id='word_1_28' title='bbox 1843 697 1858 744; x_wconf 88' lang='lat'><strong>;</strong></span> <span class='ocrx_word' id='word_1_29' title='bbox 1894 675 2016 732; x_wconf 90' lang='lat' dir='ltr'>sive</span> 
     </span>
    </p>
   </div>
   <div class='ocr_carea' id='block_1_8' title="bbox 373 761 2013 837">
    <p class='ocr_par' dir='ltr' id='par_1_8' title="bbox 373 761 2013 837">
     <span class='ocr_line' id='line_1_8' title="bbox 373 761 2013 837; baseline 0.001 -18"><span class='ocrx_word' id='word_1_30' title='bbox 373 767 541 820; x_wconf 83' lang='lat' dir='ltr'>verba</span> <span class='ocrx_word' id='word_1_31' title='bbox 571 763 1038 837; x_wconf 72' lang='lat' dir='ltr'>generosissima,</span> <span class='ocrx_word' id='word_1_32' title='bbox 1073 767 1130 817; x_wconf 91' lang='lat' dir='ltr'>et</span> <span class='ocrx_word' id='word_1_33' title='bbox 1173 761 1580 831; x_wconf 89' lang='lat' dir='ltr'>mundissima,</span> <span class='ocrx_word' id='word_1_34' title='bbox 1604 769 1662 818; x_wconf 89' lang='lat' dir='ltr'>et</span> <span class='ocrx_word' id='word_1_35' title='bbox 1686 765 2013 836; x_wconf 83' lang='lat' dir='ltr'>exquisitis-</span> 
     </span>
    </p>
   </div>
   <div class='ocr_carea' id='block_1_9' title="bbox 373 851 2015 924">
    <p class='ocr_par' dir='ltr' id='par_1_9' title="bbox 373 851 2015 924">
     <span class='ocr_line' id='line_1_9' title="bbox 373 851 2015 924; baseline -0.002 -13"><span class='ocrx_word' id='word_1_36' title='bbox 373 859 546 922; x_wconf 83' lang='lat' dir='ltr'>sime,</span> <span class='ocrx_word' id='word_1_37' title='bbox 578 859 633 910; x_wconf 89' lang='lat' dir='ltr'>et</span> <span class='ocrx_word' id='word_1_38' title='bbox 667 853 952 908; x_wconf 87' lang='lat' dir='ltr'>Attricum</span> <span class='ocrx_word' id='word_1_39' title='bbox 987 852 1203 921; x_wconf 90' lang='lat' dir='ltr'>ubique</span> <span class='ocrx_word' id='word_1_40' title='bbox 1234 851 1496 906; x_wconf 90' lang='lat' dir='ltr'>habitum</span> <span class='ocrx_word' id='word_1_41' title='bbox 1524 853 1852 921; x_wconf 80' lang='lat' dir='ltr'>retinentia,</span> <span class='ocrx_word' id='word_1_42' title='bbox 1887 871 2015 924; x_wconf 88' lang='lat' dir='ltr'>spe-</span> 
     </span>
    </p>
   </div>
   <div class='ocr_carea' id='block_1_10' title="bbox 372 940 2019 1011">
    <p class='ocr_par' dir='ltr' id='par_1_10' title="bbox 372 940 2019 1011">
     <span class='ocr_line' id='line_1_10' title="bbox 372 940 2019 1011; baseline 0.001 -15"><span class='ocrx_word' id='word_1_43' title='bbox 372 944 666 1011; x_wconf 81' lang='lat' dir='ltr'>ctes;sive</span> <span class='ocrx_word' id='word_1_44' title='bbox 697 957 902 997; x_wconf 81' lang='lat' dir='ltr'>rursus</span> <span class='ocrx_word' id='word_1_45' title='bbox 952 940 1338 996; x_wconf 89' lang='lat' dir='ltr'>densissimas</span> <span class='ocrx_word' id='word_1_46' title='bbox 1379 940 1693 1011; x_wconf 80' lang='lat' dir='ltr'>ﬁgurarum</span> <span class='ocrx_word' id='word_1_47' title='bbox 1753 942 2019 998; x_wconf 87' lang='lat' dir='ltr'>variatio-</span> 
     </span>
    </p>
   </div>
   <div class='ocr_carea' id='block_1_11' title="bbox 377 1027 2016 1102">
    <p class='ocr_par' dir='ltr' id='par_1_11' title="bbox 377 1027 2016 1102">
     <span class='ocr_line' id='line_1_11' title="bbox 377 1027 2016 1102; baseline -0.001 -15"><span class='ocrx_word' id='word_1_48' title='bbox 377 1049 500 1099; x_wconf 77' lang='lat' dir='ltr'>ues,</span> <span class='ocrx_word' id='word_1_49' title='bbox 532 1035 800 1102; x_wconf 81' lang='lat' dir='ltr'>argutam</span> <span class='ocrx_word' id='word_1_50' title='bbox 839 1028 1220 1096; x_wconf 83' lang='lat' dir='ltr'>celeritatem,</span> <span class='ocrx_word' id='word_1_51' title='bbox 1248 1027 1567 1100; x_wconf 77' lang='lat' dir='ltr'>flexusque.</span> <span class='ocrx_word' id='word_1_52' title='bbox 1590 1033 1648 1084; x_wconf 91' lang='lat' dir='ltr'>et</span> <span class='ocrx_word' id='word_1_53' title='bbox 1676 1030 2016 1086; x_wconf 83' lang='lat' dir='ltr'>artiﬁciosae</span> 
     </span>
    </p>
   </div>
   <div class='ocr_carea' id='block_1_12' title="bbox 375 1118 2016 1189">
    <p class='ocr_par' dir='ltr' id='par_1_12' title="bbox 375 1118 2016 1189">
     <span class='ocr_line' id='line_1_12' title="bbox 375 1118 2016 1189; baseline 0.001 -15"><span class='ocrx_word' id='word_1_54' title='bbox 375 1119 878 1188; x_wconf 88' lang='lat' dir='ltr'>innovationes,et</span> <span class='ocrx_word' id='word_1_55' title='bbox 922 1118 1095 1173; x_wconf 91' lang='lat' dir='ltr'>simul</span> <span class='ocrx_word' id='word_1_56' title='bbox 1153 1122 1479 1173; x_wconf 80' lang='lat' dir='ltr'>accuratam</span> <span class='ocrx_word' id='word_1_57' title='bbox 1514 1119 2016 1189; x_wconf 70' lang='lat' dir='ltr'>compositionem,</span> 
     </span>
    </p>
   </div>
   <div class='ocr_carea' id='block_1_13' title="bbox 377 1205 2021 1280">
    <p class='ocr_par' dir='ltr' id='par_1_13' title="bbox 377 1205 2021 1280">
     <span class='ocr_line' id='line_1_13' title="bbox 377 1205 2021 1280; baseline -0.002 -15"><span class='ocrx_word' id='word_1_58' title='bbox 377 1211 791 1279; x_wconf 85' lang='lat' dir='ltr'>docentemque</span> <span class='ocrx_word' id='word_1_59' title='bbox 814 1221 1189 1263; x_wconf 83' lang='lat' dir='ltr'>numerorum</span> <span class='ocrx_word' id='word_1_60' title='bbox 1231 1205 1690 1276; x_wconf 78' lang='lat' dir='ltr'>collocationem,</span> <span class='ocrx_word' id='word_1_61' title='bbox 1723 1214 1846 1263; x_wconf 88' lang='lat' dir='ltr'>tum</span> <span class='ocrx_word' id='word_1_62' title='bbox 1883 1227 2021 1280; x_wconf 66' lang='lat' dir='ltr'>prer-</span> 
     </span>
    </p>
   </div>
   <div class='ocr_carea' id='block_1_14' title="bbox 377 1295 2020 1366">
    <p class='ocr_par' dir='ltr' id='par_1_14' title="bbox 377 1295 2020 1366">
     <span class='ocr_line' id='line_1_14' title="bbox 377 1295 2020 1366; baseline -0.001 -12"><span class='ocrx_word' id='word_1_63' title='bbox 377 1306 531 1355; x_wconf 82' lang='lat' dir='ltr'>terea</span> <span class='ocrx_word' id='word_1_64' title='bbox 578 1302 936 1354; x_wconf 76' lang='lat' dir='ltr'>venustatem</span> <span class='ocrx_word' id='word_1_65' title='bbox 975 1312 1106 1350; x_wconf 91' lang='lat' dir='ltr'>cum</span> <span class='ocrx_word' id='word_1_66' title='bbox 1171 1295 1373 1350; x_wconf 81' lang='lat' dir='ltr'>festiva</span> <span class='ocrx_word' id='word_1_67' title='bbox 1419 1298 1719 1366; x_wconf 80' lang='lat' dir='ltr'>gravitate,</span> <span class='ocrx_word' id='word_1_68' title='bbox 1764 1314 2020 1353; x_wconf 89' lang='lat' dir='ltr'>morum-</span> 
     </span>
    </p>
   </div>
   <div class='ocr_carea' id='block_1_15' title="bbox 378 1385 2024 1460">
    <p class='ocr_par' dir='ltr' id='par_1_15' title="bbox 378 1385 2024 1460">
     <span class='ocr_line' id='line_1_15' title="bbox 378 1385 2024 1460; baseline 0.001 -18"><span class='ocrx_word' id='word_1_69' title='bbox 378 1407 492 1460; x_wconf 87' lang='lat' dir='ltr'>que</span> <span class='ocrx_word' id='word_1_70' title='bbox 556 1386 946 1444; x_wconf 79' lang='lat' dir='ltr'>concinnitate</span> <span class='ocrx_word' id='word_1_71' title='bbox 997 1386 1290 1456; x_wconf 85' lang='lat' dir='ltr'>junctam;</span> <span class='ocrx_word' id='word_1_72' title='bbox 1344 1385 1538 1441; x_wconf 71' lang='lat' dir='ltr'>adiitee</span> <span class='ocrx_word' id='word_1_73' title='bbox 1596 1387 1748 1453; x_wconf 87' lang='lat' dir='ltr'>item,</span> <span class='ocrx_word' id='word_1_74' title='bbox 1809 1392 1865 1442; x_wconf 91' lang='lat' dir='ltr'>et</span> <span class='ocrx_word' id='word_1_75' title='bbox 1910 1405 2024 1443; x_wconf 87' lang='lat' dir='ltr'>una</span> 
     </span>
    </p>
   </div>
   <div class='ocr_carea' id='block_1_16' title="bbox 378 1472 2023 1548">
    <p class='ocr_par' dir='ltr' id='par_1_16' title="bbox 378 1472 2023 1548">
     <span class='ocr_line' id='line_1_16' title="bbox 378 1472 2023 1548; baseline 0.001 -16"><span class='ocrx_word' id='word_1_76' title='bbox 378 1495 509 1532; x_wconf 87' lang='lat' dir='ltr'>cum</span> <span class='ocrx_word' id='word_1_77' title='bbox 543 1477 632 1531; x_wconf 89' lang='lat' dir='ltr'>his</span> <span class='ocrx_word' id='word_1_78' title='bbox 678 1481 1016 1548; x_wconf 89' lang='lat' dir='ltr'>perpetuum</span> <span class='ocrx_word' id='word_1_79' title='bbox 1063 1473 1120 1528; x_wconf 91' lang='lat' dir='ltr'>in</span> <span class='ocrx_word' id='word_1_80' title='bbox 1153 1472 1426 1530; x_wconf 88' lang='lat' dir='ltr'>omnibus</span> <span class='ocrx_word' id='word_1_81' title='bbox 1481 1491 1828 1531; x_wconf 80' lang='lat' dir='ltr'>consensum</span> <span class='ocrx_word' id='word_1_82' title='bbox 1893 1494 2023 1534; x_wconf 90' lang='lat' dir='ltr'>con-</span> 
     </span>
    </p>
   </div>
   <div class='ocr_carea' id='block_1_17' title="bbox 379 1563 2022 1638">
    <p class='ocr_par' dir='ltr' id='par_1_17' title="bbox 379 1563 2022 1638">
     <span class='ocr_line' id='line_1_17' title="bbox 379 1563 2022 1638; baseline -0.002 -15"><span class='ocrx_word' id='word_1_83' title='bbox 379 1567 750 1638; x_wconf 89' lang='lat' dir='ltr'>ceniumque,</span> <span class='ocrx_word' id='word_1_84' title='bbox 803 1569 867 1618; x_wconf 90' lang='lat' dir='ltr'>ut</span> <span class='ocrx_word' id='word_1_85' title='bbox 919 1563 1198 1618; x_wconf 85' lang='lat' dir='ltr'>musicam</span> <span class='ocrx_word' id='word_1_86' title='bbox 1269 1563 1582 1632; x_wconf 84' lang='lat' dir='ltr'>quamdam</span> <span class='ocrx_word' id='word_1_87' title='bbox 1651 1569 1834 1621; x_wconf 91' lang='lat' dir='ltr'>totum</span> <span class='ocrx_word' id='word_1_88' title='bbox 1895 1583 2022 1621; x_wconf 85' lang='lat' dir='ltr'>ora-</span> 
     </span>
    </p>
   </div>
   <div class='ocr_carea' id='block_1_18' title="bbox 383 1653 2023 1726">
    <p class='ocr_par' dir='ltr' id='par_1_18' title="bbox 383 1653 2023 1726">
     <span class='ocr_line' id='line_1_18' title="bbox 383 1653 2023 1726; baseline -0.001 -15"><span class='ocrx_word' id='word_1_89' title='bbox 383 1657 554 1711; x_wconf 91' lang='lat' dir='ltr'>tionis</span> <span class='ocrx_word' id='word_1_90' title='bbox 612 1655 967 1710; x_wconf 88' lang='lat' dir='ltr'>animantem</span> <span class='ocrx_word' id='word_1_91' title='bbox 1045 1668 1254 1721; x_wconf 87' lang='lat' dir='ltr'>corpus</span> <span class='ocrx_word' id='word_1_92' title='bbox 1342 1669 1354 1706; x_wconf 90' lang='lat'>:</span> <span class='ocrx_word' id='word_1_93' title='bbox 1416 1653 1466 1709; x_wconf 86' lang='lat' dir='ltr'>si</span> <span class='ocrx_word' id='word_1_94' title='bbox 1540 1654 1680 1720; x_wconf 71' lang='lat' dir='ltr'>haec,</span> <span class='ocrx_word' id='word_1_95' title='bbox 1761 1655 2023 1726; x_wconf 88' lang='lat' dir='ltr'>inquam,</span> 
     </span>
    </p>
   </div>
   <div class='ocr_carea' id='block_1_19' title="bbox 383 1741 2024 1816">
    <p class='ocr_par' dir='ltr' id='par_1_19' title="bbox 383 1741 2024 1816">
     <span class='ocr_line' id='line_1_19' title="bbox 383 1741 2024 1816; baseline 0 -16"><span class='ocrx_word' id='word_1_96' title='bbox 383 1745 655 1801; x_wconf 88' lang='lat' dir='ltr'>universa</span> <span class='ocrx_word' id='word_1_97' title='bbox 692 1743 924 1814; x_wconf 62' lang='lat' dir='ltr'>quieris,</span> <span class='ocrx_word' id='word_1_98' title='bbox 977 1741 1036 1796; x_wconf 92' lang='lat' dir='ltr'>in</span> <span class='ocrx_word' id='word_1_99' title='bbox 1095 1741 1270 1796; x_wconf 89' lang='lat' dir='ltr'>unius</span> <span class='ocrx_word' id='word_1_100' title='bbox 1327 1741 1588 1814; x_wconf 82' lang='lat' dir='ltr'>Gregorii</span> <span class='ocrx_word' id='word_1_101' title='bbox 1643 1744 2024 1816; x_wconf 84' lang='lat' dir='ltr'>orationibus,</span> 
     </span>
    </p>
   </div>
   <div class='ocr_carea' id='block_1_20' title="bbox 2121 583 3773 660">
    <p class='ocr_par' dir='ltr' id='par_1_20' title="bbox 2121 583 3773 660">
     <span class='ocr_line' id='line_1_20' title="bbox 2121 583 3773 660; baseline -0.001 -19"><span class='ocrx_word' id='word_1_102' title='bbox 2121 583 2501 656; x_wconf 78' lang='grc' dir='ltr'>ἅττικιζοόσης</span> <span class='ocrx_word' id='word_1_103' title='bbox 2555 583 2714 657; x_wconf 71' lang='grc' dir='ltr'>ἕξεως</span> <span class='ocrx_word' id='word_1_104' title='bbox 2782 587 2858 648; x_wconf 88' lang='grc' dir='ltr'>εἰς</span> <span class='ocrx_word' id='word_1_105' title='bbox 2917 589 3054 640; x_wconf 80' lang='grc' dir='ltr'>ἅπαν</span> <span class='ocrx_word' id='word_1_106' title='bbox 3105 587 3330 649; x_wconf 77' lang='grc' dir='ltr'>ἱούσας’</span> <span class='ocrx_word' id='word_1_107' title='bbox 3384 584 3472 640; x_wconf 78' lang='grc' dir='ltr'>ἒάν</span> <span class='ocrx_word' id='word_1_108' title='bbox 3513 608 3572 641; x_wconf 89' lang='grc' dir='ltr'>τε</span> <span class='ocrx_word' id='word_1_109' title='bbox 3625 606 3773 660; x_wconf 84' lang='grc' dir='ltr'>σχη-</span> 
     </span>
    </p>
   </div>
   <div class='ocr_carea' id='block_1_21' title="bbox 2129 673 3776 750">
    <p class='ocr_par' dir='ltr' id='par_1_21' title="bbox 2129 673 3776 750">
     <span class='ocr_line' id='line_1_21' title="bbox 2129 673 3776 750; baseline -0.001 -20"><span class='ocrx_word' id='word_1_110' title='bbox 2129 677 2309 749; x_wconf 81' lang='grc' dir='ltr'>μάτων</span> <span class='ocrx_word' id='word_1_111' title='bbox 2361 675 2681 750; x_wconf 81' lang='grc' dir='ltr'>ἒναλλαγαῖς</span> <span class='ocrx_word' id='word_1_112' title='bbox 2729 674 3073 750; x_wconf 70' lang='grc' dir='ltr'>[ἓναλλαγας]</span> <span class='ocrx_word' id='word_1_113' title='bbox 3126 673 3481 746; x_wconf 74' lang='grc' dir='ltr'>ἐπαλλήλους</span> <span class='ocrx_word' id='word_1_114' title='bbox 3520 677 3610 730; x_wconf 88' lang='grc' dir='ltr'>καὶ</span> <span class='ocrx_word' id='word_1_115' title='bbox 3642 697 3776 750; x_wconf 88' lang='grc' dir='ltr'>γορ-</span> 
     </span>
    </p>
   </div>
   <div class='ocr_carea' id='block_1_22' title="bbox 2121 762 3776 841">
    <p class='ocr_par' dir='ltr' id='par_1_22' title="bbox 2121 762 3776 841">
     <span class='ocr_line' id='line_1_22' title="bbox 2121 762 3776 841; baseline -0.001 -23"><span class='ocrx_word' id='word_1_116' title='bbox 2121 767 2356 840; x_wconf 85' lang='grc' dir='ltr'>γότητας</span> <span class='ocrx_word' id='word_1_117' title='bbox 2403 766 2491 818; x_wconf 85' lang='grc' dir='ltr'>καὶ</span> <span class='ocrx_word' id='word_1_118' title='bbox 2537 765 2770 841; x_wconf 72' lang='grc' dir='ltr'>στροφὰς</span> <span class='ocrx_word' id='word_1_119' title='bbox 2800 765 2892 818; x_wconf 87' lang='grc' dir='ltr'>καὶ</span> <span class='ocrx_word' id='word_1_120' title='bbox 2931 763 3285 835; x_wconf 72' lang='grc' dir='ltr'>καινοτομίας</span> <span class='ocrx_word' id='word_1_121' title='bbox 3333 762 3640 838; x_wconf 81' lang='grc' dir='ltr'>ἐντέχνους,</span> <span class='ocrx_word' id='word_1_122' title='bbox 3681 766 3776 819; x_wconf 80' lang='grc' dir='ltr'>καὶ</span> 
     </span>
    </p>
   </div>
   <div class='ocr_carea' id='block_1_23' title="bbox 2128 848 3777 928">
    <p class='ocr_par' dir='ltr' id='par_1_23' title="bbox 2128 848 3777 928">
     <span class='ocr_line' id='line_1_23' title="bbox 2128 848 3777 928; baseline -0.001 -20"><span class='ocrx_word' id='word_1_123' title='bbox 2128 857 2236 926; x_wconf 75' lang='grc' dir='ltr'>μὴν</span> <span class='ocrx_word' id='word_1_124' title='bbox 2294 856 2384 908; x_wconf 81' lang='grc' dir='ltr'>καὶ</span> <span class='ocrx_word' id='word_1_125' title='bbox 2453 852 2740 915; x_wconf 71' lang='grc' dir='ltr'>συνθέσεως</span> <span class='ocrx_word' id='word_1_126' title='bbox 2808 848 3084 928; x_wconf 79' lang='grc' dir='ltr'>ἀκρίϐειαν</span> <span class='ocrx_word' id='word_1_127' title='bbox 3161 854 3252 907; x_wconf 79' lang='grc' dir='ltr'>καὶ</span> <span class='ocrx_word' id='word_1_128' title='bbox 3325 853 3534 928; x_wconf 73' lang='grc' dir='ltr'>ῥυθμοῦ</span> <span class='ocrx_word' id='word_1_129' title='bbox 3597 855 3777 924; x_wconf 78' lang='grc' dir='ltr'>τάξιν,</span> 
     </span>
    </p>
   </div>
   <div class='ocr_carea' id='block_1_24' title="bbox 2125 942 3777 1016">
    <p class='ocr_par' dir='ltr' id='par_1_24' title="bbox 2125 942 3777 1016">
     <span class='ocr_line' id='line_1_24' title="bbox 2125 942 3777 1016; baseline -0.001 -19"><span class='ocrx_word' id='word_1_130' title='bbox 2125 944 2215 997; x_wconf 84' lang='grc' dir='ltr'>καὶ</span> <span class='ocrx_word' id='word_1_131' title='bbox 2290 942 2495 1004; x_wconf 78' lang='grc' dir='ltr'>κάλλος</span> <span class='ocrx_word' id='word_1_132' title='bbox 2577 943 2710 1015; x_wconf 75' lang='grc' dir='ltr'>μετὰ</span> <span class='ocrx_word' id='word_1_133' title='bbox 2785 943 3119 1014; x_wconf 86' lang='grc' dir='ltr'>σεμνότητος</span> <span class='ocrx_word' id='word_1_134' title='bbox 3202 943 3604 1016; x_wconf 75' lang='grc' dir='ltr'>κεχάρισμένης</span> <span class='ocrx_word' id='word_1_135' title='bbox 3681 943 3777 996; x_wconf 75' lang='grc' dir='ltr'>καὶ</span> 
     </span>
    </p>
   </div>
   <div class='ocr_carea' id='block_1_25' title="bbox 2126 1030 3778 1106">
    <p class='ocr_par' dir='ltr' id='par_1_25' title="bbox 2126 1030 3778 1106">
     <span class='ocr_line' id='line_1_25' title="bbox 2126 1030 3778 1106; baseline 0.001 -21"><span class='ocrx_word' id='word_1_136' title='bbox 2126 1031 2326 1102; x_wconf 73' lang='grc' dir='ltr'>ἤθους’</span> <span class='ocrx_word' id='word_1_137' title='bbox 2361 1034 2450 1087; x_wconf 80' lang='grc' dir='ltr'>καὶ</span> <span class='ocrx_word' id='word_1_138' title='bbox 2482 1033 2616 1106; x_wconf 87' lang='grc' dir='ltr'>πρὸς</span> <span class='ocrx_word' id='word_1_139' title='bbox 2648 1033 2867 1093; x_wconf 78' lang='grc' dir='ltr'>τούτοις</span> <span class='ocrx_word' id='word_1_140' title='bbox 2914 1032 3003 1085; x_wconf 86' lang='grc' dir='ltr'>καὶ</span> <span class='ocrx_word' id='word_1_141' title='bbox 3048 1033 3182 1104; x_wconf 84' lang='grc' dir='ltr'>μετᾶ</span> <span class='ocrx_word' id='word_1_142' title='bbox 3221 1033 3455 1103; x_wconf 80' lang='grc' dir='ltr'>τούτων,</span> <span class='ocrx_word' id='word_1_143' title='bbox 3501 1034 3599 1100; x_wconf 80' lang='grc' dir='ltr'>τὴν</span> <span class='ocrx_word' id='word_1_144' title='bbox 3645 1030 3778 1087; x_wconf 77' lang='grc' dir='ltr'>δια-</span> 
     </span>
    </p>
   </div>
   <div class='ocr_carea' id='block_1_26' title="bbox 2128 1120 3774 1198">
    <p class='ocr_par' dir='ltr' id='par_1_26' title="bbox 2128 1120 3774 1198">
     <span class='ocr_line' id='line_1_26' title="bbox 2128 1120 3774 1198; baseline -0.001 -23"><span class='ocrx_word' id='word_1_145' title='bbox 2128 1120 2340 1175; x_wconf 85' lang='grc' dir='ltr'>πάντων</span> <span class='ocrx_word' id='word_1_146' title='bbox 2378 1120 2674 1194; x_wconf 81' lang='grc' dir='ltr'>ὁμολογίαν</span> <span class='ocrx_word' id='word_1_147' title='bbox 2706 1120 2796 1174; x_wconf 84' lang='grc' dir='ltr'>καὶ</span> <span class='ocrx_word' id='word_1_148' title='bbox 2841 1123 3108 1193; x_wconf 81' lang='grc' dir='ltr'>μουσικὴν</span> <span class='ocrx_word' id='word_1_149' title='bbox 3140 1123 3238 1190; x_wconf 87' lang='grc' dir='ltr'>τήν</span> <span class='ocrx_word' id='word_1_150' title='bbox 3277 1121 3340 1176; x_wconf 84' lang='grc' dir='ltr'>τὸ</span> <span class='ocrx_word' id='word_1_151' title='bbox 3385 1121 3512 1176; x_wconf 82' lang='grc' dir='ltr'>δλον</span> <span class='ocrx_word' id='word_1_152' title='bbox 3551 1124 3774 1198; x_wconf 84' lang='grc' dir='ltr'>ψυχοῦ-</span> 
     </span>
    </p>
   </div>
   <div class='ocr_carea' id='block_1_27' title="bbox 2131 1208 3777 1283">
    <p class='ocr_par' dir='ltr' id='par_1_27' title="bbox 2131 1208 3777 1283">
     <span class='ocr_line' id='line_1_27' title="bbox 2131 1208 3777 1283; baseline 0 -19"><span class='ocrx_word' id='word_1_153' title='bbox 2131 1230 2224 1264; x_wconf 82' lang='grc' dir='ltr'>σαν</span> <span class='ocrx_word' id='word_1_154' title='bbox 2259 1228 2272 1241; x_wconf 93' lang='grc'><strong>·</strong></span> <span class='ocrx_word' id='word_1_155' title='bbox 2323 1209 2411 1264; x_wconf 69' lang='grc' dir='ltr'>ἐὰν</span> <span class='ocrx_word' id='word_1_156' title='bbox 2461 1214 2629 1264; x_wconf 90' lang='grc' dir='ltr'>ταῦτα</span> <span class='ocrx_word' id='word_1_157' title='bbox 2680 1209 2851 1263; x_wconf 73' lang='grc' dir='ltr'>πάντα</span> <span class='ocrx_word' id='word_1_158' title='bbox 2910 1215 3103 1279; x_wconf 82' lang='grc' dir='ltr'>ζητῆς,</span> <span class='ocrx_word' id='word_1_159' title='bbox 3162 1208 3215 1263; x_wconf 83' lang='grc' dir='ltr'>ἐν</span> <span class='ocrx_word' id='word_1_160' title='bbox 3278 1210 3375 1283; x_wconf 75' lang='grc' dir='ltr'>μὲν</span> <span class='ocrx_word' id='word_1_161' title='bbox 3425 1215 3541 1270; x_wconf 77' lang='grc' dir='ltr'>τοῖς</span> <span class='ocrx_word' id='word_1_162' title='bbox 3599 1211 3777 1264; x_wconf 83' lang='grc' dir='ltr'>αὐτοῦ</span> 
     </span>
    </p>
   </div>
   <div class='ocr_carea' id='block_1_28' title="bbox 2131 1297 3774 1373">
    <p class='ocr_par' dir='ltr' id='par_1_28' title="bbox 2131 1297 3774 1373">
     <span class='ocr_line' id='line_1_28' title="bbox 2131 1297 3774 1373; baseline 0 -19"><span class='ocrx_word' id='word_1_163' title='bbox 2131 1297 2319 1372; x_wconf 80' lang='grc' dir='ltr'>λόγοις</span> <span class='ocrx_word' id='word_1_164' title='bbox 2367 1297 2554 1370; x_wconf 86' lang='grc' dir='ltr'>μόνοις</span> <span class='ocrx_word' id='word_1_165' title='bbox 2598 1300 2846 1373; x_wconf 75' lang='grc' dir='ltr'>εὑρήσεις</span> <span class='ocrx_word' id='word_1_166' title='bbox 2889 1299 3024 1371; x_wconf 83' lang='grc' dir='ltr'>μετὰ</span> <span class='ocrx_word' id='word_1_167' title='bbox 3059 1299 3257 1360; x_wconf 84' lang='grc' dir='ltr'>παντὸς</span> <span class='ocrx_word' id='word_1_168' title='bbox 3305 1303 3403 1354; x_wconf 89' lang='grc' dir='ltr'>τοῦ</span> <span class='ocrx_word' id='word_1_169' title='bbox 3453 1298 3774 1372; x_wconf 84' lang='grc' dir='ltr'>βελτίονος⁶</span> 
     </span>
    </p>
   </div>
   <div class='ocr_carea' id='block_1_29' title="bbox 2131 1384 3780 1460">
    <p class='ocr_par' dir='ltr' id='par_1_29' title="bbox 2131 1384 3780 1460">
     <span class='ocr_line' id='line_1_29' title="bbox 2131 1384 3780 1460; baseline 0.001 -20"><span class='ocrx_word' id='word_1_170' title='bbox 2131 1385 2180 1440; x_wconf 84' lang='grc' dir='ltr'>ἐν</span> <span class='ocrx_word' id='word_1_171' title='bbox 2215 1387 2260 1458; x_wconf 84' lang='grc' dir='ltr'>ᾧ</span> <span class='ocrx_word' id='word_1_172' title='bbox 2312 1384 2369 1440; x_wconf 75' lang='grc' dir='ltr'>δὲ</span> <span class='ocrx_word' id='word_1_173' title='bbox 2405 1389 2586 1459; x_wconf 79' lang='grc' dir='ltr'>τούτῳ</span> <span class='ocrx_word' id='word_1_174' title='bbox 2633 1389 2695 1442; x_wconf 87' lang='grc' dir='ltr'>τὸ</span> <span class='ocrx_word' id='word_1_175' title='bbox 2748 1385 2961 1460; x_wconf 81' lang='grc' dir='ltr'>μᾶλλόν</span> <span class='ocrx_word' id='word_1_176' title='bbox 3013 1385 3129 1442; x_wconf 87' lang='grc' dir='ltr'>ἐστι</span> <span class='ocrx_word' id='word_1_177' title='bbox 3178 1388 3268 1442; x_wconf 87' lang='grc' dir='ltr'>καὶ</span> <span class='ocrx_word' id='word_1_178' title='bbox 3299 1389 3344 1460; x_wconf 82' lang='grc' dir='ltr'>ᾦ</span> <span class='ocrx_word' id='word_1_179' title='bbox 3378 1387 3640 1460; x_wconf 86' lang='grc' dir='ltr'>μειζόνως</span> <span class='ocrx_word' id='word_1_180' title='bbox 3691 1386 3780 1441; x_wconf 83' lang='grc' dir='ltr'>ἐκ-</span> 
     </span>
    </p>
   </div>
   <div class='ocr_carea' id='block_1_30' title="bbox 2130 1473 3781 1550">
    <p class='ocr_par' dir='ltr' id='par_1_30' title="bbox 2130 1473 3781 1550">
     <span class='ocr_line' id='line_1_30' title="bbox 2130 1473 3781 1550; baseline -0.001 -18"><span class='ocrx_word' id='word_1_181' title='bbox 2130 1476 2358 1549; x_wconf 85' lang='grc' dir='ltr'>λάμπει,</span> <span class='ocrx_word' id='word_1_182' title='bbox 2389 1477 2452 1531; x_wconf 86' lang='grc' dir='ltr'>τὸ</span> <span class='ocrx_word' id='word_1_183' title='bbox 2485 1474 2530 1530; x_wconf 84' lang='grc' dir='ltr'>δ’</span> <span class='ocrx_word' id='word_1_184' title='bbox 2563 1478 2666 1532; x_wconf 82' lang='grc' dir='ltr'>οὐκ</span> <span class='ocrx_word' id='word_1_185' title='bbox 2707 1477 2769 1532; x_wconf 84' lang='grc' dir='ltr'>ἄν</span> <span class='ocrx_word' id='word_1_186' title='bbox 2809 1497 2942 1531; x_wconf 87' lang='grc' dir='ltr'>ποτε</span> <span class='ocrx_word' id='word_1_187' title='bbox 2988 1476 3176 1550; x_wconf 85' lang='grc' dir='ltr'>γνοίης</span> <span class='ocrx_word' id='word_1_188' title='bbox 3202 1495 3215 1508; x_wconf 75' lang='grc'><strong>⁸</strong></span> <span class='ocrx_word' id='word_1_189' title='bbox 3265 1475 3486 1531; x_wconf 74' lang='grc' dir='ltr'>ἕκαστον</span> <span class='ocrx_word' id='word_1_190' title='bbox 3517 1481 3646 1550; x_wconf 87' lang='grc' dir='ltr'>γοῦν</span> <span class='ocrx_word' id='word_1_191' title='bbox 3680 1473 3781 1531; x_wconf 84' lang='grc' dir='ltr'>δο-</span> 
     </span>
    </p>
   </div>
   <div class='ocr_carea' id='block_1_31' title="bbox 2131 1563 3776 1642">
    <p class='ocr_par' dir='ltr' id='par_1_31' title="bbox 2131 1563 3776 1642">
     <span class='ocr_line' id='line_1_31' title="bbox 2131 1563 3776 1642; baseline -0.001 -22"><span class='ocrx_word' id='word_1_192' title='bbox 2131 1571 2216 1620; x_wconf 91' lang='grc' dir='ltr'>κεῖ</span> <span class='ocrx_word' id='word_1_193' title='bbox 2264 1566 2358 1638; x_wconf 81' lang='grc' dir='ltr'>μέν</span> <span class='ocrx_word' id='word_1_194' title='bbox 2404 1587 2521 1627; x_wconf 89' lang='grc' dir='ltr'>πως</span> <span class='ocrx_word' id='word_1_195' title='bbox 2576 1563 2650 1627; x_wconf 83' lang='grc' dir='ltr'>ὥς</span> <span class='ocrx_word' id='word_1_196' title='bbox 2695 1569 2744 1640; x_wconf 87' lang='grc' dir='ltr'>γ’</span> <span class='ocrx_word' id='word_1_197' title='bbox 2794 1564 2855 1620; x_wconf 83' lang='grc' dir='ltr'>ἐκ</span> <span class='ocrx_word' id='word_1_198' title='bbox 2899 1570 2997 1620; x_wconf 92' lang='grc' dir='ltr'>τοῦ</span> <span class='ocrx_word' id='word_1_199' title='bbox 3041 1566 3481 1642; x_wconf 72' lang='grc' dir='ltr'>προφαινομένου</span> <span class='ocrx_word' id='word_1_200' title='bbox 3527 1571 3776 1640; x_wconf 90' lang='grc' dir='ltr'>κρεῖττον</span> 
     </span>
    </p>
   </div>
   <div class='ocr_carea' id='block_1_32' title="bbox 2135 1653 3780 1730">
    <p class='ocr_par' dir='ltr' id='par_1_32' title="bbox 2135 1653 3780 1730">
     <span class='ocr_line' id='line_1_32' title="bbox 2135 1653 3780 1730; baseline 0 -21"><span class='ocrx_word' id='word_1_201' title='bbox 2135 1653 2404 1725; x_wconf 73' lang='grc' dir='ltr'>δήπουθεν</span> <span class='ocrx_word' id='word_1_202' title='bbox 2456 1655 2594 1709; x_wconf 83' lang='grc' dir='ltr'>εἶναι</span> <span class='ocrx_word' id='word_1_203' title='bbox 2640 1656 2728 1710; x_wconf 79' lang='grc' dir='ltr'>καὶ</span> <span class='ocrx_word' id='word_1_204' title='bbox 2775 1659 2882 1709; x_wconf 80' lang='grc' dir='ltr'>τῶν</span> <span class='ocrx_word' id='word_1_205' title='bbox 2927 1653 3140 1710; x_wconf 79' lang='grc' dir='ltr'>λοιπῶν</span> <span class='ocrx_word' id='word_1_206' title='bbox 3190 1655 3494 1730; x_wconf 75' lang='grc' dir='ltr'>ὑπερέχονσ</span> <span class='ocrx_word' id='word_1_207' title='bbox 3546 1653 3780 1729; x_wconf 83' lang='grc' dir='ltr'>ἐλέγχε-</span> 
     </span>
    </p>
   </div>
   <div class='ocr_carea' id='block_1_33' title="bbox 2135 1739 3783 1816">
    <p class='ocr_par' dir='ltr' id='par_1_33' title="bbox 2135 1739 3783 1816">
     <span class='ocr_line' id='line_1_33' title="bbox 2135 1739 3783 1816; baseline 0 -18"><span class='ocrx_word' id='word_1_208' title='bbox 2135 1765 2220 1798; x_wconf 87' lang='grc' dir='ltr'>ται</span> <span class='ocrx_word' id='word_1_209' title='bbox 2263 1743 2321 1798; x_wconf 77' lang='grc' dir='ltr'>δε</span> <span class='ocrx_word' id='word_1_210' title='bbox 2369 1744 2522 1799; x_wconf 81' lang='grc' dir='ltr'>πάντ’</span> <span class='ocrx_word' id='word_1_211' title='bbox 2572 1743 2729 1807; x_wconf 85' lang='grc' dir='ltr'>εὐθὺς</span> <span class='ocrx_word' id='word_1_212' title='bbox 2791 1739 2920 1798; x_wconf 77' lang='grc' dir='ltr'>ὅντα</span> <span class='ocrx_word' id='word_1_213' title='bbox 2965 1748 3074 1798; x_wconf 81' lang='grc' dir='ltr'>τῶν</span> <span class='ocrx_word' id='word_1_214' title='bbox 3124 1741 3275 1816; x_wconf 73' lang='grc' dir='ltr'>ἴσων,</span> <span class='ocrx_word' id='word_1_215' title='bbox 3325 1744 3414 1798; x_wconf 83' lang='grc' dir='ltr'>καὶ</span> <span class='ocrx_word' id='word_1_216' title='bbox 3456 1747 3556 1812; x_wconf 77' lang='grc' dir='ltr'>τῆς</span> <span class='ocrx_word' id='word_1_217' title='bbox 3601 1744 3783 1813; x_wconf 77' lang='grc' dir='ltr'>αὐτῆς</span> 
     </span>
    </p>
   </div>
   <div class='ocr_carea' id='block_1_34' title="bbox 385 1830 2040 1928">
    <p class='ocr_par' dir='ltr' id='par_1_34' title="bbox 385 1830 2023 1907">
     <span class='ocr_line' id='line_1_34' title="bbox 385 1830 2023 1907; baseline -0.001 -17"><span class='ocrx_word' id='word_1_218' title='bbox 385 1837 667 1907; x_wconf 80' lang='lat' dir='ltr'>longeque</span> <span class='ocrx_word' id='word_1_219' title='bbox 717 1832 966 1904; x_wconf 86' lang='lat' dir='ltr'>profecto</span> <span class='ocrx_word' id='word_1_220' title='bbox 990 1830 1233 1902; x_wconf 88' lang='lat' dir='ltr'>optima,</span> <span class='ocrx_word' id='word_1_221' title='bbox 1267 1832 1465 1886; x_wconf 72' lang='lat' dir='ltr'>eadem</span> <span class='ocrx_word' id='word_1_222' title='bbox 1517 1834 1767 1904; x_wconf 83' lang='lat' dir='ltr'>reperies</span> <span class='ocrx_word' id='word_1_223' title='bbox 1801 1835 1917 1889; x_wconf 88' lang='lat' dir='ltr'>:ita</span> <span class='ocrx_word' id='word_1_224' title='bbox 1939 1851 2023 1891; x_wconf 80' lang='lat' dir='ltr'>ve-</span> 
     </span>
    </p>
   </div>
   <div class='ocr_carea' id='block_1_35' title="bbox 2154 1830 3779 1928">
    <p class='ocr_par' dir='ltr' id='par_1_35' title="bbox 2154 1833 3779 1908">
     <span class='ocr_line' id='line_1_35' title="bbox 2154 1833 3779 1908; baseline 0.001 -20"><span class='ocrx_word' id='word_1_225' title='bbox 2154 1833 2370 1902; x_wconf 67' lang='grc' dir='ltr'>τπουδῆς</span> <span class='ocrx_word' id='word_1_226' title='bbox 2427 1835 2516 1888; x_wconf 76' lang='grc' dir='ltr'>καὶ</span> <span class='ocrx_word' id='word_1_227' title='bbox 2568 1833 2852 1908; x_wconf 83' lang='grc' dir='ltr'>βακχείας,</span> <span class='ocrx_word' id='word_1_228' title='bbox 2901 1837 3141 1888; x_wconf 83' lang='grc' dir='ltr'>νεκῶντα</span> <span class='ocrx_word' id='word_1_229' title='bbox 3192 1835 3286 1906; x_wconf 70' lang='grc' dir='ltr'>μὲν</span> <span class='ocrx_word' id='word_1_230' title='bbox 3327 1836 3429 1902; x_wconf 79' lang='grc' dir='ltr'>τὴν</span> <span class='ocrx_word' id='word_1_231' title='bbox 3481 1837 3586 1908; x_wconf 89' lang='lat' dir='ltr'>[an</span> <span class='ocrx_word' id='word_1_232' title='bbox 3615 1833 3779 1906; x_wconf 64' lang='grc' dir='ltr'>τὰἳ]</span> 
     </span>
    </p>
   </div>
   <div class='ocr_carea' id='block_1_36' title="bbox 386 1920 2040 1996">
    <p class='ocr_par' dir='ltr' id='par_1_36' title="bbox 386 1920 2026 1995">
     <span class='ocr_line' id='line_1_36' title="bbox 386 1920 2026 1995; baseline 0 -16"><span class='ocrx_word' id='word_1_233' title='bbox 386 1942 470 1989; x_wconf 89' lang='lat' dir='ltr'>ro,</span> <span class='ocrx_word' id='word_1_234' title='bbox 504 1931 565 1978; x_wconf 87' lang='lat' dir='ltr'>ut</span> <span class='ocrx_word' id='word_1_235' title='bbox 622 1921 958 1992; x_wconf 82' lang='lat' dir='ltr'>neutiquam</span> <span class='ocrx_word' id='word_1_236' title='bbox 995 1920 1322 1991; x_wconf 85' lang='lat' dir='ltr'>perspicere</span> <span class='ocrx_word' id='word_1_237' title='bbox 1367 1937 1565 1992; x_wconf 88' lang='lat' dir='ltr'>queas,</span> <span class='ocrx_word' id='word_1_238' title='bbox 1599 1939 1852 1994; x_wconf 87' lang='lat' dir='ltr'>quonam</span> <span class='ocrx_word' id='word_1_239' title='bbox 1905 1923 2026 1995; x_wconf 87' lang='lat' dir='ltr'>ipse</span> 
     </span>
    </p>
   </div>
   <div class='ocr_carea' id='block_1_37' title="bbox 2154 1920 3326 1996">
    <p class='ocr_par' dir='ltr' id='par_1_37' title="bbox 2154 1921 3326 1996">
     <span class='ocr_line' id='line_1_37' title="bbox 2154 1921 3326 1996; baseline 0.002 -20"><span class='ocrx_word' id='word_1_240' title='bbox 2154 1928 2237 1976; x_wconf 76' lang='grc' dir='ltr'>τῶν</span> <span class='ocrx_word' id='word_1_241' title='bbox 2273 1921 2484 1992; x_wconf 83' lang='grc' dir='ltr'>ἄλλων,</span> <span class='ocrx_word' id='word_1_242' title='bbox 2519 1923 2621 1978; x_wconf 81' lang='grc' dir='ltr'>ὑπὸ</span> <span class='ocrx_word' id='word_1_243' title='bbox 2655 1921 2700 1978; x_wconf 84' lang='grc' dir='ltr'>δ’</span> <span class='ocrx_word' id='word_1_244' title='bbox 2731 1921 2998 1993; x_wconf 77' lang='grc' dir='ltr'>ἀλλήλων</span> <span class='ocrx_word' id='word_1_245' title='bbox 3030 1923 3326 1996; x_wconf 86' lang='grc' dir='ltr'>νικώμενα.</span> 
     </span>
    </p>
   </div>
   <div class='ocr_carea' id='block_1_38' title="bbox 384 2010 3781 2086">
    <p class='ocr_par' dir='ltr' id='par_1_38' title="bbox 384 2010 3781 2086">
     <span class='ocr_line' id='line_1_38' title="bbox 384 2010 3781 2086; baseline -0.001 -18"><span class='ocrx_word' id='word_1_246' title='bbox 384 2030 593 2085; x_wconf 70' lang='lat' dir='ltr'>genere</span> <span class='ocrx_word' id='word_1_247' title='bbox 621 2015 852 2082; x_wconf 68' lang='lat' dir='ltr'>praestet</span> <span class='ocrx_word' id='word_1_248' title='bbox 881 2010 1129 2065; x_wconf 84' lang='lat' dir='ltr'>maxime</span> <span class='ocrx_word' id='word_1_249' title='bbox 1157 2025 1220 2064; x_wconf 90' lang='lat' dir='ltr'>ac</span> <span class='ocrx_word' id='word_1_250' title='bbox 1253 2010 1472 2065; x_wconf 81' lang='lat' dir='ltr'>eluceat</span> <span class='ocrx_word' id='word_1_251' title='bbox 1505 2027 1750 2084; x_wconf 90' lang='lat' dir='ltr'>:nempe</span> <span class='ocrx_word' id='word_1_252' title='bbox 1794 2014 1982 2084; x_wconf 90' lang='lat' dir='ltr'>primo</span> <span class='ocrx_word' id='word_1_253' title='bbox 2037 2015 2289 2085; x_wconf 84' lang='lat' dir='ltr'>quidque</span> <span class='ocrx_word' id='word_1_254' title='bbox 2345 2019 2579 2086; x_wconf 85' lang='lat' dir='ltr'>aspectu</span> <span class='ocrx_word' id='word_1_255' title='bbox 2633 2014 2848 2070; x_wconf 84' lang='lat' dir='ltr'>melius</span> <span class='ocrx_word' id='word_1_256' title='bbox 2897 2015 3120 2071; x_wconf 67' lang='lat' dir='ltr'>casteris</span> <span class='ocrx_word' id='word_1_257' title='bbox 3165 2015 3652 2086; x_wconf 70' lang='lat' dir='ltr'>praestantiusque</span> <span class='ocrx_word' id='word_1_258' title='bbox 3695 2013 3781 2067; x_wconf 92' lang='lat' dir='ltr'>vi-</span> 
     </span>
    </p>
   </div>
   <div class='ocr_carea' id='block_1_39' title="bbox 387 2099 3783 2174">
    <p class='ocr_par' dir='ltr' id='par_1_39' title="bbox 387 2099 3783 2174">
     <span class='ocr_line' id='line_1_39' title="bbox 387 2099 3783 2174; baseline 0 -16"><span class='ocrx_word' id='word_1_259' title='bbox 387 2105 575 2171; x_wconf 85' lang='lat' dir='ltr'>detur,</span> <span class='ocrx_word' id='word_1_260' title='bbox 635 2101 731 2156; x_wconf 85' lang='lat' dir='ltr'>sed</span> <span class='ocrx_word' id='word_1_261' title='bbox 793 2115 921 2156; x_wconf 86' lang='lat' dir='ltr'>mox</span> <span class='ocrx_word' id='word_1_262' title='bbox 977 2107 1168 2154; x_wconf 90' lang='lat' dir='ltr'>tamen</span> <span class='ocrx_word' id='word_1_263' title='bbox 1221 2099 1381 2169; x_wconf 87' lang='lat' dir='ltr'>paria</span> <span class='ocrx_word' id='word_1_264' title='bbox 1433 2100 1585 2154; x_wconf 87' lang='lat' dir='ltr'>inter</span> <span class='ocrx_word' id='word_1_265' title='bbox 1641 2117 1701 2156; x_wconf 91' lang='lat' dir='ltr'>se</span> <span class='ocrx_word' id='word_1_266' title='bbox 1741 2101 1960 2173; x_wconf 87' lang='lat' dir='ltr'>omnia,</span> <span class='ocrx_word' id='word_1_267' title='bbox 2017 2104 2333 2174; x_wconf 79' lang='lat' dir='ltr'>eademque</span> <span class='ocrx_word' id='word_1_268' title='bbox 2382 2120 2521 2159; x_wconf 90' lang='lat' dir='ltr'>cura</span> <span class='ocrx_word' id='word_1_269' title='bbox 2579 2120 2643 2158; x_wconf 86' lang='lat' dir='ltr'>ac</span> <span class='ocrx_word' id='word_1_270' title='bbox 2692 2103 2886 2159; x_wconf 90' lang='lat' dir='ltr'>divina</span> <span class='ocrx_word' id='word_1_271' title='bbox 2933 2104 3114 2158; x_wconf 89' lang='lat' dir='ltr'>animi</span> <span class='ocrx_word' id='word_1_272' title='bbox 3163 2104 3501 2159; x_wconf 87' lang='lat' dir='ltr'>incitatione</span> <span class='ocrx_word' id='word_1_273' title='bbox 3557 2105 3783 2174; x_wconf 82' lang='lat' dir='ltr'>scripta</span> 
     </span>
    </p>
   </div>
   <div class='ocr_carea' id='block_1_40' title="bbox 387 2189 3783 2266">
    <p class='ocr_par' dir='ltr' id='par_1_40' title="bbox 387 2189 3783 2266">
     <span class='ocr_line' id='line_1_40' title="bbox 387 2189 3783 2266; baseline 0 -19"><span class='ocrx_word' id='word_1_274' title='bbox 387 2191 916 2266; x_wconf 88' lang='lat' dir='ltr'>deprehenduntur,</span> <span class='ocrx_word' id='word_1_275' title='bbox 967 2189 1256 2244; x_wconf 88' lang='lat' dir='ltr'>vincentia</span> <span class='ocrx_word' id='word_1_276' title='bbox 1317 2189 1595 2245; x_wconf 89' lang='lat' dir='ltr'>nimirum</span> <span class='ocrx_word' id='word_1_277' title='bbox 1627 2191 1914 2263; x_wconf 89' lang='lat' dir='ltr'>quidquid</span> <span class='ocrx_word' id='word_1_278' title='bbox 1971 2193 2310 2264; x_wconf 88' lang='lat' dir='ltr'>hujusmodi</span> <span class='ocrx_word' id='word_1_279' title='bbox 2353 2195 2504 2266; x_wconf 88' lang='lat' dir='ltr'>apud</span> <span class='ocrx_word' id='word_1_280' title='bbox 2565 2193 2710 2249; x_wconf 88' lang='lat' dir='ltr'>alios</span> <span class='ocrx_word' id='word_1_281' title='bbox 2767 2192 3033 2259; x_wconf 88' lang='lat' dir='ltr'>occurrit,</span> <span class='ocrx_word' id='word_1_282' title='bbox 3083 2194 3237 2249; x_wconf 88' lang='lat' dir='ltr'>seda</span> <span class='ocrx_word' id='word_1_283' title='bbox 3301 2210 3363 2248; x_wconf 90' lang='lat' dir='ltr'>se</span> <span class='ocrx_word' id='word_1_284' title='bbox 3392 2192 3638 2249; x_wconf 89' lang='lat' dir='ltr'>invicem</span> <span class='ocrx_word' id='word_1_285' title='bbox 3674 2209 3783 2248; x_wconf 85' lang='lat' dir='ltr'>su-</span> 
     </span>
    </p>
   </div>
   <div class='ocr_carea' id='block_1_41' title="bbox 390 2288 605 2356">
    <p class='ocr_par' dir='ltr' id='par_1_41' title="bbox 390 2288 605 2356">
     <span class='ocr_line' id='line_1_41' title="bbox 390 2288 605 2356; baseline -0.019 -17"><span class='ocrx_word' id='word_1_286' title='bbox 390 2288 605 2356; x_wconf 83' lang='lat' dir='ltr'>persta.</span> 
     </span>
    </p>
   </div>
   <div class='ocr_carea' id='block_1_42' title="bbox 461 2368 2040 2438">
    <p class='ocr_par' dir='ltr' id='par_1_42' title="bbox 461 2368 2040 2438">
     <span class='ocr_line' id='line_1_42' title="bbox 461 2368 2040 2438; baseline -0.002 -11"><span class='ocrx_word' id='word_1_287' title='bbox 461 2368 928 2428; x_wconf 82' lang='lat' dir='ltr'>XXXII.Scilicet</span> <span class='ocrx_word' id='word_1_288' title='bbox 983 2369 1480 2438; x_wconf 88' lang='lat' dir='ltr'>quemadmodum</span> <span class='ocrx_word' id='word_1_289' title='bbox 1514 2369 1597 2425; x_wconf 92' lang='lat' dir='ltr'>sol</span> <span class='ocrx_word' id='word_1_290' title='bbox 1642 2387 1756 2426; x_wconf 92' lang='lat' dir='ltr'>non</span> <span class='ocrx_word' id='word_1_291' title='bbox 1821 2371 1879 2424; x_wconf 88' lang='lat' dir='ltr'>in</span> <span class='ocrx_word' id='word_1_292' title='bbox 1931 2370 2040 2425; x_wconf 89' lang='lat' dir='ltr'>alia</span> 
     </span>
    </p>
   </div>
   <div class='ocr_carea' id='block_1_43' title="bbox 388 2458 2038 2534">
    <p class='ocr_par' dir='ltr' id='par_1_43' title="bbox 388 2458 2038 2534">
     <span class='ocr_line' id='line_1_43' title="bbox 388 2458 2038 2534; baseline -0.003 -15"><span class='ocrx_word' id='word_1_293' title='bbox 388 2463 646 2519; x_wconf 86' lang='lat' dir='ltr'>locorum</span> <span class='ocrx_word' id='word_1_294' title='bbox 680 2461 835 2534; x_wconf 89' lang='lat' dir='ltr'>plus,</span> <span class='ocrx_word' id='word_1_295' title='bbox 893 2460 951 2515; x_wconf 90' lang='lat' dir='ltr'>in</span> <span class='ocrx_word' id='word_1_296' title='bbox 984 2458 1101 2515; x_wconf 88' lang='lat' dir='ltr'>alia</span> <span class='ocrx_word' id='word_1_297' title='bbox 1132 2462 1326 2515; x_wconf 88' lang='lat' dir='ltr'>minus</span> <span class='ocrx_word' id='word_1_298' title='bbox 1360 2459 1547 2514; x_wconf 87' lang='lat' dir='ltr'>radios</span> <span class='ocrx_word' id='word_1_299' title='bbox 1580 2477 1718 2515; x_wconf 88' lang='lat' dir='ltr'>suos</span> <span class='ocrx_word' id='word_1_300' title='bbox 1747 2460 1907 2530; x_wconf 89' lang='lat' dir='ltr'>jaeit,</span> <span class='ocrx_word' id='word_1_301' title='bbox 1939 2460 2038 2516; x_wconf 89' lang='lat' dir='ltr'>sed</span> 
     </span>
    </p>
   </div>
   <div class='ocr_carea' id='block_1_44' title="bbox 392 2548 2042 2621">
    <p class='ocr_par' dir='ltr' id='par_1_44' title="bbox 392 2548 2042 2621">
     <span class='ocr_line' id='line_1_44' title="bbox 392 2548 2042 2621; baseline -0.001 -15"><span class='ocrx_word' id='word_1_302' title='bbox 392 2553 510 2621; x_wconf 79' lang='lat' dir='ltr'>pari</span> <span class='ocrx_word' id='word_1_303' title='bbox 548 2559 602 2608; x_wconf 92' lang='lat' dir='ltr'>et</span> <span class='ocrx_word' id='word_1_304' title='bbox 627 2550 808 2606; x_wconf 90' lang='lat' dir='ltr'>simili</span> <span class='ocrx_word' id='word_1_305' title='bbox 854 2564 956 2621; x_wconf 88' lang='lat' dir='ltr'>per</span> <span class='ocrx_word' id='word_1_306' title='bbox 1001 2548 1197 2604; x_wconf 89' lang='lat' dir='ltr'>omnia</span> <span class='ocrx_word' id='word_1_307' title='bbox 1247 2549 1431 2619; x_wconf 85' lang='lat' dir='ltr'>gradu</span> <span class='ocrx_word' id='word_1_308' title='bbox 1464 2549 1664 2614; x_wconf 84' lang='lat' dir='ltr'>fertur,</span> <span class='ocrx_word' id='word_1_309' title='bbox 1720 2548 2042 2619; x_wconf 91' lang='lat' dir='ltr'>eodemque</span> 
     </span>
    </p>
   </div>
   <div class='ocr_carea' id='block_1_45' title="bbox 391 2637 2044 2710">
    <p class='ocr_par' dir='ltr' id='par_1_45' title="bbox 391 2637 2044 2710">
     <span class='ocr_line' id='line_1_45' title="bbox 391 2637 2044 2710; baseline -0.002 -14"><span class='ocrx_word' id='word_1_310' title='bbox 391 2643 662 2698; x_wconf 85' lang='lat' dir='ltr'>universa</span> <span class='ocrx_word' id='word_1_311' title='bbox 701 2639 926 2710; x_wconf 82' lang='lat' dir='ltr'>fulgore</span> <span class='ocrx_word' id='word_1_312' title='bbox 957 2637 1172 2708; x_wconf 82' lang='lat' dir='ltr'>replet;</span> <span class='ocrx_word' id='word_1_313' title='bbox 1205 2639 1273 2691; x_wconf 85' lang='lat' dir='ltr'>ad</span> <span class='ocrx_word' id='word_1_314' title='bbox 1305 2637 1576 2692; x_wconf 89' lang='lat' dir='ltr'>eumdem</span> <span class='ocrx_word' id='word_1_315' title='bbox 1609 2642 1665 2692; x_wconf 90' lang='lat' dir='ltr'>et</span> <span class='ocrx_word' id='word_1_316' title='bbox 1697 2642 1892 2693; x_wconf 83' lang='lat' dir='ltr'>noster</span> <span class='ocrx_word' id='word_1_317' title='bbox 1924 2654 2044 2693; x_wconf 86' lang='lat' dir='ltr'>mo-</span> 
     </span>
    </p>
   </div>
   <div class='ocr_carea' id='block_1_46' title="bbox 390 2725 2044 2798">
    <p class='ocr_par' dir='ltr' id='par_1_46' title="bbox 390 2725 2044 2798">
     <span class='ocr_line' id='line_1_46' title="bbox 390 2725 2044 2798; baseline -0.004 -11"><span class='ocrx_word' id='word_1_318' title='bbox 390 2734 547 2797; x_wconf 90' lang='lat' dir='ltr'>dum,</span> <span class='ocrx_word' id='word_1_319' title='bbox 578 2729 721 2784; x_wconf 89' lang='lat' dir='ltr'>illud</span> <span class='ocrx_word' id='word_1_320' title='bbox 754 2729 968 2797; x_wconf 90' lang='lat' dir='ltr'>ubique</span> <span class='ocrx_word' id='word_1_321' title='bbox 999 2725 1288 2796; x_wconf 85' lang='lat' dir='ltr'>sequitur,</span> <span class='ocrx_word' id='word_1_322' title='bbox 1321 2727 1470 2797; x_wconf 91' lang='lat' dir='ltr'>quod</span> <span class='ocrx_word' id='word_1_323' title='bbox 1503 2727 1562 2782; x_wconf 90' lang='lat' dir='ltr'>in</span> <span class='ocrx_word' id='word_1_324' title='bbox 1596 2726 1716 2780; x_wconf 87' lang='lat' dir='ltr'>suis</span> <span class='ocrx_word' id='word_1_325' title='bbox 1755 2726 2044 2798; x_wconf 68' lang='lat' dir='ltr'>praecipue</span> 
     </span>
    </p>
   </div>
   <div class='ocr_carea' id='block_1_47' title="bbox 388 2815 2042 2888">
    <p class='ocr_par' dir='ltr' id='par_1_47' title="bbox 388 2815 2042 2888">
     <span class='ocr_line' id='line_1_47' title="bbox 388 2815 2042 2888; baseline -0.004 -14"><span class='ocrx_word' id='word_1_326' title='bbox 388 2821 620 2885; x_wconf 84' lang='lat' dir='ltr'>eminet,</span> <span class='ocrx_word' id='word_1_327' title='bbox 654 2823 829 2888; x_wconf 86' lang='lat' dir='ltr'>utque</span> <span class='ocrx_word' id='word_1_328' title='bbox 862 2817 919 2870; x_wconf 91' lang='lat' dir='ltr'>in</span> <span class='ocrx_word' id='word_1_329' title='bbox 979 2815 1252 2870; x_wconf 87' lang='lat' dir='ltr'>omnibus</span> <span class='ocrx_word' id='word_1_330' title='bbox 1285 2815 1409 2885; x_wconf 89' lang='lat' dir='ltr'>ipse</span> <span class='ocrx_word' id='word_1_331' title='bbox 1437 2815 1737 2884; x_wconf 70' lang='lat' dir='ltr'>aequaliter</span> <span class='ocrx_word' id='word_1_332' title='bbox 1787 2815 2042 2886; x_wconf 86' lang='lat' dir='ltr'>optimus</span> 
     </span>
    </p>
   </div>
   <div class='ocr_carea' id='block_1_48' title="bbox 395 2903 2042 2974">
    <p class='ocr_par' dir='ltr' id='par_1_48' title="bbox 395 2903 2042 2974">
     <span class='ocr_line' id='line_1_48' title="bbox 395 2903 2042 2974; baseline -0.002 -12"><span class='ocrx_word' id='word_1_333' title='bbox 395 2910 469 2962; x_wconf 89' lang='lat' dir='ltr'>sit</span> <span class='ocrx_word' id='word_1_334' title='bbox 504 2907 750 2969; x_wconf 86' lang='lat' dir='ltr'>laborat,</span> <span class='ocrx_word' id='word_1_335' title='bbox 792 2904 948 2959; x_wconf 91' lang='lat' dir='ltr'>velut</span> <span class='ocrx_word' id='word_1_336' title='bbox 981 2903 1617 2974; x_wconf 84' lang='lat' dir='ltr'>necessistatequadam</span> <span class='ocrx_word' id='word_1_337' title='bbox 1659 2904 1770 2959; x_wconf 87' lang='lat' dir='ltr'>sibi</span> <span class='ocrx_word' id='word_1_338' title='bbox 1803 2908 2042 2971; x_wconf 89' lang='lat' dir='ltr'>statuta,</span> 
     </span>
    </p>
   </div>
   <div class='ocr_carea' id='block_1_49' title="bbox 399 2991 2046 3067">
    <p class='ocr_par' dir='ltr' id='par_1_49' title="bbox 399 2991 2046 3067">
     <span class='ocr_line' id='line_1_49' title="bbox 399 2991 2046 3067; baseline -0.002 -17"><span class='ocrx_word' id='word_1_339' title='bbox 399 3015 466 3051; x_wconf 90' lang='lat' dir='ltr'>ne</span> <span class='ocrx_word' id='word_1_340' title='bbox 498 2996 638 3067; x_wconf 83' lang='lat' dir='ltr'>quid</span> <span class='ocrx_word' id='word_1_341' title='bbox 673 3009 918 3064; x_wconf 82' lang='lat' dir='ltr'>usquam</span> <span class='ocrx_word' id='word_1_342' title='bbox 951 2991 1184 3062; x_wconf 88' lang='lat' dir='ltr'>ulloquc</span> <span class='ocrx_word' id='word_1_343' title='bbox 1215 2992 1386 3048; x_wconf 90' lang='lat' dir='ltr'>modo</span> <span class='ocrx_word' id='word_1_344' title='bbox 1414 2993 1483 3047; x_wconf 88' lang='lat' dir='ltr'>de</span> <span class='ocrx_word' id='word_1_345' title='bbox 1521 2991 1808 3049; x_wconf 83' lang='lat' dir='ltr'>altissima</span> <span class='ocrx_word' id='word_1_346' title='bbox 1830 2993 1928 3048; x_wconf 89' lang='lat' dir='ltr'>illa</span> <span class='ocrx_word' id='word_1_347' title='bbox 1949 3010 2046 3048; x_wconf 88' lang='lat' dir='ltr'>su-</span> 
     </span>
    </p>
   </div>
   <div class='ocr_carea' id='block_1_50' title="bbox 399 3081 2042 3154">
    <p class='ocr_par' dir='ltr' id='par_1_50' title="bbox 399 3081 2042 3154">
     <span class='ocr_line' id='line_1_50' title="bbox 399 3081 2042 3154; baseline -0.004 -13"><span class='ocrx_word' id='word_1_348' title='bbox 399 3086 682 3141; x_wconf 83' lang='lat' dir='ltr'>blimitate</span> <span class='ocrx_word' id='word_1_349' title='bbox 723 3101 829 3138; x_wconf 90' lang='lat' dir='ltr'>sua</span> <span class='ocrx_word' id='word_1_350' title='bbox 861 3081 1116 3138; x_wconf 88' lang='lat' dir='ltr'>remittat</span> <span class='ocrx_word' id='word_1_351' title='bbox 1149 3098 1162 3136; x_wconf 92' lang='lat'>:</span> <span class='ocrx_word' id='word_1_352' title='bbox 1222 3098 1336 3153; x_wconf 91' lang='lat' dir='ltr'>quo</span> <span class='ocrx_word' id='word_1_353' title='bbox 1370 3081 1453 3149; x_wconf 84' lang='lat' dir='ltr'>fit,</span> <span class='ocrx_word' id='word_1_354' title='bbox 1497 3090 1558 3136; x_wconf 89' lang='lat' dir='ltr'>ut</span> <span class='ocrx_word' id='word_1_355' title='bbox 1617 3081 1902 3154; x_wconf 85' lang='lat' dir='ltr'>quidquid</span> <span class='ocrx_word' id='word_1_356' title='bbox 1935 3082 2042 3136; x_wconf 83' lang='lat' dir='ltr'>ad-</span> 
     </span>
    </p>
   </div>
   <div class='ocr_carea' id='block_1_51' title="bbox 399 3170 2044 3242">
    <p class='ocr_par' dir='ltr' id='par_1_51' title="bbox 399 3170 2044 3242">
     <span class='ocr_line' id='line_1_51' title="bbox 399 3170 2044 3242; baseline -0.001 -14"><span class='ocrx_word' id='word_1_357' title='bbox 399 3173 722 3228; x_wconf 63' lang='lat' dir='ltr'>mirationis</span> <span class='ocrx_word' id='word_1_358' title='bbox 752 3171 977 3226; x_wconf 90' lang='lat' dir='ltr'>cunctis</span> <span class='ocrx_word' id='word_1_359' title='bbox 1020 3170 1230 3239; x_wconf 88' lang='lat' dir='ltr'>pariter</span> <span class='ocrx_word' id='word_1_360' title='bbox 1261 3175 1385 3224; x_wconf 89' lang='lat' dir='ltr'>tum</span> <span class='ocrx_word' id='word_1_361' title='bbox 1437 3170 1645 3242; x_wconf 90' lang='lat' dir='ltr'>poetis,</span> <span class='ocrx_word' id='word_1_362' title='bbox 1693 3176 1816 3225; x_wconf 90' lang='lat' dir='ltr'>tum</span> <span class='ocrx_word' id='word_1_363' title='bbox 1851 3175 2044 3226; x_wconf 90' lang='lat' dir='ltr'>orato-</span> 
     </span>
    </p>
   </div>
   <div class='ocr_carea' id='block_1_52' title="bbox 399 3258 2045 3329">
    <p class='ocr_par' dir='ltr' id='par_1_52' title="bbox 399 3258 2045 3329">
     <span class='ocr_line' id='line_1_52' title="bbox 399 3258 2045 3329; baseline -0.003 -11"><span class='ocrx_word' id='word_1_364' title='bbox 399 3265 562 3318; x_wconf 86' lang='lat' dir='ltr'>ribus</span> <span class='ocrx_word' id='word_1_365' title='bbox 619 3261 885 3329; x_wconf 90' lang='lat' dir='ltr'>debetur,</span> <span class='ocrx_word' id='word_1_366' title='bbox 943 3260 998 3313; x_wconf 89' lang='lat' dir='ltr'>id</span> <span class='ocrx_word' id='word_1_367' title='bbox 1078 3276 1250 3313; x_wconf 89' lang='lat' dir='ltr'>omne</span> <span class='ocrx_word' id='word_1_368' title='bbox 1297 3275 1448 3313; x_wconf 89' lang='lat' dir='ltr'>unus</span> <span class='ocrx_word' id='word_1_369' title='bbox 1499 3258 1611 3314; x_wconf 90' lang='lat' dir='ltr'>sibi</span> <span class='ocrx_word' id='word_1_370' title='bbox 1670 3258 2045 3314; x_wconf 88' lang='lat' dir='ltr'>meritissime</span> 
     </span>
    </p>
   </div>
   <div class='ocr_carea' id='block_1_53' title="bbox 399 3348 2046 3420">
    <p class='ocr_par' dir='ltr' id='par_1_53' title="bbox 399 3348 2046 3420">
     <span class='ocr_line' id='line_1_53' title="bbox 399 3348 2046 3420; baseline -0.001 -15"><span class='ocrx_word' id='word_1_371' title='bbox 399 3354 668 3407; x_wconf 82' lang='lat' dir='ltr'>vindicet.</span> <span class='ocrx_word' id='word_1_372' title='bbox 700 3351 921 3420; x_wconf 87' lang='lat' dir='ltr'>Quippe</span> <span class='ocrx_word' id='word_1_373' title='bbox 953 3365 1079 3420; x_wconf 73' lang='lat' dir='ltr'>quae</span> <span class='ocrx_word' id='word_1_374' title='bbox 1111 3349 1299 3403; x_wconf 67' lang='lat' dir='ltr'>caeteri</span> <span class='ocrx_word' id='word_1_375' title='bbox 1333 3348 1701 3403; x_wconf 87' lang='lat' dir='ltr'>membratim</span> <span class='ocrx_word' id='word_1_376' title='bbox 1729 3348 1898 3403; x_wconf 91' lang='lat' dir='ltr'>modo</span> <span class='ocrx_word' id='word_1_377' title='bbox 1921 3349 2046 3403; x_wconf 90' lang='lat' dir='ltr'>atti-</span> 
     </span>
    </p>
   </div>
   <div class='ocr_carea' id='block_1_54' title="bbox 400 3437 2044 3510">
    <p class='ocr_par' dir='ltr' id='par_1_54' title="bbox 400 3437 2044 3510">
     <span class='ocr_line' id='line_1_54' title="bbox 400 3437 2044 3510; baseline -0.001 -17"><span class='ocrx_word' id='word_1_378' title='bbox 400 3449 621 3510; x_wconf 76' lang='lat' dir='ltr'>cerunl,</span> <span class='ocrx_word' id='word_1_379' title='bbox 654 3439 779 3510; x_wconf 88' lang='lat' dir='ltr'>ipse</span> <span class='ocrx_word' id='word_1_380' title='bbox 802 3453 1142 3508; x_wconf 82' lang='lat' dir='ltr'>permensus</span> <span class='ocrx_word' id='word_1_381' title='bbox 1190 3438 1494 3506; x_wconf 88' lang='lat' dir='ltr'>universa;</span> <span class='ocrx_word' id='word_1_382' title='bbox 1529 3437 1628 3508; x_wconf 91' lang='lat' dir='ltr'>qui</span> <span class='ocrx_word' id='word_1_383' title='bbox 1657 3437 1794 3492; x_wconf 90' lang='lat' dir='ltr'>item</span> <span class='ocrx_word' id='word_1_384' title='bbox 1826 3443 1891 3492; x_wconf 91' lang='lat' dir='ltr'>ut</span> <span class='ocrx_word' id='word_1_385' title='bbox 1920 3438 2044 3493; x_wconf 90' lang='lat' dir='ltr'>suis</span> 
     </span>
    </p>
   </div>
   <div class='ocr_carea' id='block_1_55' title="bbox 403 3527 2045 3598">
    <p class='ocr_par' dir='ltr' id='par_1_55' title="bbox 403 3527 2045 3598">
     <span class='ocr_line' id='line_1_55' title="bbox 403 3527 2045 3598; baseline -0.002 -13"><span class='ocrx_word' id='word_1_386' title='bbox 403 3533 577 3587; x_wconf 86' lang='lat' dir='ltr'>rebus</span> <span class='ocrx_word' id='word_1_387' title='bbox 628 3528 903 3585; x_wconf 89' lang='lat' dir='ltr'>omnibus</span> <span class='ocrx_word' id='word_1_388' title='bbox 955 3528 1126 3598; x_wconf 84' lang='lat' dir='ltr'>longe</span> <span class='ocrx_word' id='word_1_389' title='bbox 1183 3532 1418 3583; x_wconf 58' lang='lat' dir='ltr'>ceteros</span> <span class='ocrx_word' id='word_1_390' title='bbox 1466 3527 1670 3596; x_wconf 88' lang='lat' dir='ltr'>anteit,</span> <span class='ocrx_word' id='word_1_391' title='bbox 1716 3527 1796 3582; x_wconf 91' lang='lat' dir='ltr'>ita</span> <span class='ocrx_word' id='word_1_392' title='bbox 1836 3527 1940 3583; x_wconf 86' lang='lat' dir='ltr'>hac</span> <span class='ocrx_word' id='word_1_393' title='bbox 1986 3527 2045 3582; x_wconf 90' lang='lat' dir='ltr'>in</span> 
     </span>
    </p>
   </div>
   <div class='ocr_carea' id='block_1_56' title="bbox 405 3616 2044 3694">
    <p class='ocr_par' dir='ltr' id='par_1_56' title="bbox 405 3616 2044 3694">
     <span class='ocr_line' id='line_1_56' title="bbox 405 3616 2044 3694; baseline -0.003 -18"><span class='ocrx_word' id='word_1_394' title='bbox 405 3627 561 3694; x_wconf 87' lang='lat' dir='ltr'>parte</span> <span class='ocrx_word' id='word_1_395' title='bbox 585 3619 758 3674; x_wconf 90' lang='lat' dir='ltr'>etiam</span> <span class='ocrx_word' id='word_1_396' title='bbox 789 3616 1169 3688; x_wconf 89' lang='lat' dir='ltr'>semetipsum</span> <span class='ocrx_word' id='word_1_397' title='bbox 1204 3617 1503 3688; x_wconf 65' lang='lat' dir='ltr'>praevertit.</span> <span class='ocrx_word' id='word_1_398' title='bbox 1532 3617 1608 3672; x_wconf 88' lang='lat' dir='ltr'>Ea</span> <span class='ocrx_word' id='word_1_399' title='bbox 1637 3633 1890 3688; x_wconf 86' lang='lat' dir='ltr'>namque</span> <span class='ocrx_word' id='word_1_400' title='bbox 1907 3633 2044 3672; x_wconf 91' lang='lat' dir='ltr'>con-</span> 
     </span>
    </p>
   </div>
   <div class='ocr_carea' id='block_1_57' title="bbox 404 3706 2049 3778">
    <p class='ocr_par' dir='ltr' id='par_1_57' title="bbox 404 3706 2049 3778">
     <span class='ocr_line' id='line_1_57' title="bbox 404 3706 2049 3778; baseline -0.002 -14"><span class='ocrx_word' id='word_1_401' title='bbox 404 3713 656 3765; x_wconf 85' lang='lat' dir='ltr'>tentione</span> <span class='ocrx_word' id='word_1_402' title='bbox 687 3707 935 3762; x_wconf 84' lang='lat' dir='ltr'>adnixus</span> <span class='ocrx_word' id='word_1_403' title='bbox 975 3711 1083 3776; x_wconf 88' lang='lat' dir='ltr'>est,</span> <span class='ocrx_word' id='word_1_404' title='bbox 1125 3711 1190 3761; x_wconf 90' lang='lat' dir='ltr'>ut</span> <span class='ocrx_word' id='word_1_405' title='bbox 1234 3722 1420 3776; x_wconf 90' lang='lat' dir='ltr'>neque</span> <span class='ocrx_word' id='word_1_406' title='bbox 1453 3706 1570 3761; x_wconf 81' lang='lat' dir='ltr'>ulla</span> <span class='ocrx_word' id='word_1_407' title='bbox 1603 3706 1832 3776; x_wconf 88' lang='lat' dir='ltr'>penitus</span> <span class='ocrx_word' id='word_1_408' title='bbox 1870 3706 2049 3778; x_wconf 90' lang='lat' dir='ltr'>proba</span> 
     </span>
    </p>
   </div>
   <div class='ocr_carea' id='block_1_58' title="bbox 403 3793 2048 3869">
    <p class='ocr_par' dir='ltr' id='par_1_58' title="bbox 403 3793 2048 3869">
     <span class='ocr_line' id='line_1_58' title="bbox 403 3793 2048 3869; baseline -0.001 -19"><span class='ocrx_word' id='word_1_409' title='bbox 403 3806 762 3869; x_wconf 80' lang='lat' dir='ltr'>venustaque</span> <span class='ocrx_word' id='word_1_410' title='bbox 813 3794 1090 3851; x_wconf 89' lang='lat' dir='ltr'>orationis</span> <span class='ocrx_word' id='word_1_411' title='bbox 1136 3793 1267 3850; x_wconf 89' lang='lat' dir='ltr'>idea</span> <span class='ocrx_word' id='word_1_412' title='bbox 1320 3795 1516 3849; x_wconf 89' lang='lat' dir='ltr'>minus</span> <span class='ocrx_word' id='word_1_413' title='bbox 1570 3795 1694 3866; x_wconf 90' lang='lat' dir='ltr'>ipse</span> <span class='ocrx_word' id='word_1_414' title='bbox 1727 3795 2048 3850; x_wconf 86' lang='lat' dir='ltr'>instructus</span> 
     </span>
    </p>
   </div>
   <div class='ocr_carea' id='block_1_59' title="bbox 341 3883 2050 3958">
    <p class='ocr_par' dir='ltr' id='par_1_59' title="bbox 341 3883 2050 3958">
     <span class='ocr_line' id='line_1_59' title="bbox 341 3883 2050 3958; baseline -0.004 -14"><span class='ocrx_word' id='word_1_415' title='bbox 341 3940 345 3944; x_wconf 92' lang='lat'><strong><em>.</em></strong></span> <span class='ocrx_word' id='word_1_416' title='bbox 406 3897 574 3954; x_wconf 76' lang='lat' dir='ltr'>e~set,</span> <span class='ocrx_word' id='word_1_417' title='bbox 637 3901 824 3958; x_wconf 88' lang='lat' dir='ltr'>neque</span> <span class='ocrx_word' id='word_1_418' title='bbox 855 3901 1057 3940; x_wconf 89' lang='lat' dir='ltr'>rursus</span> <span class='ocrx_word' id='word_1_419' title='bbox 1108 3888 1168 3938; x_wconf 91' lang='lat' dir='ltr'>ut</span> <span class='ocrx_word' id='word_1_420' title='bbox 1221 3886 1346 3940; x_wconf 66' lang='lat' dir='ltr'>vitae</span> <span class='ocrx_word' id='word_1_421' title='bbox 1378 3884 1705 3956; x_wconf 85' lang='lat' dir='ltr'>integritate</span> <span class='ocrx_word' id='word_1_422' title='bbox 1727 3883 1810 3940; x_wconf 92' lang='lat' dir='ltr'>illi</span> <span class='ocrx_word' id='word_1_423' title='bbox 1842 3900 2050 3940; x_wconf 90' lang='lat' dir='ltr'>conce-</span> 
     </span>
    </p>
   </div>
   <div class='ocr_carea' id='block_1_60' title="bbox 406 3975 2052 4048">
    <p class='ocr_par' dir='ltr' id='par_1_60' title="bbox 406 3975 2052 4048">
     <span class='ocr_line' id='line_1_60' title="bbox 406 3975 2052 4048; baseline 0 -18"><span class='ocrx_word' id='word_1_424' title='bbox 406 3981 585 4044; x_wconf 81' lang='lat' dir='ltr'>deret,</span> <span class='ocrx_word' id='word_1_425' title='bbox 611 3993 784 4048; x_wconf 84' lang='lat' dir='ltr'>quem</span> <span class='ocrx_word' id='word_1_426' title='bbox 817 3976 1090 4032; x_wconf 83' lang='lat' dir='ltr'>facultate</span> <span class='ocrx_word' id='word_1_427' title='bbox 1120 3975 1347 4032; x_wconf 88' lang='lat' dir='ltr'>dicendi</span> <span class='ocrx_word' id='word_1_428' title='bbox 1405 3975 1729 4046; x_wconf 84' lang='lat' dir='ltr'>proximum</span> <span class='ocrx_word' id='word_1_429' title='bbox 1773 3975 2052 4042; x_wconf 85' lang='lat' dir='ltr'>haberet;</span> 
     </span>
    </p>
   </div>
   <div class='ocr_carea' id='block_1_61' title="bbox 2078 3218 2126 3283">
    <p class='ocr_par' dir='ltr' id='par_1_61' title="bbox 2078 3218 2126 3283">
     <span class='ocr_line' id='line_1_61' title="bbox 2078 3218 2126 3283; baseline 0 0"><span class='ocrx_word' id='word_1_430' title='bbox 2078 3218 2126 3283; x_wconf 90' lang='lat' dir='ltr'><strong>C</strong></span> 
     </span>
    </p>
   </div>
   <div class='ocr_carea' id='block_1_62' title="bbox 2223 2367 3795 2442">
    <p class='ocr_par' dir='ltr' id='par_1_62' title="bbox 2223 2367 3795 2442">
     <span class='ocr_line' id='line_1_62' title="bbox 2223 2367 3795 2442; baseline -0.001 -19"><span class='ocrx_word' id='word_1_431' title='bbox 2223 2370 2342 2427; x_wconf 80' lang='lat' dir='ltr'>AB&#39;.</span> <span class='ocrx_word' id='word_1_432' title='bbox 2391 2371 2480 2430; x_wconf 84' lang='grc' dir='ltr'>Ὡς</span> <span class='ocrx_word' id='word_1_433' title='bbox 2532 2369 2635 2442; x_wconf 76' lang='grc' dir='ltr'>γάρ</span> <span class='ocrx_word' id='word_1_434' title='bbox 2682 2371 2710 2424; x_wconf 98' lang='lat'>6</span> <span class='ocrx_word' id='word_1_435' title='bbox 2742 2368 2910 2438; x_wconf 77' lang='grc' dir='ltr'>ἥλιος</span> <span class='ocrx_word' id='word_1_436' title='bbox 2957 2369 3020 2423; x_wconf 80' lang='grc' dir='ltr'>οὐ</span> <span class='ocrx_word' id='word_1_437' title='bbox 3072 2375 3188 2430; x_wconf 86' lang='grc' dir='ltr'>τοῖς</span> <span class='ocrx_word' id='word_1_438' title='bbox 3243 2371 3338 2441; x_wconf 74' lang='grc' dir='ltr'>μὲν</span> <span class='ocrx_word' id='word_1_439' title='bbox 3390 2367 3623 2442; x_wconf 80' lang='grc' dir='ltr'>μᾶλλον,</span> <span class='ocrx_word' id='word_1_440' title='bbox 3668 2373 3795 2432; x_wconf 86' lang='grc' dir='ltr'>τοῖς</span> 
     </span>
    </p>
   </div>
   <div class='ocr_carea' id='block_1_63' title="bbox 2151 2453 3801 2535">
    <p class='ocr_par' dir='ltr' id='par_1_63' title="bbox 2151 2453 3801 2535">
     <span class='ocr_line' id='line_1_63' title="bbox 2151 2453 3801 2535; baseline 0 -25"><span class='ocrx_word' id='word_1_441' title='bbox 2151 2453 2197 2510; x_wconf 85' lang='grc' dir='ltr'>δ’</span> <span class='ocrx_word' id='word_1_442' title='bbox 2257 2460 2417 2525; x_wconf 75' lang='grc' dir='ltr'>ἧττον</span> <span class='ocrx_word' id='word_1_443' title='bbox 2481 2456 2738 2535; x_wconf 72' lang='grc' dir='ltr'>ἐπαφίησι</span> <span class='ocrx_word' id='word_1_444' title='bbox 2789 2457 2883 2518; x_wconf 84' lang='grc' dir='ltr'>τὰς</span> <span class='ocrx_word' id='word_1_445' title='bbox 2941 2459 3180 2525; x_wconf 77' lang='grc' dir='ltr'>ἀκτῖνας,</span> <span class='ocrx_word' id='word_1_446' title='bbox 3235 2456 3382 2513; x_wconf 83' lang='grc' dir='ltr'>ἀλλᾶ</span> <span class='ocrx_word' id='word_1_447' title='bbox 3425 2455 3495 2512; x_wconf 85' lang='grc' dir='ltr'>δι’</span> <span class='ocrx_word' id='word_1_448' title='bbox 3535 2456 3651 2512; x_wconf 78' lang='grc' dir='ltr'>ἰ¹σου</span> <span class='ocrx_word' id='word_1_449' title='bbox 3701 2459 3801 2512; x_wconf 77' lang='grc' dir='ltr'>καὶ</span> 
     </span>
    </p>
   </div>
   <div class='ocr_carea' id='block_1_64' title="bbox 2152 2545 3802 2620">
    <p class='ocr_par' dir='ltr' id='par_1_64' title="bbox 2152 2545 3802 2620">
     <span class='ocr_line' id='line_1_64' title="bbox 2152 2545 3802 2620; baseline 0 -20"><span class='ocrx_word' id='word_1_450' title='bbox 2152 2546 2348 2616; x_wconf 79' lang='grc' dir='ltr'>ὁμοίου</span> <span class='ocrx_word' id='word_1_451' title='bbox 2411 2553 2622 2620; x_wconf 70' lang='grc' dir='ltr'>χωρεῖ,</span> <span class='ocrx_word' id='word_1_452' title='bbox 2683 2549 2770 2602; x_wconf 83' lang='grc' dir='ltr'>καὶ</span> <span class='ocrx_word' id='word_1_453' title='bbox 2848 2553 2947 2616; x_wconf 83' lang='grc' dir='ltr'>τῆς</span> <span class='ocrx_word' id='word_1_454' title='bbox 3014 2545 3180 2615; x_wconf 71' lang='grc' dir='ltr'>αὐτῆς</span> <span class='ocrx_word' id='word_1_455' title='bbox 3239 2547 3389 2602; x_wconf 76' lang='grc' dir='ltr'>πάντ’</span> <span class='ocrx_word' id='word_1_456' title='bbox 3455 2545 3802 2618; x_wconf 80' lang='grc' dir='ltr'>ἐμπίπλησιν</span> 
     </span>
    </p>
   </div>
   <div class='ocr_carea' id='block_1_65' title="bbox 2150 2632 3801 2712">
    <p class='ocr_par' dir='ltr' id='par_1_65' title="bbox 2150 2632 3801 2712">
     <span class='ocr_line' id='line_1_65' title="bbox 2150 2632 3801 2712; baseline 0.001 -25"><span class='ocrx_word' id='word_1_457' title='bbox 2150 2633 2374 2708; x_wconf 63' lang='grc' dir='ltr'>αἴγλης,</span> <span class='ocrx_word' id='word_1_458' title='bbox 2417 2637 2488 2696; x_wconf 83' lang='grc' dir='ltr'>ὡς</span> <span class='ocrx_word' id='word_1_459' title='bbox 2535 2632 2591 2689; x_wconf 76' lang='grc' dir='ltr'>δὲ</span> <span class='ocrx_word' id='word_1_460' title='bbox 2639 2634 2727 2690; x_wconf 78' lang='grc' dir='ltr'>καὶ</span> <span class='ocrx_word' id='word_1_461' title='bbox 2778 2636 2938 2696; x_wconf 80' lang='grc' dir='ltr'>οὗτος</span> <span class='ocrx_word' id='word_1_462' title='bbox 2987 2636 3296 2712; x_wconf 74' lang='grc' dir='ltr'>ἑκασταχοῦ</span> <span class='ocrx_word' id='word_1_463' title='bbox 3335 2639 3441 2689; x_wconf 83' lang='grc' dir='ltr'>τῶν</span> <span class='ocrx_word' id='word_1_464' title='bbox 3489 2635 3654 2690; x_wconf 81' lang='grc' dir='ltr'>αὐτοῦ</span> <span class='ocrx_word' id='word_1_465' title='bbox 3703 2656 3801 2706; x_wconf 85' lang='grc' dir='ltr'>με·</span> 
     </span>
    </p>
   </div>
   <div class='ocr_carea' id='block_1_66' title="bbox 2151 2720 3808 2799">
    <p class='ocr_par' dir='ltr' id='par_1_66' title="bbox 2151 2720 3808 2799">
     <span class='ocr_line' id='line_1_66' title="bbox 2151 2720 3808 2799; baseline 0.001 -23"><span class='ocrx_word' id='word_1_466' title='bbox 2151 2722 2341 2797; x_wconf 85' lang='grc' dir='ltr'>γίστου</span> <span class='ocrx_word' id='word_1_467' title='bbox 2390 2722 2550 2797; x_wconf 80' lang='grc' dir='ltr'>λόγον</span> <span class='ocrx_word' id='word_1_468' title='bbox 2609 2729 2846 2778; x_wconf 89' lang='grc' dir='ltr'>ποιεῖται</span> <span class='ocrx_word' id='word_1_469' title='bbox 2885 2724 2974 2778; x_wconf 85' lang='grc' dir='ltr'>καὶ</span> <span class='ocrx_word' id='word_1_470' title='bbox 3013 2728 3109 2778; x_wconf 91' lang='grc' dir='ltr'>τοῦ</span> <span class='ocrx_word' id='word_1_471' title='bbox 3149 2744 3210 2799; x_wconf 90' lang='grc' dir='ltr'>γε</span> <span class='ocrx_word' id='word_1_472' title='bbox 3260 2720 3568 2778; x_wconf 84' lang='grc' dir='ltr'>διαπάντων</span> <span class='ocrx_word' id='word_1_473' title='bbox 3618 2723 3808 2796; x_wconf 77' lang='grc' dir='ltr'>κράτιο</span> 
     </span>
    </p>
   </div>
   <div class='ocr_carea' id='block_1_67' title="bbox 2153 2809 3802 2888">
    <p class='ocr_par' dir='ltr' id='par_1_67' title="bbox 2153 2809 3802 2888">
     <span class='ocr_line' id='line_1_67' title="bbox 2153 2809 3802 2888; baseline 0.001 -23"><span class='ocrx_word' id='word_1_474' title='bbox 2153 2833 2279 2873; x_wconf 88' lang='grc' dir='ltr'>στος</span> <span class='ocrx_word' id='word_1_475' title='bbox 2333 2813 2464 2867; x_wconf 72' lang='grc' dir='ltr'>εἶναι</span> <span class='ocrx_word' id='word_1_476' title='bbox 2499 2832 2512 2844; x_wconf 94' lang='grc'><strong>·</strong></span> <span class='ocrx_word' id='word_1_477' title='bbox 2563 2812 2746 2888; x_wconf 84' lang='grc' dir='ltr'>ὥσπερ</span> <span class='ocrx_word' id='word_1_478' title='bbox 2797 2813 2870 2874; x_wconf 83' lang='grc' dir='ltr'>εἰς</span> <span class='ocrx_word' id='word_1_479' title='bbox 2928 2812 3168 2888; x_wconf 80' lang='grc' dir='ltr'>ἀνάγκην</span> <span class='ocrx_word' id='word_1_480' title='bbox 3231 2809 3297 2882; x_wconf 77' lang='grc' dir='ltr'>δή</span> <span class='ocrx_word' id='word_1_481' title='bbox 3345 2834 3462 2867; x_wconf 92' lang='grc' dir='ltr'>τινα</span> <span class='ocrx_word' id='word_1_482' title='bbox 3509 2814 3802 2881; x_wconf 74' lang='grc' dir='ltr'>καταστὰς,</span> 
     </span>
    </p>
   </div>
   <div class='ocr_carea' id='block_1_68' title="bbox 2157 2897 3801 2980">
    <p class='ocr_par' dir='ltr' id='par_1_68' title="bbox 2157 2897 3801 2980">
     <span class='ocr_line' id='line_1_68' title="bbox 2157 2897 3801 2980; baseline 0.001 -24"><span class='ocrx_word' id='word_1_483' title='bbox 2157 2899 2420 2975; x_wconf 76' lang='grc' dir='ltr'>μηδαμοῦ</span> <span class='ocrx_word' id='word_1_484' title='bbox 2477 2909 2576 2970; x_wconf 82' lang='grc' dir='ltr'>τῆς</span> <span class='ocrx_word' id='word_1_485' title='bbox 2639 2897 2949 2974; x_wconf 71' lang='grc' dir='ltr'>ὑπερϐολῆς</span> <span class='ocrx_word' id='word_1_486' title='bbox 3013 2900 3142 2975; x_wconf 84' lang='grc' dir='ltr'>μηδ’</span> <span class='ocrx_word' id='word_1_487' title='bbox 3195 2905 3499 2959; x_wconf 80' lang='grc' dir='ltr'>ὁπωστιοῦν</span> <span class='ocrx_word' id='word_1_488' title='bbox 3555 2902 3801 2980; x_wconf 72' lang='grc' dir='ltr'>ὑφιέναι’</span> 
     </span>
    </p>
   </div>
   <div class='ocr_carea' id='block_1_69' title="bbox 2155 2990 3802 3070">
    <p class='ocr_par' dir='ltr' id='par_1_69' title="bbox 2155 2990 3802 3070">
     <span class='ocr_line' id='line_1_69' title="bbox 2155 2990 3802 3070; baseline 0.001 -25"><span class='ocrx_word' id='word_1_489' title='bbox 2155 2992 2280 3045; x_wconf 79' lang='grc' dir='ltr'>ὥσθ’</span> <span class='ocrx_word' id='word_1_490' title='bbox 2310 2991 2338 3045; x_wconf 82' lang='grc' dir='ltr'>ὅ</span> <span class='ocrx_word' id='word_1_491' title='bbox 2379 2997 2536 3046; x_wconf 77' lang='grc' dir='ltr'>πᾶσιν</span> <span class='ocrx_word' id='word_1_492' title='bbox 2569 2993 2710 3064; x_wconf 85' lang='grc' dir='ltr'>ὁμοῦ</span> <span class='ocrx_word' id='word_1_493' title='bbox 2739 2991 2830 3046; x_wconf 89' lang='grc' dir='ltr'>καὶ</span> <span class='ocrx_word' id='word_1_494' title='bbox 2860 2996 3116 3062; x_wconf 81' lang='grc' dir='ltr'>ποιηταῖς</span> <span class='ocrx_word' id='word_1_495' title='bbox 3147 2993 3236 3046; x_wconf 83' lang='grc' dir='ltr'>καὶ</span> <span class='ocrx_word' id='word_1_496' title='bbox 3279 2990 3597 3066; x_wconf 86' lang='grc' dir='ltr'>λογοποιοῖς</span> <span class='ocrx_word' id='word_1_497' title='bbox 3647 2992 3802 3070; x_wconf 75' lang='grc' dir='ltr'>ὀφεί-</span> 
     </span>
    </p>
   </div>
   <div class='ocr_carea' id='block_1_70' title="bbox 2155 3077 3802 3155">
    <p class='ocr_par' dir='ltr' id='par_1_70' title="bbox 2155 3077 3802 3155">
     <span class='ocr_line' id='line_1_70' title="bbox 2155 3077 3802 3155; baseline 0 -21"><span class='ocrx_word' id='word_1_498' title='bbox 2155 3079 2306 3135; x_wconf 88' lang='grc' dir='ltr'>λεται</span> <span class='ocrx_word' id='word_1_499' title='bbox 2349 3083 2552 3154; x_wconf 87' lang='grc' dir='ltr'>θαῦμα,</span> <span class='ocrx_word' id='word_1_500' title='bbox 2597 3080 2760 3153; x_wconf 85' lang='grc' dir='ltr'>μόνος</span> <span class='ocrx_word' id='word_1_501' title='bbox 2807 3079 2962 3141; x_wconf 80' lang='grc' dir='ltr'>οὗτος</span> <span class='ocrx_word' id='word_1_502' title='bbox 3009 3079 3202 3135; x_wconf 78' lang='grc' dir='ltr'>τούτου</span> <span class='ocrx_word' id='word_1_503' title='bbox 3251 3081 3538 3155; x_wconf 79' lang='grc' dir='ltr'>τογχάνειν</span> <span class='ocrx_word' id='word_1_504' title='bbox 3590 3077 3802 3140; x_wconf 81' lang='grc' dir='ltr'>δίκαιος</span> 
     </span>
    </p>
   </div>
   <div class='ocr_carea' id='block_1_71' title="bbox 2157 3165 3802 3246">
    <p class='ocr_par' dir='ltr' id='par_1_71' title="bbox 2157 3165 3802 3246">
     <span class='ocr_line' id='line_1_71' title="bbox 2157 3165 3802 3246; baseline -0.001 -23"><span class='ocrx_word' id='word_1_505' title='bbox 2157 3168 2219 3223; x_wconf 80' lang='grc' dir='ltr'>ἂν</span> <span class='ocrx_word' id='word_1_506' title='bbox 2280 3168 2364 3238; x_wconf 78' lang='grc' dir='ltr'>εἷή</span> <span class='ocrx_word' id='word_1_507' title='bbox 2397 3211 2410 3226; x_wconf 93' lang='grc'><strong>.</strong></span> <span class='ocrx_word' id='word_1_508' title='bbox 2467 3167 2616 3244; x_wconf 81' lang='grc' dir='ltr'>εἷ’περ</span> <span class='ocrx_word' id='word_1_509' title='bbox 2651 3171 2677 3224; x_wconf 88' lang='lat'>6</span> <span class='ocrx_word' id='word_1_510' title='bbox 2731 3171 2824 3243; x_wconf 79' lang='grc' dir='ltr'>μὲν</span> <span class='ocrx_word' id='word_1_511' title='bbox 2886 3166 3195 3224; x_wconf 78' lang='grc' dir='ltr'>διαπάντων</span> <span class='ocrx_word' id='word_1_512' title='bbox 3242 3169 3462 3246; x_wconf 73' lang='grc' dir='ltr'>ἀφῖκτο,</span> <span class='ocrx_word' id='word_1_513' title='bbox 3517 3169 3567 3223; x_wconf 74' lang='grc' dir='ltr'>οἱ</span> <span class='ocrx_word' id='word_1_514' title='bbox 3617 3165 3663 3222; x_wconf 83' lang='grc' dir='ltr'>δ’</span> <span class='ocrx_word' id='word_1_515' title='bbox 3705 3167 3802 3223; x_wconf 82' lang='grc' dir='ltr'>ἐπὶ</span> 
     </span>
    </p>
   </div>
   <div class='ocr_carea' id='block_1_72' title="bbox 2162 3258 3801 3334">
    <p class='ocr_par' dir='ltr' id='par_1_72' title="bbox 2162 3258 3801 3334">
     <span class='ocr_line' id='line_1_72' title="bbox 2162 3258 3801 3334; baseline -0.001 -20"><span class='ocrx_word' id='word_1_516' title='bbox 2162 3260 2358 3333; x_wconf 84' lang='grc' dir='ltr'>μέρους</span> <span class='ocrx_word' id='word_1_517' title='bbox 2406 3258 2713 3334; x_wconf 69' lang='grc' dir='ltr'>ἐχρήσαντο</span> <span class='ocrx_word' id='word_1_518' title='bbox 2763 3259 3018 3322; x_wconf 72' lang='grc' dir='ltr'>τούτοιςο</span> <span class='ocrx_word' id='word_1_519' title='bbox 3057 3260 3193 3314; x_wconf 84' lang='grc' dir='ltr'>ὅπου</span> <span class='ocrx_word' id='word_1_520' title='bbox 3234 3280 3295 3334; x_wconf 86' lang='grc' dir='ltr'>γε</span> <span class='ocrx_word' id='word_1_521' title='bbox 3342 3258 3430 3313; x_wconf 86' lang='grc' dir='ltr'>καὶ</span> <span class='ocrx_word' id='word_1_522' title='bbox 3477 3264 3594 3322; x_wconf 89' lang='grc' dir='ltr'>τοῖς</span> <span class='ocrx_word' id='word_1_523' title='bbox 3631 3258 3801 3312; x_wconf 80' lang='grc' dir='ltr'>αὐτοῦ</span> 
     </span>
    </p>
   </div>
   <div class='ocr_carea' id='block_1_73' title="bbox 2153 3350 3804 3424">
    <p class='ocr_par' dir='ltr' id='par_1_73' title="bbox 2153 3350 3804 3424">
     <span class='ocr_line' id='line_1_73' title="bbox 2153 3350 3804 3424; baseline 0.001 -19"><span class='ocrx_word' id='word_1_524' title='bbox 2153 3356 2283 3405; x_wconf 84' lang='grc' dir='ltr'>πᾶσι</span> <span class='ocrx_word' id='word_1_525' title='bbox 2312 3350 2439 3415; x_wconf 72' lang='grc' dir='ltr'>τοῦς</span> <span class='ocrx_word' id='word_1_526' title='bbox 2487 3350 2697 3413; x_wconf 77' lang='grc' dir='ltr'>ἄλλους</span> <span class='ocrx_word' id='word_1_527' title='bbox 2745 3352 2983 3424; x_wconf 77' lang='grc' dir='ltr'>καθάπαξ</span> <span class='ocrx_word' id='word_1_528' title='bbox 3029 3355 3188 3406; x_wconf 83' lang='grc' dir='ltr'>νικῶν</span> <span class='ocrx_word' id='word_1_529' title='bbox 3245 3351 3295 3405; x_wconf 84' lang='grc' dir='ltr'>ἐν</span> <span class='ocrx_word' id='word_1_530' title='bbox 3346 3352 3526 3423; x_wconf 76' lang='grc' dir='ltr'>τούτῳ</span> <span class='ocrx_word' id='word_1_531' title='bbox 3575 3355 3654 3422; x_wconf 78' lang='grc' dir='ltr'>τῷ</span> <span class='ocrx_word' id='word_1_532' title='bbox 3706 3350 3804 3422; x_wconf 83' lang='grc' dir='ltr'>μέ-</span> 
     </span>
    </p>
   </div>
   <div class='ocr_carea' id='block_1_74' title="bbox 2157 3438 3806 3514">
    <p class='ocr_par' dir='ltr' id='par_1_74' title="bbox 2157 3438 3806 3514">
     <span class='ocr_line' id='line_1_74' title="bbox 2157 3438 3806 3514; baseline -0.001 -20"><span class='ocrx_word' id='word_1_533' title='bbox 2157 3459 2256 3512; x_wconf 87' lang='grc' dir='ltr'>ρει,</span> <span class='ocrx_word' id='word_1_534' title='bbox 2309 3439 2398 3494; x_wconf 80' lang='grc' dir='ltr'>καὶ</span> <span class='ocrx_word' id='word_1_535' title='bbox 2451 3439 2610 3494; x_wconf 82' lang='grc' dir='ltr'>αὐτὸν</span> <span class='ocrx_word' id='word_1_536' title='bbox 2671 3439 3034 3514; x_wconf 77' lang='grc' dir='ltr'>παρελαύνει’</span> <span class='ocrx_word' id='word_1_537' title='bbox 3096 3439 3267 3502; x_wconf 77' lang='grc' dir='ltr'>οὕτως</span> <span class='ocrx_word' id='word_1_538' title='bbox 3321 3438 3616 3495; x_wconf 81' lang='grc' dir='ltr'>ἐσπούδακε</span> <span class='ocrx_word' id='word_1_539' title='bbox 3669 3442 3806 3511; x_wconf 73' lang='grc' dir='ltr'>μήτ’</span> 
     </span>
    </p>
   </div>
   <div class='ocr_carea' id='block_1_75' title="bbox 2156 3527 3806 3602">
    <p class='ocr_par' dir='ltr' id='par_1_75' title="bbox 2156 3527 3806 3602">
     <span class='ocr_line' id='line_1_75' title="bbox 2156 3527 3806 3602; baseline -0.001 -19"><span class='ocrx_word' id='word_1_540' title='bbox 2156 3529 2316 3591; x_wconf 86' lang='grc' dir='ltr'>αὐτὸς</span> <span class='ocrx_word' id='word_1_541' title='bbox 2380 3528 2511 3602; x_wconf 84' lang='grc' dir='ltr'>μηδ’</span> <span class='ocrx_word' id='word_1_542' title='bbox 2560 3533 2880 3599; x_wconf 77' lang='grc' dir='ltr'>ἡστινοσοῦν</span> <span class='ocrx_word' id='word_1_543' title='bbox 2930 3529 3245 3602; x_wconf 66' lang='grc' dir='ltr'>τοπαράπαν</span> <span class='ocrx_word' id='word_1_544' title='bbox 3298 3527 3528 3602; x_wconf 83' lang='grc' dir='ltr'>δοκίμου</span> <span class='ocrx_word' id='word_1_545' title='bbox 3579 3527 3666 3582; x_wconf 72' lang='grc' dir='ltr'>καὶ</span> <span class='ocrx_word' id='word_1_546' title='bbox 3711 3549 3806 3582; x_wconf 88' lang='grc' dir='ltr'>κε-</span> 
     </span>
    </p>
   </div>
   <div class='ocr_carea' id='block_1_76' title="bbox 2163 3615 3808 3694">
    <p class='ocr_par' dir='ltr' id='par_1_76' title="bbox 2163 3615 3808 3694">
     <span class='ocr_line' id='line_1_76' title="bbox 2163 3615 3808 3694; baseline -0.001 -23"><span class='ocrx_word' id='word_1_547' title='bbox 2163 3619 2504 3694; x_wconf 79' lang='grc' dir='ltr'>χαρισμένης</span> <span class='ocrx_word' id='word_1_548' title='bbox 2540 3617 2716 3692; x_wconf 87' lang='grc' dir='ltr'>λόγων</span> <span class='ocrx_word' id='word_1_549' title='bbox 2759 3615 2894 3680; x_wconf 78' lang='grc' dir='ltr'>ἰδίας</span> <span class='ocrx_word' id='word_1_550' title='bbox 2935 3616 3354 3694; x_wconf 66' lang='grc' dir='ltr'>ἀπολελεῖφθαι,</span> <span class='ocrx_word' id='word_1_551' title='bbox 3391 3620 3530 3689; x_wconf 75' lang='grc' dir='ltr'>μήτε</span> <span class='ocrx_word' id='word_1_552' title='bbox 3573 3618 3680 3689; x_wconf 78' lang='grc' dir='ltr'>μὴν</span> <span class='ocrx_word' id='word_1_553' title='bbox 3709 3617 3808 3670; x_wconf 82' lang='grc' dir='ltr'>τὸν</span> 
     </span>
    </p>
   </div>
   <div class='ocr_carea' id='block_1_77' title="bbox 2157 3703 3810 3783">
    <p class='ocr_par' dir='ltr' id='par_1_77' title="bbox 2157 3703 3810 3783">
     <span class='ocr_line' id='line_1_77' title="bbox 2157 3703 3810 3783; baseline 0.001 -23"><span class='ocrx_word' id='word_1_554' title='bbox 2157 3705 2314 3781; x_wconf 71' lang='grc' dir='ltr'>ἐγγὺς</span> <span class='ocrx_word' id='word_1_555' title='bbox 2364 3704 2422 3760; x_wconf 74' lang='grc' dir='ltr'>ἂν</span> <span class='ocrx_word' id='word_1_556' title='bbox 2477 3705 2642 3760; x_wconf 73' lang='grc' dir='ltr'>αὑτοῦ</span> <span class='ocrx_word' id='word_1_557' title='bbox 2682 3706 2946 3783; x_wconf 80' lang='grc' dir='ltr'>γεγονότα</span> <span class='ocrx_word' id='word_1_558' title='bbox 2997 3711 3077 3777; x_wconf 76' lang='grc' dir='ltr'>τῷ</span> <span class='ocrx_word' id='word_1_559' title='bbox 3112 3708 3216 3779; x_wconf 86' lang='grc' dir='ltr'>βίῳ</span> <span class='ocrx_word' id='word_1_560' title='bbox 3266 3707 3606 3774; x_wconf 84' lang='grc' dir='ltr'>καταλιπεῖν,</span> <span class='ocrx_word' id='word_1_561' title='bbox 3655 3703 3810 3761; x_wconf 75' lang='grc' dir='ltr'>ἀλλὰ</span> 
     </span>
    </p>
   </div>
   <div class='ocr_carea' id='block_1_78' title="bbox 2154 3793 3807 3868">
    <p class='ocr_par' dir='ltr' id='par_1_78' title="bbox 2154 3793 3807 3868">
     <span class='ocr_line' id='line_1_78' title="bbox 2154 3793 3807 3868; baseline -0.002 -20"><span class='ocrx_word' id='word_1_562' title='bbox 2154 3794 2281 3858; x_wconf 80' lang='grc' dir='ltr'>τοὺς</span> <span class='ocrx_word' id='word_1_563' title='bbox 2322 3793 2521 3868; x_wconf 85' lang='grc' dir='ltr'>λόγους</span> <span class='ocrx_word' id='word_1_564' title='bbox 2569 3794 2763 3855; x_wconf 82' lang='grc' dir='ltr'>αὐτοὺς</span> <span class='ocrx_word' id='word_1_565' title='bbox 2806 3793 2882 3854; x_wconf 86' lang='grc' dir='ltr'>εἷς</span> <span class='ocrx_word' id='word_1_566' title='bbox 2923 3793 3061 3867; x_wconf 74' lang='grc' dir='ltr'>ὕψος</span> <span class='ocrx_word' id='word_1_567' title='bbox 3113 3794 3235 3866; x_wconf 74' lang='grc' dir='ltr'>ἇραί</span> <span class='ocrx_word' id='word_1_568' title='bbox 3283 3813 3342 3848; x_wconf 90' lang='grc' dir='ltr'>τε</span> <span class='ocrx_word' id='word_1_569' title='bbox 3387 3795 3476 3848; x_wconf 80' lang='grc' dir='ltr'>καὶ</span> <span class='ocrx_word' id='word_1_570' title='bbox 3525 3798 3807 3864; x_wconf 80' lang='grc' dir='ltr'>κοσμῆσαι</span> 
     </span>
    </p>
   </div>
   <div class='ocr_carea' id='block_1_79' title="bbox 2159 3879 3809 3960">
    <p class='ocr_par' dir='ltr' id='par_1_79' title="bbox 2159 3879 3809 3960">
     <span class='ocr_line' id='line_1_79' title="bbox 2159 3879 3809 3960; baseline -0.001 -23"><span class='ocrx_word' id='word_1_571' title='bbox 2159 3885 2249 3937; x_wconf 79' lang='grc' dir='ltr'>καὶ</span> <span class='ocrx_word' id='word_1_572' title='bbox 2310 3882 2512 3956; x_wconf 79' lang='grc' dir='ltr'>βελτίω</span> <span class='ocrx_word' id='word_1_573' title='bbox 2569 3883 2656 3937; x_wconf 87' lang='grc' dir='ltr'>καὶ</span> <span class='ocrx_word' id='word_1_574' title='bbox 2710 3882 3158 3960; x_wconf 77' lang='grc' dir='ltr'>περιφανεστέραν</span> <span class='ocrx_word' id='word_1_575' title='bbox 3211 3879 3367 3954; x_wconf 78' lang='grc' dir='ltr'>δόξαν</span> <span class='ocrx_word' id='word_1_576' title='bbox 3424 3881 3606 3944; x_wconf 75' lang='grc' dir='ltr'>αὐτοῖς</span> <span class='ocrx_word' id='word_1_577' title='bbox 3648 3901 3809 3956; x_wconf 86' lang='grc' dir='ltr'>περι-</span> 
     </span>
    </p>
   </div>
   <div class='ocr_carea' id='block_1_80' title="bbox 2165 3969 2373 4030">
    <p class='ocr_par' dir='ltr' id='par_1_80' title="bbox 2165 3969 2373 4030">
     <span class='ocr_line' id='line_1_80' title="bbox 2165 3969 2373 4030; baseline 0 -5"><span class='ocrx_word' id='word_1_578' title='bbox 2165 3969 2373 4030; x_wconf 85' lang='grc' dir='ltr'>θέσθαι.</span> 
     </span>
    </p>
   </div>
   <div class='ocr_carea' id='block_1_81' title="bbox 407 4061 3809 4136">
    <p class='ocr_par' dir='ltr' id='par_1_81' title="bbox 407 4061 3809 4136">
     <span class='ocr_line' id='line_1_81' title="bbox 407 4061 3809 4136; baseline -0.001 -13"><span class='ocrx_word' id='word_1_579' title='bbox 407 4077 520 4123; x_wconf 81' lang='lat' dir='ltr'>tam</span> <span class='ocrx_word' id='word_1_580' title='bbox 557 4083 685 4123; x_wconf 91' lang='lat' dir='ltr'>vero</span> <span class='ocrx_word' id='word_1_581' title='bbox 716 4065 853 4120; x_wconf 85' lang='lat' dir='ltr'>item</span> <span class='ocrx_word' id='word_1_582' title='bbox 913 4069 978 4119; x_wconf 89' lang='lat' dir='ltr'>ut</span> <span class='ocrx_word' id='word_1_583' title='bbox 1033 4064 1220 4135; x_wconf 91' lang='lat' dir='ltr'>ipsam</span> <span class='ocrx_word' id='word_1_584' title='bbox 1279 4064 1620 4136; x_wconf 57' lang='lat' dir='ltr'>eloquentia;</span> <span class='ocrx_word' id='word_1_585' title='bbox 1651 4067 1830 4119; x_wconf 89' lang='lat' dir='ltr'>artem</span> <span class='ocrx_word' id='word_1_586' title='bbox 1879 4064 1935 4118; x_wconf 77' lang='lat' dir='ltr'>in</span> <span class='ocrx_word' id='word_1_587' title='bbox 1989 4064 2161 4119; x_wconf 88' lang='lat' dir='ltr'>altius</span> <span class='ocrx_word' id='word_1_588' title='bbox 2209 4064 2505 4136; x_wconf 78' lang='lat' dir='ltr'>fastigium</span> <span class='ocrx_word' id='word_1_589' title='bbox 2556 4062 2842 4120; x_wconf 86' lang='lat' dir='ltr'>attolleret</span> <span class='ocrx_word' id='word_1_590' title='bbox 2874 4067 3308 4134; x_wconf 84' lang='lat' dir='ltr'>exornaretque,</span> <span class='ocrx_word' id='word_1_591' title='bbox 3339 4065 3395 4118; x_wconf 90' lang='lat' dir='ltr'>et</span> <span class='ocrx_word' id='word_1_592' title='bbox 3420 4061 3714 4119; x_wconf 87' lang='lat' dir='ltr'>meliorem</span> <span class='ocrx_word' id='word_1_593' title='bbox 3753 4063 3809 4118; x_wconf 91' lang='lat' dir='ltr'>ei</span> 
     </span>
    </p>
   </div>
   <div class='ocr_carea' id='block_1_82' title="bbox 408 4153 1728 4226">
    <p class='ocr_par' dir='ltr' id='par_1_82' title="bbox 408 4153 1728 4226">
     <span class='ocr_line' id='line_1_82' title="bbox 408 4153 1728 4226; baseline -0.005 -13"><span class='ocrx_word' id='word_1_594' title='bbox 408 4156 906 4226; x_wconf 78' lang='lat' dir='ltr'>iilustrioremque</span> <span class='ocrx_word' id='word_1_595' title='bbox 934 4154 1429 4210; x_wconf 84' lang='lat' dir='ltr'>circumfunderet</span> <span class='ocrx_word' id='word_1_596' title='bbox 1459 4153 1728 4224; x_wconf 84' lang='lat' dir='ltr'>gloriam.</span> 
     </span>
    </p>
   </div>
   <div class='ocr_carea' id='block_1_83' title="bbox 480 4240 2056 4314">
    <p class='ocr_par' dir='ltr' id='par_1_83' title="bbox 480 4240 2056 4314">
     <span class='ocr_line' id='line_1_83' title="bbox 480 4240 2056 4314; baseline -0.003 -13"><span class='ocrx_word' id='word_1_597' title='bbox 480 4245 716 4301; x_wconf 66' lang='lat' dir='ltr'><strong>XXXIII.</strong></span> <span class='ocrx_word' id='word_1_598' title='bbox 750 4243 973 4314; x_wconf 89' lang='lat' dir='ltr'>Quippe</span> <span class='ocrx_word' id='word_1_599' title='bbox 1005 4245 1049 4298; x_wconf 91' lang='lat' dir='ltr'>si</span> <span class='ocrx_word' id='word_1_600' title='bbox 1103 4241 1367 4313; x_wconf 81' lang='lat' dir='ltr'>quisquis</span> <span class='ocrx_word' id='word_1_601' title='bbox 1413 4249 1596 4296; x_wconf 89' lang='lat' dir='ltr'>artem</span> <span class='ocrx_word' id='word_1_602' title='bbox 1639 4240 1958 4311; x_wconf 87' lang='lat' dir='ltr'>quamlibet</span> <span class='ocrx_word' id='word_1_603' title='bbox 1987 4241 2056 4297; x_wconf 84' lang='lat' dir='ltr'>de</span> 
     </span>
    </p>
   </div>
   <div class='ocr_carea' id='block_1_84' title="bbox 410 4329 2057 4404">
    <p class='ocr_par' dir='ltr' id='par_1_84' title="bbox 410 4329 2057 4404">
     <span class='ocr_line' id='line_1_84' title="bbox 410 4329 2057 4404; baseline -0.004 -14"><span class='ocrx_word' id='word_1_604' title='bbox 410 4336 482 4391; x_wconf 77' lang='lat' dir='ltr'>iis</span> <span class='ocrx_word' id='word_1_605' title='bbox 539 4351 666 4404; x_wconf 73' lang='lat' dir='ltr'>quae</span> <span class='ocrx_word' id='word_1_606' title='bbox 715 4334 788 4390; x_wconf 89' lang='lat' dir='ltr'>ab</span> <span class='ocrx_word' id='word_1_607' title='bbox 838 4347 900 4388; x_wconf 88' lang='lat' dir='ltr'>se</span> <span class='ocrx_word' id='word_1_608' title='bbox 942 4330 1299 4386; x_wconf 72' lang='lat' dir='ltr'>inhonoratae</span> <span class='ocrx_word' id='word_1_609' title='bbox 1347 4330 1714 4401; x_wconf 83' lang='lat' dir='ltr'>sordidaeque</span> <span class='ocrx_word' id='word_1_610' title='bbox 1770 4329 2057 4385; x_wconf 88' lang='lat' dir='ltr'>habentur</span> 
     </span>
    </p>
   </div>
   <div class='ocr_carea' id='block_1_85' title="bbox 414 4420 2055 4494">
    <p class='ocr_par' dir='ltr' id='par_1_85' title="bbox 414 4420 2055 4494">
     <span class='ocr_line' id='line_1_85' title="bbox 414 4420 2055 4494; baseline -0.002 -15"><span class='ocrx_word' id='word_1_611' title='bbox 414 4425 822 4494; x_wconf 77' lang='lat' dir='ltr'>perfectissime</span> <span class='ocrx_word' id='word_1_612' title='bbox 850 4421 1114 4488; x_wconf 80' lang='lat' dir='ltr'>excoluit,</span> <span class='ocrx_word' id='word_1_613' title='bbox 1158 4438 1266 4476; x_wconf 89' lang='lat' dir='ltr'>sua</span> <span class='ocrx_word' id='word_1_614' title='bbox 1295 4420 1420 4491; x_wconf 90' lang='lat' dir='ltr'>ipse</span> <span class='ocrx_word' id='word_1_615' title='bbox 1452 4421 1621 4475; x_wconf 85' lang='lat' dir='ltr'>laude</span> <span class='ocrx_word' id='word_1_616' title='bbox 1662 4422 1922 4475; x_wconf 81' lang='lat' dir='ltr'>eamdem</span> <span class='ocrx_word' id='word_1_617' title='bbox 1964 4437 2055 4492; x_wconf 88' lang='lat' dir='ltr'>pa-</span> 
     </span>
    </p>
   </div>
   <div class='ocr_carea' id='block_1_86' title="bbox 411 4509 2051 4581">
    <p class='ocr_par' dir='ltr' id='par_1_86' title="bbox 411 4509 2051 4581">
     <span class='ocr_line' id='line_1_86' title="bbox 411 4509 2051 4581; baseline -0.004 -11"><span class='ocrx_word' id='word_1_618' title='bbox 411 4516 554 4570; x_wconf 82' lang='lat' dir='ltr'>ritur</span> <span class='ocrx_word' id='word_1_619' title='bbox 610 4513 989 4569; x_wconf 77' lang='lat' dir='ltr'>cohonestet:</span> <span class='ocrx_word' id='word_1_620' title='bbox 1045 4510 1183 4581; x_wconf 91' lang='lat' dir='ltr'>quid</span> <span class='ocrx_word' id='word_1_621' title='bbox 1241 4511 1311 4565; x_wconf 90' lang='lat' dir='ltr'>de</span> <span class='ocrx_word' id='word_1_622' title='bbox 1366 4515 1440 4576; x_wconf 91' lang='lat' dir='ltr'>te,</span> <span class='ocrx_word' id='word_1_623' title='bbox 1494 4525 1708 4580; x_wconf 59' lang='lat' dir='ltr'>quasso,</span> <span class='ocrx_word' id='word_1_624' title='bbox 1743 4509 1909 4564; x_wconf 89' lang='lat' dir='ltr'>nobis</span> <span class='ocrx_word' id='word_1_625' title='bbox 1967 4509 2051 4563; x_wconf 91' lang='lat' dir='ltr'>di-</span> 
     </span>
    </p>
   </div>
   <div class='ocr_carea' id='block_1_87' title="bbox 412 4598 2057 4674">
    <p class='ocr_par' dir='ltr' id='par_1_87' title="bbox 412 4598 2057 4674">
     <span class='ocr_line' id='line_1_87' title="bbox 412 4598 2057 4674; baseline -0.002 -16"><span class='ocrx_word' id='word_1_626' title='bbox 412 4603 679 4672; x_wconf 57' lang='lat' dir='ltr'>cendum,</span> <span class='ocrx_word' id='word_1_627' title='bbox 713 4602 814 4674; x_wconf 91' lang='lat' dir='ltr'>qui</span> <span class='ocrx_word' id='word_1_628' title='bbox 846 4603 927 4656; x_wconf 89' lang='lat' dir='ltr'>ita</span> <span class='ocrx_word' id='word_1_629' title='bbox 963 4616 1195 4655; x_wconf 89' lang='lat' dir='ltr'>omnem</span> <span class='ocrx_word' id='word_1_630' title='bbox 1225 4616 1364 4655; x_wconf 87' lang='lat' dir='ltr'>sane</span> <span class='ocrx_word' id='word_1_631' title='bbox 1410 4598 1704 4654; x_wconf 87' lang='lat' dir='ltr'>liberalem</span> <span class='ocrx_word' id='word_1_632' title='bbox 1739 4603 1922 4654; x_wconf 88' lang='lat' dir='ltr'>artem</span> <span class='ocrx_word' id='word_1_633' title='bbox 1966 4615 2057 4654; x_wconf 91' lang='lat' dir='ltr'>so-</span> 
     </span>
    </p>
   </div>
   <div class='ocr_carea' id='block_1_88' title="bbox 2243 4235 3811 4316">
    <p class='ocr_par' dir='ltr' id='par_1_88' title="bbox 2243 4235 3811 4316">
     <span class='ocr_line' id='line_1_88' title="bbox 2243 4235 3811 4316; baseline 0 -23"><span class='ocrx_word' id='word_1_634' title='bbox 2243 4245 2359 4297; x_wconf 71' lang='lat' dir='ltr'>AI&quot;.</span> <span class='ocrx_word' id='word_1_635' title='bbox 2423 4240 2486 4296; x_wconf 85' lang='lat' dir='ltr'>Ei</span> <span class='ocrx_word' id='word_1_636' title='bbox 2537 4241 2640 4316; x_wconf 78' lang='grc' dir='ltr'>γὰρ</span> <span class='ocrx_word' id='word_1_637' title='bbox 2691 4240 2719 4294; x_wconf 93' lang='lat'>6</span> <span class='ocrx_word' id='word_1_638' title='bbox 2762 4239 2960 4314; x_wconf 81' lang='grc' dir='ltr'>τέχνην</span> <span class='ocrx_word' id='word_1_639' title='bbox 3014 4242 3262 4309; x_wconf 74' lang='grc' dir='ltr'>ἡντινοῦν</span> <span class='ocrx_word' id='word_1_640' title='bbox 3313 4243 3420 4293; x_wconf 79' lang='grc' dir='ltr'>τῶν</span> <span class='ocrx_word' id='word_1_641' title='bbox 3471 4235 3700 4293; x_wconf 76' lang='grc' dir='ltr'>εὐτελῶν</span> <span class='ocrx_word' id='word_1_642' title='bbox 3748 4259 3811 4293; x_wconf 88' lang='grc' dir='ltr'>τε</span> 
     </span>
    </p>
   </div>
   <div class='ocr_carea' id='block_1_89' title="bbox 2165 4325 3810 4406">
    <p class='ocr_par' dir='ltr' id='par_1_89' title="bbox 2165 4325 3810 4406">
     <span class='ocr_line' id='line_1_89' title="bbox 2165 4325 3810 4406; baseline -0.001 -24"><span class='ocrx_word' id='word_1_643' title='bbox 2165 4329 2254 4382; x_wconf 79' lang='grc' dir='ltr'>καὶ</span> <span class='ocrx_word' id='word_1_644' title='bbox 2285 4329 2507 4405; x_wconf 66' lang='grc' dir='ltr'>φαύλων</span> <span class='ocrx_word' id='word_1_645' title='bbox 2565 4329 2638 4392; x_wconf 83' lang='grc' dir='ltr'>εἷς</span> <span class='ocrx_word' id='word_1_646' title='bbox 2688 4325 2854 4406; x_wconf 81' lang='grc' dir='ltr'>ἄκρον</span> <span class='ocrx_word' id='word_1_647' title='bbox 2904 4330 3279 4404; x_wconf 77' lang='grc' dir='ltr'>κατωρθωκὼς</span> <span class='ocrx_word' id='word_1_648' title='bbox 3314 4330 3400 4390; x_wconf 81' lang='grc' dir='ltr'>οἷς</span> <span class='ocrx_word' id='word_1_649' title='bbox 3435 4329 3595 4390; x_wconf 82' lang='grc' dir='ltr'>αὐτὸς</span> <span class='ocrx_word' id='word_1_650' title='bbox 3647 4326 3810 4382; x_wconf 82' lang='grc' dir='ltr'>ἐπαι-</span> 
     </span>
    </p>
   </div>
   <div class='ocr_carea' id='block_1_90' title="bbox 2164 4417 3810 4494">
    <p class='ocr_par' dir='ltr' id='par_1_90' title="bbox 2164 4417 3810 4494">
     <span class='ocr_line' id='line_1_90' title="bbox 2164 4417 3810 4494; baseline 0 -23"><span class='ocrx_word' id='word_1_651' title='bbox 2164 4422 2329 4471; x_wconf 89' lang='grc' dir='ltr'>νεῖται</span> <span class='ocrx_word' id='word_1_652' title='bbox 2370 4417 2568 4488; x_wconf 72' lang='grc' dir='ltr'>ταύτην</span> <span class='ocrx_word' id='word_1_653' title='bbox 2628 4418 2894 4491; x_wconf 68' lang='grc' dir='ltr'>σεμνύνει,</span> <span class='ocrx_word' id='word_1_654' title='bbox 2952 4419 3004 4472; x_wconf 92' lang='grc' dir='ltr'>τί</span> <span class='ocrx_word' id='word_1_655' title='bbox 3062 4418 3183 4491; x_wconf 86' lang='grc' dir='ltr'>περί</span> <span class='ocrx_word' id='word_1_656' title='bbox 3243 4421 3340 4472; x_wconf 90' lang='grc' dir='ltr'>σοῦ</span> <span class='ocrx_word' id='word_1_657' title='bbox 3390 4419 3657 4494; x_wconf 74' lang='grc' dir='ltr'>φήσομεν,</span> <span class='ocrx_word' id='word_1_658' title='bbox 3706 4423 3810 4471; x_wconf 87' lang='grc' dir='ltr'>τοῦ</span> 
     </span>
    </p>
   </div>
   <div class='ocr_carea' id='block_1_91' title="bbox 2170 4505 3816 4584">
    <p class='ocr_par' dir='ltr' id='par_1_91' title="bbox 2170 4505 3816 4584">
     <span class='ocr_line' id='line_1_91' title="bbox 2170 4505 3816 4584; baseline -0.001 -23"><span class='ocrx_word' id='word_1_659' title='bbox 2170 4505 2339 4578; x_wconf 82' lang='grc' dir='ltr'>μόνου</span> <span class='ocrx_word' id='word_1_660' title='bbox 2376 4508 2468 4580; x_wconf 74' lang='grc' dir='ltr'>μὲν</span> <span class='ocrx_word' id='word_1_661' title='bbox 2502 4509 2715 4578; x_wconf 77' lang='grc' dir='ltr'>ἁπάσης</span> <span class='ocrx_word' id='word_1_662' title='bbox 2749 4507 2980 4582; x_wconf 82' lang='grc' dir='ltr'>λογικῆς</span> <span class='ocrx_word' id='word_1_663' title='bbox 3017 4507 3326 4580; x_wconf 70' lang='grc' dir='ltr'>ἐπιστήμης</span> <span class='ocrx_word' id='word_1_664' title='bbox 3359 4506 3504 4562; x_wconf 71' lang='grc' dir='ltr'>οὕτω</span> <span class='ocrx_word' id='word_1_665' title='bbox 3540 4527 3816 4584; x_wconf 78' lang='grc' dir='ltr'>μετεσχη-</span> 
     </span>
    </p>
   </div>
   <div class='ocr_carea' id='block_1_92' title="bbox 2163 4593 3812 4668">
    <p class='ocr_par' dir='ltr' id='par_1_92' title="bbox 2163 4593 3812 4668">
     <span class='ocr_line' id='line_1_92' title="bbox 2163 4593 3812 4668; baseline 0.001 -19"><span class='ocrx_word' id='word_1_666' title='bbox 2163 4593 2343 4668; x_wconf 62' lang='grc' dir='ltr'>κότυς,</span> <span class='ocrx_word' id='word_1_667' title='bbox 2405 4598 2478 4659; x_wconf 78' lang='grc' dir='ltr'>ὡς</span> <span class='ocrx_word' id='word_1_668' title='bbox 2527 4595 2745 4660; x_wconf 81' lang='grc' dir='ltr'>οὐδενός</span> <span class='ocrx_word' id='word_1_669' title='bbox 2789 4619 2886 4653; x_wconf 90' lang='grc' dir='ltr'>του</span> <span class='ocrx_word' id='word_1_670' title='bbox 2928 4602 3037 4653; x_wconf 79' lang='grc' dir='ltr'>τῶν</span> <span class='ocrx_word' id='word_1_671' title='bbox 3089 4597 3297 4652; x_wconf 79' lang='grc' dir='ltr'>πάντων</span> <span class='ocrx_word' id='word_1_672' title='bbox 3337 4600 3504 4668; x_wconf 83' lang='grc' dir='ltr'>μιᾶς;</span> <span class='ocrx_word' id='word_1_673' title='bbox 3555 4596 3725 4667; x_wconf 80' lang='grc' dir='ltr'>μόνου</span> <span class='ocrx_word' id='word_1_674' title='bbox 3760 4594 3812 4650; x_wconf 82' lang='grc' dir='ltr'>δ’</span> 
     </span>
    </p>
   </div>
   <div class='ocr_carea' id='block_1_93' title="bbox 409 4681 2040 4759">
    <p class='ocr_par' dir='ltr' id='par_1_93' title="bbox 409 4687 2040 4759">
     <span class='ocr_line' id='line_1_93' title="bbox 409 4687 2040 4759; baseline -0.004 -12"><span class='ocrx_word' id='word_1_675' title='bbox 409 4693 502 4748; x_wconf 87' lang='lat' dir='ltr'>Ius</span> <span class='ocrx_word' id='word_1_676' title='bbox 534 4697 836 4749; x_wconf 83' lang='lat' dir='ltr'>assecutus</span> <span class='ocrx_word' id='word_1_677' title='bbox 868 4708 947 4757; x_wconf 86' lang='lat' dir='ltr'>es,</span> <span class='ocrx_word' id='word_1_678' title='bbox 975 4693 1219 4745; x_wconf 89' lang='lat' dir='ltr'>utnemo</span> <span class='ocrx_word' id='word_1_679' title='bbox 1251 4688 1401 4743; x_wconf 91' lang='lat' dir='ltr'>alius</span> <span class='ocrx_word' id='word_1_680' title='bbox 1445 4704 1622 4743; x_wconf 84' lang='lat' dir='ltr'>unam</span> <span class='ocrx_word' id='word_1_681' title='bbox 1657 4687 1990 4759; x_wconf 90' lang='lat' dir='ltr'>quampiam</span> <span class='ocrx_word' id='word_1_682' title='bbox 2021 4688 2040 4741; x_wconf 68' lang='grc' dir='ltr'>ἲ</span> 
     </span>
    </p>
   </div>
   <div class='ocr_carea' id='block_1_94' title="bbox 2154 4681 3811 4759">
    <p class='ocr_par' dir='ltr' id='par_1_94' title="bbox 2157 4685 3811 4758">
     <span class='ocr_line' id='line_1_94' title="bbox 2157 4685 3811 4758; baseline -0.001 -18"><span class='ocrx_word' id='word_1_683' title='bbox 2157 4686 2384 4755; x_wconf 73' lang='grc' dir='ltr'>εκάστην</span> <span class='ocrx_word' id='word_1_684' title='bbox 2417 4687 2589 4750; x_wconf 70' lang='grc' dir='ltr'>οὕτως</span> <span class='ocrx_word' id='word_1_685' title='bbox 2623 4689 2987 4758; x_wconf 78' lang='grc' dir='ltr'>ἐξησκηκότος</span> <span class='ocrx_word' id='word_1_686' title='bbox 3019 4707 3075 4741; x_wconf 89' lang='grc' dir='ltr'>τε</span> <span class='ocrx_word' id='word_1_687' title='bbox 3104 4687 3192 4740; x_wconf 84' lang='grc' dir='ltr'>καὶ</span> <span class='ocrx_word' id='word_1_688' title='bbox 3241 4685 3666 4746; x_wconf 88' lang='grc' dir='ltr'>κατωςθωκότος</span> <span class='ocrx_word' id='word_1_689' title='bbox 3711 4685 3811 4739; x_wconf 84' lang='grc' dir='ltr'>καὶ</span> 
     </span>
    </p>
   </div>
   <div class='ocr_carea' id='block_1_95' title="bbox 409 4777 2058 4851">
    <p class='ocr_par' dir='ltr' id='par_1_95' title="bbox 409 4777 2058 4851">
     <span class='ocr_line' id='line_1_95' title="bbox 409 4777 2058 4851; baseline -0.004 -14"><span class='ocrx_word' id='word_1_690' title='bbox 409 4786 568 4837; x_wconf 89' lang='lat' dir='ltr'>solus</span> <span class='ocrx_word' id='word_1_691' title='bbox 622 4784 755 4838; x_wconf 86' lang='lat' dir='ltr'>item</span> <span class='ocrx_word' id='word_1_692' title='bbox 804 4794 1280 4851; x_wconf 87' lang='lat' dir='ltr'>unamquamque</span> <span class='ocrx_word' id='word_1_693' title='bbox 1327 4778 1468 4832; x_wconf 90' lang='lat' dir='ltr'>adeo</span> <span class='ocrx_word' id='word_1_694' title='bbox 1519 4777 1758 4832; x_wconf 83' lang='lat' dir='ltr'>feliciter</span> <span class='ocrx_word' id='word_1_695' title='bbox 1804 4777 2058 4848; x_wconf 91' lang='lat' dir='ltr'>perdidi-</span> 
     </span>
    </p>
   </div>
   <div class='ocr_carea' id='block_1_96' title="bbox 410 4866 2054 4943">
    <p class='ocr_par' dir='ltr' id='par_1_96' title="bbox 410 4866 2054 4943">
     <span class='ocr_line' id='line_1_96' title="bbox 410 4866 2054 4943; baseline -0.002 -18"><span class='ocrx_word' id='word_1_696' title='bbox 410 4873 537 4927; x_wconf 81' lang='lat' dir='ltr'>cisti</span> <span class='ocrx_word' id='word_1_697' title='bbox 582 4870 1006 4943; x_wconf 87' lang='lat' dir='ltr'>perfecistique,</span> <span class='ocrx_word' id='word_1_698' title='bbox 1057 4873 1183 4923; x_wconf 89' lang='lat' dir='ltr'>tum</span> <span class='ocrx_word' id='word_1_699' title='bbox 1232 4883 1409 4938; x_wconf 87' lang='lat' dir='ltr'>supra</span> <span class='ocrx_word' id='word_1_700' title='bbox 1471 4866 1613 4921; x_wconf 89' lang='lat' dir='ltr'>alios</span> <span class='ocrx_word' id='word_1_701' title='bbox 1663 4883 1867 4921; x_wconf 90' lang='lat' dir='ltr'>omnes</span> <span class='ocrx_word' id='word_1_702' title='bbox 1926 4883 2054 4936; x_wconf 68' lang='lat' dir='ltr'>quae</span> 
     </span>
    </p>
   </div>
   <div class='ocr_carea' id='block_1_97' title="bbox 402 4956 2054 5032">
    <p class='ocr_par' dir='ltr' id='par_1_97' title="bbox 402 4956 2054 5032">
     <span class='ocr_line' id='line_1_97' title="bbox 402 4956 2054 5032; baseline -0.004 -16"><span class='ocrx_word' id='word_1_703' title='bbox 402 4963 525 5032; x_wconf 50' lang='lat' dir='ltr'>jam</span> <span class='ocrx_word' id='word_1_704' title='bbox 579 4971 799 5031; x_wconf 86' lang='lat' dir='ltr'>reperta</span> <span class='ocrx_word' id='word_1_705' title='bbox 843 4957 1222 5014; x_wconf 88' lang='lat' dir='ltr'>tradebantur</span> <span class='ocrx_word' id='word_1_706' title='bbox 1251 4957 1587 5023; x_wconf 82' lang='lat' dir='ltr'>exercendo,</span> <span class='ocrx_word' id='word_1_707' title='bbox 1653 4959 1777 5010; x_wconf 88' lang='lat' dir='ltr'>tum</span> <span class='ocrx_word' id='word_1_708' title='bbox 1817 4957 1886 5010; x_wconf 88' lang='lat' dir='ltr'>ad</span> <span class='ocrx_word' id='word_1_709' title='bbox 1933 4956 2054 5010; x_wconf 72' lang='lat' dir='ltr'>haec</span> 
     </span>
    </p>
   </div>
   <div class='ocr_carea' id='block_1_98' title="bbox 414 5045 2052 5120">
    <p class='ocr_par' dir='ltr' id='par_1_98' title="bbox 414 5045 2052 5120">
     <span class='ocr_line' id='line_1_98' title="bbox 414 5045 2052 5120; baseline -0.003 -17"><span class='ocrx_word' id='word_1_710' title='bbox 414 5050 661 5117; x_wconf 90' lang='lat' dir='ltr'>plurima</span> <span class='ocrx_word' id='word_1_711' title='bbox 675 5055 734 5105; x_wconf 92' lang='lat' dir='ltr'>et</span> <span class='ocrx_word' id='word_1_712' title='bbox 763 5049 984 5120; x_wconf 85' lang='lat' dir='ltr'>optima</span> <span class='ocrx_word' id='word_1_713' title='bbox 1006 5047 1426 5103; x_wconf 78' lang='lat' dir='ltr'>adinvoniendo</span> <span class='ocrx_word' id='word_1_714' title='bbox 1446 5045 2052 5114; x_wconf 78' lang='lat' dir='ltr'>pertractandoque,ut</span> 
     </span>
    </p>
   </div>
   <div class='ocr_carea' id='block_1_99' title="bbox 413 5132 2049 5203">
    <p class='ocr_par' dir='ltr' id='par_1_99' title="bbox 413 5132 2049 5203">
     <span class='ocr_line' id='line_1_99' title="bbox 413 5132 2049 5203; baseline -0.003 -13"><span class='ocrx_word' id='word_1_715' title='bbox 413 5138 545 5193; x_wconf 87' lang='lat' dir='ltr'>inde</span> <span class='ocrx_word' id='word_1_716' title='bbox 577 5155 690 5194; x_wconf 91' lang='lat' dir='ltr'>non</span> <span class='ocrx_word' id='word_1_717' title='bbox 723 5138 895 5194; x_wconf 89' lang='lat' dir='ltr'>modo</span> <span class='ocrx_word' id='word_1_718' title='bbox 928 5137 1145 5193; x_wconf 90' lang='lat' dir='ltr'>acriore</span> <span class='ocrx_word' id='word_1_719' title='bbox 1171 5135 1366 5190; x_wconf 83' lang='lat' dir='ltr'>studio</span> <span class='ocrx_word' id='word_1_720' title='bbox 1407 5133 1590 5202; x_wconf 85' lang='lat' dir='ltr'>expeti</span> <span class='ocrx_word' id='word_1_721' title='bbox 1626 5132 1962 5203; x_wconf 88' lang='lat' dir='ltr'>majoreque</span> <span class='ocrx_word' id='word_1_722' title='bbox 1993 5132 2049 5186; x_wconf 92' lang='lat' dir='ltr'>in</span> 
     </span>
    </p>
   </div>
   <div class='ocr_carea' id='block_1_100' title="bbox 412 5220 2050 5296">
    <p class='ocr_par' dir='ltr' id='par_1_100' title="bbox 412 5220 2050 5296">
     <span class='ocr_line' id='line_1_100' title="bbox 412 5220 2050 5296; baseline -0.002 -18"><span class='ocrx_word' id='word_1_723' title='bbox 412 5228 594 5296; x_wconf 77' lang='lat' dir='ltr'>pretio</span> <span class='ocrx_word' id='word_1_724' title='bbox 652 5228 756 5282; x_wconf 88' lang='lat' dir='ltr'>has</span> <span class='ocrx_word' id='word_1_725' title='bbox 805 5243 932 5282; x_wconf 90' lang='lat' dir='ltr'>esse</span> <span class='ocrx_word' id='word_1_726' title='bbox 990 5225 1328 5294; x_wconf 89' lang='lat' dir='ltr'>disciplinas</span> <span class='ocrx_word' id='word_1_727' title='bbox 1383 5223 1690 5288; x_wconf 85' lang='lat' dir='ltr'>videamus,</span> <span class='ocrx_word' id='word_1_728' title='bbox 1750 5221 1846 5276; x_wconf 89' lang='lat' dir='ltr'>sed</span> <span class='ocrx_word' id='word_1_729' title='bbox 1899 5225 1954 5276; x_wconf 90' lang='lat' dir='ltr'>et</span> <span class='ocrx_word' id='word_1_730' title='bbox 2004 5220 2050 5276; x_wconf 92' lang='lat' dir='ltr'>si</span> 
     </span>
    </p>
   </div>
   <div class='ocr_carea' id='block_1_101' title="bbox 412 5310 2048 5386">
    <p class='ocr_par' dir='ltr' id='par_1_101' title="bbox 412 5310 2048 5386">
     <span class='ocr_line' id='line_1_101' title="bbox 412 5310 2048 5386; baseline -0.003 -15"><span class='ocrx_word' id='word_1_731' title='bbox 412 5333 523 5386; x_wconf 84' lang='lat' dir='ltr'>quo</span> <span class='ocrx_word' id='word_1_732' title='bbox 538 5332 671 5370; x_wconf 88' lang='lat' dir='ltr'>casu</span> <span class='ocrx_word' id='word_1_733' title='bbox 688 5317 758 5371; x_wconf 88' lang='lat' dir='ltr'>de</span> <span class='ocrx_word' id='word_1_734' title='bbox 774 5316 962 5371; x_wconf 91' lang='lat' dir='ltr'>medio</span> <span class='ocrx_word' id='word_1_735' title='bbox 977 5314 1221 5372; x_wconf 63' lang='lat' dir='ltr'>sublatae</span> <span class='ocrx_word' id='word_1_736' title='bbox 1238 5312 1583 5382; x_wconf 85' lang='lat' dir='ltr'>fuissent,de</span> <span class='ocrx_word' id='word_1_737' title='bbox 1604 5316 1659 5366; x_wconf 92' lang='lat' dir='ltr'>te</span> <span class='ocrx_word' id='word_1_738' title='bbox 1675 5310 1899 5382; x_wconf 84' lang='lat' dir='ltr'>tuisque</span> <span class='ocrx_word' id='word_1_739' title='bbox 1915 5311 2048 5366; x_wconf 84' lang='lat' dir='ltr'>scri-</span> 
     </span>
    </p>
   </div>
   <div class='ocr_carea' id='block_1_102' title="bbox 413 5399 2058 5476">
    <p class='ocr_par' dir='ltr' id='par_1_102' title="bbox 413 5399 2058 5476">
     <span class='ocr_line' id='line_1_102' title="bbox 413 5399 2058 5476; baseline -0.001 -18"><span class='ocrx_word' id='word_1_740' title='bbox 413 5408 524 5476; x_wconf 85' lang='lat' dir='ltr'>ptis</span> <span class='ocrx_word' id='word_1_741' title='bbox 545 5405 727 5460; x_wconf 91' lang='lat' dir='ltr'>nihilo</span> <span class='ocrx_word' id='word_1_742' title='bbox 743 5410 894 5461; x_wconf 87' lang='lat' dir='ltr'>certe</span> <span class='ocrx_word' id='word_1_743' title='bbox 917 5405 1374 5476; x_wconf 89' lang='lat' dir='ltr'>deterius,quam</span> <span class='ocrx_word' id='word_1_744' title='bbox 1399 5401 1640 5458; x_wconf 71' lang='lat' dir='ltr'>invenite</span> <span class='ocrx_word' id='word_1_745' title='bbox 1673 5399 1810 5455; x_wconf 88' lang='lat' dir='ltr'>olim</span> <span class='ocrx_word' id='word_1_746' title='bbox 1833 5401 2058 5458; x_wconf 83' lang='lat' dir='ltr'>fuerant</span> 
     </span>
    </p>
   </div>
   <div class='ocr_carea' id='block_1_103' title="bbox 413 5489 2052 5566">
    <p class='ocr_par' dir='ltr' id='par_1_103' title="bbox 413 5489 2052 5566">
     <span class='ocr_line' id='line_1_103' title="bbox 413 5489 2052 5566; baseline -0.001 -18"><span class='ocrx_word' id='word_1_747' title='bbox 413 5496 601 5550; x_wconf 83' lang='lat' dir='ltr'>denuo</span> <span class='ocrx_word' id='word_1_748' title='bbox 629 5495 782 5564; x_wconf 86' lang='lat' dir='ltr'>ipsas</span> <span class='ocrx_word' id='word_1_749' title='bbox 813 5493 1041 5550; x_wconf 89' lang='lat' dir='ltr'>restitui</span> <span class='ocrx_word' id='word_1_750' title='bbox 1076 5495 1132 5549; x_wconf 89' lang='lat' dir='ltr'>in</span> <span class='ocrx_word' id='word_1_751' title='bbox 1174 5495 1467 5566; x_wconf 87' lang='lat' dir='ltr'>vitamque</span> <span class='ocrx_word' id='word_1_752' title='bbox 1500 5489 1747 5546; x_wconf 86' lang='lat' dir='ltr'>revocari</span> <span class='ocrx_word' id='word_1_753' title='bbox 1775 5489 2052 5561; x_wconf 85' lang='lat' dir='ltr'>potuisse.</span> 
     </span>
    </p>
   </div>
   <div class='ocr_carea' id='block_1_104' title="bbox 487 5580 2054 5648">
    <p class='ocr_par' dir='ltr' id='par_1_104' title="bbox 487 5580 2054 5648">
     <span class='ocr_line' id='line_1_104' title="bbox 487 5580 2054 5648; baseline -0.003 -8"><span class='ocrx_word' id='word_1_754' title='bbox 487 5584 724 5640; x_wconf 80' lang='lat' dir='ltr'><strong>XXXIV.</strong></span> <span class='ocrx_word' id='word_1_755' title='bbox 767 5586 952 5648; x_wconf 88' lang='lat' dir='ltr'>Quam</span> <span class='ocrx_word' id='word_1_756' title='bbox 1003 5601 1188 5640; x_wconf 88' lang='lat' dir='ltr'>meam</span> <span class='ocrx_word' id='word_1_757' title='bbox 1229 5582 1578 5640; x_wconf 86' lang='lat' dir='ltr'>sententiam</span> <span class='ocrx_word' id='word_1_758' title='bbox 1641 5580 1721 5634; x_wconf 83' lang='lat' dir='ltr'>vel</span> <span class='ocrx_word' id='word_1_759' title='bbox 1783 5580 1918 5635; x_wconf 90' lang='lat' dir='ltr'>inde</span> <span class='ocrx_word' id='word_1_760' title='bbox 1963 5597 2054 5636; x_wconf 92' lang='lat' dir='ltr'>re-</span> 
     </span>
    </p>
   </div>
   <div class='ocr_carea' id='block_1_105' title="bbox 417 5669 2057 5744">
    <p class='ocr_par' dir='ltr' id='par_1_105' title="bbox 417 5669 2057 5744">
     <span class='ocr_line' id='line_1_105' title="bbox 417 5669 2057 5744; baseline -0.003 -14"><span class='ocrx_word' id='word_1_761' title='bbox 417 5674 568 5730; x_wconf 88' lang='lat' dir='ltr'>ctius</span> <span class='ocrx_word' id='word_1_762' title='bbox 625 5676 928 5744; x_wconf 67' lang='lat' dir='ltr'>quisquam</span> <span class='ocrx_word' id='word_1_763' title='bbox 980 5674 1416 5729; x_wconf 64' lang='lat' dir='ltr'>aninmdvertat.</span> <span class='ocrx_word' id='word_1_764' title='bbox 1470 5670 1693 5740; x_wconf 88' lang='lat' dir='ltr'>Quippe</span> <span class='ocrx_word' id='word_1_765' title='bbox 1733 5669 1778 5724; x_wconf 91' lang='lat' dir='ltr'>si</span> <span class='ocrx_word' id='word_1_766' title='bbox 1824 5674 1881 5722; x_wconf 89' lang='lat' dir='ltr'>et</span> <span class='ocrx_word' id='word_1_767' title='bbox 1915 5671 2057 5725; x_wconf 89' lang='lat' dir='ltr'>artis</span> 
     </span>
    </p>
   </div>
   <div class='ocr_carea' id='block_1_106' title="bbox 2167 4773 3809 4853">
    <p class='ocr_par' dir='ltr' id='par_1_106' title="bbox 2167 4773 3809 4853">
     <span class='ocr_line' id='line_1_106' title="bbox 2167 4773 3809 4853; baseline 0 -25"><span class='ocrx_word' id='word_1_768' title='bbox 2167 4777 2252 4838; x_wconf 79' lang='grc' dir='ltr'>οἷς</span> <span class='ocrx_word' id='word_1_769' title='bbox 2287 4778 2416 4853; x_wconf 72' lang='grc' dir='ltr'>ὑπὲρ</span> <span class='ocrx_word' id='word_1_770' title='bbox 2448 4779 2648 4838; x_wconf 69' lang='grc' dir='ltr'>πάντας</span> <span class='ocrx_word' id='word_1_771' title='bbox 2678 4775 2804 4841; x_wconf 76' lang='grc' dir='ltr'>τοὺς</span> <span class='ocrx_word' id='word_1_772' title='bbox 2843 4775 3046 4838; x_wconf 73' lang='grc' dir='ltr'>ἄλλους</span> <span class='ocrx_word' id='word_1_773' title='bbox 3089 4781 3204 4838; x_wconf 84' lang='grc' dir='ltr'>τοῖς</span> <span class='ocrx_word' id='word_1_774' title='bbox 3244 4774 3516 4848; x_wconf 89' lang='grc' dir='ltr'>κειμένοις</span> <span class='ocrx_word' id='word_1_775' title='bbox 3557 4773 3809 4848; x_wconf 71' lang='grc' dir='ltr'>ἐχρήσω,</span> 
     </span>
    </p>
   </div>
   <div class='ocr_carea' id='block_1_107' title="bbox 2164 4861 3810 4938">
    <p class='ocr_par' dir='ltr' id='par_1_107' title="bbox 2164 4861 3810 4938">
     <span class='ocr_line' id='line_1_107' title="bbox 2164 4861 3810 4938; baseline -0.001 -20"><span class='ocrx_word' id='word_1_776' title='bbox 2164 4865 2252 4918; x_wconf 75' lang='grc' dir='ltr'>καὶ</span> <span class='ocrx_word' id='word_1_777' title='bbox 2310 4867 2390 4929; x_wconf 83' lang='grc' dir='ltr'>οἷς</span> <span class='ocrx_word' id='word_1_778' title='bbox 2447 4866 2672 4920; x_wconf 76' lang='grc' dir='ltr'>πλεῖστα</span> <span class='ocrx_word' id='word_1_779' title='bbox 2711 4865 2801 4921; x_wconf 80' lang='grc' dir='ltr'>καὶ</span> <span class='ocrx_word' id='word_1_780' title='bbox 2847 4863 3100 4920; x_wconf 77' lang='grc' dir='ltr'>κάλλιστ’</span> <span class='ocrx_word' id='word_1_781' title='bbox 3148 4865 3306 4926; x_wconf 82' lang='grc' dir='ltr'>αὐτὸς</span> <span class='ocrx_word' id='word_1_782' title='bbox 3354 4861 3703 4938; x_wconf 79' lang='grc' dir='ltr'>προσεξεῦρές</span> <span class='ocrx_word' id='word_1_783' title='bbox 3745 4883 3810 4917; x_wconf 88' lang='grc' dir='ltr'>τε</span> 
     </span>
    </p>
   </div>
   <div class='ocr_carea' id='block_1_108' title="bbox 2163 4951 3808 5029">
    <p class='ocr_par' dir='ltr' id='par_1_108' title="bbox 2163 4951 3808 5029">
     <span class='ocr_line' id='line_1_108' title="bbox 2163 4951 3808 5029; baseline 0 -22"><span class='ocrx_word' id='word_1_784' title='bbox 2163 4955 2250 5007; x_wconf 74' lang='grc' dir='ltr'>καὶ</span> <span class='ocrx_word' id='word_1_785' title='bbox 2283 4957 2734 5029; x_wconf 57' lang='lat' dir='ltr'>«possiem-picto,</span> <span class='ocrx_word' id='word_1_786' title='bbox 2775 4955 2850 5016; x_wconf 81' lang='grc' dir='ltr'>ὡς</span> <span class='ocrx_word' id='word_1_787' title='bbox 2899 4954 3008 5028; x_wconf 82' lang='grc' dir='ltr'>οὐχ</span> <span class='ocrx_word' id='word_1_788' title='bbox 3047 4955 3170 5008; x_wconf 82' lang='grc' dir='ltr'>ὅσον</span> <span class='ocrx_word' id='word_1_789' title='bbox 3214 4952 3449 5008; x_wconf 79' lang='grc' dir='ltr'>ἐντεῦθεν</span> <span class='ocrx_word' id='word_1_790' title='bbox 3497 4951 3655 5012; x_wconf 66' lang='grc' dir='ltr'>αὐτας</span> <span class='ocrx_word' id='word_1_791' title='bbox 3703 4956 3808 5020; x_wconf 79' lang='grc' dir='ltr'>ζηο</span> 
     </span>
    </p>
   </div>
   <div class='ocr_carea' id='block_1_109' title="bbox 2165 5037 3809 5119">
    <p class='ocr_par' dir='ltr' id='par_1_109' title="bbox 2165 5037 3809 5119">
     <span class='ocr_line' id='line_1_109' title="bbox 2165 5037 3809 5119; baseline -0.002 -23"><span class='ocrx_word' id='word_1_792' title='bbox 2165 5040 2468 5118; x_wconf 77' lang='grc' dir='ltr'>λωτοτέρας</span> <span class='ocrx_word' id='word_1_793' title='bbox 2522 5047 2647 5118; x_wconf 75' lang='grc' dir='ltr'>ὁρᾷν</span> <span class='ocrx_word' id='word_1_794' title='bbox 2697 5043 2786 5098; x_wconf 77' lang='grc' dir='ltr'>καὶ</span> <span class='ocrx_word' id='word_1_795' title='bbox 2832 5041 3000 5114; x_wconf 84' lang='grc' dir='ltr'>μείζω</span> <span class='ocrx_word' id='word_1_796' title='bbox 3054 5040 3354 5119; x_wconf 83' lang='grc' dir='ltr'>δεχομένας</span> <span class='ocrx_word' id='word_1_797' title='bbox 3395 5037 3611 5094; x_wconf 82' lang='grc' dir='ltr'>ἔπαινον</span> <span class='ocrx_word' id='word_1_798' title='bbox 3656 5038 3809 5093; x_wconf 82' lang='grc' dir='ltr'>ἀλλὰ</span> 
     </span>
    </p>
   </div>
   <div class='ocr_carea' id='block_1_110' title="bbox 2163 5123 3805 5206">
    <p class='ocr_par' dir='ltr' id='par_1_110' title="bbox 2163 5123 3805 5206">
     <span class='ocr_line' id='line_1_110' title="bbox 2163 5123 3805 5206; baseline -0.002 -21"><span class='ocrx_word' id='word_1_799' title='bbox 2163 5132 2250 5185; x_wconf 82' lang='grc' dir='ltr'>καὶ</span> <span class='ocrx_word' id='word_1_800' title='bbox 2296 5130 2340 5186; x_wconf 72' lang='grc' dir='ltr'>ε⁹ί</span> <span class='ocrx_word' id='word_1_801' title='bbox 2384 5154 2497 5194; x_wconf 86' lang='grc' dir='ltr'>πως</span> <span class='ocrx_word' id='word_1_802' title='bbox 2539 5132 2599 5188; x_wconf 81' lang='grc' dir='ltr'>ἐκ</span> <span class='ocrx_word' id='word_1_803' title='bbox 2645 5131 2808 5205; x_wconf 81' lang='grc' dir='ltr'>μέσου</span> <span class='ocrx_word' id='word_1_804' title='bbox 2853 5130 3074 5186; x_wconf 82' lang='grc' dir='ltr'>ταυτασὶ</span> <span class='ocrx_word' id='word_1_805' title='bbox 3126 5132 3448 5206; x_wconf 82' lang='grc' dir='ltr'>γεγενῆσθαι</span> <span class='ocrx_word' id='word_1_806' title='bbox 3498 5123 3710 5199; x_wconf 76' lang='grc' dir='ltr'>ξυνέϐη,</span> 
     </span>
    </p>
   </div>
   <div class='ocr_carea' id='block_1_111' title="bbox 2164 5212 3809 5296">
    <p class='ocr_par' dir='ltr' id='par_1_111' title="bbox 2164 5212 3809 5296">
     <span class='ocr_line' id='line_1_111' title="bbox 2164 5212 3809 5296; baseline -0.002 -22"><span class='ocrx_word' id='word_1_807' title='bbox 2164 5221 2263 5292; x_wconf 75' lang='grc' dir='ltr'>ἄρα</span> <span class='ocrx_word' id='word_1_808' title='bbox 2323 5226 2420 5275; x_wconf 85' lang='grc' dir='ltr'>σοῦ</span> <span class='ocrx_word' id='word_1_809' title='bbox 2477 5223 2565 5276; x_wconf 77' lang='grc' dir='ltr'>καὶ</span> <span class='ocrx_word' id='word_1_810' title='bbox 2614 5226 2719 5276; x_wconf 79' lang='grc' dir='ltr'>τῶν</span> <span class='ocrx_word' id='word_1_811' title='bbox 2768 5225 2873 5275; x_wconf 82' lang='grc' dir='ltr'>σῶν</span> <span class='ocrx_word' id='word_1_812' title='bbox 2931 5220 3132 5296; x_wconf 85' lang='grc' dir='ltr'>λόγων,</span> <span class='ocrx_word' id='word_1_813' title='bbox 3191 5214 3475 5274; x_wconf 77' lang='grc' dir='ltr'>ἀναλαϐεῖν</span> <span class='ocrx_word' id='word_1_814' title='bbox 3525 5212 3672 5292; x_wconf 78' lang='grc' dir='ltr'>ἔχειν</span> <span class='ocrx_word' id='word_1_815' title='bbox 3732 5213 3809 5271; x_wconf 79' lang='grc' dir='ltr'>ἔτ’</span> 
     </span>
    </p>
   </div>
   <div class='ocr_carea' id='block_1_112' title="bbox 2161 5307 3810 5386">
    <p class='ocr_par' dir='ltr' id='par_1_112' title="bbox 2161 5307 3810 5386">
     <span class='ocr_line' id='line_1_112' title="bbox 2161 5307 3810 5386; baseline -0.003 -23"><span class='ocrx_word' id='word_1_816' title='bbox 2161 5309 2313 5372; x_wconf 79' lang='grc' dir='ltr'>αῦο;ς</span> <span class='ocrx_word' id='word_1_817' title='bbox 2343 5316 2449 5365; x_wconf 79' lang='grc' dir='ltr'>τῶν</span> <span class='ocrx_word' id='word_1_818' title='bbox 2493 5311 2802 5385; x_wconf 76' lang='grc' dir='ltr'>εὑρηκότων</span> <span class='ocrx_word' id='word_1_819' title='bbox 2849 5309 3079 5384; x_wconf 87' lang='grc' dir='ltr'>πρόσθεν</span> <span class='ocrx_word' id='word_1_820' title='bbox 3129 5309 3240 5386; x_wconf 84' lang='grc' dir='ltr'>οὐχ</span> <span class='ocrx_word' id='word_1_821' title='bbox 3271 5311 3456 5378; x_wconf 73' lang='grc' dir='ltr'>ἧττον,</span> <span class='ocrx_word' id='word_1_822' title='bbox 3506 5307 3596 5360; x_wconf 84' lang='grc' dir='ltr'>καὶ</span> <span class='ocrx_word' id='word_1_823' title='bbox 3640 5325 3810 5359; x_wconf 79' lang='grc' dir='ltr'>κατα-</span> 
     </span>
    </p>
   </div>
   <div class='ocr_carea' id='block_1_113' title="bbox 2167 5397 2839 5474">
    <p class='ocr_par' dir='ltr' id='par_1_113' title="bbox 2167 5397 2839 5474">
     <span class='ocr_line' id='line_1_113' title="bbox 2167 5397 2839 5474; baseline -0.001 -19"><span class='ocrx_word' id='word_1_824' title='bbox 2167 5405 2359 5468; x_wconf 85' lang='grc' dir='ltr'>στῆσαι</span> <span class='ocrx_word' id='word_1_825' title='bbox 2394 5397 2556 5454; x_wconf 77' lang='grc' dir='ltr'>πάλιν</span> <span class='ocrx_word' id='word_1_826' title='bbox 2586 5404 2663 5472; x_wconf 77' lang='grc' dir='ltr'>τῷ</span> <span class='ocrx_word' id='word_1_827' title='bbox 2698 5399 2839 5474; x_wconf 84' lang='grc' dir='ltr'>βίῳ;</span> 
     </span>
    </p>
   </div>
   <div class='ocr_carea' id='block_1_114' title="bbox 2239 5571 3812 5651">
    <p class='ocr_par' dir='ltr' id='par_1_114' title="bbox 2239 5571 3812 5651">
     <span class='ocr_line' id='line_1_114' title="bbox 2239 5571 3812 5651; baseline -0.001 -19"><span class='ocrx_word' id='word_1_828' title='bbox 2239 5579 2362 5632; x_wconf 79' lang='grc' dir='ltr'>ΛΔ’.</span> <span class='ocrx_word' id='word_1_829' title='bbox 2400 5578 2557 5648; x_wconf 71' lang='grc' dir='ltr'>ι’νοίη</span> <span class='ocrx_word' id='word_1_830' title='bbox 2591 5576 2649 5632; x_wconf 76' lang='grc' dir='ltr'>-ὂ’</span> <span class='ocrx_word' id='word_1_831' title='bbox 2690 5577 2749 5634; x_wconf 73' lang='grc' dir='ltr'>ἄν</span> <span class='ocrx_word' id='word_1_832' title='bbox 2791 5599 2872 5639; x_wconf 90' lang='grc' dir='ltr'>τις</span> <span class='ocrx_word' id='word_1_833' title='bbox 2911 5576 3111 5632; x_wconf 84' lang='grc' dir='ltr'>ἐκεῖθεν</span> <span class='ocrx_word' id='word_1_834' title='bbox 3162 5572 3541 5651; x_wconf 78' lang='grc' dir='ltr'>ἀκριϐέστερον</span> <span class='ocrx_word' id='word_1_835' title='bbox 3574 5575 3603 5628; x_wconf 78' lang='grc' dir='ltr'>’ὀ</span> <span class='ocrx_word' id='word_1_836' title='bbox 3637 5571 3812 5646; x_wconf 75' lang='grc' dir='ltr'>λέγω.</span> 
     </span>
    </p>
   </div>
   <div class='ocr_carea' id='block_1_115' title="bbox 2167 5658 3807 5743">
    <p class='ocr_par' dir='ltr' id='par_1_115' title="bbox 2167 5658 3807 5743">
     <span class='ocr_line' id='line_1_115' title="bbox 2167 5658 3807 5743; baseline -0.005 -20"><span class='ocrx_word' id='word_1_837' title='bbox 2167 5667 2235 5723; x_wconf 67' lang='lat' dir='ltr'>Ei</span> <span class='ocrx_word' id='word_1_838' title='bbox 2263 5667 2362 5742; x_wconf 68' lang='grc' dir='ltr'>γὰρ</span> <span class='ocrx_word' id='word_1_839' title='bbox 2395 5668 2692 5743; x_wconf 76' lang='grc' dir='ltr'>ῥητορικῆς</span> <span class='ocrx_word' id='word_1_840' title='bbox 2721 5690 2776 5723; x_wconf 92' lang='grc' dir='ltr'>τε</span> <span class='ocrx_word' id='word_1_841' title='bbox 2806 5667 2894 5722; x_wconf 81' lang='grc' dir='ltr'>καὶ</span> <span class='ocrx_word' id='word_1_842' title='bbox 2925 5665 3256 5743; x_wconf 71' lang='grc' dir='ltr'>φιλοσοφίας</span> <span class='ocrx_word' id='word_1_843' title='bbox 3284 5665 3510 5739; x_wconf 75' lang='grc' dir='ltr'>ἐξετάσει</span> <span class='ocrx_word' id='word_1_844' title='bbox 3565 5658 3807 5734; x_wconf 70' lang='grc' dir='ltr'>τέίεῖδη,</span> 
     </span>
    </p>
   </div>
  </div>
