4092 6300
288 381 407 445 249

1306 388 1699 474 LAUDATIO
1742 391 1804 452 S.
1848 391 2219 460 GREGORII
2265 387 2674 458 THEOLOGI.

3567 386 3688 474 ssc

291 520 349 573 σὶ
411 519 632 583 πάντως
677 521 894 577 παντων
945 522 1107 598 ἄκρον
1153 523 1369 598 εὑρήσει
1426 523 1682 603 τεχνίτην
1731 526 1924 600 πολλῷ

2047 532 2304 588 oratoriae
2352 535 2410 588 et
2455 527 2829 601 philosophia
2877 533 3068 597 partes
3114 523 3387 589 excutiat,
3418 520 3682 578 omnium

291 609 736 685 θαυμαστότερον
765 613 851 666 καὶ
886 611 1103 667 καλλίω
1131 617 1241 668 τῶν
1271 611 1321 683 ἐξ
1354 615 1533 688 ἀρχῆς
1576 620 1891 687 προστατῶν
1913 637 1928 650 ⁸

286 706 386 766 τῆς
425 701 545 769 μὲν,
599 701 740 775 πρὸς
789 705 870 773 τῷ
898 707 1196 775 πρακτικῷ,
1245 705 1308 758 τό
1355 725 1414 758 τε
1459 705 1790 778 θεωρητικὸν
1842 707 1931 761 καὶ

287 788 612 862 θεολογικόν
643 792 729 845 καῖ
766 791 987 864 προσέτι
1027 790 1367 848 διαλεκτικὸν
1401 794 1684 871 ὑπερφυῶς
1737 815 1931 867 κεκτη-

293 877 452 946 μένον
483 897 497 910 ·
549 880 633 939 οἷς
694 875 753 933 δὲ
803 878 1093 954 ῥητορικὸς
1144 881 1218 935 ὤν
1276 882 1584 960 τυγχάνεις,
1633 880 1932 939 δεινότατον

289 966 532 1035 πάντων,
565 971 658 1020 νῦν
701 969 797 1040 μὲν
846 969 1252 1044 πανηγυρίζειν,
1291 975 1381 1023 νῦν
1416 969 1473 1026 δὲ
1517 967 1932 1044 συμϐουλεύειν,

287 1057 382 1107 νῦν
426 1052 483 1108 δὲ
533 1056 744 1129 θατέρῳ
790 1059 1093 1131 κεχρῆσθαι
1139 1060 1226 1113 καὶ
1281 1061 1409 1114 εἶναι
1454 1058 1768 1115 δικανικόν·
1820 1060 1934 1117 ἔστι

289 1140 338 1196 δ’
369 1145 433 1197 οῦ
465 1145 553 1198 καὶ
579 1151 710 1199 πᾶσι
740 1147 954 1210 τούτοις
985 1148 1128 1221 ὃμοῦ
1153 1166 1166 1181 °
1203 1151 1469 1222 μάρτυρες
1511 1147 1566 1204 δὲ
1614 1150 1931 1224 ἀξιόχρειῳ,

288 1234 342 1286 οἱ
375 1235 459 1286 σοὶ
517 1235 756 1305 μάλιστα
807 1233 967 1311 λόγοι
1016 1241 1189 1291 πᾶσαν
1235 1237 1572 1306 τηλικαύτην
1630 1237 1772 1294 ἰδέαν
1823 1239 1931 1294 δει-

283 1321 509 1383 κνύντες
569 1323 630 1377 ἐκ
684 1331 962 1398 περιττοῦ,
1021 1326 1109 1380 καὶ
1153 1325 1355 1388 πάντας
1403 1327 1795 1398 ἐκπλήττοντες
1843 1328 1930 1383 καὶ

284 1411 514 1484 προσέτι
571 1413 867 1480 πείθοντες,
931 1417 1007 1486 μή
1072 1415 1237 1488 μόνον
1288 1417 1346 1470 σὲ
1402 1414 1654 1490 γλῶτταν
1716 1409 1930 1496 σοφίας,

283 1497 439 1553 ἀλλὰ
467 1500 559 1554 καὶ
591 1505 713 1556 νοῦν
748 1502 937 1564 ἁπλῶς
969 1504 1257 1577 ὀνομάζειν
1288 1507 1488 1568 παντὸς
1524 1505 1736 1578 μᾶλλον
1771 1509 1929 1564 Ἀνα-

282 1589 548 1662 ξαγόρου,
599 1589 657 1644 ὅν
704 1592 756 1645 οἱ
805 1593 1033 1666 πρόσθεν
1083 1597 1207 1646 νοῦν
1257 1592 1575 1666 ἐπικᾶλουν,
1626 1593 1714 1650 διὰ
1741 1597 1803 1650 τὸ
1835 1601 1931 1652 τοῦ

280 1698 378 1732 τον
451 1678 600 1732 οὕτω
664 1685 782 1741 τοῖς
868 1680 1182 1756 πράγμασιν
1269 1679 1588 1739 ἐπιϐάλλειν
1656 1682 1929 1750 δύνασθαι,

282 1768 471 1838 ὥσπερ
503 1770 626 1822 τινὰ
658 1768 956 1842 λελυμένον
989 1772 1265 1843 σώματος.
1297 1773 1476 1830 Ἀλλὰ
1509 1776 1616 1846 μὴν
1667 1775 1930 1849 ἀστρονο-

285 1859 416 1928 μίας
444 1857 570 1930 πέρι
600 1859 690 1912 καὶ
729 1862 1066 1934 γεωμετρίας
1114 1861 1202 1915 καὶ
1247 1867 1354 1918 τῶν
1405 1861 1592 1917 ἄλλων
1641 1868 1746 1918 τῶν
1798 1885 1928 1918 ταυ-
1963 1904 2010 1968 Β

293 1967 300 1968 ί
391 1946 425 1968 κ.
463 1949 485 1968 ,
698 1947 709 1966 ο
899 1948 912 1966 ν
983 1954 1004 1964 -
1095 1950 1149 1968 η,
1284 1949 1307 1968 ν
1476 1953 1489 1968 ι
1621 1955 1632 1968 ,
1802 1951 1826 1968 ο.

282 1946 427 2000 ταισῖ
461 1947 846 2020 ξυνημμένων,
894 1948 1062 2004 ἐκεῖνο
1095 1950 1239 2024 λέγω
1280 1949 1363 2006 ὅτι
1404 1953 1492 2007 καὶ
1540 1955 1746 2008 τούτων
1781 1951 1929 2029 ε’ίπερ

282 2056 362 2097 τις
443 2035 538 2089 καὶ
607 2034 764 2097 οὗτος
829 2039 1164 2110 κτησάμενο,
1231 2038 1566 2113 ἐπιστήμην,
1634 2043 1724 2096 καὶ
1781 2041 1931 2103 ὅπως

280 2125 431 2179 ταῦτ’
462 2120 583 2199 ἔχει
616 2127 969 2198 καταμαθὼν,
1001 2127 1155 2182 οὐδὲν
1192 2131 1295 2202 γὰρ
1346 2129 1770 2205 ἀνεπιχείρητον
1812 2128 1931 2186 οὐδ’

280 2214 635 2284 ἀνεξέταστον
683 2219 764 2285 τῷ
821 2221 992 2292 σοφῷ,
1053 2216 1269 2272 πολλοῦ
1325 2239 1385 2292 γε
1440 2219 1528 2274 καὶ
1581 2224 1678 2274 τοῦ
1735 2221 1932 2282 παντὸς

282 2300 470 2373 ἐδέησε
501 2302 724 2365 τούτοις
754 2309 884 2358 πᾶσι
931 2307 1229 2380 κεχρῆσθαι
1263 2326 1274 2338 ·
1327 2306 1474 2362 ἀλλὰ
1516 2314 1633 2371 τοῖς
1665 2310 1783 2381 μὶν,
1814 2315 1932 2375 τοῖς

285 2390 326 2444 δ’
375 2391 476 2446 οὕ·
538 2392 639 2447 ὅσα
688 2393 793 2467 γὰρ
843 2393 1014 2448 αὐτῶν
1057 2394 1240 2448 εἰκότα
1287 2398 1377 2450 καί
1433 2398 1720 2470 ἀναγκαῖα,
1763 2403 1929 2455 ταῦτα

287 2483 404 2552 παρ’
443 2482 629 2552 ἑαυτῷ
676 2483 993 2555 κατασχὼν,
1041 2481 1220 2538 τᾶλλα
1267 2491 1382 2545 τοῖς
1428 2483 1621 2548 ἄλλοις
1662 2493 1924 2559 παρῆκεν,

292 2571 357 2631 ὡς
396 2567 529 2624 ὄντα
570 2569 763 2644 πόρῥω
801 2575 911 2626 τῶν
950 2572 1112 2646 ἱερῶν
1149 2574 1237 2626 καὶ
1279 2580 1378 2641 τῆς
1429 2576 1543 2629 καθ’
1574 2577 1720 2648 ἡμᾶς
1769 2576 1926 2650 αἱρέ-

293 2679 413 2718 σεως
437 2682 448 2691 ·
483 2658 600 2733 οὐχ
629 2661 702 2713 ὦν
735 2658 1022 2733 προείλετο
1054 2663 1464 2734 θαυμαζόμενος
1514 2663 1753 2738 μᾶλλον,
1784 2665 1819 2734 ἢ
1851 2667 1924 2720 ὧν

291 2747 594 2822 ὑπερεῖδεν·
637 2747 754 2803 ἐπεὶ
805 2751 894 2804 καὶ
953 2750 1133 2824 ἰατρὸς
1183 2753 1355 2806 πάντα
1415 2753 1508 2824 μὲν
1555 2751 1701 2808 οἶδεν
1749 2756 1924 2810 ὡσαύ-

279 2857 381 2898 τως
439 2837 509 2891 τά
569 2857 626 2892 τε
684 2835 1073 2894 λυσιτελοῦντα
1126 2844 1234 2894 τῶν
1294 2842 1592 2917 φαρμάκιον
1646 2844 1736 2896 καὶ
1793 2845 1926 2899 όίττα

275 2929 408 3000 πρὸς
455 2921 700 3000 βλάϐην,
743 2924 890 2981 ἀλλὰ
927 2932 1036 2984 τῶν
1089 2931 1183 3000 μὶν
1235 2929 1426 3004 ἀπέχει
1478 2932 1716 3002 καθάπαξ
1756 2933 1828 2994 ὼς
1860 2933 1920 2987 ἄν

270 3036 351 3076 τις
408 3016 487 3086 μή
539 3014 724 3089 γνοὺς,
757 3016 790 3070 ἃ
821 3013 877 3070 δὶ
927 3017 1064 3091 πρὸς
1123 3017 1218 3088 μὲν
1263 3023 1372 3072 τῶν
1421 3019 1736 3092 καμνόντων
1786 3021 1921 3091 ἐστὶ,

270 3108 338 3178 τῇ
390 3106 543 3176 νόσῳ
586 3101 645 3159 8‘s
690 3103 945 3177 πολεμεῖ,
1007 3107 1141 3178 μετὰ
1191 3103 1249 3161 δὲ
1303 3113 1403 3176 τῆς
1456 3113 1658 3183 τεχνης
1706 3108 1922 3166 ’ίσταται

270 3193 483 3249 τούτων
540 3193 614 3255 ὡς
658 3193 873 3248 οἰκείων
919 3193 1300 3265 ἀντιποιεῖται,
1347 3197 1437 3251 καὶ
1483 3198 1702 3262 τούτοις
1747 3220 1916 3274 προσ-

2044 626 2102 678 te
2126 623 2366 678 omnino
2413 635 2712 677 summum
2760 617 3009 688 reperiet
3051 614 3356 676 artificem,
3406 611 3684 680 longeque

2044 712 2370 768 mirabilem
2415 709 2600 780 magis
2665 706 3237 777 praestantioremque
3285 700 3488 772 primis
3547 697 3686 770 ipsis

2041 803 2326 872 cujusque
2377 798 2698 871 magistris,
2757 796 2990 868 quando
3059 791 3440 863 philosophia
3492 791 3684 856 partes

2041 909 2244 948 omnes
2274 896 2400 945 tum
2435 890 2694 954 activam,
2727 891 2853 942 tum
2885 883 3413 954 contemplativam,
3446 877 3686 934 divinas-

2043 997 2156 1054 que
2185 981 2326 1036 item
2358 982 2577 1034 naturai
2617 975 3069 1048 explicatricem,
3120 975 3292 1043 atque
3332 968 3494 1024 illam
3537 983 3685 1038 prse-

2041 1076 2195 1126 terea
2224 1086 2350 1141 quae
2381 1067 2700 1123 disserendi
2734 1066 3017 1120 rationem
3063 1059 3495 1132 complectitur,
3539 1071 3686 1126 pene

2043 1161 2192 1215 ultra
2208 1159 2440 1214 humani
2457 1156 2674 1227 ingenii
2697 1154 2914 1210 malum
2939 1152 3194 1219 Ienebas,
3207 1165 3414 1204 rursus
3426 1161 3540 1218 qua
3559 1161 3689 1200 ora-

2043 1251 2174 1306 torii
2226 1246 2439 1318 ingenii
2485 1246 2776 1314 studiique
2816 1241 3110 1314 specimen
3143 1238 3384 1310 praebes,
3417 1234 3680 1291 omnium

2039 1342 2096 1394 te
2124 1336 2572 1393 solertissimum
2624 1333 2959 1403 comperiet,
3009 1330 3181 1386 modo
3225 1328 3284 1382 in
3319 1323 3682 1396 panegyrioo,

2041 1424 2211 1480 modo
2241 1422 2299 1478 in
2333 1421 2597 1479 suasorio
2637 1434 2938 1473 causarum
2990 1430 3217 1487 genere,
3266 1413 3434 1466 modo
3483 1425 3684 1465 rursus

2040 1515 2106 1568 ut
2129 1515 2186 1566 et
2215 1511 2422 1566 horum
2454 1508 2794 1565 alterutrum
2828 1519 3095 1575 usurpes,
3129 1508 3185 1558 et
3222 1495 3683 1569 simuljudiciali

2040 1601 2260 1672 impetu
2310 1599 2534 1667 feraris,
2577 1595 2893 1667 aliquando
2933 1595 3071 1651 item
3114 1597 3178 1648 ut
3218 1591 3337 1645 haec
3384 1587 3583 1644 omnia
3621 1587 3681 1640 in

2042 1707 2220 1748 unum
2244 1691 2573 1746 conducas:
2617 1688 2786 1758 cujus
2818 1686 2897 1741 rei
2948 1699 3089 1740 sane
3137 1696 3316 1754 quam
3364 1676 3684 1746 locupletes

2039 1785 2219 1838 testes
2249 1785 2366 1836 tua;
2395 1780 2687 1835 orationes
2730 1780 2892 1840 sunt,
2929 1774 2986 1828 in
3018 1772 3232 1843 quibus
3263 1771 3479 1826 formas
3509 1766 3682 1822 hasce

2041 1887 2242 1927 omnes
2295 1866 2759 1926 luculentissima
2813 1879 3118 1936 expressas
3158 1861 3349 1916 videre
3385 1861 3495 1923 est,
3554 1871 3682 1927 quas

2040 1976 2174 2016 cum
2205 1959 2645 2016 admirationem
2695 1956 2968 2011 omnibus
3015 1953 3264 2016 movent,
3315 1953 3441 2004 tum
3482 1951 3537 2001 te
3567 1961 3682 2000 non

2037 2064 2104 2106 os
2161 2049 2333 2104 modo
2382 2048 2758 2117 linguamque
2802 2041 3117 2115 sapientiae,
3167 2039 3267 2095 sed
3316 2041 3375 2092 et
3432 2040 3682 2090 mentem

2039 2137 2382 2206 simpliciter
2426 2135 2838 2208 appellandum
2887 2147 3014 2188 esse
3072 2127 3447 2201 persuadent.
3509 2122 3685 2192 quue

2041 2244 2152 2284 non
2195 2227 2366 2297 paulo
2414 2224 2626 2281 rectius
2673 2239 2853 2296 quam
2895 2225 3291 2289 Anaxagoram
3323 2212 3680 2286 quempiam,

2037 2331 2211 2387 quem
2272 2315 2377 2370 hoc
2423 2318 2646 2368 veteres
2694 2311 2929 2368 nomine
2975 2308 3278 2371 vocabant,
3322 2302 3478 2374 quod
3526 2301 3680 2357 hand

2037 2405 2202 2460 aliter
2257 2403 2316 2459 in
2362 2407 2601 2458 naturas
2650 2415 2845 2456 rerum
2893 2398 3235 2468 penetraret,
3293 2407 3466 2464 quam
3517 2404 3682 2444 mens

2037 2493 2303 2565 qurrdam
2339 2509 2445 2547 suo
2479 2489 2744 2546 exsoluta
2767 2502 3025 2558 corpore.
3062 2485 3143 2540 De
3168 2479 3524 2538 astronomia
3546 2493 3681 2532 vero

2034 2586 2092 2638 et
2155 2581 2494 2653 geometria,
2542 2578 2877 2650 ceterisque
2919 2592 3046 2646 quas
3091 2589 3221 2628 cum
3263 2573 3334 2626 iis
3392 2569 3684 2625 cohaerent

2035 2672 2384 2742 disciplinis,
2439 2671 2547 2726 hoc
2589 2669 2774 2724 habeo
2805 2668 3014 2732 dicere,
3048 2661 3203 2736 quod
3243 2659 3353 2716 etsi
3385 2673 3605 2722 earum,
3630 2656 3679 2710 si

2033 2761 2164 2831 quis
2232 2777 2491 2831 unquam
2559 2759 2734 2827 alius,
2791 2755 2999 2813 eximie
3048 2757 3245 2809 noster
3276 2748 3495 2820 peritus
3533 2750 3676 2811 erat,

2034 2863 2266 2920 quoque
2295 2847 2392 2902 illa
2420 2848 2617 2903 omnia
2643 2849 2977 2914 comparata
3008 2842 3178 2897 modo
3200 2842 3395 2894 essent
3414 2848 3680 2904 comper-

2032 2938 2156 2992 tum
2190 2937 2419 3002 habeat,
2455 2936 2598 2991 nihil
2628 2935 2785 2990 enim
2808 2933 2894 2988 vir
2916 2928 3376 3002 sapientissimus
3394 2925 3675 2980 intactum

2032 3025 2525 3097 inexcussumqus
2544 3023 2744 3080 omisit
2767 3039 2779 3077 :
2806 3021 3004 3093 procul
3026 3018 3119 3074 ille
3157 3014 3515 3084 tamen,imo
3555 3011 3677 3067 lon-

2030 3115 2270 3188 gissime
2291 3115 2361 3172 ab
2409 3130 2476 3171 eo
2523 3112 2797 3179 abfuerit,
2828 3115 2893 3167 ut
2921 3111 3129 3166 iisdem
3169 3106 3447 3163 omnibus
3480 3107 3677 3174 postea

2029 3209 2316 3272 uteretur;
2354 3203 2484 3260 aliis
2521 3202 2677 3259 enim
2710 3216 2850 3258 usus
2881 3202 2984 3265 est,
3017 3197 3148 3254 aliis
3170 3213 3282 3254 non
3307 3197 3444 3252 item
3470 3205 3677 3263 nempe

271 3282 390 3358 ἑχει
422 3283 518 3336 τὸν
560 3287 708 3349 νοῦν,
749 3283 889 3354 ὁμοῦ
938 3284 1032 3355 μὶν
1075 3283 1150 3345 ὡς
1197 3282 1473 3340 ἐπίσταιτο
1517 3287 1727 3356 σώζειν,
1776 3289 1918 3362 ὁμοῦ

2036 3294 2263 3352 retentis
2293 3307 2466 3364 quam
2499 3290 2750 3348 maxime
2781 3287 3178 3362 probabilibus
3216 3289 3389 3358 atque
3428 3298 3681 3339 necessa-

274 3369 330 3426 δὲ
377 3372 472 3425 καὶ
519 3371 598 3432 ὡς
646 3370 908 3445 ἑκατέρων
959 3370 1042 3442 ε’ίη
1097 3373 1353 3448 τεχνίτης
1411 3371 1644 3445 δεικνὺς,
1699 3382 1778 3448 τῷ
1837 3379 1914 3448 μή

273 3461 574 3530 τηνάλλως
636 3460 767 3532 μηδ’
824 3461 943 3530 εἰκῆ
1014 3461 1282 3536 φέρεσθαι,
1359 3461 1487 3518 ἀλλ’
1544 3464 1577 3518 ἃ
1632 3469 1922 3540 προσήκει,

272 3553 426 3605 ταῦτ’
467 3549 530 3604 ἐκ
567 3551 766 3612 παντὸς
814 3550 1020 3625 τρόπου
1069 3549 1306 3622 διώκων,
1340 3552 1373 3606 ἃ
1405 3555 1791 3629 μὴπροσήκέι
1832 3557 1922 3611 καὶ

274 3642 500 3713 προσ-ἑτι
535 3639 881 3712 λυμαίνεται,
913 3644 1080 3696 ταῦτα
1107 3641 1320 3717 χαίρειν
1353 3641 1432 3711 ἐᾷ.

273 3733 498 3803 pariter
549 3730 808 3787 notitiam
849 3731 1404 3790 medicamentorum
1452 3735 1651 3802 habet,
1694 3743 1816 3792 tum
1879 3737 2249 3805 salutarium,
2302 3743 2427 3793 tum
2495 3736 2902 3806 pestiferorum
2945 3753 2959 3800 ;

2025 3385 2150 3450 riis,
2205 3387 2412 3439 caetera
2457 3381 2608 3448 aliis,
2651 3380 2804 3436 velut
2844 3395 2878 3434 a
2922 3378 3198 3448 religione
3242 3375 3539 3444 sacrisque
3576 3387 3683 3426 no-

2031 3473 2172 3529 stris
2203 3473 2435 3541 longius
2467 3475 2710 3538 remota,
2743 3468 3062 3539 linquebat.
3095 3466 3160 3522 In
3191 3481 3307 3536 quo
3347 3480 3462 3519 non
3497 3461 3682 3532 magis

2034 3560 2130 3617 ille
2160 3560 2542 3616 admirandus
2572 3559 2646 3614 ob
2675 3575 2742 3615 ea
2771 3561 2862 3612 est
2909 3572 3037 3626 quis
3077 3553 3184 3609 sibi
3241 3551 3471 3623 delegit,
3505 3565 3682 3620 quam

2033 3666 2161 3721 qum
2205 3649 2444 3719 rejecit:
2497 3645 2973 3719 quandoquidem
3021 3645 3079 3699 et
3129 3641 3389 3697 medicus
3417 3638 3680 3694 omnium

3009 3735 3107 3788 sed
3152 3730 3244 3786 his
3294 3730 3393 3785 ille
3442 3728 3681 3798 quidem

277 3822 523 3894 perinde
556 3821 830 3888 abstinet,
882 3827 1058 3893 atque
1105 3839 1304 3880 eorum
1348 3826 1638 3896 quispiam
1694 3827 1924 3897 penitus
1975 3828 2248 3899 ignarus;
2298 3844 2427 3898 quae
2458 3842 2590 3882 vero
2631 3823 3042 3896 aagrotantibus
3093 3824 3358 3892 prosunt,
3397 3823 3452 3872 et
3483 3817 3682 3873 merbo

274 3913 692 3975 adversantur,
723 3916 1019 3982 artemque
1065 3913 1363 3982 adjuvant,
1411 3914 1512 3970 illa
1561 3919 1627 3971 ut
1676 3916 1985 3972 familiaria
2027 3921 2084 3974 et
2129 3934 2231 3973 sua
2262 3916 2369 3972 sibi
2401 3916 2676 3982 vindicat,
2710 3912 2943 3984 illisque
2974 3911 3238 3966 animum
3274 3907 3523 3963 advertit
3553 3922 3681 3960 cer-

273 4005 400 4055 tam
458 3999 571 4055 hoc
620 4000 746 4071 ipso
789 4001 964 4055 ﬁdem
1011 4001 1247 4068 faciens,
1298 4003 1451 4071 quod
1502 4009 1559 4058 et
1609 4004 1780 4074 aegris
1831 4006 2102 4061 medendi
2143 4005 2386 4078 peritus,
2435 4010 2492 4060 et
2539 4010 2878 4059 ceterorum
2929 4001 3068 4056 item
3119 3998 3452 4070 intelligens
3483 3995 3687 4051 artifex

272 4090 784 4160 existimatorque,
817 4090 912 4157 sit,
963 4090 1102 4144 dum
1136 4107 1249 4145 non
1283 4092 1516 4155 frustra,
1568 4108 1672 4149 nec
1719 4100 1934 4149 temere
1982 4095 2184 4162 fertur,
2236 4094 2512 4149 nimirum
2554 4108 2681 4162 quas
2722 4094 3050 4162 opportuna
3077 4105 3142 4143 ac
3173 4087 3490 4142 domestica
3520 4093 3681 4149 sunt,

274 4195 342 4234 ea
372 4179 570 4233 modis
601 4178 875 4234 omnibus
915 4184 1281 4245 consectans,
1315 4180 1545 4248 alienis,
1587 4182 1788 4252 eisque
1821 4183 2026 4252 noxiis,
2062 4185 2312 4252 rejectis.

345 4265 476 4321 AE'.
509 4266 579 4319 Τὸ
614 4265 708 4336 μὲν
733 4262 798 4333 δὴ
833 4265 954 4339 περὶ
986 4265 1112 4321 τοὺν
1155 4265 1351 4340 λόγους
1401 4268 1548 4338 αύτῷ
1595 4269 1787 4339 κράτος
1835 4271 1922 4322 καὶ

2106 4271 2331 4327 XXXV.
2381 4272 2475 4327 Sic
2523 4271 2699 4344 igitur
2745 4269 3018 4325 eximiam
3072 4268 3254 4323 nostri
3302 4267 3361 4320 in
3421 4271 3540 4322 arte
3589 4265 3685 4318 di-

267 4358 373 4424 τὴν
426 4355 528 4424 τῆς
587 4355 774 4430 σοφίας
837 4351 1176 4428 ὑπερϐολὴν,
1216 4357 1303 4411 καὶ
1355 4357 1429 4420 ὡς
1475 4359 1572 4412 κάν
1611 4357 1790 4412 τούτω
1841 4363 1920 4430 τῷ

2036 4362 2196 4418 cendi
2252 4360 2642 4432 praestantiam
2711 4375 3128 4428 summamque
3195 4356 3565 4426 apientiam,
3625 4360 3682 4408 et

273 4446 433 4518 μέρει
499 4443 712 4498 πάντων
782 4445 1022 4514 καθάπαξ
1092 4443 1426 4519 ὑπέρκειται,
1494 4446 1556 4501 ού
1626 4446 1918 4521 προσαξίαν

269 4531 390 4588 οὐδ’
454 4534 656 4594 ἱκανῶς
716 4532 962 4606 εἰρῆσθαί
1010 4554 1106 4606 μοι
1151 4530 1318 4606 δοκῷ,
1367 4534 1497 4590 ἀλλ’
1543 4535 1670 4590 ὅσον
1725 4534 1774 4605 ἒξ
1816 4534 1920 4609 ἄρα

272 4623 501 4702 φαύλων
534 4623 621 4676 καὶ
657 4628 868 4697 μικρῶν
898 4628 1005 4678 τῶν
1034 4624 1291 4695 ἀκτίνων,
1331 4627 1394 4680 τὸ
1429 4631 1526 4681 τοῦ
1567 4626 1732 4695 ἡλίου
1781 4624 1923 4698 λαμ-

269 4715 410 4787 πρὸν
446 4709 798 4786 ἐνδεδεῖχθαι.
832 4715 955 4769 ’Ὀτι
985 4715 1079 4786 μὲν
1112 4716 1213 4789 γὰρ
1243 4717 1393 4769 τοῦθ’
1434 4715 1606 4777 οὕτως
1658 4715 1799 4790 ἔχει,
1829 4716 1920 4770 καὶ

267 4806 468 4855 τοῦτον
510 4799 702 4871 ἀμέλει
740 4801 831 4854 τὸν
879 4801 1102 4874 τρόπον,
1150 4804 1378 4866 ἅπαντες
1424 4802 1586 4875 ’ίσμεν
1642 4805 1730 4859 καὶ
1779 4806 1918 4858 πάνυ

269 4911 352 4944 τοι
390 4890 536 4966 μέγα
570 4891 790 4962 βοῶμεν
817 4908 830 4920 ’
865 4891 1055 4945 ὁποῖον
1096 4888 1143 4945 δ’
1173 4891 1274 4966 ἄρα
1300 4892 1389 4947 καὶ
1421 4894 1570 4956 ὅπως
1593 4889 1722 4968 ἔχον
1752 4893 1918 4960 ἰστίν,

303 4977 388 5033 6g,
414 4978 441 4998 η
537 4979 560 4992 ν
652 4979 679 4997 τ-
853 4982 878 4993 -ν
961 4976 988 4996 »ι
1473 4978 1497 4998 es
1515 4981 1526 5000 ι
1791 4984 1801 5002 ι

270 4999 296 5034 ο
337 4997 366 5034 ο
410 4999 473 5032 αν
504 4998 586 5039 εις
620 4998 780 5048 οιμαι
810 4998 919 5032 των
952 4999 1130 5053 ακρων
1164 4979 1214 5034 ἐν
1250 4979 1436 5055 λόγοις
1469 5001 1687 5037 ουναιτο
1733 5002 1918 5059 φαναι,

269 5066 399 5123 ἀλλ’
433 5069 643 5122 ἃπασαν
678 5065 861 5141 λόγων
899 5066 1055 5142 ἰσχὺν
1089 5069 1123 5136 ἡ
1153 5072 1262 5122 τῶν
1300 5068 1496 5124 τούτου
1529 5070 1712 5146 λόγων
1765 5071 1922 5143 ὑπερ-

270 5153 445 5211 ϐαίνει
476 5155 782 5230 περιουσία.
820 5157 918 5211 Καὶ
960 5155 1142 5231 ὥσπερ
1181 5155 1309 5212 ε’ίσω
1349 5165 1450 5227 τῆς
1497 5159 1662 5213 αὐτοῦ
1709 5160 1922 5232 μούσης

270 5248 501 5308 ἅπαντες
562 5246 844 5316 πίπτουσι,
896 5246 985 5299 καὶ
1044 5245 1119 5305 ὡς
1175 5250 1280 5301 τῶν
1337 5248 1550 5304 πάντων
1597 5245 1780 5310 οὐδεὶς
1825 5248 1921 5320 ἆμ-

270 5331 551 5412 φισϐητῶν
599 5333 684 5404 ε’ίη
735 5339 842 5390 τῶν
888 5333 1048 5404 ἴσων,
1103 5333 1216 5390 οὐδ’
1265 5334 1338 5392 ἔτ’
1385 5338 1598 5400 ἐσαῦθις
1643 5334 1922 5414 ἀμφισϐη-

269 5429 469 5496 τήσων,
503 5426 568 5481 ού
603 5424 821 5496 μᾶλλόν
851 5446 911 5499 γε
940 5427 975 5496 ἢ
1008 5427 1096 5479 καὶ
1130 5427 1158 5479 ὁ
1188 5427 1285 5493 τήν
1317 5427 1481 5481 αὐτοῦ
1539 5427 1689 5482 σκιὰν
1747 5429 1920 5502 ὑπερ-

269 5511 428 5584 ϐῆναι
469 5513 818 5584 σπουδάζων,
868 5515 959 5568 τὸν
1013 5513 1171 5569 αὐτὸν
1220 5517 1420 5590 τρόπον
1463 5517 1552 5572 καὶ
1595 5522 1692 5572 τοῦ
1737 5517 1917 5595 λέγειν

273 5607 404 5679 ὑπὲρ
432 5605 600 5674 αὐτῆς
631 5606 835 5673 ταύτης
866 5599 1039 5677 ἔχειν,
1085 5603 1412 5661 ἐκπίπτουσι
1443 5607 1637 5668 πάντες
1684 5607 1914 5680 ὁμοίως.

2028 4452 2182 4520 quod
2219 4451 2328 4506 hac
2366 4451 2543 4505 etiam
2594 4450 2650 4504 in
2703 4454 2864 4519 parte
2911 4448 3084 4517 longo
3132 4462 3337 4501 omnes
3381 4442 3681 4498 intervallo

2028 4544 2404 4610 supervectus
2442 4548 2552 4605 est,
2584 4539 2926 4608 neutiquam
2974 4537 3145 4606 digne
3190 4551 3293 4591 nec
3340 4533 3508 4605 plene
3537 4532 3680 4586 satis

2028 4635 2339 4686 exsecutus
2388 4629 2530 4685 mihi
2578 4629 2796 4696 videor,
2846 4630 2942 4684 sed
2997 4629 3298 4691 hactenus,
3359 4628 3425 4680 ut
3461 4639 3530 4678 ex
3571 4623 3678 4677 ob-

2029 4721 2218 4775 scuris
2249 4719 2598 4790 quibusdam
2621 4717 2987 4790 exilibusque
3010 4717 3188 4773 radiis
3212 4713 3680 4785 fulgentissimus

2030 4808 2168 4863 solis
2217 4807 2493 4876 splendor
2550 4811 2849 4879 utcunque
2899 4808 3273 4862 monstretur.
3339 4803 3465 4856 Haec
3520 4802 3677 4857 enim

2031 4897 2184 4951 hunc
2224 4895 2461 4950 omnino
2510 4896 2580 4950 ad
2619 4895 2858 4951 modum
2907 4897 3242 4962 comparata
3288 4903 3416 4944 esse
3473 4905 3678 4945 omnes

2029 4985 2295 5052 equidem
2317 4982 2681 5055 exploratum
2705 4983 3010 5049 habemus,
3033 4996 3360 5051 magnaque
3381 4995 3515 5034 voce
3533 4994 3676 5034 con-

2028 5071 2338 5128 ﬁrmamus
2366 5090 2381 5141 ;
2413 5073 2612 5142 qualia
2659 5087 2790 5128 vero
2841 5071 2961 5138 illa,
3007 5080 3060 5125 et
3099 5067 3426 5139 cujusmodi
3475 5083 3678 5136 reapse

2028 5161 2172 5226 sint,
2198 5161 2255 5215 id
2282 5160 2395 5229 vix,
2429 5177 2494 5217 ac
2526 5178 2598 5216 ne
2627 5163 2718 5216 vix
2765 5161 3025 5231 quidem,
3058 5158 3676 5229 eloquentissimorum

2028 5250 2242 5320 aliquis
2281 5256 2577 5305 oratorum
2612 5249 2779 5305 facile
2831 5247 3179 5318 exposuerit.
3214 5247 3426 5302 Omnes
3467 5247 3674 5301 videli—

2028 5344 2117 5392 cet
2163 5338 2504 5408 eloquentiaa
2569 5339 2716 5393 vires
2785 5337 3068 5393 excellens
3115 5336 3442 5391 orationum
3494 5333 3674 5390 nostri

2025 5427 2338 5482 artificium
2383 5430 2716 5498 exsuperat.
2769 5425 3011 5480 Perinde
3041 5427 3198 5480 enim
3240 5431 3305 5478 ut
3333 5425 3484 5479 infra
3515 5424 3674 5479 illius

2029 5529 2252 5569 mnsam
2287 5532 2490 5571 omnes
2516 5515 2846 5581 subsidunt,
2869 5517 3043 5586 atque
3065 5530 3234 5571 nemo
3251 5513 3514 5569 omnium
3541 5529 3673 5568 cum

2025 5605 2124 5660 illo
2155 5604 2226 5659 de
2259 5604 2445 5674 palma
2477 5619 2654 5673 nunc,
2701 5608 2800 5659 aut
2851 5603 3011 5663 olim,
3055 5609 3275 5658 certare
3307 5601 3479 5666 ausit,
3512 5600 3668 5655 haud

273 5696 501 5753 meliore
546 5712 686 5751 sane
737 5709 838 5767 spe
886 5710 1064 5766 quam
1116 5696 1215 5767 qui
1263 5711 1432 5752 suam
1484 5697 1672 5770 ipsius
1719 5697 1989 5753 umbram
2043 5693 2194 5750 saltu
2227 5692 2471 5749 trasilire
2516 5709 2577 5748 se
2617 5692 2890 5764 postulet,
2928 5692 3130 5749 eodem
3164 5691 3365 5762 utique
3405 5690 3578 5744 modo
3609 5691 3672 5742 ut

273 5785 451 5843 nostri
483 5783 777 5854 facundia,
808 5790 981 5855 prout
1013 5785 1288 5858 meretur,
1319 5784 1536 5858 dicant,
1569 5801 1776 5847 omnes
1803 5789 1976 5859 atque
2013 5782 2178 5839 irrito
2209 5785 2418 5837 conatu
2454 5781 2738 5836 laborant.
