4092 6300
330 395 443 456 251

1637 391 1739 451 ἸἮ
1752 390 2036 456 EODULI
2083 394 2444 462 MUNACHI

401 526 647 585 XXXVI.
681 526 795 582 Sed
824 530 1059 596 tempus
1080 539 1236 580 nunc
1264 524 1500 582 tandem
1531 525 1700 583 fuerit
1731 542 1977 585 comme-

2160 534 2305 608 Λς’.
2348 536 2542 609 Καιρὸς
2575 534 2622 591 δ’
2668 536 2730 592 ἄν
2781 535 2865 609 εἴη
2913 536 3126 604 λοιπὸν,
3169 537 3260 591 καὶ
3307 542 3407 605 τῆς
3451 537 3588 610 πρὸς
3634 536 3739 603 τήν

331 634 560 677 morare
590 617 772 674 nostri
804 616 865 672 in
914 615 1162 688 patriam
1194 615 1469 685 reditum,
1503 621 1559 675 et
1579 618 1696 675 sim
1743 621 1761 676 ι
1792 626 1977 679 osten-

331 711 484 776 dere,
515 714 639 763 tum
672 707 825 778 quod
856 705 1033 762 insito
1062 703 1158 761 ille
1188 720 1327 777 erga
1356 711 1625 778 parentes
1647 725 1844 766 amore
1873 712 1977 768 ad-

330 800 538 854 ductus
568 810 865 852 summum
908 793 1102 865 glorias
1150 795 1396 866 gradum
1441 795 1611 852 facile
1641 800 1976 870 neglexerit,

328 893 456 943 tum
490 886 643 957 quod
672 883 1059 939 Athenienses
1106 883 1171 939 in
1202 883 1473 940 maximis
1509 884 1567 941 id
1601 887 1838 944 omnino
1870 906 1981 961 po-

327 976 566 1043 suerint,
602 977 662 1029 ut
692 973 883 1045 ipsum
913 972 975 1027 in
1003 988 1178 1028 omne
1207 973 1319 1028 sibi
1351 977 1583 1046 tempus
1612 980 1979 1036 auctoratum

327 1067 610 1122 tenerent.
639 1061 863 1134 Quippe
886 1062 987 1118 ubi
1007 1077 1076 1117 ea
1104 1077 1353 1133 quorum
1383 1078 1560 1119 causa
1576 1064 1772 1121 urbem
1803 1068 1978 1124 adiis-

330 1159 445 1221 s’et,
479 1151 898 1225 perfectissime
940 1150 1218 1206 hauserat
1247 1150 1591 1223 feliciusque
1623 1170 1800 1225 quam
1828 1156 1980 1213 alius

328 1245 663 1317 quisquam,
696 1242 865 1297 nobis
914 1241 1204 1311 cognitus,
1247 1240 1585 1308 absolverat,
1634 1246 1862 1318 votique
1888 1250 1980 1303 sui

325 1334 519 1391 omnis
551 1331 719 1405 plane
749 1347 985 1403 compos
1019 1333 1204 1386 {actus
1252 1335 1403 1399 erat;
1430 1332 1512 1388 ita
1540 1334 1788 1391 Athenis
1819 1353 1981 1394 exce-

329 1427 485 1494 dere,
543 1429 599 1479 et
651 1422 722 1477 ad
798 1420 1181 1477 domesticum
1247 1420 1430 1477 farem
1498 1422 1684 1479 redire
1752 1426 1981 1494 statuit,

330 1514 566 1588 quando
596 1510 745 1567 nihil
790 1513 1069 1582 prmterea
1106 1514 1422 1581 supererat,
1464 1513 1614 1581 quod
1645 1512 1719 1570 iis
1748 1514 1808 1570 in
1839 1514 1983 1572 locis

330 1604 498 1661 illum
549 1600 856 1659 detineret.
906 1600 1055 1655 Nam
1096 1602 1154 1655 et
1196 1616 1440 1657 suorum
1471 1600 1636 1657 illum
1669 1608 1981 1675 parentum

333 1692 577 1766 urgebat
606 1688 961 1747 desiderium
991 1695 1047 1743 et
1074 1692 1211 1744 ante
1232 1688 1291 1744 id
1320 1688 1541 1761 ipsum,
1573 1691 1833 1763 itemque
1852 1701 1984 1766 post

332 1780 587 1853 idipsum
597 1777 969 1851 ,jampridem
987 1780 1326 1847 nuncupatu
1336 1794 1391 1833 m
1406 1778 1522 1836 Deo
1535 1781 1841 1837 sanctioris
1852 1782 1904 1837 vi
1912 1785 1982 1838 ιω

331 1874 556 1935 votum,
588 1871 647 1923 et
675 1883 890 1939 magna
930 1865 1115 1922 haecce
1153 1866 1445 1937 promissa
1470 1872 1644 1941 atque
1672 1870 1978 1928 destinata.

332 1959 530 2033 Surgit
548 1957 792 2030 igituret
809 1954 1177 2024 Athenis,illo
1195 1957 1456 2014 oratoriae
1478 1958 1984 2030 domicilio,veris-

338 2050 554 2106 simum
576 2046 701 2119 ipse
722 2044 1036 2102 artisillius
1057 2046 1603 2118 domicilium,abit:
1626 2050 1870 2122 atquein
1891 2069 1990 2124 pa-

343 2138 510 2195 triam
543 2136 617 2191 ad
646 2152 786 2192 suos
830 2134 995 2191 laetus
1043 2135 1436 2209 lattantesque
1475 2140 1797 2202 revertitur,
1831 2146 1991 2198 tanto

342 2225 819 2295 Atheniensibus,
844 2226 998 2297 quod
1029 2241 1125 2282 eos
1167 2224 1522 2298 reliquisset,
1574 2228 1773 2285 relicto
1804 2230 1986 2293 luctu,

343 2320 623 2389 quantam
644 2315 928 2372 allaturus
958 2314 1147 2371 fuerat
1173 2314 1553 2386 voluptatem,
1585 2319 1635 2374 si
1656 2318 1810 2390 apud
1830 2319 1991 2391 ipsos

342 2424 576 2465 manere
591 2407 853 2464 animum
873 2406 1216 2462 induxisset.
1238 2406 1464 2480 Quippe
1485 2408 1805 2478 quiomnes
1827 2410 1993 2465 adhi-

341 2500 556 2557 bebant
586 2498 881 2555 machinas
911 2498 981 2553 ad
1024 2498 1316 2554 hominem
1346 2503 1626 2571 perpetuo
1647 2501 1988 2568 tenendum,

336 2588 637 2661 sophistici
673 2587 1123 2659 professoriique
1154 2586 1439 2653 subsellii,
1463 2604 1825 2646 summorum
1848 2591 1986 2647 item

334 2678 838 2749 maximorumque
849 2677 1137 2734 honorum
1151 2681 1734 2750 auotoramento,quo
1747 2678 1856 2736 hos
1867 2686 1985 2736 tan-

339 2769 471 2825 dem
493 2767 687 2824 animo
719 2767 900 2823 fuisse
935 2766 1133 2822 credas
1163 2765 1263 2822 illo
1295 2766 1422 2837 jam
1453 2767 1561 2823 iter
1589 2784 1761 2824 suum
1792 2770 1986 2841 ingre-

340 2856 927 2927 niente?Quanquam
941 2870 1074 2911 vero
1088 2855 1508 2911 utmaneretab
1532 2855 1656 2928 ipso
1678 2857 1986 2929 impetrare

342 2946 812 3019 nequebant,non
835 2945 964 3001 ideo
977 2945 1225 3001 missum
1238 2944 1470 3015 penitus
1488 2945 1992 3007 faciebant,verum

341 3036 557 3106 quibus
590 3041 916 3091 monstrare
959 3033 1150 3090 modis
1189 3037 1476 3106 poterant,
1522 3033 1631 3090 hoc
1654 3034 1798 3106 ipso,
1832 3038 1986 3109 quod

338 3125 637 3181 hominem
689 3125 844 3195 apud
875 3139 935 3180 se
974 3139 1092 3179 non
1137 3121 1539 3193 retinuissent,
1571 3139 1636 3180 eo
1666 3124 1985 3182 maximam

334 3230 461 3271 sese
483 3214 800 3286 jacturam,
831 3217 1036 3283 suopte
1057 3211 1279 3284 judicio
1311 3212 1537 3281 fecisse,
1559 3229 1805 3285 eamque
1836 3215 1984 3272 ferre

337 3303 432 3359 vix
449 3318 648 3376 posse;
691 3311 745 3358 et
775 3302 927 3359 hanc
957 3308 1150 3357 tamen
1198 3300 1291 3357 sui
1330 3303 1819 3374 contemptionem
1867 3322 1981 3361 non
2013 3269 2057 3335 Ο

341 3393 510 3450 modo
541 3409 656 3449 non
689 3393 897 3464 mgrius
922 3407 1060 3447 sane
1089 3391 1367 3460 accipere,
1398 3392 1499 3447 sed
1531 3397 1734 3448 contra
1765 3410 1984 3450 unum-

342 3500 630 3558 quemque
659 3484 977 3541 identidem
1008 3484 1167 3541 hunc
1196 3488 1484 3551 nostrum,
1511 3492 1573 3540 ut
1593 3487 1811 3557 optime
1832 3487 1903 3542 de
1924 3502 1986 3543 se

341 3574 636 3642 meritum,
669 3571 891 3646 spirare
938 3572 1313 3646 nominisque
1359 3572 1518 3629 illius
1567 3590 1987 3632 commemora-

339 3664 559 3720 tionem
590 3679 691 3734 pro
723 3662 937 3735 linguas
968 3661 1393 3719 oblectamento
1414 3661 1649 3732 habere,
1674 3664 1988 3737 omniaque

340 3751 454 3809 alia
508 3750 728 3824 perpeti
783 3752 1128 3824 promptius,
1188 3769 1366 3824 quam
1422 3750 1510 3807 vel
1567 3752 1882 3810 minimum
1918 3755 1989 3809 ab

344 3841 723 3912 usurpatione
775 3841 1065 3898 memoria:
1110 3842 1471 3913 laudumque
1514 3841 1697 3913 ipsius
1743 3843 1989 3915 digredi,

347 3930 519 3987 illiud
561 3946 675 3986 non
717 3931 960 3987 obscure
1004 3930 1424 3988 monstrabant.
1476 3930 1642 3986 Hunc
1689 3931 1882 4003 itaque
1930 3934 1986 3988 in

350 4022 586 4078 modum
602 4036 733 4077 cum
757 4020 1067 4092 ergaillum
1090 4020 1331 4077 animati
1352 4020 1765 4086 essent,nihilo
1805 4022 1989 4093 ipsum

351 4111 541 4167 secius
570 4111 721 4181 apud
752 4125 814 4166 se
844 4110 1192 4179 retinebant,
1222 4111 1455 4165 tametsi
1479 4109 1989 4183 hominemipsum

350 4200 511 4258 nulla
538 4217 609 4257 ex
638 4204 801 4271 parte
843 4199 1176 4269 retinerent,
1216 4199 1547 4255 retinebant
1595 4199 1758 4254 illum
1798 4200 1995 4255 videli-

342 4295 435 4346 cet
464 4290 523 4345 in
554 4288 950 4362 pulcherrimo
980 4299 1033 4343 et
1071 4287 1502 4360 appositissimo
1532 4288 1682 4357 loco,
1712 4305 1821 4345 suo
1841 4289 1994 4360 ipso-

342 4396 472 4436 rum
504 4379 722 4435 animo.
752 4378 817 4434 Id
848 4377 1001 4450 quod
1034 4377 1187 4433 haud
1218 4375 1392 4448 paulo
1422 4376 1736 4449 gloriosius
1768 4382 1991 4448 nostro,

346 4485 476 4528 mea
503 4468 814 4535 sententia,
848 4468 979 4538 fuit,
1030 4480 1205 4539 quam
1252 4468 1453 4539 positae
1504 4467 1644 4523 olim
1679 4467 1993 4525 Harmodio

344 4563 525 4631 atque
560 4556 933 4626 Aristogitoni
985 4559 1231 4613 statuas:
1282 4555 1394 4611 illae
1443 4556 1722 4613 nimirum
1771 4557 1831 4613 in
1872 4559 1993 4615 foro

2086 620 2322 696 πατρίδα
2381 624 2562 699 τούτῳ
2608 624 2845 682 καθόδου
2893 627 3217 702 μνησθῆναι.
3269 626 3358 679 καὶ
3416 623 3581 696 δεῖξαι
3629 625 3722 679 τὸν

2092 715 2210 784 μὲν,
2242 709 2332 767 διὰ
2359 715 2457 782 τὴν
2489 715 2625 789 πρὸς
2662 714 2790 776 τοὺς
2820 715 3214 791 γεγεννηκότας
3259 715 3516 789 στοργήν,
3568 710 3736 783 δόξης

2086 808 2187 870 τῆς
2234 804 2495 878 μεγίστης
2556 803 2901 877 ὑπεριδόντα,
2947 805 3267 874 Ἀθηναίους
3318 800 3373 858 δὲ
3429 806 3492 858 τὸ
3539 806 3733 857 τοῦτον

2089 890 2309 946 εἰσάπαν
2347 896 2658 959 κεκτῆσθαι,
2706 898 2803 950 τοῦ
2854 895 3059 957 παντὸς
3096 891 3470 967 τιμωμένους,
3504 896 3592 953 Ὧς
3628 890 3734 966 γὰρ

2089 981 2164 1034 ὧν
2224 980 2377 1037 εἵνεκ’
2424 984 2639 1062 ἀφῖκτο,
2680 983 2828 1037 ταῦτ’
2875 981 2953 1044 εἷς
2993 981 3157 1056 ἄκρον
3204 981 3467 1052 ἀσκήσας,
3515 980 3605 1035 καὶ
3655 979 3734 1041 ὡς

2092 1069 2188 1125 οὐκ
2220 1071 2321 1125 οἶδ’
2352 1070 2398 1126 ε⁹ί
2425 1093 2508 1135 τις
2555 1072 2953 1146 κατωρθωκὼς,
2985 1071 3076 1126 καὶ
3107 1077 3208 1140 τῆς
3234 1069 3465 1148 ἐφὲσεως
3518 1070 3736 1138 ἁπάσης

2087 1160 2294 1233 τυχὼν,
2343 1156 2510 1216 ἔπειτ’
2558 1161 2865 1236 ἀναχωρεῖν
2916 1162 3216 1231 Ἀθήνηθεν
3266 1158 3402 1234 ἔγνω
3453 1159 3543 1213 καί
3593 1160 3736 1234 πρὸς

2089 1248 2157 1304 τὰ
2212 1247 2355 1304 οῖκοι
2406 1256 2632 1324 χωρεῖν,
2676 1250 2801 1311 ὲνός
2850 1246 3067 1312 οὐδενὸς
3118 1243 3194 1305 ἔτ’
3237 1248 3417 1317 ὄντος,
3458 1248 3487 1302 ’ὀ
3538 1253 3737 1303 τοῦτον

2088 1335 2312 1393 ἐνταῦθα
2357 1338 2611 1411 καθέξει·
2665 1339 2695 1394 ὅ
2742 1360 2800 1393 τε
2852 1340 2956 1414 γὰρ
3016 1343 3124 1393 τῶν
3178 1337 3380 1392 τοκέων
3438 1339 3737 1412 κατήπειγε

2089 1426 2283 1497 πόθος,
2337 1428 2427 1482 καὶ
2483 1428 2590 1502 πρὸ
2636 1430 2829 1483 τούτου
2879 1429 2969 1482 καὶ
3032 1428 3168 1501 μετὰ
3221 1431 3413 1483 τοῦτον
3482 1427 3536 1481 αῖ
3592 1428 3735 1501 πρὸς

2091 1517 2220 1570 Θεὸν
2282 1515 2332 1586 ἐξ
2388 1514 2572 1595 ἀρχῆς
2620 1517 2754 1591 ὑπὲρ
2802 1515 3129 1593 φιλοσοφίας
3201 1516 3480 1587 ξυνθῆκαι,
3531 1514 3621 1570 καὶ
3668 1535 3738 1570 τα

2097 1605 2307 1678 μεγάλα
2360 1608 2509 1660 ταῦτ’
2568 1604 2952 1681 ἐπαγγέλματα
3005 1605 3096 1660 καὶ
3159 1604 3528 1680 βουλεύματα,
3592 1603 3738 1659 ἀπα-

2089 1693 2331 1749 νίσταται
2372 1695 2467 1768 μὶν
2517 1695 2767 1765 Ἀθηνῶν
2826 1695 2919 1749 καὶ
2976 1700 3079 1764 τῆς
3134 1699 3244 1748 τῶν
3298 1691 3481 1769 λόγων
3531 1692 3735 1759 ἑστίας,

2093 1786 2127 1853 ἡ
2160 1788 2268 1841 τῶν
2300 1782 2483 1860 λόγων
2524 1779 2692 1846 ὅντως
2730 1783 2879 1839 ἑστία
2901 1801 2915 1817 ⁸
2958 1785 3095 1858 πρὸς
3133 1781 3190 1839 δὲ
3223 1784 3323 1852 τήν
3369 1781 3603 1856 πατρίδα
3638 1782 3736 1838 καὶ

2092 1875 2220 1936 τοὺς
2259 1873 2496 1936 οἰκείους
2543 1872 2754 1948 χαίρων
2797 1874 3097 1949 χαίροντας
3134 1872 3386 1943 ἐπανήκει
3412 1893 3425 1905 ·
3471 1875 3734 1927 τοσοῦτον

2091 1965 2398 2038 Ἀθηναίοις
2446 1968 2531 2021 ὅτι
2583 1964 2811 2028 τούτους
2868 1963 3101 2021 ἀπέλιπε
3154 1966 3350 2027 πένθος
3390 1962 3733 2030 καταλιπὼν,

2096 2057 2227 2126 δσην
2261 2056 2305 2111 εἶ
2341 2057 2466 2130 παρ’
2509 2053 2693 2115 αὒτοῖς
2737 2054 2909 2129 μὲνειν
2951 2056 3142 2130 ᾑρεῖτο
3189 2054 3457 2129 παρέσχεν
3500 2053 3560 2109 ἃν
3605 2051 3740 2122 ἠδο-

2094 2148 2193 2216 νήν
2217 2189 2228 2201 .
2262 2145 2329 2202 Οἱ
2361 2146 2463 2220 γὰρ
2496 2144 2646 2209 ὅπως
2679 2148 2867 2200 τοῦτον
2902 2144 2981 2207 εἷς
3011 2142 3171 2206 τέλος
3207 2143 3531 2219 κατάσχοιεν
3563 2142 3742 2197 πάντα

2093 2238 2400 2303 ποιοῦντες,
2429 2233 2519 2288 καὶ
2564 2239 2731 2290 τοῦτο
2784 2236 2903 2307 μὲν,
2954 2235 3049 2289 τὸν
3097 2233 3407 2308 σοφιστικὸν
3463 2232 3553 2287 καὶ
3606 2252 3742 2286 παι-

2095 2320 2339 2377 δευτικὸν
2372 2324 2518 2395 αὐτῷ
2550 2326 2764 2397 θρονον,
2796 2321 2957 2378 τοῦτο
2994 2320 3050 2379 δὲ
3086 2323 3183 2385 τὰς
3227 2322 3446 2391 πρώτας
3492 2319 3583 2375 καὶ
3639 2341 3744 2392 με’

2092 2412 2280 2486 γίστας
2338 2409 2575 2475 διδόντες
2632 2414 2820 2487 τιμὰς,
2868 2417 2984 2476 πῶς
3034 2413 3152 2466 ποτ’
3214 2411 3414 2473 αὐτοὺς
3480 2408 3746 2466 διατεθεῖ-

2094 2505 2213 2558 σθαι
2271 2505 2514 2579 νομίζεις
2576 2505 2995 2580 ἀναχωροῦντος
3052 2503 3303 2571 ἐκείνους
3361 2502 3437 2559 Ού
3491 2503 3599 2573 μὴν
3651 2503 3737 2564 οἷς

2091 2598 2275 2649 πεῖσαι
2315 2594 2418 2648 οὐκ
2449 2591 2683 2668 ’ίσχυσαν
2723 2595 2812 2648 καὶ
2858 2594 3053 2648 τούτου
3102 2592 3344 2662 καθάπαξ
3388 2589 3694 2660 ἀπέστησαν
3719 2609 3736 2623 ·

2090 2682 2219 2738 ἀλλ’
2249 2684 2330 2744 οἷς
2362 2678 2526 2758 ἔσχον
2558 2681 2641 2739 ὅτι
2677 2684 2753 2756 μὴ
2786 2687 2913 2753 παρ’
2954 2683 3165 2745 ἑαυτοῖς
3207 2685 3394 2736 τοῦτον
3441 2679 3738 2758 κατέσχον,

2090 2773 2164 2833 ὡς
2220 2773 2327 2827 τῶν
2386 2793 2649 2846 μεγιστων
2704 2772 3118 2845 ἀποστερεῖσθαι
3186 2771 3453 2843 νομίζειν,
3505 2768 3595 2823 καὶ
3652 2773 3734 2841 μὴ

2088 2858 2341 2916 δύνασθαι
2384 2862 2582 2939 φέρειν,
2633 2862 2724 2917 καὶ
2775 2863 2851 2934 μὴ
2916 2861 3079 2934 μόνον
3125 2859 3404 2935 δυσχερῶς
3457 2859 3736 2934 ὑπερφρο-

2089 2950 2350 3021 νούμενοι
2381 2956 2557 3025 σχεῖν,
2599 2948 2746 3005 ἀλλὰ
2782 2951 2872 3004 καὶ
2911 2953 3105 3005 τοῦτον
3153 2949 3226 3011 ὡς
3276 2946 3558 3021 εὐεργέτην
3608 2946 3736 3002 εκά-

2090 3059 2244 3094 στοτε
2303 3044 2472 3109 πνεῖν,
2538 3038 2627 3095 καὶ
2691 3039 2944 3112 γλώττης
3023 3039 3233 3117 τρυφὴν
3320 3038 3590 3093 ποιεῖσθαι
3665 3036 3737 3090 τὰ

2086 3126 2247 3183 τοῦδε
2273 3148 2286 3163 ’
2317 3128 2407 3184 καὶ
2436 3129 2612 3186 πάντα
2653 3130 2840 3184 παθεῖν
2878 3123 3027 3207 ἔχειν
3066 3128 3326 3199 ἑτοίμως,
3360 3127 3394 3196 ἢ
3428 3129 3527 3192 τῆς
3568 3124 3745 3180 αὐτοῦ

2096 3219 2317 3291 μνήμης
2374 3219 2465 3273 καὶ
2514 3224 2623 3274 τῶν
2680 3215 2912 3273 ἐπαίνων
2962 3216 3051 3272 καὶ
3118 3215 3309 3289 μικρὸν
3384 3216 3692 3284 ἀποστῆναι
3725 3234 3740 3247 ’

2094 3305 2333 3377 δηλοῦσι
2393 3304 2571 3378 δήπου
2622 3311 2802 3378 σαφῶς
2850 3308 2938 3361 καὶ
2995 3308 3077 3367 οἷς
3130 3304 3305 3365 οὕτως
3352 3298 3534 3378 ἔσχον,
3582 3300 3741 3358 οὐδὲν

2093 3399 2258 3465 ἧττον
2311 3396 2602 3471 κατέσχον,
2659 3396 2747 3451 καὶ
2811 3393 2952 3470 μηδὶ
3006 3395 3165 3450 αὐτὸν
3224 3395 3624 3468 κατασχόντες·
3685 3393 3745 3448 ἐν

2094 3484 2199 3559 γὰρ
2227 3484 2507 3558 καλλίστῳ
2548 3486 2639 3541 καὶ
2677 3486 3022 3558 καιριωτάτῳ
3060 3488 3129 3558 τῇ
3172 3487 3318 3559 σφῶν
3366 3479 3578 3553 διανοίᾳ
3603 3487 3745 3536 τοῦ-

2095 3592 2186 3627 τον
2229 3569 2495 3648 κατέσχον
2523 3589 2542 3610 ο
2591 3572 2663 3629 ’Ὀ
2702 3571 2793 3627 καὶ
2845 3576 3029 3645 μεῖζον
3077 3570 3153 3632 είς
3203 3567 3522 3646 φιλοτιμίαν
3568 3565 3745 3644 ἔγωγε

2094 3663 2275 3734 τούτῳ
2331 3662 2564 3736 νομίζω,
2614 3663 2649 3732 ἢ
2711 3658 2991 3735 Ἀρμοδίφ
3040 3659 3131 3714 καὶ
3182 3658 3594 3732 Ἀριστογείτονι
3640 3659 3741 3721 τας

2099 3752 2332 3814 εἰκόνας,
2392 3749 2540 3825 ε’ίπερ
2590 3752 2645 3804 αἱ
2699 3751 2792 3823 μὲν
2843 3748 2926 3804 ἐπ’
2968 3749 3167 3825 ἀγορᾶς
3214 3747 3392 3825 σφίσιν
3439 3745 3672 3817 ἑστᾶσιν,
3703 3748 3737 3802 ὁ

2099 3839 2144 3896 δ’
2177 3841 2228 3895 ἐν
2258 3845 2376 3902 ταῖς
2406 3839 2651 3895 ἁπάντων
2677 3837 2898 3913 ’ίδρυται
2929 3842 3133 3912 ψυχαῖς
3162 3835 3250 3891 καί
3277 3840 3398 3897 ταῖς
3447 3837 3691 3912 γνώμαις
3720 3857 3735 3869 ·

2096 3932 2187 3985 καί
2244 3930 2337 3991 νας
2399 3929 2491 4001 μὲν
2539 3929 2749 3983 ἀνεῖλετ
2799 3930 2826 3983 ὁ
2875 3927 3124 4002 χρόνος’
3172 3928 3199 3981 ὁ
3249 3925 3307 3981 δὲ
3355 3926 3490 3981 κατά
3536 3927 3739 3989 παντὸς

2098 4018 2355 4091 ἀκμάζων
2399 4013 2593 4086 ἕστηκε
2635 4018 2857 4090 χρόνου,
2908 4014 3206 4090 λεγόμενός
3237 4036 3294 4069 τε
3332 4016 3422 4069 καὶ
3464 4014 3742 4086 ἀκουόμε-

2099 4129 2192 4168 νος
2225 4106 2316 4161 σὺν
2366 4105 2449 4161 ὅτι
2502 4104 2739 4177 μάλιστα
2784 4110 2853 4179 τῇ
2899 4102 3196 4174 ἑκπλήξει’
3244 4103 3479 4177 καθάπερ
3526 4105 3591 4158 τὰ
3642 4103 3739 4177 μέο

2102 4198 2243 4273 γιστ¹
2274 4197 2462 4256 αὐτοῖς
2503 4199 2611 4249 τῶν
2659 4196 2936 4269 τροπαίων
2961 4239 2974 4252 .
3025 4192 3299 4266 Μαρπθών
3331 4214 3388 4247 τε
3417 4190 3507 4247 καί
3557 4191 3748 4247 Σαλα-

2106 4287 2218 4358 μὶς,
2249 4284 2340 4339 καὶ
2371 4287 2433 4338 τὸ
2463 4282 2632 4339 καλὸν
2673 4283 3009 4357 ’Λρτεμίσιον
3034 4325 3046 4338 .
3086 4287 3141 4335 Ὁ
3175 4282 3269 4355 μὶν
3313 4281 3405 4336 οὖν
3436 4281 3525 4335 καὶ
3565 4282 3743 4351 ἀπὼν,

2100 4373 2410 4445 Ἀθηναίοις
2443 4372 2585 4428 οὕτω
2617 4368 3075 4447 περισπούδαστος
3116 4371 3207 4440 ἦν,
3253 4372 3327 4433 ὡς
3377 4368 3745 4450 διαφερόντως

2100 4464 2187 4518 καὶ
2248 4462 2449 4524 πάντας
2510 4463 2873 4534 θαυμαζεσθαι
2941 4461 3067 4523 τοὺς
3139 4459 3410 4534 ἀρίστους,
3468 4460 3562 4514 κάν
3620 4464 3742 4522 τοῖς

2102 4553 2352 4606 ἀπάντων
2402 4550 2474 4612 ὡς
2515 4548 2777 4625 προῦχων
2830 4549 3082 4605 ἁπάντων
3132 4548 3396 4624 στόμασιν
3436 4550 3592 4604 εἶναι.
3639 4550 3742 4603 Καὶ

344 4647 576 4720 publico
632 4646 923 4704 collocata
976 4646 1228 4711 stabant,
1286 4650 1347 4701 at
1401 4649 1600 4702 noster
1652 4645 1714 4701 in
1780 4647 1986 4703 animis

2101 4640 2267 4695 πάλιν
2298 4639 2534 4700 ἀπόντος
2566 4639 2715 4693 οὗτοι
2743 4642 2999 4694 τοσοῦτον
3044 4637 3269 4714 ε’ίχοντό
3316 4659 3377 4693 τε
3412 4638 3500 4692 καὶ
3533 4637 3747 4711 περιεί-

344 4736 610 4794 omnium
640 4735 987 4808 intimisque
1016 4735 1290 4792 sensibus
1328 4734 1631 4791 dedicatus
1660 4740 1787 4792 erat
1815 4752 1829 4804 ;
1865 4736 1993 4793 illas

344 4825 448 4881 sevi
477 4828 733 4883 vetustas
775 4823 1164 4896 consumpsit,
1214 4827 1414 4879 noster
1455 4837 1572 4879 avo
1604 4825 1765 4880 omni
1794 4824 1992 4893 vigens

347 4917 647 4988 vireusque
675 4915 953 4986 persistit,
995 4930 1111 4970 non
1169 4911 1293 4968 sine
1333 4928 1568 4969 summa
1605 4913 1988 4969 admiratione

345 5003 1363 5075 sermonibusmortaliumusurpatus
1375 5001 1989 5073 auditusque,perinde

345 5099 407 5150 ut
437 5095 690 5151 maxima
717 5092 1155 5151 Atheniensium
1185 5096 1423 5164 tropaea,
1457 5090 1785 5159 Marathon,
1817 5099 1872 5148 et
1897 5096 1990 5146 Sa-

342 5183 533 5251 lamis,
561 5186 619 5239 et
648 5183 842 5239 nobile
872 5181 1275 5239 Artemisium.
1309 5179 1555 5236 Proinde
1582 5181 1793 5237 absens
1814 5181 1988 5237 etiam

346 5278 506 5330 tanto
537 5271 993 5329 Atheniensibus
1022 5270 1216 5329 studio
1246 5269 1566 5340 colebatur,
1599 5272 1665 5324 ut
1692 5285 1845 5326 unus
1868 5270 1989 5326 sin-

344 5362 534 5437 gulari
574 5362 767 5431 modo,
813 5378 1109 5436 supraque
1158 5358 1671 5435 praestantissimos
1726 5374 1991 5432 quosque

345 5452 710 5512 admirabilis
739 5451 1072 5523 haberetur,
1104 5451 1488 5521 omniumque
1518 5448 1577 5504 in
1610 5464 1707 5505 ore
1737 5453 1801 5505 ut
1822 5448 1992 5520 longe

347 5540 616 5601 omnium
655 5538 929 5612 princeps
960 5543 1136 5598 esset.
1191 5539 1471 5595 Prmterea
1518 5534 1599 5592 ita
1639 5535 1852 5591 addicti
1879 5534 1991 5590 ab-

347 5631 497 5691 senti
539 5633 703 5688 erant
746 5628 1254 5702 adharebantque.
1302 5628 1384 5685 sic
1421 5626 1704 5697 uniceque
1735 5625 1806 5683 de
1830 5624 1993 5681 illius

2101 4750 2291 4806 χοντο,
2334 4729 2423 4783 καὶ
2473 4731 2580 4784 τῶν
2640 4725 2805 4783 αὺτοῦ
2853 4728 3095 4798 καθάπαξ
3152 4727 3394 4803 χαρίτων
3440 4725 3743 4802 ἐξείχοντο,

2104 4821 2177 4881 ὡς
2210 4822 2285 4893 μὴ
2323 4817 2489 4892 μόνον
2539 4819 2613 4880 ὡς
2641 4817 2863 4894 παρόντι
2917 4819 3095 4892 τούτῳ
3142 4819 3368 4889 ξυνεῖναι
3417 4815 3598 4872 δοκεῖν
3647 4818 3741 4873 καὶ

2098 4910 2224 4982 ὁρᾷν
2268 4908 2356 4964 καὶ
2404 4909 2727 4983 κεχρῆσθαι,
2772 4905 2919 4962 ἀλλὰ
2965 4905 3054 4963 καί
3114 4906 3349 4981 μονονοὺ
3403 4908 3503 4976 τὴν
3549 4908 3741 4979 ψυχὴν

2097 4998 2148 5053 ἐν
2207 5003 2322 5060 τοῖς
2378 4998 2509 5071 ὑπὲρ
2566 4996 2729 5051 αὐτοῦ
2781 4995 2970 5070 λόγοις
3027 4995 3229 5071 ἐκχεῖν,
3278 4997 3369 5051 καὶ
3420 4995 3597 5066 τούτῳ
3640 4999 3745 5068 ζῇν

2102 5085 2314 5162 μᾶλλον
2370 5089 2404 5158 ἢ
2446 5087 2625 5163 σφίσιν
2671 5086 2893 5147 αὐτοῖς’
2937 5085 3055 5141 ἐπεὶ
3093 5084 3183 5140 καὶ
3225 5087 3378 5163 ψυχή
3432 5106 3515 5145 τις
3560 5081 3741 5139 αὓτῶν

2099 5179 2173 5240 ὡς
2215 5178 2384 5232 εἰπεῖν
2440 5174 2615 5231 ἐδόκει
2671 5176 2855 5249 παρῶν
2887 5195 2900 5208 ⁸
2959 5176 3086 5237 τοὺς
3146 5175 3241 5247 μὲν
3301 5176 3586 5249 προσάγων
3645 5175 3742 5228 καὶ

2099 5266 2337 5339 ξυνιστὰς
2365 5270 2444 5336 τῷ
2490 5269 2606 5337 Θεῷ
2632 5284 2644 5297 ·
2691 5263 2816 5325 τοὺς
2856 5261 2900 5318 δ’
2960 5258 3286 5319 ἐπιϐεϐαιῶν
3332 5265 3422 5319 καὶ
3466 5260 3745 5338 στηρίζων

2098 5355 2188 5411 καὶ
2219 5354 2553 5425 ἀκλονήτούς
2592 5351 2832 5423 καθάπαξ
2871 5354 3038 5415 τιθείς
3063 5371 3078 5385 '
3118 5353 3210 5408 καὶ
3248 5352 3438 5414 ἁπλῶς
3480 5351 3571 5407 καὶ
3616 5351 3751 5405 τού-

2098 5464 2224 5506 τους
2264 5443 2540 5505 κάκείνους
2598 5441 2764 5503 θείαις
2826 5441 3126 5511 ὑποθήκαις
3180 5440 3272 5497 καὶ
3322 5439 3558 5516 δόγμασι
3615 5460 3748 5493 συν-

2100 5532 2245 5608 ἄγων
2276 5534 2379 5607 ,καὶ
2434 5535 2759 5606 σνγκροτῶν,
2806 5532 2896 5586 καὶ
2943 5531 3042 5598 τὴν
3095 5528 3367 5601 ἀληθινὴν
3422 5528 3513 5584 καὶ
3564 5528 3740 5601 μόνην

2104 5629 2251 5694 ζωὴν
2284 5628 2380 5697 ζῇν
2409 5622 2636 5685 τούτους
2667 5623 3112 5698 παρασκευάζων.

351 5724 557 5801 gratiis
605 5720 957 5796 pendebant,
1010 5723 1075 5777 ut
1120 5736 1235 5778 non
1265 5720 1432 5779 modo
1479 5715 1637 5776 velut
1662 5730 1799 5774 eum
1827 5714 1954 5788 ipso
2006 5718 2286 5788 prasente
2331 5729 2499 5787 agere
2548 5713 2901 5783 viderentur,
2949 5726 3201 5783 eumque
3245 5708 3480 5773 intueri,
3518 5709 3576 5764 et
3603 5723 3743 5765 eum
