4092 6300
247 431 366 491 253

1263 431 1664 494 LAUDATIO
1709 432 1775 495 S.
1820 426 2196 492 GREGORII
2235 420 2652 486 THEOLOGI.

3536 415 3652 474 254

243 567 341 622 illo
389 567 742 635 conversari,
775 567 878 622 sed
923 572 977 622 et
1005 565 1265 622 animam
1312 583 1458 639 pene
1483 566 1674 640 ipsam
1704 569 1763 625 in
1794 566 1917 624 suis
1947 567 2019 622 de
2047 565 2148 620 illo
2177 559 2550 619 sermonibus
2589 557 2974 622 effunderent,
3007 554 3205 624 illique
3235 551 3424 624 magis
3464 567 3644 623 quam

243 657 481 712 sibimet
535 656 685 726 ipsis
739 655 1018 721 viverent,
1073 656 1540 728 quandoquidem
1602 659 1740 712 dum
1801 671 2047 727 praesens
2114 653 2301 709 adhuc
2365 653 2509 714 erat,
2574 646 2730 703 velut
2795 645 2992 702 anima
3052 643 3320 716 quedam
3387 642 3649 712 ipsorum

243 746 646 803 fuerat:dum
707 761 778 801 ex
825 745 896 800 iis
942 744 1149 816 partim
1201 745 1316 802 Deo
1362 745 1600 801 adducit
1642 761 1708 802 ac
1755 745 2046 809 conciliat,
2082 742 2295 814 partim
2346 741 2404 794 in
2457 738 2664 808 pietate
2713 735 3020 792 confirmat
3065 731 3421 803 stabilitque,
3453 739 3507 787 et
3557 745 3655 802 pe-

249 838 417 893 nitus
462 852 783 892 concussos
832 836 1045 906 reddit,
1077 840 1202 892 tum
1256 836 1606 909 simpliciter
1655 837 1758 892 hos
1809 837 2020 907 pariter
2069 834 2317 906 illosque
2365 829 2578 886 divinis
2611 827 2844 883 monitis
2896 825 3316 898 praeceptisque
3346 822 3655 893 conjungit

245 943 310 981 ac
340 925 610 990 instruit,
643 931 703 982 et
734 927 805 980 ad
837 941 1034 980 veram
1065 924 1227 980 illam
1261 925 1612 998 unicamque
1642 927 1817 981 vitam
1850 924 2257 981 condocefacit.

316 1014 443 1068 Δῖ.
474 1015 634 1070 Οὕτω
687 1011 745 1068 δὲ
777 1012 1085 1082 ἐπανήκων,
1119 1018 1309 1088 πρῶτα
1363 1017 1456 1087 μὲν
1488 1019 1586 1070 τοῦ
1635 1015 1779 1070 θείου
1810 1015 1897 1068 καὶ

2084 1013 2357 1070 XXXVII.
2391 1011 2497 1068 Ubi
2525 1011 2581 1064 in
2615 1009 2862 1081 patriam
2901 1011 3094 1062 noster
3123 1005 3233 1061 hoc
3264 1005 3434 1060 modo
3465 1016 3651 1058 rever-

248 1104 428 1175 ἱεροῦ,
473 1104 567 1157 καὶ
613 1103 830 1157 πάντων
883 1105 1032 1175 ἡμᾶς
1077 1108 1186 1158 τῶν
1236 1109 1416 1158 κακῶν
1473 1103 1706 1178 ἐξαντεις
1764 1124 1898 1156 ποι-

249 1197 464 1260 οῦντος,
496 1190 586 1246 καὶ
636 1196 811 1246 πᾶσαν
843 1191 1354 1265 πλημμελημάτων
1405 1191 1608 1264 κηλῖδα
1657 1193 1896 1260 καθάπαξ

249 1279 648 1351 ἐκπλύνοντος,
680 1284 798 1352 Θεῷ
829 1277 886 1336 δὲ
915 1281 1280 1352 συνιςτᾶντος,
1313 1278 1690 1356 ϐαπτίσματος
1721 1283 1902 1353 ἀξιοῦ-

245 1389 353 1436 ται,
390 1371 486 1423 καί
533 1370 634 1437 τὴν
680 1373 777 1423 τοῦ
823 1367 1060 1444 λουτροῦ
1091 1368 1310 1449 δέχεται
1357 1373 1540 1447 χάριν,
1575 1373 1602 1426 ὁ
1653 1372 1742 1426 καὶ
1771 1370 1897 1445 πρὶν

249 1456 409 1513 οὐδὲν
461 1461 630 1526 ἧττον
677 1457 881 1528 ταύτης
929 1459 1232 1533 ἠξιωμένος
1263 1481 1274 1492 ·
1322 1464 1405 1525 οἷς
1449 1461 1540 1516 οὖν
1581 1461 1900 1530 κατειλήφει

249 1548 310 1602 τὰ
343 1546 499 1602 οἶκοι
531 1549 622 1602 καὶ
656 1549 791 1620 μετὰ
832 1554 942 1604 τῶν
969 1549 1230 1604 τεκόντων
1275 1551 1484 1626 γέγονε,
1527 1551 1689 1626 χάριν
1743 1546 1903 1613 εἰδὼς

249 1643 323 1709 τῷ
385 1641 511 1708 Θεῷ
546 1655 559 1670 ·
621 1639 704 1698 οἷς
758 1641 854 1692 τοῦ
916 1638 1171 1713 μεγίστου
1228 1640 1443 1694 πάντων
1506 1638 1755 1714 μετέσχε,
1810 1638 1900 1692 καὶ

252 1728 313 1782 ri
379 1725 600 1800 μεγάλα
661 1725 940 1797 μεμύηται
1014 1727 1103 1782 καὶ
1160 1733 1269 1783 τῶν
1334 1728 1400 1784 τὰ
1477 1731 1593 1783 θεῖα
1661 1727 1902 1796 κατάπαξ

255 1815 686 1888 ἆπηρτισμένων
717 1814 940 1887 ὑπῆρξε,
971 1815 1170 1888 πολλῷ
1205 1814 1376 1889 μείζω
1404 1815 1583 1889 τούτῳ
1621 1817 1710 1871 καὶ
1755 1815 1896 1871 πολ-

255 1902 557 1958 λαπλασίω
597 1903 798 1974 ταύτην
844 1905 918 1965 ὡς
965 1904 1106 1967 εἰκὸς
1159 1903 1443 1977 ἀπεδίδου,
1483 1906 1594 1978 ὅσῳ
1640 1905 1728 1960 καὶ
1783 1910 1904 1977 μεῖ-

259 2000 340 2062 ζον
401 1993 644 2048 ἐνταῦθα
687 1993 749 2047 τὸ
806 1991 863 2047 εὗ
901 1995 1247 2066 πεπονθέναι,
1300 1995 1391 2050 καὶ
1451 1997 1903 2073 περιφανεστέθας

259 2085 510 2160 ἀφορμὰς
545 2079 675 2156 ἔσχε
704 2083 768 2138 τὸ
813 2084 1024 2158 γάννος.
1060 2085 1268 2138 ”Επειτ’
1316 2083 1549 2140 ἐντεῦθεν
1587 2085 1712 2159 ὅρον
1759 2085 1906 2159 αὐτῷ

261 2172 494 2243 τίθησιν,
528 2173 591 2234 ὃς
618 2176 733 2234 τοῖς
781 2171 1020 2235 πολλοῖς
1067 2173 1166 2228 ούκ
1211 2173 1493 2247 ἀμίμητος
1545 2175 1730 2247 μόνον,
1763 2174 1907 2230 ἀλλά

264 2264 343 2316 καί
396 2266 565 2315 πᾶσιν
628 2259 909 2334 ἀνέφικτος
953 2262 1028 2323 ὡς
1074 2261 1266 2330 εἰπεῖν,
1321 2265 1451 2336 μητ*
1507 2261 1667 2325 αὔτὸς
1724 2264 1820 2318 κᾶν
1869 2263 1906 2338 ᾖ

271 2358 401 2405 πίττα
458 2347 696 2423 ἀνάγκη,
755 2349 904 2424 ὅρκῳ
973 2353 1280 2425 χρήσασθαι
1341 2349 1432 2406 διὰ
1509 2352 1630 2428 βίου
1687 2353 1905 2422 παντὸς,

278 2444 402 2513 μήτε
430 2442 567 2501 τοὺς
600 2438 809 2503 ἄλλους
839 2439 926 2494 έπὶ
955 2444 1117 2496 τοῦτο
1148 2443 1449 2518 προτρέψαι
1483 2464 1495 2476 ·
1545 2443 1607 2497 τὸ
1639 2443 1745 2515 γὰρ
1775 2444 1910 2515 πρὸς

281 2530 456 2606 ὅρκους
510 2529 754 2602 ἑτοίμως
805 2536 1008 2606 χωρεῖν
1057 2530 1282 2600 ἐθέλειν,
1331 2533 1406 2594 εἷς
1465 2531 1743 2608 ἐπιορκίαν
1795 2533 1914 2587 κατ’

286 2621 422 2674 axitia-'4
471 2623 678 2674 τοῦτον
720 2617 919 2694 ἐξάγει,
967 2621 1032 2688 ἣν
1084 2619 1182 2674 οὐκ
1231 2619 1481 2690 ἀθέτησιν
1532 2625 1666 2676 Θεοῦ
1727 2620 1912 2693 μόνον,

285 2706 408 2762 ἆλλᾶ
453 2708 553 2762 καὶ
620 2702 797 2782 ὕϐριν,
847 2709 922 2771 ὡς
988 2708 1094 2783 ἐγώ
1140 2730 1198 2763 τε
1243 2709 1333 2763 καὶ
1392 2711 1587 2772 πάντες
1637 2708 1695 2764 ἃν
1757 2711 1912 2783 οἶμαι

280 2803 534 2870 συμφαῖεν
572 2819 586 2830 '
629 2797 689 2851 ὃν
718 2798 806 2851 καὶ
852 2797 929 2860 εἰς
973 2797 1130 2858 τέλος
1181 2796 1354 2860 οὕτως
1403 2797 1686 2877 ἐφύλαξεν,
1733 2798 1915 2874 ὥσπερ

273 2885 325 2940 ἂν
355 2888 400 2941 εἰ
431 2887 528 2940 καὶ
560 2886 680 2940 κατ’
710 2885 882 2960 ἀρχὰς
913 2885 1214 2959 ὠμωπόκει
1244 2887 1522 2964 φυλάξειν.

2007 1105 2092 1172 tit,
2126 1104 2381 1176 primum
2430 1099 2803 1156 sanctissimo
2849 1097 3026 1151 divini
3061 1092 3425 1167 baptismatis
3455 1107 3649 1148 sacra-

2007 1198 2221 1263 mento,
2243 1192 2394 1265 quod
2431 1208 2464 1246 a
2496 1188 2663 1245 malis
2693 1189 2961 1244 omnibus
2990 1186 3282 1241 immunes
3311 1199 3418 1238 nos
3449 1180 3646 1246 efﬁcit,

2006 1289 2062 1341 et
2091 1298 2320 1339 omnem
2360 1282 2705 1336 delictorum
2752 1277 2942 1332 labem
2987 1275 3220 1345 penitus
3252 1272 3396 1328 eluit
3428 1273 3653 1340 Deoque

2007 1373 2271 1428 conciliat
2318 1369 2533 1425 initiari
2588 1366 2950 1432 merebatur;
2983 1373 3036 1420 et
3084 1363 3299 1418 lavacri
3330 1360 3490 1417 illius
3518 1374 3649 1429 gra—

2008 1463 2150 1518 tiam
2195 1461 2436 1528 adeptus
2495 1465 2595 1522 est,
2646 1472 2764 1527 qua
2810 1455 2983 1509 etiam
3037 1456 3208 1508 antea
3266 1449 3652 1506 nihilominus

2005 1552 2315 1608 exornatus
2363 1552 2524 1614 erat;
2555 1547 2910 1619 quapropter
2957 1546 3021 1598 ut
3069 1557 3197 1598 eam
3228 1540 3302 1596 ob
3332 1555 3454 1594 rem
3493 1537 3646 1609 quod

2007 1641 2188 1698 larem
2238 1638 2585 1696 familiarem
2634 1637 2847 1691 iterum
2895 1632 3136 1696 videret,
3191 1628 3649 1702 parentibusque

2009 1731 2128 1787 suis
2166 1729 2428 1786 redditus
2457 1729 2608 1782 esset
2649 1727 2847 1796 grates
2889 1722 3006 1777 Deo
3036 1720 3260 1776 debitas
3289 1717 3534 1790 agebat;
3568 1715 3650 1770 ita

2009 1819 2163 1892 quod
2196 1817 2274 1872 rei
2315 1815 2578 1872 omnium
2611 1813 2874 1870 maximas
2904 1810 3196 1882 particeps
3227 1807 3432 1872 factus,
3455 1813 3510 1860 et
3540 1820 3650 1859 ma-

2008 1909 2142 1980 gnis
2173 1905 2306 1962 ﬁdei
2357 1904 2642 1978 mysteriis
2682 1903 2947 1959 initiatus
2977 1905 3035 1957 et
3063 1915 3132 1956 ex
3158 1913 3358 1954 eorum
3381 1897 3503 1967 jam
3537 1911 3650 1949 nu-

2012 2013 2170 2052 mero
2219 1999 2374 2052 esset
2418 1994 2518 2065 qui
2562 2008 2760 2049 sacras
2790 1989 3089 2061 religionis
3117 1985 3486 2044 caeremonias
3518 1999 3655 2055 per—

2012 2087 2158 2142 fecte
2186 2083 2515 2155 explessent
2544 2081 2728 2138 multo
2757 2081 3026 2149 majorem
3058 2079 3197 2144 Deo,
3227 2089 3471 2146 eamque
3504 2073 3654 2129 mul-

2011 2176 2292 2247 tiplicem,
2343 2177 2407 2228 ut
2454 2190 2556 2245 par
2601 2176 2744 2238 erat,
2799 2169 3081 2226 referebat
3127 2168 3393 2235 gratiam,
3438 2171 3651 2236 quanto

2017 2264 2218 2336 utique
2268 2263 2459 2333 majus
2515 2265 2638 2317 erat
2694 2261 2802 2316 hoc
2859 2263 3130 2316 ornatum
3177 2271 3307 2313 esse
3354 2253 3654 2312 beneﬁcio.

2016 2351 2714 2426 quantoqueillustriores
2733 2366 2942 2406 causas
2957 2348 3061 2403 hoc
3083 2345 3335 2402 habebat
3353 2344 3660 2415 gaudium.

2025 2444 2152 2498 Mox
2199 2441 2476 2512 deinceps
2525 2444 2740 2496 certam
2791 2439 2902 2494 sibi
2952 2437 3180 2492 vivendi
3218 2435 3407 2506 legem
3440 2430 3663 2494 statuit,

2025 2531 2194 2604 vulgo
2229 2531 2563 2586 mortalium
2598 2546 2711 2585 non
2745 2527 3153 2583 inimitabilem
3188 2525 3382 2589 modo,
3414 2521 3515 2578 sed
3549 2536 3672 2575 om-

2024 2622 2200 2677 nibus
2246 2619 2445 2686 etiam,
2493 2635 2668 2689 prope
2712 2615 2979 2681 dixerim,
3020 2616 3400 2677 inaccessam,
3447 2613 3513 2664 ut
3563 2623 3668 2663 nec

2025 2712 2148 2784 ipse
2179 2710 2458 2765 nimirum
2488 2716 2604 2764 toto
2636 2707 2765 2762 vitae
2796 2724 2911 2762 suae
2943 2705 3154 2776 spatio,
3179 2699 3536 2774 quantalibet
3574 2713 3668 2752 ur-

2023 2804 2193 2873 gente
2240 2798 2608 2868 necessitate,
2645 2796 3061 2868 jusjurandum
3109 2791 3432 2862 usurparet,
3478 2802 3666 2859 neque

2024 2890 2142 2956 alii,
2187 2888 2427 2960 jurandi
2477 2890 2679 2942 auctor
2728 2887 2929 2952 fleret;
2979 2899 3112 2939 nam
3159 2881 3229 2936 ad
3280 2875 3660 2950 dejerandum

263 2976 591 3048 promptius
638 2991 1030 3047 prorumpere,
1067 2977 1126 3032 id
1171 2993 1239 3034 ex
1290 2978 1472 3034 nostri
1521 2978 1808 3035 sententia
1837 2979 1938 3052 (l),
1965 2979 2033 3036 ad
2068 2977 2480 3050 pejerationem
2531 2975 2788 3039 adducit,
2823 2989 3000 3046 quam
3037 2987 3152 3026 uno
3191 2984 3422 3024 mecum
3463 2981 3666 3022 omnes

263 3083 382 3133 ore,
417 3084 538 3123 non
581 3066 771 3123 solum
824 3068 1196 3138 rejectionem
1248 3069 1370 3134 Dei,
1402 3069 1501 3125 sed
1557 3074 1616 3124 et
1663 3069 2079 3125 contumeliam
2129 3067 2524 3140 appellaturos
2573 3065 2840 3121 arbitror.
2891 3067 3084 3134 Atque
3133 3061 3286 3116 hanc
3334 3059 3436 3114 ille
3486 3057 3671 3128 legem

261 3159 332 3212 ad
390 3171 742 3229 supremum
793 3173 980 3229 usque
1027 3158 1162 3214 vitm
1208 3157 1359 3214 diem
1405 3159 1489 3214 ita
1535 3158 1803 3231 religiose
1851 3158 2119 3226 servavit,
2167 3157 2338 3230 quasi
2386 3155 2672 3228 principio
2721 3155 2793 3211 ad
2846 3154 3006 3210 illam
3054 3149 3408 3207 servandam
3451 3147 3681 3218 jureju-

265 3244 452 3300 rando
483 3258 616 3299 scse
647 3243 1032 3300 astrinxissst.

339 3333 474 3388 ΔΗ.
509 3332 579 3389 Oi.
633 3332 726 3404 μὶν
778 3331 872 3386 οῦν
915 3333 1145 3405 πατέρες
1194 3331 1364 3405 αὐτῷ,
1401 3332 1642 3406 μάλιστα
1692 3334 1786 3406 μὲν
1833 3332 1922 3388 καὶ

271 3425 425 3497 γήρᾳ
463 3421 556 3476 καὶ
604 3422 794 3496 χρόνῳ
837 3422 928 3478 καὶ
973 3423 1114 3496 νόσῳ
1161 3427 1251 3478 καὶ
1293 3429 1412 3486 τοῖς
1458 3423 1659 3480 ἐκεῖθεν
1709 3421 1921 3492 δεινοῖς,

275 3511 373 3565 οὐκ
412 3510 612 3579 ἥκιστα
661 3508 719 3566 δὲ
763 3513 852 3566 καὶ
901 3510 1095 3574 παιδός
1143 3512 1398 3583 ἀπουσίᾳ,
1429 3511 1623 3575 παιδὸς
1675 3516 1788 3568 οἷον
1839 3511 1926 3567 ού-

274 3597 424 3667 ὂένα,
463 3597 582 3654 οὔτ’
631 3599 784 3654 αὐτοὶ
835 3597 1106 3670 δήπουθεν
1153 3597 1342 3676 ἔσχον,
1389 3599 1516 3657 οὔτε
1567 3601 1761 3677 σχεδὸν
1815 3605 1925 3657 τῶν

273 3691 494 3742 πάντων
543 3686 775 3760 οὐδένες,
818 3689 1046 3752 τούτους
1092 3689 1274 3745 τοίνυν
1323 3693 1406 3755 οἷς
1454 3687 1586 3770 ἔφην
1635 3690 1930 3766 ἀπειρηκό-

271 3799 398 3850 τας,
442 3778 535 3831 καὶ
579 3779 716 3851 πρὸς
765 3779 827 3834 τὸ
883 3777 1054 3850 μηδὲν
1085 3781 1160 3842 ὡς
1210 3780 1378 3836 εἰπεῖν
1427 3777 1538 3851 ἤδη
1581 3785 1920 3855 χωροῦντας,

276 3867 455 3928 οὕτως
505 3865 782 3944 ἐπιφανεὶς
841 3865 1115 3941 ἐπέῤῥωσε
1163 3869 1251 3922 καὶ
1310 3869 1586 3942 κρείττους
1638 3870 1922 3944 εἰργάσατο

275 3960 428 4030 σφῶν
477 3956 685 4026 αὐτῶν,
731 3956 809 4018 ὡς
858 3956 935 4018 εἷς
964 3957 1307 4030 ἀκμάζοντας
1354 3957 1500 4028 δόξαι
1549 3957 1748 4028 τελεῖν,
1807 3961 1922 4014 οἶόν

271 4066 325 4100 τι
361 4044 529 4118 μένος
576 4047 713 4101 κατᾶ
749 4046 810 4102 τό
861 4044 989 4109 ἔπος
1037 4048 1251 4111 τούτοις
1302 4047 1712 4121 ἐμπεπνευκὼς,
1753 4049 1923 4103 καθά-

272 4155 380 4209 περ
411 4136 553 4190 ποτὶ
585 4137 771 4215 ψυχὴν
806 4138 834 4191 ὁ
877 4132 1142 4208 Θεσόίτης
1171 4143 1251 4210 τῷ
1297 4145 1396 4208 τῆς
1435 4139 1745 4216 Σαραφθίας
1793 4140 1918 4198 υἱεῖ.

274 4227 518 4285 Τούτους
550 4226 646 4298 μὲν
678 4225 852 4290 οὕτως
882 4222 1112 4302 ἔχοντας
1153 4226 1295 4283 οὕτω
1325 4230 1718 4304 παρεσκεύακεν
1750 4227 1920 4304 ἔχειν,

274 4314 370 4369 καὶ
421 4313 573 4376 νέους
618 4314 738 4370 ἀντὶ
789 4310 1168 4391 πρεσϐυτέρων
1226 4321 1418 4372 τοῦτον
1469 4318 1602 4372 εἶναι
1649 4318 1743 4373 τὸν
1797 4316 1922 4392 τρό-

276 4426 404 4473 πον,
440 4404 621 4480 ὥσπερ
651 4403 1120 4480 έπιλελησμένους
1153 4405 1240 4464 ὅτι
1277 4427 1376 4483 περ
1406 4408 1542 4477 ἦσαν
1573 4413 1840 4467 τοιοῦτοι,

2102 3335 2408 3392 XXXVIII.
2443 3336 2618 3391 Porro
2675 3337 2940 3403 parentes
2985 3329 3189 3395 nostri,
3222 3327 3493 3385 maxime
3540 3324 3675 3381 illos

2034 3425 2270 3498 quidem
2304 3428 2360 3480 et
2389 3425 2591 3480 ati’ecta
2619 3427 2806 3489 aetate,
2829 3426 2885 3478 et
2915 3420 3102 3492 spatio
3122 3418 3419 3489 temporis,
3442 3419 3499 3471 et
3527 3430 3675 3486 aegra

2033 3515 2386 3584 valetudine,
2409 3518 2465 3570 et
2481 3513 2624 3570 ortis
2654 3513 2789 3568 inde
2819 3509 3232 3575 incommodis,
3257 3523 3446 3578 neque
3475 3505 3672 3561 minus

2036 3609 2232 3661 tamen
2283 3602 2459 3673 longa
2508 3601 2610 3657 filii
2644 3601 2932 3666 absentia,
2965 3599 3066 3654 filii
3100 3603 3299 3654 autem
3330 3593 3674 3658 illiusmodi,

2037 3694 2268 3766 qualem
2320 3708 2425 3748 nec
2475 3691 2586 3764 ipsi
2633 3690 2897 3746 videlicet
2936 3688 3115 3744 alium
3147 3687 3460 3749 habebant,
3491 3697 3678 3750 neque

1979 3839 1994 3863 ‘
2033 3782 2128 3838 alii
2160 3780 2425 3838 omnium
2459 3781 2575 3836 fere
2606 3779 2910 3834 hominum
2935 3777 3036 3831 ulli
3065 3795 3078 3843 ;
3103 3777 3194 3830 his
3225 3775 3376 3839 illos,
3410 3774 3677 3843 inquam,

2026 3874 2150 3944 jam
2180 3871 2494 3938 confectos,
2527 3870 2596 3925 ad
2631 3867 2999 3938 nihilumque
3049 3863 3464 3938 propemodum
3514 3861 3679 3915 reda-

2030 3966 2172 4030 ctos,
2229 3977 2363 4016 eum
2421 3958 2520 4015 ille
2575 3958 2888 4014 admodum
2953 3957 3293 4028 conspectus
3358 3949 3673 4016 recreabat,

2033 4066 2208 4121 seque
2246 4049 2391 4122 ipsis
2420 4047 2766 4104 valentiores
2795 4045 3103 4111 efficiebat,
3138 4047 3200 4098 ut
3231 4045 3398 4097 astate
3435 4038 3672 4094 virenti-

2031 4141 2141 4195 bus
2156 4139 2582 4210 quodammodo
2604 4135 2946 4192 accensendi
2966 4130 3504 4201 viderentur,quasi
3525 4129 3573 4182 si
3598 4144 3672 4182 no

2030 4246 2158 4284 vam
2187 4228 2300 4284 vim
2332 4227 2725 4300 vigoremque,
2762 4233 2819 4280 ut
2865 4229 3041 4295 postea
3074 4223 3410 4291 loquuntur,
3443 4217 3560 4272 illis
3589 4216 3676 4270 in-

2032 4318 2386 4390 spiravissst,
2441 4317 2680 4389 perinde
2739 4320 2802 4370 ut
2852 4314 3110 4370 animam
3159 4311 3301 4368 olim
3359 4305 3675 4378 Saraphtias

2035 4408 2295 4464 mulieris
2327 4407 2446 4463 ﬁlio
2477 4407 2755 4463 reddebat
2786 4409 2945 4461 vates
2965 4401 3267 4458 Thesbites
3288 4399 3352 4451 ³⁸.
3378 4397 3494 4452 Hos
3515 4397 3680 4467 equi-

278 4499 416 4554 dem
462 4498 550 4554 ita
593 4503 763 4555 antea
804 4497 1040 4556 aﬂectos
1090 4499 1172 4555 ita
1220 4515 1354 4555 mox
1401 4499 1499 4556 ille
1546 4499 1862 4565 reficiebat,
1910 4502 2086 4570 atque
2138 4501 2197 4553 ut
2243 4498 2486 4568 juvenes
2536 4496 2642 4552 hoc
2691 4494 2860 4550 modo
2909 4509 2977 4548 ex
3027 4492 3265 4549 senibus
3312 4486 3447 4543 facti
3494 4483 3676 4540 veluti

277 4587 767 4645 obliviscerentur
795 4603 910 4659 qua
937 4592 1130 4644 essent
1159 4592 1324 4644 aetate
1353 4589 1658 4646 efﬁciebat.

352 4677 483 4732 AG‘.
519 4677 592 4730 ’Ή
622 4694 684 4748 γε
725 4676 835 4745 μὴν
883 4675 1102 4748 πατρὶς,
1135 4675 1281 4731 ἀλλὰ
1331 4675 1419 4730 καὶ
1449 4675 1648 4746 ταύτην
1693 4674 1776 4738 τίς
1826 4675 1924 4730 οὐκ

281 4761 342 4818 ἃν
391 4762 675 4838 ἀγασθείη,
725 4762 787 4817 ού
834 4767 937 4818 τοῦ
984 4766 1122 4836 πρὸς
1169 4766 1329 4820 αὐτὸν
1380 4764 1570 4824 ἁπλῶς
1622 4761 1924 4836 διατιθεμέ-

283 4875 400 4919 νου,
432 4851 497 4908 οῦ
526 4856 692 4906 τοῦτο
735 4849 884 4924 λέγω
917 4870 931 4884 ⁸
985 4859 1335 4929 μαρτυρεῖται
1367 4855 1471 4930 γὰρ
1519 4857 1682 4909 τοῦτο
1728 4853 1925 4914 πάσαις

2106 4676 2348 4733 XXXIX.
2380 4676 2662 4732 Ceterum
2702 4674 2859 4746 quod
2901 4673 2972 4728 ad
3007 4670 3251 4743 patriam
3293 4666 3517 4732 attinet,
3541 4663 3673 4734 quis

2036 4781 2150 4821 non
2181 4773 2234 4820 et
2281 4765 2442 4820 illam
2493 4763 2697 4819 merito
2727 4762 3029 4835 suspiciat,
3064 4775 3178 4814 non
3209 4758 3282 4814 ob
3312 4753 3670 4826 singularem

2039 4857 2209 4911 modo
2258 4871 2390 4927 erga
2431 4858 2694 4910 nostrum
2745 4849 3226 4917 benevolentiam,
3257 4846 3329 4902 de
3375 4860 3494 4915 qua
3524 4858 3678 4897 nunc

282 4949 401 5004 ταῖς
450 4943 658 5020 ψήφοις
704 4940 754 5011 ἐξ
804 4939 908 5014 ἄρα
953 4947 1060 4998 τῶν
1109 4945 1426 5020 ἁπανταχοῦ
1473 4964 1687 5000 παντων
1737 4941 1911 5020 διαφε-

2038 4962 2152 5001 non
2184 4944 2407 5016 loquor,
2440 4943 2562 5000 hac
2584 4942 2742 4998 enim
2774 4940 3012 4996 calculis
3033 4937 3309 4994 omnibus
3333 4930 3680 5005 punctisque

287 5033 490 5109 ρόντως
533 5030 924 5104 θαυμαζόντων
976 5053 1035 5088 τε
1081 5033 1171 5088 καὶ
1228 5033 1567 5109 κροτούντων
1624 5032 1712 5088 καὶ
1766 5033 1926 5088 οἰκει-

2036 5034 2172 5090 inde
2219 5033 2472 5105 profecto
2521 5031 2900 5088 testatissima
2929 5033 3035 5095 est,
3071 5025 3223 5098 quod
3255 5023 3474 5094 ingenti
3507 5036 3682 5091 supra

287 5121 532 5196 ουμένων
563 5124 630 5176 τὰ
669 5119 853 5191 τοῦδε,
884 5122 1015 5179 ἀλλ’
1046 5126 1127 5186 οἷς
1174 5123 1479 5199 ἐχρήσαντο
1530 5126 1654 5199 περὶ
1703 5126 1802 5194 τὴν
1831 5122 1911 5178 κὰ-

2037 5123 2180 5181 alios
2229 5138 2453 5191 omnes,
2503 5122 2894 5191 omnibusque
2948 5118 3006 5172 in
3059 5116 3248 5180 rebus,
3289 5109 3678 5167 admiratione

287 5211 444 5268 θοδον
491 5208 671 5267 τοῦδε.
721 5211 880 5266 Οὕτω
929 5213 1033 5288 γὰρ
1080 5212 1271 5276 πάντες
1319 5212 1686 5285 ἒπανήκοντος
1738 5210 1926 5287 ἔσχον,

289 5304 378 5358 καὶ
425 5301 699 5373 τοσαύτης
756 5303 848 5360 καὶ
896 5301 1232 5374 τηλικαύτης
1283 5302 1496 5360 ἐπειδὰν
1539 5309 1729 5360 τοῦτον
1782 5301 1922 5358 εἶδον

289 5393 639 5464 ἐπλήσθησαν
690 5390 894 5463 ἡδονῆς
925 5393 1014 5448 καὶ
1065 5394 1347 5469 βακχείας,
1378 5392 1506 5450 ὥστ’
1557 5394 1606 5450 εἷ’
1652 5393 1741 5449 καὶ
1793 5393 1923 5470 σφό-

363 5583 458 5638 ²⁸Ι
492 5583 630 5654 Reg.
662 5599 800 5653 xvn,
832 5581 922 5636 22.

363 5770 440 5840 (t)
469 5767 622 5824 Orat.
653 5769 687 5824 2
715 5769 775 5825 in
807 5765 1052 5837 Pascha,
1084 5781 1143 5840 q.
1173 5763 1301 5821 688.

2038 5219 2214 5286 atque
2244 5211 2530 5285 applausu
2554 5210 2754 5267 omnia
2774 5208 2955 5264 nostri
2985 5211 3048 5261 ut
3067 5221 3172 5260 sua
3194 5219 3259 5258 ac
3282 5201 3511 5272 propria
3527 5214 3680 5254 com-

2041 5302 2454 5373 plectebantur,
2487 5302 2587 5356 sed
2619 5300 2692 5355 ob
2723 5314 2789 5352 ea
2822 5296 3190 5368 potisimum
3224 5309 3350 5364 quas
3382 5289 3492 5346 sub
3523 5287 3676 5343 redi-

2036 5399 2161 5449 tum
2203 5390 2359 5447 illius
2405 5392 2682 5461 usurpata
2729 5388 2926 5457 fuere;
2956 5384 3040 5441 sic
3086 5383 3240 5441 enim
3291 5386 3419 5439 tum
3470 5392 3676 5440 omnes
