4092 6300
420 398 537 457 255

1734 389 2134 452 THEODULI
2180 390 2526 452 MONACHI

3699 407 3807 467 256

425 528 579 584 afﬁci
603 526 817 584 animis
848 528 1122 596 tantaque
1147 541 1213 580 ac
1230 525 1330 580 tali
1359 541 1427 580 ex
1448 523 1607 580 illius
1634 527 1950 596 conspectu
1979 524 2067 595 ju-

2184 521 2283 596 δρα
2341 523 2601 596 βούλοιτό
2656 547 2762 592 τις,
2823 526 2922 582 οὐκ
2977 526 3316 606 ἐνδεδεῖχθαι
3375 534 3525 588 τουτὶ
3598 535 3815 608 δεδυνῆ-

422 618 719 675 cunditate
741 616 1128 688 gestientique
1141 615 1525 670 exsultatione
1539 614 1832 685 perfundi,
1845 618 1910 669 ut
1925 618 2069 670 tam-

427 709 536 763 etsi
588 722 818 763 summo
870 706 927 760 id
965 703 1253 776 quispiam
1307 703 1496 759 studio
1530 708 1685 776 agat,
1718 704 1812 758 vix
1844 703 2066 758 idoneis

424 801 620 853 tamen
669 812 788 849 rem
840 793 1031 848 verbis
1090 808 1345 864 unquam
1396 791 1694 863 exprimat,
1743 808 1812 847 ea
1863 791 2066 846 laetitias

420 885 579 940 illius
629 882 970 954 magnitudo
1018 887 1161 947 erat,
1217 896 1348 936 esse
1392 881 1723 936 continendi
1777 882 2066 951 impoten-

424 976 522 1030 tia.
556 978 896 1042 Quanquam
929 972 1060 1043 quid
1097 971 1206 1027 hoc
1236 975 1325 1026 est
1354 972 1507 1043 quod
1531 971 1661 1026 dico
1690 972 1840 1041 ego?
1860 971 1918 1025 in
1945 975 2069 1026 tan-

423 1068 547 1120 tum
579 1063 730 1119 enim
761 1063 915 1117 cives
945 1077 1084 1117 suos
1114 1059 1201 1116 vel
1242 1060 1366 1115 solo
1400 1068 1636 1132 aspectu
1668 1060 1842 1132 cepit,
1876 1076 2064 1132 popu-

421 1153 670 1222 larisque
708 1152 1018 1222 cujusdam
1069 1150 1236 1206 ducis
1285 1150 1344 1206 in
1397 1167 1614 1206 morem
1649 1151 1758 1206 sibi
1789 1151 2064 1220 devinxit,

422 1249 487 1298 ut
526 1259 642 1298 non
672 1241 898 1310 supinis
929 1241 1098 1296 modo
1131 1241 1282 1311 quod
1321 1239 1506 1308 aiunt,
1540 1241 1838 1309 manibus,
1869 1257 2068 1295 verum

419 1337 540 1389 toto
568 1332 800 1403 penitus
828 1335 1054 1401 pectore
1077 1345 1141 1384 ac
1165 1329 1376 1396 animo,
1393 1333 1449 1384 et
1469 1329 1752 1400 quidquid
1769 1346 2068 1398 unnquam

425 1421 715 1478 nominari
764 1422 968 1491 potest,
1002 1418 1170 1472 illum
1223 1418 1566 1490 reciperent.
1608 1418 1961 1474 deducentes
2011 1418 2068 1472 in

423 1510 681 1583 publico,
713 1508 1210 1574 concelebrantes,
1243 1507 1630 1575 concinentes,
1657 1507 1870 1578 quidve
1901 1523 2070 1578 porro

423 1600 712 1656 indictum
762 1599 1161 1668 infectumque
1208 1597 1540 1652 omittentes
1563 1595 1591 1650 *Γ
1620 1597 1740 1651 imo
1781 1613 1910 1651 vero
1941 1611 2069 1651 cum

423 1689 624 1746 omnia
669 1695 724 1744 et
773 1687 1030 1743 dicerent
1082 1690 1139 1741 et
1181 1687 1456 1754 facerent,
1499 1684 1718 1741 nullam
1767 1701 1829 1740 se
1879 1689 2071 1742 tamen

424 1781 764 1838 meritorum
814 1777 972 1832 illius
1023 1779 1244 1847 partem
1307 1775 1584 1846 consequi
1642 1774 2067 1830 existimantes.

424 1873 539 1929 Nec
570 1870 726 1926 enim
758 1885 930 1941 quem
978 1867 1199 1922 dudum
1233 1865 1527 1938 cognitum
1560 1864 1858 1920 habebant
1887 1865 2074 1921 oculis

424 1979 488 2020 se
518 1960 640 2015 suis
671 1973 924 2023 cernere,
959 1957 1052 2011 sed
1087 1971 1251 2026 quem
1283 1955 1598 2010 cernebant
1627 1954 1768 2009 coelo
1800 1955 1858 2010 in
1891 1958 2074 2010 terras

429 2049 732 2122 delapsum
779 2064 897 2103 sua:
948 2046 1208 2118 ipsorum
1243 2043 1533 2099 felicitatis
1565 2058 1738 2099 causa
1765 2045 2076 2100 adventare

431 2138 774 2197 credebant:
802 2152 980 2208 quam
1007 2135 1080 2190 ob
1111 2151 1232 2190 rem
1262 2133 1436 2189 etiam
1469 2149 1640 2204 supra
1671 2149 1846 2204 quam
1868 2138 2076 2189 natura

426 2229 553 2285 erat
601 2225 957 2292 mortalium,
999 2224 1295 2280 hominem
1345 2222 1613 2278 colebant
1667 2222 2076 2279 observabant-

433 2334 566 2389 que.
626 2314 876 2371 Tametsi
934 2315 1023 2369 vir
1089 2314 1378 2370 maximus
1440 2312 1761 2384 altioraque
1817 2312 2074 2368 humano

425 2413 600 2479 captu
653 2408 848 2462 animo
907 2407 1151 2476 agitans,
1204 2404 1420 2476 quippe
1481 2403 1722 2459 mortale
1780 2403 2071 2474 fastigium

425 2514 710 2570 egressus,
741 2501 797 2552 et
826 2496 1101 2550 humanis
1133 2495 1286 2550 idem
1321 2492 1644 2564 majoribus
1685 2497 1927 2548 ornatus
1956 2492 2072 2546 vir-

421 2588 670 2652 tutibus,
715 2584 1157 2641 acclamationes
1218 2582 1523 2638 hominum
1581 2597 1648 2636 ac
1697 2579 1958 2652 plausus,
2009 2596 2076 2636 ac

422 2676 703 2748 reliquam
747 2674 805 2730 id
853 2689 1032 2744 genus
1081 2672 1450 2744 popularium
1496 2669 1738 2725 laudum
1771 2686 2075 2724 coacerva-

419 2765 660 2830 tionem,
695 2763 856 2818 nullo
902 2761 1217 2817 admodum
1267 2775 1514 2814 numero
1564 2759 1850 2825 ducebat;
1886 2774 2074 2814 meras

423 2854 702 2910 nimirum
746 2869 950 2922 nugas,
981 2851 1308 2920 viliumque
1339 2848 1690 2914 animarum,
1723 2853 1779 2904 et
1809 2864 1922 2919 qua
1952 2863 2076 2918 per-

421 2943 672 2998 tinacius
705 2942 774 2997 ad
805 2945 1019 2997 terram
1052 2939 1477 3007 adhaerescunt,
1508 2953 1683 3009 seque
1711 2953 1933 3008 suaque
1965 2954 2071 2992 no-

417 3030 638 3087 bilitate
682 3031 1082 3103 indignarum,
1115 3027 1333 3100 pabula
1375 3032 1432 3083 et
1460 3027 1765 3083 illecebras
1797 3026 1917 3082 haac
1947 3026 2073 3096 ipsa

2106 1849 2152 1913 Β
2181 1865 2508 1937 ἀνθρώπους
2539 1863 2612 1917 ὥν
2647 1884 2659 1896 ·

2177 615 2298 668 σθαι
2337 632 2348 644 ·
2383 615 2624 684 τοσαύτη
2673 637 2758 677 τις
2788 618 2853 685 ἦν
2895 619 2928 686 ἠ
2977 620 3265 692 περιουσία
3312 627 3409 676 τοῦ
3460 623 3702 700 γάννους,
3732 629 3812 682 καὶ

2176 705 2272 756 τοῦ
2308 703 2383 773 μή
2417 708 2550 773 σφᾶς
2591 702 2786 766 αὐτοὺς
2838 699 2986 780 ἔχειν
3019 707 3292 784 κατέχειν.
3347 699 3535 767 Καίτοι
3565 715 3619 767 τί
3649 713 3815 789 λέγως

2175 796 2408 844 τοσοῦτο
2466 793 2566 866 γὰρ
2623 793 2818 855 αὐτοὺς
2888 793 2999 850 εἷλε
3067 798 3156 851 καὶ
3218 797 3816 878 καταδεδημαγωγήκει

2182 880 2320 952 μόνῃ
2367 885 2434 952 τῇ
2484 882 2598 952 θέᾳ,
2647 880 2774 936 ὥσθ’
2827 885 2939 959 οὐχ
2970 883 3093 939 ὅσον
3151 887 3364 950 ὑπτίαις
3413 892 3572 968 χερσὶ
3619 895 3679 946 τὸ
3726 897 3816 947 τοῦ

2180 966 2367 1044 λόγου,
2401 967 2544 1024 αλλά
2594 971 2682 1023 καὶ
2732 972 2873 1044 πάσῃ
2904 975 3058 1046 ψυχῇ
3109 977 3279 1030 τεκαὶ
3329 966 3538 1052 γνώμῃ,
3572 979 3660 1033 καὶ
3710 978 3740 1034 ὅ
3768 1001 3817 1032 τι

2181 1059 2239 1113 ἂν
2299 1058 2441 1114 εἷ’ποι
2501 1080 2583 1120 τις
2640 1065 2830 1115 τοῦτον
2891 1061 3232 1135 προσέσθαι·
3290 1064 3531 1140 δημοσίᾳ
3581 1070 3817 1144 προπέμ-

2179 1169 2392 1218 ποντες,
2452 1149 2832 1222 κηρύττοντες,
2893 1155 3288 1223 παιανίζοντες,
3346 1159 3400 1211 τί
3453 1158 3547 1230 μὲν
3608 1159 3668 1213 οὐ
3728 1159 3816 1214 λέ-

2181 1256 2390 1309 γοντες,
2449 1238 2500 1290 τί
2547 1235 2604 1292 δὲ
2641 1240 2702 1291 ού
2756 1243 3056 1311 ποιοῦντες,
3113 1241 3328 1314 μᾶλλον
3386 1242 3442 1300 δὲ
3495 1245 3662 1301 πάντα
3725 1248 3817 1318 μὲν

2183 1322 2430 1399 λέγοντες
2475 1326 2562 1380 καὶ
2620 1331 2918 1396 ποιοῦντες,
2955 1326 3107 1383 οὐδὲν
3159 1331 3216 1386 δέ
3263 1336 3370 1386 τῶν
3426 1334 3649 1388 εἰκότων
3700 1337 3820 1389 ἀπο-

2184 1411 2390 1468 διδόναι
2440 1415 2778 1487 νυμίζοντες.
2807 1417 2884 1472 Οὐ
2933 1419 3034 1491 γὰρ
3068 1420 3124 1472 ὃν
3173 1416 3367 1493 ᾔδεσαν
3419 1421 3639 1479 ἐδόκουν
3672 1426 3818 1498 ὁρᾷξν

2183 1500 2312 1556 ἀλλ’
2367 1502 2425 1556 ὃν
2481 1505 2686 1576 ἑώρων,
2749 1504 3032 1576 οὐρανόθεν
3096 1509 3171 1569 εἰς
3229 1513 3333 1586 γῆν
3395 1512 3545 1580 ἥκειν
3604 1510 3816 1568 ἐδόκουν

2183 1592 2266 1646 ἐπ’
2322 1590 2637 1664 εὐδαιμονίᾳ
2692 1597 2759 1666 τῇ
2821 1600 3010 1668 σφῶν·
3075 1599 3165 1652 καὶ
3225 1597 3477 1656 διατοῦτο
3537 1608 3721 1675 μεῖζον
3777 1605 3809 1670 ἡ

2182 1687 2301 1735 κατ’
2353 1683 2669 1756 ἀνθρώπους
2712 1683 2890 1755 τούτῳ
2949 1693 3268 1764 προσεῖχον,
3320 1690 3366 1743 εἰ
3415 1691 3505 1744 καὶ
3560 1697 3741 1762 μεῖζον
3783 1691 3815 1759 ἢ

2183 1775 2304 1826 κατ’
2333 1771 2650 1838 ἀνθρώπους
2691 1775 2718 1827 ὁ
2773 1774 2937 1848 μέγας
2983 1783 3210 1852 φρονῶν,
3245 1779 3334 1834 ἅτε
3375 1781 3574 1852 μείζων
3625 1782 3660 1850 ἧ
3709 1783 3819 1836 κατ’

2712 1870 2792 1936 τῷ
2826 1865 3065 1938 μείζοσιν
3108 1870 3142 1939 ἢ
3177 1872 3294 1924 κατ’
3340 1871 3663 1944 ἀνθρώπους
3696 1874 3819 1948 ἀρε-

2184 1957 2302 2012 ταῖς
2333 1955 2727 2025 κεκοσμῆσθαι,
2757 1956 2854 2018 τὰς
2881 1957 2975 2027 μὲν
3009 1955 3294 2029 ἓκϐοήσεις
3325 1958 3544 2015 ἒκείνων
3574 1963 3664 2016 καὶ
3693 1963 3819 2036 κρό-

2185 2063 2312 2104 τους
2344 2045 2430 2096 καὶ
2463 2044 2562 2109 τὴν
2593 2043 2855 2113 τοιαύτην
2888 2049 2984 2100 τοῦ
3017 2044 3198 2120 δήμου
3245 2049 3574 2118 συντέλειαν,
3607 2049 3820 2111 οὖδενός

2185 2153 2332 2192 τινος
2367 2130 2520 2200 ἠξίου
2550 2136 2646 2186 τοῦ
2695 2131 2885 2206 λόγου,
2920 2136 3204 2213 φλήναφον
3256 2139 3498 2213 ἀτεχνῶς
3541 2145 3708 2194 ταῦτα
3737 2161 3822 2194 v0-

2191 2223 2360 2294 μίζων
2393 2241 2405 2252 ·
2441 2221 2530 2275 καὶ
2561 2224 2756 2296 ψυχῶν
2793 2224 3027 2296 ἀγεννῶν
3062 2225 3420 2300 δελεάσματα,
3455 2230 3544 2282 καὶ
3576 2232 3666 2291 οἷς
3695 2230 3824 2302 πρὸς

2185 2317 2286 2384 γῆν
2319 2308 2505 2384 ἔχουσι
2536 2315 2683 2383 σφῶν
2718 2311 2914 2380 αὐτῶν,
2947 2313 3034 2367 καὶ
3065 2314 3161 2369 τοῦ
3191 2317 3308 2370 κατ’
3339 2317 3499 2379 αὐτας
3540 2318 3776 2389 ἀναξίων
3808 2338 3821 2349 ·

2187 2400 2220 2453 ἃ
2251 2398 2307 2454 δὲ
2339 2401 2413 2462 εἷς
2445 2400 2737 2472 ’Ὁλυμπον
2781 2403 2927 2476 φέρει
2957 2403 3048 2457 καὶ
3095 2409 3204 2458 τῶν
3238 2406 3526 2478 Ὀλύμπου
3565 2407 3822 2480 πραγμά-

2185 2511 2294 2544 των
2357 2492 2433 2562 μή
2473 2490 2557 2545 ὅτι
2607 2490 2894 2552 κοινωνοὺς
2951 2492 3077 2554 τοὺς
3135 2494 3478 2568 ἀνθρώπους,
3537 2495 3685 2551 ἀλλά
3737 2499 3822 2551 καὶ

2188 2580 2339 2640 θεοὺς
2387 2579 2436 2651 ἐξ
2486 2580 2784 2653 ἀνθρώπιον
2832 2583 2906 2641 ὡς
2957 2582 3124 2637 εἰπεῖν
3164 2582 3275 2638 οἶδε
3317 2590 3515 2654 ποιεῖν,
3565 2588 3718 2641 ταῦτ’
3759 2587 3822 2654 ἧν

2186 2668 2335 2739 αὖτῷ
2395 2666 2649 2737 διηνεκὴς
2707 2671 2954 2743 φροντὶς,
3010 2673 3100 2726 καὶ
3161 2672 3362 2745 μελέτη
3406 2695 3417 2706 ·
3469 2675 3556 2728 καὶ
3613 2675 3822 2729 τούτων

2186 2757 2447 2832 ἐξείχετο,
2504 2760 2593 2814 καὶ
2651 2759 2870 2822 τούτοις
2929 2763 3144 2831 συνέζη,
3206 2763 3536 2818 ἐπαινεῖσθαι
3597 2766 3708 2839 γὰρ
3764 2766 3825 2819 οὐ

2188 2847 2575 2922 μακαρίζεσθαι
2624 2847 2812 2917 ἤλεθε,
2859 2854 2955 2904 τοῦ
2998 2851 3092 2922 μὲν
3145 2850 3231 2906 ἐπὶ
3280 2859 3396 2915 τοῖς
3447 2852 3596 2914 ἐκτὸς
3647 2876 3824 2931 γιγνοο

2189 2935 2371 3008 μένου,
2421 2935 2509 2990 ἐπὶ
2559 2936 2616 2992 δὲ
2661 2943 2778 3000 τοῖς
2820 2939 2936 2993 κατ’
2985 2939 3180 3013 ἀρετήν
3226 2942 3320 2996 τὸν
3379 2939 3591 2996 ἔπαινον
3651 2941 3826 3016 ἴσμεν.

2188 3025 2304 3079 Εἶεν
2315 3069 2326 3081 .

414 3139 507 3179 sse
548 3127 749 3188 ratus;
781 3125 1058 3177 caeterum
1107 3136 1235 3192 quas
1276 3119 1347 3175 ad
1399 3117 1614 3174 cmlum
1661 3118 1900 3172 ducunt
1947 3117 2142 3172 studia
2190 3133 2502 3190 rerumque
2533 3117 2858 3175 omlestium
2896 3137 3007 3175 non
3041 3121 3351 3192 participes
3382 3122 3571 3179 solum
3608 3124 3810 3180 homi-

415 3228 543 3276 nes,
575 3209 676 3266 sed
723 3210 885 3265 divos
924 3210 1062 3266 item
1111 3225 1288 3280 prope
1333 3208 1522 3263 dicam
1567 3224 1637 3262 ex
1683 3206 2024 3262 hominibus
2073 3205 2302 3262 ofﬁcere
2333 3213 2598 3278 queunt:
2635 3209 2755 3264 hac
2790 3214 3060 3279 perpetua
3107 3219 3304 3266 nostro
3354 3228 3494 3267 cura
3523 3228 3822 3268 commen-

415 3301 678 3371 tatioque
729 3300 907 3368 fuere,
940 3299 1030 3354 his
1078 3299 1338 3355 addictus
1386 3297 1558 3353 unice
1603 3299 1743 3364 erat,
1775 3295 1836 3350 in
1882 3294 1973 3350 his
2005 3299 2226 3350 aetatem
2256 3298 2487 3368 agebat,
2522 3313 2729 3369 nempe
2761 3298 2982 3354 laudari
3013 3299 3130 3369 ille,
3163 3316 3280 3356 non
3313 3317 3411 3370 pro
3456 3301 3622 3357 beato
3681 3320 3826 3374 pras-

417 3389 601 3445 dicari
649 3388 942 3455 studebat,
985 3403 1234 3459 quorum
1287 3387 1398 3441 hoc
1445 3386 1517 3440 ob
1565 3389 1798 3440 externa
1847 3385 2114 3456 quaedam
2141 3384 2294 3440 bona
2327 3388 2618 3458 usurpari,
2652 3404 2854 3444 rursus
2885 3389 3115 3445 laudem
3148 3390 3221 3445 ob
3255 3389 3352 3446 illa
3384 3391 3564 3447 tribui
3597 3409 3727 3463 quae
3763 3408 3826 3446 ex

415 3478 627 3535 virtute
657 3480 785 3533 acta
814 3480 973 3543 sunt,
1006 3477 1162 3532 inter
1190 3492 1394 3531 omnes
1425 3475 1712 3530 convenit.
1745 3473 1859 3529 Sed
1894 3473 2014 3527 haac
2048 3472 2356 3530 hactenus.

489 3568 596 3622 XL.
631 3569 914 3624 Caeterum
963 3568 1104 3622 dum
1154 3565 1212 3621 in
1244 3565 1335 3620 his
1364 3565 1452 3619 vir
1481 3580 1752 3620 summus
1781 3567 1928 3628 erat,
1962 3563 2068 3617 ﬂa-

2249 3564 2332 3618 M'.
2367 3564 2524 3620 Οῧτω
2557 3562 2603 3618 δ’
2652 3563 2835 3640 ἔχοντι
2882 3567 2973 3621 καὶ
3021 3566 3166 3642 παρά
3197 3567 3413 3622 πάντων
3464 3573 3544 3640 τῷ
3591 3568 3818 3642 γενναίῳ

417 3658 847 3731 grantibusque
894 3672 1138 3712 suorum
1187 3655 1450 3711 omnium
1499 3654 1713 3710 studiis
1743 3653 2061 3718 colebatur,

420 3747 519 3804 ubi
551 3747 742 3804 debita
771 3746 1005 3818 pietatis
1052 3746 1244 3801 officia
1277 3745 1617 3817 parentibus
1646 3750 1704 3800 et
1733 3746 1930 3817 patrias
1962 3762 2061 3801 cu—

423 3833 806 3890 mulatissime
847 3835 1124 3906 expleret,
1169 3834 1386 3890 interea
1435 3833 1687 3903 religiosi
1733 3835 1830 3890 otii
1883 3851 2066 3890 seces-

422 3938 642 3993 susque
671 3923 1024 3978 desiderium
1057 3922 1457 3978 vehementius
1488 3937 1550 3978 se
1582 3923 1842 3978 insinuat
1867 3940 1879 3978 :
1904 3929 2068 3978 vetus

419 4010 563 4068 illud
595 4026 754 4077 sane,
777 4015 833 4067 et
864 4013 1017 4084 quod
1042 4013 1168 4082 jam
1200 4011 1334 4067 olim
1368 4011 1666 4066 hominem
1698 4012 2065 4082 complexum

428 4104 660 4173 penitus
713 4103 1021 4170 insederat,
1073 4119 1174 4158 nec
1225 4103 1311 4156 vel
1368 4103 1666 4158 tantillum
1726 4109 2067 4170 recesserat,

422 4209 622 4248 verum
659 4209 770 4261 prae
804 4193 1093 4249 immenso
1116 4210 1182 4249 ac
1206 4193 1532 4248 incredibili
1553 4193 1893 4263 eloquentiae
1914 4194 2072 4251 velut

423 4283 636 4352 furore,
685 4283 783 4355 qui
835 4283 892 4337 in
939 4283 1134 4338 animo
1184 4283 1365 4339 nostri
1417 4282 1784 4355 praevalidus,
1832 4290 1896 4340 ut
1942 4286 2068 4356 ipso

422 4373 744 4442 posteriora
773 4372 972 4428 omnia
993 4371 1347 4428 ducerentur
1366 4373 1674 4440 efﬁciebat,
1699 4387 1885 4444 neque
1908 4372 2064 4429 aliud

423 4461 644 4518 interea
690 4462 1014 4532 quidquam
1059 4462 1263 4534 attingi
1315 4463 1656 4535 suscipique
1703 4463 1954 4530 sinebat,
2011 4463 2067 4518 in

424 4569 543 4608 rem
574 4551 762 4622 ipsam
798 4555 968 4606 antea
1002 4551 1206 4606 deduci
1240 4554 1567 4624 aequitum.
1594 4551 1663 4608 Ut
1693 4567 1825 4606 vero
1853 4552 1915 4607 in
1947 4553 2066 4608 haec

425 4642 655 4697 dicendi
689 4641 914 4696 ratione
944 4639 1286 4711 plurimum,
1319 4640 1497 4712 idque
1524 4642 1665 4696 adeo
1697 4641 2073 4712 singulariter

427 4730 766 4801 profecerat,
802 4733 867 4784 ut
915 4744 1019 4784 nec
1069 4732 1249 4783 artem
1299 4730 1486 4801 ipsam
1532 4731 1792 4785 humano
1835 4744 2074 4801 corpore

423 4818 689 4874 indutam
722 4816 1024 4890 pulchrius
1051 4817 1287 4890 aliquod
1321 4819 1411 4874 sui
1447 4819 1743 4891 specimen
1778 4820 2072 4884 daturam,

2178 3653 2598 3726 θαυμαζομένῳ,
2648 3655 2736 3708 καὶ
2785 3656 2846 3709 τὸ
2895 3656 3038 3718 εἰκὸς
3090 3662 3205 3719 τοῖς
3255 3678 3314 3712 τε
3369 3662 3586 3731 γονεῦσι
3644 3663 3714 3731 τῇ
3768 3677 3824 3712 τε

2181 3740 2397 3817 πατρίδι
2455 3749 2788 3798 παντάπασιν
2849 3745 3302 3822 ἀφοσιωσαμένῳ,
3362 3745 3733 3822 σφοδρότερον
3791 3747 3818 3800 ὁ

2181 3841 2281 3902 τῆς
2359 3833 2596 3911 ἡσοχίας
2665 3834 2753 3888 καὶ
2826 3837 3233 3910 ἀναχωρήσεως
3308 3832 3444 3912 ἔρως
3518 3837 3818 3910 ἐμπίπτει·

2181 3922 2385 3978 ἄνωθεν
2438 3925 2534 3995 μὲν
2578 3925 2665 3977 καὶ
2715 3924 2951 3999 ὲξαργῆς
2996 3930 3186 3980 τοῦτον
3237 3924 3380 4001 ἔχων
3425 3948 3483 3981 τε
3536 3929 3624 3981 καὶ
3681 3925 3822 3980 συνέ-

2181 4032 2324 4087 χων,
2369 4015 2458 4066 καὶ
2518 4010 2630 4066 οὐδ’
2689 4015 2994 4068 ὁπωστιοῦν
3044 4015 3426 4090 ἀφιστάμενος,
3471 4016 3574 4070 ὑπὸ
3624 4013 3682 4069 δὲ
3728 4022 3823 4083 τῆς

2183 4103 2387 4157 ἀτόπου
2418 4104 2507 4156 καὶ
2560 4105 2875 4174 θαυμασκῆς
2925 4108 3033 4157 τῶν
3090 4103 3266 4179 λόγων
3305 4105 3498 4177 μανίας
3546 4104 3621 4164 εἰς
3676 4101 3827 4179 ἔργον

2184 4193 2306 4260 ἥκει
2364 4192 2702 4267 εἰργόμενος,
2752 4192 3198 4268 κατακρατοόσης
3255 4196 3346 4248 τὸν
3401 4192 3692 4268 λογισμὸν,
3739 4192 3827 4246 καὶ

2186 4282 2355 4335 πάντα
2419 4279 2622 4354 δεύτερ’
2682 4281 2850 4350 αὐτῆς
2925 4283 3260 4354 ποιουμένης
3331 4285 3416 4336 καὶ
3479 4283 3579 4336 οῦκ
3654 4282 3829 4349 ἐώσης

2188 4370 2370 4443 ἑτέρου
2405 4367 2620 4439 δήτινος
2649 4372 2818 4447 ἧφθαι
2841 4391 2852 4402 ·
2885 4371 2958 4430 ὡς
2993 4368 3041 4424 δ’
3071 4372 3121 4424 οἱ
3156 4371 3271 4443 μὲν,
3305 4371 3658 4426 ἐπιτοσοῦτον
3689 4370 3832 4440 αὐτῷ

2188 4457 2573 4530 κατώρθωντο,
2636 4457 2725 4510 καὶ
2803 4453 2973 4517 οὕτως
3049 4457 3356 4533 ὑπερφυῶς,
3434 4457 3508 4520 ὡς
3585 4454 3715 4528 μήδ’
3774 4458 3828 4510 ἂν

2190 4547 2342 4615 οἶμαι
2374 4547 2593 4615 ταυτηνὶ
2653 4547 2750 4614 τήν
2791 4546 2984 4620 σοφίαν
3015 4548 3172 4618 σῶμα
3207 4543 3480 4602 λαϐοῦσαν
3508 4547 3738 4601 κάλλιον
3769 4542 3832 4598 τίὶ

2188 4635 2354 4702 αὐτῆς
2405 4633 2764 4710 ἐνδεδεῖχθαι,
2797 4635 2886 4688 καὶ
2937 4633 3017 4689 ὅτι
3051 4638 3173 4690 ποτ’
3224 4635 3332 4705 εἰή,
3376 4635 3465 4690 καὶ
3513 4635 3665 4695 ὅπως
3715 4634 3831 4709 ἔχει

2191 4725 2252 4779 οῦ
2329 4723 2542 4796 μᾶλλον
2615 4730 2839 4792 ποιῆσαι
2907 4726 3222 4802 καταφανὲς.
3288 4723 3432 4780 Ἔδει
3502 4721 3559 4778 δὲ
3617 4725 3832 4778 πάντων

2191 4813 2480 4888 ἀφειμένον
2539 4818 2646 4866 τῶν
2706 4810 2917 4880 ἄλλων,
2976 4814 3042 4883 ἧς
3103 4814 3152 4886 ἐξ
3212 4813 3394 4889 ἀρχῆς
3450 4811 3556 4886 ἤρα
3615 4809 3830 4886 σχολῆς

425 4924 532 4964 nec
565 4909 698 4979 quid
733 4909 860 4981 ipsa
887 4906 1124 4962 omnino
1155 4907 1251 4977 sit,
1285 4924 1464 4977 quove
1513 4912 1848 4981 comparata
1881 4908 2070 4974 modo,

2194 4902 2522 4972 ἀπολαῦσαι,
2583 4901 2672 4957 καὶ
2726 4904 2846 4956 καθ’
2904 4904 3087 4957 ἑαυτὸν
3148 4902 3440 4980 γεγονέναι,
3500 4906 3528 4958 ὁ
3605 4905 3694 4958 τὸν
3753 4901 3832 4957 ἀεὶ

423 4996 634 5054 clartus
694 5004 1151 5057 monstraturam
1210 4997 1550 5054 crediderim
1597 5014 1610 5052 ε
1671 5003 1727 5052 et
1781 4999 1902 5065 iam
1962 4996 2073 5052 ali-

423 5088 657 5158 quando
706 5090 930 5146 caateris
982 5087 1251 5145 omnibus
1284 5088 1639 5159 expeditum,
1671 5103 1846 5159 quam
1879 5086 2078 5142 tandiu

425 5180 702 5250 tantoque
734 5180 1107 5253 concupierat
1153 5194 1348 5250 opere,
1384 5176 1494 5233 frui
1551 5177 1770 5248 quiete,
1802 5185 1853 5232 et
1885 5175 2079 5247 ipsum

429 5265 536 5322 sibi
568 5267 778 5332 vivere,
813 5269 912 5341 qui
944 5284 1247 5340 nunquam
1280 5283 1395 5322 non
1429 5267 1540 5323 sibi
1569 5266 1810 5334 vixerat,
1843 5269 2080 5336 oporte-

428 5355 524 5411 bat
552 5373 565 5422 ;
595 5357 734 5427 quid
769 5356 862 5414 hic
894 5359 1132 5413 tandem
1165 5357 1336 5412 homo
1387 5357 1566 5412 facere
1598 5355 1859 5411 institit?
1888 5354 2077 5410 Nimi—

428 5461 555 5500 rum
591 5445 886 5516 continuo,
909 5446 1094 5502 leonis
1125 5451 1358 5502 catenas
1389 5462 1528 5501 suas
1549 5444 1941 5516 dirumpcntis
1969 5456 2079 5499 mo-

428 5535 525 5604 do,
558 5537 681 5590 tum
714 5539 983 5608 parentes
1014 5536 1172 5608 ipsos
1207 5537 1408 5593 missos
1433 5536 1642 5603 facere,
1675 5539 1799 5591 tum
1835 5535 2076 5606 propin—

511 5721 592 5794 (t)
622 5721 788 5777 Deest
817 5718 1068 5777 alterum
1102 5719 1455 5776 membrum.

2186 4993 2386 5067 χρόνον
2419 4994 2537 5046 καθ’
2592 4993 2776 5046 ἑαυτὸν
2814 4989 2906 5063 ὢν,
2940 4991 2990 5045 τί
3038 4999 3223 5062 ποιεῖ;
3261 4993 3427 5056 Εὐθὺς
3478 4991 3656 5068 ὥσπερ
3691 4990 3830 5046 λέων

2193 5084 2283 5137 τὸν
2347 5081 2542 5153 δεσμὸν
2601 5080 2932 5156 ἀπορρήξας,
2993 5083 3320 5160 ὑπερφρονεῖ
3391 5083 3486 5156 μὲν
3561 5081 3828 5150 πατέρων,

2193 5177 2520 5250 καταφρονεῖ
2549 5169 2604 5226 δὲ
2653 5171 2926 5246 ξυγγενῶν
2974 5171 3062 5226 καὶ
3110 5171 3325 5228 οῗκείων
3374 5171 3463 5226 καὶ
3512 5169 3712 5246 φίλων,
3741 5169 3830 5222 καὶ

2193 5259 2308 5318 οὔτι
2359 5268 2532 5338 γῆρας
2582 5260 2799 5315 ἐκείνων
2849 5263 2883 5332 ἢ
2936 5263 3090 5316 νόσον
3147 5261 3614 5338 ὑπολογισάμενος
3662 5259 3828 5324 ὅλως,

2189 5352 2268 5424 (1)
2302 5351 2442 5412 ἀλλά
2493 5350 2706 5404 πάντων
2736 5351 3003 5425 ἀνώτερος
3049 5353 3309 5426 γεγονὼς,
3343 5351 3445 5425 ὅλῃ
3497 5351 3688 5426 γνώμῃ
3739 5344 3828 5400 καὶ

2189 5439 2304 5512 ὅλῳ
2335 5438 2460 5494 ποδί
2492 5441 2630 5513 πρὸς
2678 5442 2778 5508 τὴν
2812 5439 3047 5517 ἡσυχίαν
3095 5447 3290 5515 χωρεῖ,
3323 5443 3422 5509 τὴν
3473 5446 3573 5507 τῆς
3604 5435 3824 5513 φιλοσο-

2188 5532 2311 5604 φίας
2348 5528 2574 5603 μητέρα,
2607 5530 2696 5582 καὶ
2748 5527 2895 5583 δυοῖν
2947 5535 3054 5585 τῶν
3101 5528 3430 5606 προδρόμων
3481 5525 3824 5602 παιδαγωγὸι
