4092 6300
255 393 371 458 257
1294 386 1694 477 LAUDATIO
1741 396 1801 457 3.
1849 394 2217 459 GREGORll
2262 392 2653 458 THEOLOGI
3552 388 3669 462 238

256 528 329 588 ὡς
360 527 423 583 ἂν
472 526 625 582 εἴποι
678 547 763 589 τις
808 528 900 582 καὶ
940 526 1166 602 τροφὸν,
1197 526 1277 605 ἐφ’
1306 528 1353 599 ᾦ
1383 530 1498 599 Θεῷ
1526 528 1581 581 τὲ
1615 529 1703 582 κα*
1737 529 1911 600 ἑαυτῷ

2024 547 2173 603 quos
2215 538 2269 586 et
2316 529 2634 587 familiares
2682 532 2739 587 et
2787 529 3007 587 amicos
3055 528 3369 604 negligere,
3408 532 3671 604 nihilque

253 618 565 689 καταμόνας
598 611 750 691 ἔχειν
782 620 1036 689 ξυνεῖναι.

2022 621 2328 676 admodum
2370 621 2490 675 sive
2508 619 2670 675 senio
2703 618 2939 675 illorum
2982 619 3279 693 fractaque
3334 622 3671 679 valetudine

253 709 635 776 commoveri,
668 708 775 764 sed
803 709 897 765 his
923 708 1195 765 omnibus
1227 708 1510 780 superior,
1545 714 1664 766 toto
1702 710 1915 778 animo,
1950 714 2189 781 totoque
2231 709 2441 782 gradu,
2476 710 2548 766 ad
2598 708 2849 781 quietem
2900 710 3236 768 secretioris
3284 712 3668 787 philosophias

250 804 586 873 parentem,
629 799 994 869 duorumque
1015 808 1464 870 praa'cursorum,
1501 799 1663 855 utsit
1701 799 2034 872 loquamur,
2090 801 2425 872 magistram
2474 803 2530 856 et
2579 798 2884 868 nutricem,
2920 816 2982 856 se
3029 802 3283 869 confert,
3332 801 3558 860 scilicet
3609 807 3674 858 ut

253 905 386 943 cum
414 889 531 943 Deo
561 893 621 943 et
650 903 850 942 secum
884 887 941 942 in
976 886 1293 944 solitudine
1325 887 1537 945 rectius
1559 889 1747 946 vivere
1779 893 1997 961 posset.

319 975 465 1031 ΜΔΖ
515 973 621 1031 Καὶ
667 972 847 1027 τοίνυν
893 976 1080 1046 πρῶτα
1132 973 1224 1045 μὲν
1268 973 1476 1043 ἀπάσης
1518 972 1759 1050 γεώδους
1818 977 1909 1030 καὶ

251 1062 478 1132 ὖλικῆς,
565 1062 933 1136 προσπαθείας
1013 1064 1347 1119 παντάπασιν
1450 1062 1736 1139 ἀποσχὼν,
1818 1065 1909 1120 καὶ

248 1152 523 1207 πάντυθεν
556 1149 934 1213 συνεσταλκὼς
967 1152 1177 1220 ἑαυτὸν,
1207 1151 1350 1206 οὕτω
1402 1153 1720 1231 φιλοσοφεῖν
1770 1150 1910 1225 ᾤετο

248 1239 389 1310 δεῖν,
426 1240 519 1295 καὶ
577 1242 713 1315 πρὸς
763 1243 859 1301 τὰς
906 1243 1002 1309 τῆς
1060 1241 1270 1316 φύσεως
1328 1241 1563 1318 ἀνάγκας
1623 1243 1912 1317 ὑπερφυῶς

2090 977 2228 1033 XLI.
2261 976 2554 1049 Principio
2602 977 2799 1049 itaque
2854 978 3011 1034 omni
3072 980 3328 1036 terrestri
3385 996 3451 1035 ac
3493 986 3674 1036 mate-

2021 1066 2149 1123 riali
2180 1065 2604 1139 Perturbstioni
2628 1067 2863 1137 penitus
2893 1072 3244 1140 temperans,
3268 1069 3513 1140 vitasque
3544 1085 3668 1126 sua

2020 1158 2261 1213 modum
2284 1172 2460 1228 quam
2494 1173 2527 1209 ιι
2558 1155 2847 1211 tissimum
2881 1159 3532 1229 contractissimumque
3554 1158 3669 1214 sibi

2018 1245 2307 1311 sanciens,
2328 1243 2435 1299 hoc
2467 1248 2635 1315 pacto
2670 1242 2959 1314 rigidioris
2980 1244 3299 1318 disciplinis
3328 1245 3664 1302 institutum

245 1329 668 1404 ἀπομάχεσθαι,
724 1333 886 1383 τοῦτο
942 1331 1035 1402 μὶν
1094 1329 1344 1399 νηστείας
1416 1330 1506 1385 καὶ
1563 1330 1910 1407 ἀγρυπνίαις,

246 1425 418 1475 τοῦτο
448 1418 510 1474 δὲ
550 1416 894 1494 δυσχερείαις
924 1419 1157 1482 ἁπάσαις
1193 1419 1324 1495 ὑπὲρ
1362 1420 1426 1475 τὸ
1470 1421 1670 1493 μέτρον
1699 1419 1908 1490 διδοὺς,

246 1509 338 1564 καὶ
394 1510 460 1564 τὸ
533 1506 694 1583 σῶμα
774 1507 1140 1581 ταλαιπωρῶν
1222 1509 1312 1563 καὶ
1389 1505 1760 1586 δουλαγωγῶν
1817 1510 1909 1566 καὶ

248 1599 647 1673 κατατρύχων,
702 1596 792 1652 καὶ
884 1599 1041 1653 πάντ’
1089 1596 1250 1653 εἴκειν
1333 1598 1746 1671 καταναγκάζων
1828 1604 1908 1672 τῷ

246 1688 553 1763 κρείττονι,
585 1687 661 1748 ὡς
703 1687 796 1741 καὶ
847 1687 1101 1761 σώματος
1150 1685 1251 1761 ἔξω
1300 1685 1477 1743 δοκεῖν
1530 1688 1665 1762 μετά
1712 1688 1909 1763 σώμαι

248 1799 363 1847 τος,
400 1776 495 1831 καὶ
527 1777 620 1831 τὸν
650 1774 936 1851 ἄνθρωπον
967 1771 1328 1853 ὑπερϐαίνειν.
1363 1779 1587 1834 Ἔπειτα
1644 1780 1783 1853 μόνῃ
1837 1781 1907 1852 τῇ

248 1867 387 1921 κατᾶ
438 1870 568 1920 νοῦν
610 1866 853 1941 ἐνεργείᾳ
896 1867 1235 1941 σῦντεταχὼς
1302 1867 1513 1936 ἑαυτὸν,
1565 1866 1707 1922 οὕτω
1768 1889 1904 1943 σιρο-

252 1955 515 2030 δρὸτερον
611 1956 701 2009 καὶ
787 1953 1204 2029 σπουδαιότερον
1282 1955 1508 2031 ἀντέσχε
1564 1956 1630 2010 τὰ
1682 1961 1783 2010 τοῦ
1837 1961 1903 2029 [γ’.

254 2042 550 2118 ἀντέσχετο
596 2046 718 2116 τοῦ]
772 2047 929 2113 Θεοῦ,
953 2045 1026 2106 ὡς
1077 2043 1131 2098 ἐν
1171 2044 1349 2116 τούτῳ
1379 2046 1514 2099 κατὰ
1542 2045 1633 2099 τὸν
1667 2044 1902 2116 Παῦλον,

257 2160 281 2186 κ
308 2135 405 2188 καὶ
444 2137 549 2208 ζῇν
581 2132 672 2187 καὶ
703 2134 965 2187 κινεῖσθαι
995 2138 1086 2186 και
1128 2134 1284 2200 εἶναι,
1322 2157 1350 2183 ι)
1400 2134 1487 2187 καὶ
1540 2134 1754 2211 χαίρειν
1807 2135 1903 2207 μὲν

258 2222 447 2279 ἑαυτὸν
513 2224 697 2295 [ηωη.
752 2223 926 2292 ἑαυτῷ
948 2222 999 2295 τ]
1028 2223 1270 2292 καθάπαξ
1303 2221 1414 2293 ἐᾷν,
1446 2223 1654 2296 χαίρειν
1715 2220 1771 2278 δὲ
1807 2228 1905 2296 στῷ

261 2317 469 2388 Χριστῷ
545 2307 718 2383 μηδὲν
780 2314 941 2380 ἦττον
999 2312 1035 2380 ἢ
1095 2313 1365 2369 ἀναπνεῖν.
1401 2314 1601 2385 Κόσμῳ
1658 2314 1761 2387 γαρ
1810 2315 1898 2368 καὶ

260 2407 365 2463 τοῖς
402 2396 624 2473 κόσμου
673 2400 951 2475 πράγμασι
990 2401 1289 2454 παντάπασι
1319 2402 1630 2475 νεκρωθεές,
1664 2404 1733 2463 ὡς,
1771 2400 1902 2475 μηδ’

265 2491 337 2545 δτι
406 2495 536 2545 ποτ’
594 2490 702 2543 εἷεν
769 2485 972 2544 ἐθέλειν
1049 2491 1386 2562 μεμνῆσθαι,
1456 2491 1484 2545 ὁ
1559 2489 1614 2545 δὲ
1674 2494 1772 2559 τήν
1850 2493 1904 2547 ἒν

268 2583 474 2654 Χριστῷ
505 2577 897 2652 κεκρυμμένην
928 2575 1024 2649 ἔζη
1058 2581 1230 2649 ζωὴν,
1262 2577 1331 2633 δι’
1359 2579 1522 2635 αὐτοῦ
1570 2585 1679 2635 τῶν
1737 2582 1905 2637 αὐτοῦ

273 2666 667 2725 κακαπολαύων
726 2667 991 2743 χαρίτων,
1048 2668 1136 2723 καὶ
1193 2670 1412 2732 τούτοις
1471 2672 1566 2743 [an
1625 2670 1844 2733 ταύταις
1862 2672 1903 2746 Ρ]

275 2755 539 2835 ἐντρυφῶν
568 2756 690 2812 ὅσαι
734 2757 896 2832 ὧραι,
928 2757 1057 2812 Θεὸν
1108 2757 1338 2812 καθόσον
1389 2757 1604 2836 ἐφικτὸν
1654 2760 1796 2833 ὁρῶν
1844 2779 1904 2815 τε

259 2847 339 2901 καὶ
392 2846 827 2925 φανταζόμενος,
885 2846 976 2901 καὶ
1054 2850 1226 2901 πᾶσαν
1286 2843 1602 2923 δυσχέρειαν
1660 2847 1899 2904 ἐντεῦθεν

251 2933 535 3009 ἁποκρουό
544 2952 729 3006 μενος.

2018 1333 2508 1404 amplcctendum,
2561 1336 2897 1405 naturaeque
2956 1333 3139 1405 ipsius
3197 1334 3667 1401 necessitatibus,

2018 1437 2165 1493 pene
2203 1438 2373 1492 supra
2400 1437 2577 1492 quam
2608 1425 2818 1477 natura
2856 1422 3089 1491 patitur,
3126 1422 3507 1479 obnitendum
3551 1425 3665 1477 sibi

2017 1510 2527 1579 duxit;nimirum
2587 1512 2728 1566 dum
2781 1511 2993 1582 partim
3047 1511 3251 1568 inediae
3300 1528 3369 1568 ao
3426 1511 3662 1585 vigiliis,

2017 1601 2233 1670 partim
2269 1598 2510 1673 reliquis
2537 1599 2595 1655 id
2626 1615 2811 1672 genus
2842 1599 3321 1657 afﬂictationibus
3342 1601 3516 1657 nimis
3536 1617 3665 1657 sese

2015 1691 2195 1754 dedit,
2229 1688 2760 1762 corpusculumque
2803 1692 2955 1747 varie
3002 1691 3312 1758 excruciat,
3352 1696 3525 1762 atque
3557 1697 3663 1745 du-

2017 1780 2255 1837 rissima
2283 1779 2554 1837 servitute
2600 1780 2855 1846 edomat,
2902 1781 3286 1851 erumnisque
3326 1779 3665 1837 voluntariis

1942 1839 1986 1904 Β
2018 1869 2269 1935 coniicit,
2302 1873 2359 1925 et
2395 1869 2543 1940 parti
2599 1839 2976 1941 meliori’per
3020 1839 3220 1926 omnia
3267 1870 3666 1942 obtemperare

2015 1958 2188 2029 cogit,
2222 1959 2304 2013 ita
2336 1965 2399 2015 ut
2430 1975 2563 2014 cum
2609 1974 2850 2029 corpore
2880 1959 3072 2014 adhuc
3122 1959 3414 2026 incedens,
3466 1961 3665 2014 eodem

2013 2047 2333 2113 exsolutus,
2367 2047 2806 2118 humanamque
2838 2064 3250 2119 supergressus
3294 2051 3507 2103 sortem
3540 2063 3664 2103 me-

2014 2137 2124 2192 rito
2157 2136 2470 2193 videretur.
2495 2136 2715 2192 Deinde
2748 2138 2887 2192 item
2920 2135 3024 2191 uni
3054 2137 3377 2193 secundum
3402 2141 3656 2194 mentem

2012 2226 2217 2297 agendi
2259 2225 2468 2281 rationi
2499 2225 2781 2294 addictus,
2814 2226 3227 2282 ardentissimo
3257 2225 3451 2282 studio
3472 2226 3654 2283 Deum

2012 2321 2072 2372 et
2108 2315 2300 2371 divina
2338 2313 2848 2386 complectebatur,
2885 2319 2948 2370 ut
2985 2317 3042 2371 in
3075 2315 3174 2371 illo
3206 2314 3393 2386 plane,
3425 2332 3495 2371 ex
3523 2332 3655 2371 sen-

2011 2405 2193 2460 tentia
2243 2404 2399 2460 Pauli
2444 2404 2507 2474 ¹⁸,
2570 2426 2597 2454 ι(
2668 2404 2735 2459 Et
2791 2405 3023 2473 viveret,
3086 2409 3144 2460 et
3193 2410 3541 2471 moveretur,
3601 2408 3658 2460 et

2012 2502 2154 2550 esset
2185 2511 2199 2562 ;
2228 2516 2255 2545 ιο
2279 2498 2335 2549 et
2366 2510 2427 2549 se
2469 2493 2701 2565 quidem
2734 2492 2861 2566 ipso
2914 2494 3143 2564 penitus
3176 2493 3458 2565 neglecto,
3490 2495 3659 2549 unice

2012 2584 2072 2639 in
2102 2583 2330 2640 Christo
2380 2599 2493 2638 non
2554 2582 2752 2639 minus
2800 2582 3116 2651 laetaretur,
3167 2599 3344 2654 quam
3388 2582 3659 2655 spiritum

2018 2672 2209 2741 ipsum
2241 2674 2495 2728 duceret.
2540 2671 2760 2727 mundo
2791 2671 3014 2728 scilicet
3033 2679 3087 2727 et
3119 2672 3431 2730 mundanis
3470 2677 3660 2730 omni-

2013 2760 2116 2816 but
2146 2759 2270 2816 sine
2301 2759 2418 2816 ulla
2457 2759 2793 2831 exceptione
2823 2760 2901 2816 ita
2930 2760 3266 2828 defunctus,
3298 2766 3363 2817 ut
3420 2777 3490 2818 ne
3521 2763 3659 2833 quid

2012 2849 2135 2905 hac
2164 2854 2363 2905 essent
2392 2848 2679 2921 {amplius
2728 2849 2789 2906 in
2829 2850 3164 2905 memoriam
3223 2850 3336 2906 sibi
3397 2867 3662 2908 revocare

2013 2938 2347 3006 sustineret,
2384 2960 2411 2989 «
2444 2936 2845 2994 absconditam
2879 2937 3041 2993 illam
3062 2939 3122 2993 in
3161 2937 3390 2995 Christo
3420 2938 3596 2995 vitam
3631 2960 3659 2991 »

255 3028 486 3082 vivebat
509 3025 574 3079 υ.
609 3024 822 3082 Christi
842 3027 1121 3082 nimirum
1163 3043 1271 3099 ope
1300 3028 1505 3100 gratiis
1535 3028 1746 3084 Christi
1807 3029 2129 3102 perfruens,
2191 3027 2250 3084 in
2301 3029 2499 3100 eisque
2530 3028 2914 3084 suavissimas
2970 3028 3150 3084 animi
3204 3028 3447 3085 delictas
3502 3026 3664 3085 omni

258 3116 542 3189 temporis
572 3127 788 3189 puncto
846 3117 1186 3188 percipiens,
1246 3122 1303 3173 et
1360 3118 1541 3175 Deum
1586 3120 1798 3191 ipsum,
1831 3124 2115 3192 quantum
2177 3122 2423 3190 poterat,
2482 3118 2738 3190 intuens,
2802 3117 3036 3191 sibique
3076 3124 3417 3191 prasentem
3450 3136 3669 3192 propo-

253 3223 426 3271 nens,
450 3211 630 3277 atque
662 3206 769 3261 hoc
798 3206 926 3278 ipso
955 3208 1197 3263 adversa
1231 3225 1296 3263 ac
1327 3208 1568 3264 molesta
1602 3211 1800 3266 omnia
1833 3209 2167 3279 profligans.

319 3295 453 3350 ΜΗ.
486 3293 550 3348 Εἰ
606 3293 787 3348 τοίνυν
838 3292 898 3348 ἐκ
957 3295 1049 3367 μὶν
1090 3296 1186 3349 τοῦ
1218 3293 1432 3370 σχολὴν
1463 3298 1609 3371 ἄγειν
1671 3298 1745 3359 ὡς
1804 3294 1905 3367 δεῖ,
1939 3300 1982 3366 (ἶ

248 3381 488 3452 τοσαύτη
512 3383 597 3443 τίς
632 3382 742 3436 ἐστι
775 3387 911 3437 Θεοῦ
940 3385 1178 3458 κατοχὴ,
1210 3383 1424 3459 σχολὴν
1458 3383 1513 3440 δὲ
1559 3385 1659 3440 οὐκ
1714 3384 1901 3448 ἄλλως

250 3466 324 3523 ἔνι
375 3471 653 3544 γενέσθαι,
688 3472 763 3543 μή
814 3471 1025 3525 πάντων
1065 3472 1359 3547 ὑπεροψίας
1412 3472 1680 3545 ὑπουὶσης,
1729 3494 1906 3528 σπου-

257 3557 453 3613 δαστέα
501 3558 703 3620 παντὸς
755 3558 968 3634 μᾶλλον
1019 3560 1154 3632 αὕτη
1202 3561 1263 3616 ἃν
1314 3561 1398 3632 ein
1434 3568 1551 3623 τοῖς
1581 3561 1901 3642 φιλοσοφεῖν

251 3648 625 3723 αἱρουμένοις,
658 3647 812 3723 εἷ’περ
857 3650 932 3703 ὧν
985 3649 1278 3725 βούλονται
1327 3657 1513 3725 τυχεῖν
1556 3650 1724 3714 ὅντως
1775 3653 1905 3726 βού-

254 3736 472 3793 λονται.
516 3738 730 3808 Ταύτης
779 3740 881 3813 γὰρ
930 3739 1112 3815 ὥσπερ
1158 3737 1428 3814 κρηπῖδος
1561 3742 1720 3815 ῥίζης
1771 3741 1906 3796 ὑπο-

252 3833 516 3899 κειμένης
547 3833 647 3895 τῆς
675 3830 784 3880 τῶν
815 3829 1152 3902 πραγμάτων
1180 3826 1347 3899 πέδης
1398 3831 1427 3884 ὁ
1467 3833 1590 3891 νοῦς
1641 3830 1714 3891 ὡς
1763 3828 1906 3890 εἰκὸς

254 3916 505 3978 illudsi;
570 3917 662 3971 καὶ
730 3917 971 3994 γεγυνὼς
1025 3919 1238 3988 ἑαυτοῦ,
1289 3920 1730 3992 ἁναπεμπάζετχι
1811 3919 1905 3991 μὲν

255 4008 357 4075 τήν
411 4005 649 4081 πρόσθεν
719 4004 1092 4079 εὐδαιμονίαν,
1151 4006 1240 4061 καὶ
1300 4009 1415 4069 οἷος
1474 4005 1568 4077 ὢν,
1629 4010 1743 4070 οἷος
1804 4006 1909 4081 ἄρα

256 4093 523 4164 κατέστη,
593 4093 1034 4169 ἀναμαχέσασθαι
1127 4091 1185 4150 δὲ
1260 4096 1486 4167 ταυτηνὶ
1566 4097 1665 4166 τήν
1747 4098 1911 4165 ἧτταν

258 4182 450 4258 ὥσπερ
527 4173 726 4237 ἐθέλων
823 4185 915 4238 καὶ
1016 4185 1150 4260 ὅπερ
1246 4185 1313 4254 ἦν
1399 4188 1732 4261 γεγενῆσθαι,
1819 4188 1911 4240 καὶ

256 4274 401 4346 πρὸς
457 4272 646 4326 ἑαυτὸν
705 4271 1013 4344 ἐπανήκειν,
1051 4274 1222 4328 πάντα
1272 4279 1421 4330 ποιεῖ
1465 4276 1556 4329 καὶ
1617 4278 1775 4329 πᾶσιν
1828 4275 1913 4336 οἷς

258 4357 432 4431 ἔξεστι
458 4366 688 4434 χρῆται,
719 4358 798 4440 ἐφ’
829 4362 876 4433 ᾧ
905 4366 1003 4416 τοῦ
1037 4363 1131 4434 μὶν
1164 4364 1300 4438 πρὸς
1345 4366 1479 4419 Θεοῦ
1529 4360 1912 4437 φωτισθέντας,

257 4457 360 4519 τῆς
414 4446 473 4503 δὲ
535 4451 720 4523 ψυχῆς
784 4451 1171 4525 καθαρθείσης,
1212 4452 1663 4528 καθαγνισθέντος
1722 4450 1779 4507 δὲ
1825 4452 1914 4506 καὶ

258 4543 359 4594 τοῦ
392 4540 678 4613 σώματος,
710 4536 988 4615 συνδρομή
1020 4561 1104 4604 τις
1135 4538 1283 4597 ἔσται
1318 4538 1467 4597 δυοῖν
1500 4547 1608 4598 τῶν
1644 4542 1914 4617 ἐσχάτων,

263 4632 402 4704 πρὸς
445 4628 504 4684 ἓν
550 4630 611 4684 τὸ
642 4634 859 4706 πρῶτον
905 4631 996 4685 καὶ
1060 4635 1246 4707 τρίτον
1318 4632 1915 4711 μεταστοιχειωθέντων

265 4718 541 4794 ἑκατέρων
585 4721 722 4793 πρὸς
778 4724 941 4774 τοῦτο
1006 4724 1264 4797 γνωμικῇ
1326 4724 1657 4798 προαιρέσει,
1717 4722 1793 4783 ὡς
1865 4719 1923 4776 ἐκ

266 4812 369 4873 τῆς
450 4805 715 4878 τοιαύτης
798 4808 1117 4884 οἷκονομίας

270 4896 488 4972 προσέτ’
572 4895 830 4960 ἀκλινοῦς
912 4919 971 4953 τε
1049 4899 1139 4954 καὶ
1222 4900 1521 4962 παντελοῦς
1603 4898 1922 4974 ἀπροσεξίας

269 4992 376 5041 τῶν
410 4986 582 5056 κάτω,
614 4986 670 5041 ’ἐν
700 4987 769 5041 τὰ
813 4986 936 5062 τρία
987 4986 1334 5065 γεγενημένα,
1367 4993 1447 5061 τῷ
1511 4986 1790 5063 μοναδικῷ
1832 4989 1922 5043 καὶ

269 5073 548 5150 τρισηλίῳ
588 5077 857 5151 συνῆφθαῖ
896 5081 1031 5149 Θεῷ.
1069 5077 1225 5134 Οὕτω
1275 5076 1330 5133 δὲ
1378 5078 1443 5133 οὐ
1491 5079 1745 5154 σαρκικὸς
1801 5076 1924 5133 οὐδὲ

270 5166 531 5238 ψυχικὸς,
564 5163 713 5219 ἀλλὰ
771 5167 1133 5239 πνευματικὸς
1180 5166 1310 5230 ὅλος
1358 5167 1385 5221 ὁ
1431 5165 1710 5240 ἄνθρωπος
1759 5187 1920 5244 γεγο-

270 5254 401 5323 νὼς,
429 5252 523 5308 καὶ
564 5255 630 5309 τὸ
676 5252 729 5308 ἐν
776 5255 930 5325 αὐτῷ
959 5257 1099 5309 θεῖον
1133 5255 1346 5332 ἀνάγων
1376 5256 1433 5310 εὖ
1468 5256 1617 5329 μάλα
1666 5258 1801 5330 πρὸς
1856 5255 1919 5310 τὸ

270 5340 623 5417 πρωτόγονον
686 5343 830 5397 θεῖον
874 5342 1011 5397 κατὰ
1066 5341 1157 5397 τὸν
1217 5342 1266 5416 ἐξ
1304 5342 1581 5419 Αἰγύπτου
1616 5343 1919 5410 Πλωτῖνον,

271 5431 451 5508 χαίρει
503 5433 599 5506 μὲν
653 5434 729 5496 ὡς
781 5432 953 5505 εἷ’κὸς,
987 5434 1075 5497 οἷς
1104 5433 1223 5487 ὅθεν
1266 5434 1327 5488 οὐ
1380 5432 1563 5497 καλῶς
1611 5429 1920 5505 ἐκϐεϐήκει,

273 5518 496 5578 ἐνταῦθα
547 5521 735 5587 καλῶς
782 5519 1065 5594 ἐπανήκει,
1105 5523 1381 5598 γνωρίζων
1438 5544 1496 5580 τε
1560 5526 1660 5595 τὴν
1717 5522 1917 5583 οἰκείαν

1214 4812 1305 4866 καὶ
1389 4812 1730 4887 συγκράσεως
1832 4810 1922 4865 καὶ

347 5706 393 5744 ³³
424 5707 547 5763 Act.
590 5722 729 5779 xvn,
749 5706 846 5763 28.
929 5704 977 5745 ¹⁴
999 5703 1220 5778 Coloss,
1258 5722 1342 5775 ιιι,
1372 5705 1426 5769 3.

2091 3297 2261 3353 XLII.
2296 3296 2542 3352 Proinde
2570 3295 2619 3351 si
2676 3296 2747 3352 de
2798 3297 2888 3370 pie
2946 3296 3330 3369 religioseque
3387 3300 3514 3353 acto
3552 3296 3667 3352 olio

2011 3387 2378 3443 sanctissima
2410 3385 2597 3441 hancce
2630 3385 2811 3442 divini
2844 3386 3107 3441 numinis
3153 3387 3501 3443 commercia
3531 3390 3660 3441 exi-

2012 3481 2198 3543 stunt,
2232 3491 2335 3530 nec
2369 3475 2554 3546 parari
2586 3474 2756 3529 aliter
2786 3474 2894 3530 hoc
2926 3475 3131 3543 otium,
3181 3491 3357 3546 quam
3397 3476 3659 3531 omnium

2012 3581 2208 3620 rerum
2239 3564 2628 3619 humanarum
2661 3563 3041 3635 despicientia
3072 3569 3284 3636 potest.
3315 3564 3664 3635 utiqueante

2012 3661 2221 3712 caetera
2251 3657 2308 3710 in
2352 3655 2408 3711 id
2460 3656 2890 3711 studiosissime
2931 3655 3002 3711 iis
3042 3655 3524 3725 incumbendum,
3557 3655 3658 3726 qui

2017 3744 2276 3800 sanctius
2333 3743 2556 3799 vivendi
2617 3745 2924 3799 consilium
2982 3759 3204 3815 cepere,
3247 3746 3295 3800 si
3340 3742 3506 3800 modo
3535 3759 3659 3815 quas

2018 3834 2296 3906 consequi
2340 3834 2604 3905 cupiunt,
2647 3833 2798 3888 bona
2844 3833 2956 3888 llde
2995 3833 3277 3905 cupiunt;
3328 3833 3660 3903 hujusmodi

2014 3924 2170 3979 enim
2202 3923 2339 3992 otio,
2371 3926 2643 3992 tanquam
2678 3921 3057 3978 fundamento
3102 3925 3203 3977 aut
3257 3921 3471 3990 radice,
3529 3923 3667 3978 sub-

2017 4017 2218 4078 strato,
2251 4012 2525 4068 continuo
2551 4026 2743 4066 rerum
2786 4016 3156 4066 externarum
3207 4010 3447 4081 pedicis,
3484 4016 3548 4067 ut
3575 4017 3667 4066 est

2017 4101 2353 4169 verisimile,
2385 4100 2576 4156 soluta
2607 4116 2792 4167 mens,
2819 4100 3042 4171 sibique
3081 4100 3326 4169 reddita,
3361 4099 3662 4172 pristinam

2020 4206 2215 4246 secum
2259 4194 2485 4261 reputat
2523 4188 2963 4258 beatitudinem,
3006 4194 3065 4245 et
3119 4189 3306 4261 qualis
3353 4189 3479 4260 ipsa
3525 4189 3665 4245 olim

2020 4296 2150 4337 cum
2201 4279 2390 4347 fuerit,
2445 4278 2636 4350 qualis
2695 4296 2849 4335 nunc
2907 4279 3177 4335 evaserit.
3210 4279 3395 4343 Quam
3446 4277 3666 4334 sarcire

2022 4369 2269 4437 cladem,
2302 4370 2608 4440 denuoque
2628 4369 2778 4438 quod
2805 4368 2989 4424 fuerat
3008 4367 3149 4437 ﬁeri,
3183 4368 3253 4423 ad
3285 4384 3465 4440 seque
3487 4368 3670 4423 redire

2024 4474 2260 4528 parans,
2292 4455 2436 4511 nihil
2473 4472 2586 4512 non
2622 4455 2880 4521 molitur,
2913 4455 3668 4528 nihilque,quantumlicet,

2026 4547 2388 4616 inexpertum
2421 4544 2677 4612 omittit;
2713 4550 2778 4599 ut
2810 4551 2928 4599 tum
2982 4550 3176 4600 mente
3224 4544 3354 4616 ipsa
3391 4543 3669 4600 divinitus

1956 4665 1999 4729 υ
2028 4634 2382 4729 illuminata,
2414 4643 2534 4729 tum
2567 4634 2802 4705 expiata
2822 4634 3036 4729 anima,
3070 4649 3425 4729 corporaque
3443 4649 3587 4704 puro
3618 4642 3673 4687 et

2032 4727 2192 4777 casto
2223 4722 2471 4788 reddito,
2503 4722 2617 4777 duo
2648 4729 2903 4777 extrema
2954 4721 3063 4777 hoc
3129 4710 3298 4794 pacto
3364 4720 3423 4775 in
3463 4735 3666 4785 unum,

2034 4811 2189 4884 quod
2233 4811 2489 4882 primum
2539 4810 2807 4882 idemque
2862 4810 3100 4867 tertium
3160 4815 3272 4876 est,
3303 4809 3671 4874 conveniant,

2035 4901 2445 4956 transformata
2476 4899 2757 4955 nimirum
2788 4899 2848 4954 in
2883 4900 3027 4955 illud
3071 4915 3278 4966 unum,
3311 4914 3409 4970 per
3445 4898 3675 4953 firmam

2028 4990 2204 5045 animi
2240 4989 2632 5045 inductionem
2665 4995 2908 5061 utroque
2938 4994 3349 5054 extremorum,
3389 4986 3472 5041 ita
3503 4990 3566 5041 ut
3604 5002 3675 5041 ex

2030 5078 2433 5149 hujuscemodi
2467 5077 2794 5133 ceconomia
2823 5094 2890 5134 ac
2922 5077 3355 5148 temperatione,
3405 5075 3673 5130 immota-

2031 5183 2143 5239 que
2163 5174 2440 5238 prreterea
2469 5171 2526 5222 et
2556 5168 2807 5239 perfecta
2843 5182 3034 5222 rerum
3076 5164 3437 5221 terrestrium
3489 5163 3677 5235 negli-

2029 5257 2241 5324 gentia,
2272 5254 2387 5311 tria
2415 5254 2515 5311 illa
2537 5272 2719 5311 unum
2752 5256 2921 5323 facta,
2949 5253 3119 5310 unico
3148 5258 3206 5310 et
3225 5270 3294 5309 ex
3322 5252 3500 5309 ternis
3521 5252 3679 5308 velut

2025 5343 2246 5400 solibus
2275 5343 2505 5414 coalito,
2541 5348 2648 5400 Deo
2680 5344 3130 5414 coniungantur.
3164 5342 3280 5398 Hoc
3302 5341 3480 5413 igitur
3505 5340 3672 5395 modo

2027 5451 2143 5491 non
2166 5432 2438 5500 carnalis,
2486 5449 2601 5488 non
2641 5432 2939 5500 animalis,
2970 5447 3172 5487 verum
3205 5430 3363 5488 omni
3396 5447 3465 5486 ex
3512 5434 3677 5502 parte

2026 5522 2354 5596 spiritualis
2384 5521 2560 5580 homo
2595 5522 2800 5588 factus,
2831 5528 2886 5578 et
2918 5541 2943 5572 ι
2981 5522 3135 5592 quod
3162 5521 3223 5576 in
3260 5522 3382 5592 ipso
3414 5518 3677 5577 divinum
