4092 6300
448 421 566 485 259

1751 404 2148 486 THEODULI
2195 402 2556 483 Moratum

3727 413 3839 486 260

448 567 539 616 est
566 562 637 617 ad
669 561 1072 633 primigeniam
1104 561 1464 618 divinitatem
1498 561 1730 634 penitus
1770 560 2038 618 evehens.
2063 581 2090 610 »

2204 558 2494 635 εὐγένειαν,
2526 559 2618 613 καὶ
2665 559 2695 613 ’ὀ
2742 558 2966 637 πέφυκε,
3020 557 3203 634 χαίρει
3251 553 3307 613 δὲ
3356 559 3446 612 καὶ
3493 562 3574 620 οἷς
3631 557 3835 634 χαίρειν

449 667 518 705 ex
548 652 831 706 sententia
880 650 1085 707 Plotini
1142 650 1471 722 philosophi
1530 652 1773 724 Egyptii
1805 651 1903 722 (1),
1928 650 2085 706 haud

451 742 552 794 abs
582 755 642 794 re
667 755 804 795 sane
833 756 899 796 eo
953 740 1187 796 nomine
1231 740 1482 809 laatatur,
1534 742 1690 812 quod
1722 744 1876 796 unde
1932 740 2086 796 male

449 835 790 896 excesserat,
821 829 961 884 illuc
993 834 1142 884 recte
1161 830 1332 898 redit,
1365 847 1478 885 suae
1519 847 1728 903 nempe
1768 829 2088 885 nobilitatis

2193 647 2375 725 ἔσχεν,
2444 649 2525 730 ἐφ’
2593 653 2675 714 οἷς
2751 651 2968 725 χαίρειν
3044 645 3190 724 ἔχων
3274 650 3592 723 τοπρόσθεν,
3679 645 3841 703 ἔπειτ’

2194 739 2382 816 ἀλγεῖν
2435 736 2504 794 δι’
2553 740 2626 793 ῶν
2677 739 3068 814 ἧγνωμόνησεν
3117 732 3265 812 ἔσχε.
3301 738 3400 792 Καὶ
3429 742 3594 794 ταῦτα
3644 738 3739 810 μὲν
3789 737 3840 798 ἐς

2196 827 2480 886 τοσοῦτον.

448 917 560 970 sibi
575 919 698 988 jam
739 918 1022 988 conscius,
1055 919 1265 990 quidve
1293 937 1328 976 a
1357 925 1565 976 natura
1597 925 1828 976 creatus
1869 920 1965 988 sit,
1999 927 2119 976 tum
2172 937 2304 977 vero
2335 922 2472 978 item
2503 921 2716 994 gaudet
2736 921 2838 993 (2),
2868 935 3005 976 vera
3033 920 3171 977 inde
3201 920 3415 994 gaudia
3444 936 3571 978 sese
3592 919 3837 991 cepisse,

449 1007 604 1075 quod
635 1007 796 1078 queis
824 1007 981 1078 prius
1011 1009 1261 1064 inaniter
1288 1009 1612 1077 laetabatur,
1647 1011 1850 1066 eadem
1885 1009 2256 1081 postmodum
2291 1014 2353 1066 ut
2382 1009 2715 1067 inconsulte
2760 1010 3140 1083 improbeque
3183 1014 3315 1067 acta
3362 1010 3612 1083 graviter
3645 1009 3841 1065 dolere

450 1095 706 1166 cmperit.
739 1098 924 1168 Atque
955 1097 1076 1153 haec
1107 1099 1418 1155 hactenus.

528 1184 718 1242 XLIII.
770 1185 1278 1244 Verumenimvero
1309 1189 1500 1244 denuo
1529 1189 1598 1244 ad
1634 1189 1915 1261 religiosae
1944 1189 2093 1261 quie-

453 1277 523 1329 tis
552 1278 1168 1332 commemorationem
1196 1293 1386 1333 sermo
1429 1278 1572 1332 mihi
1609 1277 1947 1346 ﬂectendus,
1978 1279 2094 1335 illi-

449 1380 561 1436 que
592 1379 696 1420 sua
725 1365 1076 1422 vindicanda
1115 1366 1370 1437 dignitas
1399 1371 1507 1434 est,
1559 1382 1677 1438 qua
1724 1383 1950 1423 summo
2008 1368 2092 1424 vir

452 1455 738 1510 maximus
770 1471 941 1526 opere
971 1455 1192 1518 fruens,
1236 1457 1486 1512 maximo
1516 1456 1637 1513 haec
1671 1457 1785 1513 duo
1816 1457 1875 1512 in
1909 1458 2092 1528 pretio

450 1543 718 1611 habebat,
741 1541 972 1615 illisque
996 1544 1370 1615 potissimum
1392 1544 1660 1601 studebat
1689 1561 1704 1600 :
1723 1545 1944 1601 scilicet
1965 1548 2091 1600 tum

450 1647 746 1686 sacrorum
781 1649 846 1687 ac
869 1632 1147 1688 divinitus
1178 1634 1588 1704 inspiratorum
1620 1635 1980 1690 voluminum
2009 1635 2090 1691 le-

450 1722 627 1777 ctioni
673 1722 954 1777 acerrimo
1010 1723 1203 1778 studio
1262 1739 1388 1780 sese
1470 1723 1666 1792 dabat,
1714 1724 2093 1797 indidemque

452 1811 735 1882 quidquid
767 1811 1121 1884 praecipuum
1153 1821 1273 1869 erat
1305 1813 1363 1868 in
1385 1814 1672 1871 sanctiore
1693 1815 1872 1871 animi
1889 1817 2090 1873 aerario

452 1904 711 1956 coactum
739 1901 1156 1974 conditumque
1212 1903 1481 1973 habebat,
1513 1905 1594 1959 ita
1643 1909 1706 1960 ut
1748 1905 1808 1960 in
1854 1906 2088 1977 proclivi
2121 1941 2168 2007 B

452 1989 560 2059 ipsi
582 1996 734 2046 esset
765 1990 974 2061 partim
1009 1991 1205 2048 divina
1235 1993 1509 2064 mysteria
1555 1993 1911 2066 anquisitius
1940 2013 2092 2052 enu—

453 2078 815 2150 cleatiusque
836 2083 1100 2143 tractare,
1126 2087 1184 2137 et
1204 2087 1487 2153 quantum
1512 2083 1734 2139 mortali
1755 2084 1957 2140 datum
1980 2091 2092 2154 est,

452 2168 513 2221 in
563 2166 883 2224 altissimas
941 2170 1063 2239 ejus
1105 2172 1334 2241 generis
1374 2173 1881 2244 contemplatione,
1916 2191 2092 2246 pene-

452 2263 624 2321 trare,
659 2259 866 2326 partim
898 2257 1070 2314 etiam
1095 2259 1165 2314 iis
1199 2260 1297 2330 qui
1330 2259 1836 2332 pestilentissimas
1873 2264 2090 2336 Opinio-

450 2361 553 2400 nes
575 2346 959 2402 disseminare
979 2349 1290 2418 audebant,
1315 2350 1687 2423 divinamque
1709 2358 1978 2408 naturam
1994 2370 2092 2408 ore

449 2434 730 2505 sacrilego
772 2434 1127 2504 lacerabant,
1179 2455 1241 2492 os
1282 2439 1515 2509 penitus
1557 2441 1860 2496 occludere
1907 2444 2090 2514 pudo-

451 2540 690 2594 remque
720 2525 997 2592 incutere,
1029 2533 1084 2582 et
1113 2543 1310 2584 eorum
1337 2530 1610 2600 dogmata
1630 2547 1938 2600 germanas
1979 2549 2090 2588 nu-

454 2630 554 2682 gas
584 2628 711 2670 esse
742 2615 1105 2674 convincere.
1133 2615 1281 2672 Tum
1309 2632 1440 2674 vero
1471 2623 1742 2688 praeterea
1771 2627 1978 2677 cuncta
2008 2638 2092 2677 re-

442 2702 782 2773 ligiosorum
813 2706 1223 2762 exercitiorum
1243 2722 1457 2777 genera
1479 2708 1631 2764 velut
1655 2725 1837 2763 unum
1861 2709 2092 2781 aliquod

455 2793 673 2862 obibat,
704 2795 963 2867 adeoque
989 2797 1237 2867 perfecte
1275 2815 1478 2855 eorum
1511 2802 1832 2871 quodlibet,
1857 2807 1920 2856 ut
1966 2803 2096 2874 ejus

458 2881 630 2937 unius
655 2882 931 2940 rationem
996 2883 1208 2941 habere
1264 2888 1583 2946 videretur:
1618 2891 1830 2963 quippe
1860 2890 1968 2946 hos
1999 2906 2097 2945 se-

455 2972 713 3025 cundum
745 2971 919 3027 Deum
950 2973 1194 3029 sudores
1225 2991 1327 3047 pro
1360 2977 1600 3048 pignore
1640 2980 1801 3050 regni
1831 2978 2094 3040 .ccelestis

455 3061 698 3129 ducens,
728 3061 903 3116 simul
935 3063 1073 3118 item
1105 3065 1400 3121 insidiosa:
1431 3067 1623 3123 carnis
1673 3085 1910 3125 sensum
1962 3086 2095 3139 pas-

454 3147 720 3202 sionibus
749 3151 873 3204 suis
902 3156 1245 3208 aestuantem
1278 3155 1680 3225 comprimere,
1706 3165 1903 3212 contra
1931 3173 2094 3212 vero-

455 3253 690 3292 sensum
722 3238 968 3308 spiritus
998 3240 1260 3297 attollere
1283 3245 1549 3314 studens,
1581 3263 1765 3317 usque
1788 3247 1930 3301 adeo
1954 3245 2014 3300 in
2034 3263 2093 3301 re

453 3325 561 3379 sibi
592 3327 1004 3384 connitendum
1041 3333 1351 3402 statuebat,
1385 3338 1448 3388 ut
1497 3334 1835 3404 hujusmodi
1865 3334 2092 3391 labores

452 3430 554 3484 pro
585 3415 766 3471 otiosa
797 3416 1157 3489 remissione,
1189 3421 1561 3493 prmmiisque
1609 3421 1874 3479 laborum
1907 3425 2093 3481 verios

452 3520 626 3574 quam
646 3503 966 3575 laboribus,
1026 3508 1285 3565 haberet.
1323 3513 1503 3567 :satis
1549 3513 1818 3568 videlicet
1873 3529 2092 3584 gnarus

451 3609 726 3661 quorsum
756 3594 840 3648 illi
872 3595 1108 3664 ducant,
1142 3603 1265 3653 tum
1325 3616 1452 3670 quae
1510 3617 1576 3654 ac
1606 3602 1797 3672 qualia
1857 3617 1926 3656 ex
1973 3618 2094 3658 sese

447 3683 622 3737 edant
650 3683 822 3740 bona.
855 3685 937 3740 Ita
965 3702 1106 3741 sane
1137 3703 1253 3743 non
1284 3688 1545 3745 laborare
1571 3697 1762 3746 noster
1792 3690 2092 3760 duntaxat,

450 3773 551 3825 sed
585 3777 640 3827 et
669 3773 727 3827 in
755 3774 828 3829 iis
869 3775 1119 3832 maxime
1156 3775 1440 3848 laborare,
1481 3780 1538 3835 in
1588 3781 1802 3851 quibus
1844 3781 2094 3836 maxime

450 3867 688 3931 Oportet,
724 3873 908 3918 norat.
944 3865 1200 3922 Callebat
1227 3869 1382 3924 enim
1413 3868 1510 3923 ille
1559 3871 1789 3936 eximie,
1830 3886 1934 3924 nec
1975 3871 2094 3925 scio

453 3965 523 4002 an
552 3966 713 4020 aeque
765 3952 917 4007 alius
956 3956 1282 4026 quisquam,
1319 3966 1506 4014 motus
1547 3960 1751 4024 animi,
1786 3960 2096 4030 cordisque

452 4039 848 4107 cogitationes,
873 4047 929 4096 et
958 4059 1084 4113 quea
1117 4045 1245 4115 ipsa
1275 4061 1343 4100 ex
1374 4063 1434 4101 se
1469 4063 1632 4102 mens
1662 4049 1883 4119 profert
1921 4065 2096 4103 accu-

453 4133 573 4182 rate
601 4129 953 4197 examinare,
985 4139 1042 4186 et
1073 4133 1556 4203 animadvertere,
1601 4141 1916 4206 exactaque
1947 4153 2094 4208 qua-

451 4216 585 4270 dam
619 4217 838 4273 trutina
867 4219 1202 4291 dijudicare,
1263 4228 1327 4278 ut
1369 4223 1482 4279 alia
1536 4225 1743 4280 horum
1803 4225 2096 4297 probaret,

457 4308 568 4361 alia
599 4322 713 4360 non
746 4305 905 4362 item.
950 4308 1164 4363 Adbaec
1218 4312 1494 4367 adversus
1537 4311 1670 4367 mali
1719 4312 1858 4367 item
1882 4313 2099 4384 vejovis

452 4395 919 4451 machinamenta
983 4401 1040 4450 et
1090 4395 1329 4470 laqueos
1386 4405 1442 4454 et
1497 4404 1653 4456 artes
1725 4401 1808 4456 ita
1855 4403 2102 4458 scienter

2271 1190 2402 1247 ΜΓ.
2434 1189 2794 1247 Ἐπανακτέον
2827 1184 2883 1243 δέ
2917 1208 3008 1260 μοι
3047 1187 3139 1242 τὸν
3190 1187 3358 1264 λόγον
3406 1185 3555 1248 αὖθις
3604 1185 3692 1243 ἐπὶ
3742 1187 3838 1257 τὴν

2200 1277 2458 1351 ἡσυχίαν,
2519 1277 2609 1331 καὶ
2690 1279 2758 1331 τὰ
2839 1270 3096 1350 πρεσϐεῖα
3182 1274 3482 1354 φυλακτέον
3541 1275 3718 1349 αύτῇο
3776 1277 3839 1344 ἧς

2199 1385 2470 1442 κατακρας
2541 1364 2834 1422 ἀπολαύων
2899 1367 2926 1420 ὁ
3000 1360 3186 1440 μέγας,
3246 1363 3412 1442 ἄμφω
3484 1369 3650 1420 ταῦτα
3721 1365 3841 1438 περὶ

2201 1457 2397 1518 παντὸς
2463 1456 2722 1525 ἐποιεῖτο,
2777 1456 2866 1510 καὶ
2944 1453 3161 1516 τούτοις
3227 1459 3491 1530 προσεῖχε
3551 1454 3642 1508 τὸν
3699 1457 3840 1515 νοῦν,

2198 1551 2278 1616 τῷ
2333 1567 2392 1600 τε
2445 1548 2538 1608 τὰς
2595 1543 2743 1621 ἱερὰς
2815 1545 2905 1598 καὶ
2991 1542 3381 1607 θεοπνεύστους
3460 1547 3568 1598 τῶν
3637 1540 3841 1616 βίϐλων

2200 1633 2480 1710 ἐπιμελῶς
2566 1633 2792 1702 ἐπιέναι,
2858 1633 3132 1688 κάντεῦθεν
3203 1637 3306 1688 πᾶν
3393 1630 3477 1688 ὅτι
3561 1631 3837 1706 κράτιστον

2197 1730 2313 1786 τοῖς
2343 1731 2440 1793 τῆς
2474 1721 2713 1786 διανοίας
2763 1725 3058 1796 θησαυροῖς
3118 1717 3408 1797 συνηχέναι
3457 1721 3532 1782 ὡς
3583 1720 3644 1776 ἂν
3697 1721 3839 1795 ῥᾷστ’

2200 1809 2329 1888 ἔχῃ,
2359 1817 2519 1868 τοῦτο
2581 1815 2676 1886 μὲν
2733 1813 2800 1866 τὰ
2856 1813 2971 1867 θεῖα
3026 1811 3466 1886 περιεργάζεσθαι
3524 1810 3838 1886 πράγματα,

2198 1903 2287 1958 καὶ
2341 1905 2582 1977 θεωριῶν
2636 1903 2759 1957 ὅσον
2807 1899 3003 1972 ἔξεστιν
3055 1902 3315 1956 ἅπτεσθαι
3368 1904 3477 1956 τῶν
3535 1899 3837 1976 μεγίστων·

2196 1997 2357 2048 τοῦτο
2406 1990 2464 2046 δὲ
2510 1991 2636 2053 τοὺς
2680 1991 2965 2065 τολμητὰς
3011 1994 3117 2045 τῶν
3166 1990 3435 2046 κακίστων
3466 1992 3556 2044 καὶ
3589 1986 3838 2064 ὑϐριστὰς

2196 2089 2294 2152 τῆς
2321 2083 2577 2151 θεότητος
2611 2080 2982 2153 ἐπιστομίζειν
3013 2079 3070 2134 εὖ
3104 2079 3256 2152 μάλα
3302 2079 3392 2134 καὶ
3441 2079 3838 2154 καταισχύνειν,

2195 2173 2286 2226 καὶ
2344 2170 2661 2248 φληνάφους
2713 2171 2956 2244 ἀτεχνῶς
3004 2167 3264 2224 τάκείνων
3311 2166 3617 2223 δεικνύναι·
3660 2172 3738 2238 τῷ
3785 2187 3841 2220 τε

2197 2267 2301 2317 πᾶν
2362 2258 2506 2321 εἶδος
2563 2259 2842 2330 ἀσκήσεως
2905 2259 2978 2320 ὡς
3029 2257 3082 2312 ’ἐν
3131 2259 3389 2331 μετιέναι,
3421 2256 3511 2312 καὶ
3543 2255 3718 2318 οὕτως
3767 2255 3839 2318 εἷς

2198 2352 2360 2424 ἄκρον
2431 2347 2679 2420 ἕκαστον,
2753 2349 2826 2409 ὡς
2909 2348 3078 2419 μόνου
3143 2347 3343 2402 τούτου
3421 2345 3597 2402 δοκεῖν
3683 2345 3840 2420 λόγον

2198 2441 2491 2494 ποιεῖσθαι.
2541 2445 2645 2506 Τῆς
2692 2439 2792 2512 γὰρ
2850 2441 2956 2490 τῶν
3020 2437 3266 2511 οὐρανῶν
3334 2435 3612 2505 βασιλείας
3665 2433 3841 2509 ὥσπερ

2197 2530 2324 2590 τοὺς
2375 2531 2510 2583 κατά
2558 2526 2689 2582 Θεὸν
2747 2523 2983 2597 ἱδρῶτας
3016 2525 3270 2600 ἐνέχυρον
3327 2525 3550 2600 κρίνων,
3586 2526 3676 2578 καὶ
3734 2527 3844 2598 ἅμα

2197 2621 2259 2673 τὸ
2316 2621 2412 2686 τῆς
2471 2612 2770 2670 ἐπιϐούλου
2828 2615 3024 2688 σαρκὸς
3084 2612 3318 2685 ἐμπαθὲς
3366 2613 3623 2687 φρόνημα
3681 2633 3841 2666 κατα-

2202 2704 2446 2762 στέλλειν
2502 2703 2721 2772 ἐθέλων,
2779 2703 2867 2756 καὶ
2924 2703 2987 2756 τὸ
3053 2705 3148 2756 τοῦ
3222 2703 3526 2774 πνεύματος
3584 2702 3843 2775 ἀνυψοῦν,

2199 2800 2427 2850 τοσοῦτο
2482 2799 2668 2848 πονεῖν
2725 2792 2862 2865 ᾤετο
2922 2789 3053 2856 δεῖν,
3103 2791 3177 2852 ὡς
3235 2792 3320 2844 καί
3383 2791 3668 2864 ῥᾳστώνην
3719 2789 3840 2850 τοὺς

2201 2885 2487 2944 τοιούτους
2563 2883 2762 2942 πόνους
2840 2882 3112 2956 ἡγεῖσθαι,
3169 2882 3259 2934 καί
3332 2878 3469 2933 ἆθλα
3529 2877 3747 2952 μᾶλλον
3808 2878 3841 2949 ἢ

2202 2974 2426 3043 πόνους,
2458 2970 2618 3033 εἰδὼς
2667 2971 2723 3024 οῖ
2763 2971 2983 3047 φέρουσι
3031 2969 3121 3023 καὶ
3171 2967 3312 3022 ὅσων
3341 2969 3432 3022 καὶ
3464 2965 3592 3021 οἵων
3629 2969 3838 3037 ἀγαθῶν

2204 3063 2366 3118 αἶ’τιοι
2424 3063 2775 3116 καθεστᾶσινο
2835 3058 3006 3120 οὕτως
3062 3057 3124 3112 ού
3205 3058 3368 3130 μόνον
3442 3055 3563 3131 ᾔδει
3638 3063 3844 3124 πονεῖν,

2202 3153 2348 3207 ἀλλὰ
2376 3151 2464 3205 καὶ
2497 3150 2578 3230 ἐφ’
2611 3152 2692 3211 οἷς
2728 3148 2960 3221 μάλιστα
2991 3149 3126 3221 χρὴ,
3163 3144 3399 3220 μάλιστα
3435 3151 3594 3201 τοῦτο
3654 3152 3844 3218 ποιεῖν,

2124 3212 2174 3277 C‘
2205 3241 2391 3302 Δεινὸς
2420 3212 2618 3315 γαριῆν
2653 3239 2726 3299 ὡς
2757 3238 2856 3292 οὐκ
2887 3237 2942 3290 οἵ
2970 3234 3015 3290 δ’
3047 3236 3178 3298 εἷ’τις
3207 3237 3273 3290 τὰ
3320 3237 3416 3310 μὲν
3462 3243 3562 3304 τῆς
3601 3233 3843 3296 διανοίας

2201 3333 2495 3401 κινήματα,
2569 3327 2659 3382 καὶ
2735 3325 3035 3401 λογισμοὺς
3129 3331 3232 3394 τῆς
3315 3321 3566 3399 καρδίας,
3644 3325 3732 3380 καὶ
3816 3324 3844 3377 ἃ

2202 3418 2524 3494 προίσχεται
2582 3421 2728 3484 νοῦς,
2777 3409 3023 3489 ἀκριϐῶς
3079 3411 3318 3482 ἐξετάσαι
3362 3413 3452 3467 καὶ
3512 3420 3841 3483 κατανοῆσαι

2202 3509 2291 3562 καὶ
2351 3507 2561 3562 δικάσαι
2615 3507 2682 3559 τὰ
2738 3503 3035 3579 πρέποντα,
3067 3503 3140 3563 ὡς
3196 3507 3312 3564 τοῖς
3370 3503 3462 3574 μὲν
3491 3501 3696 3572 θέσθαι,
3727 3507 3841 3563 τοῖς

2204 3597 2261 3653 δὲ
2321 3599 2436 3670 μή·
2496 3597 2630 3668 πρὸς
2690 3592 2747 3648 δὲ
2802 3595 2896 3654 τὰς
2959 3596 3056 3645 τοῦ
3123 3595 3365 3665 πονηροῦ
3421 3589 3706 3662 μεθοδείας
3754 3591 3837 3645 καὶ

2200 3687 2376 3764 πάγας
2449 3686 2538 3741 καὶ
2609 3686 2828 3761 τέχνας,
2884 3681 3056 3742 οὕτως
3141 3677 3446 3752 εύμεθόδως
3532 3679 3669 3756 ἄγαν
3751 3681 3837 3736 καὶ

2203 3774 2389 3846 δεξιῶς
2475 3773 2818 3828 ἀνθίστασθαι
2904 3768 3181 3834 δύνασθαι,
3237 3770 3310 3830 ὡς
3387 3769 3475 3822 καὶ
3533 3771 3672 3823 κατά
3742 3777 3839 3838 τῆς

2205 3869 2372 3922 αὐτοῦ
2446 3863 2712 3944 κεφαλῆς,
2769 3860 2826 3915 εῦ
2887 3860 3034 3933 μάλα
3102 3859 3255 3914 ταυτὶ
3339 3858 3700 3933 περιτρίπειν,
3759 3862 3844 3914 καὶ

2201 3952 2441 4027 τομηδὲν
2499 3941 2649 4006 ταῦτ’
2699 3950 3034 4020 ἀποφαίνειν,
3093 3941 3537 4021 προσϐάλλοντος
3623 3949 3718 4020 μὲν
3790 3947 3846 4002 ἐκ

2207 4043 2392 4116 δεξιῶν
2439 4043 2538 4110 τήν
2589 4040 2795 4115 ἀρέήν,
2836 4039 2924 4092 καὶ
2973 4039 3046 4091 ὧν
3092 4036 3250 4098 αὐτὸς
3283 4035 3489 4103 εἴωθεν,
3526 4036 3600 4098 εἷς
3635 4037 3846 4112 ἀριστε-

2208 4133 2452 4208 ρωτάτας
2484 4128 2540 4184 δέ
2577 4130 2642 4184 τὰ
2681 4129 2964 4182 τελευταῖα
3014 4130 3354 4201 χωροῦντος,
3383 4125 3476 4179 καὶ
3534 4127 3636 4193 τήν
3693 4129 3848 4198 ἡμῶν

2206 4221 2458 4292 ἐξώλειαν
2510 4216 2580 4272 δι’
2612 4214 2815 4287 ἡδονὴς
2858 4211 3296 4276 ἐπισπεύδοντος.
3326 4219 3414 4286 Τῷ
3461 4213 3568 4289 γὰρ
3595 4233 3608 4245 ·
3645 4212 3850 4285 δηλείῳ

2209 4308 2472 4383 [δελητίῳ
2499 4315 2597 4364 aut
2637 4311 2824 4380 potius
2873 4303 2940 4374 δὴ
2992 4304 3145 4377 λείῳ]
3195 4305 3425 4374 ταυτησὶ
3472 4303 3790 4380 φενακίζων,
3822 4302 3852 4355 ἃ

2214 4401 2307 4474 μὲν
2368 4400 2582 4475 φεύγειν
2639 4395 2844 4472 ιέχρῆν,
2896 4398 3064 4449 ταῦτα
3121 4392 3294 4448 πείθει
3354 4390 3597 4465 διώκειν,
3661 4395 3748 4455 οἷς
3797 4389 3852 4446 δὲ

452 4503 689 4557 prorsus
720 4501 786 4542 ac
815 4486 1010 4541 dextre
1040 4503 1340 4543 occurrere
1372 4493 1705 4560 promptum
1740 4489 2011 4558 habebat,
2037 4495 2093 4546 ut

2211 4490 2282 4550 ὡς
2343 4487 2648 4564 βελτίστοις
2705 4485 2796 4540 καὶ
2855 4481 3323 4543 λυσιτελεστάτοις
3371 4482 3464 4536 τὸν
3496 4485 3617 4536 νοῦν
3647 4482 3853 4557 προσέ-

451 4577 654 4630 eadem
687 4575 810 4645 ipsa
837 4576 896 4629 in
927 4582 1105 4646 caput
1133 4576 1290 4631 illius
1347 4577 1674 4633 rectissime
1720 4583 2093 4650 retorqueret,

2209 4599 2350 4656 χειν,
2383 4581 2552 4632 ταῦτα
2580 4575 2826 4649 πορθμὸν
2865 4571 3113 4633 Σικελίας
3147 4572 3421 4646 ἡγεῖσθαι.

453 4668 506 4719 in
544 4665 909 4736 nihilumque
938 4666 1137 4720 omnia
1191 4667 1495 4738 redigeret,
1531 4669 1631 4739 qui
1693 4668 1977 4740 principio
2027 4669 2261 4741 quidem
2321 4687 2355 4725 a
2402 4669 2624 4737 dextra,
2675 4666 2970 4736 suetisque
3026 4663 3139 4719 sibi
3197 4663 3393 4727 rebus,
3426 4662 3722 4717 hominem
3756 4676 3849 4733 ag-

452 4757 726 4826 greditur,
758 4761 1048 4824 postremo
1077 4772 1210 4812 vero
1251 4759 1318 4812 ad
1373 4758 1614 4813 ultimas
1650 4757 1807 4815 laevas
1867 4763 2060 4831 partes
2115 4760 2432 4826 contendit,
2485 4765 2542 4815 et
2596 4774 2700 4830 per
2741 4756 3068 4827 voluptates
3127 4755 3370 4809 exitium
3429 4751 3596 4807 nobis
3641 4751 3852 4807 accele-

452 4851 542 4900 rat
571 4861 586 4901 :
625 4847 901 4901 nimirum
932 4845 1154 4901 lubrico
1186 4845 1548 4917 voluptatum
1580 4841 1788 4904 lievore
1816 4849 2161 4905 mortalibus
2193 4850 2532 4921 imponens,
2567 4865 2696 4920 quae
2724 4847 2922 4918 fugere
2943 4842 3246 4916 oportebat
3279 4840 3696 4912 persequendi;
3735 4856 3854 4896 rur-

455 4954 554 4991 sus
575 4954 701 5008 quie
725 4941 789 4991 ut
816 4937 1036 5006 optima
1065 4953 1131 4992 ac
1162 4936 1551 4993 saluberrima
1607 4944 1876 4995 contento
1925 4939 2122 4995 studio
2163 4939 2602 5012 complectenda
2631 4941 2820 5004 erant,
2873 4951 2942 4991 ea
2972 4951 3076 5006 pro
3128 4935 3276 4989 freto
3345 4930 3538 4987 Siculo
3571 4930 3847 4997 habendi,

453 5032 652 5082 auctor
671 5025 789 5083 illis
819 5042 941 5083 esse
972 5027 1136 5083 solet.

524 5116 709 5173 XLIV.
741 5119 863 5173 Jam
896 5133 1067 5189 porro
1090 5116 1146 5172 id
1176 5117 1434 5173 studiose
1476 5134 1710 5189 operam
1747 5119 1942 5191 ipsum
1995 5121 2092 5176 de-

455 5207 628 5271 disse,
663 5211 725 5261 ut
752 5224 862 5277 prae
894 5207 1167 5263 omnibus
1213 5209 1386 5263 corde
1441 5209 1688 5264 contrito
1745 5226 1809 5264 ac
1858 5211 2095 5278 humili,

459 5296 757 5367 multaque
786 5299 1074 5354 modestia
1103 5313 1169 5354 ac
1224 5297 1618 5354 submissione
1672 5299 1881 5356 referto
1925 5308 2099 5370 esset,

525 5553 604 5632 (ξ)
637 5552 913 5632 ξιπορὴγιι.
950 5555 1077 5632 _I’it_a
1105 5555 1331 5628 Plotini,
1347 5574 1419 5632 7p.
1452 5559 1486 5613 2
1509 5575 1523 5627 ;
1546 5559 1745 5632 Synes,
1777 5575 1866 5632 ep.
1899 5561 2022 5618 I39.

525 5629 606 5697 (2)
638 5626 772 5681 Post
817 5628 1013 5695 gaudet
1039 5627 1185 5703 lege,
1219 5645 1278 5684 eo
1317 5626 1515 5703 denuo
1546 5626 1659 5686 sese
1712 5626 1951 5703 gaudere
1979 5650 2094 5689 ca:-

455 5701 600 5786 ηἰδεε
632 5713 735 5769 quo
759 5713 904 5786 ,ωιτη
929 5697 1219 5786 primitus
1264 5702 1523 5786 gaudere_
1548 5697 1830 5786 patuiiwt,
1861 5710 2097 5786 postmo—

460 5771 592 5832 dum
617 5785 714 5844 per
743 5784 808 5826 ea
844 5783 970 5842 quae
1015 5773 1075 5826 in
1103 5787 1158 5828 se
1212 5773 1438 5828 admisit
1484 5771 1699 5846 ﬂagitia
1749 5771 1973 5848 amisso,
2002 5778 2098 5835 do-

2275 5126 2401 5175 MA'.
2436 5119 2572 5194 Τόγε
2605 5119 2713 5192 μὴν
2743 5113 3208 5188 συντετριμμένην
3245 5110 3334 5166 καὶ
3381 5109 3843 5182 τεταπεινωμένην

2206 5209 2297 5264 καὶ
2329 5209 2472 5264 πολὺ
2502 5207 2563 5262 τὸ
2599 5207 2817 5282 μέτριον
2847 5204 2938 5260 καὶ
2987 5197 3330 5273 ὑποϐεϐηκὸς
3358 5202 3695 5273 κεκτημένην
3725 5217 3850 5272 καρ·

2210 5296 2348 5365 δίαν,
2381 5298 2524 5375 παρὰ
2555 5299 2759 5359 πάντας
2791 5293 2937 5370 ἔχειν
2980 5293 3212 5362 ἀσκῆσαι
3251 5289 3340 5345 καὶ
3377 5287 3583 5364 μηδένα
3610 5286 3843 5360 τοπαρά-

2205 5561 2341 5619 lenti
2368 5576 2595 5616 causam
2624 5558 2837 5616 habuit.
2867 5555 3011 5613 Nam
3043 5556 3115 5612 de
3145 5560 3370 5611 natura
3403 5552 3671 5608 humane
3702 5550 3843 5606 inte-

2202 5635 2412 5706 gritate
2441 5637 2568 5688 tum
2600 5631 2839 5706 amissa.
2893 5635 3018 5684 tum
3067 5629 3416 5706 instaurata,
3467 5624 3743 5706 ambigua
3788 5626 3842 5676 et

2204 5695 2484 5836 Erfvitate
2507 5719 2616 5761 sua
2646 5703 2996 5778 perobscura
3055 5697 3226 5757 verba
3283 5695 3709 5766 interpretanda
3753 5709 3842 5748 ar-

2245 5791 2262 5834 ι
2293 5791 2404 5835 ror.

2245 5791 2404 5835 ιιι-οι.
