4092 6300
272 396 392 468 261

1285 410 1679 479 LAUDATIO
1725 412 1787 474 s.
1831 400 2209 477 annonam
2251 406 2665 473 THEOLOGI.

3562 391 3683 472 262

276 559 382 593 παν
416 543 522 593 τῶν
548 538 687 613 τῇδε
720 539 883 618 λόγον
934 543 1227 611 ποιεῖσθαι,
1260 540 1407 598 ἀλλᾶ
1435 544 1523 597 καὶ
1568 547 1668 609 τῆς
1696 545 1832 621 πρὸς
1861 545 1925 600 τὸ

2043 562 2145 602 nec
2176 545 2298 601 ulla
2326 558 2566 616 prorsus
2596 556 2792 599 rerum
2814 540 3208 598 humanarum
3240 556 3382 598 cura
3417 544 3682 614 tangere-

277 633 437 701 σῶμα
484 630 848 703 συμπαθείας,
880 630 1023 685 οὕτω
1071 632 1311 700 καθάπαξ
1362 633 1651 706 ὑπερορᾷν,
1685 634 1762 696 ὡς
1810 656 1924 707 μη·-

276 714 336 771 δὲ
390 722 625 791 χιτῶνος
675 715 947 789 δήπουθεν
999 716 1285 789 δεδεῆσθαι
1335 716 1605 795 δευτέρου,
1640 721 1787 777 ἀλλὰ
1833 722 1921 777 καὶ

274 807 416 861 κατᾶ
459 805 633 880 ψιλοῦ
677 812 776 863 τοῦ
819 806 1052 887 ἐδάφους
1102 810 1288 865 ἑαυτὸν
1331 809 1698 882 κατακλίνειν,
1724 812 1816 868 καί
1865 813 1924 866 τὸ

277 895 376 967 μὲν
429 893 605 968 μηδὲν
654 892 828 972 ἔχειν,
878 897 1013 973 ἄγαν
1061 891 1208 974 ἔχειν
1259 901 1555 976 ἡγεῖσθαι·
1611 899 1825 972 μᾶλλον
1868 897 1927 956 δὲ

274 987 456 1040 πάντα
502 986 571 1039 τὰ
622 985 895 1042 κάλλιστα
942 984 1117 1066 ἔχειν,
1169 986 1221 1043 ἐν
1267 993 1348 1060 τῷ
1404 986 1573 1061 μηδὲν
1619 986 1766 1064 ἔχειν
1816 993 1923 1044 τῶν

272 1074 451 1145 κάτω,
473 1073 602 1130 ἀλλ’
631 1070 783 1150 ἔχειν
816 1076 922 1131 ἅνω
950 1076 1042 1131 τόν
1075 1081 1226 1149 νοῦν,
1258 1078 1347 1133 καὶ
1380 1083 1501 1140 ταῖς
1534 1076 1748 1133 ἐλπίσιν
1777 1073 1927 1156 ἔχειν

272 1165 521 1232 κάκεῖνα,
554 1164 589 1217 ἃ
635 1165 874 1237 μάλιστα
900 1167 1117 1221 πάντων
1158 1165 1307 1243 ἔχειν
1354 1164 1547 1240 ἐχρῆν,
1579 1168 1673 1222 καὶ
1718 1172 1924 1245 τρυφᾷν

275 1253 373 1324 μὲν
411 1252 457 1306 εἰ
490 1253 701 1326 πεινῴη
747 1257 987 1329 νομίζειν
1020 1274 1033 1287 ’
1081 1253 1380 1311 κάλλιστον
1413 1253 1470 1311 δὲ
1511 1256 1709 1331 κρίνειν
1757 1256 1924 1311 ποτὸν

273 1343 361 1396 καί
400 1343 600 1404 παντὸς
623 1340 783 1411 ἥδιον
814 1346 1095 1420 νέκταρος,
1126 1344 1189 1399 τὸ
1216 1352 1316 1415 τῆς
1349 1345 1496 1408 θείας
1529 1344 1754 1420 ἐποψίας
1803 1344 1926 1400 ὅσαι

271 1432 418 1507 ὦραι
476 1432 618 1487 κατᾶ
671 1435 799 1487 νοῦν
855 1432 1238 1511 ἐμφορεῖσθαι,
1294 1434 1387 1489 καὶ
1446 1436 1620 1490 πάντα
1680 1435 1777 1508 μὶν
1830 1435 1922 1489 τὸν

272 1521 403 1594 βίον
437 1519 676 1594 μελέτην
710 1522 939 1578 θανάτου
985 1525 1285 1594 ποιεῖσθαι,
1320 1524 1494 1597 μόνην
1541 1520 1598 1578 δὲ
1648 1526 1794 1594 ζωὴν
1822 1525 1920 1592 τήν

273 1611 324 1666 ἐν
360 1610 658 1683 πνεύματι,
688 1613 780 1666 καί
809 1613 870 1681 ἣν
896 1610 1024 1674 τοὺς
1052 1613 1336 1675 τοιούτους
1369 1612 1533 1674 εἰκὸς.

2036 641 2150 702 tur,
2192 650 2389 690 verum
2412 632 2494 688 ita
2515 630 2742 703 penitus
2773 630 2951 687 etiam
2985 635 3223 688 mutuas
3256 633 3532 689 consortii
3555 648 3683 690 cor-

2036 723 2191 797 porei
2213 722 2544 779 affectiones
2590 724 3019 792 aspernaretur,
3052 723 3116 774 ut
3155 718 3331 776 unica
3378 722 3685 777 contentus

2035 812 2231 870 tunica
2267 816 2495 867 aetatem
2543 813 2759 882 ageret,
2813 809 3089 880 nudoque
3134 808 3274 865 item
3328 808 3452 865 solo
3500 808 3685 866 fessos

2037 905 2199 960 artus
2247 908 2642 972 componeret,
2672 902 2729 954 et
2784 898 3019 953 abunde
3058 913 3119 953 se
3167 896 3380 954 habere
3432 899 3689 955 crederet

2034 1007 2168 1047 cum
2202 990 2347 1046 nihil
2379 989 2635 1058 haberet,
2665 992 2767 1044 aut
2793 985 2987 1043 verius
3038 986 3260 1057 optima
3290 1002 3533 1060 quisque
3559 991 3685 1044 tum

2036 1079 2267 1149 habere,
2299 1095 2433 1135 cum
2468 1093 2660 1135 rerum
2693 1077 2968 1133 harumce
3013 1077 3353 1132 inferiorum
3400 1076 3548 1132 nihil
3581 1078 3685 1134 ha-

2040 1169 2229 1235 beret;
2291 1183 2492 1223 verum
2552 1171 2745 1222 mente
2802 1181 3033 1222 sursum
3079 1181 3286 1221 versus
3319 1165 3529 1225 levata.
3559 1166 3684 1236 jam

2036 1274 2140 1328 spe
2170 1258 2270 1313 illa
2300 1256 2558 1323 haberet,
2581 1272 2711 1328 quas
2732 1255 2997 1310 omnium
3025 1257 3273 1309 maxime
3294 1253 3509 1310 habere
3522 1271 3690 1325 opor-

2035 1348 2212 1417 tebat,
2243 1352 2414 1418 atque
2444 1349 2586 1401 tunc
2629 1346 2689 1400 in
2749 1344 2996 1400 summis
3042 1359 3170 1399 sese
3200 1342 3425 1399 deliciis
3473 1345 3686 1400 versari

2035 1436 2385 1501 existimare,
2418 1434 2651 1505 quando
2706 1432 2901 1488 inedia
2943 1430 3420 1488 conﬂictabatur:
3481 1437 3683 1502 potum

2037 1530 2236 1581 autem
2274 1522 2678 1595 gratissimum
2729 1527 2788 1577 et
2842 1526 3072 1576 nectare
3114 1519 3318 1590 quovis
3365 1520 3684 1577 dulciorem

2035 1615 2339 1686 judicaret.
2363 1611 2461 1667 Dei
2494 1611 2679 1683 ipsius
2703 1609 3035 1665 visitatione
3061 1624 3127 1663 ac
3148 1609 3456 1680 praesentia
3486 1609 3547 1665 in
3580 1608 3683 1664 bo-

272 1720 373 1759 ras
447 1705 651 1758 animo
678 1704 920 1775 perfrui,
954 1704 1207 1776 denique
1260 1706 1435 1761 vitam
1491 1721 1726 1762 omnem
1793 1705 1853 1761 in
1915 1706 2122 1761 mortis
2176 1701 2668 1760 commentatione
2727 1703 2989 1773 poneret,
3038 1699 3195 1756 illam
3248 1702 3443 1755 autem
3495 1697 3684 1756 solam

272 1793 517 1863 viveret,
549 1809 674 1862 qua
704 1792 766 1848 in
796 1793 1006 1864 spiritu
1029 1798 1140 1860 est,
1171 1798 1228 1850 et
1250 1810 1430 1865 quam
1462 1794 1750 1864 ejusmodi
1779 1793 2053 1851 homines
2084 1794 2275 1850 vivere
2306 1809 2408 1865 par
2436 1795 2545 1848 est.

341 1880 489 1937 ΜΗ.
548 1877 728 1934 Ταῦτα
782 1884 969 1935 τοίνυν
1013 1882 1308 1953 θαυμάζειν
1355 1880 1451 1954 μὶν
1510 1876 1588 1935 ἔνι
1644 1881 1733 1936 καὶ
1791 1879 1926 1936 πάνυ

2107 1882 2274 1937 XLV.
2336 1879 2869 1947 Verumenimvero,
2900 1882 2964 1934 tu
3039 1878 3159 1933 hinc
3232 1893 3363 1948 quas
3425 1875 3684 1934 diximus

273 1968 598 2040 θαυμάζειν,
648 1969 788 2045 πρὸς
835 1969 987 2042 ἀξίαν
1037 1967 1082 2024 δ’
1134 1969 1359 2025 οὐκέτι·
1412 1971 1458 2025 εἰ
1502 1968 1558 2025 δὲ
1602 1974 1764 2026 τοῦτο
1814 1971 1925 2047 οὐχ

277 2058 393 2111 οἷον
424 2076 510 2125 τε,
540 2058 605 2111 τὸ
653 2057 743 2112 καὶ
778 2061 1061 2132 μιμεῖσθαι
1110 2063 1216 2114 ποῦ
1265 2060 1528 2133 θήσομεν,
1555 2058 1587 2113 ἃ
1631 2060 1719 2114 καὶ
1760 2060 1923 2120 αὐτὸς

278 2144 355 2222 ἐφ’
405 2147 628 2214 ἑαυτοῦ,
677 2147 767 2202 καὶ
818 2148 909 2202 σόν
956 2169 1015 2224 γε
1069 2153 1149 2221 τῷ
1206 2147 1431 2224 μεγάλῳ
1485 2150 1575 2204 καὶ
1630 2150 1926 2221 θαυμαστῷ

280 2234 553 2307 Βασιλείῳ
581 2238 898 2311 κατώρθουν
927 2257 939 2269 ·
991 2243 1083 2292 νῦν
1139 2239 1232 2311 μὲν
1285 2239 1336 2293 ἐν
1376 2244 1493 2301 τοῖς
1536 2243 1642 2292 τῶν
1696 2245 1927 2294 Καππα-

284 2320 449 2378 δόκων
485 2326 667 2399 ὅροις,
699 2330 791 2379 νῦν
835 2324 883 2379 δ’
933 2327 985 2381 ἐν
1032 2331 1149 2388 ταῖς
1204 2327 1474 2402 ὑπωρείας
1520 2328 1618 2381 τοῦ
1668 2328 1875 2382 Πόντου
1910 2344 1923 2357 ’

285 2417 365 2465 νῦν
396 2411 455 2469 δὲ
511 2414 642 2468 δποι
690 2417 813 2469 ποτ’
843 2414 1028 2479 αὐτοῖς
1076 2418 1288 2490 χωρίαν
1322 2416 1558 2493 ἡσυχίας
1602 2413 1803 2486 ὶδόκει,
1835 2417 1926 2471 τὸν

292 2502 442 2578 μεγαν
501 2508 700 2558 τοῦτον
758 2504 1005 2567 ἀνύοντες
1066 2505 1251 2574 ἆθλον,
1311 2506 1400 2560 καὶ
1457 2507 1524 2560 τὰ
1599 2506 1764 2578 σεμνᾶ
1838 2505 1927 2559 καὶ

292 2598 547 2669 περιφανῆ
604 2592 942 2665 σκάμματα·
1003 2599 1119 2656 τοῖς
1174 2595 1269 2667 μὲν
1320 2592 1515 2656 ἄλλοις
1565 2594 1745 2668 ὥσπερ
1797 2594 1927 2648 ὁποι

297 2683 434 2749 θῆκαί
496 2703 648 2744 τινες
725 2679 873 2745 ὄντες
946 2685 1035 2739 καὶ
1110 2686 1296 2751 τύποι,
1353 2684 1443 2738 καὶ
1520 2687 1656 2758 πρὸς
1729 2684 1926 2758 ἀρετὴν

291 2770 720 2846 παραδείγματα,
772 2774 1035 2846 ὁμότιμοι
1081 2770 1140 2827 δὲ
1197 2772 1476 2844 ἀλλήλοις
1535 2774 1925 2844 καθεστηκότες

284 2865 342 2916 τὰ
397 2866 605 2932 πάντα,
662 2864 752 2918 καὶ
839 2861 1010 2938 μηδὲν
1081 2863 1251 2920 πλέον
1310 2867 1440 2936 μήτ’
1507 2861 1722 2940 ἔχοντες
1802 2866 1928 2937 μήτ’

276 2950 426 3028 ἔχειν
488 2949 623 3026 μηδ’
684 2954 990 3008 ὁπωστιοῦν
1049 2953 1344 3024 ἀξιοῦντες,
1407 2953 1552 3009 ἀλλὰ
1616 2953 1706 3009 καὶ
1766 2951 1926 3030 φιλο-

276 3046 583 3103 νεικοῦντες
636 3042 877 3113 καθάπαξ
912 3061 924 3074 ⁸
980 3042 1094 3118 οὺχ
1142 3041 1281 3098 ὥστε
1327 3044 1417 3098 καὶ
1465 3041 1753 3118 προῦχειν,
1801 3042 1931 3098 ἀλλ’

277 3132 419 3187 ὥστε
447 3135 561 3186 τῶν
609 3131 896 3205 πρωτείων
944 3130 1225 3203 ἀλλήλοις
1276 3131 1598 3202 ἐξίστασθαι,
1638 3133 1729 3188 καὶ
1760 3153 1930 3206 προσ-

278 3224 357 3276 ἑτι
389 3222 455 3275 τὸ
503 3222 757 3276 νικᾶσθαι
788 3224 884 3276 τοῦ
931 3226 1082 3292 νικᾷν
1123 3221 1232 3296 οὐχ
1279 3221 1408 3277 ὅσον
1455 3222 1716 3295 πρότερον
1761 3221 1931 3296 ἄγειν,

281 3308 431 3364 ἀλλᾶ
458 3309 553 3364 καὶ
584 3315 735 3381 νικᾷν
762 3308 960 3382 τῳόντι
991 3310 1260 3382 νομίζειν,
1291 3312 1578 3384 νικώμενοι
1614 3331 1627 3343 ·
1653 3308 1932 3381 ἀλλήλοις

282 3398 507 3469 μᾶλλον
567 3404 768 3469 ζῶντες
822 3399 858 3469 ἢ
912 3399 1091 3479 σφίσιν
1147 3400 1330 3463 αὐτοῖς
1368 3421 1382 3434 ·
1455 3399 1670 3474 μᾶλλον
1730 3398 1787 3454 δὲ
1843 3401 1929 3456 καὶ

284 3490 467 3565 σφίσιν
538 3488 746 3556 αὐτοῖς,
817 3490 907 3543 καὶ
977 3488 1251 3559 ἀλλήλοις
1330 3490 1525 3560 ζῶντές
1593 3511 1651 3546 τε
1705 3490 1794 3545 καὶ
1866 3490 1936 3546 τὰ

287 3577 551 3652 βέλτιστα
606 3577 984 3652 συνεχόμενοι,
1043 3580 1133 3633 καί
1191 3578 1339 3641 ὅλως
1417 3576 1567 3633 οὐδὲν
1642 3581 1804 3647 ἧττον
1878 3579 1930 3634 ἐν

286 3666 588 3739 ἀλλήλοις,
636 3670 671 3739 ἢ
724 3667 901 3744 σφίσιν
953 3666 1144 3728 αὺτοῖς
1193 3668 1592 3744 γνωριζόμενοι
1628 3688 1641 3703 ⁶
1697 3668 1789 3724 ante
1846 3667 1935 3723 διὰ

286 3757 504 3812 πάντων
554 3756 608 3810 ’ὲν
660 3756 912 3818 πνέοντες
959 3757 1050 3811 καὶ
1096 3761 1439 3835 φρονοῦντες,
1473 3758 1563 3813 καὶ
1614 3763 1712 3827 τήν
1764 3755 1932 3828 αὐτὴν

290 3846 376 3898 καὶ
413 3845 539 3918 μίαν
570 3846 889 3920 προαίρεσιν
937 3843 990 3899 ἐν
1025 3842 1257 3923 διατρορᾷ
1287 3846 1554 3919 σωμάτων
1586 3843 1882 3909 δεικνύντες
1916 3864 1929 3878 ·

290 3933 430 3989 ὥστε
478 3935 567 3989 καὶ
627 3934 675 3989 εἰ
727 3936 805 4006 μὴ
862 3936 1125 4009 πρότερον
1182 3935 1429 4009 εἰρῆσθαι
1481 3931 1698 4006 ξυνέϐη,
1756 3937 1820 3991 τό
1875 3957 1934 3991 τε

291 4021 540 4084 ’Δλλος
580 4024 807 4095 αὐτὸς,
837 4022 900 4078 τό
945 4044 1005 4078 τε
1046 4025 1249 4078 Κοινά
1306 4024 1382 4079 τὰ
1418 4028 1542 4079 τῶν
1594 4023 1829 4100 φίλων,
1872 4025 1933 4078 τὸ

293 4111 389 4182 μὲν
423 4113 516 4166 ὑπ’
570 4107 890 4183 Εὐριπίδου,
918 4111 980 4165 τὸ
1033 4107 1080 4165 δ’
1126 4109 1383 4173 ’Ἄλλως
1431 4111 1652 4180 αὐτὸς,
1704 4112 1807 4167 ὑπὸ
1837 4115 1934 4165 τοῦ

294 4202 511 4275 Σαμίου
541 4204 733 4278 σοφοῦ,
768 4199 819 4269 ἐξ
865 4197 969 4272 ἄρα
997 4199 1205 4255 τούτων
1254 4200 1342 4254 καὶ
1373 4207 1472 4270 τῆς
1513 4200 1721 4256 τούτων
1752 4202 1936 4274 ξυμπ-

292 4290 465 4358 νοίας,
500 4286 677 4344 δοκεῖν
725 4288 785 4343 ἄν
818 4309 910 4362 μοι
958 4292 1127 4344 ταῦτα
1154 4290 1254 4358 τήν
1299 4289 1481 4364 ἀρχὴν
1532 4287 1814 4366 ἐίληφὲναι
1846 4287 1935 4343 λέ-

295 4380 480 4453 γετθαι
514 4397 527 4408 ·
563 4377 789 4439 εἰκότως
834 4378 926 4433 καὶ
960 4377 1091 4450 μάλ’
1121 4377 1284 4449 ἀξίως
1330 4383 1429 4433 τοῦ
1458 4380 1553 4440 τὰς
1586 4377 1762 4432 αὐτῶν
1792 4378 1936 4452 γνώ-

2039 1970 2314 2028 admirari
2364 1969 2658 2041 equidem,
2699 1974 2755 2025 et
2795 1982 3145 2039 magnopere
3192 1983 3334 2023 sane
3382 1966 3681 2032 admirari,

2037 2063 2119 2119 ita
2148 2076 2518 2134 nequaquam
2558 2075 2659 2130 pro
2716 2059 2925 2114 merito
2965 2058 3103 2114 satis
3154 2056 3429 2112 admirari
3478 2071 3682 2128 possu-

2037 2166 2203 2216 mus;
2233 2151 2386 2222 quod
2432 2149 2483 2205 si
2522 2148 2629 2203 hoc
2680 2166 2713 2204 a
2766 2148 2933 2204 nobis
2984 2145 3245 2218 praestari
3294 2144 3512 2217 nequit,
3568 2161 3683 2217 quo

2038 2240 2271 2296 tandem
2330 2240 2455 2293 loco
2508 2236 2892 2292 maximorum
2976 2250 3219 2308 operum
3298 2234 3681 2290 imitationem

2040 2345 2343 2402 ponemus,
2377 2343 2506 2398 qua:
2535 2334 2733 2383 noster
2754 2330 2876 2381 tum
2898 2324 3024 2396 ipse
3041 2323 3227 2390 solus,
3257 2326 3383 2377 tum
3417 2338 3530 2378 una
3550 2338 3683 2378 cum

2042 2435 2254 2491 magno
2276 2422 2446 2488 atque
2478 2414 2809 2471 admirabili
2838 2414 2937 2469 illo
2968 2413 3183 2470 Basilio
3206 2412 3518 2484 praestitit?
3542 2414 3681 2468 dum

2041 2527 2196 2564 nunc
2227 2509 2297 2563 ad
2330 2507 2736 2578 Cappadocum
2775 2506 2941 2571 fines,
2977 2520 3134 2560 nunc
3163 2502 3420 2559 Ponticis
3452 2503 3508 2557 in
3544 2518 3685 2558 con-v

2042 2597 2312 2663 vallibus,
2344 2612 2500 2651 nunc
2529 2596 2644 2650 alio
2676 2594 2902 2665 quovis,
2933 2593 3032 2664 qui
3064 2592 3181 2647 illis
3210 2591 3527 2662 placuerat,
3553 2591 3686 2647 reli-

2039 2690 2216 2760 giosm
2274 2688 2487 2758 quietis
2519 2686 2642 2741 loco
2674 2687 2881 2756 ingens
2911 2684 3019 2740 hoc
3073 2688 3390 2747 certamen,
3414 2681 3689 2752 illiusque

2040 2794 2205 2834 sacra
2251 2794 2317 2833 ac
2359 2775 2609 2831 illustria
2659 2774 2948 2830 curricula
3004 2771 3405 2829 conficiebant.
3438 2772 3564 2836 Qua
3627 2771 3687 2825 in

2042 2883 2102 2922 re
2131 2866 2261 2922 aliis
2298 2866 2382 2920 illi
2415 2882 2517 2937 pro
2578 2863 2882 2936 praeceptis
2922 2878 2987 2917 ac
3020 2863 3166 2934 typis
3197 2876 3263 2916 ac
3303 2858 3581 2931 exemplis
3614 2860 3686 2915 ad

2038 2958 2318 3012 virtutum
2358 2954 2659 3012 colendam
2692 2958 2860 3009 erant
2888 2968 2901 3006 :
2927 2952 3075 3007 inter
3106 2966 3168 3006 se
3189 2965 3323 3006 vero
3357 2949 3534 3020 ipsios
3561 2949 3687 3017 pari

2041 3047 2099 3101 id
2130 3047 2406 3102 omnibus
2426 3046 2645 3100 honore
2664 3043 2960 3113 graduque
2979 3040 3247 3112 agebant,
3274 3055 3345 3095 ne
3367 3053 3481 3110 que
3506 3037 3687 3094 ullam

2045 3152 2159 3207 pra:
2226 3135 2408 3192 altero
2466 3133 2610 3190 alter
2658 3130 3054 3203 praestantiam
3111 3132 3213 3185 aut
3273 3128 3546 3197 habebat,
3592 3134 3688 3183 ant

2046 3225 2259 3282 habere
2282 3224 2398 3281 ullo
2442 3240 2583 3280 sane
2629 3223 2805 3279 modo
2852 3219 3180 3286 affectabat,
3229 3222 3433 3274 contra
3488 3225 3683 3272 autem

2044 3316 2211 3370 unice
2250 3314 2321 3369 de
2348 3330 2416 3369 eo
2440 3312 2690 3368 invicem
2749 3308 3069 3376 certabant,
3102 3324 3215 3363 non
3276 3322 3390 3377 quo
3441 3306 3688 3362 anteiret

2042 3404 2186 3459 alter
2214 3402 2398 3468 alteri,
2431 3402 2531 3458 sed
2574 3406 2639 3456 ut
2669 3400 2888 3472 priores
2914 3396 3100 3452 “alteri
3160 3400 3357 3467 partes
3413 3393 3683 3450 deferret.

2041 3493 2222 3563 Atque
2266 3493 2357 3547 hic
2386 3490 2534 3546 vinci
2583 3504 2762 3560 quam
2820 3487 3050 3544 vincere
3108 3501 3223 3540 non
3296 3482 3467 3538 modo
3524 3482 3688 3553 prius

2044 3581 2461 3653 antiquiusque
2494 3579 2801 3643 ducebant,
2835 3591 3031 3632 verum
3075 3574 3252 3629 etiam
3311 3587 3508 3628 revera
3530 3572 3589 3625 in
3618 3587 3686 3628 eo

2043 3670 2157 3726 sibi
2212 3671 2449 3726 vincere
2526 3667 2904 3733 videbantur,
2964 3664 3121 3735 quod
3179 3661 3261 3718 sic
3319 3661 3688 3716 vincerentur

2043 3758 2265 3829 Quippe
2307 3756 2493 3829 magis
2523 3756 2713 3811 amico
2744 3757 2987 3824 uterque
3054 3766 3228 3823 quam
3271 3749 3387 3804 sibi
3437 3748 3686 3814 vivebat,

2043 3848 2165 3903 sive
2184 3845 2376 3902 verius
2407 3849 2463 3900 et
2491 3844 2603 3900 sibi
2661 3846 2904 3913 uterque
2934 3845 2991 3896 et
3045 3838 3229 3895 amico
3274 3853 3408 3893 cum
3437 3836 3685 3900 vivebat,

2043 3940 2165 3992 tum
2214 3935 2431 4006 Optima
2485 3949 2728 4005 quasque
2793 3928 3291 4000 comprecabatur,
3351 3931 3691 3999 poteratque

2042 4025 2282 4081 omnino
2311 4023 2492 4079 nihilo
2514 4023 2703 4079 secius
2732 4021 2794 4076 in
2843 4020 3030 4075 amico
3062 4023 3308 4089 uterque
3350 4032 3479 4083 suo,
3511 4030 3688 4087 quam

2044 4115 2103 4169 in
2127 4114 2318 4186 seipso
2343 4112 2602 4185 agnosci,
2626 4112 2782 4183 quod
2820 4108 3088 4166 Videlicet
3115 4107 3272 4163 idem
3306 4108 3363 4162 in
3411 4106 3692 4162 omnibus

2043 4204 2216 4260 ambo
2238 4203 2532 4274 spirarent
2551 4202 2949 4271 sentirentque
2977 4216 2991 4255 :
3023 4214 3087 4253 ac
3112 4213 3281 4253 unam
3305 4197 3690 4267 eamdemque
3759 4264 3762 4268 ι

2043 4293 2103 4348 in
2136 4292 2464 4348 diversitate
2502 4306 2804 4362 corporem
2863 4290 3258 4344 monstrarent
3306 4285 3687 4340 voluntatem.

2045 4383 2433 4451 Quamobrem
2466 4396 2626 4447 sane,
2661 4379 2773 4435 nisi
2815 4379 2941 4448 jam
2974 4381 3146 4432 antea
3177 4375 3511 4447 pervulgata
3542 4373 3695 4428 dicta

300 4488 402 4541 μας
433 4467 855 4537 συνετετηκότος
885 4465 1064 4542 ὥσπερ
1096 4470 1251 4540 Θεοῦ,
1282 4468 1376 4522 καὶ
1411 4465 1466 4522 ’ἐν
1496 4466 1661 4544 ἄμφω
1690 4487 1930 4538 πεποιη-

2046 4472 2314 4537 fuissent,
2344 4486 2479 4526 cum
2511 4491 2540 4519 «
2601 4470 2839 4523 Amicus
2894 4465 3036 4521 alter
3066 4464 3212 4534 ipse,
3239 4485 3269 4513 »
3320 4473 3444 4519 tum
3474 4483 3503 4511 «
3527 4461 3695 4516 Com-

297 4561 479 4619 κότος.

2049 4559 2253 4616 munia
2272 4559 2593 4614 amicorum
2615 4554 2869 4624 omnia,»
2895 4554 3002 4610 hoc
3025 4553 3096 4609 ab
3112 4552 3389 4622 Euripide
3409 4551 3508 4623 (2),
3533 4548 3695 4615 illuc,

302 4649 575 4717 alterum,
605 4670 635 4699 «
663 4649 903 4706 Amicus
932 4649 1077 4706 alter
1104 4648 1253 4721 ipse,
1288 4669 1315 4701 ι
1339 4665 1373 4705 a
1403 4647 1664 4720 sapiente
1688 4647 1883 4704 Samio
1930 4649 2247 4720 prolatum,
2279 4648 2351 4704 ab
2404 4647 2498 4702 his
2547 4647 2764 4716 utique,
2797 4650 2853 4701 et
2900 4643 3112 4698 horum
3158 4642 3347 4697 amica
3401 4637 3698 4708 conspira-

302 4746 480 4810 tione,
513 4739 638 4798 haac
687 4740 972 4812 originem
1017 4756 1188 4797 suam
1237 4739 1385 4796 mihi
1432 4744 1743 4811 sumptura
1790 4739 1974 4795 fuisse
2014 4740 2302 4797 videntur.
2358 4737 2498 4794 Jure
2539 4736 2685 4792 illud
2743 4735 3019 4807 profecto,
3077 4736 3135 4787 et
3182 4729 3522 4802 dignissima
3585 4732 3697 4784 Deo

298 4831 540 4897 ratione,
571 4831 675 4902 qni
696 4831 925 4886 animos
954 4830 1218 4902 ipsorum
1248 4830 1451 4895 veluti,
1482 4830 1779 4896 conﬂavit,
1812 4829 2128 4903 ambosque
2159 4845 2345 4886 unum
2377 4827 2585 4884 effecit.

367 4919 523 4993 υς.
556 4919 706 4974 Ἐπεὶ
739 4919 843 4994 γὰρ
894 4919 921 4973 ὁ
952 4917 1108 4981 aere;
1135 4917 1227 4973 καὶ
1274 4917 1485 4979 ἁπλοῦς
1536 4917 1646 4972 ἐστι
1694 4916 1785 4971 καὶ
1819 4937 1935 4991 τρι-

297 5007 489 5078 πλοῦς,
519 5009 584 5063 τὸ
618 5008 714 5081 μὲν
749 5012 871 5069 ταῖς
904 5005 1163 5079 ἰδιότησι,
1192 5008 1256 5063 τὸ
1306 5005 1363 5062 δὲ
1385 5010 1454 5071 τῆ
1505 5007 1743 5077 θεότητι,
1773 5006 1938 5083 ἀνάγ-

298 5120 363 5169 κη
422 5103 571 5153 πᾶσα
628 5097 718 5153 καὶ
791 5097 918 5160 τοὺς
975 5099 1124 5171 αὖτῷ
1197 5097 1656 5175 προσανέχοντας,
1721 5097 1808 5153 ἐάν
1884 5118 1942 5151 τε

301 5187 524 5251 πλείους
570 5185 701 5241 ὦσιν
763 5186 852 5241 ἐάν
906 5207 965 5242 τε
1023 5186 1304 5258 ἒηάττους,
1352 5186 1636 5248 τοιούτους
1684 5185 1748 5257 δή
1790 5206 1941 5248 τινας

300 5277 451 5347 εἶναι,
477 5278 567 5332 καὶ
623 5278 768 5331 οὕτω
799 5276 937 5352 πρὸς
982 5275 1268 5347 ἀλλήλους
1301 5274 1469 5351 ἔχειν,
1501 5276 1575 5337 ὡς
1617 5275 1705 5331 καῖ
1747 5275 1941 5337 αὐτοὺς

297 5366 349 5420 ’ἐν
376 5366 512 5421 εἶναι
544 5363 724 5421 δοκεῖν
757 5370 827 5440 τῇ
873 5364 1009 5441 πρός
1062 5366 1225 5422 αὐτὸν
1257 5365 1555 5435 οἰκειότητι
1591 5384 1603 5397 ·
1656 5365 1685 5419 ὃ
1735 5362 1801 5434 δὴ
1852 5364 1942 5418 καὶ

301 5456 385 5511 {xi
414 5460 513 5511 τοῦ
541 5455 750 5512 κύκλου
798 5453 1028 5527 ξυνιδεῖν
1056 5451 1111 5511 ἓν
1152 5455 1294 5511 ἐστιν
1457 5455 1523 5510 Δὶ
1571 5455 1674 5532 γὰρ
1723 5453 1812 5510 ἐπὶ
1845 5460 1942 5524 τῆς

370 5666 447 5737 (1)
478 5664 585 5719 Pro
612 5660 668 5716 ἓν
698 5661 869 5732 ἐστιν,
920 5665 997 5738 ad
1055 5666 1378 5738 marginem
1430 5666 1545 5722 mei
1562 5662 1944 5738 “apographj,

300 5730 456 5813 quod
503 5738 795 5809 exemplar
840 5730 1037 5811 cperis
1086 5730 1337 5797 libr'ariis
1384 5739 1519 5811 tuit,
1560 5730 1945 5794 asseram;

2115 4919 2304 4976 XLVI.
2338 4918 2562 4989 Quippe
2591 4920 2657 4972 ut
2692 4916 2845 4971 Deus
2882 4912 3129 4985 simplex
3158 4908 3373 4981 pariter
3399 4911 3457 4963 et
3503 4906 3695 4963 trinue

2049 5014 2157 5079 est,
2200 5010 2391 5065 trinus
2452 5006 2727 5063 nimirum
2784 5000 3233 5076 proprietatibus
3286 5011 3696 5068 personarum,

2051 5104 2109 5155 at
2138 5100 2393 5154 essentia
2416 5096 2612 5151 divina
2641 5094 2887 5166 simplex
2923 5108 2936 5148 :
2963 5092 3039 5146 ita
3062 5103 3295 5145 necesse
3323 5085 3562 5142 omnino
3585 5092 3695 5151 est,

2052 5189 2151 5259 qui
2179 5188 2293 5243 Deo
2324 5203 2453 5243 sese
2482 5190 2631 5241 totos
2661 5183 2951 5249 addixere,
2982 5180 3103 5236 sive
3149 5177 3349 5249 plures
3390 5176 3510 5231 sive
3553 5189 3696 5244 pau-

2052 5279 2255 5346 ciores,
2290 5276 2431 5333 tales
2462 5275 2742 5348 quosdam
2776 5286 2921 5342 esse,
2952 5278 3007 5326 et
3038 5268 3147 5324 hoc
3177 5283 3313 5337 erga
3343 5281 3406 5321 se
3445 5264 3693 5319 invicem

2054 5368 2226 5423 modo
2255 5365 2491 5421 affectos
2513 5379 2662 5432 esse,
2696 5366 2762 5418 ut
2799 5366 2856 5416 et
2884 5359 2997 5431 ipsi
3030 5374 3130 5431 per
3152 5355 3313 5412 illam
3346 5369 3520 5426 quam
3562 5367 3696 5408 cum

2054 5456 2170 5513 Deo
2227 5455 2443 5536 habent
2507 5449 2978 5516 familiaritatem,
3022 5461 3209 5503 unum
3249 5443 3525 5516 quiddam
3573 5454 3699 5496 esse

2057 5672 2308 5731 pseram,
2336 5656 2507 5727 cujus
2538 5655 2788 5731 necdum
2820 5651 2996 5731 piget.

2124 5730 2204 5800 (2)
2236 5719 2439 5793 orasti,
2465 5746 2518 5783 v.
2540 5728 2684 5795 735;
2717 5719 3076 5780 Andro—much.
3106 5737 3160 5775 v.
3192 5719 3315 5778 376.
