4092 6300
367 399 481 470 263
1669 399 1768 472 Ti]
1782 405 2066 473 EODULI
2113 397 2462 470 MONACHI
3648 400 3768 472 264

361 544 702 610 videantur;
735 544 888 616 quod
931 559 1113 599 unum
1161 542 1220 598 in
1269 543 1591 600 orbiculata
1639 545 1778 600 item
1825 545 1977 617 ligur

2153 540 2467 618 περιφερείας
2524 537 2612 593 ἐπὶ
2664 537 2726 593 τὸ
2804 537 3021 613 κέντρον
3083 538 3258 593 ἰοῦσαι
3334 541 3610 614 γραμμαὶ,
3662 540 3769 604 ἕως

365 634 561 689 videre
609 631 788 689 licet:
841 633 979 688 radii
1031 632 1185 688 enim
1218 633 1289 688 ab
1336 637 1594 690 extrema
1624 651 1726 690 ora
1755 635 1826 690 ad
1876 649 1975 689 con

2150 632 2223 685 ιέν
2258 632 2543 705 ἀφεστᾶσιν
2591 627 2818 698 ἐκείνου,
2856 627 2945 682 καὶ
2994 627 3264 699 ἀλλήλων
3316 630 3391 691 ὡς
3445 630 3586 692 εἰκὸς
3633 630 3766 708 ἀφε-

365 727 523 778 trum
555 728 972 790 commeantes,
1002 723 1264 794 quandin
1297 723 1370 780 ab
1422 723 1523 779 illo
1571 724 1805 791 absunt,
1836 724 1981 779 etian

2150 725 2306 774 ’τᾶσιν
2341 739 2354 752 ·
2390 717 2519 773 ἐπὰν
2561 715 2619 773 δὲ
2668 716 2857 790 ἐκείνῳ
2905 717 3229 786 συνέλθῶσι,
3270 717 3359 773 καὶ
3407 717 3683 790 ἀλλήλαις
3714 719 3766 792 ἐξ

361 828 396 867 a
424 828 486 868 se
506 812 777 878 invicem,
803 817 867 866 ut
891 827 1123 882 aequum
1156 817 1266 880 est,
1299 813 1544 879 distant,
1585 812 1682 868 ubi
1712 829 1846 868 cum
1876 829 1977 869 cen

2157 809 2365 886 νάγκης
2395 806 2629 862 συνίασιν
2667 825 2681 841 ⁶
2733 807 2808 868 ὡς
2838 806 2902 862 τὸ
2935 807 3031 880 μὲν
3077 808 3426 862 οὑστινασοῦν
3476 803 3626 887 ἔχειν
3675 808 3771 863 οἱ-

364 907 450 957 tro
482 910 854 968 concurrunt,
890 901 1213 958 necessario
1243 912 1295 958 et
1329 919 1530 959 secum
1577 907 1809 960 coeunt.
1847 905 1980 969 Quo:

2147 897 2280 960 Lsiwc
2312 897 2402 952 καὶ
2451 899 2826 969 πνευματικῶς
2873 893 3148 968 ἀλλήλοις
3199 898 3499 972 ἡρμόσθαι,
3548 899 3763 971 τεκμή-

361 992 756 1048 clarissimum
791 1008 932 1047 sane
963 992 1378 1048 documentum
1412 996 1522 1060 est,
1553 991 1884 1063 quicunque
1933 993 1977 1048 fa

2160 1007 2238 1041 ιον
2288 984 2347 1040 ὃν
2399 985 2611 1061 ἐναργέι
2644 988 2739 1040 τοῦ
2781 989 2861 1057 τῷ
2900 989 3016 1058 Θεῷ
3069 986 3333 1061 πρότερον
3381 987 3606 1049 τούτους
3656 989 3772 1061 ἠρ-

365 1081 579 1137 miliari
639 1080 1042 1152 spiritualique
1099 1098 1247 1136 nexu
1300 1081 1452 1137 inter
1489 1097 1550 1137 se
1601 1082 1791 1152 juncti
1847 1086 1981 1137 sunt

2152 1077 2321 1132 ιόσθαι
2353 1091 2368 1106 ⁸
2409 1073 2534 1130 ἄνευ
2585 1071 2644 1128 δὲ
2689 1073 2912 1144 τούτου,
2947 1070 3076 1146 μηδ’
3128 1074 3298 1129 ἐκεῖνο
3345 1073 3651 1150 γενόμενον.
3699 1075 3768 1132 Εἰ

353 1174 581 1225 eosdem
615 1171 778 1240 prius
808 1169 922 1224 Deo
950 1170 1298 1239 conjunctos
1331 1171 1510 1226 fuisse
1541 1177 1598 1227 et
1639 1171 1768 1226 sine
1818 1170 1969 1242 prior

2153 1167 2295 1219 οίνυν
2335 1164 2436 1219 οὐκ
2463 1157 2604 1218 ἔστιν
2637 1160 2761 1218 οὔτε
2788 1162 2916 1226 τοὺς
2951 1163 3326 1237 ξυνημμένους
3367 1165 3444 1226 ὡς
3472 1163 3603 1243 ἔφην
3653 1163 3769 1220 ἀλ·-

353 1257 463 1314 hoc
496 1258 747 1325 vinculo,
781 1259 927 1314 illud
961 1260 1246 1331 posterius
1277 1277 1392 1315 non
1423 1261 1740 1328 exsistere;
1781 1260 1969 1331 quod:

2149 1255 2318 1326 34101:;
2353 1256 2430 1329 μὴ
2461 1255 2552 1310 καὶ
2600 1254 2680 1327 τῷ
2720 1258 2838 1324 Θεῷ
2885 1255 3286 1335 προσυνηφθαι,
3319 1251 3442 1310 οὔτε
3489 1256 3616 1316 τοὺς
3663 1255 3765 1310 αύ-

352 1347 474 1403 ﬁeri
504 1349 670 1404 aliter
721 1348 940 1418 nequit,
984 1365 1161 1420 quam
1220 1358 1280 1404 ut
1344 1349 1426 1404 illi
1470 1349 1570 1422 qui
1630 1349 1714 1406 sic
1765 1350 1968 1404 inters

2150 1349 2195 1417 ᾦ
2227 1343 2604 1419 συνημμένους
2653 1344 2730 1417 μὴ
2781 1343 2871 1398 καὶ
2903 1341 3180 1414 ἀλλήλοις
3227 1343 3276 1412 ἐξ
3308 1344 3548 1420 ἀνάγκης
3597 1351 3764 1414 συνῆ-

342 1436 530 1506 juncti
565 1442 726 1504 sunt,
759 1437 1252 1508 quemadmodum
1297 1437 1573 1506 diximus,
1608 1437 1724 1494 Deo
1748 1439 1871 1508 jam
1907 1455 1958 1492 at

2145 1435 2265 1503 ιθαι,
2298 1435 2421 1489 ὅταν
2456 1433 2549 1507 μέν
2581 1453 2732 1494 τινας
2763 1433 3139 1505 ξυνημμένους
3172 1429 3290 1500 ἴδῃς
3336 1431 3632 1503 ἀλλήλοις,
3665 1435 3761 1488 καὶ

346 1526 439 1578 tea
462 1523 759 1594 conjuncti
782 1523 1032 1590 fuerint;
1066 1528 1241 1595 atque
1272 1541 1476 1581 rursus
1507 1530 1572 1580 ut
1601 1524 1701 1595 qui
1734 1525 1850 1580 Deo
1871 1540 1962 1579 co:

2149 1527 2192 1594 ᾧ
2224 1527 2340 1595 Θεῷ
2367 1523 2596 1584 τούτους
2625 1519 3000 1594 ξονημμένους
3032 1521 3284 1596 λογίζου·
3319 1521 3447 1577 ὅταν
3475 1520 3522 1576 δ’
3550 1521 3616 1576 αὖ
3647 1524 3761 1576 πά·-

341 1612 532 1682 juncti
564 1618 722 1682 sunt,
754 1614 931 1668 iidem
965 1613 1116 1668 inter
1155 1631 1218 1671 se
1255 1616 1432 1671 etiam
1483 1615 1812 1672 necessario
1859 1632 1957 1670 con

2143 1633 2203 1667 ,ιν
2234 1617 2314 1685 τῷ
2344 1617 2459 1684 Θεῷ
2489 1611 2889 1685 ξυνημμένους,
2918 1612 3007 1665 καὶ
3057 1611 3339 1682 ἀλλήλοις
3371 1614 3445 1673 ὡς
3478 1613 3619 1672 εἰκὸς
3663 1615 3759 1682 ξυ-

343 1703 531 1773 juncti
565 1703 704 1772 sint,
736 1703 998 1773 sequitur
1028 1704 1306 1774 profecto,
1334 1710 1398 1760 ut
1423 1703 1601 1760 simul
1623 1721 1686 1760 ac
1715 1705 1959 1776 quosdar

2145 1703 2427 1776 ημμένους
2460 1721 2473 1734 ’
2517 1702 2769 1777 ἑκάτερον
2829 1699 2934 1776 γάρ
2995 1701 3250 1774 ἐκατέρου
3309 1703 3486 1777 σαφής
3540 1699 3761 1756 ἀπόδει-

348 1799 553 1847 mutua
568 1791 908 1861 hujusmodi
929 1792 1613 1864 necessitudinejunctos
1633 1793 2004 1860 videris,con-
2036 1777 2082 1841 Β
2115 1792 2212 1862 ξις.

348 1879 508 1936 tinuo
538 1889 590 1935 et
616 1884 726 1936 Deo
763 1880 864 1935 hos
890 1881 1126 1948 junctos
1157 1897 1286 1936 esse
1315 1886 1563 1950 statuas,
1597 1889 1720 1938 tum
1753 1899 1884 1938 vero
1908 1883 2044 1937 item
2083 1887 2147 1937 ut
2182 1883 2276 1938 ubi
2312 1883 2542 1954 aliquos
2575 1884 2685 1938 Deo
2712 1884 2948 1953 junctos
2981 1883 3215 1949 videris,
3250 1882 3507 1949 eosdem,
3535 1885 3748 1936 utvero

345 1975 804 2025 consentaneum
835 1975 944 2037 est,
966 1970 1144 2024 etiam
1175 1971 1326 2026 inter
1351 1987 1413 2026 se
1429 1973 1665 2041 junctos
1687 1987 1814 2027 esse
1842 1974 2044 2027 credas
2069 1991 2082 2038 ;
2110 1979 2200 2026 est
2221 1974 2377 2027 enim
2403 1975 2651 2028 alterum
2683 1973 2918 2027 alterius
2946 1973 3098 2027 haud
3121 1972 3292 2028 fallax
3313 1977 3756 2043 argumentum,

419 2059 638 2114 XLVII.
673 2059 912 2123 Quando
944 2076 1078 2116 vero
1119 2061 1259 2116 tales
1291 2060 1349 2116 hi
1381 2063 1617 2118 omnino
1659 2061 1764 2116 viri
1809 2065 1997 2128 erant,

2181 2066 2306 2118 MZ'.
2339 2059 2636 2121 Τοιούτους
2686 2057 2742 2114 δέ
2771 2079 2921 2119 τινας
2963 2060 3189 2122 τούτους
3231 2059 3412 2128 ὄντας,
3443 2059 3530 2113 καὶ
3579 2058 3754 2120 οὕτως

349 2154 406 2202 et
437 2148 519 2202 ita
549 2164 719 2219 pares
741 2147 829 2201 illi
862 2147 1096 2218 quidem
1131 2150 1283 2205 inter
1312 2167 1374 2205 se
1397 2157 1572 2222 atque
1595 2149 1870 2222 aequales,
1895 2165 1965 2203 set

2147 2147 2384 2217 λλήλοις
2420 2149 2518 2220 μὲν
2570 2146 2938 2224 ἐξεφαμίλλου
2984 2153 3326 2222 χωροῦντας,
3360 2148 3494 2222 πρὸς
3543 2144 3597 2200 δὲ
3626 2147 3757 2208 τοὺς

355 2252 489 2291 cum
524 2235 652 2292 aliis
673 2236 946 2292 omnibus
975 2236 1170 2293 collati
1202 2237 1416 2309 aquilis
1447 2239 1508 2295 in
1537 2239 1792 2295 nubibus
1845 2240 1971 2292 baut

2139 2235 2314 2298 λλους
2363 2238 2566 2297 πάντας
2617 2238 2798 2312 ὥσπερ
2848 2240 2996 2298 τινας
3043 2236 3200 2300 ὄντας
3251 2236 3462 2297 αἰετοὺς
3511 2236 3561 2290 ἐν
3597 2235 3755 2313 νεφέ-

346 2324 680 2394 absimiles;
714 2327 807 2381 hic
865 2325 1148 2398 inclytum
1210 2327 1379 2384 illum
1423 2328 1726 2397 Basiliam,
1773 2327 1961 2382 viribu

2135 2351 2254 2398 λαις,
2307 2329 2584 2385 Βασίλειον
2639 2332 2733 2403 μὲν
2784 2332 2846 2383 τὸ
2894 2327 3134 2400 κλεινὸν,
3185 2333 3220 2400 ἡ
3271 2335 3379 2385 τῶν
3439 2330 3751 2403 Καισαρέων

346 2414 621 2471 omnibus
649 2415 1090 2472 Caesariensium
1123 2418 1194 2471 ad
1228 2434 1287 2473 se
1332 2418 1703 2489 pertrabebat
1733 2417 1962 2474 ecclesia

2131 2416 2410 2487 Εκκλησία
2459 2424 2619 2473 πᾶσιν
2671 2421 2754 2481 οἷς
2806 2420 2924 2493 εἶχε
2976 2421 3112 2494 πρὸς
3157 2421 3351 2487 ἑαυτήν
3408 2418 3697 2474 ἐπισπᾶται
3732 2439 3747 2452 ⁸

347 2506 563 2577 quippe
615 2506 918 2576 aegerrime
972 2507 1160 2561 ferens
1221 2507 1342 2562 viro
1387 2523 1517 2563 sese
1569 2523 1786 2573 carere,
1827 2507 1962 2576 cuju

2143 2509 2279 2562 εινὸν
2314 2509 2388 2571 ὡς
2439 2506 2678 2581 μάλιστα
2726 2507 3027 2580 ποιουμένη
3082 2505 3271 2584 ἀνδρὸς
3321 2506 3656 2583 ἐστερῆσθαι,
3687 2505 3753 2560 οὗ

345 2593 663 2666 gloriosum
695 2610 930 2664 nomen,
955 2611 1070 2650 non
1103 2611 1202 2667 per
1231 2595 1473 2652 Hellada
1494 2596 1774 2652 duntaxat
1792 2597 1961 2667 Argos

2142 2595 2266 2659 λέος
2307 2596 2456 2672 εὐρὺ,
2506 2596 2568 2652 οὐ
2613 2598 2732 2652 καθ’
2779 2595 3020 2673 Ἐλλάγα
3067 2599 3228 2669 μόνον
3275 2596 3370 2652 καί
3415 2595 3578 2669 μέσον
3628 2598 3758 2669 Ἀρ-

348 2699 482 2754 que,
514 2683 842 2740 secundum
877 2693 1133 2753 pocetam
1156 2684 1257 2757 (l),
1284 2685 1398 2742 late
1418 2686 1790 2742 decantatum
1822 2689 1964 2741 esset

2144 2707 2200 2748 ος
2232 2687 2307 2748 ὡς
2333 2685 2481 2756 ἔπος,
2517 2686 2662 2741 ἀλλὰ
2704 2687 2796 2741 καὶ
2839 2690 3011 2741 πᾶσαν
3059 2684 3124 2756 δή
3159 2707 3264 2742 που
3295 2687 3395 2754 τὴν
3447 2686 3532 2763 ὑφ’
3582 2683 3756 2757 ἡλίῳ.

349 2771 453 2828 sed
483 2788 586 2844 per
615 2777 873 2839 cunctas,
905 2789 1048 2842 quas
1078 2773 1166 2829 sol
1203 2775 1401 2842 ambit,
1447 2783 1645 2831 terras.
1671 2775 1771 2830 His
1802 2775 1963 2846 itaqu

2147 2779 2264 2830 αὖτ’
2309 2777 2412 2849 ἄρα
2455 2775 2546 2830 καὶ
2593 2781 2694 2844 τῆς
2739 2776 2976 2853 ἡσυχίας
3023 2774 3182 2830 αὐτὸν
3239 2777 3616 2836 ἀποσπάσασα,
3663 2775 3761 2828 τὸν

264 2857 268 2860 ’
349 2862 421 2916 de
455 2863 652 2918 causis
709 2862 1059 2917 abstractum
1121 2879 1154 2918 a
1201 2864 1396 2934 quiete
1453 2882 1561 2921 sua
1607 2864 1880 2920 hominen

2147 2865 2311 2936 αύτης
2370 2862 2622 2919 οὐδέποτ’
2680 2865 3040 2942 ἀφεστηκότα,
3102 2865 3196 2919 κᾶν
3261 2865 3515 2938 μοριάκις
3565 2883 3763 2917 παντο-

351 2967 466 3022 qua
512 2949 611 3006 ille
667 2967 968 3022 nunquam
1026 2960 1364 3020 secesserat,
1395 2955 1626 3010 etiamsi
1696 2953 1908 3010 millies
1938 2954 1967 3007 ἱ]

2146 2959 2306 3015 αποῖς
2361 2953 2627 3028 περιπέσῃ
2689 2949 2970 3028 θορύϐοις,
3027 2952 3153 3008 ἀλλ’
3210 2952 3338 3008 ὄντα
3389 2955 3525 3007 κατὰ
3586 2950 3759 3026 μόνας

354 3039 797 3110 οωηὶεζεθηθιιὶε
811 3039 1012 3095 turbas
1029 3041 1436 3113 tumultusque
1459 3042 1782 3109 nuoideret,
1802 3058 1970 3096 verun

2147 3045 2238 3108 isi,
2273 3042 2626 3118 ἐγκάταλέγει
2666 3046 2734 3116 τῇ
2785 3042 3012 3120 σφετέρᾳ
3059 3041 3257 3118 φατρία
3288 3061 3302 3076 ⁸
3353 3041 3443 3096 καὶ
3490 3037 3579 3095 διὰ
3624 3042 3763 3095 πάν-

354 3143 589 3198 semper
618 3129 676 3182 in
709 3128 996 3184 altissima
1026 3130 1340 3186 solitudine
1361 3132 1720 3199 versabatur,
1742 3134 1798 3186 in
1823 3147 1970 3186 suun

2143 3156 2214 3187 ων
2260 3134 2335 3194 ὡς
2395 3129 2516 3194 ἔθος
2563 3137 2672 3187 τῶν
2724 3133 2884 3205 ἰερῶν
2934 3135 3320 3207 προαγαγοῦσα
3370 3131 3615 3204 βαθμῶν,
3662 3130 3756 3184 καὶ

353 3216 607 3272 Ecclesia
652 3216 851 3288 allegit
925 3223 1160 3285 castum,
1217 3224 1341 3276 tum
1399 3225 1772 3292 posteaquam
1829 3226 1969 3274 suett

2143 3225 2383 3295 ιμήσασα
2418 3223 2483 3277 τὰ
2534 3223 2856 3298 γιγνόμενα,
2891 3219 3105 3293 μᾶλλον
3157 3219 3214 3275 δὲ
3263 3221 3456 3289 ἑαυτὴν
3504 3217 3592 3273 διὰ
3619 3219 3754 3272 τού-

353 3322 513 3362 more
536 3322 638 3378 per
666 3323 870 3361 omnes
893 3323 1194 3363 sacrorum
1225 3310 1555 3365 officiorum
1581 3310 1800 3381 gradus
1825 3309 1969 3362 illun

2138 3333 2222 3379 ου,
2253 3311 2436 3380 τέλος,
2469 3310 2554 3364 ἵνα
2585 3310 2651 3366 τὰ
2700 3310 2751 3364 ἐν
2787 3309 2936 3382 μέσῳ
2979 3315 3157 3384 παρῶ,
3191 3308 3428 3383 ποιμένα
3472 3307 3561 3362 καὶ
3610 3308 3754 3380 πρό-

354 3399 708 3466 provexerat,
768 3395 1102 3468 meritisque
1183 3396 1442 3454 coluerat
1507 3398 1845 3466 honoribus,
1896 3415 1966 3453 au

2140 3397 2256 3472 ὅρον
2299 3403 2516 3470 ἑαυτῆς,
2562 3399 2696 3472 μετᾶ
2742 3406 2845 3467 τῆς
2889 3403 2986 3453 τοῦ
3037 3402 3171 3453 Θεοῦ
3218 3393 3590 3471 προϐάλλεται

347 3487 593 3556 seipsam
645 3487 836 3556 potius
895 3487 999 3541 viri
1059 3487 1407 3544 claritudine
1457 3489 1874 3545 decoraverat:
1920 3507 1963 3542 at

2145 3511 2205 3544 ου
2246 3490 2336 3543 τὸν
2383 3492 2562 3558 πάσης
2609 3496 2708 3557 τῆς
2757 3487 3080 3558 οἷκουηένης
3130 3492 3448 3561 προστατεῖν
3497 3487 3755 3562 ἀξιόχρε-

351 3575 636 3640 ultimum,
660 3580 725 3630 ut
756 3592 884 3646 quae
915 3575 972 3631 in
1007 3577 1198 3631 medio
1228 3582 1368 3632 sunt
1388 3576 1620 3633 silentio
1643 3579 1967 3634 transmitte

2136 3602 2198 3648 ιν,
2233 3579 2321 3632 καὶ
2369 3583 2460 3633 νῦν
2509 3579 2584 3639 ὡς
2627 3577 2850 3647 ἀληθῶς
2895 3581 3060 3631 τοῦτο
3111 3581 3372 3630 ποιοῦντα
3416 3577 3505 3630 καὶ
3558 3573 3752 3647 λόγοις

347 3681 495 3729 mus,
530 3669 814 3735 pastorem
841 3666 1266 3737 praesidemque
1297 3683 1471 3722 suum
1494 3666 1688 3724 divino
1719 3683 1963 3738 compro

2133 3670 2187 3722 αἱ
2221 3669 2410 3722 κανόσι
2441 3668 2531 3721 καὶ
2588 3663 2859 3742 δόγμασιν
2893 3683 2904 3694 ·
2940 3665 3016 3727 ὼς
3067 3662 3111 3718 δ’
3146 3667 3174 3719 ὁ
3222 3666 3318 3737 μὲν
3363 3663 3630 3720 κάλλιστα
3661 3666 3749 3718 καὶ

345 3753 544 3808 batnm
575 3753 852 3824 suffragio
883 3754 1217 3812 declarabat
1250 3773 1263 3810 :
1300 3756 1399 3828 qui
1443 3757 1697 3828 profecto
1737 3757 1961 3812 maxim:

2138 3757 2679 3832 .εγαλοπρεπέστατα,
2732 3755 2820 3809 καὶ
2873 3756 2948 3816 ὡς
3002 3753 3101 3809 οὒκ
3151 3752 3252 3808 οἶδ’
3285 3753 3337 3808 εἷ’
3377 3774 3460 3814 τις
3507 3757 3612 3806 τῶν
3646 3755 3754 3826 πρὸ

341 3842 502 3896 orbis
523 3848 807 3898 terrarum
851 3844 1190 3913 pontilicatu
1212 3845 1608 3916 dignissimus
1639 3849 1781 3915 erat,
1805 3861 1952 3917 eoqu

2138 3849 2267 3902 ὐτοῦ
2311 3867 2370 3901 τε
2407 3847 2498 3901 καὶ
2550 3847 2668 3918 μετ’
2720 3846 2884 3900 αὐτοῦ
2935 3848 3036 3910 τῆς
3086 3844 3390 3919 Καισαρέων
3445 3839 3611 3912 ἐπέϐη
3660 3843 3751 3897 καὶ

341 3947 496 3985 nunc
514 3947 770 4000 munere,
796 3931 854 3987 in
880 3933 1112 4004 scriptis
1133 3933 1274 4003 suis,
1299 3934 1640 4007 pietatisque
1665 3936 1957 4007 praeceptis

2131 3937 2298 3998 ςάντας
2331 3935 2591 4006 ἐξέπληξε
2621 3954 2633 3966 ⁸
2672 3933 2971 4008 Δρηγόριος
3005 3931 3062 3988 δέ
3093 3934 3121 3987 ὁ
3167 3934 3410 4008 χρηστὸς
3455 3933 3620 4006 μόνος
3652 3930 3747 3984 ἐν-

339 4037 403 4076 ac
423 4020 911 4088 institutionibus,
935 4021 1239 4078 verissime
1261 4023 1542 4096 fungitur.
1565 4022 1693 4078 Jam
1711 4025 1808 4079 ubi
1830 4025 1955 4079 Basi

2137 4026 2467 4081 πολέλειπτο
2505 4028 2575 4098 τῇ
2621 4023 2869 4094 ἀσκήσει,
2899 4023 2994 4078 καὶ
3044 4029 3144 4092 τῆς
3190 4021 3492 4099 συντρόφου
3541 4022 3626 4074 καὶ
3663 4021 3752 4096 φί-

337 4110 451 4164 lius
483 4109 890 4180 pulcherrime,
939 4119 994 4166 et
1035 4113 1635 4184 magnificentissime,
1684 4119 1860 4184 atque
1920 4131 1948 4169 ο

2139 4136 2202 4184 ης
2235 4114 2470 4189 ἡσυχίας
2506 4115 2729 4186 μανικὸς
2781 4111 2853 4167 ἔτ’
2886 4113 2952 4182 ἦν
3005 4108 3365 4179 σπουδαστῆς.
3401 4107 3527 4165 Οὐδ’
3574 4108 3751 4170 οὕτως

338 4212 480 4252 sane
504 4197 696 4264 modo,
729 4213 844 4268 quo
876 4198 1031 4253 haud
1055 4200 1175 4255 scio
1202 4217 1277 4255 an
1309 4201 1458 4256 alius
1481 4200 1816 4272 quisquam,
1841 4201 1954 4257 sive

2130 4203 2371 4275 ελλήλων
2421 4202 2752 4273 ἀπέστησαν,
2786 4199 2913 4256 οὐδὲ
2961 4198 3247 4270 διέστησαν
3299 4197 3416 4254 οὐδ’
3467 4200 3746 4264 ὁπωσοῦν,

341 4292 474 4341 ante
531 4287 748 4357 ipsum,
798 4287 914 4342 sive
981 4295 1112 4361 post
1170 4290 1359 4360 ipsum
1425 4291 1802 4346 Caesariensis
1859 4291 1952 4362 epi

2137 4294 2166 4348 ὐ
2219 4293 2434 4368 μᾶλλον
2483 4314 2542 4369 γε
2589 4295 2624 4364 ἢ
2674 4293 2765 4348 καὶ
2809 4295 2956 4371 σφῶν
3003 4291 3176 4345 αὑτῶν
3210 4309 3222 4322 '
3273 4288 3402 4345 ἀλλ’
3451 4285 3750 4360 ἐπειδήπερ

336 4393 548 4447 scapus
579 4377 761 4431 factus
788 4377 918 4445 fuit,
951 4383 1304 4450 cunctosque
1326 4380 1709 4435 admiratione
1732 4380 1820 4434 sui
1858 4396 1952 4451 per

2137 4385 2242 4455 παξ
2299 4380 2521 4456 δεσμοῖς
2580 4381 2874 4459 ἀρῥήκτοις
2944 4378 3245 4453 συμπνοίας
3303 4376 3562 4448 ἐδέθησαν
3630 4381 3753 4440 τοῖς

339 4466 498 4532 culit,
533 4465 724 4520 bonus
754 4471 947 4522 autem
977 4467 1289 4539 Gregorius
1310 4471 1369 4524 in
1401 4469 1674 4539 religiosa
1705 4469 1803 4524 illa
1824 4486 1955 4525 exer

2140 4476 2200 4526 οῦ
2231 4471 2558 4545 πνεύματος,
2590 4473 2802 4540 νοητῶς
2844 4490 2902 4524 τε
2952 4469 3028 4532 ὡς
3077 4468 3218 4530 εἰκὸς
3264 4465 3538 4538 ἀλλήλοις
3589 4465 3754 4533 συνῆ-

335 4555 609 4609 citatione
638 4553 796 4608 solus
820 4555 1070 4622 relictus,
1097 4565 1339 4614 assuetae
1383 4575 1448 4614 ac
1473 4559 1848 4629 perjucnnde
1870 4576 1951 4614 βω

2135 4583 2222 4630 αν,
2273 4561 2362 4614 καὶ
2412 4559 2746 4632 σωματιλῶς
2800 4562 2880 4615 ὅτ’
2933 4560 2994 4614 ἃν
3042 4553 3514 4633 παραϐάλλοντες,
3566 4554 3675 4628 οὐχ
3719 4558 3751 4610 ὁ

336 4644 550 4714 quietis
582 4660 756 4715 prope
783 4643 1027 4700 insanus
1057 4647 1246 4701 adhuc
1274 4654 1499 4702 amator
1530 4653 1670 4716 erat,
1705 4664 1818 4703 non
1863 4647 1952 4703 ide

2135 4651 2202 4704 ιὲν
2239 4647 2475 4721 μᾶλλον,
2508 4647 2588 4703 ὅδ’
2618 4650 2806 4718 ἧττον,
2839 4646 2967 4702 ἀλλ’
2999 4647 3181 4720 ἐξίσης
3228 4643 3394 4720 ἄμφω
3429 4664 3440 4674 ·
3477 4645 3564 4698 καὶ
3615 4642 3751 4715 ὅπερ

335 4734 417 4788 illi
452 4740 643 4790 tamen
675 4751 708 4788 a
743 4739 944 4790 mutua
987 4738 1398 4805 conjunctione
1446 4738 1842 4805 discedebant,
1890 4755 1951 4793 nc

2134 4739 2225 4813 :spi
2260 4739 2603 4812 Ἑρμοτίμου
2647 4741 2744 4792 τοῦ
2792 4736 3168 4811 Κλαζομενίου
3218 4731 3274 4788 δέ
3318 4755 3424 4788 που
3468 4733 3642 4811 φασὶν,
3672 4733 3750 4795 ὡς

333 4839 447 4894 que
495 4823 611 4878 ullo
653 4823 820 4895 plane
871 4825 1044 4880 modo
1105 4827 1550 4894 divellebantur,
1581 4828 1748 4899 ,haud
1803 4827 1949 4899 magi

2130 4829 2215 4883 ἴπα
2272 4825 2736 4899 ἀπολιμπάνουσα
2789 4826 2948 4881 αὐτὸν
3000 4828 3034 4895 ἡ
3096 4826 3248 4899 ψυχὴ
3304 4820 3469 4878 πάλιν
3525 4821 3746 4894 ἐπανῄει

333 4914 566 4983 quidem
607 4919 760 4969 certe
794 4931 968 4986 quam
1016 4933 1049 4969 a
1098 4919 1408 4988 semetipso
1455 4924 1715 4987 uterque.
1749 4918 1948 4982 Quand

2131 4921 2319 4983 ,ωοῦσα
2375 4917 2464 4970 καὶ
2514 4917 2674 4990 μένος
2735 4913 3060 4988 ἐμπνέουσα,
3109 4918 3270 4968 τοῦτο
3319 4912 3582 4966 κάνταῦθά
3626 4931 3747 4973 πως

334 5003 490 5058 enim
531 5003 710 5059 semel
760 5004 1157 5060 indissolubili
1205 5012 1380 5077 atque
1428 5007 1714 5078 spirituali
1772 5015 1950 5066 mutu:

2130 5012 2234 5080 ιρᾷν
2267 5003 2411 5060 ἔστιν
2445 5025 2458 5038 ·
2496 5006 2557 5060 οὐ
2592 5002 2808 5078 μᾶλλον
2840 5004 3051 5072 ἀπῆσαν
3083 4999 3371 5071 ἀλλήλων,
3403 4999 3438 5068 ἢ
3469 4997 3746 5068 ἀλλήλοις

333 5092 736 5148 consensionis
776 5095 926 5150 nouio
984 5095 1281 5151 constricti
1327 5101 1518 5164 erant,
1549 5097 1762 5152 animis
1821 5099 1949 5169 ipsi:

2130 5102 2351 5166 ὐνῆσαν,
2414 5091 2541 5149 ἀλλ’
2597 5095 2812 5149 ἀπεῖναι
2872 5091 3180 5162 δοκοῦντες,
3237 5097 3467 5159 συνῆσαν
3523 5089 3746 5142 ἑκαστο-

335 5189 394 5237 ut
425 5197 530 5252 par
557 5186 700 5248 erat,
735 5199 848 5239 una
881 5189 1084 5253 erant;
1132 5185 1387 5256 itemque
1446 5185 1585 5240 dum
1646 5186 1811 5242 licuit
1860 5205 1989 5243 cor-
2100 5207 2180 5244 τε.

337 5271 594 5344 poribus,
627 5273 988 5330 conferentes
1015 5275 1089 5331 ad
1121 5275 1270 5331 hanc
1301 5276 1817 5344 necessitudinem,
1852 5294 1967 5334 non
2017 5277 2114 5334 hic
2142 5278 2297 5346 plus,
2357 5275 2452 5332 ille
2515 5276 2733 5343 minus,
2778 5275 2878 5331 sed
2925 5273 3097 5330 ambo
3155 5270 3506 5328 tantundem
3544 5287 3555 5324 :
3591 5269 3748 5324 unde

332 5363 486 5434 quod
522 5363 593 5418 de
623 5362 974 5421 Hermotimo
1005 5366 1372 5423 Clazomenio
1420 5368 1590 5438 vulgo
1641 5368 2071 5438 circumfertur,
2130 5369 2409 5424 nimirum
2463 5367 2721 5423 animam
2773 5365 2940 5421 illum
2995 5363 3245 5420 subinde
3280 5359 3604 5432 reliquisse,
3638 5361 3746 5414 ite-

333 5469 583 5524 rumque
611 5468 951 5524 regressam,
979 5457 1160 5512 vitam
1195 5473 1492 5528 novasque
1526 5458 1895 5529 inspiravisse
1923 5459 2081 5515 vires
2121 5476 2134 5512 :
2169 5458 2312 5514 illud
2373 5458 2468 5513 hic
2527 5458 2665 5512 item
2731 5455 3168 5527 quodammodo
3215 5451 3412 5508 videre
3454 5454 3578 5517 est;
3630 5464 3746 5505 non

334 5543 490 5599 enim
525 5543 709 5614 magis
743 5544 1018 5614 disiuncti
1050 5547 1197 5603 alter
1221 5549 1293 5603 ab
1322 5548 1501 5604 altero
1550 5548 1813 5615 aberant,
1845 5565 2022 5622 quam
2073 5565 2194 5607 una
2253 5552 2567 5621 praesentes
2623 5553 2804 5615 erant,
2855 5544 3120 5600 videlicet
3175 5555 3509 5614 quanquam
3543 5539 3749 5596 abesse

336 5629 684 5699 viderentur,
715 5630 937 5686 unailli
971 5635 1165 5690 tamen
1199 5639 1475 5708 perpetuo
1505 5640 1689 5692 erant.

409 5775 488 5857 (1)
513 5773 721 5852 Odyss.
756 5790 833 5839 ιν,
866 5774 993 5847 726,
1023 5777 1150 5834 816.
