4092 6300
515 433 634 494 267

1817 429 2212 494 THEODULI
2256 433 2611 499 MONACHI

3777 444 3884 503 268

514 569 758 625 modum
788 569 1068 644 creparet,
1087 565 1226 620 dum
1254 579 1492 621 sursum
1515 564 1788 624 deorsum
1807 565 2002 622 omnia
2025 566 2151 623 mis-

2268 589 2406 642 γων,
2437 571 2526 625 καὶ
2552 572 2685 644 μετὰ
2716 575 2822 626 τῶν
2853 568 3085 642 δούλων,
3117 577 3237 636 πῶς
3278 571 3416 628 εἷ’πω
3450 594 3465 645 ;
3495 573 3589 628 τὸν
3636 574 3889 644 Δεσπότην

516 659 701 727 cebat,
723 663 778 714 et
817 679 846 708 «
867 657 925 712 in
956 653 1248 712 excelsum
1276 653 1640 725 iniquitatem
1662 653 2012 726 loquebatur
2030 655 2096 724 ιι,
2121 677 2150 706 ι)

2261 659 2452 720 τιθείς.

512 748 830 819 orbemque
850 749 1134 802 terrarum
1148 742 1590 799 absurdissimis
1610 759 1814 800 vocum
1834 745 2190 802 novitatibus
2206 745 2551 823 placitisque
2569 752 2692 808 suis
2703 753 3083 824 pervertehat,
3102 753 3376 812 nimirum
3398 753 3704 812 creationis
3717 770 3894 812 rerum

513 840 825 893 Auctorem
860 836 916 892 in
943 851 1137 891 rerum
1171 838 1496 889 creatarum
1520 834 1781 890 ordinem
1811 837 2122 901 deducens,
2153 841 2208 892 et
2234 853 2365 894 cum
2397 843 2602 912 servis,
2627 844 2784 899 nefas
2814 843 3000 900 dictu!
3027 845 3341 901 Dominum
3363 845 3558 918 ipsum
3587 845 3900 903 collocans.

585 927 672 982 LI.
704 927 984 983 Caeterum
1023 928 1089 980 ut
1139 940 1264 980 meo
1327 923 1470 978 mihi
1516 923 1799 980 arbitratu
1835 925 2156 981 orationem

516 1017 732 1088 ﬁngere
760 1031 899 1087 pace
919 1022 1124 1081 vestra,
1153 1013 1771 1086 auditores,integrum
1803 1015 1881 1071 sit
1911 1031 2104 1087 quaeso
2139 1033 2152 1073 :

513 1106 794 1176 liceatque
827 1103 1096 1161 nonnihil
1135 1102 1440 1159 altioribus
1468 1102 1848 1175 philosophiae
1870 1105 2156 1162 sermoni-

511 1194 921 1266 usindulgere,
955 1193 1280 1265 primisque
1311 1192 1466 1248 velut
1486 1191 1658 1248 lineis
1709 1195 1996 1250 maximas
2036 1195 2154 1249 Viri

510 1284 857 1340 adumbrare
900 1283 1164 1338 virtutes.
1199 1281 1499 1352 Siquidem
1540 1282 1718 1349 enim,
1745 1288 1808 1338 ut
1857 1283 2012 1339 Plato
2054 1285 2153 1340 do-

508 1378 597 1429 cet
625 1374 725 1443 (t),
759 1377 934 1443 atque
977 1387 1068 1427 res
1107 1371 1234 1442 ipsa
1282 1371 1606 1440 conﬁrmat,
1644 1376 1757 1428 tres
1799 1373 2008 1428 animae
2045 1373 2156 1428 hu-

508 1477 689 1519 manae
714 1465 908 1533 partes
939 1465 1106 1516 sunt:
1133 1476 1249 1515 una
1280 1476 1405 1531 quas
1441 1460 1654 1516 mentis
1678 1465 1736 1516 et
1757 1461 2000 1518 rationis
2023 1479 2151 1533 par-

505 1551 687 1624 ticeps
720 1559 834 1619 est;
858 1549 1060 1618 altera,
1081 1549 1140 1604 in
1165 1566 1282 1621 qua
1310 1549 1532 1605 irarum
1563 1551 1974 1608 exsistitardor
1994 1569 2154 1624 ;pos-

502 1645 688 1697 trema
719 1657 846 1712 quae
876 1639 1242 1710 voluptatum
1273 1637 1564 1695 illecebris
1598 1641 1948 1696 concitatur.
1967 1642 2043 1696 Ea
2067 1657 2151 1705 re,

504 1733 570 1785 ut
599 1745 701 1802 par
729 1733 838 1797 est,
872 1733 987 1785 tres
1018 1728 1160 1784 item
1192 1743 1450 1783 summas
1485 1745 1549 1784 ac
1580 1728 1867 1786 latissime
1886 1734 2149 1801 patentes

2263 1736 2418 1799 νεῖν,
2449 1731 2638 1786 κακίαν
2699 1730 2758 1786 δὲ
2809 1731 3193 1811 ἀφροσύνην
3234 1750 3250 1767 ⁶

504 1835 630 1876 esse
651 1818 910 1890 oportuit
938 1818 1201 1885 virtutes,
1235 1817 1448 1889 quippe
1481 1817 1738 1874 indidem
1779 1820 2014 1875 omnino
2045 1821 2153 1876 ini-

502 1910 648 1967 tium
679 1908 1095 1976 ducentes,sed
1128 1906 1346 1978 quibus
1376 1909 1745 1977 postmodum
1769 1910 1945 1965 etiam
1969 1910 2152 1980 justi-

504 1998 647 2055 tiam
679 1999 940 2069 adjecere
973 2013 986 2051 :
1021 1997 1185 2069 gnari
1220 1995 1443 2052 scilicet
1468 1997 1645 2066 partis
1679 1998 1904 2054 ratione
1935 2002 2152 2057 utentis

502 2089 797 2160 propriam
827 2088 1098 2144 virtutem
1136 2087 1486 2158 prudentiam
1528 2102 1675 2153 esse,
1716 2088 2153 2160 imprudentiam

503 2179 813 2232 vitium:at
842 2175 1074 2232 illarum
1107 2192 1309 2232 rursus
1331 2192 1457 2246 qua
1489 2177 1573 2232 ira
1599 2181 1701 2232 aut
1731 2177 2152 2249 cupiditatibus

501 2267 902 2334 effervescunt,
953 2265 1294 2337 posterioris
1369 2264 1603 2336 quidem
1660 2265 1832 2337 hujus
1878 2267 2150 2325 virtutem

500 2359 934 2428 temperantiam,
968 2359 1025 2410 et
1055 2355 1112 2409 in
1155 2354 1555 2426 voluptatibus
1614 2357 2058 2421 continentiam;
2096 2368 2154 2416 at

502 2444 663 2501 illiu
689 2443 1391 2516 fortitudinem,animique
1419 2443 1893 2501 mansuetudinem
1915 2448 2154 2518 perinde

502 2552 568 2590 ac
606 2535 748 2591 vitia
803 2533 1134 2605 utriusque,
1177 2549 1388 2604 nempe
1439 2532 1766 2600 irascentis,
1800 2535 2152 2592 timiditatem

501 2629 675 2695 atque
703 2623 1078 2690 iracundiam,
1111 2627 1176 2677 ut
1204 2623 1668 2693 concupiscentis
1699 2625 2152 2694 perditissimam

501 2713 663 2770 illam
696 2712 1000 2769 libidinem
1052 2713 1548 2782 intemperantiam,
1592 2714 1686 2768 sed
1755 2714 1964 2770 animis
2020 2731 2155 2772 vero

501 2804 677 2861 totius
715 2803 1010 2871 virtutem,
1025 2803 1325 2874 justitiam,
1348 2807 1405 2858 et
1445 2807 1720 2875 praeterea
1769 2805 2156 2862 liberalitatem

499 2898 672 2963 atque
690 2893 1228 2962 magnanimitatem,
1255 2893 1745 2962 quemadmodum
1789 2893 1944 2961 vitia,
1979 2895 2158 2966 injus-

501 2981 711 3048 titiam,
739 2980 1206 3046 illiberalitatem,
1249 2981 1620 3052 abjectamque
1666 2982 2062 3052 humilitatem,
2095 2991 2159 3042 ut

2340 930 2465 986 NA'.
2503 929 2638 985 Δύτε
2661 927 2717 986 δέ
2742 952 2836 1003 μοι
2858 936 2936 1004 τῷ
2958 930 3109 1006 λόγῳ
3131 931 3167 1006 ᾖ
3202 932 3478 1009 βούλομαι
3500 934 3900 1008 χρήσασθαι,καὶ

2267 1014 2636 1094 φιλοσοφῆσαι
2690 1021 2912 1094 μικρὸν,
2959 1020 3048 1075 καὶ
3119 1019 3243 1075 ὅσον
3313 1019 3643 1097 ἐνδεδεῖχθαι
3703 1021 3901 1076 κάντεῦα

2265 1105 2350 1158 θεν
2399 1107 2461 1160 τὸ
2507 1109 2646 1182 πρὸς
2698 1109 2893 1183 ἀρετὴν
2933 1113 3032 1164 τοῦ
3077 1107 3272 1186 ἀνδρὸς
3326 1111 3514 1186 περίον
3551 1134 3564 1146 ·
3613 1117 3774 1187 τριῶν
3807 1111 3898 1188 γὰρ

2266 1191 2459 1262 ὄντων,
2493 1194 2568 1258 ὥς
2607 1218 2737 1274 φησι
2790 1198 3040 1268 Πλάτων,
3071 1201 3161 1253 καὶ
3210 1199 3446 1270 τάληθὲς
3491 1205 3775 1276 μαρτυφεῖ,
3803 1204 3899 1255 τῶν

2262 1289 2362 1352 τῆς
2405 1288 2590 1362 ψυχῆς
2643 1283 2819 1357 δήπου
2880 1292 3079 1362 μερῶν,
3133 1287 3388 1363 λογικοῦ,
3441 1290 3673 1362 θυμικοῦ
3713 1309 3788 1361 τε,
3820 1287 3898 1342 καὶ

2265 1370 2683 1446 ἐπιθυμητικοῦ,
2726 1369 2833 1428 ἔδει
2887 1376 2982 1448 μὲν
3031 1375 3120 1430 καὶ
3163 1382 3313 1450 τρεῖς
3368 1377 3442 1438 ὡς
3489 1376 3631 1439 εἰκὸς
3662 1377 3783 1431 εἶναι
3813 1377 3896 1435 τὰς

2264 1465 2625 1536 γενικωτάτας
2679 1468 2786 1518 τῶν
2860 1463 3062 1538 ἀρετῶν
3119 1465 3194 1526 ὡς
3269 1467 3368 1534 τήν
3457 1467 3634 1542 ἀρχὴν
3715 1466 3894 1520 ἐκεῖθεν

2264 1550 2520 1627 ἐχούσας.
2569 1557 2660 1607 νῦν
2720 1551 2778 1607 δὲ
2833 1554 2923 1608 καὶ
2983 1551 3332 1624 δικαιοσύνην
3407 1554 3595 1616 αὐταῖς
3689 1575 3898 1629 προστι-

2265 1641 2439 1696 θὲασιν
2470 1659 2484 1673 ⁸
2519 1639 2720 1704 εἰδότες
2761 1643 2954 1718 ἀρετὴν
2989 1644 3083 1716 μὲν
3131 1647 3228 1698 τοῦ
3269 1641 3612 1719 λογιστικοῦ,
3644 1643 3704 1698 τὸ
3756 1663 3898 1720 φρο-

3308 1737 3405 1788 τοῦ
3462 1729 3510 1787 δ’
3569 1732 3635 1788 αὖ
3684 1734 3898 1804 θυμικοῦ

2257 1841 2316 1874 τε
2348 1821 2438 1875 καὶ
2487 1820 2908 1894 ἐπιθυμητικοῦ,
2941 1825 3037 1876 τοῦ
3089 1823 3204 1895 μὲν,
3240 1823 3678 1901 σωφροσύνην
3727 1822 3809 1877 καὶ
3844 1821 3898 1875 τὸ

2258 1910 2394 1984 πρὸς
2424 1910 2519 1974 τὰς
2548 1907 2748 1980 ἡδονὰς
2783 1909 3099 1985 ἐγκρατὲς
3126 1930 3138 1942 °
3169 1915 3265 1965 τοῦ
3291 1908 3348 1965 δὲ
3374 1908 3897 1985 θυμικοῦ,ἀνόρίαν

2259 2019 2318 2054 τε
2348 2000 2436 2053 καὶ
2475 1999 2829 2074 πράότητα
2860 2016 2874 2030 ⁸
2926 1999 3118 2054 κακίαν
3162 1998 3219 2054 δὲ
3263 2000 3625 2078 ἀμφωτὲρων,
3673 2003 3765 2055 τοῦ
3811 1999 3898 2072 μὲν

2263 2085 2519 2142 δειλίαν
2551 2087 2638 2142 καὶ
2675 2087 2876 2164 ὀργιλ
2896 2087 3124 2159 ότητα,
3155 2093 3252 2144 τοῦ
3281 2109 3341 2165 γε
3366 2091 3473 2163 μὴν
3495 2087 3899 2162 ἐπιθυμητικοῦ,

2258 2180 2358 2245 τὴν
2383 2177 2591 2231 κάκιστ’
2619 2177 3010 2250 ἀπολουμένην
3050 2175 3423 2233 ἀκολασίαν
3460 2197 3472 2211 °
3519 2177 3659 2247 ὅλης
3708 2175 3762 2232 δὲ
3811 2181 3901 2244 τῆς

2263 2269 2470 2342 ψυχῆς,
2502 2265 2716 2340 ἀρετὴν,
2751 2263 3216 2338 δικαιοσύνην,
3270 2266 3360 2321 καὶ
3404 2267 3621 2341 προσέτ’
3657 2265 3905 2322 ἐλευθε-

2264 2355 2545 2428 ριότητά
2574 2356 2741 2410 τεκαὶ
2769 2356 3307 2430 μεγαλοψυχίαν,
3335 2357 3522 2411 κακίαν
3545 2353 3626 2428 δὲ,
3654 2352 3902 2411 ἀδικίαν

2261 2444 2351 2499 καὶ
2385 2442 2993 2520 ἄνελευθεριότητα
3021 2445 3111 2499 καὶ
3146 2444 3734 2523 μικροψυχίαν,ὡς
3765 2444 3906 2517 ἀνάγ·

2262 2555 2363 2604 κην
2397 2533 2631 2590 ἐντεῦθεν
2663 2536 2794 2590 εἶναι
2814 2540 2981 2608 τριῶν
3019 2537 3190 2592 ὅντων
3229 2535 3467 2608 ἐκείνων,
3498 2536 3753 2612 τέτταρας
3782 2533 3905 2590 ταύ-

2261 2645 2356 2685 τας
2415 2625 2472 2679 ’ὀν
2531 2620 2662 2700 ἔφην
2724 2624 2996 2702 γίγνεσθαι
3059 2625 3286 2701 τρόπον,
3342 2626 3432 2680 καὶ
3510 2629 3578 2700 τῇ
3660 2627 3903 2704 φρονήσει

2263 2715 2354 2768 κάὶ
2414 2713 2599 2788 ἀνδρίᾳ
2656 2716 2748 2769 καὶ
2808 2714 3160 2791 σωφροσύνῃ,
3227 2716 3316 2770 καὶ
3389 2718 3488 2786 τήν
3569 2713 3903 2783 δικαιοσύνην

2263 2809 2566 2877 προσεῖναι.
2603 2805 2698 2858 Ὧν
2751 2803 2921 2876 μείζω
2968 2804 3137 2875 τάξιν,
3189 2804 3448 2880 φρόνησις
3496 2799 3641 2880 ἔχει,
3673 2805 3749 2866 ὡς
3795 2804 3906 2878 ῥίζα

2265 2895 2471 2951 τούτων
2500 2895 2589 2948 καὶ
2620 2894 2774 2969 πηγή
2825 2893 2914 2948 καὶ
2965 2892 3128 2959 αἰτία,
3178 2893 3268 2948 καὶ
3313 2893 3452 2966 μόνη
3495 2891 3764 2969 δυναμὲνη
3796 2893 3905 2948 ταύ-

2265 3005 2358 3046 τας
2406 2983 2590 3044 καλῶς
2640 2979 3016 3056 δημαγωγεῖν,
3077 2981 3166 3037 καὶ
3217 2980 3441 3037 διοικεῖν
3499 2982 3587 3037 καὶ
3650 2982 3899 3057 ξυνέχειν,

500 3072 638 3128 hinc
667 3072 810 3126 adeo
840 3071 1074 3127 tametsi
1101 3075 1217 3126 tres
1237 3070 1519 3126 duntaxat
1540 3071 1750 3127 animas
1770 3079 1963 3144 partes
1986 3081 2151 3146 sunt,

2266 3074 2357 3130 καὶ
2409 3077 2486 3148 μή
2527 3075 2829 3148 ξυγχωρεῖν
2868 3066 2968 3143 ἔξω
3017 3077 3113 3128 τοῦ
3152 3077 3486 3148 τεταγμένου
3515 3078 3745 3148 χωρεῖν,
3775 3070 3900 3128 ἀλλὰ

519 3169 632 3227 sto,
689 3177 865 3232 quem
934 3160 1206 3229 diximus,
1241 3161 1432 3227 modo,
1483 3165 1733 3232 quatuor
1791 3179 2022 3220 necesse
2080 3169 2157 3223 sit

509 3252 788 3307 exsistere
818 3249 1081 3318 virtutes,
1115 3253 1172 3305 et
1211 3249 1281 3304 ad
1325 3249 1695 3319 prudentiam
1751 3268 1816 3307 ac
1863 3254 2158 3313 fortitudi-

500 3356 633 3397 nem
665 3356 731 3396 ac
785 3338 1223 3410 temperantiam
1260 3338 1534 3395 accedere
1561 3339 1802 3396 omnino
1835 3341 2151 3412 justitiam.

2267 3173 2366 3234 τῆς
2413 3163 2621 3240 φύσεως
2671 3158 2888 3238 ἔχεσθαι
2937 3181 2950 3195 ·
3002 3161 3062 3216 οὐ
3109 3161 3209 3237 γὰρ
3265 3161 3487 3238 ἀπόχρη
3561 3164 3730 3235 μόνον
3789 3159 3904 3215 ταύ-

2265 3275 2360 3316 τας
2418 3251 2635 3322 εἷόἑναι,
2673 3249 2821 3306 ἀλλᾶ
2851 3249 2940 3306 καὶ
2981 3255 3077 3306 τοῦ
3126 3251 3273 3312 ὅπως
3325 3248 3407 3306 δεῖ
3449 3251 3690 3325 μετιέναι
3741 3269 3904 3327 προσ-

2271 3343 2349 3362 ἣν

2267 3363 2366 3401 οει.

505 3431 621 3487 Has
650 3430 802 3486 inter
839 3430 1080 3486 virtutes
1109 3428 1369 3486 ordinem
1402 3429 1714 3500 prudentia
1743 3431 1926 3500 ducit,
1959 3439 2156 3507 utpote
2197 3439 2361 3495 radix
2409 3441 2771 3502 ceterarum,
2793 3437 2850 3489 et
2893 3433 3046 3499 fons,
3079 3436 3135 3488 et
3175 3449 3373 3501 causa,
3408 3437 3463 3490 et
3504 3450 3636 3506 qua:
3668 3434 3788 3490 sola
3841 3430 3904 3486 il-

503 3522 587 3577 las
621 3524 772 3576 recte
795 3535 1014 3592 regere,
1050 3537 1116 3576 ac
1146 3518 1489 3592 gubernare,
1521 3536 1588 3576 ac
1631 3521 1927 3580 continere
1955 3526 2018 3581 in
2049 3528 2239 3585 ofﬁcio
2273 3532 2480 3600 potest,
2511 3531 2686 3598 atque
2717 3524 3000 3595 impedire
3045 3523 3217 3580 etiam
3251 3529 3315 3579 ut
3353 3540 3426 3580 ne
3466 3523 3763 3595 legitimos
3814 3538 3901 3577 ex-

501 3616 594 3668 tra
626 3612 774 3668 ﬁnes
802 3614 1138 3682 evagentur,
1173 3610 1274 3666 sed
1309 3614 1578 3667 naturam
1611 3629 1854 3684 queque
1882 3631 2047 3672 suam
2089 3633 2181 3675 ser
2210 3626 2376 3687 vent;
2413 3634 2531 3675 non
2571 3617 2727 3672 enim
2787 3617 2928 3672 satis
2987 3619 3077 3672 est
3110 3615 3217 3671 has
3256 3615 3444 3672 solum
3505 3615 3775 3686 cognitas
3812 3615 3905 3669 ha-

499 3703 634 3758 bere
655 3702 919 3770 virtutes,
953 3702 1053 3758 sed
1089 3703 1327 3773 insuper
1354 3702 1529 3758 etiam
1561 3719 1672 3772 quo
1705 3703 1834 3759 illas
1883 3708 2153 3779 persequi
2207 3726 2271 3766 ac
2328 3723 2632 3779 capessere
2689 3707 2860 3763 modo
2919 3723 3120 3777 queas,
3172 3711 3376 3762 notum
3407 3706 3624 3762 habere
3664 3707 3898 3778 oportet.

576 3793 834 3856 LIl.Que
848 3807 983 3847 cum
997 3791 1076 3846 ita
1087 3796 1418 3864 comparata
1447 3791 1587 3857 sint,
1609 3809 1857 3862 quanam
1872 3795 2150 3852 harumce

501 3883 779 3938 virtutum
797 3887 994 3939 noster
1006 3883 1259 3938 maxime
1275 3883 1594 3952 praetiterit,
1612 3884 1668 3938 id
1697 3884 2148 3958 haudquaquam

503 3978 837 4044 promptum
861 3973 1032 4028 fuerit
1052 3972 1266 4041 dicere,
1284 3973 1442 4042 paria
1469 3972 1624 4028 enim
1657 3971 1754 4028 ille
1785 3973 2003 4046 ubique
2033 3993 2152 4034 me-

500 4069 658 4118 retur
705 4064 941 4134 puncta,
999 4061 1214 4131 Quippe
1271 4077 1386 4116 non
1445 4075 1614 4116 secus
1671 4067 1914 4120 cunctas
1973 4081 2149 4136 quam

502 4167 678 4208 unam
711 4151 1065 4222 quampiam,
1099 4165 1204 4206 nec
1236 4165 1410 4204 unam
1442 4148 1612 4206 aliter
1637 4166 1702 4205 ae
1723 4157 1990 4221 cunctas,
2021 4170 2151 4210 sec—

500 4240 607 4296 tari
665 4241 848 4296 visus.
878 4241 1065 4311 Atque
1107 4238 1419 4310 prudentia
1470 4239 1707 4310 quidem
1764 4258 1951 4313 usque
2007 4244 2149 4300 adeo

500 4331 612 4402 ipsi
627 4328 937 4385 familiaris
953 4333 1096 4398 erat,
1115 4333 1302 4384 utnon
1335 4344 1580 4385 suorum
1603 4329 1793 4385 solum
1809 4331 2145 4402 aequalium,

502 4420 604 4474 sed
635 4419 899 4475 omnium
933 4417 1073 4474 item
1110 4417 1211 4489 qui
1257 4426 1425 4474 antea
1457 4418 1704 4484 fuerant,
1736 4419 1904 4476 facile
1935 4421 2152 4492 primas

2331 3799 2455 3854 NB'.
2490 3795 2648 3853 Οὕτω
2680 3793 2737 3850 δὲ
2765 3795 2971 3850 τούτων
3011 3792 3382 3867 διακειμένων,
3416 3792 3515 3847 οὒκ
3543 3793 3708 3849 αὐτὸν
3739 3792 3897 3847 εἰπεῖν

2261 3887 2324 3943 ἂν
2379 3883 2533 3961 ἔχοις
2581 3887 2700 3940 καθ’
2749 3883 2936 3954 ἥντινα
2982 3884 3187 3939 τούτων
3243 3884 3474 3959 ἐκράτει,
3505 3881 3637 3938 ἀλλ’
3687 3885 3900 3938 ἕκαστα·

2257 3977 2367 4034 χοῦ
2409 3979 2508 4046 τὴν
2559 3975 2680 4046 ἴσην
2726 3973 2942 4051 ἐφέρετο
2993 3977 3200 4048 ψῆφον,
3259 3976 3332 4036 ὡς
3384 3973 3509 4046 μίαν
3564 3973 3662 4034 τὰς
3710 3974 3898 4038 πάσας,

2259 4065 2294 4134 ἢ
2342 4068 2440 4135 τήν
2498 4065 2622 4138 μίαν
2669 4065 2743 4126 ὡς
2802 4064 2974 4124 πάσας
3027 4060 3201 4118 δοκῶν
3265 4063 3501 4135 μετιέναι
3536 4079 3551 4095 ⁸
3589 4063 3900 4138 φρονήσεως

2264 4157 2359 4230 μὲν
2417 4154 2506 4210 οῦν
2553 4153 2699 4210 οὕτω
2745 4152 2923 4226 τούτῳ
2967 4159 3257 4229 προσῆκεν,
3309 4153 3382 4214 ὡς
3435 4153 3511 4225 μὴ
3564 4151 3728 4225 μόνον
3797 4155 3900 4205 τῶν

2258 4247 2376 4300 καθ’
2441 4243 2624 4311 αὐτὸν,
2693 4242 2839 4298 ἀλλὰ
2894 4241 2984 4298 καὶ
3039 4246 3146 4296 τῶν
3202 4241 3308 4317 πρὸ
3353 4240 3517 4297 αὐτοῦ
3574 4242 3791 4297 πάντων
3840 4240 3904 4295 τὰ

2259 4330 2517 4410 πρεσϐεῖα
2566 4328 2776 4400 λαϐεῖν,
2825 4330 2915 4387 καί
2961 4329 3095 4386 κατᾶ
3141 4331 3339 4393 παντὸς
3383 4333 3460 4403 (2)
3499 4328 3730 4405 ἅρασθαι
3776 4328 3903 4404 κρά-

2259 4445 2354 4486 τος
2412 4425 2500 4478 καί
2555 4422 2861 4496 θαυμαστὸν
2915 4418 3068 4498 ἄμφρ
3125 4420 3388 4498 γενέσθαι,
3430 4419 3518 4475 καὶ
3577 4421 3664 4482 οἶς
3712 4423 3901 4476 τοῦτον

501 4523 654 4564 unus
683 4507 877 4574 ferret,
899 4511 956 4562 et
983 4507 1054 4563 de
1082 4507 1240 4563 omni
1270 4505 1615 4563 saeculorum
1637 4512 1923 4566 vetustate
1941 4511 2151 4567 trium-

2263 4513 2546 4590 ὑπερέσχε,
2607 4512 2697 4568 καὶ
2757 4512 2840 4573 οἷς
2899 4531 2961 4588 γε
3010 4513 3292 4580 τοσοῦτον,
3323 4508 3448 4564 ὅσον
3503 4508 3605 4564 οὐκ
3649 4509 3712 4564 ἂν
3745 4507 3903 4583 ἄγνο-

2265 4606 2292 4616 -
2587 4607 2615 4616 -
2834 4600 2849 4616 ς
2991 4599 3004 4615 ι
3097 4597 3142 4616 ς.
3211 4599 3238 4616 ν
3441 4598 3455 4616 ε
3567 4596 3580 4616 ,
3665 4598 3679 4616 ς
3793 4597 3806 4616 .
3854 4597 3869 4616 ς

501 4597 726 4669 pharet,
775 4603 1048 4668 essetque
1102 4596 1368 4652 bifariam
1419 4597 1706 4668 praecipue
1760 4599 2142 4672 admirabilis,

502 4692 630 4744 tum
663 4687 818 4758 quod
844 4702 1028 4742 aevum
1051 4686 1243 4757 ipsum
1263 4691 1584 4757 superarat,
1607 4691 1728 4742 tum
1757 4689 1910 4758 quod
1934 4689 1992 4745 in
2014 4695 2143 4746 tan-

499 4784 627 4836 tum
659 4781 986 4851 superarat,
1018 4780 1303 4848 quantum
1329 4778 1551 4833 nescire
1583 4793 1754 4834 nemo
1782 4780 1981 4850 possit.
2016 4783 2140 4838 Pri-

502 4885 663 4925 mum
695 4869 849 4924 enim
873 4867 1026 4922 exiis
1055 4882 1179 4937 quas
1207 4865 1334 4936 ipse
1354 4866 1425 4921 de
1445 4866 1637 4936 seipso
1669 4867 1973 4924 hominum
2015 4887 2142 4927 om-

502 4959 666 5015 nium
698 4957 1086 5030 pulcherrime
1114 4958 1318 5011 statuit
1337 4972 1404 5013 ac
1432 4957 1960 5026 pertecit,nostram
1992 4959 2142 5016 hanc

499 5048 844 5104 sententiam
875 5046 1166 5104 luculente
1196 5045 1533 5101 conﬁrmat:
1558 5045 2017 5104 nullo'videlicet
2043 5049 2142 5107 ille

495 5153 656 5193 vanae
678 5135 894 5208 glorias,
928 5141 986 5192 et
1015 5135 1281 5206 potentias
1313 5138 1366 5190 et
1388 5135 1676 5205 superbiae
1709 5137 1902 5193 studio
1961 5138 2140 5196 duce-

496 5228 688 5283 batur.
721 5231 844 5282 Non
875 5227 1120 5281 inﬁdum
1142 5225 1308 5282 illum
1339 5229 1397 5279 et
1428 5225 1689 5296 fugacem
1741 5225 1966 5284 colebat
2005 5228 2140 5286 Plu-

496 5321 645 5382 tum,
679 5314 842 5371 illum
878 5315 1163 5372 scelerum
1222 5315 1452 5381 ducem,
1487 5314 1892 5387 bonarumque
1947 5333 2139 5374 rerum

498 5404 762 5462 omnium
792 5419 1131 5473 eversorem,
1149 5408 1215 5460 ut
1245 5403 1328 5460 sic
1349 5419 1482 5460 cum
1506 5405 1756 5475 quodam
1788 5404 1989 5476 loquar
2009 5423 2142 5478 poc-

570 5554 618 5589 ²⁴
646 5552 804 5611 Psal.
833 5569 1022 5623 Lxxm,
1053 5553 1107 5611 8.

570 5701 650 5776 (1)
682 5703 754 5776 υς
782 5699 1129 5776 Repulit-IX.

571 5769 646 5846 (2)
677 5774 836 5831 Addo
854 5769 951 5826 τοῦ
981 5770 1201 5839 αἰῶνος,
1229 5776 1330 5828 aut
1356 5774 1454 5826 τοῦ
1485 5770 1692 5847 χρόνου
1719 5776 1783 5830 ut
1812 5788 1977 5830 num.
2009 5771 2200 5832 XLVI.

2255 4606 2383 4674 ἧσαι
2434 4623 2446 4636 ·
2509 4607 2726 4678 πρῶτον
2795 4600 2888 4674 μὶν
2946 4599 3049 4676 γὰρ
3095 4597 3144 4668 ἐξ
3202 4599 3275 4652 ὧν
3333 4598 3458 4673 περὶ
3524 4596 3689 4654 αὐτοὸ
3748 4597 3904 4660 αὐτὸς

2251 4691 2501 4749 κάλλιστ’
2558 4691 2858 4765 ἀνθρώπων
2918 4687 3058 4763 ἔγνω
3124 4687 3212 4742 καὶ
3286 4686 3678 4760 κατεπράξατο,
3733 4684 3900 4756 δῆλον

2253 4784 2282 4838 ὅ
2339 4782 2486 4858 λέγω
2533 4787 2682 4838 ποιεῖ
2715 4800 2728 4812 ·
2789 4780 2854 4835 οὗ
2909 4785 3068 4847 κενῆς
3125 4775 3287 4848 δόξης
3337 4777 3426 4832 καὶ
3469 4775 3783 4839 δυναστείας
3815 4777 3901 4832 καὶ

2249 4875 2420 4951 τύφου
2478 4873 2773 4948 γενόμενος
2831 4868 3082 4944 ἐραστὴς,
3125 4864 3243 4922 οὐδ’
3297 4867 3674 4940 ἀσπασάμενος
3728 4865 3902 4922 πλού-

2249 4963 2340 5018 τὸν
2396 4962 2486 5016 τὸν
2538 4963 2760 5016 ἄπιστον
2819 4959 2906 5013 καὶ
2964 4954 3255 5031 δραπέτην,
3312 4953 3400 5010 καὶ
3472 4953 3721 5031 ἀρχηγὸν
3793 4959 3898 5012 τῶν

2250 5054 2453 5118 κακῶν,
2503 5048 2594 5103 καὶ
2651 5048 2825 5102 πάντα
2871 5043 3215 5120 χαλὲπτοντα
3266 5043 3401 5097 κατά
3462 5062 3580 5097 τινα
3636 5045 3898 5116 ποιητὴν,

2251 5135 2370 5193 οὐδ’
2419 5135 2608 5193 ἄλλων
2648 5157 2711 5212 γε
2767 5133 2983 5197 οὐδενὸς
3049 5130 3167 5189 οὐδ’
3233 5134 3466 5188 ὁντινοῦν
3523 5133 3898 5205 ποιησάμενος

2253 5224 2439 5302 λόγον,
2491 5225 2587 5280 δτα
2638 5223 2764 5287 τοὺς
2808 5223 3244 5299 προστετηκότας
3301 5219 3521 5296 ἀπάγειν
3572 5217 3691 5275 οἵδε
3742 5224 3896 5276 Θεοῦ.

2250 5311 2397 5369 ἀλλὰ
2445 5314 2508 5369 τὸ
2559 5313 2701 5387 μέγα
2742 5313 2832 5367 καὶ
2892 5330 3299 5386 περιμαχητον,
3327 5308 3417 5363 καὶ
3462 5307 3624 5380 μόνον
3655 5308 3730 5370 ὡς
3759 5306 3896 5378 ἀλη-

2251 5405 2357 5466 θῶς
2415 5401 2690 5458 θεσπέσιον
2743 5409 2941 5478 χρῆμα
3002 5401 3100 5471 τὴν
3167 5399 3364 5476 ἀρετὴν
3443 5394 3517 5459 ὥς
3590 5397 3694 5472 πέρ
3780 5395 3898 5452 τίνα
