4092 6300
262 455 375 515 969

1265 437 1654 514 LAUDATIO
1699 452 1764 512 S.
1811 446 2177 512 GREGORII
2223 443 2646 507 THEOLOGI.

3545 452 3664 512 2Ἷο

261 584 499 653 ξύνοικον
550 583 819 657 ἑλόμενος
863 581 1059 656 έαυτῷ,
1107 581 1197 638 καὶ
1247 582 1448 652 ταύτης
1496 583 1588 637 τὸν
1650 579 1753 636 ὑπὸ
1803 586 1907 655 γῆν

2049 597 2077 635 a
2106 581 2207 651 (2).
2242 578 2366 634 Non
2391 576 2539 634 alius
2569 577 2652 634 rei
2683 577 2883 645 ullius,
2907 579 2977 634 de
2999 578 3071 634 iis
3093 595 3223 652 quae
3249 579 3360 637 sibi
3383 581 3669 640 afﬂixcsia

261 692 315 725 τε
369 671 462 726 καὶ
519 673 652 745 ὑπὲρ
704 674 810 746 γξν
860 672 1064 746 χρυσὸν
1117 670 1215 726 οὑκ
1263 670 1506 740 ἀντάξιον
1539 670 1746 743 κρίνας,
1775 667 1913 723 κατὰ

262 761 349 815 τὸν
404 759 705 824 Πλάτωνος
762 761 948 835 λόγον,
1008 760 1254 835 ῥᾳστώνῃ
1308 757 1498 833 πολλῇ
1554 755 1730 832 διῆγε,
1781 760 1914 813 Θεοῦ

263 850 543 920 ξυνουσίαν
578 850 654 912 εἷς
687 852 825 906 ἅπαν
855 850 1400 926 πραγματευόμενος.

2023 670 2138 725 Dec
2170 669 2487 735 abducunt,
2506 666 2686 723 ullam
2710 668 2934 738 penitus
2964 669 3242 724 rationem
3275 670 3546 730 habebat.
3561 673 3672 730 Sed

2025 775 2148 814 rem
2179 757 2443 813 omnium
2477 757 2809 828 maximam,
2843 757 3195 828 summisque
3225 758 3464 828 viribus,
3489 765 3546 818 et
3575 779 3672 818 so-

2031 848 2145 904 lam
2179 846 2427 918 perfecto
2458 845 2736 917 divinam,
2778 845 3159 916 virtutem,in
3225 849 3674 908 contubernium

263 957 438 998 suum
470 942 826 1008 adsciscens,
847 941 1046 1013 illique
1059 957 1274 997 omnem
1304 943 1432 996 auri
1451 941 1562 995 vim
1591 955 1708 1012 qua
1729 938 1826 993 sub
1853 941 2022 1004 terra,
2049 940 2146 992 aut
2172 951 2334 1006 super
2361 939 2570 990 terram
2606 940 2685 991 est
2723 937 2950 991 minime
2965 937 3390 1008 comparandam
3409 938 3611 996 ducens
3654 959 3674 998 :

265 1047 327 1087 ex
364 1032 660 1087 sententia
689 1030 949 1087 Platonis
987 1031 1084 1102 (De
1117 1032 1350 1102 legibus,
1382 1030 1534 1086 libro
1569 1029 1773 1102 quinto
1797 1028 1867 1084 ab
1898 1027 2108 1094 initio),
2150 1027 2296 1081 bene
2351 1041 2493 1080 sane
2531 1025 2816 1097 beateque
2862 1026 3090 1098 agebat,
3124 1031 3180 1082 et
3216 1026 3273 1083 in
3326 1027 3673 1089 familiarem

263 1121 366 1177 Dei
394 1121 890 1178 consuetudinem
922 1135 1094 1178 omne
1121 1121 1387 1177 tudium
1419 1133 1773 1190 omnemque
1793 1132 2028 1190 operam
2061 1115 2416 1170 conferebat.

333 1215 459 1264 NI".
494 1210 704 1267 Ἑπειτ’
733 1207 786 1263 ἒν
825 1209 1037 1285 λόγοις,
1079 1209 1166 1272 τίς
1215 1210 1309 1282 μὲν
1355 1209 1531 1269 οὕτως
1577 1205 1753 1262 ὦπται
1807 1209 1915 1260 τῶν

264 1300 486 1354 πάντων
516 1300 747 1375 γόνιμος
778 1299 870 1354 καὶ
902 1297 1096 1368 δεινὸς,
1128 1298 1219 1352 καὶ
1251 1299 1371 1367 ὀξὺς
1399 1299 1489 1351 καὶ
1522 1297 1804 1372 ἀγχίνους,
1829 1293 1918 1350 καὶ

262 1394 341 1460 τῷ
405 1385 532 1457 ἡδεῖ
583 1389 648 1442 τὸ
705 1387 961 1443 ποικίλον
1021 1387 1418 1461 συμμεμιχὼς,
1475 1387 1566 1441 καὶ
1612 1385 1784 1458 ταύτῃ
1829 1383 1920 1438 τὸν

264 1480 540 1552 ἂκροατῆν
597 1477 842 1548 έξιστάςς
899 1477 980 1540 τίς
1040 1475 1097 1532 δέ
1152 1477 1290 1550 πρὸς
1358 1476 1530 1539 πάσας
1595 1475 1802 1549 βουλάς
1861 1495 1920 1529 τε

260 1568 351 1621 καὶ
407 1566 630 1640 πράξεις
687 1566 859 1630 οὕτως
912 1566 1240 1639 ἑτοιμότατα
1295 1565 1386 1620 reti
1433 1562 1706 1620 κάλλιστα
1754 1558 1919 1638 ἔχων,

265 1657 336 1716 ὡς
403 1658 546 1729 μήτε
600 1656 694 1718 τὰς
741 1653 947 1729 βουλὰς
997 1654 1098 1725 ἔξω
1145 1659 1244 1710 τοῦ
1310 1652 1672 1729 λογιζομένου
1729 1673 1786 1708 τε
1833 1651 1922 1706 καὶ

2100 1203 2473 1261 Llll.Deinde
2521 1204 2579 1260 in
2601 1204 2967 1261 orationibus
2998 1204 3378 1264 conﬁciendis
3400 1210 3533 1280 quis
3565 1227 3677 1268 un-

2026 1309 2201 1366 quam
2231 1293 2560 1350 mortalium
2593 1294 2732 1349 adec
2755 1293 3058 1360 fecundus,
3082 1298 3140 1350 et
3168 1311 3318 1365 acer,
3359 1304 3414 1353 et
3445 1304 3677 1370 acutus,

2027 1387 2084 1440 et
2111 1382 2366 1450 subtilis,
2403 1381 2592 1438 adhuc
2644 1382 2959 1455 apparuit?
2997 1381 3128 1454 quis
3179 1385 3524 1444 suavitatem
3581 1406 3680 1447 vs-

2027 1473 2232 1528 rietate
2260 1488 2423 1543 aqua
2452 1472 2692 1539 condiit,
2730 1488 2914 1543 eaque
2966 1473 3188 1530 ratione
3213 1477 3537 1534 auditorem
3586 1478 3682 1536 in-

2029 1563 2328 1632 stuporem
2363 1559 2656 1616 traduxit?
2677 1562 2810 1632 quis
2831 1562 2899 1616 ad
2924 1563 3117 1619 omnia
3139 1580 3265 1635 quas
3287 1565 3346 1621 in
3379 1567 3682 1625 consulta-

2027 1649 2246 1705 tionem
2278 1649 2687 1720 actionemque
2712 1650 2970 1720 veniunt,
3005 1666 3188 1724 usque
3231 1654 3372 1711 adeo
3412 1662 3682 1730 prompte

266 1743 510 1818 δοκίμου
549 1746 640 1800 καὶ
689 1743 969 1819 ἀσφαλοῦς
1021 1743 1361 1812 καθεστάναι,
1427 1746 1566 1817 μήτε
1629 1743 1724 1804 τὰς
1779 1742 1924 1816 πρά-

2049 1743 2208 1809 itque
2268 1738 2506 1811 pulchre
2559 1739 2880 1796 instructus
2933 1756 3168 1813 semper
3223 1743 3355 1811 fuit,
3397 1752 3458 1801 ut
3494 1763 3684 1820 neque

266 1839 373 1905 εεις
432 1831 605 1889 ἐνδεῖν
650 1838 758 1889 τῶν
812 1833 1048 1908 βουλῶν,
1100 1832 1247 1889 ἀλλᾶ
1293 1830 1667 1902 καταλλήλως
1725 1830 1926 1887 παντά-

266 1945 432 1979 πασιν
490 1919 679 1998 ἔχειν·
713 1924 829 1978 ἐπεὶ
885 1925 972 1978 καὶ
1031 1923 1096 1978 τὸ
1151 1923 1374 1999 γεγονὸς
1429 1922 1480 1977 ἰν
1513 1923 1806 1995 Σασίμοις,
1836 1919 1926 1975 καὶ

270 2014 332 2068 τὸ
395 2015 493 2085 μὲν
555 2011 650 2067 οῦν
703 2014 804 2081 τὴν
858 2012 1201 2089 χειροτονίαν
1263 2013 1336 2073 ὡς
1419 2011 1582 2086 ῥᾷστα
1653 2008 1924 2088 δεδέχθαι,

277 2104 404 2175 μήτ’
463 2101 808 2170 ἀντιστάντα,
872 2104 1002 2174 μήθ’
1083 2102 1229 2162 ὅλως
1315 2102 1498 2156 ὁτιοῦν
1584 2101 1927 2170 ἀντειπόντα,

277 2190 420 2246 αἰδοῖ
483 2193 718 2265 μεγίστῃ
792 2195 889 2247 τοῦ
960 2187 1422 2265 προϐαλλυμένου
1485 2191 1572 2244 καὶ
1641 2189 1927 2279 Ῠχρίοντος,

281 2281 468 2338 αὐτίκα
535 2279 591 2336 δὲ
644 2286 815 2336 ταῦτα
863 2279 1182 2336 καταλιπεῖν
1232 2282 1321 2335 καὶ
1379 2284 1593 2354 χαίρειν
1636 2278 1807 2349 ἐᾶσαι,
1839 2281 1927 2332 και

289 2369 411 2442 μηδ’
498 2371 751 2440 ἡντινοῦν
826 2369 1159 2444 ἐπιστροφὴν
1233 2370 1582 2436 πεποιῆσθαι,
1643 2372 1758 2429 πῶς
1832 2366 1932 2421 οὐκ

291 2461 344 2512 ἓν
385 2457 588 2534 ἀνδρὸς
645 2460 719 2519 ὡς
778 2459 984 2533 ἐγῷμαι
1045 2458 1245 2513 συνέσει
1313 2460 1596 2532 θαυμαστῇ
1649 2456 1932 2531 κεχρημέ-

295 2569 373 2602 νου
421 2550 518 2604 καὶ
563 2547 633 2601 τὰ
687 2546 900 2622 μεγάλα
937 2553 1066 2602 πᾶσι
1117 2548 1206 2602 καὶ
1259 2545 1547 2602 δοκοῦντος
1605 2548 1693 2601 καὶ
1752 2545 1927 2614 ὄντος,

303 2639 366 2707 μή
420 2636 773 2712 βουλομένου
831 2635 910 2705 δὲ,
967 2639 1105 2710 μήτε
1157 2637 1248 2692 τὸν
1306 2635 1582 2710 σύμπνουν
1640 2642 1740 2704 τῆς
1795 2635 1934 2708 πρὸς

295 2729 440 2780 τοῦτο
488 2727 851 2798 καινοτομίας
897 2728 976 2799 (1)
1039 2725 1212 2782 αίτίαν
1269 2732 1385 2787 τοῖς
1437 2723 1632 2786 ἄλλοις
1689 2722 1930 2798 ὑπέχειν⁹

292 2818 413 2887 μήθ’
471 2816 642 2870 αὐτὸν
691 2816 1034 2887 νεμεσᾶσθαι,
1096 2814 1144 2869 si
1198 2819 1370 2869 πᾶσαν
1425 2815 1524 2884 τήν
1604 2812 1929 2886 οἰκουμένην

284 2904 336 2959 εὑ
382 2911 568 2960 ποιεῖν
616 2901 784 2979 ἔχων,
831 2898 1011 2959 ἔπειτα
1060 2907 1309 2979 πνιγηρῷ
1364 2904 1455 2957 καὶ
1515 2903 1796 2978 αὐχμηρῷ
1842 2902 1929 2956 καὶ

279 2991 588 3070 θορυϐώδει
646 2995 738 3048 καὶ
795 2993 989 3072 φαύλῳ
1018 2999 1133 3055 τοῖς
1167 2991 1319 3055 ὅλοις
1359 2991 1554 3068 χωρίῳ
1593 2990 1682 3046 καὶ
1723 2988 1934 3051 οὐδενὸς

2039 1829 2285 1885 consilia
2322 1829 2394 1884 ab
2425 1843 2492 1884 eo
2521 1830 2677 1900 quod
2720 1830 3017 1887 subducta!
3059 1833 3272 1889 rationi
3311 1837 3596 1906 convenit,
3628 1843 3686 1894 et

2040 1919 2287 1991 probum
2321 1933 2385 1972 ac
2415 1922 2608 1974 tutum
2634 1922 2742 1980 est.
2774 1919 3128 1977 dissiderent
3185 1937 3376 1996 neque
3423 1927 3686 1986 actiones

2039 2008 2164 2062 suis
2193 2005 2466 2062 cederent
2494 2007 2779 2074 consiliis,
2807 2009 2904 2065 sed
2936 2013 3140 2067 mutuo
3192 2011 3304 2068 sibi
3337 2029 3438 2086 per
3488 2017 3690 2074 omnia

2040 2096 2433 2152 convenirent.
2503 2096 2806 2169 Siquidem
2865 2101 3016 2170 quod
3073 2101 3314 2158 Sasimis
3372 2104 3688 2179 accidebat,

2041 2185 2317 2241 nimirum
2359 2189 2424 2242 ut
2460 2201 2595 2242 cum
2655 2203 2768 2242 non
2824 2192 3055 2260 gravate
3121 2192 3497 2262 pontificatus
3530 2195 3696 2253 initia

2041 2275 2417 2346 suscepisset,
2450 2275 2593 2331 nihil
2628 2291 2980 2348 repugnans,
3013 2283 3114 2335 aut
3148 2282 3418 2339 cmnincs
3459 2293 3690 2342 contra-

2042 2363 2260 2434 dicens,
2295 2364 2367 2418 ob
2399 2380 2694 2421 summam
2727 2365 2989 2422 videlicet
3022 2368 3433 2441 inangurantis
3469 2390 3693 2446 ungen-

2045 2453 2236 2523 tisque
2267 2453 2672 2520 reverentiam,
2699 2470 2833 2510 mox
2863 2459 3057 2512 tamen
3105 2465 3307 2516 eadem
3340 2461 3696 2534 relinqueret

2045 2547 2102 2598 et
2130 2541 2320 2597 valere
2350 2542 2588 2611 sineret,
2619 2541 2883 2615 nihilque
2908 2546 2978 2601 de
3009 2545 3084 2604 iis
3123 2545 3436 2619 laboraret,
3460 2567 3575 2624 quo
3635 2552 3692 2607 id

2045 2632 2279 2688 tandem
2340 2631 2510 2688 modo
2557 2647 2672 2688 non
2728 2633 2854 2699 viri,
2908 2642 2970 2689 ut
3046 2635 3315 2707 arbitror,
3367 2640 3695 2697 incredibili

2047 2721 2354 2794 prudentia
2412 2721 2635 2794 praditi
2687 2723 2878 2794 fuerit,
2911 2730 2968 2780 et
3022 2727 3121 2797 qui
3171 2728 3410 2784 maximi
3453 2731 3692 2801 quidem

2045 2811 2320 2866 omnibus
2352 2811 2519 2882 pretii
2550 2828 2684 2867 cum
2733 2812 3043 2885 videretur,
3075 2819 3196 2871 tum
3249 2833 3450 2875 revera
3513 2825 3694 2890 esset,

2046 2901 2145 2955 sed
2171 2900 2266 2971 qui
2297 2899 2471 2956 nollet
2503 2905 2694 2957 tamen
2727 2906 2828 2957 aut
2857 2903 3114 2960 sodalem
3147 2922 3321 2962 suum
3352 2907 3686 2981 (Basilium)

2046 2991 2240 3046 nescio
2271 2989 2437 3060 cujus
2461 3007 2618 3045 novas
2651 3007 2716 3046 ea
2747 2992 2805 3047 in
2838 3009 2898 3047 re
2923 2993 3237 3051 molitionis
3277 2995 3508 3067 culpam
3540 2998 3691 3070 apud

275 3084 526 3152 καθάπαξ
587 3081 742 3154 ἀξίῳ,
819 3082 993 3159 φέρων
1061 3080 1401 3136 κατέκλεισεν
1489 3081 1696 3148 ἑαυτὸν,
1751 3077 1933 3153 ὥσπερ

2049 3080 2192 3135 alios
2222 3080 2527 3148 sustinere,
2561 3085 2661 3136 aut
2691 3083 3073 3154 semetipsum
3106 3083 3259 3140 haud
3297 3085 3513 3157 injuria
3563 3088 3693 3144 ideo

281 3174 593 3247 ﬂammiva
641 3171 971 3246 ἀνθρώποις,
1021 3169 1066 3226 εἰ
1109 3175 1214 3226 τῶν
1256 3171 1424 3225 αὐτοῦ
1465 3169 1707 3246 χαρίτων
1771 3168 1931 3241 μετά-

279 3282 388 3339 G‘l-O
398 3282 472 3315 ιεν
481 3305 494 3316 .

2047 3168 2412 3241 reprehendi,
2446 3169 2494 3224 si
2536 3169 2636 3240 qui
2668 3170 3109 3242 praeclarissime
3141 3175 3210 3229 de
3255 3175 3522 3233 universo
3556 3177 3694 3234 orbe

2046 3266 2324 3315 terrarum
2355 3258 2563 3314 mereri
2583 3263 2820 3330 poterat.
2837 3259 2932 3318 ille
2953 3261 3295 3319 conclusum
3310 3266 3691 3340 semetipsum

276 3357 528 3420 teneret,
553 3353 614 3408 in
638 3351 854 3424 angulo
897 3354 1036 3408 adeo
1079 3357 1346 3417 aestuoso,
1376 3355 1434 3407 et
1480 3351 1765 3422 squalido,
1799 3352 1855 3405 et
1899 3348 2259 3414 turbulento,
2292 3352 2350 3404 et
2407 3347 2667 3420 undique
2709 3351 3233 3423 contemptissimo,
3268 3357 3326 3411 et
3365 3355 3465 3426 qui
3524 3355 3690 3416 nullo

279 3460 529 3516 prorsus
557 3459 801 3498 numero
829 3448 1004 3509 esset,
1041 3443 1210 3515 quasi
1243 3445 1292 3498 si
1325 3443 1610 3498 bonorum
1641 3456 1881 3496 suorum
1916 3455 2085 3496 usum
2119 3438 2454 3494 hominibus
2475 3439 2771 3495 invideret.

355 3535 487 3590 ΗΔΖ
530 3532 638 3587 Καὶ
699 3532 806 3604 μὴν
863 3531 925 3585 τὸ
977 3530 1046 3585 τὰ
1100 3531 1194 3603 μέν
1237 3531 1510 3605 προσόντα
1548 3529 1819 3600 συναύξειν
1853 3527 1931 3583 εἷς

289 3618 436 3676 δέναι
492 3625 604 3676 τῶν
654 3620 870 3696 ἀγαθῶν
914 3619 1004 3674 καὶ
1057 3619 1232 3694 μείζω
1279 3621 1370 3674 καὶ
1417 3613 1596 3675 πλείω
1636 3623 1838 3688 ποιεῖν,
1869 3617 1935 3672 τὰ

291 3709 334 3763 δ’
366 3709 428 3763 οὐ
487 3709 764 3782 προσόντα
824 3710 942 3782 μὲν,
975 3711 1064 3764 οἷα
1121 3707 1167 3762 δ’
1205 3706 1267 3763 ἂν
1324 3707 1710 3784 προσγενέσθαι
1765 3727 1935 3783 προσ-

291 3808 574 3871 επινοῆσαι
630 3801 719 3855 καὶ
777 3801 1148 3874 προσεξευρεῖν
1208 3821 1267 3856 τε
1334 3801 1421 3855 καὶ
1487 3802 1934 3877 κατεργάσασθαι,

290 3895 412 3962 περὶ
471 3888 516 3946 δ’
551 3889 617 3945 αὗ
673 3893 781 3944 τῶν
841 3889 1091 3945 ἐναντίων
1151 3891 1238 3944 καὶ
1299 3889 1494 3965 ἑτέρων
1521 3895 1639 3953 τοῖς
1677 3888 1938 3952 ἐναντίοις

291 3980 620 4054 κεχρῆσθαι,
649 3977 756 4034 τίνι
791 3977 1004 4052 μᾶλλον
1036 3979 1072 4048 ἢ
1118 3978 1294 4051 τούτῳ
1345 3980 1734 4053 κατώρθωταις
1769 3979 1833 4034 Εἰ
1881 3975 1939 4032 δὲ

291 4069 380 4124 καὶ
438 4069 502 4123 τὸ
566 4069 660 4141 μὶν
717 4069 785 4122 τὰ
839 4069 1044 4143 ἀρχαῖα
1115 4069 1384 4144 κατάκρας
1461 4066 1682 4136 εἰδέναι,
1739 4071 1938 4144 γνῶσιν

296 4155 353 4212 δὲ
408 4158 618 4212 τούτων
659 4152 858 4230 ακριὸῆ
917 4157 1264 4232 πεπορίσθαι,
1294 4157 1383 4213 καὶ
1447 4154 1615 4231 μηδὲν
1645 4159 1718 4219 ὡς
1775 4155 1942 4212 εἰπεῖν

294 4253 402 4302 τῶν
456 4251 575 4308 τοῖς
618 4245 874 4308 παλαιοῖς
928 4244 1227 4320 εἰρημένων
1268 4248 1360 4302 καὶ
1397 4246 1787 4322 πεπραγμένων
1837 4243 1938 4318 ἔξω

297 4342 395 4405 τῆς
453 4335 620 4390 αὑτοῦ
675 4333 934 4403 διανοίας,
965 4337 1083 4412 τόγ’
1141 4335 1218 4396 εἷς
1275 4335 1435 4391 αὑτὸν
1490 4339 1625 4404 ἦχον
1682 4334 1940 4404 ὶθελῆσαι

299 4423 646 4493 καταλιπεῖν,
694 4422 912 4478 πολλοῦ
966 4444 1113 4485 τινος
1181 4421 1348 4495 ἄξιον,
1401 4425 1510 4479 τίνι
1565 4429 1672 4480 τῶν
1733 4423 1944 4479 πάντων

302 4513 442 4569 οὕτω
522 4513 818 4588 περίεστιν,
895 4513 970 4576 ὡς
1038 4510 1174 4568 ἕνεκ’
1250 4514 1414 4568 αὑτοῦ
1496 4508 1945 4588 παραϐεϐλῆσθαι

300 4603 474 4676 τούτῳ
518 4603 606 4657 καὶ
659 4602 904 4676 cuneus);
935 4599 1075 4656 ὥστε
1121 4602 1210 4657 καὶ
1259 4601 1311 4672 ἐξ
1351 4602 1425 4656 ὧν
1476 4599 1724 4676 ὑπερεῖδε
1759 4602 1849 4658 καὶ
1894 4601 1946 4672 ἐξ

301 4694 369 4746 ὧν
417 4689 686 4764 εὑκληρίᾳ
734 4690 942 4770 φύσεως
999 4687 1127 4765 ἔσχε
1153 4712 1164 4724 ·
1206 4693 1294 4746 καὶ
1349 4692 1433 4752 οἷς
1464 4692 1721 4746 ἁπάντων
1754 4693 1829 4756 ὡς
1867 4691 1948 4746 εἷ-

303 4788 419 4838 πεῖν
479 4781 676 4857 γέγονε
747 4778 994 4854 πλήρης,
1053 4779 1359 4854 εὐδοκιμεῖν
1435 4781 1698 4856 ὑπάρχειν
1778 4780 1946 4852 αὐτῷ,

303 4874 388 4927 καὶ
449 4873 661 4950 φρονῶν
717 4867 774 4923 εῦ
833 4870 984 4938 ἥκειν
1028 4869 1159 4945 ὑπὶρ
1190 4868 1282 4933 οῦς
1312 4868 1370 4924 ἄν
1404 4892 1486 4932 τις
1534 4872 1622 4925 καὶ
1671 4869 1828 4948 φαίη,
1859 4870 1948 4925 καί

310 4961 471 5037 μόνον
536 4956 736 5014 εἰδέναι
793 4959 1010 5035 φάσκειν
1064 4959 1178 5014 τάτ’
1227 4957 1351 5016 ὄντα
1405 4959 1520 5016 τρίτ’
1578 4959 1805 5033 ἐσόμενα
1841 4961 1947 5034 πρό

375 5184 602 5256 (1)Τῆς
631 5179 798 5255 πρὸς
825 5183 1022 5256 τρῦτο
1051 5177 1948 5256 καινοξομίαςᾟΙεοθῐαὰ-Ιιιιο,

307 5253 454 5326 quod
514 5253 775 5326 primum
834 5253 1479 5326 placuerat,1oB-ccv,st
1545 5253 1604 5308 in
1642 5253 1949 5326 versione,

303 5323 452 5383 γῐουε
472 5323 605 5396 erga
636 5323 846 5396 ipsum’
879 5323 1190 5395 affectionis
1237 5323 1800 5397 machinationisque.
1836 5325 1947 5380 Sed

306 5403 434 5453 tum
482 5398 820 5466 conjectura
902 5403 1045 5466 erat.
1097 5410 1252 5450 nunc
1283 5465 1290 5466 ί
1327 5400 1680 5466 praeeuntem
1739 5411 1951 5466 sequor

305 5463 653 5542 Gregorium
668 5465 781 5542 sic
824 5463 1178 5542 Βασίλειον
1209 5468 1248 5520 f.
1272 5463 1381 5542 275
1416 5466 1694 5542 ﬁliai-7&9
1739 5463 1948 5536 ὁμολο-

306 5533 459 5613 γήσῶ
486 5540 552 5613 τὸ
582 5537 776 5613 πάθος,
811 5533 942 5613 οὐδὲ
987 5533 1177 5597 ἄλλως
1209 5540 1326 5613 τοῖς
1371 5533 1616 5613 πολλοῖέ
1656 5533 1950 5613 (ly-vdoqu

309 5607 421 5684 νον,
463 5612 568 5680 τὴν
619 5607 768 5684 περὶ
798 5610 953 5684 ἡμᾶς
991 5607 1359 5684 ,καινοτομίαν
1403 5607 1790 5684 καὶ-ἄπιστ’ίαν
1822 5629 1834 5643 ·
1860 5607 1949 5684 ’,ἧς

311 5677 432 5756 pilai
463 5684 492 5738 ὁ
523 5677 722 5756 χρόνος
777 5677 878 5750 τὴν
938 5678 1127 5756 λύπην
1170 5677 1466 5756 ἀνάλωσεν.
1498 5682 1738 5756 Constat
1793 5682 1949 5756 enim

309 5755 457 5812 inter
483 5751 714 5823 omnes,
745 5768 878 5811 cum
905 5769 1054 5826 egre
1093 5752 1494 5810 Sasimensem
1525 5751 1693 5810 illum
1733 5753 1951 5826 episco-

2115 3528 2255 3583 LIV.
2287 3526 2416 3583 Jam
2477 3544 2645 3600 porro
2703 3529 2834 3602 quis
2894 3547 3152 3604 unquam
3215 3533 3442 3592 felicius
3492 3545 3687 3597 nostro

2044 3618 2378 3687 rectiusque
2436 3622 2623 3684 norat,
2675 3619 2792 3674 sive
2849 3621 3155 3691 praesentia
3228 3640 3439 3696 augere
3512 3627 3691 3698 bona,

2047 3706 2449 3779 amplioraque
2479 3707 2678 3763 eadem
2711 3711 2888 3780 atque
2918 3711 3241 3782 copiosiora
3278 3713 3528 3784 efﬁcere,
3556 3717 3679 3775 sive

2047 3797 2333 3863 absentia,
2392 3797 2491 3852 sed
2551 3797 2856 3867 parabilia,
2909 3800 3193 3871 sagaciter
3239 3805 3583 3877 excogitare,
3634 3811 3695 3863 et

2049 3885 2400 3953 adinvenire,
2434 3889 2490 3941 et
2510 3889 2996 3959 comparare,sive
3018 3890 3077 3946 in
3111 3893 3419 3950 contrariis
3433 3899 3489 3951 et
3515 3895 3692 3952 alius-

2050 3975 2206 4030 modi
2239 3975 2410 4032 rebus
2450 3975 2650 4031 dextre
2695 3976 2776 4032 uti
2809 3979 3154 4034 contrariis?
3175 3979 3398 4038 Rursus
3439 3984 3488 4039 si
3547 3986 3697 4040 antl-

2051 4081 2167 4136 qua
2197 4064 2396 4121 omnia
2424 4066 2671 4136 perfecte
2723 4070 2936 4129 tenere.
2964 4084 3277 4142 rerumque
3299 4072 3429 4143 ejus
3469 4076 3696 4146 generis

2052 4155 2394 4224 exquisitam
2429 4163 2805 4211 consecutum
2837 4172 2964 4213 esse
2993 4159 3320 4228 scientiam,
3353 4165 3525 4234 atque
3556 4163 3699 4220 adeo

2057 4243 2202 4298 nihil
2234 4244 2656 4316 propemodum
2686 4260 2879 4301 eorum
2913 4263 3039 4318 quas
3072 4248 3314 4320 pulchre
3340 4252 3413 4308 ab
3441 4253 3700 4324 antiquis

2058 4332 2216 4388 dicta
2271 4333 2538 4404 factaque
2588 4337 2742 4400 sunt,
2795 4341 3080 4406 quantum
3127 4337 3185 4394 in
3236 4339 3364 4411 ipso
3403 4345 3511 4408 est,
3541 4346 3702 4396 extra

2054 4421 2443 4494 cognitionem
2476 4439 2639 4478 suam
2672 4422 3002 4496 relinquere
3022 4426 3186 4495 velle,
3219 4428 3276 4483 id
3329 4445 3538 4501 magno
3583 4430 3702 4484 uti-

2056 4527 2168 4582 que
2189 4511 2392 4566 haberi
2416 4511 2474 4566 in
2507 4511 2690 4581 pretio
2723 4512 2897 4568 solet:
2919 4514 3105 4584 eccui,
3130 4533 3344 4586 quaeso,
3370 4519 3700 4574 mortalium

2057 4600 2322 4657 omnium
2378 4605 2543 4656 tanta
2604 4618 2804 4658 earum
2849 4619 3040 4661 rerum
3103 4605 3290 4661 adfuit
3319 4608 3508 4678 cupis,
3540 4612 3605 4663 ut
3632 4624 3698 4663 eo

2058 4692 2294 4748 nomine
2312 4691 2397 4747 vel
2431 4691 2550 4747 ulla
2580 4707 2648 4748 ex
2681 4697 2840 4764 parte
2871 4711 3003 4750 cum
3037 4704 3233 4752 nostro
3265 4698 3700 4768 componendus

2057 4782 2172 4838 sit?
2209 4781 2282 4837 Ut
2314 4781 2472 4838 exiis
2496 4783 2634 4838 adeo
2657 4787 2778 4838 tam
2830 4801 2961 4856 quas
3001 4786 3493 4857 praetermittebat,
3525 4803 3702 4858 quam

2060 4887 2188 4942 quin
2242 4871 2463 4943 ingenii
2514 4871 2786 4929 felicitate
2827 4875 3067 4944 adeptus
3122 4875 3377 4937 tenebat.
3434 4880 3491 4930 et
3543 4877 3700 4947 quod

2059 4961 2228 5017 bonis
2255 4961 2430 5017 rebus
2460 4961 2762 5034 omnibus,
2794 4967 2859 5020 ut
2891 4980 3005 5020 uno
3038 4980 3159 5020 rem
3192 4965 3365 5021 verbo
3410 4965 3701 5037 exprima-

2061 5187 2261 5256 patum
2295 5185 2602 5261 admisisse
2632 5187 2997 5261 Gregorium,
3030 5193 3155 5245 tum
3201 5205 3233 5244 e
3265 5188 3518 5261 vestigio,
3541 5191 3701 5247 nullo

2061 5273 2232 5339 opere
2263 5257 2564 5339 pontiﬁcio
2589 5257 2773 5342 edito,—
2789 5264 2965 5342 atque
2995 5261 3299 5317 oil'ensiore
3334 5257 3701 5318 in'Basilium

2061 5343 2255 5403 animo
2289 5329 2422 5403 inde
2454 5345 2583 5403 sese
2607 5346 2984 5401 proripuisse.
3017 5331 3078 5386 Id
3137 5333 3292 5403 quod
3331 5337 3389 5389 et
3433 5334 3701 5390 Theodu-

2058 5398 2153 5477 lu_s
2186 5399 2510 5477 nosterhcc
2540 5398 2663 5477 loco
2685 5398 2886 5477 etgcap.
2919 5403 2990 5477 8_0
3006 5398 3419 5477 nonnullisque
3465 5421 3706 5477 sequen-

2061 5471 2221 5546 tibus
2242 5471 2438 5546 tradit,
2469 5480 2524 5546 et
2548 5472 2672 5542 ipse
2727 5471 3038 5546 Gregorius
3081 5475 3234 5530 dicto
3284 5471 3411 5546 jim
3483 5471 3610 5532 loco
3653 5486 3706 5533 et

2060 5543 2402 5618 Apoiogctico
2432 5542 2503 5597 ad
2531 5552 2764 5618 patrem,
2787 5542 2889 5600 sed
2921 5561 3054 5601 vero
3087 5542 3379 5618 imprimis
3404 5547 3576 5617 epist.
3605 5547 3698 5615 31,

2062 5613 2133 5667 ad
2168 5613 2469 5686 Basilium,
2492 5617 2836 5686 etgcarmine
2867 5618 2944 5671 De
2963 5620 3080 5672 vita
3108 5613 3231 5686 sua,
3265 5617 3365 5672 ubi
3413 5613 3517 5672 nec
3583 5613 3695 5673 sto;

2063 5684 2278 5759 malcho
2289 5689 2356 5759 _et
2385 5685 2777 5759 asperioribus
2792 5686 2850 5743 in
2882 5687 3163 5745 Basiliam
3186 5684 3374 5746 verbis
3396 5692 3702 5759 temperat.

2134 5756 2214 5828 (2)
2245 5755 2480 5828 Phocyi’.
2517 5758 2582 5828 V,
2611 5758 2703 5815 40.
