4092 6300
433 381 551 443 2Ἷ1

1742 375 2134 439 THEODULI
2179 375 2532 440 MONAGHI

3712 387 3833 446 2'12

436 516 1099 583 mua,cumulatissimus
1119 521 1261 586 erat,
1277 533 1381 573 sua
1402 516 1639 571 omnino
1661 513 1886 570 homini
1917 514 2045 570 laus

2184 515 2233 567 τ’
2262 513 2448 568 ἐόντα·
2484 511 2710 587 ἐσόμενα
2759 513 2816 570 δὲ
2871 517 2989 571 κάτ’
3019 516 3178 572 αὐτὸν
3239 522 3429 574 τοῦτον
3494 519 3660 596 λέγω,
3693 545 3832 595 προ-

434 607 718 680 bonaeque
777 607 988 664 mentis
1035 609 1233 674 decus,
1265 623 1444 678 supra
1467 619 1850 678 quoscunque
1881 605 2072 659 nomi-

432 712 574 752 nare
603 698 914 769 quisquam
941 697 1146 770 possit,
1178 701 1423 763 constet,
1456 702 1514 752 et
1559 693 1720 751 solus
1769 694 1908 749 item
1965 693 2068 760 sit,

2185 604 2411 678 φητικὸν
2457 604 2642 658 ἑαυτὸν
2691 605 2776 658 καῖ
2835 603 3109 678 βλέποντα
3146 608 3214 662 τὰ
3261 603 3562 682 ἔμπρὸσθεν
3615 632 3837 688 προσει-

2181 692 2370 747 πόντα.

431 804 461 837 ι
485 786 731 860 quique
761 792 920 858 sunt,
947 805 1073 860 qua
1105 787 1300 844 futura
1323 793 1480 858 sunt,
1505 800 1750 857 quaeque
1770 784 1910 841 olim
1933 784 2160 839 fuerant
2189 785 2289 855 (1),
2323 806 2352 834 ››
2383 785 2688 842 enuntiare
2731 789 3004 859 potuerit,
3043 789 3239 846 futura
3277 795 3469 848 autem
3515 795 3638 866 ipso
3690 795 3837 851 mihi

430 881 723 946 praeunte
744 877 1014 948 Gregorio
1036 878 1209 945 addo,
1242 877 1338 947 qui
1391 874 1850 947 «propheticum
1884 895 1912 924 υ
1953 889 2079 929 sese
2117 871 2354 943 alicubi,
2388 897 2416 924 ››
2455 891 2765 947 rerumque
2812 878 3143 936 futurarum
3194 882 3520 952 providum,
3555 885 3835 957 appellat,

501 967 615 1024 LV.
657 967 1170 1025 Verumenimvero
1220 972 1284 1024 ut
1329 968 1470 1023 adeo
1521 982 1662 1023 sane
1715 964 1948 1037 copiose
1998 963 2069 1019 de

425 1059 736 1128 prudentia
766 1061 970 1123 nostri,
1002 1075 1184 1130 eoque
1230 1061 1524 1130 spectante
1569 1055 1862 1111 luculenta
1919 1069 2069 1124 pras-

426 1149 657 1215 stantia,
691 1149 810 1206 sive
837 1150 1270 1223 exsuperantia,
1291 1165 1390 1204 seu
1429 1163 1542 1218 quo
1573 1146 1684 1202 alio
1741 1145 1930 1202 dicam
1971 1159 2068 1200 no-

424 1238 582 1294 mine
604 1239 819 1306 nescio,
842 1241 1128 1296 disserere
1171 1238 1466 1310 potuimus
1518 1237 1598 1292 ita
1663 1236 1940 1290 imemine
1999 1235 2067 1289 de

423 1327 764 1385 fortitudine
813 1345 1122 1400 rerumque
1169 1327 1433 1383 omnium
1486 1325 1765 1395 patentia,
1809 1329 1912 1381 aut
1959 1322 2054 1378 his

431 1416 995 1490 inferiora,autpene
1043 1418 1326 1472 duntaxat
1367 1416 1525 1487 paria
1558 1415 1770 1484 ,dicere
1819 1413 2066 1468 habmus

421 1523 621 1564 verum
657 1514 740 1565 tot
769 1509 1009 1564 omnino
1035 1525 1101 1564 ac
1133 1512 1290 1563 tanta
1329 1507 1421 1562 hic
1451 1505 1627 1562 etiam
1672 1504 1923 1576 reperire
1952 1509 2060 1571 est,

420 1601 487 1652 ut
515 1596 926 1653 difﬁcillimum
945 1597 1022 1652 sit
1041 1596 1266 1652 idoneis
1296 1612 1418 1651 rem
1442 1611 1671 1666 sequare
1684 1593 1893 1649 verbis.
1913 1592 2059 1647 Nam

2248 969 2375 1020 NE'.
2407 964 2484 1021 Ού
2510 965 2688 1020 τοίνυν
2724 969 3035 1040 φρονήσεως
3091 970 3183 1040 μὲν
3235 974 3356 1044 περί
3408 972 3497 1026 καὶ
3545 976 3642 1043 τῆς
3691 974 3831 1049 ἀγα·-

2177 1057 2274 1124 θῆς
2331 1055 2454 1131 περὶ
2502 1062 2668 1112 ταῦτα
2720 1059 3034 1130 πλεονεξίας
3080 1061 3115 1130 ἢ
3158 1063 3496 1136 περιουσίας,
3525 1067 3560 1136 ἢ
3593 1064 3691 1121 οὐκ
3722 1065 3832 1121 οἶδ’

2177 1144 2260 1198 ὅτι
2291 1146 2378 1199 καὶ
2411 1150 2518 1219 φῶ,
2549 1149 2762 1202 τοσαῦτ’
2791 1150 2958 1204 εἰπεῖν
3005 1145 3242 1226 ἔσχομεν
3271 1173 3282 1184 ·
3320 1151 3532 1219 ἀνδρίας
3593 1152 3652 1210 δὲ
3699 1155 3827 1230 πέρι

2173 1232 2264 1287 καὶ
2312 1241 2409 1304 τῆς
2468 1235 2519 1288 ἐν
2575 1237 2738 1290 ἅπασι
2796 1239 3099 1314 καρτερίας,
3160 1239 3194 1309 ἢ
3255 1242 3460 1296 τούτων
3518 1243 3749 1314 ἐλάττω,
3786 1247 3824 1316 ἢ

2173 1323 2263 1376 καὶ
2305 1319 2401 1376 ’ίσα
2450 1324 2594 1398 παρὰ
2647 1327 2840 1400 μικρόν
2867 1343 2880 1356 ·
2933 1325 3080 1382 ἀλλά
3124 1330 3213 1382 καὶ
3253 1335 3490 1386 τοσαῦτα
3517 1331 3606 1386 καὶ
3654 1333 3826 1402 τηλι-

2171 1416 2341 1465 καῦτα
2389 1413 2632 1468 κάνταῦθ’
2675 1410 2816 1470 ἔστιν
2875 1415 3072 1490 εὑρεῖν,
3102 1417 3176 1479 ὡς
3237 1421 3313 1491 μή
3365 1417 3412 1472 δ’
3456 1419 3622 1476 εἰπεῖν
3671 1416 3823 1496 ἔχειν

2171 1497 2520 1572 ἀρκούντως·
2598 1503 2625 1555 ὁ
2699 1503 2803 1578 γὰρ
2887 1505 3172 1580 θαυμαστῇ
3260 1505 3651 1583 μεγαλοψυχίᾳ
3731 1507 3824 1566 διά

2175 1587 2299 1662 βίου
2347 1589 2548 1651 παντὸς
2597 1593 2941 1665 κεχρημένος
2978 1593 3067 1648 καὶ
3106 1597 3205 1664 τήν
3235 1597 3420 1670 ψυχήν
3452 1597 3624 1660 οὕτως
3657 1598 3820 1655 ἀκλι-

421 1685 523 1756 qui
572 1685 899 1742 incredibili
950 1685 1203 1756 quadam
1252 1683 1745 1755 magnanimitate,
1775 1686 1890 1737 toto
1931 1682 2045 1736 vita

2171 1685 2237 1745 νῆ
2297 1680 2384 1733 καὶ
2443 1680 2710 1756 γενναίαν,
2744 1684 2830 1736 καὶ
2892 1687 3064 1738 πᾶσαν
3127 1685 3470 1760 ὑπερημένην
3531 1692 3638 1742 τῶν
3682 1688 3819 1762 τῇδε

419 1790 537 1828 sua:
567 1774 754 1845 spatio
787 1779 1065 1842 uteretur,
1091 1775 1190 1846 qui
1220 1773 1484 1828 animum
1519 1788 1691 1828 suum
1721 1785 1956 1827 omnem
1982 1771 2060 1826 ita

419 1867 782 1919 constantem
817 1880 884 1919 ac
913 1879 1286 1935 generosum,
1303 1862 1726 1932 mundanisque
1744 1862 1918 1916 rebus
1934 1877 2058 1916 om-

421 1950 595 2006 nibus
626 1953 864 2008 omnino
921 1952 1280 2023 superiorem
1338 1955 1724 2022 compararet,
1757 1953 1820 2005 ut
1873 1965 2061 2020 neque

410 2041 694 2111 jucundis
725 2057 950 2111 suoque
971 2040 1258 2097 lenocinio
1279 2045 1576 2110 utcunque
1600 2039 2056 2104 blandientibus,

417 2145 621 2201 reapse
651 2135 847 2185 tamen
877 2129 1044 2185 nauci
1077 2128 1246 2200 plane
1277 2129 1611 2200 nulliusque
1641 2127 2053 2200 pretii,rebus,

415 2219 704 2290 abjeotrus
732 2235 860 2276 sese
883 2220 1275 2288 submitteret,
1307 2221 1686 2290 servilemque
1723 2217 1782 2272 in
1819 2219 2054 2272 modum

415 2308 661 2376 cederet,
690 2323 871 2380 neque
894 2325 1094 2366 rursus
1125 2309 1198 2364 ob
1229 2308 1419 2364 illatas
1457 2309 1815 2364 extrinsecus
1846 2323 2055 2361 sarum-

414 2406 619 2468 nas,et
669 2398 898 2469 objecta
947 2398 1316 2469 discrimina,
1349 2403 1406 2454 et
1452 2398 1740 2470 quidquid
1792 2413 2053 2469 unquam

413 2487 622 2542 incidit
650 2488 978 2559 adversum,
1003 2489 1198 2544 animo
1230 2488 1674 2544 conturbaretur
1703 2503 1768 2542 ac
1799 2485 2056 2542 concide-

412 2581 521 2645 ret,
553 2581 728 2648 atque
747 2578 1090 2650 egritudine
1121 2577 1373 2649 quadam
1405 2578 1817 2646 oorriperetur:
1851 2581 2054 2631 contra

411 2683 549 2723 vero
581 2667 701 2722 haec
735 2667 866 2723 talia
901 2684 1004 2738 pro
1053 2667 1208 2739 lydio
1239 2669 1365 2722 vites
1407 2667 1618 2738 lapide,
1649 2683 1714 2722 ac
1753 2665 2054 2738 periclita-

411 2757 594 2826 tione,
627 2762 683 2812 et
712 2756 932 2813 elﬁcaci
973 2757 1044 2813 ad
1088 2757 1437 2813 severiorem
1487 2755 1923 2828 philosophiam
1962 2772 2052 2812 ca-

412 2847 756 2916 pessendam
787 2845 1208 2912 cohortatione,
1240 2845 1479 2900 duceret
1511 2862 1524 2900 :
1568 2849 1697 2899 tum
1739 2849 1804 2899 ut
1849 2843 2052 2900 laudes

412 2938 468 2988 et
495 2933 748 2989 honores
783 2951 897 2989 non
932 2933 1102 2988 modo
1135 2951 1252 2988 non
1284 2938 1736 2998 consectaretur,
1762 2935 1860 2988 sed
1902 2933 2050 2990 ultro

408 3022 582 3076 etiam
615 3022 1153 3093 oblatos,tanquam
1186 3040 1350 3080 veras
1383 3022 1564 3078 animi
1596 3027 1784 3094 pestes
1810 3038 2050 3095 respue-

406 3114 495 3166 ret
524 3127 590 3166 ac
611 3110 848 3178 odisset,
870 3128 1075 3168 rursus
1100 3127 1301 3167 eorum
1333 3113 1427 3182 qui
1458 3113 1651 3182 ipsum
1683 3112 2050 3184 despicerent

409 3216 475 3256 ac
505 3205 966 3270 contemnerent,
996 3206 1096 3255 aut
1127 3200 1454 3256 maledictis
1504 3201 1797 3256 incessere
1853 3203 2048 3258 stude-

411 3293 560 3356 rent,
611 3288 832 3345 nullam
889 3289 1131 3344 haberet
1203 3289 1541 3345 rationem:
1591 3288 2044 3361 haudquaquam

402 3377 554 3449 ideo,
573 3385 635 3434 ut
659 3379 849 3435 dicere
873 3379 1188 3451 quisquam
1220 3379 1467 3435 fortasse
1488 3378 1692 3450 possit,
1709 3379 1866 3450 quod
1888 3379 2040 3450 illos,

402 3483 507 3524 cen
539 3467 678 3524 vitia
708 3469 974 3540 quaedam
1035 3468 1244 3540 capita,
1297 3466 1465 3522 nihili
1513 3467 1759 3523 invicem
1813 3469 2039 3536 faceret,

400 3573 634 3627 suaeque
665 3557 905 3613 serviret
925 3557 1237 3628 superbiae,
1259 3556 1360 3612 sed
1393 3556 1634 3612 omnino
1659 3557 1814 3627 quod
1850 3557 2033 3614 illius-

401 3647 558 3702 modi
609 3645 1112 3718 perturbationum
1192 3661 1397 3718 expers
1475 3649 1647 3713 esset,
1711 3651 1767 3702 et
1828 3645 2036 3703 fortem

397 3736 804 3809 excelsumque
838 3736 1055 3806 ubique
1079 3737 1342 3791 animum
1376 3736 1662 3791 constanti
1691 3752 1892 3792 earum
1943 3753 2037 3792 re-

398 3842 548 3893 rum,
581 3842 645 3882 ex
669 3827 884 3897 quibus
923 3827 1129 3881 animae
1161 3827 1460 3898 passiones
1508 3826 1856 3892 conﬂantur,
1890 3842 2037 3882 con—

394 3917 653 3972 tentione
693 3915 1005 3971 retineret:
1041 3915 1134 3970 hic
1183 3917 1308 3985 ipse
1367 3915 1619 3986 profecto
1675 3920 1873 3970 noster
1926 3924 2031 3984 est,

401 4020 652 4076 eumque
681 4005 824 4060 adeo
873 4004 964 4059 his
995 4005 1053 4059 in
1105 4005 1279 4060 rebus
1335 4003 1770 4059 meritissimam
1829 4020 2034 4060 omnes

393 4095 658 4150 omnium
704 4109 980 4148 concessu
1039 4092 1427 4164 reportavisse
1477 4091 1732 4162 palmam
1789 4093 2029 4150 scimus.

395 4185 471 4238 De
503 4181 717 4254 quibus
740 4186 913 4237 testes
945 4181 1116 4237 nobis
1139 4186 1310 4237 erunt
1341 4181 1646 4247 Maximus,
1674 4187 1731 4236 et
1751 4181 1896 4237 alter
1937 4182 2034 4239 ille

389 4274 489 4344 qui
522 4277 748 4342 arrepto
780 4273 928 4326 ferro
951 4271 1270 4341 pessimum
1305 4271 1500 4326 animo
1530 4270 1721 4326 scelus
1752 4271 2030 4342 agitabat.

383 4363 493 4420 Sed
528 4362 620 4417 hic
642 4367 839 4417 tamen
863 4365 1064 4432 postea
1117 4363 1187 4416 ad
1223 4361 1561 4433 Gregorium
1601 4360 1762 4427 adiit,
1796 4365 2033 4433 totoque

2173 1770 2475 1824 παντάπασι
2535 1773 2978 1845 παρασκευακὼς,
3023 1774 3098 1836 ὡς
3160 1777 3297 1846 μήτε
3341 1782 3459 1838 τοῖς
3517 1774 3671 1847 ἡδέσι
3722 1779 3817 1833 καὶ

2172 1857 2331 1932 χάριν
2402 1859 2498 1930 μὲν
2568 1855 2712 1934 ἔχειν
2774 1858 3046 1935 δοκοῦσιν,
3114 1861 3267 1918 οὐδὲν
3327 1863 3385 1920 δὲ
3443 1865 3560 1920 οὖσί
3615 1868 3814 1939 τῳόντι

2169 1948 2402 2022 ἀγεννῶς
2489 1949 2732 2025 ὑφιέναι·
2795 1952 2885 2004 καὶ
2965 1951 3132 2008 ε’ίκειν
3211 1954 3391 2024 ὥσπερ
3461 1954 3804 2032 ἀνδράποδον

2172 2038 2311 2107 μήτε
2361 2038 2495 2112 πρὸς
2551 2038 2648 2100 τὰς
2705 2033 2894 2108 ἔξωθεν
2947 2040 3209 2119 ἐπιφορὰς
3250 2044 3340 2098 καὶ
3397 2046 3527 2106 τοὺς
3599 2045 3812 2122 ἐπαγο-

2170 2125 2363 2196 μένους
2413 2125 2728 2189 κινδύνους·
2785 2129 2874 2182 καῖ
2925 2129 2991 2184 τά
3045 2131 3421 2204 ξυμπίπτοντα
3459 2139 3564 2189 τῶν
3617 2133 3810 2191 δεινῶν

2167 2211 2514 2288 θορυϐεῖσθαι
2571 2219 2656 2271 καὶ
2715 2221 3068 2274 καταπίπτειν
3127 2221 3215 2275 καὶ
3265 2220 3547 2301 δυσχερῶς
3604 2223 3815 2280 διακεῖ-

2166 2305 2307 2371 σθαι,
2357 2302 2504 2358 ἀλλά
2564 2306 2794 2378 βάσανον
2853 2312 3021 2363 ταῦτα
3078 2309 3198 2384 βίου
3255 2310 3346 2364 καὶ
3404 2317 3592 2385 πεῖραν
3650 2314 3812 2386 νομί-

2167 2398 2294 2462 ζειν,
2335 2393 2426 2448 καὶ
2473 2395 2610 2468 πρὸς
2658 2394 2981 2473 φιλοσοφιαν
3040 2397 3403 2472 παράκλησιν,
3437 2401 3523 2455 καὶ
3578 2405 3653 2474 μὴ
3711 2403 3811 2476 μό-

2165 2503 2253 2536 νον
2305 2482 2552 2546 ἐπαίνους
2606 2506 2665 2539 τε
2704 2487 2793 2540 καὶ
2830 2486 2994 2559 τιμὰς
3028 2485 3228 2542 ἐθέλειν
3262 2485 3500 2560 διώκειν,
3529 2489 3677 2545 ἀλλά
3717 2493 3810 2548 καὶ

2164 2568 2447 2645 διδομένας
2528 2573 2953 2649 ἀποστρέφεσθαι
3031 2577 3119 2630 καὶ
3202 2583 3398 2649 μισεῖν,
3468 2580 3542 2642 ὡς
3630 2584 3809 2655 κῆρας

2162 2661 2407 2735 ἀτεχνῶς
2457 2661 2616 2725 οὔσας
2667 2667 2851 2738 ψυχῆς
2879 2685 2891 2696 ·
2940 2665 3047 2719 τῶν
3088 2663 3134 2719 δ’
3176 2667 3564 2742 ὑπερορώντων
3609 2690 3670 2724 κε
3716 2673 3810 2726 καὶ

2161 2751 2674 2828 καταφρονούντων·
2734 2751 2767 2821 ἢ
2822 2752 2912 2807 καὶ
2971 2751 3145 2829 λέγειν
3206 2755 3365 2811 αὐτὸν
3423 2762 3604 2818 κακῶς
3675 2760 3807 2834 βου-

2161 2838 2436 2912 λομένων,
2490 2838 2695 2914 μηδένα
2751 2839 2916 2916 λόγον
2976 2846 3267 2912 ποιεῖσθαι,
3300 2846 3411 2921 ούχ
3461 2847 3534 2910 ὡς
3563 2848 3624 2902 ἂν
3659 2847 3805 2904 ε’ίποι

2159 2947 2243 2988 τις
2300 2928 2525 2990 τούτους
2582 2930 2654 2991 ὡς
2719 2927 2950 3002 μηδενὸς
3006 2931 3188 3002 ἀξίους
3277 2934 3653 3012 ὑπερφρονῶν,
3711 2939 3803 2993 καὶ

2158 3018 2310 3096 τύφῳ
2369 3017 2663 3089 δουλεύων,
2717 3018 2845 3075 ἀλλ’
2900 3021 3113 3092 ἀπαθής
3173 3024 3504 3080 παντάπασιν
3561 3024 3660 3097 ὢν,
3710 3030 3803 3082 καὶ

2157 3113 2441 3186 πανταχοῦ
2497 3110 2558 3163 τὸ
2615 3109 2868 3186 φρόνημα
2939 3111 3125 3180 σώζων
3197 3112 3462 3188 ὑπεροψίᾳ
3535 3118 3804 3192 πραγμά-

2153 3219 2259 3252 των
2314 3198 2363 3270 ἐξ
2413 3199 2484 3252 ὧν
2539 3200 2606 3252 τά
2649 3206 2748 3267 τῆς
2797 3203 2982 3274 ψυχῆς
3043 3200 3352 3258 συνίσταται
3402 3205 3585 3276 πάθη·
3638 3206 3799 3269 οὗτός

2154 3287 2266 3341 ἐστι
2309 3287 2396 3342 καὶ
2443 3291 2632 3342 τοῦτον
2687 3289 2911 3351 ἅπαντες
2945 3287 3125 3362 Ἱσμεν,
3156 3292 3252 3346 κάν
3302 3293 3521 3355 τούτοις
3574 3295 3638 3350 τὸ
3669 3317 3797 3372 συγ-

2151 3376 2472 3449 κεχωρηκὸς
2526 3375 2813 3449 ᾑρηκότα·
2867 3379 2958 3431 καὶ
3037 3384 3367 3454 μαρτυροῦσι
3427 3383 3676 3456 Μάξιμός
3737 3405 3797 3438 τε

2148 3463 2236 3518 καὶ
2295 3465 2322 3518 ὁ
2380 3466 2496 3520 κατ’
2527 3465 2692 3520 αὐτοῦ
2737 3467 2799 3519 τὸ
2857 3465 3008 3544 ξίφος
3068 3463 3250 3524 λαϐὼν
3305 3472 3394 3524 καὶ
3451 3473 3518 3526 τὰ
3565 3470 3795 3528 κάκιστα

2151 3551 2562 3626 μεμελετηκὼς,
2595 3555 2622 3608 ὁ
2677 3557 2791 3627 μὲν,
2825 3549 2991 3610 ἔπειτ’
3039 3558 3191 3630 αύτῷ
3237 3561 3478 3634 προσιὼν
3530 3563 3614 3615 καὶ
3671 3583 3794 3617 στε·

2146 3641 2326 3712 νάξας,
2380 3642 2468 3696 καὶ
2544 3644 2605 3697 τὸ
2682 3640 2864 3717 δρᾶμα
2943 3645 3208 3701 παντάσον
3286 3646 3509 3717 ἐξειπών
3582 3671 3642 3705 τε
3695 3653 3788 3706 καὶ

2146 3727 2376 3801 δεηθεὶς,
2433 3731 2521 3786 καὶ
2598 3731 2794 3786 τούτου
2850 3734 3036 3811 τυχὼν
3078 3734 3254 3796 οὕτως
3298 3734 3438 3791 ’ίλεω
3496 3738 3584 3792 καὶ
3639 3759 3790 3817 χρη-

2143 3824 2290 3891 στοῦ,
2345 3821 2418 3882 ὡς
2475 3822 2566 3875 καὶ
2622 3823 2720 3892 τήν
2776 3829 2876 3892 τῆς
2947 3823 3179 3886 πίστεως
3244 3825 3437 3899 ἀμέλει
3497 3825 3788 3901 διόρθωσιν

2143 3909 2554 3986 ἀντεισενεγκεῖν
2642 3912 2879 3966 ἐντεῦθεν
2991 3916 3298 3977 πεπεῖσθαι,
3379 3916 3468 3970 καὶ
3568 3918 3788 3982 τούτοις

2143 3999 2471 4074 ἀμείψασθαι
2515 4002 2614 4069 τὴν
2666 4002 3054 4077 συγχώρησιν·
3103 4003 3349 4076 Μάξιμον
3409 4002 3465 4059 δὲ
3527 4005 3788 4082 μεγίστης

2140 4088 2557 4145 άπολελαυκότα
2612 4091 2737 4164 παρ’
2795 4090 2959 4146 αὐτοῦ
3028 4099 3128 4162 τῆς
3209 4092 3417 4157 εὐνοίας
3492 4096 3582 4150 καὶ
3656 4099 3784 4172 περὶ

2139 4176 2398 4233 πλείστου
2427 4184 2591 4234 τοῦτο
2621 4179 2913 4254 γενόμενον
2940 4199 2953 4213 ·
3005 4185 3081 4234 ῶν
3143 4179 3188 4236 δ’
3217 4180 3391 4238 ε’ίνεκα
3438 4184 3630 4247 πάντες
3659 4183 3788 4241 ’ίσα-

2139 4287 2262 4324 σιν·
2321 4267 2487 4324 ἔπειτ’
2543 4270 2689 4325 οὕτω
2746 4271 2996 4325 κάκιστον
3055 4272 3179 4345 περὶ
3239 4273 3400 4328 αὐτὸν
3457 4273 3786 4354 ἀναφανέντα

2138 4357 2227 4411 καὶ
2275 4360 2581 4412 παντάπασι
2644 4359 2856 4432 μιαρὸν,
2888 4359 2964 4422 ὡς
3017 4359 3106 4413 καὶ
3163 4365 3270 4414 τῶν
3331 4360 3575 4436 ἐσχάτων
3621 4364 3780 4418 ὑπεύ-

387 4451 658 4508 facinoris
724 4455 990 4506 contextu
1069 4467 1184 4506 non
1269 4449 1394 4506 sine
1448 4449 1727 4522 gravibus
1759 4449 2025 4520 suspiriis

2156 4455 2288 4501 lovov
2343 4446 2499 4516 εἶναι,
2526 4448 2590 4502 ού
2627 4446 2790 4519 μόνον
2837 4445 2937 4501 οὐκ
2977 4447 3226 4522 ἀπῄτησε
3275 4446 3452 4520 δίκην,
3487 4448 3601 4505 οὐδ’
3633 4453 3782 4525 ἠμύ-

385 4541 668 4613 exposito,
718 4539 945 4595 veniam
1004 4538 1248 4611 supplex
1299 4538 1483 4611 petiit,
1544 4544 1600 4595 et
1647 4539 1827 4609 ipsum
1877 4538 2020 4595 adeo

385 4630 584 4687 mitem
613 4645 676 4685 ac
714 4628 1031 4698 benignum
1068 4628 1293 4697 habuit,
1319 4637 1376 4684 ut
1427 4629 1696 4700 protinus
1754 4644 1820 4685 es
1861 4644 1919 4683 re
1952 4629 2023 4683 ad

383 4719 517 4776 fidei
540 4735 658 4774 sua:
672 4718 1133 4774 emendationem
1151 4717 1409 4772 vicissim
1439 4718 1820 4787 reddendam,
1843 4733 2024 4787 eoque

381 4808 1007 4880 munereimpetratam
1021 4806 1252 4862 sceleris
1275 4807 1365 4861 sui
1383 4808 1610 4862 veniam
1635 4806 2022 4877 pensandam,

381 4899 669 4954 adductus
702 4898 892 4952 fuerit.
917 4897 966 4950 A
1008 4896 1255 4951 Maximo
1315 4902 1531 4963 autem,
1564 4897 1663 4968 qui
1699 4895 2023 4966 flagrantis-

379 4987 528 5042 sima
589 4987 770 5042 nostri
832 5003 974 5041 usus
1013 4989 1138 5040 erat
1189 4985 1394 5056 gratia,
1457 4986 1827 5056 primumque
1866 4985 2019 5055 apud

377 5076 571 5148 ipsum
594 5077 790 5132 locum
822 5079 1105 5144 tenuerat,
1139 5091 1244 5130 nec
1274 5073 1474 5145 ignota
1514 5074 1786 5144 cuiquam
1836 5091 2015 5131 causa

375 5175 490 5235 est;
525 5165 895 5237 postmodum
927 5183 1056 5221 vero
1088 5165 1230 5220 adeo
1254 5164 1526 5220 immanis
1552 5165 1811 5237 Gregorii
1835 5164 2019 5222 hostis

373 5255 574 5320 evasit,
607 5255 864 5326 adeoque
906 5260 1050 5311 tetra
1079 5255 1140 5310 in
1173 5271 1234 5311 se
1256 5254 1497 5310 admisit
1531 5254 1809 5320 facinora,
1842 5259 1906 5310 ut
1937 5254 2018 5311 rei

2129 4556 2275 4606 νατο,
2310 4535 2454 4592 ἄλλά
2511 4537 2601 4591 καὶ
2661 4537 2994 4611 συγγνώμης
3051 4539 3291 4610 ἠξίωαε·
3323 4540 3386 4594 τὸ
3446 4540 3565 4612 μὲν,
3610 4540 3782 4598 αὐτοῦ

2129 4626 2390 4700 νομίζων.
2435 4627 2534 4688 Τὰς
2587 4624 2629 4681 δ’
2681 4621 2980 4687 ἐπιϐουλάς
3021 4647 3079 4680 τε
3131 4630 3219 4682 καὶ
3267 4629 3594 4704 κακουργίας
3642 4629 3783 4685 ἐκεί-

2127 4735 2222 4769 νου
2252 4714 2340 4769 καὶ
2389 4721 2488 4783 τῆς
2545 4712 2746 4769 ἐκείνου
2776 4716 3144 4791 προαιρέσεως
3197 4717 3285 4771 καὶ
3338 4715 3604 4786 σπουδῆς,
3637 4740 3781 4773 τοσ-

2128 4808 2294 4860 οῦτον
2349 4805 2416 4873 ἦν
2471 4803 2619 4876 αύτῷ
2671 4805 2734 4859 τὸ
2786 4810 2886 4872 τῆς
2946 4805 3170 4880 γνώμης
3230 4804 3465 4880 ἀξίωμα,
3497 4807 3588 4861 καὶ
3630 4809 3780 4864 οὕτω

2139 4894 2475 4967 σεμνότητος
2524 4891 2918 4966 ἐπαινουμένης
2967 4893 3058 4947 καὶ
3107 4892 3570 4970 μεγαλοτρεπείας
3630 4897 3784 4954 πολὺ

2123 4984 2186 5039 τὸ
2234 4981 2440 5058 ἥμερον
2488 4983 2578 5036 καὶ
2626 4981 2986 5058 προσαγωγὸν
3030 4985 3366 5055 κεκτημένης
3394 4985 3774 5043 ἀντεποιεῖτο·

2123 5073 2213 5128 καὶ
2261 5070 2476 5148 γέγονεν
2525 5068 2707 5146 ὥσπερ
2753 5092 2835 5133 τις
2879 5072 3117 5146 γνώμων
3161 5077 3280 5135 τοῖς
3321 5075 3438 5146 μετ’
3467 5073 3628 5130 αὐτὸν
3677 5079 3775 5132 καὶ

2122 5160 2298 5216 κανὼν
2356 5155 2586 5232 ἀκριϐὴς
2653 5164 2749 5214 τοῦ
2833 5164 2951 5224 πῶς
3032 5158 3115 5215 δεῖ
3195 5162 3331 5237 πρὸς
3403 5163 3617 5220 πάντων

2121 5248 2346 5320 πάντας]
2381 5252 2460 5320 τῷ
2487 5253 2586 5316 τῆς
2619 5250 2802 5322 ψυχῆς
2839 5247 3145 5323 ὁρμωμένῳ
3177 5253 3501 5325 κεχρῆσθαι.

373 5343 642 5416 capitalis
666 5345 871 5400 merito
895 5344 1208 5400 damnatus
1241 5344 1435 5413 fuerit,
1472 5360 1586 5399 non
1625 5343 1794 5399 modo
1851 5343 2115 5399 debitum
2148 5356 2260 5394 non
2305 5337 2495 5409 exegit
2542 5338 2917 5409 supplicium,
2963 5343 3063 5395 aut
3118 5339 3280 5396 ultus
3312 5339 3611 5398 inimicum
3659 5349 3772 5405 est.

369 5434 472 5491 sed
503 5437 562 5490 et
589 5433 757 5489 venia
800 5433 1093 5490 hominem
1128 5434 1498 5507 dignabatur,
1525 5449 1696 5490 suum
1745 5432 2030 5489 nimirum
2073 5431 2184 5486 hoc
2230 5444 2360 5484 esse
2402 5432 2561 5483 ratus
2599 5428 2881 5498 ofﬁcium,
2916 5429 3165 5487 insidias
3223 5436 3416 5488 autem
3452 5437 3510 5488 et
3553 5433 3775 5506 ﬂagitia

367 5524 508 5581 llius
551 5539 694 5593 esse,
745 5523 1004 5597 illosque
1077 5525 1288 5598 agendi
1353 5524 1598 5583 rationis
1638 5540 1703 5581 ac
1748 5523 2023 5581 instituti.
2067 5521 2256 5577 Tanta
2325 5523 2526 5576 nostro
2580 5519 2764 5576 animi
2821 5521 3157 5593 praestantia
3202 5521 3577 5595 dignitasque
3625 5530 3775 5597 erat,

441 5711 519 5784 (1)
542 5710 700 5766 Iliad.
733 5711 782 5779 1,
810 5710 902 5764 7o.
