4092 6300
235 397 353 459 273

1258 396 1657 474 LAUDATIO
1700 395 1763 457 S.
1811 396 2179 460 GREGORII
2222 399 2638 462 THEOLOGI.

3530 401 3648 460 2'14

240 530 504 601 adeoque
533 531 806 587 studiose
841 531 1137 588 honestam
1169 547 1234 587 ac
1266 529 1614 586 laudabilem
1666 529 2026 601 gravitatem,
2057 530 2354 602 multaque
2398 531 2850 587 mansuetudine
2909 547 2976 587 ac
3025 531 3298 587 comitate
3353 534 3650 603 tempera-

236 623 354 676 tam
389 622 946 691 magnanimitatem
977 621 1331 689 sectabatur,
1358 623 1414 675 et
1445 621 1689 691 posteris
1725 621 1964 679 omnino
1995 621 2119 677 suis
2167 621 2353 677 instar
2382 621 2689 694 gnomonis
2731 625 3059 692 exactaque
3090 621 3340 678 amussis
3371 621 3501 693 fuit,
3533 638 3648 693 quo

232 715 405 782 pacto
425 709 744 766 concitatis
766 711 974 765 animae
1004 709 1262 766 motibus
1300 713 1456 764 recte
1485 715 1655 778 atque
1684 709 1885 766 ordine
1905 710 1976 765 ad
2000 709 2196 766 omina
2223 710 2503 766 utendum
2535 710 2632 766 sit.

303 798 460 872 Ng'.
534 799 638 852 Καὶ
707 798 803 871 μὲν
867 797 957 852 καὶ
1041 797 1380 873 συφροσύνην
1463 799 1562 866 τὴν
1627 797 1883 853 πλείστου

2073 799 2213 854 LVI.
2275 800 2448 854 Porro
2505 807 2559 855 et
2607 799 3078 870 temperantiam,
3138 800 3409 856 virtutem
3469 799 3644 872 longe

232 886 407 957 ἀξίαν,
439 887 534 941 καὶ
584 887 720 960 μετά
769 892 878 940 τῶν
923 885 1171 962 ἀγγέλων
1227 885 1462 959 μάλιστα
1508 885 1637 948 τοὺς
1687 885 1892 960 ἀνθρώ-

232 997 374 1037 πους
455 979 720 1043 τιθεῖσαν,

233 1064 340 1121 οἶδ’
389 1065 572 1127 ε’ίτις·
627 1065 771 1120 οὕτω
829 1063 876 1119 δ’
933 1066 1009 1129 εἰς
1064 1063 1226 1141 ἄκρον
1285 1067 1454 1133 αὐτὴν
1514 1067 1888 1140 κατωρθώκει,

233 1156 306 1220 ὡς
344 1157 430 1228 μὴ
463 1155 548 1211 ὅτι
592 1159 699 1210 τῶν
750 1155 968 1210 ἀτόπων
1013 1163 1112 1226 τῆς
1157 1157 1354 1230 σαρκὸς
1413 1157 1699 1230 ὑπερσχεῖν
1728 1176 1891 1223 κινη-

239 1244 437 1316 μάτων
501 1246 594 1299 καὶ
662 1245 841 1316 πάσης
907 1243 1240 1314 ἡδυπαθείας
1305 1243 1562 1320 κρείττων
1623 1245 1887 1318 γενέσθαι,

230 1333 388 1389 ἀλλὰ
453 1333 546 1388 καὶ
620 1337 960 1389 παντάπασιν
1035 1335 1395 1408 νενεκρῶσθαι
1460 1339 1538 1406 τῷ
1605 1333 1733 1407 βίῳ,
1800 1333 1885 1386 καὶ

228 1428 435 1479 τοῦτον
479 1421 654 1495 αὐτῷ,
705 1424 795 1478 καὶ
849 1428 944 1496 ζῇν
994 1420 1177 1484 ἀύλως
1220 1421 1270 1476 ἐν
1322 1421 1496 1494 ὑλικῷ
1545 1423 1758 1494 σώματι
1807 1420 1886 1475 εἷ-

227 1513 418 1574 κότως
451 1531 467 1543 ⁶
533 1513 594 1566 τὸ
652 1514 754 1587 γὰρ
811 1513 946 1584 πρὸς
1018 1514 1118 1581 τὴν
1175 1518 1273 1580 τῆς
1349 1511 1542 1585 σαρκὸς
1597 1509 1884 1565 κολακείαν

229 1602 503 1677 ἀπεχθῶς
537 1603 612 1662 ὡς
661 1601 901 1673 μάλιστα
953 1599 1252 1656 διακεῖσθαι
1301 1601 1522 1674 γνησίος
1568 1601 1709 1655 ἐστιν
1741 1595 1888 1675 ἔχειν

230 1693 370 1765 πρὸς
429 1692 537 1758 τήν
593 1697 692 1759 τῆς
751 1694 939 1764 ψυχῆς
995 1688 1297 1763 θεραπείαν,
1349 1689 1440 1744 καὶ
1503 1690 1566 1744 τὸ
1610 1693 1715 1743 τῶν
1775 1690 1883 1744 εἰσ-

233 1802 371 1834 απαν
439 1779 712 1850 μενόντων
765 1779 1001 1850 καθάπαξ
1073 1781 1485 1850 ἀντιποιεῖσθαι,
1531 1778 1884 1858 ὓπερφρονεῖν

234 1870 340 1924 ἔστι
374 1872 599 1929 πάντως
631 1872 737 1924 τῶν
768 1867 943 1923 οὐκέτ’
974 1867 1264 1941 ἆσομένων.

806 977 1087 1045 ἠσπάσατο
1151 976 1245 1048 μὲν
1304 975 1356 1030 ἒν
1411 974 1606 1037 παιδὸς
1665 977 1738 1036 ὡς
1796 974 1894 1030 οὐκ

2001 889 2638 960 praestantissimam,et
2659 904 2784 960 qua
2810 905 2926 945 una
2948 889 3196 946 maxime
3226 888 3285 945 in
3318 889 3642 946 caelestium

2002 977 2343 1050 angelorum
2378 978 2625 1035 concilio
2667 977 2935 1034 homines
2985 978 3252 1047 collocat,
3287 978 3372 1034 sic
3405 995 3438 1034 a
3469 995 3646 1049 puero

2002 1072 2220 1135 noster,
2239 1067 2739 1139 quemadmodum
2754 1067 2848 1121 vix
2867 1066 3018 1122 alius
3040 1067 3207 1122 nobis
3230 1067 3434 1123 saltem
3455 1076 3644 1135 notus,

2006 1156 2306 1228 amplexus
2346 1161 2673 1226 erat:quam
2706 1155 2786 1211 ita
2817 1155 3082 1211 absoluto
3111 1172 3286 1227 opore
3309 1156 3646 1228 perfecit,ut

2006 1262 2119 1301 non
2155 1245 2533 1301 obscenarum
2559 1245 2726 1300 modo
2740 1246 2997 1316 corporis
3028 1248 3647 1313 commotionum,om-

2000 1334 2210 1407 nisque
2238 1333 2578 1406 voluptaria:
2610 1332 2931 1388 affectionis
2955 1337 3138 1389 vnctor
3187 1336 3509 1403 exsisteret,
3541 1335 3644 1391 sed

2000 1425 2233 1496 penitus
2256 1424 2395 1480 item
2409 1423 2536 1478 vita:
2559 1423 2788 1478 caducae
2812 1426 3079 1478 mortuus
3095 1427 3265 1486 esset.
3285 1428 3351 1479 ut
3369 1425 3487 1480 vita
3507 1423 3641 1495 ipsi,

1995 1522 2049 1570 et
2077 1530 2212 1570 cum
2246 1513 2541 1569 materiato
2574 1527 2812 1582 corpore
2834 1529 2948 1567 non
2981 1512 3149 1567 aliter
3177 1514 3349 1568 vitam
3383 1514 3644 1586 degeret,

1997 1618 2174 1674 quam
2198 1605 2248 1659 si
2281 1603 2536 1658 materiae
2575 1619 2780 1674 expers
2799 1603 3026 1670 fuisset,
3051 1618 3189 1658 sane
3212 1602 3438 1668 merito,
3456 1619 3646 1674 quau-

1996 1691 2071 1747 do
2101 1691 2320 1747 abistis
2349 1693 2735 1764 cupiditatum
2753 1691 3055 1748 lenociniis
3069 1690 3398 1760 abhorrere,
3441 1692 3500 1746 id
3531 1696 3641 1759 est,

1997 1781 2328 1838 rectissime
2381 1786 2785 1853 comparatum
2848 1797 2976 1836 esse
3037 1779 3110 1835 ad
3194 1780 3634 1853 suscipiendam

1995 1871 2204 1926 animas
2234 1872 2617 1939 curationem,
2651 1875 2707 1926 et
2727 1887 2794 1927 ea
2825 1887 3031 1927 rursus
3061 1886 3188 1942 qua
3212 1878 3491 1926 aeternum
3514 1887 3641 1941 per-

234 1967 498 2024 manent,
516 1961 673 2015 bona
689 1960 801 2014 ﬁne
816 1958 1141 2030 complecti,
1157 1963 1246 2014 est
1261 1958 1551 2030 negligere
1565 1957 1800 2014 omnino
1821 1957 2102 2029 quidquid
2126 1959 2284 2014 brevi
2307 1964 2436 2029 post
2457 1965 2720 2031 tempore
2751 1976 2866 2015 non
2891 1959 3145 2031 amplius
3158 1960 3509 2015 duraturum
3531 1966 3640 2017 est.

300 2051 417 2104 NZ'.
486 2050 587 2102 Διά
645 2051 811 2102 ταῦτα
859 2049 1036 2117 πάσης
1087 2047 1181 2119 μὲν
1229 2047 1423 2120 ἀπεῖχε
1468 2053 1700 2125 τρυφῆς,
1761 2045 1880 2118 ἐμί-

2067 2048 2234 2104 LVII.
2305 2048 2644 2106 Delicatiore
2702 2049 2902 2121 itaque
2974 2049 3133 2104 victu
3167 2049 3225 2104 in
3286 2049 3628 2106 universum

242 2160 311 2193 σει
357 2137 416 2193 δὲ
473 2137 734 2206 ἀσωτίαν,
795 2135 1108 2212 ἐγκράτειαν
1169 2133 1228 2191 δὲ
1285 2133 1668 2209 περιπλείονος
1722 2137 1886 2209 ἦγεν·

246 2229 548 2301 ἐπιθυμιῶν
609 2226 687 2295 δὲ,
754 2230 863 2280 τῶν
935 2227 1027 2298 μὶν
1092 2226 1192 2280 οὐκ
1256 2224 1656 2298 ἐπαινουμένων
1722 2225 1888 2278 καθά-

249 2319 337 2389 παξ
382 2317 614 2391 ήλόγει.
670 2315 850 2388 μόνων
900 2313 958 2370 δὲ
1002 2319 1107 2369 τῶν
1161 2319 1258 2368 τοῦ
1303 2313 1613 2386 πνεύματος
1663 2312 1886 2388 ἐίχετο·

256 2409 425 2483 γαστρὶ
465 2406 531 2462 δὲ
577 2410 838 2460 τοσοῦτον
889 2402 1092 2476 ἐδίδου,
1141 2403 1264 2459 ὅσον
1309 2405 1456 2458 τοῦτ’
1501 2403 1632 2458 αὐτὸ
1681 2408 1887 2478 περιεῖ-

259 2520 359 2552 ναι·
415 2497 480 2552 ού
542 2496 650 2573 γὰρ
703 2498 802 2549 τοῦ
854 2495 1138 2571 τρέφεσθαι
1196 2495 1359 2568 χάριν
1412 2490 1706 2562 ἐσπούδαζε
1764 2497 1889 2566 ζῇν,

261 2588 324 2647 ὡς
351 2588 432 2640 καὶ
464 2583 650 2646 ἀδεῶς
691 2581 837 2660 ἔχειν
868 2587 1105 2658 τρυφᾷν·
1149 2581 1294 2637 ἀλλὰ
1335 2585 1431 2637 τοῦ
1471 2584 1546 2654 μή
1593 2583 1698 2654 πρὸ
1749 2580 1887 2657 ὥραι

251 2674 544 2743 ἀπαντῆσαι
601 2675 704 2742 τήν
771 2670 1030 2740 τελευτὴν
1103 2670 1192 2725 καὶ
1283 2672 1630 2742 ζημιωθῆναι
1687 2669 1886 2744 στεφά-

244 2785 381 2837 νους,
420 2763 522 2825 οῧς
576 2761 638 2816 ἔκ
687 2766 794 2817 τῶν
844 2763 1025 2815 πόνων
1077 2759 1279 2832 περιὼν
1326 2758 1756 2832 ἔμελλενέξειν,
1801 2781 1887 2833 μι-

237 2855 354 2928 κρόν
414 2875 470 2908 τι
535 2854 638 2921 τῆς
688 2852 870 2927 ἀρχῆς
913 2851 1246 2924 συνεχώρει·
1300 2851 1444 2904 σιτία
1498 2847 1555 2903 δὲ
1607 2850 1697 2903 καὶ
1745 2850 1885 2904 ποτὰ

233 2945 318 2999 καὶ
351 2944 593 3018 κρότους
635 2941 726 2995 καὶ
764 2937 966 3009 ἡδονὰς
1004 2940 1093 2994 καὶ
1140 2941 1232 2994 τὸν
1277 2940 1481 3011 πατέρα
1527 2946 1626 3009 τῆς
1675 2934 1886 3013 ὕϐρεως

230 3033 420 3106 κόρον,
471 3031 569 3086 καὶ
607 3033 706 3099 την
759 3026 1153 3104 ἀνδραποδώδη
1202 3029 1292 3084 καὶ
1341 3030 1711 3083 κατάπτυστον
1757 3049 1884 3082 ταυ-

228 3122 347 3193 τηνῖ
409 3119 712 3200 φλυαρίαν,
765 3116 879 3173 οὐδ’
928 3117 1148 3174 ἀκούειν
1199 3117 1344 3179 ὅλως
1394 3119 1586 3192 ᾑρεῖτο
1619 3137 1630 3148 '
1681 3119 1735 3172 τί
1781 3118 1882 3191 γὰρ

221 3212 312 3267 καὶ
360 3215 484 3272 τοῖς
529 3207 807 3270 τοιούτοις
848 3207 1015 3280 αὐτῷ,
1077 3207 1248 3263 πάλαι
1307 3204 1395 3261 διὰ
1445 3206 1566 3281 βίου
1616 3208 1705 3261 καὶ
1755 3208 1881 3261 θεω-

233 3301 347 3374 ρίας
409 3299 490 3360 εἷς
539 3298 677 3371 ὕψος
733 3298 958 3370 ἡρμένῳ
1013 3295 1102 3351 καὶ
1155 3296 1288 3369 μετὰ
1333 3300 1431 3350 τοῦ
1481 3300 1615 3351 Θεοῦ
1673 3295 1882 3350 συνόντι

227 3397 344 3451 τοῖς
399 3387 742 3462 λογισμοῖςς
793 3386 918 3442 οὕτε
962 3387 1066 3462 γὰρ
1116 3387 1255 3463 φωτὶ
1310 3387 1502 3448 σκότος
1533 3385 1702 3440 συνίοι
1753 3388 1874 3441 ποτ’
1908 3423 1951 3490 C

232 3479 258 3490 ρ
397 3477 411 3490 .
517 3475 614 3490 -.ς
647 3477 658 3490 ,
855 3473 880 3490 ,ι
963 3476 976 3490 .
1055 3474 1110 3490 .,
1223 3477 1246 3490 Α
1395 3480 1420 3490 -
1479 3477 1502 3490 η
1658 3478 1668 3490 .
1768 3478 1791 3490 ..

231 3479 310 3548 ἓν,
352 3477 419 3532 ού
475 3475 692 3549 μᾶλλόν
739 3497 798 3550 γε
843 3473 880 3544 ἤ
923 3476 986 3530 τὸ
1042 3474 1306 3550 ψύχεσθαι
1353 3480 1434 3547 τῷ
1476 3477 1875 3552 θερμαίνεσθαι,

230 3567 345 3623 οὗθ’
406 3566 523 3637 ὅτῳ
579 3569 680 3619 τοῦ
739 3566 1002 3620 σεσῶσθαι
1065 3563 1299 3636 μάλιστα
1380 3563 1556 3638 μέλει,
1630 3566 1721 3619 καὶ
1777 3569 1884 3620 τῶν

229 3655 528 3728 Ὀλύμπου
555 3659 764 3729 τυχεῖν,
812 3650 1010 3708 δύναιτ’
1042 3653 1102 3707 ἂν
1145 3654 1304 3715 οὗτος
1343 3654 1584 3709 τουτοισί
1634 3655 1885 3728 προσηλ-

234 3746 410 3800 ὥσθαι
467 3743 559 3797 καὶ
620 3742 765 3804 ὅλως
822 3747 1104 3817 προσχεῖν,
1172 3741 1280 3799 ἄνω
1345 3743 1560 3816 βλέπων
1617 3744 1744 3814 αἰεὶ,
1794 3745 1881 3798 καὶ

233 3837 557 3914 φιλοσοφῶν
613 3833 679 3888 τὰ
735 3832 1067 3909 γιγνόμενα’
1127 3838 1374 3896 τοιοῦτος
1436 3835 1524 3888 καὶ
1576 3835 1731 3896 οὗτος
1781 3836 1878 3903 ἦν·

231 3927 433 3986 πάσαις
489 3925 584 3997 μὲν
650 3929 766 3983 ταῖς
819 3926 918 3978 τοῦ
993 3923 1249 3995 σώματος
1320 3920 1542 3992 ἡδοναῖς
1616 3923 1880 3998 ἐβρὧσθαι

229 4015 548 4068 παντάπασι
609 4012 836 4089 φράσας,
895 4013 984 4065 καὶ
1040 4013 1138 4079 τήν
1193 4013 1449 4082 τοιαύτην
1495 4015 1746 4086 γοητείαν
1806 4015 1880 4076 ὡς

230 4105 360 4179 ἄγος
423 4101 923 4180 ἀποστρεφόμενος,
984 4101 1169 4176 ἁγνείᾳ
1221 4099 1280 4155 δὲ
1328 4103 1416 4155 καὶ
1470 4103 1609 4176 μόνῃ
1657 4105 1745 4158 καὶ
1795 4103 1883 4179 ἐγ-

226 4192 457 4269 κρατείᾳ
484 4192 573 4245 καὶ
609 4188 857 4261 λιτότητῖ
894 4189 1013 4265 βίου
1068 4195 1266 4260 συζῶν,
1316 4191 1494 4245 καὶτὸ
1539 4199 1638 4260 τῆς
1692 4197 1878 4270 ψυχῆς

225 4283 391 4357 ὄμμα
421 4285 585 4334 πᾶσιν
617 4281 704 4340 οἷς
735 4278 930 4349 ἔξεστιν
965 4281 1314 4354 ἀποσμήχῶν
1358 4281 1413 4334 τέ
1461 4281 1550 4335 καὶ
1583 4283 1878 4356 καθαίρων,

223 4373 316 4426 καὶ
380 4369 623 4437 καθάπαξ
682 4367 968 4442 εἱλικρινὲς
1056 4367 1175 4422 ὅσαι
1237 4371 1374 4444 ὧραι
1437 4373 1877 4444 παρασκευάζων,

226 4461 345 4533 ἒφῷ
377 4463 487 4514 τῶν
537 4479 596 4512 τε
625 4457 762 4511 κατά
809 4463 937 4512 νοῦν
987 4459 1304 4530 κινημάτων
1338 4457 1394 4514 εὖ
1431 4459 1575 4532 μάλα
1624 4457 1876 4535 δέχεσθαι

227 4551 324 4610 τὰς
370 4546 704 4621 ἐλλάμψεις,
736 4546 825 4600 καὶ
870 4551 966 4601 τοῦ
1016 4547 1300 4623 ξυγγενοῦς
1349 4547 1642 4603 ἀπολαύειν
1676 4552 1874 4626 φωτὸς,

233 4641 294 4695 οὗ
321 4643 442 4700 τοῖς
470 4638 644 4698 οὕτως
696 4636 883 4710 ἔχουσι
936 4639 1063 4699 Θεὸς
1116 4640 1376 4715 χορηγὸς,
1427 4643 1506 4712 τῷ
1548 4661 1604 4694 τε
1657 4643 1877 4715 καθαρῷ

230 4731 484 4800 καθαρῶς
535 4728 764 4798 ξυνιέναι
813 4747 870 4781 τε
915 4725 1003 4780 καὶ
1055 4726 1424 4802 ξυγγίνεσθαι’
1474 4733 1581 4783 τῶν
1629 4731 1731 4806 γὰρ
1766 4732 1880 4786 ἀθεο

1999 2138 2348 2205 abstinebat,
2374 2155 2722 2210 omnemque
2754 2138 3043 2194 luxuriem
3078 2155 3344 2210 perosus,
3377 2138 3636 2194 maximo

1998 2236 2195 2283 contra
2226 2229 2284 2282 in
2313 2227 2496 2298 pretio
2563 2229 2984 2284 continentiam
3027 2228 3279 2284 habebat
3322 2246 3336 2296 ;
3370 2232 3541 2300 atque
3573 2233 3638 2284 ut

1996 2315 2307 2372 illaudatus
2337 2316 2684 2386 cupiditates
2716 2316 3060 2388 simpliciter
3087 2317 3524 2388 aspernabatur,
3552 2317 3636 2373 ita

1999 2405 2141 2461 solis
2173 2405 2440 2460 addictus
2471 2409 2592 2462 erat
2651 2405 3076 2476 spiritualibus.
3139 2406 3339 2461 Ventri
3408 2411 3634 2462 tantum

1998 2494 2175 2549 dabat
2195 2501 2475 2564 quantum
2512 2495 2738 2549 luendae
2767 2494 2957 2550 solum
2990 2496 3116 2550 vitaa
3178 2500 3471 2566 utcunque
3513 2495 3638 2550 suf-

1998 2582 2194 2638 ficeret
2246 2599 2258 2637 :
2316 2583 2528 2654 quippe
2594 2599 2707 2638 non
2769 2586 2833 2637 ut
2889 2583 3233 2640 lautiuscule
3281 2591 3636 2654 pasceretur,

1996 2676 2182 2730 vivere
2211 2674 2729 2743 studebat,hocest
2760 2679 2824 2730 ut
2855 2675 3075 2731 deliciis
3107 2675 3348 2731 liberius
3376 2677 3636 2748 perfrue-

1996 2772 2175 2833 retur,
2206 2781 2407 2820 verum
2443 2780 2512 2820 ne
2551 2769 2686 2821 ante
2727 2781 2896 2820 suam
2941 2765 3094 2820 diem
3147 2774 3358 2821 metam
3405 2765 3639 2822 vivendi

1996 2859 2323 2921 assecutus,
2358 2870 2602 2910 coronas
2634 2855 2952 2921 amitteret,
2985 2873 3128 2926 quas
3157 2857 3228 2911 de
3259 2857 3381 2911 suis
3430 2856 3638 2913 labori-

1997 2943 2124 3009 bus,
2160 2944 2235 2999 sit
2265 2943 2487 2998 diutius
2518 2943 2634 2997 vita
2674 2945 3096 3015 suppeditaret,
3132 2943 3443 3000 habiturus
3472 2947 3634 3013 erat;

1994 3031 2260 3088 nonnihil
2291 3031 2455 3087 initio
2488 3032 2594 3086 sibi
2617 3031 2974 3103 indulgebat.
3009 3035 3082 3088 At
3119 3032 3342 3105 epulas,
3376 3037 3432 3088 et
3477 3035 3636 3106 vina,

1993 3130 2049 3182 et
2079 3128 2332 3184 ludicros
2357 3126 2750 3183 conviviorum
2775 3125 3075 3197 strepitus,
3103 3134 3156 3181 et
3195 3125 3548 3198 voluptates,
3581 3136 3637 3184 et

1994 3218 2322 3288 petulantiae
2346 3220 2643 3289 parentem
2685 3216 3031 3282 satietatem,
3074 3220 3130 3271 et
3180 3216 3418 3274 serviles
3457 3222 3634 3289 atque

1993 3305 2368 3362 detestabiles
2397 3306 2568 3361 hasce
2599 3320 2888 3376 nugas,ne
2921 3305 3210 3361 nominari
3265 3306 3496 3376 quidem
3547 3307 3634 3362 fe-

1992 3396 2156 3451 rebat
2189 3411 2201 3449 :
2245 3395 2385 3466 quid
2419 3394 2568 3449 enim
2610 3410 2744 3449 cum
2789 3393 3129 3464 hujusmodi
3167 3393 3341 3448 rebus
3391 3393 3497 3458 illi,
3531 3395 3633 3465 qui

1992 3489 2119 3540 tum
2177 3485 2304 3539 vitaa
2360 3483 2688 3547 sanctitate,
2737 3490 2854 3537 tum
2944 3483 3194 3538 assiduis
3271 3487 3633 3539 commenta-

1992 3573 2274 3639 tionibus,
2337 3571 2555 3626 dudum
2619 3569 2871 3626 sublime
2919 3574 3148 3625 evectus
3195 3575 3338 3637 erat,
3380 3570 3632 3627 intimis-

1993 3679 2106 3733 que
2154 3660 2610 3732 cogitationibus
2669 3675 2794 3713 cum
2862 3658 2978 3714 Deo
3037 3675 3143 3714 suo
3207 3658 3458 3729 agebat?
3518 3659 3632 3714 sci-

1992 3751 2126 3805 licet
2159 3765 2343 3820 neque
2377 3749 2486 3803 luci
2534 3764 2790 3818 unquam
2835 3746 2996 3818 iungi
3038 3751 3310 3818 poterunt
3359 3746 3628 3814 tenebris,

1995 3840 2175 3896 nihilo
2221 3838 2488 3909 equidem
2541 3838 2728 3909 magis
2772 3853 2942 3909 quam
2996 3836 3195 3906 frigori
3242 3853 3377 3892 cum
3445 3837 3633 3892 calore

1990 3930 2284 3996 convenit,
2321 3943 2509 3999 neque
2557 3928 2644 3982 cui
2704 3927 2866 3982 salus
2934 3943 3042 3982 sua
3083 3926 3325 3997 vitatque
3382 3925 3630 3982 scelestis

1991 4018 2220 4090 adeptio
2248 4035 2497 4072 summa:
2529 4032 2682 4071 cura:
2713 4021 2821 4081 est,
2855 4015 3206 4086 ejuscemodi
3241 4015 3471 4072 afﬂixus
3505 4033 3633 4073 esse

1991 4114 2182 4181 potest
2212 4109 2408 4171 rebus,
2429 4109 2528 4161 aut
2550 4105 2809 4160 animum
2836 4107 2903 4158 ad
2923 4105 3052 4160 illas
3075 4105 3309 4161 omnino
3331 4104 3630 4173 adhibere,

1989 4200 2201 4272 quippe
2219 4198 2317 4270 qui
2349 4211 2562 4268 supera
2592 4201 2650 4250 et
2680 4195 2932 4251 cmlestia
2952 4195 3012 4249 in
3043 4196 3202 4251 omni
3225 4195 3339 4250 vita
3359 4195 3632 4266 suspicit,

1987 4295 2047 4344 et
2075 4287 2436 4344 convenienti
2470 4287 2640 4342 modo
2691 4283 3070 4356 philosophias
3103 4285 3285 4340 sacris
3337 4289 3632 4354 operatur.

1987 4377 2144 4433 Talis
2169 4393 2362 4432 revera
2391 4375 2485 4430 hic
2518 4380 2714 4429 noster
2743 4383 2886 4442 erat,
2921 4378 3117 4444 utpote
3176 4374 3275 4444 qui
3331 4389 3634 4445 corporeas

1987 4467 2310 4538 voluptates
2338 4481 2543 4520 omnes
2577 4481 2666 4520 res
2705 4481 2844 4519 suas
2867 4464 2977 4520 sibi
3013 4463 3182 4534 plane
3212 4464 3634 4533 haberejusse-

1991 4563 2101 4624 rat,
2143 4561 2200 4612 et
2233 4555 2552 4610 illiusmodi
2586 4553 3021 4609 incantamenta
3044 4552 3200 4608 velut
3245 4552 3634 4608 fadissimum

1987 4646 2282 4718 quoddam
2318 4643 2612 4716 piaculum
2649 4643 3045 4712 aversabatur,
3077 4659 3210 4698 cum
3267 4642 3391 4696 sola
3439 4645 3634 4696 autem

1997 4737 2267 4793 castitate
2296 4739 2352 4790 et
2384 4733 2743 4790 continentia
2782 4733 3087 4806 victusque
3132 4730 3461 4804 frugalitate
3501 4746 3636 4786 con-

237 4796 409 4890 μίτων
465 4796 634 4892 ἔφησε
692 4813 938 4880 Βλάτων,
997 4796 1481 4886 ταῦθ-ἀλλήλοις
1545 4796 1877 4891 ξυμϐαίνειν,

1996 4824 2366 4897 junctissime
2423 4823 2666 4890 vivebat,
2729 4823 3020 4895 animique
3094 4821 3329 4878 oculum
3417 4818 3634 4891 quibus

231 4908 320 4962 καὶ
379 4913 482 4976 τῆς
541 4909 641 4959 105
697 4906 934 4980 καθαροῦ
994 4903 1280 4980 συναφείας
1337 4908 1434 4976 τὴν
1513 4909 1588 4980 μὴ
1648 4909 1876 4983 καθαρὸν

232 4996 533 5067 ἀξιοῦσθαι.

1991 4919 2214 4987 poterat
2240 4911 2471 4968 eluebat
2501 4912 2926 4984 purgabatque,
2961 4914 3017 4966 et
3047 4925 3239 4966 acrem
3279 4912 3636 4978 acutumque

1989 5003 2149 5059 omni
2195 5008 2457 5076 tempore
2525 5001 2853 5073 praestabat,
2912 5017 3027 5074 quo
3068 5002 3125 5056 et
3175 4996 3635 5053 illuminationes

1991 5093 2313 5149 motionum
2347 5090 2559 5148 mentis
2591 5090 2916 5148 rectissime
2943 5089 3250 5162 exciperet,
3283 5091 3340 5142 et
3389 5089 3634 5159 cognato

231 5181 474 5248 lumine,
499 5180 658 5251 quod
691 5177 886 5251 largiri
918 5179 991 5234 iis
1033 5182 1185 5236 Deus
1217 5180 1381 5243 solet,
1416 5182 1516 5254 qui
1551 5182 1621 5237 ad
1660 5182 1816 5239 hunc
1856 5184 2126 5240 instructi
2190 5184 2424 5238 modum
2483 5186 2640 5252 sunt,
2672 5181 2983 5249 frueretur,
3024 5186 3080 5234 et
3127 5195 3263 5236 cum
3321 5176 3635 5250 purissimo

232 5272 471 5328 numine
528 5286 671 5343 pure
718 5277 1035 5341 sancteque
1087 5271 1285 5340 coiret,
1346 5271 1674 5345 intimaque
1730 5275 2076 5348 jungeretur
2158 5272 2579 5331 consuetudine
2646 5290 2667 5328 :

2724 5272 2895 5326 Nefas
2981 5270 3134 5326 enim
3205 5271 3312 5338 est,
3396 5267 3636 5323 docente

234 5363 489 5431 Platone,
521 5361 599 5432 (1)
629 5359 751 5415 haec
778 5359 941 5415 aliter
979 5359 1133 5416 inter
1160 5377 1222 5417 se
1260 5362 1589 5432 convenire,
1622 5367 1678 5419 et
1711 5365 1839 5436 puri
1870 5365 2290 5436 conjunctione
2322 5363 2420 5436 qui
2451 5365 2719 5436 impurus
2741 5366 2830 5417 est
2862 5363 3102 5431 dignum
3131 5359 3274 5415 ﬁeri.

301 5459 430 5508 ΝΗ.
464 5450 538 5505 Τὰ
568 5449 664 5522 μὶν
713 5447 778 5518 δὴ
828 5454 928 5518 τῆς
981 5451 1332 5527 σωφροσύνης
1380 5450 1512 5530 ἄχρι
1553 5457 1649 5507 τοῦ
1699 5452 1880 5528 δεῦρο,

235 5541 320 5596 καὶ
361 5537 518 5596 οὐδὲν
550 5536 637 5594 δεῖ
682 5539 1070 5615 προστιθέναι·
1106 5542 1266 5615 ἡμεῖς
1315 5539 1372 5597 δέ
1401 5562 1454 5596 τι
1496 5543 1584 5597 καὶ
1632 5543 1883 5618 περὶτῆς

298 5727 382 5802 (1)
414 5727 486 5786 In
517 5725 806 5799 Pisidam,
837 5725 890 5799 1,
920 5725 1012 5786 67.

2067 5455 2449 5526 LVIII.Atquc
2464 5455 2584 5510 base
2599 5454 2829 5525 quidem
2846 5453 3125 5507 hactenus
3147 5449 3633 5521 detemperantia.

1994 5545 2110 5602 Nec
2162 5546 2328 5602 video
2373 5561 2485 5616 quo
2542 5545 2765 5615 adjecto
2825 5541 2968 5598 mihi
3027 5539 3280 5613 amplius
3332 5553 3479 5611 opus
3537 5536 3633 5592 sit.
