4092 6300
340 354 458 414 275

1613 354 2010 418 THEODULI
2056 355 2412 418 MONACHI

3616 354 3734 416 276

339 485 506 542 Nunc
536 485 737 558 igltur,
769 494 832 542 ut
863 485 1108 542 facultas
1139 487 1300 555 feret,
1336 486 1622 544 nonnulla
1659 490 1731 544 de
1761 489 1980 544 summi

2115 492 2188 543 :06
2223 487 2467 564 μεγάλου
2519 485 2890 560 δικαιοσύνης,
2937 488 3011 551 ὡς
3060 486 3120 543 ἄν
3171 489 3344 544 οἷοίτε
3374 486 3545 562 ὦμεν,
3589 486 3740 561 ἐροῦ-

339 575 688 648 virijustitia
702 576 1982 648 afferumus,eaqueornationemnostram,non

339 663 500 720 illam
523 667 805 731 oratione,
827 665 1187 722 ornabimus.
1214 665 1488 737 Bipartito
1511 672 1704 724 autem
1726 668 1847 724 haec
1869 669 1984 724 dis-

341 755 560 810 tributa
588 753 772 810 virtus
803 759 912 824 est,
947 753 1126 811 altera
1147 771 1281 828 erga
1310 755 1517 825 Deum,
1547 773 1686 829 erga
1717 757 1981 813 homines

341 843 561 910 altera;
603 844 886 915 posterior
917 844 1147 916 proprie
1160 845 1391 914 justitia
1412 847 1696 901 vocitatur
1729 873 1743 914 ;
1774 863 1894 918 quae
1909 849 1980 903 ad

344 936 520 987 Deum
539 932 880 998 referuntur,
899 949 966 987 ea
979 935 1049 988 ad
1063 933 1400 1006 religionem
1418 937 1982 1008 sanctimoniamque

345 1022 661 1093 pertinent;
687 1023 841 1094 quod
874 1022 922 1078 si
955 1039 1023 1078 ex
1054 1027 1182 1079 utra
1199 1025 1476 1081 harumce
1496 1026 1776 1081 virtutum
1800 1029 1981 1099 majo-

345 1127 464 1167 rem
508 1110 953 1168 nosterlaudem
983 1113 1189 1168 merito
1230 1130 1332 1169 suo
1382 1115 1603 1170 auferat
1647 1132 1892 1186 quaaras,
1924 1117 1981 1172 in

341 1203 551 1256 neutra
577 1201 766 1272 seipse
798 1200 1127 1257 inferiorem
1161 1202 1326 1258 illum
1361 1203 1648 1274 reperies;
1685 1207 1812 1277 pari
1827 1207 1981 1262 enim

343 1289 921 1360 acsimiliutrobique
952 1291 1661 1364 ingrediturgradu,tanto
1676 1300 1985 1366 utramque

343 1377 682 1450 complexus
700 1380 894 1434 studio
924 1385 1143 1450 quanto
1161 1397 1329 1437 nemo
1353 1382 1618 1438 omnium
1640 1389 1706 1439 ut
1735 1385 1987 1441 arbitror

344 1467 701 1524 alterutram.
725 1468 950 1540 Quippe
971 1477 1024 1524 et
1056 1469 1135 1524 ita
1165 1470 1434 1542 religiose
1457 1471 1670 1528 divinis
1702 1473 1987 1546 obtempe-

344 1557 508 1613 rabat
554 1559 850 1614 mandatis
881 1559 1049 1629 quasi
1105 1560 1155 1614 si
1215 1561 1314 1617 uni
1366 1560 1476 1632 ipsi
1535 1561 1661 1634 lege
1733 1565 1986 1634 quadam

346 1648 605 1719 primum
646 1647 868 1703 sancita
910 1648 1176 1718 fuissent,
1207 1649 1463 1720 primum
1494 1651 1762 1708 videlicet
1785 1653 1984 1708 eadem

348 1743 472 1792 tum
505 1735 897 1803 observaturo,
929 1740 1054 1792 tum
1084 1739 1300 1794 cateris
1332 1738 1654 1810 prodituro.
1678 1741 1748 1795 Et
1780 1758 1986 1797 rursus

2097 598 2213 650 μεν,
2261 577 2324 633 οὒ
2371 580 2573 645 ταύτην
2620 583 2698 651 τῷ
2749 578 2922 655 λόγῳ,
2970 583 3162 634 τοῦτον
3195 576 3241 634 δ’
3273 578 3332 633 ἐκ
3358 578 3561 648 ταύτης
3609 598 3741 632 κοσ-

2097 669 2398 740 μήσοντες·
2431 667 2639 736 Ταύτης
2687 669 2869 722 τοίνυν
2921 667 2996 730 εἷς
3051 665 3148 723 δύο
3198 666 3608 743 διαιρουμένης,
3660 667 3736 729 εἷς

2090 777 2150 811 τε
2181 758 2310 812 Θεὸν
2338 757 2431 810 καὶ
2462 756 2798 830 ἀνθρώπους,
2838 757 2900 812 τὸ
2953 757 3048 829 μὲν
3097 755 3348 812 καλεῖται
3380 753 3698 824 δικαιοσύνη
3726 773 3740 786 ο

2092 845 2190 900 ὅσα
2221 843 2267 899 δ’
2315 844 2391 907 εἷς
2437 846 2567 900 Θεὸν
2619 846 2888 922 ἀναφέρει,
2930 847 3076 900 ταῦτ’
3130 845 3205 908 εἷς
3238 845 3497 915 ὁσιότητα
3549 843 3719 922 φέρει]

2091 933 2142 988 ἐν
2191 933 2429 1008 ὁποτέρᾳ
2483 932 2548 1003 δὴ
2599 934 2804 988 τούτων
2857 934 3022 1006 μιίζω
3069 935 3289 1013 φέρεται
3337 936 3519 1010 ψῆφον
3568 934 3746 1004 ζητή-

2093 1045 2210 1093 σας,
2253 1024 2342 1076 καὶ
2389 1027 2583 1077 τοῦτον
2631 1021 2682 1078 ἐν
2733 1021 2847 1077 οὐδ’
2897 1024 3133 1096 ὁποτέρᾳ
3178 1024 3497 1096 ἡττώμενον
3539 1020 3742 1096 εὕροις,

2090 1112 2239 1169 ἀλλὰ
2269 1110 2339 1168 δι’
2381 1111 2508 1168 ’ίσου
2548 1113 2639 1167 καὶ
2680 1111 2876 1184 ὁμοίου
2925 1118 3131 1187 χωρεῖ·
3178 1115 3437 1167 τοσοῦτον
3484 1110 3742 1182 ἐκατέρου

2094 1204 2259 1278 λόγον
2300 1202 2689 1274 πεποιημένος,
2734 1203 2858 1256 ὅσον
2907 1199 3084 1262 οὐδεὶς
3117 1201 3271 1273 οἶμαι
3319 1201 3549 1275 θατέρου
3575 1218 3586 1230 ·
3623 1205 3736 1255 τῶν

2091 1311 2149 1345 τε
2176 1291 2277 1366 γὰρ
2330 1289 2485 1344 θείων
2536 1289 2920 1364 ἐπιταγμάτων
2970 1291 3116 1344 υῦτω
3160 1289 3328 1367 φύλαξ
3379 1290 3448 1358 ἦν
3478 1284 3737 1364 ἀκριϐὴς,

2092 1380 2166 1440 ὡς
2196 1377 2254 1432 ἂν
2285 1378 2361 1442 εἷς
2411 1383 2604 1434 τοῦτον
2652 1377 2810 1434 at.sz
2850 1381 2951 1449 τήν
3001 1379 3178 1452 ἀρχὴν
3231 1379 3740 1451 νομοθετηθέντων,

2093 1470 2166 1531 ὡς
2187 1473 2402 1542 πρῶτον
2445 1468 2605 1522 αύτόν
2649 1489 2707 1523 τε
2753 1471 2920 1523 ταῦτα
2961 1467 3284 1546 φυλάξοντα,
3323 1467 3414 1522 καὶ
3460 1467 3590 1529 τοὺς
3635 1464 3745 1522 ἄλ-

2095 1556 2228 1622 λους
2287 1555 2617 1628 διδάξοντα·
2677 1557 2986 1632 ἀνθρώποις
3041 1577 3102 1612 τε
3157 1557 3330 1618 οὕτως
3388 1556 3617 1631 ἐχρῆτο,
3668 1557 3745 1617 ὡς

2097 1646 2157 1701 ἄν
2216 1668 2298 1708 τις
2357 1648 2693 1721 νομοθετῶν,
2751 1644 2813 1702 οὒ
2870 1646 3063 1720 νόμοις
3122 1651 3462 1722 συνηγορῶν,
3525 1644 3741 1718 μᾶλλον

2096 1734 2152 1791 δὲ
2217 1738 2291 1800 ὡς
2353 1742 2572 1810 πρῶτος
2640 1735 2819 1791 θεόθεν
2885 1737 3206 1811 ἀνθρώποις
3273 1736 3567 1813 πεμφθεὶς,
3631 1733 3749 1813 ἐερῷ

349 1846 416 1886 eo
447 1843 581 1884 cum
629 1826 964 1886 hominibus
1013 1826 1186 1882 modo
1225 1828 1448 1896 agebat,
1479 1829 1638 1885 velut
1683 1831 1781 1900 qui
1831 1831 1988 1902 leges

2115 1825 2195 1893 τήν
2255 1826 2529 1899 περίγειον
2586 1823 2742 1894 λῆξιν
2809 1831 3084 1897 κοσμῆσαι
3141 1824 3231 1879 καὶ
3290 1831 3623 1894 καταστῆσαι
3678 1826 3750 1878 τὰ

2511 1913 2638 1930 ,κη
2765 1917 2778 1930 ,
2988 1918 3014 1929 ..
3179 1912 3202 1930 es
3235 1920 3258 1930 ..
3362 1913 3375 1930 .
3572 1913 3586 1930 .
3678 1917 3705 1928 η

350 1919 495 1991 ipsis
561 1919 731 1974 ferret
795 1916 1002 1988 potius,
1048 1931 1222 1987 quam
1269 1916 1408 1972 latis
1469 1915 1691 1988 legibus
1739 1921 1988 1992 patroci-

352 2007 518 2066 nium
550 2007 968 2073 commodaret,
983 2005 1106 2061 sive
1136 2006 1326 2062 verius
1347 2005 1498 2061 velut
1529 2007 1630 2078 qui
1655 2008 1877 2078 primus
1900 2009 1989 2064 di-

354 2097 574 2154 vinitus
606 2095 952 2151 mortalibus
985 2095 1201 2150 missus
1241 2096 1465 2162 fuisset,
1495 2113 1608 2168 quo
1657 2097 1804 2154 hanc
1865 2115 1994 2170 quae

356 2186 420 2243 in
472 2185 639 2241 terris
687 2184 921 2255 degitur
975 2183 1150 2238 vitam
1206 2188 1356 2239 recte
1427 2185 1746 2256 ordinaret,
1791 2203 1997 2258 resque

359 2274 624 2330 turbatas
655 2276 1067 2343 componeret:
1103 2273 1203 2328 sed
1236 2273 1497 2328 nondum
1532 2275 1604 2330 de
1635 2275 1726 2331 bis
1745 2277 1996 2348 agimus,

363 2363 644 2422 nimirum
667 2362 830 2435 prius
861 2363 932 2417 de
961 2360 1197 2431 divinis,
1229 2365 1348 2417 tum
1380 2367 1582 2434 postea
1595 2365 1894 2422 decasteris
1918 2383 2002 2423 re-

365 2454 479 2510 bus
507 2450 1500 2524 cujusquemodi,nobisdioendum.
1522 2454 2002 2527 Ecquidnamigi-

365 2546 460 2598 tur
479 2550 588 2609 est,
618 2541 770 2612 quod
802 2540 918 2596 Deo
949 2539 1288 2612 praecipuos
1325 2540 1493 2597 nobis
1523 2541 1786 2611 debetur,
1820 2549 1875 2598 et
1905 2561 2002 2599 cu-

362 2633 464 2704 jus
494 2630 604 2704 ipsi
633 2630 920 2686 debitores
978 2643 1182 2684 omnes
1239 2645 1444 2687 sumus
1465 2631 1492 2686 ?
1523 2631 1792 2703 pietatem
1853 2636 2002 2689 haud

369 2720 570 2786 dubie;
611 2718 819 2774 deinde
856 2733 1137 2787 amorem,
1172 2723 1229 2774 et
1259 2734 1452 2774 veram
1501 2721 1690 2792 ipsius
1729 2724 2010 2795 cognitio-

2100 1936 2399 1992 πραγματα
2432 1935 2445 1948 ⁸
2500 1913 2647 1970 ἀλλὰ
2703 1917 2871 1988 μήπω
2920 1918 3084 1970 τοῦτο
3113 1935 3126 1947 ⁸
3175 1912 3258 1969 δεῖ
3314 1913 3417 1989 γὰρ
3466 1913 3590 1988 περὶ
3635 1917 3746 1969 τῶν

2103 2004 2258 2060 θείων
2308 2011 2550 2081 πρῶτον,
2598 2004 2827 2061 κᾶπειτα
2884 2006 3006 2080 περὶ
3060 2010 3169 2060 τῶν
3229 2003 3439 2059 λοιπῶν
3498 2005 3747 2058 ἁπάντων

2104 2091 2412 2165 διεξελθεῖν.
2460 2095 2517 2150 Τί
2565 2095 2745 2150 τοίνυν
2799 2093 3072 2172 ὀφείλεται
3125 2093 3363 2167 μάλιστα
3405 2094 3532 2166 παρ’
3586 2095 3750 2165 ἡμῶν

2105 2188 2184 2254 τῷ
2214 2188 2352 2256 Θεῷ,
2399 2183 2487 2238 καὶ
2535 2187 2632 2239 τοῦ
2680 2182 3010 2257 καθέσταμεν
3061 2183 3320 2259 ύπόχρεῳ
3371 2182 3606 2251 πάντεςς
3656 2183 3751 2236 εύ-

2108 2268 2317 2329 σέϐειαν
2366 2273 2456 2327 καὶ
2506 2271 2785 2350 φιλοθεῖαν
2817 2273 3032 2334 πάντως
3072 2270 3214 2346 ἐρεῖς
3257 2272 3349 2327 καὶ
3396 2273 3459 2326 τὸ
3502 2270 3749 2345 γνησίως

2107 2367 2296 2418 τοῦτον
2356 2359 2553 2417 εἰδέναι
2618 2383 2678 2417 τε
2741 2363 2831 2417 καὶ
2895 2368 3058 2436 τιμᾷν
3125 2362 3216 2417 καὶ
3282 2358 3592 2438 φοϐεῖσθαι,
3660 2359 3753 2414 καὶ

2110 2452 2247 2525 πρὸς
2301 2450 2394 2521 μὲν
2442 2447 2642 2504 ἐκεῖνον
2689 2450 2943 2505 ἑκάστοτε
2988 2451 3178 2505 τείνειν
3207 2467 3220 2480 ⁶
3269 2450 3468 2520 ἣκιστα
3513 2445 3571 2502 δὲ
3614 2448 3754 2502 πάν·

2113 2561 2220 2595 των
2277 2544 2397 2604 τοῖς
2450 2543 2684 2612 παροῦσι
2743 2540 3056 2617 προσέχειν,
3104 2539 3194 2592 καὶ
3258 2538 3479 2612 προσέτι
3535 2533 3755 2606 δεῆσαν,

2115 2635 2202 2687 καὶ
2241 2629 2466 2705 μυρίους
2513 2629 2573 2684 ἂν
2625 2630 2755 2706 ὑπὲρ
2811 2630 3010 2684 τούτου
3057 2631 3338 2697 θανάτους,
3387 2628 3535 2704 ε’ίπερ
3587 2629 3758 2683 οἷοντ⁹

2115 2719 2167 2776 ἐν
2199 2717 2551 2795 ἀνασχέσθαι.

269 2853 273 2856 .
365 2827 524 2881 nem,
556 2823 874 2880 verumque
909 2808 1184 2864 honorem
1225 2825 1292 2866 ac
1319 2809 1590 2866 timorem
1623 2812 1769 2866 mihi
1819 2813 2000 2880 dices,
2030 2823 2152 2869 tum
2207 2818 2270 2869 ut
2318 2812 2442 2868 dies
2499 2815 2816 2883 noctesque
2864 2810 3056 2866 animo
3115 2812 3186 2866 ad
3227 2809 3393 2866 illum
3435 2809 3762 2866 contenda-

363 2917 516 2969 mus,
558 2900 771 2972 spretis
800 2899 1040 2955 omnino
1072 2898 1467 2972 neglectisque
1498 2903 1884 2972 praesentibus
1907 2904 2159 2971 ;adba3c,
2179 2903 2228 2958 si
2253 2903 2487 2974 quando
2519 2916 2754 2956 necesse
2786 2900 2977 2968 fuerit,
2999 2907 3062 2956 ut
3091 2899 3189 2956 Dei
3220 2916 3420 2968 causa,
3437 2899 3486 2955 si
3510 2915 3617 2970 quo
3632 2899 3762 2954 fieri

363 2997 533 3064 pacto
564 2989 864 3061 p,ossit,vel
889 2989 1045 3045 mille
1066 2989 1313 3045 libenter
1340 2991 1736 3062 perpetiamur
1756 2997 1995 3049 mortes.

431 3082 576 3137 LIX.
609 3080 748 3144 Quis
788 3085 986 3136 nostro
1032 3085 1226 3136 autem
1283 3081 1551 3136 Numinis
1608 3083 2000 3138 reverentior?
2030 3087 2072 3152 ί]

360 3170 490 3241 quis
520 3169 763 3226 Domino
794 3169 1062 3241 religioso
1094 3173 1342 3241 quodam
1375 3186 1510 3226 cum
1554 3172 1760 3227 timore
1811 3173 1998 3244 magis

360 3258 640 3325 serviens,
673 3262 773 3314 aut
803 3257 1040 3314 clariore
1071 3273 1173 3329 per
1221 3258 1341 3313 haec
1370 3261 1570 3315 omnia
1601 3260 1822 3332 fulgore
1851 3262 2001 3317 emi-

363 3347 544 3406 cans?
574 3346 676 3420 qui
697 3363 819 3402 suae
849 3345 1084 3416 quidem
1115 3363 1253 3419 erga
1281 3352 1460 3404 Deum
1513 3350 1742 3419 pietatis
1775 3352 2002 3407 semina

365 3454 399 3494 a
457 3441 664 3506 matre,
713 3436 932 3492 femina
960 3437 1180 3506 optima
1237 3441 1294 3490 et
1341 3437 1734 3508 sanctissima,
1767 3457 2003 3512 accepe-

363 3531 482 3596 rat;
528 3527 614 3583 sic
670 3541 801 3581 vere
853 3525 924 3579 ad
984 3525 1365 3582 centesimam
1422 3526 1642 3599 frugem
1712 3531 2005 3600 produxit,

367 3625 431 3675 ut
461 3615 835 3689 postmodum
881 3613 982 3670 Dei
1023 3614 1208 3684 ipsius
1240 3614 1606 3672 admirabilis
1663 3619 2008 3676 administer

366 3708 716 3778 adjutorque
783 3704 976 3774 fuerit,
1017 3707 1195 3776 atque
1252 3709 1376 3760 tum
1435 3706 1645 3774 verbis,
1697 3713 1822 3764 tum
1865 3725 2008 3782 ope—

367 3797 531 3853 ribus
586 3795 667 3851 ita
743 3794 1048 3865 magniﬁce
1123 3809 1191 3850 ac
1249 3795 1520 3864 praeclare
1568 3813 1733 3865 opem
1793 3798 2008 3867 tulerit,

369 3890 435 3943 ut
463 3884 552 3942 his
580 3885 795 3940 eisdem
827 3884 1010 3939 armis
1034 3888 1186 3939 recte
1215 3885 1494 3940 adversus
1527 3885 1658 3942 illos
1692 3888 1772 3942 uti
1827 3895 2012 3959 poste-

369 3976 513 4032 ritas
560 3978 733 4044 queat
773 3991 787 4039 ;
849 3973 947 4044 qui
989 3971 1049 4028 in
1109 3971 1410 4028 divinitate
1467 3990 1696 4030 omnem
1742 3978 2010 4032 essentia:

370 4065 656 4121 rationem
679 4077 1068 4134 supergressa,
1087 4063 1280 4118 nescio
1303 4079 1450 4134 quas
1466 4063 1729 4136 dispares
1746 4066 1858 4120 sibi
1873 4083 2013 4137 par-

368 4154 605 4212 titiones
634 4153 884 4224 ﬂngunt,
925 4157 982 4206 et
1020 4151 1342 4222 simplicem
1364 4151 1526 4207 illam
1553 4170 1618 4208 ac
1650 4154 2011 4211 individuam

372 4243 511 4300 vitio
542 4240 1123 4312 dividunt,illiusque
1154 4241 1592 4298 coessentialem
1615 4249 1867 4300 evertere
1898 4262 2017 4301 mo-

373 4332 911 4396 liunturnaturam,
948 4329 1171 4386 scilicet
1225 4338 1285 4384 ut
1345 4334 1492 4386 Deus
1549 4333 1747 4388 eadem
1802 4335 2017 4404 pariter

376 4425 549 4494 atque
596 4435 689 4475 res
735 4419 1000 4491 quaedam
1073 4424 1261 4475 creata
1356 4435 1484 4476 esse
1561 4422 1841 4493 videatur,
1916 4431 2018 4480 aut

378 4512 586 4568 borum
645 4508 840 4580 potius
870 4515 1164 4575 neutrum,
1197 4510 1430 4580 quando
1477 4521 1784 4583 utrumque
1841 4514 2017 4569 simul

379 4615 507 4656 esss
575 4595 798 4669 nequit.
857 4595 1045 4652 Simili
1097 4613 1264 4669 porro
1334 4598 1438 4654 Dei
1486 4601 1690 4656 timore
1749 4603 1848 4672 qui
1909 4619 2022 4673 prae

379 4690 535 4746 ditus
593 4687 766 4744 fuerit
807 4685 1103 4742 hominem
1155 4689 1277 4742 scio
1336 4689 1880 4761 neminem,verum
1915 4693 2024 4748 hoc

381 4796 564 4836 unum
621 4777 862 4851 pulchre
923 4777 1062 4846 scio,
1106 4778 1416 4850 sciuntque
1470 4781 1613 4839 item.
1666 4781 1760 4836 alii
1823 4799 2028 4839 omnes

383 4872 464 4926 ita
492 4868 745 4925 tristitie
767 4867 1162 4940 lacrymisque
1193 4873 1472 4939 perpetuo
1511 4871 1853 4941 Gregorium
1905 4889 2029 4929 sese

386 4959 718 5025 tradidisse,
751 4963 817 5013 ut
837 4957 1094 5014 asiduis
1118 4957 1386 5029 precibus
1434 4977 1466 5014 a
1510 4959 1627 5015 Deo
1659 4963 2033 5018 contenderet

385 5051 452 5104 ut
481 5053 539 5103 et
567 5048 689 5120 ipse
721 5053 778 5104 et
808 5048 1000 5103 caeteri
1043 5047 1184 5103 salvi
1219 5047 1444 5114 fierent,
1475 5049 1565 5104 sin
1607 5049 1824 5117 minus,
1859 5050 2030 5107 sltem

388 5147 469 5204 ut,
503 5137 943 5210 exemploPauli
961 5137 1235 5204 ‘ﬂcaateri
1264 5154 1492 5208 omnes,
1517 5155 1630 5195 uno
1654 5140 1778 5209 ipso
1800 5142 2032 5196 excluso

388 5230 775 5282 servarentur.
839 5227 932 5282 Sic
987 5227 1130 5283 adeo
1192 5225 1288 5282 ille
1346 5242 1461 5282 non
1531 5228 1701 5283 modo
1751 5229 1923 5299 juxta
1964 5244 2031 5284 ac

387 5315 790 5387 semetipsum,
815 5315 918 5372 sed
948 5320 1003 5373 et
1043 5333 1222 5388 supra
1251 5316 1653 5388 semetipsum,
1697 5318 2034 5388 proximum

387 5421 562 5462 suum
629 5404 904 5475 ducebat,
960 5404 1244 5479 illumque
1304 5407 1464 5462 omni
1523 5407 1696 5462 modo
1742 5422 2038 5478 prepone-

386 5495 505 5552 bat.
538 5497 708 5551 Recte
737 5492 838 5552 ille
867 5494 1128 5567 quidem,
1150 5511 1216 5554 ac
1246 5495 1511 5553 divinum
1545 5500 1894 5568 preceptum
1929 5497 2037 5554 im-

464 5672 511 5713 “
540 5671 707 5732 Rom.
741 5687 820 5744 ιι,
849 5672 905 5729 3.

2185 3084 2308 3138 N6'.
2344 3081 2433 3141 Τίς
2467 3081 2558 3134 ούν
2613 3076 2988 3156 εὐσεϐέστερος
3038 3079 3254 3148 τούτου,
3305 3081 3391 3133 καὶ
3435 3077 3647 3151 μᾶλλον
3704 3078 3759 3132 ἐν

2110 3165 2264 3246 φόϐῳ
2294 3174 2374 3241 τῷ
2406 3172 2589 3244 Κυρίῳ
2619 3167 2917 3239 δουλεύων,
2950 3169 3043 3224 καὶ
3075 3168 3375 3223 διαπάντων
3403 3167 3616 3222 τούτων
3638 3165 3761 3222 δια-

2111 3259 2386 3336 φερόντως
2437 3257 2780 3332 ἐκλάμπων;
2811 3257 2870 3321 ’ὁς
2926 3260 3212 3331 σπέρματα
3255 3252 3560 3319 θεοσεϐείας
3610 3257 3762 3331 παρὰ

2109 3357 2208 3420 τῆς
2266 3351 2421 3406 πάντ’
2469 3349 2694 3424 ἀρίστης
2743 3350 2954 3424 μητρὸς
2996 3347 3207 3419 ἐδέξατο
3258 3349 3374 3422 μὶν,
3422 3345 3565 3402 οὕτω
3596 3344 3641 3401 δ’
3679 3346 3758 3408 είς

2112 3438 2298 3494 ἑκατὸν
2352 3443 2519 3494 ταῦτα
2574 3440 2905 3515 προήγαγεν,
2977 3439 3050 3499 ὡς
3116 3437 3207 3493 καὶ
3265 3439 3560 3512 σύμμαχος
3619 3440 3756 3491 Θεοῦ

2113 3533 2488 3602 τομεταταῦτα
2580 3529 2886 3601 θαυμαστὸς
2977 3530 3312 3602 γεγενῆσθαι,
3406 3526 3498 3583 καὶ
3579 3525 3755 3588 οὕτως

2116 3620 2265 3690 αύτῷ
2311 3617 2500 3692 λόγοις
2558 3616 2646 3672 καὶ
2694 3612 2872 3692 ἔργοις
2917 3618 2986 3672 τὰ
3034 3617 3248 3692 μεγάλα
3293 3618 3637 3690 συνάρασθαι,
3682 3615 3763 3678 ὡς

2116 3706 2366 3768 καὶτοὺς
2413 3706 2862 3781 ἐπιγιγνομένους
2906 3711 3022 3767 τοῖς
3067 3705 3254 3768 αὐτοῖς
3301 3705 3514 3765 τούτοις
3562 3702 3761 3764 δπλοις

2118 3793 2265 3870 ἔχειν
2297 3797 2625 3869 κεχρῆσθαι,
2665 3795 2798 3848 κατὰ
2835 3795 2930 3856 τὰς
2971 3801 3069 3864 τῆς
3123 3794 3446 3868 ὑπερουσίου
3495 3794 3761 3862 θεότητος

2120 3884 2334 3940 ἀνίσους
2391 3885 2567 3957 τομὰς
2633 3883 3017 3950 ἐπινοούντων,
3084 3883 3174 3938 καὶ
3243 3881 3592 3958 διαιρούντων
3659 3885 3760 3949 τήν

2121 3971 2443 4046 ἀδιαίρετον,
2499 3973 2588 4028 καὶ
2645 3975 2987 4046 περιτρέπειν
3063 3972 3360 4028 ἐθελόντων
3439 3973 3642 4040 ταύτης
3700 3973 3764 4027 τὸ

2121 4063 2440 4136 ὁμοούσιον,
2483 4063 2557 4123 ὼς
2606 4064 2706 4131 τὴν
2751 4063 2919 4130 αὐτὴν
2973 4062 3062 4118 καὶ
3104 4064 3231 4117 Θεὸν
3279 4063 3369 4117 καὶ
3417 4063 3619 4134 κτίσμα
3667 4058 3765 4114 δο-

2121 4158 2258 4219 κεῖν,
2317 4153 2407 4206 καὶ
2469 4149 2766 4222 μηδέτερον
2822 4151 3029 4206 τούτων
3091 4150 3205 4206 ἐπεὶ
3283 4149 3426 4224 μηδέ
3482 4151 3768 4225 συναμφό-

2123 4260 2299 4315 τερον.
2333 4235 2512 4294 Φόϐον
2561 4237 2619 4294 δὲ
2666 4242 2832 4310 θεῖον,
2882 4239 2982 4294 ούκ
3029 4237 3160 4295 οῖδα
3201 4239 3297 4312 μὶν
3345 4239 3493 4302 ὅστις
3539 4239 3631 4293 καὶ
3669 4237 3769 4294 ἄλ‹

2125 4331 2221 4390 λος
2283 4330 2476 4402 ὅμοιον
2533 4325 2693 4404 ἔσχε·
2757 4328 2901 4398 πλὴν
2960 4327 3016 4384 ἓν
3067 4330 3216 4384 τοῦτ’
3265 4326 3384 4384 οῖδα
3430 4328 3519 4383 καί
3571 4333 3771 4390 πάντες

2127 4418 2464 4487 ἐπίστανται,
2514 4420 2590 4480 ὡς
2631 4419 2771 4475 οὕτω
2811 4421 3019 4474 πενθῶν
3071 4417 3160 4473 καὶ
3210 4415 3454 4494 δακρύων
3505 4417 3582 4479 είς
3629 4418 3771 4474 ἅπαν

2132 4508 2223 4576 ἦν,
2253 4510 2329 4569 ὡς
2358 4509 2448 4563 καὶ
2478 4508 2708 4563 πλεῖστα
2747 4505 2952 4563 δεῖσθαι
2993 4512 3148 4576 Θεοῦ,
3188 4507 3277 4561 καὶ
3317 4507 3476 4562 αύτὸν
3523 4507 3636 4576 μὲν,
3676 4506 3772 4561 καὶ

2129 4597 2256 4659 τοὺς
2299 4595 2510 4658 ἄλλους
2551 4599 2846 4652 σεσῶσθαι·
2881 4597 2926 4651 εἰ
2966 4594 3024 4651 δὲ
3067 4597 3143 4669 μὴ
3190 4599 3374 4663 τοῦτο,
3423 4597 3626 4659 πάντας
3672 4598 3769 4667 μὲν

2133 4685 2268 4741 κατὰ
2308 4686 2524 4742 Παύλον
2555 4687 2682 4747 τοὺς
2739 4685 2964 4756 ἄλλους,
3015 4686 3199 4741 ἑαυτὸν
3230 4683 3287 4740 δὲ
3322 4687 3435 4759 μή·
3493 4683 3634 4740 οὕτω
3678 4685 3775 4740 τὸν

2135 4775 2370 4844 πλησίον
2409 4775 2470 4829 ού
2509 4775 2628 4830 καθ’
2664 4774 2825 4829 αὐτὸν
2868 4774 3052 4846 μόνον,
3104 4773 3248 4830 ἀλλὰ
3289 4774 3381 4828 καὶ
3431 4773 3562 4847 ὑπὲρ
3611 4771 3776 4828 αὐτὸν

2137 4863 2398 4935 ἐποιεῖτο,
2429 4864 2661 4926 καὶτοῖς
2699 4861 2855 4925 ὅλοις
2904 4862 3221 4936 προυτίθει-
3271 4862 3454 4924 καλῶς
3499 4883 3557 4934 γε
3602 4867 3778 4917 ποιῶν

2137 4955 2226 5008 καὶ
2256 4955 2355 5024 τήν
2389 4951 2610 5023 ἐντολὴν
2645 4953 2816 5006 ποιῶν
2859 4953 3000 5024 ὁμοῦ
3048 4971 3105 5006 τε
3150 4953 3236 5006 καὶ
3291 4946 3651 5026 ὑπερϐαίνων,
3684 4952 3779 5006 καὶ

2141 5042 2282 5119 δρῶν
2339 5047 2505 5117 ἄμφω
2562 5044 2696 5115 μετὰ
2746 5045 2843 5095 τοῦ
2891 5039 3052 5095 αὐτοῦ
3105 5041 3430 5114 πνεύματος.
3465 5045 3522 5095 '0
3553 5037 3610 5094 δὲ
3639 5043 3778 5114 πρὸς

2142 5135 2458 5209 ἁνθρώπους
2488 5135 2647 5186 τοῦτο
2679 5135 2871 5198 ποιῶν,
2920 5131 3011 5185 καὶ
3057 5129 3258 5200 ταύτην
3296 5128 3440 5204 ἔχων
3486 5130 3585 5199 τὴν
3633 5131 3784 5204 γνώ-

2146 5225 2278 5296 μην,
2308 5222 2454 5284 τίνας
2500 5221 2598 5276 ούκ
2645 5221 2704 5274 ἂν
2752 5221 2882 5294 ὑπὲρ
2938 5223 3174 5295 Χριστοῦ
3223 5216 3504 5281 κινδύνους
3553 5215 3781 5289 ὑπέστη,

2145 5310 2214 5367 δι’
2252 5312 2310 5366 ’ὸν
2370 5309 2640 5371 κάκείνοις
2690 5309 2866 5372 οὕτως
2923 5309 3166 5387 ἐχρῆτος
3225 5307 3312 5362 καὶ
3377 5308 3486 5382 μὴν
3542 5307 3783 5378 κάκεῖνο,

2144 5404 2329 5475 ψυχῆς
2369 5397 2504 5474 ἄγαν
2544 5400 2795 5454 συντόνου
2830 5397 2918 5453 καὶ
2958 5399 3096 5473 πρὸς
3137 5397 3262 5452 Θεὸν
3305 5395 3413 5452 αίεὶ
3459 5395 3782 5472 τεταμένης,

2143 5491 2206 5548 τὸ
2266 5495 2455 5547 τοῦτον
2505 5490 2598 5564 μὲν
2655 5486 2949 5553 διαπαντὸς
2999 5487 3252 5561 ἐνώπιον,
3302 5486 3466 5545 αύτοῦ
3511 5487 3646 5544 κατὰ
3688 5488 3783 5546 τὸν
