4092 6300
248 338 368 397 277

1273 342 1671 406 LAUDATIO
1717 345 1782 403 S.
1831 340 2204 406 GREGORII
2245 336 2660 402 THEOLOGI.

3549 325 3666 388 278

248 465 558 540 ψαλμῳδὸν
619 471 979 544 προορᾶσθαι,
1030 469 1116 525 καὶ
1180 469 1348 544 μηδὲν
1407 468 1672 542 ἔξωτῶν
1719 470 1897 544 ἐκείνῳ

2020 471 2182 543 plens
2214 469 2389 526 simul
2418 473 2474 526 et
2502 471 2945 539 exsuperans.et
2973 465 3177 521 eodem
3209 465 3522 532 utrumque
3546 459 3660 530 spi-

246 554 583 622 δοκούντων,
652 562 793 632 μήτε
873 561 1148 634 πράττειν,
1202 563 1341 635 μήτε
1408 559 1709 638 βουλεύειν,
1775 563 1905 636 μήθ’

245 647 394 712 ὅλως
438 648 624 725 λέγειν
684 651 974 725 αἱρεῖσθαι,
1017 650 1163 707 ἆλλὰ
1209 655 1382 706 πάντα
1438 652 1772 708 παντάπασιν
1820 646 1904 722 ἕξ-

241 738 431 794 ἆπτειν
487 739 725 809 ἐκείνου,
760 745 1052 816 λογισμοῖς
1100 740 1156 796 δὲ
1199 743 1289 797 καὶ
1319 747 1399 815 τῷ
1451 742 1776 818 βουλομένῳ
1803 749 1903 812 τῆς

238 830 475 903 γνώμης
538 827 672 902 μήδ’
727 831 1030 886 ὁπωστιοῦν
1074 829 1300 907 ὑφιέναι,
1335 829 1466 905 μηδ’
1524 833 1610 896 οἷς
1664 832 1721 887 ἂν
1769 832 1903 886 ὑπο-

241 909 507 971 ϐάλλωσι
549 918 819 973 τίθεσθαι.

2015 561 2127 618 ritu
2163 565 2464 632 prastans.
2497 561 2781 616 Caeterum
2812 557 2912 630 qui
2954 556 3076 612 haec
3119 572 3254 624 erga
3283 552 3546 608 homines
3577 551 3664 605 fa-

2015 653 2224 720 ciebat,
2257 655 2313 708 et
2346 651 2449 707 hoc
2482 650 2720 706 omnino
2753 647 2949 704 animo
2980 651 3124 712 erat,
3149 661 3274 716 quas
3307 659 3421 698 non
3443 641 3540 696 ille
3563 656 3664 712 pro

2015 743 2243 800 Christo
2262 742 2388 797 vitae
2410 738 2748 796 discrimina
2771 740 3036 810 prompte
3055 735 3360 791 subiturus
3382 734 3556 798 esset,
3573 745 3666 785 cu-

2009 833 2107 902 jus
2137 831 2324 903 gratia
2355 831 2532 885 talem
2565 843 2694 884 sese
2720 826 3057 882 hominibus
3089 822 3586 897 praabebat?Tum
3608 823 3666 874 et

2016 920 2160 976 illud
2184 920 2393 975 anima:
2416 917 2789 973 vehementer
2809 918 3113 980 contentae,
3129 919 3187 970 et
3206 913 3277 968 ad
3292 912 3476 968 Deum
3494 925 3665 966 suum

239 1013 533 1080 perpetuo
565 1007 804 1064 intentas
836 1012 979 1077 erat,
996 1010 1150 1081 quod
1184 1027 1316 1066 cum
1349 1010 1541 1066 divino
1574 1010 2153 1078 ﬁdicine,Dominum
2177 1014 2309 1066 ante
2325 1007 2523 1064 oculos
2545 1023 2685 1062 suos
2713 1005 2967 1076 positum
2991 1019 3227 1076 semper
3247 1003 3576 1059 intueretur
3593 998 3662 1068 ¹⁶,

238 1097 517 1170 nihilque
549 1103 763 1171 prater
791 1116 858 1155 ea
901 1116 1027 1171 qua:
1077 1099 1194 1156 Deo
1251 1102 1786 1172 comprobabantur
1835 1117 2023 1172 neque
2071 1116 2257 1172 agere,
2290 1113 2482 1170 neque
2539 1097 2733 1152 animo
2781 1111 3026 1163 versare,
3061 1110 3246 1164 neque
3283 1107 3380 1149 ore
3428 1090 3663 1147 omnino

239 1187 520 1261 proloqui
576 1189 911 1258 sustineret,
944 1190 1042 1245 sed
1087 1189 1288 1246 omnia
1335 1190 1565 1260 penitus
1614 1192 1672 1246 in
1714 1195 1831 1247 Deo
1877 1193 2201 1263 reponeret,
2235 1187 2359 1243 suis
2409 1203 2541 1243 vero
2587 1185 3044 1256 cogitationibus
3083 1183 3381 1255 enimique
3413 1196 3660 1253 propen-

239 1279 520 1335 sionibus
551 1279 717 1334 nulla
747 1279 807 1334 in
840 1295 901 1334 re
931 1279 1280 1352 indulgeret,
1315 1295 1500 1350 neque
1530 1279 1624 1335 his
1655 1297 1781 1350 qua:
1815 1279 1929 1335 illae
1959 1279 2341 1351 suggerebant
2370 1277 2780 1334 assentiretur.

304 1370 404 1422 Ξ¹.
438 1367 522 1423 Τὰ
573 1367 669 1440 μὲν
712 1363 780 1435 δή
829 1368 963 1441 πρὸς
1019 1368 1081 1421 τὸ
1127 1369 1270 1422 θεῖον
1317 1371 1604 1426 τοιοῦτος·
1653 1367 1789 1442 πρὸς
1849 1364 1906 1421 δὲ

234 1457 365 1515 τοῦς
412 1456 744 1528 ἂνθρώπους
785 1456 974 1517 ὁποῖος
1003 1474 1122 1516 τιςε
1174 1455 1257 1530 ἄρ’
1300 1453 1440 1510 ἔστιν
1491 1456 1741 1510 ὁστισοῦν
1794 1459 1902 1510 τῶν

244 1546 530 1614 ἁπάντων,
564 1545 624 1606 ’ὁς
673 1548 864 1599 τοῦτον
908 1543 966 1598 ού
1017 1545 1139 1618 περὶ
1184 1542 1440 1608 πλείονος
1487 1546 1586 1620 ἦγε
1632 1549 1738 1600 τῶν
1769 1545 1906 1599 πάν-

239 1656 370 1704 των,
408 1635 479 1689 οὗ
511 1638 624 1689 τῶν
654 1630 1018 1688 εὐσεϐούντων
1048 1633 1193 1710 φημὶ
1244 1635 1428 1707 μόνον,
1463 1632 1610 1689 ἄλλᾶ
1657 1635 1746 1688 καὶ
1795 1637 1901 1689 τῶν

239 1721 500 1794 ἷλλήνων
533 1725 654 1778 ὅσοι
681 1722 874 1778 τοῦτόν
905 1744 963 1778 τε
993 1720 1158 1794 εἶδον,
1189 1723 1279 1777 καὶ
1313 1722 1474 1783 ὅσους
1509 1724 1544 1792 ἡ
1578 1724 1701 1798 περὶ
1741 1722 1905 1778 αὐτοῦ

2086 1369 2205 1424 LX.
2239 1369 2429 1439 Atque
2458 1367 2592 1423 talis
2621 1366 2892 1438 equidem
2942 1381 3081 1436 erga
3135 1364 3317 1420 Deum
3349 1361 3662 1434 Gregorius

2012 1462 2166 1514 erat:
2191 1456 2379 1528 qualis
2399 1456 2554 1512 idem
2588 1473 2722 1512 vero
2753 1472 2891 1528 erga
2922 1454 3188 1510 homines
3220 1451 3376 1508 fuit?
3397 1452 3661 1522 nunquid

2015 1547 2194 1618 igitur
2220 1547 2534 1618 quisquam
2561 1545 2824 1602 omnium
2847 1545 3158 1600 hominum
3188 1543 3446 1614 est,quin
3477 1540 3661 1614 pluris

2013 1637 2206 1707 ipsum
2240 1653 2408 1708 quam
2443 1635 2586 1692 alios
2625 1635 2860 1691 omnino
2892 1650 3098 1691 omnes
3121 1633 3356 1689 fecerit?
3385 1648 3502 1688 non
3531 1648 3662 1686 mo-

2013 1726 2086 1780 do
2117 1725 2581 1780 Christianorum
2614 1723 2935 1796 quispiam,
2968 1723 3071 1779 sed
3109 1737 3468 1794 paganorum
3505 1737 3659 1791 quo-

243 1816 398 1889 ξήμη
489 1814 766 1886 κατέσχες
826 1811 950 1887 Οὐχ
1005 1813 1056 1866 οἱ
1117 1811 1238 1884 μὶν,
1295 1810 1658 1866 παντοδαπῶν
1719 1811 1897 1887 λόγων

2009 1831 2142 1887 que,
2158 1819 2452 1887 quotquot
2469 1815 2766 1870 hominem
2797 1830 3057 1886 unquam
3088 1813 3378 1879 viderunt,
3393 1819 3489 1867 aut
3511 1828 3659 1883 quos

243 1903 434 1973 ἑστίαν,
492 1901 547 1956 οἱ
606 1900 685 1972 δὲ,
732 1899 1028 1976 κεφάλαιον
1077 1899 1501 1976 καλοκαγαθίας,
1549 1901 1636 1955 καὶ
1690 1903 1899 1974 θαυμα-

247 1994 366 2060 στὴν
424 1989 681 2068 χαρίτων
741 1989 1054 2068 φορὰν,καὶ
1114 1989 1275 2062 ἄκρον
1337 1990 1532 2061 ἀρετῆς
1581 1987 1896 2057 παιδευτὴν,

246 2079 325 2133 καὶ
382 2085 493 2134 πᾶν
557 2077 590 2132 ὅ
645 2099 698 2131 τι
757 2075 1056 2132 κάλλιστον
1106 2081 1300 2132 τοῦτον
1329 2077 1596 2148 ἐκάλουν;
1631 2077 1759 2152 οὐχὶ
1807 2079 1896 2132 τὸν

250 2171 502 2242 Ἀθήνῃσι
565 2168 754 2242 θρόνον
814 2167 1000 2237 ἠξίουν
1063 2161 1274 2235 λαϐεῖν,
1310 2167 1360 2221 οἱ
1395 2166 1510 2240 μὲν,
1539 2167 1630 2222 τὸν
1662 2188 1900 2244 σοφιστι-

252 2261 348 2325 κὸι,
395 2258 522 2312 ὅσοι
583 2254 644 2311 δὲ
690 2257 809 2310 καθ’
861 2259 1008 2328 ἡμᾶς
1065 2255 1362 2332 ἐτύγχανον
1424 2252 1595 2324 ὅντες,
1648 2257 1741 2310 τὸν
1799 2263 1898 2326 τῆς

256 2345 589 2408 ητάύτοῦς
651 2342 979 2416 ἒκκλησίαςς
1047 2343 1176 2419 οὺχῖ
1235 2345 1498 2419 παρόντος
1557 2345 1653 2417 μὶν
1709 2346 1900 2420 ἑορτὴν

261 2438 391 2510 imm,
417 2439 538 2490 τῶν
565 2435 787 2490 πάντων
826 2431 887 2488 οὒ
925 2433 1014 2488 καῖ
1059 2437 1194 2512 σφᾶς
1244 2432 1443 2496 αύτούς
1499 2431 1898 2506 εὐδαιμόνιςεν,

265 2527 544 2598 bipartito:
580 2522 642 2578 δὲ
669 2526 926 2579 τοσοῦτον
953 2520 1144 2585 πένθος
1178 2521 1372 2584 αὐτοὺς
1405 2521 1746 2601 κατειλήφει,
1775 2521 1901 2578 ὅσοι

270 2617 308 2671 εἷ
343 2621 417 2672 καὶ
459 2619 565 2677 τὰς
598 2618 826 2686 Ἀθήνας
878 2616 1041 2679 αὐτὰς
1095 2615 1236 2670 εἶδον
1279 2617 1720 2685 καταπεσούσαςς
1755 2617 1800 2670 εἰ
1845 2613 1902 2671 δὲ

263 2708 363 2780 περὶ
390 2707 559 2762 αὐτὸν
584 2707 735 2760 οὗτοι
763 2708 1026 2767 τοιοῦτοι,
1058 2702 1321 2773 ἐννόησον
1354 2705 1565 2774 ἡλίκων
1614 2707 1702 2759 καὶ
1755 2704 1898 2761 ὅσων

253 2800 379 2874 παρᾶ
404 2801 531 2857 τοῖς
562 2802 664 2866 τῆς
695 2790 965 2857 εὐσεϐείας
996 2795 1220 2865 ἠξιοῦτο
1249 2794 1566 2872 τροφίμοις,
1596 2795 1683 2849 καὶ
1736 2795 1898 2850 τίνων

245 2887 477 2942 ἀπέλαυε
508 2889 622 2939 τῶν
652 2905 727 2938 πα
739 2883 919 2940 ιάνων.

2009 1906 2164 1961 fama
2213 1903 2368 1960 illius
2410 1903 2735 1976 occupavit.
2767 1905 2970 1960 Nonne
3007 1903 3176 1958 illum
3225 1901 3318 1957 alii
3370 1900 3656 1958 eruditio—

2009 1995 2102 2049 nis
2162 1995 2438 2050 universaa
2503 1993 2855 2060 delubrum;
2907 1992 3004 2048 alii
3073 1992 3295 2062 apicem
3353 1991 3656 2062 probitatis

2009 2083 2570 2155 integritatisque,et
2597 2083 2942 2140 admirabile
2955 2083 3280 2139 Gratiarum
3309 2082 3657 2138 instrumen-

2009 2177 2132 2226 tum
2166 2175 2222 2226 et
2251 2189 2556 2228 summum
2603 2172 2831 2229 virtutis
2884 2173 3248 2245 magistrum,
3280 2175 3336 2227 et
3374 2169 3655 2242 quidquid

2009 2259 2560 2318 honestissimosum
2583 2263 2901 2335 elogiorum
2924 2269 3027 2330 est,
3043 2259 3658 2333 appellabant?nonne

2007 2348 2276 2417 Athenis,
2297 2352 2490 2407 ceteri
2521 2351 2756 2422 quidem
2790 2350 2913 2406 ludi
2944 2351 3200 2410 oratorii,
3235 2353 3294 2404 at
3325 2355 3657 2406 nostrarum

2010 2456 2212 2496 omnes
2236 2440 2509 2512 partium,
2528 2441 2784 2496 ecclesiaa
2809 2442 3042 2496 urbanae
3065 2441 3364 2507 thronum,
3381 2448 3442 2494 ut
3468 2455 3659 2511 capes-

2009 2536 2185 2597 seret,
2204 2547 2550 2604 magnopere
2567 2531 2890 2603 urgebant?
2914 2547 3103 2587 nonne
3125 2531 3384 2603 quandiu
3401 2529 3496 2585 ille
3519 2547 3657 2600 prae-

2013 2635 2152 2675 sene
2169 2624 2293 2676 erat
2317 2620 2494 2677 festos
2523 2621 2758 2677 assidue
2780 2620 2903 2676 dies
2934 2619 3314 2677 Athenienses
3337 2617 3655 2691 agitabant,

2009 2725 2185 2780 seque
2216 2709 2378 2782 ipsos
2408 2710 2608 2766 beatos
2636 2709 3030 2782 praedicabant
3055 2711 3081 2764 ‘?
3107 2726 3254 2781 quos
3293 2716 3489 2764 contra
3532 2708 3654 2780 ipso

2010 2814 2171 2854 eram
2208 2799 2466 2856 solvente
2491 2805 2688 2857 tantus
2706 2801 2994 2872 oppressit
3025 2817 3253 2867 mceror,
3270 2800 3424 2855 velut
3454 2799 3503 2855 si
3525 2803 3658 2854 astu

2011 2887 2206 2958 ipsum
2239 2888 2506 2946 funditus
2537 2907 2805 2946 corruere
2833 2891 3132 2945 Vidissent.
3166 2890 3273 2954 Qui
3307 2889 3356 2944 si
3391 2889 3498 2945 hoc
3519 2904 3658 2959 erga

239 2986 510 3033 nostrum
546 2975 746 3030 animo
777 2973 1512 3046 fuerunt,reputa,qua3so,
1538 2976 1674 3044 quot
1705 2971 1803 3028 ille
1833 2975 2176 3046 quantisque
2206 2975 2526 3034 honoribus
2545 2996 2578 3034 a
2599 2995 2741 3034 verae
2774 2978 3004 3049 pietatis
3034 2977 3291 3034 alumnis
3321 2975 3659 3032 cumulatus

237 3067 531 3140 quibusve
565 3064 806 3121 laudum
836 3063 1141 3134 praeconiis
1169 3068 1413 3120 ornatus
1447 3064 1641 3120 fuerit.

301 3156 438 3212 EA'.
473 3156 646 3227 Οἶμαι
683 3153 784 3230 γὰρ
834 3154 880 3208 εἰ
933 3151 1182 3208 ἐδέδοκτο
1229 3158 1392 3208 πᾶσιν
1445 3153 1754 3226 ἀνθρώποις
1783 3152 1890 3206 ἀπὸ
1923 3155 1967 3223 ρ

236 3248 424 3300 κοινοῦ
476 3241 758 3317 συνεδρίου
815 3241 993 3319 φιλεῖν
1049 3243 1144 3316 μὶν
1190 3241 1349 3296 αὐτὸν
1406 3242 1538 3316 ὑπὶρ
1601 3247 1734 3318 σφᾶς
1795 3241 1894 3296 αὐ·-

235 3337 389 3405 τοῦς,
421 3334 720 3407 θαυμάζειν
777 3330 834 3387 δὲ
889 3334 1035 3408 παρᾶ
1098 3333 1320 3403 πάντας,
1353 3331 1619 3405 ἐξαίρετον
1679 3328 1736 3385 δέ
1774 3352 1894 3386 τινα

236 3427 327 3480 καὶ
359 3426 626 3500 περιττὴν
667 3421 988 3502 φιλοτιμίαν
1019 3427 1155 3478 Θεοῦ
1185 3423 1321 3498 πρὸς
1369 3422 1688 3496 ἀνθρώπους
1735 3424 1892 3498 ἡγεῖ-

239 3517 358 3570 σθαι
404 3513 616 3586 κόσμον
661 3534 714 3567 τι
765 3511 947 3566 κοινὸν
1001 3517 1101 3580 τῆς
1151 3511 1493 3584 ἀνθρωπείας
1543 3509 1752 3587 φύσεως
1799 3510 1896 3587 φά-

237 3625 408 3672 σκειν,
461 3599 733 3682 φείδεσθαί
783 3599 841 3656 δὲ
893 3596 1166 3673 μηδενός·
1218 3598 1389 3654 πάντα
1435 3597 1492 3654 δὲ
1558 3600 1622 3654 τὰ
1680 3601 1896 3654 πάντων

236 3693 516 3750 κάλλιστα
533 3693 734 3766 ίτούτῳ
763 3691 1086 3765 προσνέμειν
1112 3709 1126 3722 ·
1159 3694 1266 3745 τῶν
1320 3687 1366 3745 δ’
1399 3689 1473 3751 εἷς
1519 3691 1689 3763 τιμήν
1735 3689 1898 3758 ἡκόν-

236 3805 368 3845 των,
427 3778 662 3855 μηδενὸς
719 3778 1033 3854 τοπαράπαν
1107 3778 1353 3854 ἂπέχειν,
1417 3777 1585 3852 μηδὲν
1641 3779 1702 3833 ἂν
1765 3779 1896 3833 εἶναι

235 3873 421 3944 τούτῳ
450 3867 620 3926 πλέον
645 3868 720 3931 εἷς
759 3867 940 3938 δόξαν,
970 3871 1036 3937 ἧς
1088 3869 1238 3922 οῦτοι
1281 3873 1588 3945 παρεῖχον·
1625 3868 1769 3922 οὕτω
1805 3891 1897 3941 μα-

234 3961 382 4016 νικοί
413 3979 557 4019 τινες
597 3959 734 4027 ἦσαν
769 3957 1036 4032 ἀσχέτως,
1067 3956 1156 4012 καὶ
1208 3957 1326 4010 οἷον
1381 3954 1606 4030 ἔμπλεῳ
1655 3964 1754 4026 τῆς
1801 3957 1894 4011 αύ-

234 4056 332 4106 τοῦ
376 4055 662 4126 κατοχῆς·
698 4045 821 4102 οὐδὲ
869 4047 972 4121 γὰρ
1023 4043 1137 4100 οὐδ’
1169 4047 1411 4101 ὁντινοῦν
1461 4045 1638 4118 τούτῳ
1677 4068 1737 4122 γε
1783 4046 1896 4100 ἴσον

237 4142 428 4216 ἐώρων
463 4139 498 4206 ἢ
546 4137 958 4211 παραπλήσιον,
999 4133 1145 4190 ἀλλὰ
1193 4136 1394 4197 πάντας
1444 4136 1592 4190 κάτω
1641 4133 1894 4212 χωροῦν-

232 4252 330 4292 τας
363 4229 456 4284 καὶ
493 4225 685 4302 πόρῥω
717 4225 972 4303 φέροντας
995 4243 1008 4256 '
1046 4223 1106 4279 οὐ
1158 4224 1338 4300 λόγων
1383 4223 1562 4280 ε’ίνεκα
1613 4225 1754 4300 λέγω
1788 4223 1892 4292 ¹ιιιαὶ

232 4322 388 4390 ἠθῶν
421 4317 514 4371 καὶ
546 4317 788 4390 χαρίτων
836 4314 925 4368 καὶ
971 4313 1216 4388 τφόπων,
1249 4314 1336 4367 καὶ
1391 4319 1488 4368 τοῦ
1546 4311 1632 4368 διὰ
1679 4316 1892 4368 πάντων

242 4410 382 4482 ὑπὲρ
432 4404 632 4465 πάντας
684 4401 990 4476 εύδυκιμεῖν
1043 4400 1339 4456 δύνασθαι·
1385 4400 1516 4457 ἀλλ’
1545 4401 1626 4457 ὅτι
1677 4405 1890 4464 τούτοις

2093 3158 2232 3216 LXI.
2257 3160 2352 3216 Sic
2380 3158 2538 3216 enim
2570 3163 2782 3229 statuo,
2816 3160 2862 3216 si
2891 3160 3161 3216 universo
3194 3159 3526 3216 mortalium
3548 3173 3655 3230 ge-

2005 3253 2150 3317 neri,
2183 3249 2482 3307 communi
2510 3250 2766 3322 quodam
2815 3249 3060 3306 concilio
3092 3249 3390 3305 decretum
3423 3249 3654 3314 fuisset,

2003 3340 2346 3412 Gregorium
2373 3338 2685 3411 plusquam
2711 3341 3056 3411 semetipsos
3081 3339 3653 3410 diligere,supraque

2005 3429 2149 3484 alios
2179 3445 2383 3485 omnes
2413 3428 2740 3499 suspicere,
2772 3433 2830 3484 et
2861 3444 2963 3500 pro
3007 3428 3293 3498 singulari
3343 3432 3520 3499 atque
3550 3441 3654 3481 ex-

2006 3517 2234 3575 cellenti
2267 3518 2474 3571 divinae
2509 3531 2648 3587 erga
2679 3516 2946 3571 homines
2993 3516 3195 3588 gratias
3245 3514 3650 3587 benignitatis-

2007 3623 2118 3680 que
2149 3607 2408 3676 exemplo
2441 3605 2672 3673 habere,
2705 3610 2766 3660 et
2814 3613 2876 3660 ut
2925 3621 3236 3660 commune
3278 3609 3496 3660 natura
3541 3604 3649 3659 hu-

2008 3713 2190 3752 manas
2243 3703 2648 3750 ornamentum
2690 3693 3028 3765 praedicare,
3059 3710 3162 3749 nec
3211 3692 3344 3749 ullis
3400 3694 3652 3765 denique

2003 3785 2281 3841 laudibus
2334 3799 2584 3852 parcere,
2617 3799 2815 3839 verum
2864 3782 3154 3854 quidquid
3205 3783 3262 3838 in
3296 3799 3653 3855 unoquoque

2007 3872 2543 3944 splendidissimum
2569 3873 2875 3928 haberetur
2897 3873 2953 3927 id
2979 3889 3149 3927 omne
3171 3873 3280 3943 ipsi
3303 3872 3650 3940 attribuere;

2007 3968 2175 4035 atque
2216 3962 2379 4017 nulla
2411 3963 2649 4017 omnino
2699 3979 2781 4022 re,
2815 3979 2941 4032 quae
2989 3962 3245 4033 aliquam
3289 3962 3523 4017 honoris
3567 3964 3654 4018 si-

2003 4054 2438 4126 gniﬁcationem
2473 4055 2790 4125 praeferret,
2815 4054 3140 4122 abstinere;
3166 4052 3391 4110 nullam
3421 4055 3550 4111 inde
3574 4060 3654 4110 ta-

2005 4159 2138 4199 men
2173 4144 2563 4198 accessionem
2589 4143 2850 4199 futuram
2876 4143 2948 4197 ad
2972 4157 3101 4198 eam
3119 4141 3376 4198 hominis
3402 4141 3652 4214 gloriam

2003 4248 2178 4303 quam
2222 4232 2306 4287 illi
2355 4232 2672 4289 Christiani
2706 4231 3064 4301 tribuebant,
3097 4248 3282 4303 usque
3330 4233 3473 4288 adeo
3523 4237 3651 4287 tan-

2006 4337 2182 4394 quam
2216 4321 2270 4375 vi
2303 4323 2554 4392 quadam
2592 4322 2814 4390 majore
2844 4320 3147 4393 lymphati,
3179 4326 3234 4376 et
3280 4337 3442 4377 sacro
3492 4320 3652 4376 illius

2001 4407 2282 4464 instinctu
2317 4408 2548 4464 attoniti
2581 4413 2747 4463 erant
2769 4423 2781 4460 :
2803 4407 3017 4479 quippe
3048 4408 3149 4480 qui
3182 4424 3378 4478 parem
3404 4407 3653 4480 ipsi,aut

235 4497 386 4573 ἔχων
448 4493 822 4566 σεμνύνεσθαι,
852 4493 943 4546 καὶ
1006 4492 1140 4566 μέγα
1199 4497 1436 4566 φρονεῖν,
1479 4490 1558 4546 ὅδ’
1596 4493 1698 4547 ὑπὸ
1759 4494 1888 4547 θαυ-

2009 4497 2278 4565 similem,
2329 4497 2600 4553 videbant
2655 4498 2893 4554 omnino
2941 4498 3251 4563 neminem,
3299 4497 3399 4554 sed
3445 4513 3651 4554 omnes

240 4590 453 4658 μαστῆς
505 4581 639 4656 ἄγαν
687 4581 1015 4656 πραότητος,
1048 4579 1137 4635 καὶ
1180 4584 1279 4635 τοῦ
1327 4577 1498 4653 μηδὲν
1530 4578 1642 4635 οὐδ’
1675 4580 1704 4635 ὅ
1735 4603 1891 4654 φασιν

237 4673 367 4748 δναρ
399 4671 612 4728 τούτων
662 4669 1003 4744 προσίεσθαι,
1035 4667 1208 4730 οὕτως
1258 4662 1407 4743 ἔχειν
1456 4666 1592 4740 ᾤετο
1636 4667 1744 4725 δεῖν
1801 4672 1890 4725 καὶ

237 4769 428 4821 τοῦτον
493 4759 794 4816 διακεῖσθαι
853 4759 943 4814 τὸν
998 4760 1220 4834 τρόπον,
1282 4760 1356 4821 ὡς
1418 4759 1475 4813 ἂν
1529 4757 1658 4832 μηδ’
1707 4762 1886 4816 ὁτιοῦν

236 4853 385 4931 ἔχων
440 4856 551 4908 τῶν
602 4848 912 4922 δυναμένων
962 4849 1120 4904 αὐτὸν
1173 4847 1411 4923 ἐπαίρων
1466 4847 1733 4924 ἐπαίρειν,
1763 4850 1893 4908 ἀλλ’

236 4940 335 5014 ἔξω
380 4943 558 4996 καλοῦ
603 4938 800 4999 παντὸς
843 4938 1097 5014 πεφυκὼς
1146 4938 1237 4992 καὶ
1289 4934 1538 4993 διατοῦτο
1567 4940 1633 4993 τὰ
1664 4944 1889 4996 τοιαῦτα

238 5034 582 5110 φιλοσοφῶν,
612 5027 682 5084 δι’
733 5029 794 5097 ἣν
848 5025 975 5083 οὐδὲ
1026 5028 1314 5101 θαυμάτων
1364 5027 1661 5103 αὐτουργὸς
1713 5030 1890 5101 ἠξίω-

237 5144 322 5178 σεν
368 5119 422 5176 ἓν
472 5121 554 5191 τῷ
605 5117 837 5193 παρόντι
884 5115 1150 5192 γενέσθαι,
1202 5113 1326 5173 οὐδὲ
1392 5119 1575 5192 τέρασι
1646 5119 1734 5172 καὶ
1788 5139 1889 5188 ση-

241 5211 414 5284 μείοις
456 5208 828 5281 ἐπικοσμῆσαι
879 5207 971 5261 τὸν
1024 5207 1144 5280 βίον
1193 5204 1508 5280 δυνάμενος.
1544 5207 1620 5269 ὼς
1651 5205 1748 5262 οὐκ
1779 5205 1884 5261 οἶδ’

237 5301 389 5361 ε’ίτις,
418 5303 516 5354 τοῦ
548 5295 606 5352 δὲ
637 5296 864 5372 μετρίου
914 5295 1080 5369 μόνου
1124 5297 1444 5374 φροντίζων,
1471 5297 1562 5352 καὶ
1610 5298 1710 5366 τήν
1759 5295 1887 5351 έκεῖ-

238 5389 320 5444 θεν
348 5385 741 5459 ἀποσειόμενος
795 5383 976 5458 δόξαν,
1007 5382 1154 5440 ἀλλᾶ
1198 5385 1297 5454 τήν
1347 5385 1462 5440 ἄνω
1509 5386 1887 5459 μακαριότητα

244 5475 412 5550 μόνην
443 5475 621 5547 ἐζήτει
653 5473 745 5530 καὶ
775 5475 839 5529 τὸ
893 5473 1029 5548 μετὰ
1076 5475 1209 5529 Θεοῦ
1244 5475 1502 5550 τετάχθαι
1551 5475 1641 5528 καὶ
1688 5478 1882 5530 τοῦτον

314 5660 359 5700 ¹⁶
384 5661 538 5726 Psal.
567 5676 687 5736 xu,
705 5659 768 5720 8.

2003 4586 2255 4642 multum
2303 4586 2450 4641 intra
2501 4587 2770 4643 sedantes
2820 4586 3170 4660 longiusque
3230 4593 3498 4642 remotos.
3549 4587 3649 4640 Αι-

2003 4690 2112 4745 que
2143 4675 2200 4730 id
2236 4691 2350 4729 non
2385 4680 2504 4730 tam
2553 4675 2922 4746 eloquentiae,
2953 4680 3012 4731 et
3062 4675 3266 4730 nativas
3314 4674 3549 4741 indolis,
3593 4682 3652 4730 et

1999 4764 2216 4835 gratias,
2235 4768 2292 4819 et
2317 4779 2547 4819 morum
2579 4781 2758 4820 causa
2784 4782 2798 4833 ;
2822 4770 2879 4821 et
2908 4765 3061 4836 quod
3093 4763 3367 4819 omnibus
3388 4764 3448 4818 in
3471 4763 3647 4819 rebus

2000 4853 2246 4909 aliorum
2282 4851 2543 4910 omnium
2576 4854 2818 4926 gloriam
2867 4854 3035 4911 facile
3067 4853 3293 4910 vincere
3342 4851 3644 4924 potuisset,

1999 4944 2098 4998 sed
2130 4943 2284 5014 quod
2309 4943 2534 5000 etiamsi
2560 4944 2649 5000 his
2672 4945 3013 5001 nominibus
3037 4944 3188 4999 haud
3213 4942 3429 5011 injuria
3445 4959 3644 5014 super-

1999 5031 2200 5087 cilium
2239 5031 2463 5094 tollere.
2496 5037 2552 5090 et
2580 5033 2874 5090 sublatius
2905 5034 2976 5090 de
3023 5049 3082 5090 se
3127 5032 3451 5088 existimare
3483 5039 3641 5104 pote-

1999 5127 2108 5190 rat,
2125 5138 2354 5178 summe
2373 5122 2700 5180 admirabili
2725 5128 2917 5180 tamen
2933 5123 3240 5188 modestia,
3255 5126 3310 5177 et
3322 5121 3474 5192 quod
3497 5121 3643 5177 nihil

1996 5211 2315 5267 admodum
2365 5212 2606 5268 istarum
2668 5228 2885 5278 rerum,
2941 5228 3011 5268 ne
3060 5213 3119 5268 in
3176 5211 3442 5278 somniis,
3491 5212 3640 5283 quod

1997 5300 2180 5366 aiunt,
2215 5306 2584 5372 agnosceret;
2618 5301 2697 5356 ita
2726 5301 3080 5367 habendum,
3106 5301 3303 5372 itaque
3335 5315 3508 5355 suum
3531 5299 3641 5354 sibi

1995 5389 2258 5444 animum
2317 5390 2740 5447 instituendum
2792 5393 3086 5456 statueret,
3119 5388 3275 5445 velut
3335 5388 3437 5459 qui
3496 5388 3640 5442 nihil

1997 5478 2323 5550 quidquam
2355 5495 2556 5538 eorum
2588 5496 2712 5553 qua
2743 5479 2974 5537 animos
3004 5477 3114 5551 ipsi
3154 5478 3342 5535 facere
3382 5481 3638 5548 posont,
