4092 6300
425 354 544 417 279

1700 353 2096 415 THEODULI
2139 355 2503 418 MONACHI

3701 350 3818 412 280

423 489 662 546 haberet
679 489 779 562 (1).
793 487 896 543 Vir
926 486 1203 544 nimirum
1235 489 1440 556 suapte
1462 488 1671 541 natura
1701 502 1734 541 a
1760 486 1916 542 vitiis
1937 503 2061 542 om-

2188 489 2391 562 ίμέσως
2438 490 2596 562 ὁρᾷν·
2631 487 2748 543 ὅθεν
2793 486 3136 563 θαῤῥούντως
3181 483 3462 562 ἐπέρχεταί
3517 505 3616 557 μοι
3665 485 3822 558 βοᾷν,

424 578 603 636 nibus
635 577 897 642 alienior,
912 581 970 633 et
1001 586 1296 647 prepterea
1326 577 1474 632 hanc
1514 576 1962 649 philosophandi
1984 596 2072 634 ra-

421 670 640 726 tionem
687 672 942 724 secutus.
976 667 1248 738 Ejusdem
1301 668 1595 722 modestiae
1649 674 1932 738 respectu,
1965 684 2070 724 nec

425 757 728 828 miracula,
760 758 899 813 dum
931 757 1120 811 adhuc
1151 756 1304 810 inter
1333 755 1490 813 vivos
1533 760 1674 823 erat,
1699 758 1946 828 ipsemet
1972 774 2072 830 pa-

423 852 598 914 trare,
629 863 734 903 nec
781 849 958 902 vitam
1003 863 1170 902 suam
1221 846 1404 917 signis
1448 852 1504 902 et
1555 847 1797 904 ostentis
1835 849 2073 920 insuper

2179 577 2262 633 ὅτι
2310 578 2398 632 καὶ
2452 576 2618 632 πλέον
2669 582 2778 633 τῶν
2823 575 3010 632 ἄλλων
3059 578 3217 640 οὗτος
3262 577 3491 651 ἐκράτει,
3527 575 3563 643 ἢ
3595 578 3706 628 τῶν
3735 572 3829 628 εὐθ-

2177 665 2353 742 γέλων
2397 669 2637 736 ἡττᾶτοο
2687 668 2761 720 ὧν
2811 662 3033 722 ἔλαττον
3087 662 3231 743 ἔχων
3280 664 3368 720 διά
3409 665 3470 719 τὸ
3521 667 3708 736 σῶμα,
3744 658 3831 715 διὰ

2181 757 2393 811 πάντων
2442 757 2657 816 τούτοις
2703 755 2940 825 ἐξισοῦτο
2991 760 3099 812 τῶν
3139 754 3361 810 ἄλλων·
3401 751 3618 826 μᾶλλον
3655 751 3712 806 δὲ
3743 750 3832 805 καὶ

2181 845 2363 918 παρίει
2397 845 2642 919 [παρῄει]
2683 846 2818 917 μετᾶ
2847 847 2947 912 τῆς
2978 843 3116 914 ὕλης
3148 843 3408 898 τάκείνων
3444 840 3677 904 δεικνύς.

421 936 716 992 illustrare
771 935 971 1002 voluit,
1004 936 1096 990 cui
1152 935 1263 991 hoc
1310 953 1426 1008 pra:
1483 936 1595 991 alio
1653 936 1854 1008 quovis
1912 937 1972 993 in
2020 934 2258 1008 proclivi
2310 935 2541 1001 fuisset,
2573 935 2688 990 nisi
2740 934 2968 990 modica
3022 934 3119 990 ille
3167 936 3446 989 duntaxat
3493 931 3839 1004 expetisset,

423 1033 480 1083 et
529 1027 814 1096 ejusmodi
874 1026 1188 1098 respuisset
1243 1025 1518 1098 gloriam,
1563 1028 1789 1082 scilicet
1849 1042 2161 1097 supernam
2234 1024 2396 1079 illam
2465 1024 2878 1080 beatitudinem
2960 1023 3145 1079 solam
3223 1023 3542 1095 quaerebat,
3606 1031 3662 1076 et
3720 1021 3838 1077 DeO

421 1116 724 1187 conjungi,
756 1115 1038 1186 illumque
1085 1115 1157 1170 de
1205 1116 1465 1185 proximo
1516 1115 1800 1181 contueri,
1834 1117 1988 1170 unde
2030 1115 2272 1170 ﬁdenter
2319 1113 2643 1169 exclamare
2687 1113 2866 1179 subit,
2901 1114 3088 1185 magis
3129 1119 3395 1169 nostrum
3443 1112 3556 1166 alio
3591 1110 3832 1176 vicisse,

421 1222 596 1276 quam
627 1205 843 1259 victum
876 1204 947 1258 ab
979 1205 1203 1276 angelis
1233 1204 1431 1270 fuisse,
1466 1204 1741 1261 nimirum
1771 1210 1837 1260 ut
1869 1205 1945 1260 ob
1977 1219 2311 1273 corpoream
2348 1203 2560 1257 molem
2593 1201 2708 1256 illis
2739 1202 2999 1269 inferior,
3031 1202 3112 1258 ita
3156 1207 3356 1257 caetera
3405 1201 3604 1257 omnia
3638 1216 3745 1271 par
3776 1204 3834 1253 et

420 1292 662 1364 aqualis
691 1296 834 1360 erat,
867 1294 988 1347 sive
1017 1293 1210 1362 verius
1239 1301 1294 1348 et
1323 1292 1433 1348 hos
1462 1293 1667 1349 vicisse
1700 1310 1948 1363 quorum
1977 1309 2150 1362 opera
2181 1291 2563 1362 quantumvis
2596 1291 2833 1345 materie
2863 1291 3254 1346 circumdatus
3289 1289 3626 1360 praestabat.

495 1382 659 1438 LXII.
693 1383 932 1447 Quando
983 1382 1181 1454 itaque
1225 1382 1360 1438 talis
1406 1383 1644 1438 omnino
1677 1383 1799 1453 ipse
1828 1398 1979 1450 esse,
2010 1386 2067 1437 et

419 1469 577 1525 hunc
617 1469 676 1524 in
719 1471 953 1526 modum
986 1469 1223 1525 ultimas
1271 1470 1557 1542 cujusque
1604 1471 1833 1526 virtutis
1873 1475 2066 1525 metas

420 1559 749 1629 contingere
780 1559 1069 1628 studebat,
1103 1564 1167 1615 ut
1205 1560 1293 1614 sui
1325 1568 1558 1632 stupore
1591 1568 1828 1615 cunctos
1853 1558 2062 1630 percel-

417 1646 564 1703 Ieret
592 1663 656 1704 ac
681 1649 984 1718 detineret,
1011 1665 1196 1720 eoque
1225 1649 1553 1716 adduceret,
1587 1658 1646 1705 ut
1700 1649 1970 1704 maximis
2003 1648 2064 1703 in

419 1739 593 1794 rebus
631 1740 756 1810 ipso
805 1740 950 1794 duce
1006 1744 1064 1794 et
1110 1743 1345 1794 auctore
1393 1743 1719 1805 uterentur,
1768 1753 2067 1810 unumque

420 1828 729 1900 pracipuis
775 1829 1158 1900 dignarentur
1196 1829 1536 1896 honoribus,
1569 1830 1668 1899 qni
1716 1833 1922 1900 suopte
1961 1829 2054 1882 in-
2090 1812 2133 1876 Β

421 1918 591 1987 genio
623 1923 678 1972 et
709 1933 812 1989 per
843 1934 906 1973 se
956 1917 1285 1986 hujusmodi
1348 1934 1484 1972 sane
1542 1923 1599 1972 et
1654 1917 1960 1974 haberetur
2016 1921 2074 1972 et

420 2009 609 2065 esset;
642 2006 776 2060 talis
808 2005 961 2060 idem
996 2006 1170 2060 etiam
1203 2006 1332 2061 aliis
1367 2011 1704 2077 procurator
1735 2007 1942 2062 salutis
1970 2022 2071 2061 ex-

423 2093 592 2148 stitit.
627 2093 697 2147 Et
730 2093 810 2147 ita
841 2092 1202 2148 admirabilis
1232 2094 1401 2164 plane
1454 2094 1526 2150 ad
1575 2095 1822 2150 salutem
1868 2111 2073 2164 capes-

429 2182 670 2238 sendam
728 2182 1033 2253 impulsor,
1063 2191 1117 2238 et
1168 2184 1455 2254 particeps
1511 2184 1722 2253 operis,
1754 2188 1810 2239 et
1861 2186 2070 2250 socius,

429 2271 777 2342 adjutorque
798 2276 940 2341 erat,
968 2276 1030 2327 ut
1049 2273 1312 2344 ipsorum
1345 2272 1586 2344 gloriam
1617 2289 1731 2328 sua:
1763 2278 2076 2345 antepone-

428 2363 533 2422 ret,
559 2376 808 2432 eamque
829 2377 961 2416 cum
987 2360 1166 2417 Paulo
1190 2360 1234 2394 ¹⁷
1255 2362 1665 2430 jucundiorem
1697 2363 1946 2432 doceret,
1972 2379 2077 2417 nec

427 2447 610 2504 ullum
638 2448 812 2504 ﬁnem
835 2449 1194 2506 faceretillos
1219 2450 1571 2506 admonendi
1593 2450 1658 2518 ⁸⁸,
1678 2451 1970 2519 hortandi,
1987 2451 2078 2506 d0'

427 2537 617 2605 cendi,
635 2540 811 2608 atque
837 2537 1009 2593 etiam
1032 2538 1337 2606 suadendi,
1364 2545 1429 2594 ut
1448 2541 1588 2596 vitia
1612 2557 1728 2596 non
1763 2540 1947 2605 ﬂocci,
1967 2541 2078 2594 vir-

425 2624 569 2680 tutis
593 2630 790 2681 autem
822 2627 1014 2683 officia
1045 2633 1199 2684 recte
1221 2634 1523 2699 perspecta
1544 2629 1778 2696 habere,
1803 2629 1857 2683 id
1895 2645 2073 2684 unum

428 2713 664 2769 maximi
695 2716 967 2783 facerent,
987 2716 1202 2788 quippe
1231 2717 1332 2788 qui
1365 2719 1557 2773 omnis
1600 2719 1724 2788 ipse
1756 2719 2074 2773 honestatis

425 2807 600 2873 typus
646 2810 818 2872 esset,
853 2812 909 2860 et
957 2804 1156 2860 omnia
1213 2807 1449 2863 omnino
1480 2807 1756 2863 omnibus
1797 2807 1981 2868 ﬁeret.
2016 2813 2078 2862 ut

429 2907 630 2947 omnes
643 2893 870 2948 Christo
884 2896 1015 2964 jure
1037 2895 1370 2964 adoptionis
1391 2900 1680 2952 assereret
1698 2897 1784 2949 ⁸⁸⁸.
1803 2898 1909 2960 Qui
1927 2905 2081 2951 utra-

429 2996 543 3052 que
580 2981 760 3052 igitur
797 2983 911 3038 ista
947 2983 1162 3039 virtute
1202 2985 1272 3039 ad
1301 2985 1455 3040 hunc
1477 2986 1716 3041 modum
1752 2987 2076 3041 instructus

430 3074 574 3137 erat,
594 3071 644 3124 is
673 3087 970 3126 summum
995 3071 1241 3142 justitiaa
1273 3075 1594 3129 terminum
1619 3075 1923 3130 verissime
1956 3076 2079 3131 ﬁxit

2247 1381 2372 1434 ΞΒ’.
2404 1381 2529 1433 Ὅτε
2585 1375 2834 1441 τοιοῦτος
2895 1379 2991 1450 μὶν
3057 1376 3216 1438 αὐτὸς
3275 1373 3606 1431 ἐσπούδακεν
3670 1377 3836 1444 εἶναι,

2174 1468 2263 1520 καὶ
2315 1467 2457 1522 οὕτω
2507 1469 2685 1538 πάσης
2745 1467 2942 1543 ἀρετῆς
2987 1467 3068 1522 ἐπ’
3118 1465 3325 1542 ἔσχατα
3374 1467 3524 1536 ἥκειν
3577 1466 3655 1528 ὡς
3700 1467 3838 1520 πάν-

2174 1577 2266 1618 τας
2325 1555 2592 1627 ἐκπλῆξαι
2651 1557 2743 1610 καὶ
2800 1561 3112 1631 κατασχεῖν,
3143 1555 3232 1610 καὶ
3298 1560 3478 1610 πεῖσαι
3537 1554 3724 1626 τούτῳ
3770 1553 3838 1607 τὰ

2175 1646 2434 1701 πλείστου
2487 1645 2644 1720 φασὶν
2695 1644 2814 1715 ἄξια
2861 1647 3124 1720 χρῆσθαι,
3154 1646 3245 1700 καὶ
3303 1644 3469 1717 μόνον
3511 1643 3700 1716 ἀξιοῦν
3731 1646 3838 1730 τῶς

2183 1735 2477 1810 μεγίστων,
2520 1736 2612 1790 τὸν
2660 1733 2870 1790 οἷ’κοθεν
2918 1736 3007 1789 καὶ
3073 1736 3201 1810 παρ’
3253 1735 3446 1789 ἑαυτοῦ
3509 1737 3678 1788 τοῦτο
3746 1736 3835 1787 και

2166 1821 2426 1879 δοκοῦντα
2454 1826 2543 1880 καὶ
2576 1821 2704 1879 ὄντα
2725 1869 2740 1896 ,
2773 1827 3021 1888 τοιοῦτος
3054 1822 3110 1878 δὲ
3139 1824 3228 1879 καὶ
3257 1829 3374 1885 τοῖς
3423 1821 3625 1884 ἄλλοις
3677 1820 3838 1896 μελε-

2181 1912 2350 1975 δωνὸς
2407 1916 2684 1987 σωτηρίας
2743 1915 2994 1985 κατέστη.
3029 1914 3129 1968 Καὶ
3196 1914 3340 1967 οὕτω
3399 1911 3712 1985 θαυμαστός
3757 1932 3839 1974 τις

2177 2004 2389 2058 τούτων
2435 2003 2570 2078 πρὸς
2621 2003 2893 2077 σωτηρίαν
2948 2002 3209 2072 ἄλείπτης
3257 2004 3347 2056 καί
3416 2002 3828 2074 συναγωνιστὴς

2180 2093 2271 2146 καὶ
2331 2089 2708 2161 συπουδαστὴς
2767 2092 2855 2146 καὶ
2905 2091 3244 2164 συλλήπτωρ
3276 2093 3349 2153 ὡς
3399 2091 3488 2145 καὶ
3517 2093 3622 2160 τήν
3659 2090 3834 2144 αὐτῶν

2182 2179 2534 2254 εὐδοκίμησιν
2568 2188 2668 2250 τῆς
2725 2180 2924 2242 οἰκείας
2976 2179 3190 2252 μαλλον
3235 2181 3503 2255 αἱρεῖσθαι
3553 2179 3647 2234 καὶ
3694 2175 3833 2248 ἡδίω

2179 2271 2379 2339 ταύτην
2417 2271 2552 2325 κατὰ
2605 2270 2816 2326 Παῦλον
2867 2271 3127 2342 νομίζων,
3164 2271 3240 2344 μὴ
3290 2268 3559 2324 παύεσθαι
3609 2267 3833 2328 τούτους

2179 2362 2467 2429 νουθετῶν,
2546 2363 2846 2435 παραινῶν,
2923 2357 3216 2430 διδάσκων,
3289 2359 3379 2414 καὶ
3476 2357 3667 2430 μέντοι
3748 2356 3836 2411 καὶ

2182 2450 2405 2522 πείθων,
2450 2451 2640 2504 κακίαν
2691 2451 2786 2522 μὲν
2835 2451 2955 2525 περὶ
3004 2447 3246 2516 οὐδενὸς,
3275 2447 3335 2504 τὰ
3388 2446 3435 2503 δ’
3466 2444 3497 2503 ἅ
3540 2446 3624 2503 δεῖ
3677 2446 3839 2520 πράτ-

2181 2562 2291 2596 τειν
2337 2536 2534 2594 εἰδέναι
2583 2539 2705 2613 περὶ
2755 2541 2954 2600 παντὸς
2987 2537 3147 2611 μόνον
3196 2540 3484 2606 ποιεῖσθαι,
3517 2537 3691 2598 τύπος
3736 2555 3832 2590 κα·

2186 2629 2285 2685 λοῦ
2329 2631 2530 2690 παντὸς
2572 2629 2733 2691 αὐτὸς
2781 2624 2878 2696 ὢν,
2918 2627 3009 2682 καὶ
3054 2625 3200 2689 ὅλως
3255 2628 3428 2681 πάντα
3471 2632 3604 2681 πᾶσι
3653 2625 3842 2701 γιγνό-

2188 2740 2349 2792 μενος
2409 2718 2520 2796 ὲιρῷ
2593 2719 2798 2779 πάντας
2870 2716 3182 2785 εἷσποιῆσαι
3242 2720 3488 2788 Χριστῷ.
3549 2717 3612 2773 Ὁ
3665 2715 3837 2769 τοίνυν

2185 2808 2328 2862 οὕτω
2359 2808 2475 2862 κατ’
2506 2804 2672 2880 ἄμφω
2704 2804 2988 2877 διατεθεὶς,
3017 2813 3107 2860 τον
3151 2813 3252 2875 τῆς
3300 2801 3653 2874 δικαιοσύνης
3711 2803 3834 2877 ὅρον

2187 2899 2262 2959 ὡς
2306 2897 2528 2965 ἀληθῶς
2581 2891 2792 2968 βεϐαιοῖ
2838 2896 3012 2966 ἑαυτῷ
3058 2916 3117 2948 τε
3165 2895 3254 2949 καὶ
3294 2900 3411 2955 τοῖς
3443 2891 3641 2956 ἄλλοις
3672 2913 3835 2948 τοκα·

2184 2985 2368 3054 ταξίαν
2427 2984 2503 3045 ὡς
2553 2984 2696 3044 εἰκὸς
2755 2981 3058 3055 διανείμας,
3111 2983 3202 3036 καὶ
3261 2983 3404 3036 οὕτω
3461 2979 3720 3036 κάλλιστ’
3753 2981 3836 3035 ἄν·

2189 3075 2422 3146 θρώπων
2470 3076 2566 3126 τοῦ
2612 3073 2730 3126 κατ’
2762 3069 2919 3127 αὒτὸν
2969 3071 3242 3127 ταλάντου
3283 3071 3597 3147 φροντίσας,
3631 3071 3708 3132 ὡς
3761 3071 3832 3142 μὴ

431 3175 498 3215 ac
547 3159 810 3225 ﬁrmavit,
845 3161 981 3214 dum
1035 3161 1170 3229 sibi,
1203 3164 1343 3216 dum
1376 3163 1525 3232 aliis,
1550 3164 1702 3234 quod
1738 3165 1942 3220 merita
1971 3181 2070 3220 cu-

2188 3162 2312 3218 δὲκα
2368 3160 2579 3230 πόλεις,
2609 3162 2672 3215 τὸ
2727 3165 2822 3215 τοῦ
2881 3162 3028 3215 θείου
3082 3165 3364 3236 χρησμοῦ,
3401 3158 3544 3233 μηδέ
3587 3159 3838 3234 μυριάκις

424 3247 641 3318 jusque
669 3248 993 3319 exigebant,
1026 3257 1087 3304 ut
1118 3267 1350 3322 aequum
1383 3258 1492 3318 est,
1524 3253 1840 3319 distribuit,
1870 3259 1926 3309 et
1964 3272 2074 3326 op-

432 3335 575 3391 time
615 3336 757 3392 adeo
802 3338 1065 3392 omnium
1115 3339 1321 3395 talenti
1371 3341 1461 3395 sui
1513 3341 1798 3397 rationem
1852 3343 2070 3413 habuit,

2181 3249 2428 3316 τοσάσδε,
2487 3249 2634 3305 ἀλλὰ
2696 3251 2795 3319 τήν
2866 3253 2974 3304 τῶν
3032 3250 3274 3321 οὐρανῶν
3333 3247 3614 3324 βασιλείαν
3674 3245 3837 3302 ἆθλον

2184 3336 2374 3398 λαϐεῖν
2405 3339 2708 3414 ἀξιόχρεως
2741 3339 2898 3394 εἶναι.

433 3431 500 3480 ut
529 3426 911 3498 dignissimus
939 3431 1115 3495 esset,
1147 3445 1262 3483 non
1294 3430 1394 3500 qui
1425 3430 1623 3486 decem
1656 3431 1845 3499 urbes,
1880 3436 1946 3487 ut
1975 3434 2238 3491 divinum
2276 3432 2444 3487 habet
2475 3429 2769 3486 oraculum
2804 3431 2867 3490 η.
2901 3433 3003 3484 aut
3049 3432 3284 3485 centum
3337 3428 3574 3484 urbium
3627 3426 3828 3492 millia,

431 3531 631 3572 verum
666 3533 906 3589 regnum
936 3517 1131 3590 ipsum
1163 3519 1463 3586 caelorum,
1499 3523 1803 3592 praemium
1835 3525 2139 3593 acciperet.

508 3604 700 3661 LXIII.
734 3610 923 3676 Atque
953 3606 1046 3661 hic
1075 3607 1344 3677 equidem
1397 3609 1551 3664 hunc
1599 3611 1669 3666 de
1706 3611 2076 3682 generalibus

433 3693 745 3749 virtutibus
775 3693 966 3749 locum
997 3695 1361 3764 concludere,
1394 3713 1578 3768 neque
1609 3699 1680 3754 de
1709 3702 2072 3772 sequentium

435 3785 493 3839 et
538 3783 872 3852 posterioris
929 3784 1083 3840 velut
1129 3785 1354 3841 ordinis
1407 3787 1520 3841 ulla
1569 3789 1762 3860 aliqua
1803 3798 2079 3861 praeterea

435 3886 606 3942 agere
637 3873 1093 3929 constitueram:
1122 3875 1335 3946 quippe
1357 3877 1846 3946 quemadmodum
1886 3881 1944 3935 in
1976 3895 2079 3952 gee

436 3959 676 4015 naribus
705 3961 832 4015 suis
855 3963 1076 4030 species
1097 3965 1484 4031 continentur,
1520 3967 1577 4020 in
1608 3969 1912 4036 speciebus
1940 3973 2077 4029 item

439 4049 777 4116 individua;
801 4051 879 4104 ita
911 4054 1295 4120 pertractatis,
1319 4059 1605 4124 quantum
1636 4055 1697 4110 in
1733 4059 1900 4114 nobis
1930 4068 2078 4128 erat,

440 4137 838 4205 superioribus
860 4138 975 4192 illis
997 4141 1332 4208 virtutibus,
1357 4143 1560 4198 eadem
1584 4160 1757 4211 opera
1788 4145 1893 4203 has
1926 4149 2079 4218 ipsas

441 4228 858 4296 propemodum
891 4232 1150 4283 oratione
1173 4241 1368 4286 nostra
1389 4232 1894 4300 comprehendisse
1915 4239 2080 4293 nobis

440 4313 801 4381 videbamur,
834 4319 1330 4374 verumenimvero
1359 4335 1432 4374 ne
1463 4320 1617 4376 idem
1662 4323 1832 4378 nobis
1880 4325 1989 4380 hac
2022 4328 2078 4380 in

443 4419 624 4458 causa
671 4420 780 4458 usu
828 4403 1037 4471 veniat,
1060 4407 1214 4477 quod
1269 4408 1338 4463 iis
1380 4409 1612 4474 accidit,
1644 4412 1742 4481 qui
1775 4414 1846 4467 de
1879 4423 2083 4470 natura

2258 3614 2384 3665 ΞΓ¹.
2419 3605 2767 3679 Ἐϐουλόμην
2829 3609 2922 3680 μὲν
2979 3605 3071 3661 οῦν
3128 3607 3352 3662 ἐνταῦθα
3406 3610 3501 3661 τοῦ
3549 3607 3678 3680 περῖ
3735 3606 3835 3658 τῶν

2186 3702 2410 3773 γενικῶν
2461 3697 2666 3771 ἀρετῶν
2717 3695 2889 3767 λόγου
2949 3699 3273 3765 πεπαῦσθαι,
3324 3696 3414 3750 καὶ
3483 3694 3840 3768 μηδηστινοσ·

2187 3793 2275 3841 οῦν
2322 3786 2396 3842 ἔτ’
2443 3784 2626 3856 ἄλλης
2672 3791 2782 3840 τῶν
2827 3785 3015 3864 ἐφεξῆς
3064 3807 3123 3839 τε
3165 3787 3254 3840 καὶ
3307 3786 3423 3856 μετ’
3452 3784 3662 3846 ὲκείνας
3705 3803 3836 3855 μνη-

2190 3878 2420 3944 σθῆναι·
2457 3872 2652 3953 σχεδὸν
2684 3873 2787 3948 γὰρ
2837 3873 3019 3948 ὥσπερ
3065 3879 3182 3936 τοῖς
3231 3875 3404 3950 γένεσι
3438 3873 3531 3946 μὲν
3577 3875 3649 3927 τὰ
3698 3868 3832 3940 ε’ίδη,

2188 3963 2573 4043 ἒμπεριέχεται
2625 3960 2680 4017 δὲ
2735 3969 2852 4026 τοῖς
2914 3961 3081 4018 ε’ίδεσι
3139 3965 3204 4017 τὰ
3234 3964 3354 4018 καθ’
3387 3959 3634 4031 ἕκαστον,
3669 3960 3832 4018 οὕτως

2190 4055 2289 4108 ὅσα
2335 4050 2532 4122 ἔξεστιν
2585 4049 2803 4105 ἐκείνων
2859 4049 3199 4123 μνησθέντες,
3244 4050 3334 4104 καὶ
3404 4049 3599 4110 ταύτας
3663 4047 3832 4118 δήπου

2191 4136 2723 4215 συμπαρελάϐομεν·
2784 4138 2912 4194 ἀλλ’
2963 4137 3054 4193 ⁹ίνα
3115 4141 3190 4211 μὴ
3257 4138 3448 4193 ταυτὸν
3508 4138 3668 4192 πάθω
3723 4139 3835 4192 τοῖς

2189 4231 2314 4304 περὶ
2380 4231 2588 4306 φύσεως
2669 4229 2762 4301 μὲν
2845 4231 2943 4296 τῆς
3032 4229 3369 4303 ἀνθρωπείας
3453 4225 3834 4305 φιλοσοφοῦσι,

2192 4319 2353 4394 λόγον
2398 4317 2445 4373 δ’
2493 4317 2688 4373 οὐδένα
2740 4319 2970 4372 τουτωνὶ
3015 4317 3390 4390 ποιουμένοις,
3436 4318 3469 4386 ἢ
3527 4321 3619 4369 καί
3669 4313 3714 4369 ἐί
3757 4331 3838 4370 τις

2191 4412 2350 4478 σῶμα
2407 4404 2649 4466 κάλλους
2706 4403 2763 4459 εὖ
2822 4405 2955 4479 ἔχον
3016 4403 3254 4459 ἐπαινεῖν
3313 4402 3622 4478 ᾑρημένος,
3675 4399 3838 4456 ἔπειθ’

445 4488 706 4544 humana
738 4491 925 4545 multa
947 4491 1239 4547 subtiliter
1259 4493 1576 4565 disputant,
1596 4495 1757 4552 nulla
1778 4497 2077 4555 hominum

2196 4495 2270 4556 ὡς
2331 4495 2425 4564 μὲν
2485 4492 2700 4548 πολλοῦ
2746 4515 2896 4554 τινος
2955 4489 3102 4562 ἄξιον
3151 4492 3328 4566 λέγοι,
3368 4492 3434 4546 τὰ
3480 4489 3537 4546 δὲ
3587 4491 3705 4546 καθ’
3749 4485 3839 4542 ἕνα

445 4578 709 4652 ipsorum
765 4579 978 4636 viritim
1027 4581 1225 4638 habita
1256 4585 1498 4648 ratione,
1531 4591 1632 4640 aut
1660 4587 1709 4642 si
1743 4589 1838 4658 qui
1874 4605 2085 4660 corpus

446 4667 659 4724 eximia
689 4669 882 4739 specie
913 4673 1323 4728 commendare
1342 4674 1570 4740 institit,
1598 4676 2084 4745 pretiosissimum

446 4757 590 4813 illud
621 4759 856 4827 quidem
891 4776 956 4814 ac
996 4761 1472 4818 venustissimum
1526 4767 1862 4822 summatim
1897 4770 2086 4834 faciat,

447 4845 812 4917 singulorum
863 4853 1056 4904 autem
1111 4851 1508 4907 membrorum
1570 4853 2088 4924 pulchritudinem,

450 4939 622 5005 atque
652 4936 998 4992 concinnam
1049 4939 1200 4993 inter
1237 4954 1296 4994 se
1331 4941 1805 5011 compositionem
1839 4945 2087 5000 omittat.

452 5023 669 5079 Idcirco
699 5031 755 5080 et
785 5025 941 5081 hunc
962 5027 1153 5099 ipsum
1184 5027 1456 5098 laborem,
1489 5045 1588 5096 pro
1617 5032 1840 5086 viribus
1881 5049 2090 5104 aggre-

452 5112 600 5180 diar,
632 5112 805 5168 solito
863 5117 1223 5172 sanctissimi
1269 5117 1372 5172 viri
1432 5118 1724 5188 adjutorio
1781 5121 2088 5178 subnixus.

527 5320 573 5358 ¹⁷
601 5321 853 5394 Philipp.
885 5340 960 5382 IV.
993 5342 1033 5395 ι,
1067 5326 1090 5380 1
1121 5343 1134 5392 ;
1168 5327 1189 5382 Ι
1218 5325 1416 5384 Thess.
1450 5343 1488 5397 ι,
1523 5326 1605 5394 19,
1637 5328 1728 5383 20.

525 5509 604 5583 (1)
638 5515 772 5583 Post
812 5509 1052 5567 haberet
1097 5522 1299 5570 caetera
1346 5513 1442 5570 hoc
1488 5516 1850 5572 continuando
1890 5516 2048 5572 modo
2079 5535 2098 5571 :

455 5581 670 5660 Verum
717 5581 848 5638 ideo
895 5585 1050 5654 quod
1100 5586 1444 5660 eximiarum
1475 5603 1669 5642 rerum
1697 5589 1966 5660 omnium
1998 5603 2100 5660 per

460 5657 726 5708 naturam
751 5669 955 5723 expers
982 5664 1149 5722 esset,
1182 5658 1254 5712 ad
1286 5657 1394 5713 hoc
1426 5674 1553 5714 sese
1581 5658 1874 5715 modestia
1907 5657 2098 5715 humi-

1807 5328 1850 5363 “
1879 5330 2002 5385 Act.
2036 5346 2132 5391 xx,
2165 5330 2254 5386 31.

2194 4587 2260 4657 [Ῑ.
2290 4582 2370 4656 ἓν]
2420 4588 2531 4637 τῶν
2585 4587 2786 4658 μερῶν,
2817 4583 2904 4638 καὶ
2946 4582 3096 4645 ὅπως
3143 4577 3260 4657 ἔχει
3310 4583 3444 4655 πρὸς
3484 4578 3709 4650 ἄλληλα
3737 4598 3839 4632 πα-

2193 4673 2442 4746 ραλίποι,
2475 4671 2580 4748 ἐγὼ
2639 4670 2696 4726 δὲ
2747 4676 2836 4726 καὶ
2885 4676 3075 4727 τοῦτον
3129 4672 3280 4734 ὅπως
3314 4671 3374 4726 ἂν
3407 4670 3523 4750 ἔχω
3551 4672 3643 4726 τὸν
3679 4668 3835 4724 ἆθλον

2193 4760 2368 4832 εἴσίω,
2401 4769 2501 4830 τῆς
2551 4766 2647 4816 τοῦ
2702 4760 2947 4836 μεγάλου
2994 4761 3250 4837 βοηθείας
3299 4762 3374 4823 ὡς
3423 4758 3541 4822 ἔθος
3589 4778 3839 4833 συναιρο-

2197 4850 2382 4924 μένης.
2458 4851 2888 4925 Ταπεινροσύνην
2974 4851 3155 4905 τοίνυν
3255 4852 3354 4918 τὴν
3438 4854 3544 4904 τῶν
3629 4849 3837 4923 ἀγαθῶν

2191 4941 2403 4995 πάντων
2463 4940 2661 5007 αἰτίαν,
2711 4941 2801 4994 καὶ
2875 4943 2941 5010 ἧς
3013 4942 3130 4995 ἄνευ
3212 4938 3502 5010 ούδητιοῦν
3547 4944 3657 4994 τῶν
3714 4939 3840 5010 ἀρε-

2192 5033 2299 5084 τῶν
2356 5030 2578 5100 συσταίη
2631 5031 2752 5084 ποτ’
2810 5028 2893 5100 ἂν,
2945 5030 3044 5085 οὐκ
3085 5027 3189 5084 οἶδ’
3232 5027 3279 5084 έί
3328 5049 3412 5090 τις
3466 5033 3575 5084 τῶν
3635 5028 3839 5081 πάντων

2193 5121 2229 5190 ἢ
2259 5122 2454 5176 τούτου
2485 5120 2652 5177 πλέον
2686 5121 3008 5195 ἐθαύμασεν,
3042 5122 3076 5192 ἢ
3129 5120 3346 5194 μᾶλλον
3393 5121 3605 5195 ἠράσθη
3653 5139 3711 5174 τε
3755 5114 3837 5171 καί

2335 5329 2408 5366 ιδ’
2438 5329 2460 5386 Ι
2488 5334 2596 5390 Cor
2649 5349 2724 5401 Ix,
2754 5334 2845 5391 22.
2923 5333 2970 5368 ‘9
2997 5333 3131 5391 Luc.
3163 5349 3283 5403 xxx,
3315 5332 3403 5388 17.

2210 5515 2499 5593 litatisque
2529 5520 2792 5578 studium
2824 5523 3206 5593 adjunxisset.
3239 5524 3368 5579 Haec
3395 5523 3538 5577 enim
3570 5517 3708 5574 mihi
3737 5510 3839 5569 loci

2209 5592 2503 5657 sententia,
2535 5602 2748 5650 retenta
2773 5591 2970 5661 καλοῦ,
2999 5610 3114 5651 esse
3151 5594 3389 5665 videtur.
3478 5635 3493 5666 -ι
