4092 6300
251 404 358 464 281

247 531 550 609 προσέσχεν
588 553 602 567 ·

249 646 355 680 των
393 625 459 680 τὸ
508 627 634 680 κατ’
685 623 853 694 αὐτὴν
904 623 1167 694 ἐποιεῖτο,
1214 625 1303 679 καὶ
1348 628 1445 679 τοῦ
1493 625 1689 685 παντὸς
1736 624 1909 697 τιμώ-

248 735 408 788 μενος
458 715 554 768 καὶ
606 713 899 789 χρώμενος
930 715 1019 784 ἦν,
1053 715 1126 775 ὡς
1162 715 1236 786 μή
1293 713 1452 786 μόνον
1479 721 1586 789 γῆν
1632 714 1724 768 καὶ
1773 735 1906 768 σπο-

244 803 340 858 δὸν
371 804 569 857 ἑαυτὸν
621 803 713 856 καί
757 804 826 856 τὲ
871 807 1100 858 τοιαῦτα
1147 802 1358 871 καλεῖν,
1390 803 1483 857 καὶ
1532 804 1736 865 πάντας
1787 804 1906 858 iuu-

242 897 347 947 τοῦ
375 893 730 968 προῦχοντας
781 889 950 967 ἔχειν,
984 893 1058 945 ὧν
1109 896 1238 946 πᾶσι
1270 893 1488 952 πάντως
1542 897 1660 953 τοῖς
1709 889 1906 953 ἄλλοις

245 982 412 1045 αὐτὸς
459 984 777 1058 ὑπερεῖχεν,
808 981 954 1037 ἀλλά
1004 982 1093 1036 καὶ
1121 986 1240 1044 τοῖς
1289 978 1478 1057 ἔργαις
1525 981 1655 1044 τοὺς
1704 976 1906 1056 λόγους

257 1071 408 1147 μάλα
436 1074 765 1126 πιστοῦσθαι
799 1090 814 1105 ⁸
866 1072 929 1126 τὸ
959 1072 1061 1146 γὰρ
1107 1078 1206 1140 τῆς
1253 1070 1474 1144 μάλιστ’
1521 1071 1907 1144 ἀπολουμένης

258 1160 632 1240 ὑπερηφανίας
695 1165 955 1216 τοσοῦτον
1011 1161 1262 1235 ἀπέχειν,
1321 1162 1445 1215 ὅσον
1509 1160 1600 1214 καὶ
1656 1166 1757 1229 τῆς
1831 1159 1907 1220 εἰς

251 1252 383 1306 Θεὸν
421 1249 805 1326 βλασφημίας,
841 1250 1105 1326 μεγίστης
1139 1246 1355 1319 δηλαδή
1406 1250 1908 1326 ταπεινοφροσύνης

253 1337 398 1392 ἐστὶν
430 1339 764 1414 ἐπειλῆφθαι
800 1361 810 1372 ·
865 1340 938 1400 ὡς
973 1340 1114 1411 μήτε
1161 1342 1267 1392 τῶν
1313 1336 1624 1414 ἐλαχίστων
1676 1335 1907 1412 μηδενὸς

247 1427 572 1499 τοπαράπαν
623 1434 978 1504 καταφρονεῖν
1024 1427 1233 1497 ἀξιοῦν,
1283 1428 1372 1482 καὶ
1435 1429 1651 1483 πάντων
1703 1426 1905 1482 ἐθέλειν

256 1513 506 1595 ἔσχατον
537 1520 602 1590 [Ῑ.
635 1515 886 1589 ἔσχατος]
916 1516 1022 1570 εἶνα
1049 1515 1139 1570 ’ίνα
1169 1517 1389 1590 γενηται
1419 1536 1656 1591 πρωτος.

1260 401 1660 474 LAUDATIO
1707 403 1769 464 S.
1817 398 2192 464 GREGORII
2236 392 2657 458 THEOLOGI.

657 535 721 594 ὃς
751 531 922 595 οὕτως
966 533 1085 588 ἀντὶ
1115 533 1330 589 πάντων
1374 554 1432 589 τε
1482 536 1570 588 καὶ
1615 540 1722 609 πρὸ
1770 535 1900 589 πάν-

2024 533 2302 604 Principio
2333 531 2513 603 igitur
2543 528 2937 585 humilitatem
2969 527 3174 594 animi,
3199 527 3486 585 bonorum
3522 545 3652 584 om-

3539 393 3657 452 282

2016 623 2182 679 nium
2214 637 2468 689 causam,
2502 636 2618 692 qua
2664 619 2790 674 sine
2820 616 2984 674 nulla
3034 634 3294 690 unquam
3335 619 3657 674 consistere

2016 711 2197 767 virtus
2229 715 2433 782 potest,
2466 709 2621 765 haud
2672 709 2791 764 scio
2829 723 2902 763 an
2955 707 3270 779 quisquam
3320 707 3658 763 mortalium

2017 800 2276 856 omnium
2311 801 2440 872 plus
2471 815 2648 870 quam
2684 802 2878 853 noster
2907 801 3010 852 aut
3041 795 3398 868 suspexerit,
3431 800 3534 852 aut
3554 797 3657 852 ad-

2018 887 2786 959 amaveritcolueritque,qui
2809 885 3067 941 itaillam
3089 892 3145 940 et
3167 885 3354 942 instar
3370 886 3660 952 omnium,

2018 988 2071 1036 et
2101 983 2234 1035 ante
2262 977 2456 1034 omnia
2488 977 2833 1045 mstimabat,
2856 976 3115 1045 adeoque
3137 990 3366 1030 summo
3390 975 3446 1029 in
3477 975 3660 1045 pretio

2019 1068 2226 1124 habuit
2272 1074 2327 1122 et
2377 1065 2706 1137 usurpavit,
2757 1074 2817 1119 ut
2865 1081 2979 1121 non
3031 1065 3202 1120 modo
3255 1084 3279 1115 ι
3331 1069 3545 1120 terram
3603 1068 3664 1120 et

2018 1160 2272 1214 cinerem
2301 1155 2391 1225 ’9',
2426 1179 2453 1204 »
2486 1155 2714 1226 aliaque
2745 1155 2802 1208 id
2832 1170 3016 1225 genus
3049 1154 3435 1224 semetipsum
3466 1153 3662 1225 appel-

2021 1247 2183 1315 laret,
2207 1262 2528 1318 omnesque
2551 1245 2816 1300 homines
2838 1244 2949 1298 sibi
2975 1248 3356 1314 praeponeret,
3381 1247 3437 1298 et
3458 1243 3508 1298 si
3529 1242 3662 1299 illos

2020 1337 2244 1393 caeteris
2275 1336 2446 1392 rebus
2476 1334 2753 1390 omnibus
2788 1334 2960 1405 longo
3004 1331 3308 1388 intervallo
3337 1337 3660 1404 superaret,

2019 1427 2118 1482 sed
2151 1431 2209 1481 et
2237 1425 2389 1480 dicta
2414 1441 2519 1479 sua
2549 1423 2822 1494 operibus
2854 1421 2997 1492 ipsis
3031 1421 3467 1477 ﬁrmaret.Nam
3501 1423 3656 1491 quod

2019 1535 2133 1573 non
2160 1517 2358 1572 minus
2379 1533 2412 1569 a
2435 1513 2926 1586 pestilentissimae
2946 1513 3228 1582 superbis
3253 1512 3401 1572 labe.
3424 1528 3601 1582 quam
3624 1529 3660 1568 a

249 1609 430 1664 divini
488 1609 748 1664 nominis
807 1608 1232 1677 maledictione,
1293 1609 1565 1676 abesset;
1622 1609 1681 1664 id
1742 1610 1943 1681 utique
1999 1623 2281 1664 summam
2349 1605 2527 1663 animi
2583 1604 2975 1661 humilitatem
3026 1619 3221 1659 revera
3275 1607 3660 1660 consecutum

252 1699 431 1754 fuisse
462 1699 741 1766 declarat,
773 1703 840 1753 ut
870 1699 1056 1770 neqbe
1087 1697 1273 1754 ullum
1313 1698 1548 1754 omnino
1580 1699 1649 1754 de
1680 1699 1937 1754 minimis
1985 1697 2306 1770 depiscatui
2337 1697 2588 1763 duceret,
2622 1700 2679 1751 et
2707 1694 2831 1766 ipse
2885 1694 3147 1749 omnium
3183 1697 3506 1764 postremus
3537 1708 3665 1748 esse

253 1795 513 1860 cuperet,
545 1793 609 1845 ut
639 1806 834 1846 coram
871 1791 981 1844 Deo
1014 1790 1236 1858 primus
1267 1789 1430 1845 ﬂeret
1459 1789 1526 1844 ³ο.

313 1854 440 1932 ἐκ.
495 1854 657 1930 bii-rw
707 1874 753 1929 δ’
805 1874 949 1951 ἔχων
996 1854 1086 1930 καὶ
1142 1878 1252 1950 ἅμα
1302 1878 1393 1931 τὸν
1439 1877 1590 1933 ταῦτ’
1647 1876 1905 1952 εἰρηκότα

2087 1877 2276 1934 LXIV.
2307 1877 2434 1934 Jam
2468 1877 2565 1947 qui
2613 1875 2692 1930 ita
2730 1874 3023 1930 animatus
3071 1875 3244 1940 esset,
3277 1875 3334 1929 et
3377 1872 3554 1928 simul
3585 1854 3668 1942 (2)

255 1967 534 2034 Δεσπότην
564 1961 748 2033 εἰδὼς,
779 1967 878 2033 τὴν
909 1963 994 2020 ὅτι
1040 1965 1213 2038 πρᾷός
1246 1963 1358 2020 ἐστι
1409 1966 1498 2020 καὶ
1547 1964 1808 2030 ταπεινὸς
1836 1969 1904 2040 τῇ

251 2053 445 2131 καρδίᾳ
507 2055 860 2124 συναίσθησίν
909 2075 968 2109 τε
1023 2055 1113 2108 καὶ
1173 2060 1396 2128 γνῶσιν,
1437 2056 1746 2112 ἀνάπαυλαν
1794 2059 1905 2130 ψυ-

253 2151 366 2221 χῶν
416 2142 775 2219 ὁριζόμενον,
821 2142 913 2197 καί
968 2145 1190 2220 προσέτι
1235 2149 1426 2199 τοῦτον
1485 2143 1643 2200 αὐτὸν
1705 2142 1906 2200 δούλου

258 2236 472 2312 μορφὴν
528 2231 821 2307 εἰληφότα,
871 2230 963 2286 ’ίνα
1017 2234 1118 2301 τὴν
1177 2231 1485 2308 ἐλευθερίαν
1545 2235 1713 2295 αὑτὸς
1769 2233 1904 2288 ἀπο-

258 2319 428 2393 λάϐω,
493 2321 586 2375 καὶ
651 2321 788 2393 πρὸς
847 2321 947 2388 τήν
1006 2322 1271 2396 προτέραν
1328 2321 1584 2392 ἐπανήκω
1646 2321 1908 2395 μακαριό-

261 2431 386 2477 τητα
420 2429 433 2442 ο
492 2409 780 2463 τοσούτων
827 2408 1010 2462 τοίνυν
1061 2408 1139 2469 εἷς
1189 2409 1688 2487 ταπεινοφροσύνην
1737 2431 1908 2484 παρα-

262 2497 587 2567 καλούντων,
622 2503 743 2560 πῶς
788 2497 886 2552 οὐκ
942 2497 1071 2552 αὐτὸ
1116 2502 1281 2553 τοῦτο
1326 2499 1416 2553 καὶ
1465 2499 1626 2561 αὐτὸς
1674 2497 1904 2572 ἔμελλεν

267 2591 405 2653 εἶναι,
450 2589 550 2644 καὶ
603 2593 767 2642 πᾶσιν
814 2588 866 2642 ἐν
919 2583 1175 2663 συντριϐῇ
1225 2586 1449 2662 καρδίας
1499 2589 1588 2644 καὶ
1640 2591 1907 2662 πνεύματι

266 2681 637 2740 ταπεινώσεως
672 2679 933 2752 χρῆσθαι,
964 2679 1055 2732 καὶ
1080 2678 1216 2732 κατά
1245 2679 1346 2746 τὴν
1380 2682 1476 2732 τοῦ
1509 2681 1642 2734 Θεοῦ
1681 2676 1904 2752 καρδίαν

264 2768 332 2829 ὡς
361 2767 536 2821 εἰπεῖν
589 2765 1013 2837 πολιτεύεσθάις
1048 2767 1187 2822 Ἀνθ’
1236 2768 1310 2820 ὧν
1353 2766 1513 2828 αὐτός
1563 2788 1622 2822 τι
1667 2772 1762 2822 τοῦ
1807 2770 1905 2839 τῆς

255 2855 764 2935 ταπεινοφροσύνης
795 2855 870 2916 ὡς
903 2856 1003 2910 οὐκ
1033 2853 1138 2910 οἶδ’
1167 2854 1220 2910 εἷ’
1243 2877 1326 2918 τις
1358 2851 1552 2926 ἐπέϐη,
1583 2858 1669 2911 καὶ
1706 2855 1905 2926 ταύτην

254 2943 587 3019 ἐκόσμησεν,
625 2943 700 3004 ὡς
753 2941 841 2998 διὰ
869 2949 1059 2998 τοῦτον
1112 2943 1326 3017 μᾶλλον
1382 2945 1573 3013 αὐτὴν,
1606 2944 1640 3013 ἢ
1692 2942 1760 2998 δι’
1810 2945 1906 2998 αύ-

254 3037 352 3103 τῆν
378 3039 582 3089 τοῦτον
618 3034 982 3105 θαυμάζεσθαι
1016 3052 1028 3064 ·
1077 3033 1166 3088 καὶ
1198 3035 1272 3096 ὡς
1303 3033 1486 3104 ἀληθῆ
1535 3033 1699 3109 λέγω,
1732 3032 1903 3104 δῆλον

253 3121 478 3178 ἐκεῖθιν.

327 3395 460 3449 EE‘.
517 3393 582 3449 Εἰ
643 3392 750 3467 γὰρ
805 3390 865 3445 τὸ
925 3387 1099 3464 μόνην
1152 3389 1645 3467 ταπεινοφροσύνην
1704 3390 1910 3460 ἀσκεῖν,

258 3481 520 3555 ἱτέρωθεν
555 3479 615 3535 δὲ
669 3477 986 3552 μηδαμόθεν
1037 3473 1182 3554 ἔχειν
1217 3477 1744 3552 ἐγκαλλωπίζεσθαι,
1778 3479 1912 3552 πρὸς

260 3567 487 3625 ἔπαινον
535 3566 708 3648 φέρει,
760 3570 885 3622 ὅταν
917 3589 1000 3629 τις
1052 3569 1124 3629 ὡς
1177 3566 1334 3628 οὗτος
1384 3565 1737 3635 παντοδαπὴν
1787 3566 1915 3643 ἀγα-

265 3661 369 3713 θῶν
420 3653 568 3732 ἔχων
616 3659 810 3736 φορὰν,
864 3659 1180 3728 θαυμαστῆς
1242 3677 1387 3716 τινος
1440 3653 1776 3727 ἐκπλήξεως,
1825 3657 1915 3710 καὶ

265 3748 510 3802 παιάνων
541 3748 689 3820 παρά
735 3751 866 3801 πᾶσι
915 3747 1233 3823 τυγχάνων,
1266 3742 1451 3800 ἔπειτα
1502 3741 1680 3814 δήπου
1729 3766 1914 3800 ταπει-

265 3840 550 3912 νοφρονεῖν
605 3833 786 3904 οἴηται
820 3833 953 3905 δεῖν,
1003 3833 1093 3888 καὶ
1141 3835 1343 3905 ταύτης
1391 3835 1525 3908 ὑπὲρ
1568 3833 1696 3895 τοὺς
1748 3833 1914 3906 μηδὲν

264 3948 318 3982 τι
345 3930 604 3980 τοιοῦτον
636 3925 850 3985 ἱαυτοῖς
902 3921 1214 3978 συνειδότασ
1255 3924 1622 3993 ἀντιποιῆται,
1657 3924 1764 4002 οὐχ
1803 3924 1919 3978 ἑαυ-

264 4017 357 4070 τὸν
421 4012 668 4086 μᾶλλον,
735 4012 770 4081 ἢ
827 4012 1029 4082 ταύτην
1084 4013 1328 4085 σεμνύνει
1402 4017 1491 4066 καί
1551 4011 1918 4090 περιφανεστέ-

267 4125 362 4179 ραν
397 4104 490 4158 καὶ
521 4101 742 4158 καλλίω
784 4107 900 4162 τοῖς
933 4100 1087 4161 ὅλοις
1134 4107 1301 4158 ποιεῖ.
1331 4105 1440 4166 Τῆς
1468 4100 1515 4156 δ’
1560 4101 1624 4155 αὖ
1668 4103 1803 4176 πρὸς
1831 4103 1922 4156 τὸν

265 4193 514 4262 πλησίον
567 4191 782 4266 ἀγάπης
840 4192 929 4244 καὶ
995 4194 1092 4244 τοῦ
1152 4195 1311 4244 πᾶσιν
1390 4191 1553 4245 αὐτὸν
1630 4189 1922 4269 σπλὰγχνα

266 4285 660 4360 χρηστότητος
718 4281 806 4336 καὶ
881 4281 1013 4335 εἶναι
1090 4282 1181 4334 καὶ
1259 4279 1555 4356 γίγνεσθαι,
1621 4283 1920 4356 τεκμήριον

265 4371 494 4447 ἐναργές
529 4390 542 4403 ⁸
604 4370 841 4443 μάλιστα
902 4371 996 4442 μὶν
1055 4371 1116 4423 τὸ
1173 4374 1269 4436 τοῦ
1328 4373 1462 4424 Θεοῦ
1527 4371 1764 4442 καθάπαξ
1843 4369 1922 4440 ἐξ·

265 4464 439 4540 ἧφθαι
474 4460 568 4513 καὶ
599 4463 792 4514 τοῦτον
847 4459 899 4528 ἑξ
931 4458 1069 4528 ὅλης
1119 4455 1296 4528 δήπου
1327 4461 1517 4536 ψυχῆς
1558 4459 1648 4512 καὶ
1680 4456 1923 4521 διανοίας

271 4550 456 4626 φιλεῖν
491 4567 504 4580 ’
555 4547 690 4602 αὐτό
719 4569 777 4602 τε
821 4548 922 4619 γὰρ
953 4551 1118 4602 τοῦτο
1168 4546 1258 4600 καὶ
1299 4547 1361 4600 τὸ
1407 4551 1504 4600 τοῦ
1552 4547 1788 4616 πλησίον
1840 4548 1925 4601 ἀν-

2020 1968 2330 2022 Dominum
2355 1981 2530 2021 suum
2553 1980 2678 2020 esse
2709 1965 2904 2031 sciret,
2928 1985 2955 2012 «
2983 1963 3082 2033 qui
3117 1961 3315 2018 mitem
3343 1977 3471 2017 sese
3491 1965 3548 2018 et
3567 1962 3663 2017 hu-

2020 2057 2219 2112 milem
2250 2056 2422 2111 corde
2447 2077 2474 2104 »
2506 2053 2936 2124 appellavisset,
2964 2051 3266 2124 morbique
3297 2050 3565 2106 notitiam
3597 2067 3664 2108 ac

2017 2143 2435 2200 conscientiam
2452 2166 2479 2194 ‹‹
2499 2144 2817 2199 animarum
2832 2141 3081 2211 requiem
3096 2161 3123 2192 ιι
3139 2157 3268 2197 esse
3280 2139 3664 2207 statuisset“,

2018 2233 2114 2305 qui
2139 2238 2415 2304 praeterea
2435 2235 2582 2288 servi
2606 2234 2850 2288 formam
2874 2231 3253 2301 assumpisset
3275 2230 3343 2296 ",
3370 2233 3431 2284 ut
3460 2245 3562 2300 ego
3587 2228 3665 2282 li-

2017 2324 2302 2380 bertatem
2337 2337 2754 2394 recuperarem,
2780 2328 2952 2392 atque
2983 2320 3052 2374 ad
3078 2318 3383 2390 pristinam
3413 2319 3662 2374 redirem

2018 2411 2438 2467 beatitudinem
2477 2428 2488 2465 :
2524 2410 2622 2481 qui
2657 2415 2774 2464 tam
2808 2408 2989 2464 multa
3020 2425 3087 2464 ac
3115 2423 3355 2478 magna,
3394 2408 3662 2478 inquam,

2015 2500 2393 2557 demissionis
2422 2499 2602 2556 animi
2649 2499 3029 2554 invitamenta
3077 2498 3336 2564 haberet,
3369 2496 3571 2568 quidni
3606 2499 3662 2550 et

2017 2590 2142 2661 ipse
2170 2606 2301 2645 vere
2333 2589 2576 2644 humilis
2606 2588 2894 2654 evaderet,
2914 2592 3122 2643 etcum
3146 2587 3422 2641 omnibus
3447 2587 3504 2640 in
3531 2601 3662 2639 con-

2014 2678 2250 2733 tritione
2281 2679 2473 2733 cordis
2503 2687 2560 2732 et
2589 2678 2800 2748 spiritu
2832 2675 3205 2732 demissionis
3237 2678 3451 2742 ageret,
3484 2678 3539 2728 et
3569 2690 3664 2728 se-

2025 2768 2282 2822 cundum
2311 2783 2410 2822 cor
2439 2765 2560 2826 Dei,
2597 2770 2660 2820 ut
2689 2764 2798 2820 hoc
2828 2765 3001 2820 verbo
3033 2764 3353 2828 utamur”,
3383 2763 3509 2816 vitae
3541 2778 3659 2816 sua

2018 2855 2278 2911 rationes
2301 2870 2505 2911 omnes
2522 2852 2889 2909 institueret?
2909 2854 3030 2918 Qua
3051 2853 3120 2909 de
3142 2868 3320 2906 causa
3336 2849 3420 2905 sic
3438 2849 3532 2903 ille
3557 2849 3660 2903 hu-

2017 2944 2285 3000 militatis
2308 2943 2614 2998 insistebat
2635 2940 2986 3013 vestigiis,ut
3007 2942 3261 2997 nesciam
3289 2957 3360 2995 an
3387 2938 3658 2994 habuerit

2017 3048 2213 3104 parem
2248 3031 2564 3086 neminem.
2600 3031 2692 3084 Sic
2721 3029 2872 3085 hanc
2914 3029 3048 3085 item
3081 3030 3354 3084 virtutem
3386 3029 3651 3095 ornabat,

2017 3125 2080 3176 ut
2111 3120 2242 3192 plus
2291 3120 2420 3192 ipsa
2449 3119 2652 3192 glorise
2701 3124 2874 3191 atque
2914 3118 3318 3174 admirationis
3369 3135 3401 3172 a
3435 3123 3653 3182 nostro,

2019 3227 2195 3281 quam
2228 3213 2429 3265 noster
2457 3208 2528 3265 ab
2559 3208 2681 3275 illa,
2712 3211 3187 3279 consequeretur,
3220 3207 3371 3278 quod
3404 3223 3533 3262 vere
3565 3220 3658 3260 me

2019 3301 2330 3365 afﬁrmare,
2362 3299 2500 3354 hinc
2528 3297 2894 3370 perspicuum
2928 3297 3055 3353 erit.

2084 3389 2477 3461 LXV.Quippe
2491 3389 2539 3444 si
2553 3389 2673 3444 sola
2685 3387 2919 3443 demissi
2936 3394 3106 3458 atque
3121 3385 3357 3442 humilis
3371 3386 3544 3440 animi
3559 3385 3664 3440 vir-

2022 3479 2393 3534 tusstudiose
2407 3478 2920 3549 culta,quanquam
2939 3477 3098 3531 nulla
3112 3476 3344 3531 aliunde
3360 3475 3666 3530 accedente

2022 3568 2218 3639 gloria!
2273 3570 2534 3636 materie,
2587 3568 2816 3624 laudem
2866 3566 3077 3622 ail'ert:
3130 3567 3363 3638 quando
3418 3565 3549 3635 quis
3594 3565 3664 3620 ad

2027 3657 2356 3727 exemplum
2391 3658 2572 3713 nostri
2596 3658 2950 3727 optimarum
2974 3672 3166 3712 rerum
3189 3655 3452 3712 omnium
3483 3655 3667 3725 copiis

2026 3747 2465 3813 circumﬂuens,
2516 3751 2573 3802 et
2604 3745 2930 3800 incredibili
2963 3747 3217 3817 quadam
3259 3745 3665 3808 admiratione,

2027 3853 2090 3889 ac
2124 3836 2334 3888 divinis
2371 3851 2513 3905 pene
2546 3835 2817 3890 laudibus
2859 3835 3077 3906 ubique
3108 3835 3372 3900 allectus,
3409 3832 3669 3887 modeste

2031 3935 2218 3980 tamen
2251 3929 2307 3978 et
2350 3925 2636 3979 submisse
2668 3925 2739 3978 de
2784 3939 2840 3978 se
2873 3923 2982 3979 sibi
3032 3924 3491 3978 existimandum
3543 3925 3671 3976 sta-

2029 4016 2158 4081 tuit,
2189 4017 2243 4068 et
2277 4012 2509 4068 virtutis
2558 4013 2716 4068 illius
2746 4013 2904 4068 haud
2957 4013 3128 4084 paulo
3169 4012 3487 4068 studiosior
3518 4009 3670 4076 aliis,

2033 4103 2251 4159 nullius
2281 4103 2641 4174 ejuscemodi
2690 4103 3037 4173 praestantia:
3083 4101 3194 4157 sibi
3228 4101 3500 4166 consciis,
3534 4108 3621 4155 est
3653 4118 3670 4157 :

2031 4191 2127 4246 ille
2160 4193 2413 4262 profecto
2446 4209 2558 4246 non
2597 4207 2658 4246 se
2709 4193 2911 4262 magis,
2945 4207 3117 4262 quam
3168 4190 3444 4244 virtutem
3479 4189 3668 4260 ipsam

2035 4281 2322 4350 honestat,
2347 4282 2620 4353 omnique
2652 4285 2873 4336 ratione
2903 4281 3207 4335 clariorem
3233 4296 3359 4334 eam
3385 4279 3675 4350 pulchrio-

2033 4387 2268 4442 remque
2302 4370 2510 4424 reddit.
2544 4371 2720 4425 Porro
2753 4376 2814 4424 ut
2844 4368 3140 4440 sigillalim
3192 4383 3674 4438 unumquemque

2033 4461 2324 4525 dilexerit,
2372 4464 2553 4531 utque
2600 4461 2824 4515 viscera
2873 4460 2994 4530 ipsa
3042 4458 3345 4516 charitatis
3399 4457 3675 4529 benigni-

2034 4551 2305 4620 tatisque,
2339 4555 2463 4603 tum
2507 4556 2710 4620 suopte
2747 4553 2944 4604 noster
2989 4547 3241 4619 ingenio,
3277 4554 3398 4602 tum
3431 4546 3674 4600 institu-

269 4638 632 4705 τιποιεῖσθαι,
664 4635 932 4705 ἀλλήλων
991 4647 1051 4689 τε
1093 4635 1387 4710 ἐξάνάγκης
1434 4633 1644 4710 ἔχεται,
1685 4638 1772 4690 καί
1805 4658 1911 4694 πως

2031 4639 2206 4704 tione,
2239 4653 2371 4706 erga
2419 4654 2623 4693 omnes
2673 4638 2868 4699 fuerit,
2913 4637 3302 4692 certissimum
3350 4651 3671 4706 argumen—

269 4729 530 4800 ἑκάτερον
582 4725 822 4798 ἑκατέρῳ
881 4725 1261 4800 συμπράττει·
1325 4725 1414 4779 καὶ
1474 4722 1596 4779 οὔτε
1652 4726 1779 4779 Θεὸν
1843 4725 1916 4786 ὡς

267 4814 406 4893 ἔφην
437 4811 514 4868 ἔνι
547 4811 730 4888 φιλεῖν
767 4814 842 4884 μή
873 4817 954 4884 τῷ
984 4811 1221 4882 πλησίον
1255 4813 1331 4872 ὡς
1361 4811 1504 4873 εῗκὸς
1550 4813 1917 4890 κεχρημένον,

269 4903 386 4960 οὔτ’
443 4901 510 4957 αὖ
557 4901 758 4957 τούτου
809 4900 1113 4978 φροντίζειν
1161 4901 1234 4961 ὡς
1285 4899 1368 4954 δεῖ
1407 4898 1500 4955 τὸν
1548 4899 1920 4976 ἐρῥᾳστωνευ-

269 4993 448 5065 μένως
482 4991 622 5062 πρὸς
672 4990 876 5045 ἐκεῖνον
910 4987 1108 5064 ἔχοντα
1141 5007 1155 5020 ·
1209 4987 1356 5043 ἀλλὰ
1401 4987 1482 5042 δεῖ
1526 4984 1693 5063 λόγον
1734 4989 1918 5045 ἑκατέ-

265 5103 367 5156 ρου
427 5080 525 5135 τὸν
585 5079 902 5154 γιγνόμενον
959 5076 1158 5153 ἴσχειν,
1216 5078 1304 5132 καὶ
1364 5078 1547 5151 ὥσπερ
1599 5077 1769 5132 ἐκεῖνο
1828 5080 1916 5133 καὶ

262 5177 430 5227 τοῦτο
466 5166 793 5237 σπουδάζειν
829 5187 842 5199 ·
896 5167 942 5221 εί
975 5165 1032 5222 δὲ
1067 5169 1144 5240 μὴ
1191 5171 1372 5237 τοῦτο,
1402 5171 1520 5228 πῶς
1566 5167 1760 5235 ἐκεῖνο,
1799 5189 1918 5222 συν-

334 5335 410 5370 ¹⁹’
438 5334 582 5392 Gen.
627 5349 785 5400 xvm,
828 5332 921 5386 27.

263 5423 387 5474 xm,
419 5408 507 5462 14.
588 5405 638 5441 ²⁴
664 5405 832 5462 Deut.
866 5420 945 5472 v1,
974 5403 1010 5458 5
1037 5421 1052 5472 ;
1081 5403 1221 5459 Luc.
1252 5419 1308 5463 x.
1338 5404 1430 5470 27,
1462 5408 1574 5458 etc.

336 5567 417 5640 (2)
446 5566 653 5633 Scribe,
674 5570 732 5622 et
752 5564 929 5640 simul
953 5564 1242 5640 eumdem,
1265 5562 1363 5634 qui
1387 5563 1509 5640 haec
1527 5561 1656 5636 ipsa
1679 5560 1920 5640 dixisset

265 5633 609 5702 Dominum,
641 5639 810 5695 illum
837 5637 1021 5693 animi
1053 5633 1298 5692 sensum
1339 5633 1745 5705 notitiamque,
1775 5634 1919 5704 quod

266 5712 386 5781 ipse
406 5711 565 5767 mitis
605 5716 661 5766 et
706 5708 868 5766 corde
898 5707 1132 5763 humili:
1179 5707 1273 5776 sit,
1306 5707 1552 5776 requiem
1596 5707 1918 5761 animarum

1019 5331 1068 5366 ²⁰
1096 5332 1300 5388 Matth.
1353 5347 1468 5398 xxx,
1503 5331 1610 5399 30;
1659 5347 1756 5398 xx,
1810 5332 1897 5399 16,
1949 5335 2058 5386 etc.

2027 4731 2146 4782 tum
2179 4731 2304 4780 est:
2339 4727 2588 4782 maxime
2618 4727 2853 4798 quidem
2879 4727 3030 4797 quod
3063 4742 3134 4780 ex
3175 4723 3291 4779 Deo
3314 4728 3474 4779 totus
3505 4727 3675 4793 aptus

2028 4823 2201 4881 esset,
2235 4831 2488 4886 eumque
2517 4831 2585 4870 ex
2620 4823 2734 4870 tota
2763 4816 2958 4871 anima
2989 4831 3054 4869 ac
3087 4818 3280 4869 mente
3310 4811 3577 4883 diligeret
3602 4811 3669 4866 ".

2028 4904 2245 4975 Nempe
2280 4905 2371 4958 hic
2421 4905 2542 4976 ipse
2581 4905 2682 4960 Dei
2732 4921 2915 4975 amor,
2948 4908 3005 4960 et
3052 4918 3338 4975 propensa
3385 4918 3520 4973 erga
3567 4901 3674 4957 ho-

2032 4994 2220 5048 mines
2270 4993 2448 5050 animi
2497 4997 2784 5064 voluntas,
2822 4994 3168 5050 necessitate
3215 4993 3468 5064 quadam
3522 4991 3676 5046 inter

2030 5099 2091 5138 se
2123 5084 2433 5149 cohaerent,
2467 5089 2523 5138 et
2569 5089 2773 5141 mutua
2804 5086 2918 5140 fere
2965 5083 3213 5139 invicem
3257 5082 3474 5138 auxilia
3523 5099 3672 5154 prae-

2027 5177 2188 5227 stant
2211 5190 2226 5239 ;
2249 5177 2375 5228 tum
2403 5189 2589 5245 neque
2609 5175 2786 5230 Deum
2812 5176 2891 5229 ita
2915 5178 2975 5227 ut
2991 5173 3417 5238 diximus,vere
3433 5170 3671 5244 diligere

2164 5331 2208 5366 “
2240 5333 2444 5389 Matth.
2495 5349 2572 5400 ιι,
2605 5334 2696 5388 29.
2800 5331 2848 5366 ³²
2878 5331 3088 5402 Philip.
3138 5348 3199 5398 ιι,
3233 5332 3288 5386 7.
3392 5331 3439 5366 ³⁸
3471 5331 3492 5386 Ι
3527 5333 3663 5404 Reg.

2028 5580 2159 5638 esse,
2220 5571 2476 5623 statuere
2530 5567 2899 5638 perspectum
2959 5563 3218 5638 haberet,
3277 5568 3452 5636 atque
3506 5564 3659 5619 hunc

2026 5637 2222 5709 ipsum
2256 5637 2706 5710 praterea’serm’
2735 5637 3382 5722 assumpsisse/armum,
3413 5639 3524 5712 etc.
