  <div class='ocr_page' id='page_1' title='image "/cluster/home/n/w/nwhite01/storage/ocr_20150623/145/mdp.39015061167048/149.png"; bbox 0 0 4092 6300; ppageno 0'>
   <div class='ocr_carea' id='block_1_1' title="bbox 407 303 523 365">
    <p class='ocr_par' dir='ltr' id='par_1_1' title="bbox 407 303 523 365">
     <span class='ocr_line' id='line_1_1' title="bbox 407 303 523 365; baseline 0 0"><span class='ocrx_word' id='word_1_1' title='bbox 407 303 523 365; x_wconf 76' lang='grc'><strong>283</strong></span> 
     </span>
    </p>
   </div>
   <div class='ocr_carea' id='block_1_2' title="bbox 1694 310 2498 374">
    <p class='ocr_par' dir='ltr' id='par_1_2' title="bbox 1694 310 2498 374">
     <span class='ocr_line' id='line_1_2' title="bbox 1694 310 2498 374; baseline 0.001 -3"><span class='ocrx_word' id='word_1_2' title='bbox 1694 310 1901 372; x_wconf 90' lang='grc' dir='ltr'><strong>ΤΗΕο</strong></span> <span class='ocrx_word' id='word_1_3' title='bbox 1914 313 2100 374; x_wconf 92' lang='lat' dir='ltr'><strong>DULI</strong></span> <span class='ocrx_word' id='word_1_4' title='bbox 2144 310 2498 373; x_wconf 84' lang='lat' dir='ltr'><strong>MONACHI</strong></span> 
     </span>
    </p>
   </div>
   <div class='ocr_carea' id='block_1_3' title="bbox 3687 312 3797 372">
    <p class='ocr_par' dir='ltr' id='par_1_3' title="bbox 3687 312 3797 372">
     <span class='ocr_line' id='line_1_3' title="bbox 3687 312 3797 372; baseline -0.036 1"><span class='ocrx_word' id='word_1_5' title='bbox 3687 312 3797 372; x_wconf 74' lang='grc'><strong>284</strong></span> 
     </span>
    </p>
   </div>
   <div class='ocr_carea' id='block_1_4' title="bbox 408 439 2055 524">
    <p class='ocr_par' dir='ltr' id='par_1_4' title="bbox 408 439 2045 514">
     <span class='ocr_line' id='line_1_4' title="bbox 408 439 2045 514; baseline 0.004 -20"><span class='ocrx_word' id='word_1_6' title='bbox 408 442 620 510; x_wconf 78' lang='lat' dir='ltr'><strong>potest,</strong></span> <span class='ocrx_word' id='word_1_7' title='bbox 671 439 770 512; x_wconf 89' lang='lat' dir='ltr'><strong>qui</strong></span> <span class='ocrx_word' id='word_1_8' title='bbox 820 441 1073 497; x_wconf 81' lang='lat' dir='ltr'><strong>debitam</strong></span> <span class='ocrx_word' id='word_1_9' title='bbox 1124 441 1382 514; x_wconf 91' lang='lat' dir='ltr'><strong>proximo</strong></span> <span class='ocrx_word' id='word_1_10' title='bbox 1431 460 1537 499; x_wconf 88' lang='lat' dir='ltr'><strong>suo</strong></span> <span class='ocrx_word' id='word_1_11' title='bbox 1585 445 2045 502; x_wconf 76' lang='lat' dir='ltr'><strong>benevolentiam</strong></span> 
     </span>
    </p>
   </div>
   <div class='ocr_carea' id='block_1_5' title="bbox 2171 439 3798 524">
    <p class='ocr_par' dir='ltr' id='par_1_5' title="bbox 2171 440 3798 524">
     <span class='ocr_line' id='line_1_5' title="bbox 2171 440 3798 524; baseline 0.001 -27"><span class='ocrx_word' id='word_1_12' title='bbox 2171 440 2296 498; x_wconf 84' lang='grc' dir='ltr'>ιδεῖν</span> <span class='ocrx_word' id='word_1_13' title='bbox 2328 445 2428 498; x_wconf 88' lang='grc' dir='ltr'>οὐκ</span> <span class='ocrx_word' id='word_1_14' title='bbox 2457 443 2572 519; x_wconf 83' lang='grc' dir='ltr'><strong>ἔχω</strong></span> <span class='ocrx_word' id='word_1_15' title='bbox 2601 464 2615 477; x_wconf 73' lang='grc'><strong><em>⁸</em></strong></span> <span class='ocrx_word' id='word_1_16' title='bbox 2650 448 2711 502; x_wconf 90' lang='grc' dir='ltr'>Ὁ</span> <span class='ocrx_word' id='word_1_17' title='bbox 2740 446 2845 522; x_wconf 87' lang='grc' dir='ltr'><strong>γὰρ</strong></span> <span class='ocrx_word' id='word_1_18' title='bbox 2875 446 2967 501; x_wconf 87' lang='grc' dir='ltr'>τὸν</span> <span class='ocrx_word' id='word_1_19' title='bbox 2994 444 3253 524; x_wconf 77' lang='grc' dir='ltr'>ἀδελφὸν,</span> <span class='ocrx_word' id='word_1_20' title='bbox 3285 447 3468 524; x_wconf 81' lang='grc' dir='ltr'>φησὶν,</span> <span class='ocrx_word' id='word_1_21' title='bbox 3502 447 3562 502; x_wconf 81' lang='grc' dir='ltr'><strong>’ὸν</strong></span> <span class='ocrx_word' id='word_1_22' title='bbox 3603 447 3798 520; x_wconf 76' lang='grc' dir='ltr'>ἑώρακε</span> 
     </span>
    </p>
   </div>
   <div class='ocr_carea' id='block_1_6' title="bbox 410 530 2054 606">
    <p class='ocr_par' dir='ltr' id='par_1_6' title="bbox 410 530 2054 606">
     <span class='ocr_line' id='line_1_6' title="bbox 410 530 2054 606; baseline 0.005 -23"><span class='ocrx_word' id='word_1_23' title='bbox 410 544 526 585; x_wconf 91' lang='lat' dir='ltr'><strong>non</strong></span> <span class='ocrx_word' id='word_1_24' title='bbox 559 530 772 600; x_wconf 83' lang='lat' dir='ltr'><strong>reddit,</strong></span> <span class='ocrx_word' id='word_1_25' title='bbox 813 545 997 601; x_wconf 90' lang='lat' dir='ltr'><strong>neque</strong></span> <span class='ocrx_word' id='word_1_26' title='bbox 1045 530 1224 602; x_wconf 84' lang='lat' dir='ltr'><strong>hujus</strong></span> <span class='ocrx_word' id='word_1_27' title='bbox 1270 548 1475 588; x_wconf 85' lang='lat' dir='ltr'><strong>rursus</strong></span> <span class='ocrx_word' id='word_1_28' title='bbox 1507 551 1611 606; x_wconf 89' lang='lat' dir='ltr'><strong>pro</strong></span> <span class='ocrx_word' id='word_1_29' title='bbox 1660 552 1728 591; x_wconf 92' lang='lat' dir='ltr'><strong>eo</strong></span> <span class='ocrx_word' id='word_1_30' title='bbox 1774 552 1839 591; x_wconf 90' lang='lat' dir='ltr'><strong>ac</strong></span> <span class='ocrx_word' id='word_1_31' title='bbox 1883 537 2054 592; x_wconf 85' lang='lat' dir='ltr'><strong>debet</strong></span> 
     </span>
    </p>
   </div>
   <div class='ocr_carea' id='block_1_7' title="bbox 409 618 2048 696">
    <p class='ocr_par' dir='ltr' id='par_1_7' title="bbox 409 618 2048 696">
     <span class='ocr_line' id='line_1_7' title="bbox 409 618 2048 696; baseline 0.004 -24"><span class='ocrx_word' id='word_1_32' title='bbox 409 632 611 674; x_wconf 88' lang='lat' dir='ltr'><strong>curam</strong></span> <span class='ocrx_word' id='word_1_33' title='bbox 658 618 894 689; x_wconf 88' lang='lat' dir='ltr'><strong>habere,</strong></span> <span class='ocrx_word' id='word_1_34' title='bbox 925 620 1024 692; x_wconf 87' lang='lat' dir='ltr'><strong>qui</strong></span> <span class='ocrx_word' id='word_1_35' title='bbox 1071 619 1225 676; x_wconf 91' lang='lat' dir='ltr'><strong>circa</strong></span> <span class='ocrx_word' id='word_1_36' title='bbox 1270 621 1453 678; x_wconf 90' lang='lat' dir='ltr'><strong>Deum</strong></span> <span class='ocrx_word' id='word_1_37' title='bbox 1505 623 1893 696; x_wconf 82' lang='lat' dir='ltr'><strong>negligentior</strong></span> <span class='ocrx_word' id='word_1_38' title='bbox 1939 631 2048 680; x_wconf 90' lang='lat' dir='ltr'><strong>est.</strong></span> 
     </span>
    </p>
   </div>
   <div class='ocr_carea' id='block_1_8' title="bbox 409 706 2051 786">
    <p class='ocr_par' dir='ltr' id='par_1_8' title="bbox 409 706 2051 786">
     <span class='ocr_line' id='line_1_8' title="bbox 409 706 2051 786; baseline 0.005 -24"><span class='ocrx_word' id='word_1_39' title='bbox 409 706 510 763; x_wconf 85' lang='lat' dir='ltr'><strong>Est</strong></span> <span class='ocrx_word' id='word_1_40' title='bbox 539 708 692 764; x_wconf 90' lang='lat' dir='ltr'><strong>enim</strong></span> <span class='ocrx_word' id='word_1_41' title='bbox 735 710 900 779; x_wconf 88' lang='lat' dir='ltr'><strong>justa</strong></span> <span class='ocrx_word' id='word_1_42' title='bbox 946 710 1189 765; x_wconf 87' lang='lat' dir='ltr'><strong>omnino</strong></span> <span class='ocrx_word' id='word_1_43' title='bbox 1241 728 1306 766; x_wconf 90' lang='lat' dir='ltr'><strong>ac</strong></span> <span class='ocrx_word' id='word_1_44' title='bbox 1355 715 1706 771; x_wconf 84' lang='lat' dir='ltr'><strong>conveniens</strong></span> <span class='ocrx_word' id='word_1_45' title='bbox 1748 715 2051 786; x_wconf 90' lang='lat' dir='ltr'><strong>utriusque</strong></span> 
     </span>
    </p>
   </div>
   <div class='ocr_carea' id='block_1_9' title="bbox 409 798 2049 870">
    <p class='ocr_par' dir='ltr' id='par_1_9' title="bbox 409 798 2049 870">
     <span class='ocr_line' id='line_1_9' title="bbox 409 798 2049 870; baseline 0.005 -17"><span class='ocrx_word' id='word_1_46' title='bbox 409 798 681 854; x_wconf 88' lang='lat' dir='ltr'><strong>habenda</strong></span> <span class='ocrx_word' id='word_1_47' title='bbox 710 799 874 867; x_wconf 90' lang='lat' dir='ltr'><strong>ratio,</strong></span> <span class='ocrx_word' id='word_1_48' title='bbox 901 804 958 854; x_wconf 92' lang='lat' dir='ltr'><strong>et</strong></span> <span class='ocrx_word' id='word_1_49' title='bbox 1008 804 1074 855; x_wconf 91' lang='lat' dir='ltr'><strong>ut</strong></span> <span class='ocrx_word' id='word_1_50' title='bbox 1104 800 1200 856; x_wconf 89' lang='lat' dir='ltr'><strong>ille</strong></span> <span class='ocrx_word' id='word_1_51' title='bbox 1229 801 1331 858; x_wconf 87' lang='lat' dir='ltr'><strong>Dei</strong></span> <span class='ocrx_word' id='word_1_52' title='bbox 1379 819 1563 870; x_wconf 86' lang='lat' dir='ltr'><strong>amor,</strong></span> <span class='ocrx_word' id='word_1_53' title='bbox 1600 806 1676 861; x_wconf 87' lang='lat' dir='ltr'><strong>ita</strong></span> <span class='ocrx_word' id='word_1_54' title='bbox 1727 805 1846 861; x_wconf 79' lang='lat' dir='ltr'><strong>hch</strong></span> <span class='ocrx_word' id='word_1_55' title='bbox 1878 807 2049 862; x_wconf 90' lang='lat' dir='ltr'><strong>etiam</strong></span> 
     </span>
    </p>
   </div>
   <div class='ocr_carea' id='block_1_10' title="bbox 407 888 2050 967">
    <p class='ocr_par' dir='ltr' id='par_1_10' title="bbox 407 888 2050 967">
     <span class='ocr_line' id='line_1_10' title="bbox 407 888 2050 967; baseline 0.006 -26"><span class='ocrx_word' id='word_1_56' title='bbox 407 888 656 958; x_wconf 84' lang='lat' dir='ltr'><strong>proximi</strong></span> <span class='ocrx_word' id='word_1_57' title='bbox 687 905 827 945; x_wconf 89' lang='lat' dir='ltr'><strong>cura</strong></span> <span class='ocrx_word' id='word_1_58' title='bbox 848 906 1080 946; x_wconf 89' lang='lat' dir='ltr'><strong>summo</strong></span> <span class='ocrx_word' id='word_1_59' title='bbox 1110 891 1303 948; x_wconf 89' lang='lat' dir='ltr'><strong>studio</strong></span> <span class='ocrx_word' id='word_1_60' title='bbox 1331 893 1769 964; x_wconf 89' lang='lat' dir='ltr'><strong>complectenda</strong></span> <span class='ocrx_word' id='word_1_61' title='bbox 1798 899 2050 967; x_wconf 68' lang='lat' dir='ltr'><strong>est,quaa</strong></span> 
     </span>
    </p>
   </div>
   <div class='ocr_carea' id='block_1_11' title="bbox 408 977 2051 1055">
    <p class='ocr_par' dir='ltr' id='par_1_11' title="bbox 408 977 2051 1055">
     <span class='ocr_line' id='line_1_11' title="bbox 408 977 2051 1055; baseline 0.005 -23"><span class='ocrx_word' id='word_1_62' title='bbox 408 977 457 1032; x_wconf 87' lang='lat' dir='ltr'><strong>si</strong></span> <span class='ocrx_word' id='word_1_63' title='bbox 508 977 833 1050; x_wconf 80' lang='lat' dir='ltr'><strong>negligitur,</strong></span> <span class='ocrx_word' id='word_1_64' title='bbox 885 994 1001 1050; x_wconf 89' lang='lat' dir='ltr'><strong>quo</strong></span> <span class='ocrx_word' id='word_1_65' title='bbox 1059 997 1196 1035; x_wconf 83' lang='lat' dir='ltr'><strong>sane</strong></span> <span class='ocrx_word' id='word_1_66' title='bbox 1245 986 1412 1053; x_wconf 89' lang='lat' dir='ltr'><strong>pacto</strong></span> <span class='ocrx_word' id='word_1_67' title='bbox 1461 983 1619 1055; x_wconf 89' lang='lat' dir='ltr'><strong>prior</strong></span> <span class='ocrx_word' id='word_1_68' title='bbox 1675 983 1772 1040; x_wconf 77' lang='lat' dir='ltr'><strong>ille</strong></span> <span class='ocrx_word' id='word_1_69' title='bbox 1816 985 2051 1040; x_wconf 84' lang='lat' dir='ltr'><strong>retineri</strong></span> 
     </span>
    </p>
   </div>
   <div class='ocr_carea' id='block_1_12' title="bbox 408 1067 2045 1144">
    <p class='ocr_par' dir='ltr' id='par_1_12' title="bbox 408 1067 2045 1144">
     <span class='ocr_line' id='line_1_12' title="bbox 408 1067 2045 1144; baseline 0.005 -23"><span class='ocrx_word' id='word_1_70' title='bbox 408 1071 601 1137; x_wconf 81' lang='lat' dir='ltr'><strong>queat,</strong></span> <span class='ocrx_word' id='word_1_71' title='bbox 623 1067 819 1122; x_wconf 79' lang='lat' dir='ltr'><strong>xidere</strong></span> <span class='ocrx_word' id='word_1_72' title='bbox 848 1085 963 1123; x_wconf 91' lang='lat' dir='ltr'><strong>non</strong></span> <span class='ocrx_word' id='word_1_73' title='bbox 988 1085 1224 1140; x_wconf 90' lang='lat' dir='ltr'><strong>possum</strong></span> <span class='ocrx_word' id='word_1_74' title='bbox 1253 1087 1266 1125; x_wconf 94' lang='lat'><strong>:</strong></span> <span class='ocrx_word' id='word_1_75' title='bbox 1292 1071 1436 1127; x_wconf 89' lang='lat' dir='ltr'><strong>Nam</strong></span> <span class='ocrx_word' id='word_1_76' title='bbox 1463 1073 1561 1144; x_wconf 88' lang='lat' dir='ltr'><strong>qui</strong></span> <span class='ocrx_word' id='word_1_77' title='bbox 1587 1073 1823 1129; x_wconf 84' lang='lat' dir='ltr'><strong>fratrem</strong></span> <span class='ocrx_word' id='word_1_78' title='bbox 1849 1091 2045 1142; x_wconf 84' lang='lat' dir='ltr'><strong>suum,</strong></span> 
     </span>
    </p>
   </div>
   <div class='ocr_carea' id='block_1_13' title="bbox 2167 533 3795 611">
    <p class='ocr_par' dir='ltr' id='par_1_13' title="bbox 2167 533 3795 611">
     <span class='ocr_line' id='line_1_13' title="bbox 2167 533 3795 611; baseline 0.002 -25"><span class='ocrx_word' id='word_1_79' title='bbox 2167 535 2241 606; x_wconf 77' lang='grc' dir='ltr'>μὴ</span> <span class='ocrx_word' id='word_1_80' title='bbox 2302 533 2502 608; x_wconf 72' lang='grc' dir='ltr'>φιλῶν,</span> <span class='ocrx_word' id='word_1_81' title='bbox 2561 535 2621 588; x_wconf 78' lang='grc' dir='ltr'><strong>’ὸν</strong></span> <span class='ocrx_word' id='word_1_82' title='bbox 2683 533 2790 610; x_wconf 87' lang='grc' dir='ltr'><strong>οὐχ</strong></span> <span class='ocrx_word' id='word_1_83' title='bbox 2847 535 3052 606; x_wconf 68' lang='grc' dir='ltr'>ἑώρακε</span> <span class='ocrx_word' id='word_1_84' title='bbox 3109 537 3260 609; x_wconf 79' lang='grc' dir='ltr'>Θεὸν,</span> <span class='ocrx_word' id='word_1_85' title='bbox 3317 539 3437 600; x_wconf 82' lang='grc' dir='ltr'><strong>πῶς</strong></span> <span class='ocrx_word' id='word_1_86' title='bbox 3492 537 3795 611; x_wconf 75' lang='grc' dir='ltr'>ἀγαπήσεις</span> 
     </span>
    </p>
   </div>
   <div class='ocr_carea' id='block_1_14' title="bbox 2160 623 3800 700">
    <p class='ocr_par' dir='ltr' id='par_1_14' title="bbox 2160 623 3800 700">
     <span class='ocr_line' id='line_1_14' title="bbox 2160 623 3800 700; baseline -0.001 -22"><span class='ocrx_word' id='word_1_87' title='bbox 2160 625 2382 678; x_wconf 83' lang='grc' dir='ltr'><strong>Ἔπειτα</strong></span> <span class='ocrx_word' id='word_1_88' title='bbox 2429 626 2464 691; x_wconf 80' lang='grc' dir='ltr'><strong>ἡ</strong></span> <span class='ocrx_word' id='word_1_89' title='bbox 2525 625 2807 696; x_wconf 85' lang='grc' dir='ltr'>θαυμαστή</span> <span class='ocrx_word' id='word_1_90' title='bbox 2857 625 2948 678; x_wconf 84' lang='grc' dir='ltr'>καί</span> <span class='ocrx_word' id='word_1_91' title='bbox 3008 623 3214 687; x_wconf 78' lang='grc' dir='ltr'>ἄτοπος</span> <span class='ocrx_word' id='word_1_92' title='bbox 3273 625 3404 700; x_wconf 72' lang='grc' dir='ltr'>ὑπὲρ</span> <span class='ocrx_word' id='word_1_93' title='bbox 3461 633 3561 695; x_wconf 82' lang='grc' dir='ltr'><strong>τῆς</strong></span> <span class='ocrx_word' id='word_1_94' title='bbox 3617 631 3800 692; x_wconf 80' lang='grc' dir='ltr'>κοινῆς</span> 
     </span>
    </p>
   </div>
   <div class='ocr_carea' id='block_1_15' title="bbox 2162 707 3802 792">
    <p class='ocr_par' dir='ltr' id='par_1_15' title="bbox 2162 707 3802 792">
     <span class='ocr_line' id='line_1_15' title="bbox 2162 707 3802 792; baseline 0.001 -27"><span class='ocrx_word' id='word_1_95' title='bbox 2162 713 2436 787; x_wconf 77' lang='grc' dir='ltr'><strong>σωτηρίας</strong></span> <span class='ocrx_word' id='word_1_96' title='bbox 2485 714 2559 775; x_wconf 83' lang='grc' dir='ltr'>ὡς</span> <span class='ocrx_word' id='word_1_97' title='bbox 2618 707 2752 792; x_wconf 74' lang='grc' dir='ltr'>ἔφην</span> <span class='ocrx_word' id='word_1_98' title='bbox 2810 714 3006 770; x_wconf 92' lang='grc' dir='ltr'>τούτου</span> <span class='ocrx_word' id='word_1_99' title='bbox 3065 713 3276 783; x_wconf 81' lang='grc' dir='ltr'>σπουδὴ</span> <span class='ocrx_word' id='word_1_100' title='bbox 3336 715 3426 770; x_wconf 87' lang='grc' dir='ltr'>καὶ</span> <span class='ocrx_word' id='word_1_101' title='bbox 3481 716 3543 770; x_wconf 83' lang='grc' dir='ltr'>τὸ</span> <span class='ocrx_word' id='word_1_102' title='bbox 3603 711 3802 769; x_wconf 83' lang='grc' dir='ltr'>διδόναι</span> 
     </span>
    </p>
   </div>
   <div class='ocr_carea' id='block_1_16' title="bbox 2159 799 3800 880">
    <p class='ocr_par' dir='ltr' id='par_1_16' title="bbox 2159 799 3800 880">
     <span class='ocr_line' id='line_1_16' title="bbox 2159 799 3800 880; baseline 0.002 -26"><span class='ocrx_word' id='word_1_103' title='bbox 2159 805 2290 854; x_wconf 80' lang='grc' dir='ltr'>πᾶσι</span> <span class='ocrx_word' id='word_1_104' title='bbox 2345 799 2558 871; x_wconf 80' lang='grc' dir='ltr'>μᾶλλον</span> <span class='ocrx_word' id='word_1_105' title='bbox 2609 801 2839 858; x_wconf 75' lang='grc' dir='ltr'>ἐνταῦθα</span> <span class='ocrx_word' id='word_1_106' title='bbox 2885 803 2946 858; x_wconf 83' lang='grc' dir='ltr'>τὸ</span> <span class='ocrx_word' id='word_1_107' title='bbox 2996 805 3444 880; x_wconf 76' lang='grc' dir='ltr'><strong>συγκεχωρηκὸς,</strong></span> <span class='ocrx_word' id='word_1_108' title='bbox 3489 805 3523 872; x_wconf 74' lang='grc' dir='ltr'><strong>ἢ</strong></span> <span class='ocrx_word' id='word_1_109' title='bbox 3584 804 3755 874; x_wconf 75' lang='grc' dir='ltr'>ἑαυτῷ</span> <span class='ocrx_word' id='word_1_110' title='bbox 3787 821 3800 834; x_wconf 83' lang='grc'><strong>’</strong></span> 
     </span>
    </p>
   </div>
   <div class='ocr_carea' id='block_1_17' title="bbox 2160 889 3803 967">
    <p class='ocr_par' dir='ltr' id='par_1_17' title="bbox 2160 889 3803 967">
     <span class='ocr_line' id='line_1_17' title="bbox 2160 889 3803 967; baseline 0 -22"><span class='ocrx_word' id='word_1_111' title='bbox 2160 895 2228 961; x_wconf 75' lang='grc' dir='ltr'><strong>ἧς</strong></span> <span class='ocrx_word' id='word_1_112' title='bbox 2284 889 2400 946; x_wconf 81' lang='grc' dir='ltr'>οὐδ’</span> <span class='ocrx_word' id='word_1_113' title='bbox 2456 891 2517 946; x_wconf 76' lang='grc' dir='ltr'><strong>ἂν</strong></span> <span class='ocrx_word' id='word_1_114' title='bbox 2577 895 2658 955; x_wconf 79' lang='grc' dir='ltr'>εἷς</span> <span class='ocrx_word' id='word_1_115' title='bbox 2719 895 2874 967; x_wconf 78' lang='grc' dir='ltr'>οἶμαι</span> <span class='ocrx_word' id='word_1_116' title='bbox 2933 897 3041 947; x_wconf 82' lang='grc' dir='ltr'><strong>τῶν</strong></span> <span class='ocrx_word' id='word_1_117' title='bbox 3099 894 3316 948; x_wconf 83' lang='grc' dir='ltr'>πάντων</span> <span class='ocrx_word' id='word_1_118' title='bbox 3371 891 3601 949; x_wconf 77' lang='grc' dir='ltr'>κάλλιον</span> <span class='ocrx_word' id='word_1_119' title='bbox 3658 891 3803 967; x_wconf 78' lang='grc' dir='ltr'>εὕροι</span> 
     </span>
    </p>
   </div>
   <div class='ocr_carea' id='block_1_18' title="bbox 2161 979 3803 1060">
    <p class='ocr_par' dir='ltr' id='par_1_18' title="bbox 2161 979 3803 1060">
     <span class='ocr_line' id='line_1_18' title="bbox 2161 979 3803 1060; baseline 0 -24"><span class='ocrx_word' id='word_1_120' title='bbox 2161 981 2525 1059; x_wconf 82' lang='grc' dir='ltr'>γνησιότητος</span> <span class='ocrx_word' id='word_1_121' title='bbox 2557 981 2757 1060; x_wconf 84' lang='grc' dir='ltr'>δεῖγμα</span> <span class='ocrx_word' id='word_1_122' title='bbox 2787 979 2902 1038; x_wconf 81' lang='grc' dir='ltr'><strong>οὐδ’</strong></span> <span class='ocrx_word' id='word_1_123' title='bbox 2932 982 3014 1059; x_wconf 76' lang='grc' dir='ltr'><strong>ἐφ’</strong></span> <span class='ocrx_word' id='word_1_124' title='bbox 3053 984 3098 1055; x_wconf 83' lang='grc' dir='ltr'>ᾧ</span> <span class='ocrx_word' id='word_1_125' title='bbox 3145 981 3359 1056; x_wconf 81' lang='grc' dir='ltr'>μᾶλλον</span> <span class='ocrx_word' id='word_1_126' title='bbox 3390 984 3449 1038; x_wconf 77' lang='grc' dir='ltr'><strong>ἅν</strong></span> <span class='ocrx_word' id='word_1_127' title='bbox 3480 1005 3561 1045; x_wconf 89' lang='grc' dir='ltr'><strong>τις</strong></span> <span class='ocrx_word' id='word_1_128' title='bbox 3611 982 3803 1054; x_wconf 73' lang='grc' dir='ltr'><strong>ἡσθείγ⁴</strong></span> 
     </span>
    </p>
   </div>
   <div class='ocr_carea' id='block_1_19' title="bbox 2159 1071 2512 1151">
    <p class='ocr_par' dir='ltr' id='par_1_19' title="bbox 2159 1071 2512 1151">
     <span class='ocr_line' id='line_1_19' title="bbox 2159 1071 2512 1151; baseline 0.006 -25"><span class='ocrx_word' id='word_1_129' title='bbox 2159 1071 2323 1151; x_wconf 76' lang='grc' dir='ltr'>φιλού</span> <span class='ocrx_word' id='word_1_130' title='bbox 2335 1092 2512 1145; x_wconf 87' lang='grc' dir='ltr'>μενος.</span> 
     </span>
    </p>
   </div>
   <div class='ocr_carea' id='block_1_20' title="bbox 405 1155 3806 1234">
    <p class='ocr_par' dir='ltr' id='par_1_20' title="bbox 405 1155 3806 1234">
     <span class='ocr_line' id='line_1_20' title="bbox 405 1155 3806 1234; baseline 0.002 -24"><span class='ocrx_word' id='word_1_131' title='bbox 405 1155 594 1228; x_wconf 80' lang='lat' dir='ltr'><strong>inquit</strong></span> <span class='ocrx_word' id='word_1_132' title='bbox 623 1155 690 1225; x_wconf 82' lang='grc'><strong>³⁵,</strong></span> <span class='ocrx_word' id='word_1_133' title='bbox 724 1172 896 1228; x_wconf 89' lang='lat' dir='ltr'><strong>quem</strong></span> <span class='ocrx_word' id='word_1_134' title='bbox 944 1157 1107 1226; x_wconf 91' lang='lat' dir='ltr'><strong>vidit,</strong></span> <span class='ocrx_word' id='word_1_135' title='bbox 1158 1176 1269 1215; x_wconf 91' lang='lat' dir='ltr'><strong>non</strong></span> <span class='ocrx_word' id='word_1_136' title='bbox 1317 1160 1532 1233; x_wconf 83' lang='lat' dir='ltr'><strong>diligit,</strong></span> <span class='ocrx_word' id='word_1_137' title='bbox 1588 1163 1763 1218; x_wconf 91' lang='lat' dir='ltr'><strong>Deum</strong></span> <span class='ocrx_word' id='word_1_138' title='bbox 1817 1178 1991 1234; x_wconf 86' lang='lat' dir='ltr'><strong>quem</strong></span> <span class='ocrx_word' id='word_1_139' title='bbox 2045 1179 2160 1218; x_wconf 89' lang='lat' dir='ltr'><strong>non</strong></span> <span class='ocrx_word' id='word_1_140' title='bbox 2209 1162 2379 1228; x_wconf 82' lang='lat' dir='ltr'><strong>vidit,</strong></span> <span class='ocrx_word' id='word_1_141' title='bbox 2419 1163 2703 1233; x_wconf 90' lang='lat' dir='ltr'><strong>quomodo</strong></span> <span class='ocrx_word' id='word_1_142' title='bbox 2755 1161 3185 1233; x_wconf 80' lang='lat' dir='ltr'><strong>diliget?Idem</strong></span> <span class='ocrx_word' id='word_1_143' title='bbox 3231 1163 3440 1219; x_wconf 90' lang='lat' dir='ltr'><strong>deinde</strong></span> <span class='ocrx_word' id='word_1_144' title='bbox 3492 1163 3806 1219; x_wconf 78' lang='lat' dir='ltr'><strong>conﬁrmat</strong></span> 
     </span>
    </p>
   </div>
   <div class='ocr_carea' id='block_1_21' title="bbox 403 1244 3803 1325">
    <p class='ocr_par' dir='ltr' id='par_1_21' title="bbox 403 1244 3803 1325">
     <span class='ocr_line' id='line_1_21' title="bbox 403 1244 3803 1325; baseline 0.002 -25"><span class='ocrx_word' id='word_1_145' title='bbox 403 1244 719 1301; x_wconf 86' lang='lat' dir='ltr'><strong>mirificum</strong></span> <span class='ocrx_word' id='word_1_146' title='bbox 776 1247 960 1304; x_wconf 89' lang='lat' dir='ltr'><strong>nostri</strong></span> <span class='ocrx_word' id='word_1_147' title='bbox 1020 1253 1078 1304; x_wconf 91' lang='lat' dir='ltr'><strong>et</strong></span> <span class='ocrx_word' id='word_1_148' title='bbox 1131 1266 1163 1304; x_wconf 90' lang='lat' dir='ltr'><strong>a</strong></span> <span class='ocrx_word' id='word_1_149' title='bbox 1219 1251 1441 1306; x_wconf 87' lang='lat' dir='ltr'><strong>ratione</strong></span> <span class='ocrx_word' id='word_1_150' title='bbox 1495 1250 1777 1322; x_wconf 88' lang='lat' dir='ltr'><strong>alienum,</strong></span> <span class='ocrx_word' id='word_1_151' title='bbox 1835 1255 2168 1308; x_wconf 88' lang='lat' dir='ltr'><strong>communis</strong></span> <span class='ocrx_word' id='word_1_152' title='bbox 2222 1251 2531 1308; x_wconf 89' lang='lat' dir='ltr'><strong>hominum</strong></span> <span class='ocrx_word' id='word_1_153' title='bbox 2589 1252 2820 1323; x_wconf 90' lang='lat' dir='ltr'><strong>salutis,</strong></span> <span class='ocrx_word' id='word_1_154' title='bbox 2853 1254 3008 1325; x_wconf 89' lang='lat' dir='ltr'><strong>quod</strong></span> <span class='ocrx_word' id='word_1_155' title='bbox 3067 1254 3521 1310; x_wconf 82' lang='lat' dir='ltr'><strong>memoravimus</strong></span> <span class='ocrx_word' id='word_1_156' title='bbox 3576 1252 3803 1309; x_wconf 88' lang='lat' dir='ltr'><strong>deside-</strong></span> 
     </span>
    </p>
   </div>
   <div class='ocr_carea' id='block_1_22' title="bbox 400 1351 574 1392">
    <p class='ocr_par' dir='ltr' id='par_1_22' title="bbox 400 1351 574 1392">
     <span class='ocr_line' id='line_1_22' title="bbox 400 1351 574 1392; baseline -0.006 0"><span class='ocrx_word' id='word_1_157' title='bbox 400 1351 574 1392; x_wconf 84' lang='lat' dir='ltr'><strong>num.</strong></span> 
     </span>
    </p>
   </div>
   <div class='ocr_carea' id='block_1_23' title="bbox 477 1425 2044 1504">
    <p class='ocr_par' dir='ltr' id='par_1_23' title="bbox 477 1425 2044 1504">
     <span class='ocr_line' id='line_1_23' title="bbox 477 1425 2044 1504; baseline 0.003 -22"><span class='ocrx_word' id='word_1_158' title='bbox 477 1425 674 1482; x_wconf 84' lang='lat' dir='ltr'><strong>LXVI.</strong></span> <span class='ocrx_word' id='word_1_159' title='bbox 709 1427 778 1481; x_wconf 87' lang='lat' dir='ltr'><strong>Et</strong></span> <span class='ocrx_word' id='word_1_160' title='bbox 825 1429 976 1498; x_wconf 92' lang='lat' dir='ltr'><strong>quod</strong></span> <span class='ocrx_word' id='word_1_161' title='bbox 1024 1428 1086 1484; x_wconf 92' lang='lat' dir='ltr'><strong>in</strong></span> <span class='ocrx_word' id='word_1_162' title='bbox 1138 1445 1205 1484; x_wconf 89' lang='lat' dir='ltr'><strong>ea</strong></span> <span class='ocrx_word' id='word_1_163' title='bbox 1253 1429 1632 1502; x_wconf 90' lang='lat' dir='ltr'><strong>adipiscenda</strong></span> <span class='ocrx_word' id='word_1_164' title='bbox 1678 1431 1806 1488; x_wconf 88' lang='lat' dir='ltr'><strong>aliis</strong></span> <span class='ocrx_word' id='word_1_165' title='bbox 1851 1433 2044 1504; x_wconf 88' lang='lat' dir='ltr'><strong>potius</strong></span> 
     </span>
    </p>
   </div>
   <div class='ocr_carea' id='block_1_24' title="bbox 407 1516 2048 1594">
    <p class='ocr_par' dir='ltr' id='par_1_24' title="bbox 407 1516 2048 1594">
     <span class='ocr_line' id='line_1_24' title="bbox 407 1516 2048 1594; baseline 0.002 -21"><span class='ocrx_word' id='word_1_166' title='bbox 407 1516 682 1573; x_wconf 90' lang='lat' dir='ltr'><strong>omnibus</strong></span> <span class='ocrx_word' id='word_1_167' title='bbox 713 1533 889 1589; x_wconf 89' lang='lat' dir='ltr'><strong>quam</strong></span> <span class='ocrx_word' id='word_1_168' title='bbox 922 1519 1032 1574; x_wconf 89' lang='lat' dir='ltr'><strong>sibi</strong></span> <span class='ocrx_word' id='word_1_169' title='bbox 1058 1520 1308 1592; x_wconf 90' lang='lat' dir='ltr'><strong>priorem</strong></span> <span class='ocrx_word' id='word_1_170' title='bbox 1338 1520 1530 1577; x_wconf 91' lang='lat' dir='ltr'><strong>locum</strong></span> <span class='ocrx_word' id='word_1_171' title='bbox 1564 1522 1882 1594; x_wconf 89' lang='lat' dir='ltr'><strong>dabat,quo</strong></span> <span class='ocrx_word' id='word_1_172' title='bbox 1914 1539 2048 1594; x_wconf 91' lang='lat' dir='ltr'><strong>pro-</strong></span> 
     </span>
    </p>
   </div>
   <div class='ocr_carea' id='block_1_25' title="bbox 410 1607 2050 1684">
    <p class='ocr_par' dir='ltr' id='par_1_25' title="bbox 410 1607 2050 1684">
     <span class='ocr_line' id='line_1_25' title="bbox 410 1607 2050 1684; baseline 0.002 -22"><span class='ocrx_word' id='word_1_173' title='bbox 410 1607 557 1663; x_wconf 87' lang='lat' dir='ltr'><strong>fecto</strong></span> <span class='ocrx_word' id='word_1_174' title='bbox 604 1623 772 1663; x_wconf 91' lang='lat' dir='ltr'><strong>nemo</strong></span> <span class='ocrx_word' id='word_1_175' title='bbox 821 1608 1103 1676; x_wconf 90' lang='lat' dir='ltr'><strong>omnium,</strong></span> <span class='ocrx_word' id='word_1_176' title='bbox 1137 1614 1203 1664; x_wconf 88' lang='lat' dir='ltr'><strong>ut</strong></span> <span class='ocrx_word' id='word_1_177' title='bbox 1241 1609 1524 1677; x_wconf 87' lang='lat' dir='ltr'><strong>arbitror,</strong></span> <span class='ocrx_word' id='word_1_178' title='bbox 1575 1611 1896 1684; x_wconf 90' lang='lat' dir='ltr'><strong>speciosius</strong></span> <span class='ocrx_word' id='word_1_179' title='bbox 1939 1611 2050 1668; x_wconf 90' lang='lat' dir='ltr'><strong>ali-</strong></span> 
     </span>
    </p>
   </div>
   <div class='ocr_carea' id='block_1_26' title="bbox 413 1695 2049 1773">
    <p class='ocr_par' dir='ltr' id='par_1_26' title="bbox 413 1695 2049 1773">
     <span class='ocr_line' id='line_1_26' title="bbox 413 1695 2049 1773; baseline 0.004 -23"><span class='ocrx_word' id='word_1_180' title='bbox 413 1695 567 1766; x_wconf 91' lang='lat' dir='ltr'><strong>quod</strong></span> <span class='ocrx_word' id='word_1_181' title='bbox 601 1711 894 1768; x_wconf 66' lang='lat' dir='ltr'><strong>germanae</strong></span> <span class='ocrx_word' id='word_1_182' title='bbox 926 1697 1226 1753; x_wconf 87' lang='lat' dir='ltr'><strong>charitatis</strong></span> <span class='ocrx_word' id='word_1_183' title='bbox 1258 1699 1542 1770; x_wconf 86' lang='lat' dir='ltr'><strong>specimen</strong></span> <span class='ocrx_word' id='word_1_184' title='bbox 1568 1700 1825 1772; x_wconf 85' lang='lat' dir='ltr'><strong>proferre</strong></span> <span class='ocrx_word' id='word_1_185' title='bbox 1855 1705 2049 1773; x_wconf 85' lang='lat' dir='ltr'><strong>queat,</strong></span> 
     </span>
    </p>
   </div>
   <div class='ocr_carea' id='block_1_27' title="bbox 411 1784 2046 1861">
    <p class='ocr_par' dir='ltr' id='par_1_27' title="bbox 411 1784 2046 1861">
     <span class='ocr_line' id='line_1_27' title="bbox 411 1784 2046 1861; baseline 0.002 -23"><span class='ocrx_word' id='word_1_186' title='bbox 411 1791 466 1838; x_wconf 92' lang='lat' dir='ltr'><strong>et</strong></span> <span class='ocrx_word' id='word_1_187' title='bbox 523 1800 636 1854; x_wconf 90' lang='lat' dir='ltr'><strong>quo</strong></span> <span class='ocrx_word' id='word_1_188' title='bbox 693 1784 884 1857; x_wconf 89' lang='lat' dir='ltr'><strong>magis</strong></span> <span class='ocrx_word' id='word_1_189' title='bbox 940 1785 1000 1840; x_wconf 91' lang='lat' dir='ltr'><strong>in</strong></span> <span class='ocrx_word' id='word_1_190' title='bbox 1071 1786 1205 1841; x_wconf 93' lang='lat' dir='ltr'><strong>sinu</strong></span> <span class='ocrx_word' id='word_1_191' title='bbox 1281 1789 1534 1858; x_wconf 83' lang='lat' dir='ltr'><strong>gaudeat</strong></span> <span class='ocrx_word' id='word_1_192' title='bbox 1609 1789 1706 1860; x_wconf 91' lang='lat' dir='ltr'><strong>qui</strong></span> <span class='ocrx_word' id='word_1_193' title='bbox 1767 1788 2046 1861; x_wconf 80' lang='lat' dir='ltr'><strong>diligitur.</strong></span> 
     </span>
    </p>
   </div>
   <div class='ocr_carea' id='block_1_28' title="bbox 414 1871 2052 1942">
    <p class='ocr_par' dir='ltr' id='par_1_28' title="bbox 414 1871 2052 1942">
     <span class='ocr_line' id='line_1_28' title="bbox 414 1871 2052 1942; baseline 0.004 -16"><span class='ocrx_word' id='word_1_194' title='bbox 414 1872 638 1942; x_wconf 86' lang='lat' dir='ltr'><strong>Quippe</strong></span> <span class='ocrx_word' id='word_1_195' title='bbox 691 1871 740 1927; x_wconf 91' lang='lat' dir='ltr'><strong>si</strong></span> <span class='ocrx_word' id='word_1_196' title='bbox 798 1872 934 1927; x_wconf 92' lang='lat' dir='ltr'><strong>boni</strong></span> <span class='ocrx_word' id='word_1_197' title='bbox 996 1873 1186 1929; x_wconf 86' lang='lat' dir='ltr'><strong>omnis</strong></span> <span class='ocrx_word' id='word_1_198' title='bbox 1260 1891 1492 1931; x_wconf 89' lang='lat' dir='ltr'><strong>summa</strong></span> <span class='ocrx_word' id='word_1_199' title='bbox 1559 1881 1786 1933; x_wconf 66' lang='lat' dir='ltr'><strong>eterna:</strong></span> <span class='ocrx_word' id='word_1_200' title='bbox 1843 1875 2052 1932; x_wconf 87' lang='lat' dir='ltr'><strong>salutis</strong></span> 
     </span>
    </p>
   </div>
   <div class='ocr_carea' id='block_1_29' title="bbox 415 1962 2050 2034">
    <p class='ocr_par' dir='ltr' id='par_1_29' title="bbox 415 1962 2050 2034">
     <span class='ocr_line' id='line_1_29' title="bbox 415 1962 2050 2034; baseline 0.001 -16"><span class='ocrx_word' id='word_1_201' title='bbox 415 1962 644 2032; x_wconf 89' lang='lat' dir='ltr'><strong>adeptio</strong></span> <span class='ocrx_word' id='word_1_202' title='bbox 693 1965 798 2029; x_wconf 87' lang='lat' dir='ltr'><strong>est,</strong></span> <span class='ocrx_word' id='word_1_203' title='bbox 852 1971 914 2017; x_wconf 89' lang='lat' dir='ltr'><strong>ut</strong></span> <span class='ocrx_word' id='word_1_204' title='bbox 959 1963 1082 2018; x_wconf 84' lang='lat' dir='ltr'><strong>sine</strong></span> <span class='ocrx_word' id='word_1_205' title='bbox 1138 1963 1258 2018; x_wconf 91' lang='lat' dir='ltr'><strong>ulla</strong></span> <span class='ocrx_word' id='word_1_206' title='bbox 1307 1966 1701 2022; x_wconf 84' lang='lat' dir='ltr'><strong>controversia</strong></span> <span class='ocrx_word' id='word_1_207' title='bbox 1749 1982 1887 2022; x_wconf 82' lang='lat' dir='ltr'><strong>sane</strong></span> <span class='ocrx_word' id='word_1_208' title='bbox 1943 1969 2050 2034; x_wconf 89' lang='lat' dir='ltr'><strong>est,</strong></span> 
     </span>
    </p>
   </div>
   <div class='ocr_carea' id='block_1_30' title="bbox 415 2054 2051 2129">
    <p class='ocr_par' dir='ltr' id='par_1_30' title="bbox 415 2054 2051 2129">
     <span class='ocr_line' id='line_1_30' title="bbox 415 2054 2051 2129; baseline 0.002 -21"><span class='ocrx_word' id='word_1_209' title='bbox 415 2054 576 2109; x_wconf 89' lang='lat' dir='ltr'><strong>salus</strong></span> <span class='ocrx_word' id='word_1_210' title='bbox 620 2059 812 2109; x_wconf 88' lang='lat' dir='ltr'><strong>autem</strong></span> <span class='ocrx_word' id='word_1_211' title='bbox 863 2054 1029 2111; x_wconf 88' lang='lat' dir='ltr'><strong>aliter</strong></span> <span class='ocrx_word' id='word_1_212' title='bbox 1089 2071 1263 2128; x_wconf 89' lang='lat' dir='ltr'><strong>quam</strong></span> <span class='ocrx_word' id='word_1_213' title='bbox 1321 2056 1435 2113; x_wconf 92' lang='lat' dir='ltr'><strong>Deo</strong></span> <span class='ocrx_word' id='word_1_214' title='bbox 1487 2058 1753 2129; x_wconf 89' lang='lat' dir='ltr'><strong>adjutore</strong></span> <span class='ocrx_word' id='word_1_215' title='bbox 1805 2057 2051 2114; x_wconf 89' lang='lat' dir='ltr'><strong>obtineri</strong></span> 
     </span>
    </p>
   </div>
   <div class='ocr_carea' id='block_1_31' title="bbox 415 2142 2054 2214">
    <p class='ocr_par' dir='ltr' id='par_1_31' title="bbox 415 2142 2054 2214">
     <span class='ocr_line' id='line_1_31' title="bbox 415 2142 2054 2214; baseline 0.003 -18"><span class='ocrx_word' id='word_1_216' title='bbox 415 2142 641 2214; x_wconf 88' lang='lat' dir='ltr'><strong>nequit,</strong></span> <span class='ocrx_word' id='word_1_217' title='bbox 701 2143 1072 2214; x_wconf 83' lang='lat' dir='ltr'><strong>quantumvis</strong></span> <span class='ocrx_word' id='word_1_218' title='bbox 1138 2160 1338 2200; x_wconf 90' lang='lat' dir='ltr'><strong>omnes</strong></span> <span class='ocrx_word' id='word_1_219' title='bbox 1413 2145 1615 2202; x_wconf 92' lang='lat' dir='ltr'><strong>sedulo</strong></span> <span class='ocrx_word' id='word_1_220' title='bbox 1687 2162 2054 2203; x_wconf 83' lang='lat' dir='ltr'><strong>exerceamus</strong></span> 
     </span>
    </p>
   </div>
   <div class='ocr_carea' id='block_1_32' title="bbox 416 2232 2054 2307">
    <p class='ocr_par' dir='ltr' id='par_1_32' title="bbox 416 2232 2054 2307">
     <span class='ocr_line' id='line_1_32' title="bbox 416 2232 2054 2307; baseline 0.002 -20"><span class='ocrx_word' id='word_1_221' title='bbox 416 2232 686 2300; x_wconf 87' lang='lat' dir='ltr'><strong>virtutes,</strong></span> <span class='ocrx_word' id='word_1_222' title='bbox 718 2234 1094 2305; x_wconf 87' lang='lat' dir='ltr'><strong>quantumvis</strong></span> <span class='ocrx_word' id='word_1_223' title='bbox 1124 2235 1372 2291; x_wconf 84' lang='lat' dir='ltr'><strong>ﬂumina</strong></span> <span class='ocrx_word' id='word_1_224' title='bbox 1402 2235 1528 2306; x_wconf 86' lang='lat' dir='ltr'><strong>ipsa</strong></span> <span class='ocrx_word' id='word_1_225' title='bbox 1560 2237 1839 2292; x_wconf 90' lang='lat' dir='ltr'><strong>sudorum</strong></span> <span class='ocrx_word' id='word_1_226' title='bbox 1871 2237 2054 2307; x_wconf 85' lang='lat' dir='ltr'><strong>lacry-</strong></span> 
     </span>
    </p>
   </div>
   <div class='ocr_carea' id='block_1_33' title="bbox 418 2324 2055 2397">
    <p class='ocr_par' dir='ltr' id='par_1_33' title="bbox 418 2324 2055 2397">
     <span class='ocr_line' id='line_1_33' title="bbox 418 2324 2055 2397; baseline 0.004 -22"><span class='ocrx_word' id='word_1_227' title='bbox 418 2337 762 2394; x_wconf 75' lang='lat' dir='ltr'><strong>merumque</strong></span> <span class='ocrx_word' id='word_1_228' title='bbox 792 2324 1238 2393; x_wconf 81' lang='lat' dir='ltr'><strong>profundamus,</strong></span> <span class='ocrx_word' id='word_1_229' title='bbox 1272 2324 1371 2396; x_wconf 93' lang='lat' dir='ltr'><strong>qui</strong></span> <span class='ocrx_word' id='word_1_230' title='bbox 1404 2326 1585 2381; x_wconf 92' lang='lat' dir='ltr'><strong>Deum</strong></span> <span class='ocrx_word' id='word_1_231' title='bbox 1628 2326 1898 2397; x_wconf 91' lang='lat' dir='ltr'><strong>precibus</strong></span> <span class='ocrx_word' id='word_1_232' title='bbox 1931 2327 2055 2382; x_wconf 90' lang='lat' dir='ltr'><strong>suis</strong></span> 
     </span>
    </p>
   </div>
   <div class='ocr_carea' id='block_1_34' title="bbox 415 2410 2052 2488">
    <p class='ocr_par' dir='ltr' id='par_1_34' title="bbox 415 2410 2052 2488">
     <span class='ocr_line' id='line_1_34' title="bbox 415 2410 2052 2488; baseline 0.001 -20"><span class='ocrx_word' id='word_1_233' title='bbox 415 2410 546 2468; x_wconf 87' lang='lat' dir='ltr'><strong>aliis</strong></span> <span class='ocrx_word' id='word_1_234' title='bbox 578 2413 764 2485; x_wconf 86' lang='lat' dir='ltr'><strong>magis</strong></span> <span class='ocrx_word' id='word_1_235' title='bbox 796 2429 974 2485; x_wconf 90' lang='lat' dir='ltr'><strong>quam</strong></span> <span class='ocrx_word' id='word_1_236' title='bbox 1008 2413 1117 2468; x_wconf 91' lang='lat' dir='ltr'><strong>sibi</strong></span> <span class='ocrx_word' id='word_1_237' title='bbox 1170 2413 1537 2486; x_wconf 86' lang='lat' dir='ltr'><strong>propitiabat,</strong></span> <span class='ocrx_word' id='word_1_238' title='bbox 1573 2433 1689 2488; x_wconf 95' lang='lat' dir='ltr'><strong>quo</strong></span> <span class='ocrx_word' id='word_1_239' title='bbox 1741 2419 1906 2486; x_wconf 87' lang='lat' dir='ltr'><strong>pacto</strong></span> <span class='ocrx_word' id='word_1_240' title='bbox 1939 2433 2052 2472; x_wconf 91' lang='lat' dir='ltr'><strong>non</strong></span> 
     </span>
    </p>
   </div>
   <div class='ocr_carea' id='block_1_35' title="bbox 415 2501 2054 2575">
    <p class='ocr_par' dir='ltr' id='par_1_35' title="bbox 415 2501 2054 2575">
     <span class='ocr_line' id='line_1_35' title="bbox 415 2501 2054 2575; baseline 0.002 -18"><span class='ocrx_word' id='word_1_241' title='bbox 415 2517 643 2559; x_wconf 88' lang='lat' dir='ltr'><strong>omnem</strong></span> <span class='ocrx_word' id='word_1_242' title='bbox 676 2501 771 2557; x_wconf 91' lang='lat' dir='ltr'><strong>ille</strong></span> <span class='ocrx_word' id='word_1_243' title='bbox 818 2501 1231 2558; x_wconf 68' lang='lat' dir='ltr'><strong>benevolentiae</strong></span> <span class='ocrx_word' id='word_1_244' title='bbox 1277 2505 1571 2575; x_wconf 80' lang='lat' dir='ltr'><strong>egreditur</strong></span> <span class='ocrx_word' id='word_1_245' title='bbox 1602 2505 1866 2572; x_wconf 90' lang='lat' dir='ltr'><strong>modum,</strong></span> <span class='ocrx_word' id='word_1_246' title='bbox 1897 2510 1954 2561; x_wconf 90' lang='lat' dir='ltr'><strong>et</strong></span> <span class='ocrx_word' id='word_1_247' title='bbox 1981 2506 2054 2562; x_wconf 93' lang='lat' dir='ltr'><strong>ob</strong></span> 
     </span>
    </p>
   </div>
   <div class='ocr_carea' id='block_1_36' title="bbox 412 2590 2051 2651">
    <p class='ocr_par' dir='ltr' id='par_1_36' title="bbox 412 2590 2051 2651">
     <span class='ocr_line' id='line_1_36' title="bbox 412 2590 2051 2651; baseline 0.001 -5"><span class='ocrx_word' id='word_1_248' title='bbox 412 2590 566 2649; x_wconf 91' lang='lat' dir='ltr'><strong>hanc</strong></span> <span class='ocrx_word' id='word_1_249' title='bbox 615 2608 784 2648; x_wconf 88' lang='lat' dir='ltr'><strong>suam</strong></span> <span class='ocrx_word' id='word_1_250' title='bbox 835 2592 1296 2648; x_wconf 86' lang='lat' dir='ltr'><strong>obsecrationem</strong></span> <span class='ocrx_word' id='word_1_251' title='bbox 1350 2593 1407 2648; x_wconf 92' lang='lat' dir='ltr'><strong>in</strong></span> <span class='ocrx_word' id='word_1_252' title='bbox 1465 2595 1716 2649; x_wconf 85' lang='lat' dir='ltr'><strong>maxima</strong></span> <span class='ocrx_word' id='word_1_253' title='bbox 1756 2595 2051 2651; x_wconf 90' lang='lat' dir='ltr'><strong>hominem</strong></span> 
     </span>
    </p>
   </div>
   <div class='ocr_carea' id='block_1_37' title="bbox 411 2680 2055 2757">
    <p class='ocr_par' dir='ltr' id='par_1_37' title="bbox 411 2680 2055 2757">
     <span class='ocr_line' id='line_1_37' title="bbox 411 2680 2055 2757; baseline 0.001 -21"><span class='ocrx_word' id='word_1_254' title='bbox 411 2680 796 2736; x_wconf 85' lang='lat' dir='ltr'><strong>admiratione</strong></span> <span class='ocrx_word' id='word_1_255' title='bbox 822 2681 1055 2752; x_wconf 88' lang='lat' dir='ltr'><strong>habere,</strong></span> <span class='ocrx_word' id='word_1_256' title='bbox 1079 2683 1277 2756; x_wconf 90' lang='lat' dir='ltr'><strong>illique</strong></span> <span class='ocrx_word' id='word_1_257' title='bbox 1298 2684 1693 2757; x_wconf 89' lang='lat' dir='ltr'><strong>congratulari</strong></span> <span class='ocrx_word' id='word_1_258' title='bbox 1729 2683 2003 2740; x_wconf 89' lang='lat' dir='ltr'><strong>debemus</strong></span> <span class='ocrx_word' id='word_1_259' title='bbox 2027 2683 2055 2737; x_wconf 92' lang='lat'><strong>?</strong></span> 
     </span>
    </p>
   </div>
   <div class='ocr_carea' id='block_1_38' title="bbox 309 2770 2054 2846">
    <p class='ocr_par' dir='ltr' id='par_1_38' title="bbox 309 2770 2054 2846">
     <span class='ocr_line' id='line_1_38' title="bbox 309 2770 2054 2846; baseline 0.001 -21"><span class='ocrx_word' id='word_1_260' title='bbox 309 2841 313 2845; x_wconf 12' lang='lat' dir='ltr'><strong>t</strong></span> <span class='ocrx_word' id='word_1_261' title='bbox 413 2770 590 2826; x_wconf 89' lang='lat' dir='ltr'><strong>Porro</strong></span> <span class='ocrx_word' id='word_1_262' title='bbox 639 2770 689 2826; x_wconf 89' lang='lat' dir='ltr'><strong>si</strong></span> <span class='ocrx_word' id='word_1_263' title='bbox 745 2771 906 2828; x_wconf 87' lang='lat' dir='ltr'><strong>hisce</strong></span> <span class='ocrx_word' id='word_1_264' title='bbox 954 2773 1219 2846; x_wconf 82' lang='lat' dir='ltr'><strong>adjicias,</strong></span> <span class='ocrx_word' id='word_1_265' title='bbox 1273 2774 1426 2846; x_wconf 89' lang='lat' dir='ltr'><strong>quod</strong></span> <span class='ocrx_word' id='word_1_266' title='bbox 1483 2789 1550 2828; x_wconf 90' lang='lat' dir='ltr'><strong>eo</strong></span> <span class='ocrx_word' id='word_1_267' title='bbox 1598 2789 1732 2845; x_wconf 88' lang='lat' dir='ltr'><strong>erga</strong></span> <span class='ocrx_word' id='word_1_268' title='bbox 1784 2773 2054 2828; x_wconf 90' lang='lat' dir='ltr'><strong>inimicos</strong></span> 
     </span>
    </p>
   </div>
   <div class='ocr_carea' id='block_1_39' title="bbox 416 2861 2054 2929">
    <p class='ocr_par' dir='ltr' id='par_1_39' title="bbox 416 2861 2054 2929">
     <span class='ocr_line' id='line_1_39' title="bbox 416 2861 2054 2929; baseline 0.001 -15"><span class='ocrx_word' id='word_1_269' title='bbox 416 2875 555 2916; x_wconf 91' lang='lat' dir='ltr'><strong>suos</strong></span> <span class='ocrx_word' id='word_1_270' title='bbox 587 2861 783 2916; x_wconf 83' lang='lat' dir='ltr'><strong>animo</strong></span> <span class='ocrx_word' id='word_1_271' title='bbox 821 2869 1000 2929; x_wconf 90' lang='lat' dir='ltr'><strong>esset,</strong></span> <span class='ocrx_word' id='word_1_272' title='bbox 1034 2870 1096 2918; x_wconf 91' lang='lat' dir='ltr'><strong>ut</strong></span> <span class='ocrx_word' id='word_1_273' title='bbox 1149 2862 1286 2919; x_wconf 90' lang='lat' dir='ltr'><strong>illos</strong></span> <span class='ocrx_word' id='word_1_274' title='bbox 1329 2879 1446 2918; x_wconf 91' lang='lat' dir='ltr'><strong>non</strong></span> <span class='ocrx_word' id='word_1_275' title='bbox 1476 2863 1650 2919; x_wconf 91' lang='lat' dir='ltr'><strong>modo</strong></span> <span class='ocrx_word' id='word_1_276' title='bbox 1694 2878 1810 2918; x_wconf 89' lang='lat' dir='ltr'><strong>non</strong></span> <span class='ocrx_word' id='word_1_277' title='bbox 1856 2861 2054 2916; x_wconf 90' lang='lat' dir='ltr'><strong>minus</strong></span> 
     </span>
    </p>
   </div>
   <div class='ocr_carea' id='block_1_40' title="bbox 416 2949 2052 3024">
    <p class='ocr_par' dir='ltr' id='par_1_40' title="bbox 416 2949 2052 3024">
     <span class='ocr_line' id='line_1_40' title="bbox 416 2949 2052 3024; baseline 0.001 -19"><span class='ocrx_word' id='word_1_278' title='bbox 416 2949 623 3006; x_wconf 85' lang='lat' dir='ltr'><strong>choros</strong></span> <span class='ocrx_word' id='word_1_279' title='bbox 646 2966 820 3022; x_wconf 86' lang='lat' dir='ltr'><strong>quam</strong></span> <span class='ocrx_word' id='word_1_280' title='bbox 844 2969 1019 3007; x_wconf 91' lang='lat' dir='ltr'><strong>suum</strong></span> <span class='ocrx_word' id='word_1_281' title='bbox 1041 2952 1167 3024; x_wconf 88' lang='lat' dir='ltr'><strong>ipse</strong></span> <span class='ocrx_word' id='word_1_282' title='bbox 1185 2957 1353 3024; x_wconf 89' lang='lat' dir='ltr'><strong>caput</strong></span> <span class='ocrx_word' id='word_1_283' title='bbox 1373 2950 1851 3024; x_wconf 89' lang='lat' dir='ltr'><strong>vitamque,quod</strong></span> <span class='ocrx_word' id='word_1_284' title='bbox 1869 2952 2052 3019; x_wconf 88' lang='lat' dir='ltr'><strong>aiunt,</strong></span> 
     </span>
    </p>
   </div>
   <div class='ocr_carea' id='block_1_41' title="bbox 2225 1428 3802 1510">
    <p class='ocr_par' dir='ltr' id='par_1_41' title="bbox 2225 1428 3802 1510">
     <span class='ocr_line' id='line_1_41' title="bbox 2225 1428 3802 1510; baseline 0 -26"><span class='ocrx_word' id='word_1_285' title='bbox 2225 1431 2374 1504; x_wconf 74' lang='grc' dir='ltr'><strong>Ξς’.</strong></span> <span class='ocrx_word' id='word_1_286' title='bbox 2409 1428 2471 1486; x_wconf 80' lang='grc' dir='ltr'><strong>Εἴ</strong></span> <span class='ocrx_word' id='word_1_287' title='bbox 2501 1431 2605 1506; x_wconf 80' lang='grc' dir='ltr'><strong>γὰρ</strong></span> <span class='ocrx_word' id='word_1_288' title='bbox 2646 1431 2843 1494; x_wconf 86' lang='grc' dir='ltr'>παντὸς</span> <span class='ocrx_word' id='word_1_289' title='bbox 2892 1431 2986 1505; x_wconf 71' lang='grc' dir='ltr'>μὲν</span> <span class='ocrx_word' id='word_1_290' title='bbox 3019 1432 3229 1507; x_wconf 76' lang='grc' dir='ltr'>ἃγαθοῦ</span> <span class='ocrx_word' id='word_1_291' title='bbox 3276 1428 3573 1510; x_wconf 80' lang='grc' dir='ltr'>κεφάλαιον</span> <span class='ocrx_word' id='word_1_292' title='bbox 3603 1431 3666 1485; x_wconf 84' lang='grc' dir='ltr'>τὸ</span> <span class='ocrx_word' id='word_1_293' title='bbox 3716 1451 3802 1484; x_wconf 82' lang='grc' dir='ltr'><strong>σε-</strong></span> 
     </span>
    </p>
   </div>
   <div class='ocr_carea' id='block_1_42' title="bbox 2159 1516 3804 1595">
    <p class='ocr_par' dir='ltr' id='par_1_42' title="bbox 2159 1516 3804 1595">
     <span class='ocr_line' id='line_1_42' title="bbox 2159 1516 3804 1595; baseline 0 -21"><span class='ocrx_word' id='word_1_294' title='bbox 2159 1522 2360 1574; x_wconf 82' lang='grc' dir='ltr'>σῶσθαι</span> <span class='ocrx_word' id='word_1_295' title='bbox 2393 1537 2407 1553; x_wconf 90' lang='grc'><strong>·</strong></span> <span class='ocrx_word' id='word_1_296' title='bbox 2441 1522 2556 1581; x_wconf 79' lang='grc' dir='ltr'><strong>πῶς</strong></span> <span class='ocrx_word' id='word_1_297' title='bbox 2584 1520 2686 1594; x_wconf 77' lang='grc' dir='ltr'><strong>γὰρ</strong></span> <span class='ocrx_word' id='word_1_298' title='bbox 2735 1516 2838 1587; x_wconf 67' lang='lat' dir='ltr'><strong>aii;</strong></span> <span class='ocrx_word' id='word_1_299' title='bbox 2886 1523 3047 1575; x_wconf 79' lang='grc' dir='ltr'>τοῦτο</span> <span class='ocrx_word' id='word_1_300' title='bbox 3099 1519 3156 1575; x_wconf 76' lang='grc' dir='ltr'><strong>δὲ</strong></span> <span class='ocrx_word' id='word_1_301' title='bbox 3187 1520 3285 1576; x_wconf 90' lang='grc' dir='ltr'><strong>οὐκ</strong></span> <span class='ocrx_word' id='word_1_302' title='bbox 3327 1520 3390 1576; x_wconf 84' lang='grc' dir='ltr'><strong>ἃν</strong></span> <span class='ocrx_word' id='word_1_303' title='bbox 3431 1518 3620 1582; x_wconf 75' lang='grc' dir='ltr'>ἄλλως</span> <span class='ocrx_word' id='word_1_304' title='bbox 3669 1539 3804 1595; x_wconf 56' lang='grc' dir='ltr'>παρ.</span> 
     </span>
    </p>
   </div>
   <div class='ocr_carea' id='block_1_43' title="bbox 2158 1607 3805 1685">
    <p class='ocr_par' dir='ltr' id='par_1_43' title="bbox 2158 1607 3805 1685">
     <span class='ocr_line' id='line_1_43' title="bbox 2158 1607 3805 1685; baseline -0.003 -20"><span class='ocrx_word' id='word_1_305' title='bbox 2158 1609 2266 1682; x_wconf 88' lang='grc' dir='ltr'>είη,</span> <span class='ocrx_word' id='word_1_306' title='bbox 2304 1611 2380 1685; x_wconf 77' lang='grc' dir='ltr'>μὴ</span> <span class='ocrx_word' id='word_1_307' title='bbox 2431 1607 2822 1684; x_wconf 69' lang='grc' dir='ltr'>συναιρομένου</span> <span class='ocrx_word' id='word_1_308' title='bbox 2869 1613 3026 1680; x_wconf 79' lang='grc' dir='ltr'>Θεοῦ,</span> <span class='ocrx_word' id='word_1_309' title='bbox 3057 1608 3153 1663; x_wconf 66' lang='grc' dir='ltr'><strong>κᾶν</strong></span> <span class='ocrx_word' id='word_1_310' title='bbox 3193 1614 3365 1664; x_wconf 82' lang='grc' dir='ltr'>πᾶσαν</span> <span class='ocrx_word' id='word_1_311' title='bbox 3415 1610 3562 1682; x_wconf 81' lang='grc' dir='ltr'>ὦμεν</span> <span class='ocrx_word' id='word_1_312' title='bbox 3609 1608 3805 1682; x_wconf 76' lang='grc' dir='ltr'>ἀρετὴν</span> 
     </span>
    </p>
   </div>
   <div class='ocr_carea' id='block_1_44' title="bbox 2161 1694 3801 1771">
    <p class='ocr_par' dir='ltr' id='par_1_44' title="bbox 2161 1694 3801 1771">
     <span class='ocr_line' id='line_1_44' title="bbox 2161 1694 3801 1771; baseline -0.003 -17"><span class='ocrx_word' id='word_1_313' title='bbox 2161 1697 2489 1770; x_wconf 78' lang='grc' dir='ltr'><strong>ἠσκηκότες,</strong></span> <span class='ocrx_word' id='word_1_314' title='bbox 2549 1694 2644 1752; x_wconf 79' lang='grc' dir='ltr'><strong>κᾶν</strong></span> <span class='ocrx_word' id='word_1_315' title='bbox 2721 1695 3007 1770; x_wconf 78' lang='grc' dir='ltr'>ποταμοὺς</span> <span class='ocrx_word' id='word_1_316' title='bbox 3085 1695 3334 1771; x_wconf 74' lang='grc' dir='ltr'>ἱδρώτων</span> <span class='ocrx_word' id='word_1_317' title='bbox 3401 1695 3490 1751; x_wconf 83' lang='grc' dir='ltr'>καί</span> <span class='ocrx_word' id='word_1_318' title='bbox 3557 1694 3801 1769; x_wconf 79' lang='grc' dir='ltr'>δακρύων</span> 
     </span>
    </p>
   </div>
   <div class='ocr_carea' id='block_1_45' title="bbox 2162 1783 3804 1864">
    <p class='ocr_par' dir='ltr' id='par_1_45' title="bbox 2162 1783 3804 1864">
     <span class='ocr_line' id='line_1_45' title="bbox 2162 1783 3804 1864; baseline -0.003 -20"><span class='ocrx_word' id='word_1_319' title='bbox 2162 1789 2465 1864; x_wconf 80' lang='grc' dir='ltr'>ὲκχὲωμεν,</span> <span class='ocrx_word' id='word_1_320' title='bbox 2499 1789 2528 1842; x_wconf 87' lang='grc' dir='ltr'>ὁ</span> <span class='ocrx_word' id='word_1_321' title='bbox 2572 1790 2763 1842; x_wconf 79' lang='grc' dir='ltr'>τοῦτον</span> <span class='ocrx_word' id='word_1_322' title='bbox 2797 1791 2914 1849; x_wconf 85' lang='grc' dir='ltr'>τοῖς</span> <span class='ocrx_word' id='word_1_323' title='bbox 2965 1783 3161 1848; x_wconf 81' lang='grc' dir='ltr'>ἄλλοις</span> <span class='ocrx_word' id='word_1_324' title='bbox 3197 1785 3412 1860; x_wconf 80' lang='grc' dir='ltr'>μᾶλλον</span> <span class='ocrx_word' id='word_1_325' title='bbox 3453 1788 3488 1856; x_wconf 78' lang='grc' dir='ltr'><strong>ἢ</strong></span> <span class='ocrx_word' id='word_1_326' title='bbox 3530 1785 3705 1859; x_wconf 78' lang='grc' dir='ltr'>ἐαυτῷ</span> <span class='ocrx_word' id='word_1_327' title='bbox 3738 1783 3804 1840; x_wconf 83' lang='grc' dir='ltr'>δι’</span> 
     </span>
    </p>
   </div>
   <div class='ocr_carea' id='block_1_46' title="bbox 2162 1872 3808 1952">
    <p class='ocr_par' dir='ltr' id='par_1_46' title="bbox 2162 1872 3808 1952">
     <span class='ocr_line' id='line_1_46' title="bbox 2162 1872 3808 1952; baseline -0.003 -19"><span class='ocrx_word' id='word_1_328' title='bbox 2162 1880 2236 1933; x_wconf 84' lang='grc' dir='ltr'>ὧν</span> <span class='ocrx_word' id='word_1_329' title='bbox 2298 1875 2467 1932; x_wconf 79' lang='grc' dir='ltr'>δεῖται</span> <span class='ocrx_word' id='word_1_330' title='bbox 2524 1877 2692 1939; x_wconf 84' lang='grc' dir='ltr'>τιθεὶς</span> <span class='ocrx_word' id='word_1_331' title='bbox 2758 1872 2985 1948; x_wconf 72' lang='grc' dir='ltr'>εὐμενῆ,</span> <span class='ocrx_word' id='word_1_332' title='bbox 3029 1879 3146 1938; x_wconf 85' lang='grc' dir='ltr'><strong>πῶς</strong></span> <span class='ocrx_word' id='word_1_333' title='bbox 3201 1875 3262 1931; x_wconf 87' lang='grc' dir='ltr'>οὐ</span> <span class='ocrx_word' id='word_1_334' title='bbox 3321 1876 3520 1938; x_wconf 83' lang='grc' dir='ltr'>πάντας</span> <span class='ocrx_word' id='word_1_335' title='bbox 3575 1875 3808 1952; x_wconf 78' lang='grc' dir='ltr'><strong>τρόπους</strong></span> 
     </span>
    </p>
   </div>
   <div class='ocr_carea' id='block_1_47' title="bbox 2163 1963 3807 2040">
    <p class='ocr_par' dir='ltr' id='par_1_47' title="bbox 2163 1963 3807 2040">
     <span class='ocr_line' id='line_1_47' title="bbox 2163 1963 3807 2040; baseline -0.002 -18"><span class='ocrx_word' id='word_1_336' title='bbox 2163 1968 2374 2031; x_wconf 80' lang='grc' dir='ltr'><strong>εὐνοίας</strong></span> <span class='ocrx_word' id='word_1_337' title='bbox 2421 1966 2604 2021; x_wconf 80' lang='grc' dir='ltr'>οὑτοσὶ</span> <span class='ocrx_word' id='word_1_338' title='bbox 2659 1963 3009 2040; x_wconf 86' lang='grc' dir='ltr'>παρελαύνει.</span> <span class='ocrx_word' id='word_1_339' title='bbox 3066 1967 3164 2021; x_wconf 76' lang='grc' dir='ltr'>Καὶ</span> <span class='ocrx_word' id='word_1_340' title='bbox 3219 1963 3301 2020; x_wconf 82' lang='grc' dir='ltr'><strong>δεῖ</strong></span> <span class='ocrx_word' id='word_1_341' title='bbox 3347 1969 3538 2021; x_wconf 79' lang='grc' dir='ltr'>τοῦτον</span> <span class='ocrx_word' id='word_1_342' title='bbox 3599 1966 3807 2038; x_wconf 82' lang='grc' dir='ltr'>θαυμά-</span> 
     </span>
    </p>
   </div>
   <div class='ocr_carea' id='block_1_48' title="bbox 2166 2052 3805 2131">
    <p class='ocr_par' dir='ltr' id='par_1_48' title="bbox 2166 2052 3805 2131">
     <span class='ocr_line' id='line_1_48' title="bbox 2166 2052 3805 2131; baseline -0.002 -19"><span class='ocrx_word' id='word_1_343' title='bbox 2166 2065 2272 2127; x_wconf 82' lang='grc' dir='ltr'>ζειν</span> <span class='ocrx_word' id='word_1_344' title='bbox 2330 2077 2389 2112; x_wconf 89' lang='grc' dir='ltr'><strong>τε</strong></span> <span class='ocrx_word' id='word_1_345' title='bbox 2443 2055 2534 2110; x_wconf 83' lang='grc' dir='ltr'><strong>καὶ</strong></span> <span class='ocrx_word' id='word_1_346' title='bbox 2588 2053 2899 2131; x_wconf 73' lang='grc' dir='ltr'>ξυγχαίρειν</span> <span class='ocrx_word' id='word_1_347' title='bbox 2957 2054 3188 2125; x_wconf 87' lang='grc' dir='ltr'>ταυτησὶ</span> <span class='ocrx_word' id='word_1_348' title='bbox 3243 2061 3344 2124; x_wconf 83' lang='grc' dir='ltr'><strong>τῆς</strong></span> <span class='ocrx_word' id='word_1_349' title='bbox 3399 2052 3805 2130; x_wconf 81' lang='grc' dir='ltr'>προκλήσεως’</span> 
     </span>
    </p>
   </div>
   <div class='ocr_carea' id='block_1_49' title="bbox 2166 2141 3806 2220">
    <p class='ocr_par' dir='ltr' id='par_1_49' title="bbox 2166 2141 3806 2220">
     <span class='ocr_line' id='line_1_49' title="bbox 2291 2141 3635 2166; baseline -0.001 -3"><span class='ocrx_word' id='word_1_350' title='bbox 2291 2147 2306 2166; x_wconf 60' lang='grc' dir='ltr'><strong>ς</strong></span> <span class='ocrx_word' id='word_1_351' title='bbox 2437 2144 2451 2162; x_wconf 71' lang='grc'><strong>1</strong></span> <span class='ocrx_word' id='word_1_352' title='bbox 2539 2144 2555 2162; x_wconf 63' lang='grc' dir='ltr'><strong>ς</strong></span> <span class='ocrx_word' id='word_1_353' title='bbox 2707 2144 2722 2165; x_wconf 60' lang='grc' dir='ltr'>κ</span> <span class='ocrx_word' id='word_1_354' title='bbox 2843 2143 2858 2162; x_wconf 59' lang='grc' dir='ltr'><strong><em>κ</em></strong></span> <span class='ocrx_word' id='word_1_355' title='bbox 3127 2141 3141 2160; x_wconf 65' lang='grc' dir='ltr'><strong>ι</strong></span> <span class='ocrx_word' id='word_1_356' title='bbox 3265 2141 3284 2160; x_wconf 71' lang='grc' dir='ltr'><strong>ι</strong></span> <span class='ocrx_word' id='word_1_357' title='bbox 3335 2145 3349 2161; x_wconf 67' lang='grc' dir='ltr'><strong>ι</strong></span> <span class='ocrx_word' id='word_1_358' title='bbox 3478 2145 3492 2166; x_wconf 68' lang='grc' dir='ltr'><strong>ρ</strong></span> <span class='ocrx_word' id='word_1_359' title='bbox 3620 2143 3635 2162; x_wconf 61' lang='grc' dir='ltr'><strong>κ</strong></span> 
     </span>
     <span class='ocr_line' id='line_1_50' title="bbox 2166 2141 3806 2220; baseline -0.002 -20"><span class='ocrx_word' id='word_1_360' title='bbox 2166 2147 2211 2201; x_wconf 80' lang='grc' dir='ltr'>εἶ</span> <span class='ocrx_word' id='word_1_361' title='bbox 2261 2144 2316 2201; x_wconf 84' lang='grc' dir='ltr'>δε</span> <span class='ocrx_word' id='word_1_362' title='bbox 2363 2167 2455 2200; x_wconf 87' lang='grc' dir='ltr'><strong>και</strong></span> <span class='ocrx_word' id='word_1_363' title='bbox 2499 2165 2564 2198; x_wconf 89' lang='grc' dir='ltr'><strong>τα</strong></span> <span class='ocrx_word' id='word_1_364' title='bbox 2602 2164 2724 2220; x_wconf 88' lang='grc' dir='ltr'>περι</span> <span class='ocrx_word' id='word_1_365' title='bbox 2774 2165 2903 2206; x_wconf 89' lang='grc' dir='ltr'>τους</span> <span class='ocrx_word' id='word_1_366' title='bbox 2953 2142 3187 2218; x_wconf 83' lang='grc' dir='ltr'>ἐχθρους</span> <span class='ocrx_word' id='word_1_367' title='bbox 3227 2165 3388 2199; x_wconf 91' lang='grc' dir='ltr'>αυτον</span> <span class='ocrx_word' id='word_1_368' title='bbox 3437 2165 3638 2199; x_wconf 87' lang='grc' dir='ltr'>ουτωσι</span> <span class='ocrx_word' id='word_1_369' title='bbox 3689 2141 3806 2197; x_wconf 77' lang='grc' dir='ltr'>δια-</span> 
     </span>
    </p>
   </div>
   <div class='ocr_carea' id='block_1_50' title="bbox 2164 2229 3805 2308">
    <p class='ocr_par' dir='ltr' id='par_1_50' title="bbox 2164 2229 3805 2308">
     <span class='ocr_line' id='line_1_51' title="bbox 2164 2229 3805 2308; baseline -0.003 -18"><span class='ocrx_word' id='word_1_370' title='bbox 2164 2238 2369 2291; x_wconf 83' lang='grc' dir='ltr'>κεῖσθαι</span> <span class='ocrx_word' id='word_1_371' title='bbox 2418 2229 2733 2308; x_wconf 75' lang='grc' dir='ltr'><strong>προσθείης,</strong></span> <span class='ocrx_word' id='word_1_372' title='bbox 2785 2232 2860 2294; x_wconf 84' lang='grc' dir='ltr'>ὡς</span> <span class='ocrx_word' id='word_1_373' title='bbox 2917 2233 3008 2287; x_wconf 80' lang='grc' dir='ltr'>καὶ</span> <span class='ocrx_word' id='word_1_374' title='bbox 3065 2240 3165 2302; x_wconf 86' lang='grc' dir='ltr'><strong>τῆς</strong></span> <span class='ocrx_word' id='word_1_375' title='bbox 3211 2234 3380 2288; x_wconf 78' lang='grc' dir='ltr'>αὐτοῦ</span> <span class='ocrx_word' id='word_1_376' title='bbox 3435 2231 3682 2307; x_wconf 76' lang='grc' dir='ltr'>κεφαλῆς</span> <span class='ocrx_word' id='word_1_377' title='bbox 3731 2232 3805 2292; x_wconf 83' lang='grc' dir='ltr'><strong>ὡς</strong></span> 
     </span>
    </p>
   </div>
   <div class='ocr_carea' id='block_1_51' title="bbox 2165 2317 3803 2400">
    <p class='ocr_par' dir='ltr' id='par_1_51' title="bbox 2165 2317 3803 2400">
     <span class='ocr_line' id='line_1_52' title="bbox 2165 2317 3803 2400; baseline -0.004 -21"><span class='ocrx_word' id='word_1_378' title='bbox 2165 2329 2330 2400; x_wconf 52' lang='grc' dir='ltr'>εἰπεῖν</span> <span class='ocrx_word' id='word_1_379' title='bbox 2375 2320 2530 2378; x_wconf 72' lang='grc' dir='ltr'>οὐδὲν</span> <span class='ocrx_word' id='word_1_380' title='bbox 2575 2321 2768 2383; x_wconf 81' lang='grc' dir='ltr'>αὐτοὺς</span> <span class='ocrx_word' id='word_1_381' title='bbox 2813 2317 3036 2376; x_wconf 75' lang='grc' dir='ltr'>ἔλαττον</span> <span class='ocrx_word' id='word_1_382' title='bbox 3089 2320 3258 2397; x_wconf 82' lang='grc' dir='ltr'>ἄγειν,</span> <span class='ocrx_word' id='word_1_383' title='bbox 3291 2321 3438 2377; x_wconf 85' lang='grc' dir='ltr'>ἀλλᾶ</span> <span class='ocrx_word' id='word_1_384' title='bbox 3483 2322 3573 2376; x_wconf 82' lang='grc' dir='ltr'><strong>καὶ</strong></span> <span class='ocrx_word' id='word_1_385' title='bbox 3626 2322 3803 2399; x_wconf 77' lang='grc' dir='ltr'>φιλεῖν</span> 
     </span>
    </p>
   </div>
   <div class='ocr_carea' id='block_1_52' title="bbox 2164 2409 3805 2489">
    <p class='ocr_par' dir='ltr' id='par_1_52' title="bbox 2164 2409 3805 2489">
     <span class='ocr_line' id='line_1_53' title="bbox 2164 2409 3805 2489; baseline -0.003 -21"><span class='ocrx_word' id='word_1_386' title='bbox 2164 2415 2252 2468; x_wconf 78' lang='grc' dir='ltr'><strong>καὶ</strong></span> <span class='ocrx_word' id='word_1_387' title='bbox 2303 2412 2561 2489; x_wconf 72' lang='grc' dir='ltr'>στέργειν,</span> <span class='ocrx_word' id='word_1_388' title='bbox 2625 2411 2715 2466; x_wconf 81' lang='grc' dir='ltr'>καὶ</span> <span class='ocrx_word' id='word_1_389' title='bbox 2771 2409 2987 2472; x_wconf 79' lang='grc' dir='ltr'>τούτοις</span> <span class='ocrx_word' id='word_1_390' title='bbox 3041 2411 3108 2467; x_wconf 84' lang='grc' dir='ltr'><strong>τὰ</strong></span> <span class='ocrx_word' id='word_1_391' title='bbox 3169 2409 3373 2486; x_wconf 82' lang='grc' dir='ltr'>βελτίω</span> <span class='ocrx_word' id='word_1_392' title='bbox 3432 2412 3805 2486; x_wconf 79' lang='grc' dir='ltr'>συνεύχεσθαι,</span> 
     </span>
    </p>
   </div>
   <div class='ocr_carea' id='block_1_53' title="bbox 2163 2497 3805 2576">
    <p class='ocr_par' dir='ltr' id='par_1_53' title="bbox 2163 2497 3805 2576">
     <span class='ocr_line' id='line_1_54' title="bbox 2163 2497 3805 2576; baseline -0.004 -18"><span class='ocrx_word' id='word_1_393' title='bbox 2163 2504 2254 2559; x_wconf 78' lang='grc' dir='ltr'><strong>καὶ</strong></span> <span class='ocrx_word' id='word_1_394' title='bbox 2287 2501 2431 2563; x_wconf 82' lang='grc' dir='ltr'>ὅλως</span> <span class='ocrx_word' id='word_1_395' title='bbox 2487 2501 2562 2562; x_wconf 61' lang='grc' dir='ltr'>εἷς</span> <span class='ocrx_word' id='word_1_396' title='bbox 2611 2497 3025 2576; x_wconf 70' lang='grc' dir='ltr'>εὐεργετοῦντας</span> <span class='ocrx_word' id='word_1_397' title='bbox 3072 2499 3276 2555; x_wconf 78' lang='grc' dir='ltr'>τιθὲναι</span> <span class='ocrx_word' id='word_1_398' title='bbox 3305 2517 3319 2532; x_wconf 84' lang='grc'><strong>⁸</strong></span> <span class='ocrx_word' id='word_1_399' title='bbox 3370 2503 3533 2555; x_wconf 74' lang='grc' dir='ltr'>τοῦτο</span> <span class='ocrx_word' id='word_1_400' title='bbox 3576 2501 3672 2573; x_wconf 79' lang='grc' dir='ltr'>μὲν</span> <span class='ocrx_word' id='word_1_401' title='bbox 3721 2501 3805 2560; x_wconf 78' lang='grc' dir='ltr'><strong>οἷς</strong></span> 
     </span>
    </p>
   </div>
   <div class='ocr_carea' id='block_1_54' title="bbox 2166 2587 3806 2670">
    <p class='ocr_par' dir='ltr' id='par_1_54' title="bbox 2166 2587 3806 2670">
     <span class='ocr_line' id='line_1_55' title="bbox 2166 2587 3806 2670; baseline -0.002 -22"><span class='ocrx_word' id='word_1_402' title='bbox 2166 2591 2310 2663; x_wconf 83' lang='grc' dir='ltr'><strong>αὐτῷ</strong></span> <span class='ocrx_word' id='word_1_403' title='bbox 2372 2590 2630 2665; x_wconf 83' lang='grc' dir='ltr'>μεγίστης</span> <span class='ocrx_word' id='word_1_404' title='bbox 2689 2587 3016 2670; x_wconf 74' lang='grc' dir='ltr'>φιλοσοφίας</span> <span class='ocrx_word' id='word_1_405' title='bbox 3083 2587 3222 2660; x_wconf 78' lang='grc' dir='ltr'>ὕλην</span> <span class='ocrx_word' id='word_1_406' title='bbox 3299 2595 3586 2665; x_wconf 84' lang='grc' dir='ltr'>παρεῖχον,</span> <span class='ocrx_word' id='word_1_407' title='bbox 3646 2593 3806 2644; x_wconf 77' lang='grc' dir='ltr'>τοῦτο</span> 
     </span>
    </p>
   </div>
   <div class='ocr_carea' id='block_1_55' title="bbox 2165 2676 3809 2754">
    <p class='ocr_par' dir='ltr' id='par_1_55' title="bbox 2165 2676 3809 2754">
     <span class='ocr_line' id='line_1_56' title="bbox 2165 2676 3809 2754; baseline -0.003 -17"><span class='ocrx_word' id='word_1_408' title='bbox 2165 2680 2223 2737; x_wconf 74' lang='grc' dir='ltr'><strong>δὲ</strong></span> <span class='ocrx_word' id='word_1_409' title='bbox 2254 2685 2335 2742; x_wconf 82' lang='grc' dir='ltr'><strong>οἷς</strong></span> <span class='ocrx_word' id='word_1_410' title='bbox 2359 2679 2735 2754; x_wconf 73' lang='grc' dir='ltr'>εὐμενέστερον</span> <span class='ocrx_word' id='word_1_411' title='bbox 2767 2680 2918 2751; x_wconf 87' lang='grc' dir='ltr'><strong>αὐτῷ</strong></span> <span class='ocrx_word' id='word_1_412' title='bbox 2965 2678 3055 2733; x_wconf 84' lang='grc' dir='ltr'>καὶ</span> <span class='ocrx_word' id='word_1_413' title='bbox 3089 2678 3306 2752; x_wconf 82' lang='grc' dir='ltr'>μᾶλλον</span> <span class='ocrx_word' id='word_1_414' title='bbox 3343 2676 3514 2733; x_wconf 74' lang='grc' dir='ltr'>’ίλεων</span> <span class='ocrx_word' id='word_1_415' title='bbox 3558 2678 3622 2732; x_wconf 85' lang='grc' dir='ltr'>τὸ</span> <span class='ocrx_word' id='word_1_416' title='bbox 3656 2683 3809 2733; x_wconf 84' lang='grc' dir='ltr'>Θεῖον</span> 
     </span>
    </p>
   </div>
   <div class='ocr_carea' id='block_1_56' title="bbox 2165 2762 3810 2846">
    <p class='ocr_par' dir='ltr' id='par_1_56' title="bbox 2165 2762 3810 2846">
     <span class='ocr_line' id='line_1_57' title="bbox 2165 2762 3810 2846; baseline -0.002 -21"><span class='ocrx_word' id='word_1_417' title='bbox 2165 2769 2382 2825; x_wconf 80' lang='grc' dir='ltr'>ἐποίουν</span> <span class='ocrx_word' id='word_1_418' title='bbox 2417 2789 2432 2802; x_wconf 88' lang='grc'><strong>·</strong></span> <span class='ocrx_word' id='word_1_419' title='bbox 2484 2768 2566 2823; x_wconf 78' lang='grc' dir='ltr'><strong>ὅτι</strong></span> <span class='ocrx_word' id='word_1_420' title='bbox 2615 2788 2715 2843; x_wconf 86' lang='grc' dir='ltr'><strong>περ</strong></span> <span class='ocrx_word' id='word_1_421' title='bbox 2765 2769 2838 2821; x_wconf 85' lang='grc' dir='ltr'>ὤν</span> <span class='ocrx_word' id='word_1_422' title='bbox 2887 2762 3111 2844; x_wconf 73' lang='grc' dir='ltr'>ἔδρασαν</span> <span class='ocrx_word' id='word_1_423' title='bbox 3161 2767 3472 2846; x_wconf 77' lang='grc' dir='ltr'>ὀφείλοντες</span> <span class='ocrx_word' id='word_1_424' title='bbox 3522 2765 3708 2840; x_wconf 85' lang='grc' dir='ltr'>δίκην,</span> <span class='ocrx_word' id='word_1_425' title='bbox 3759 2769 3810 2822; x_wconf 74' lang='grc' dir='ltr'><strong>οἱ</strong></span> 
     </span>
    </p>
   </div>
   <div class='ocr_carea' id='block_1_57' title="bbox 2167 2857 3804 2936">
    <p class='ocr_par' dir='ltr' id='par_1_57' title="bbox 2167 2857 3804 2936">
     <span class='ocr_line' id='line_1_58' title="bbox 2167 2857 3804 2936; baseline -0.001 -20"><span class='ocrx_word' id='word_1_426' title='bbox 2167 2860 2245 2931; x_wconf 76' lang='grc' dir='ltr'>δὲ,</span> <span class='ocrx_word' id='word_1_427' title='bbox 2278 2859 2562 2929; x_wconf 84' lang='grc' dir='ltr'>’τοσαύτης</span> <span class='ocrx_word' id='word_1_428' title='bbox 2620 2859 2920 2936; x_wconf 80' lang='grc' dir='ltr'>ἐτύγχανον</span> <span class='ocrx_word' id='word_1_429' title='bbox 2981 2860 3108 2933; x_wconf 84' lang='grc' dir='ltr'>παρ’</span> <span class='ocrx_word' id='word_1_430' title='bbox 3155 2859 3322 2915; x_wconf 80' lang='grc' dir='ltr'>αὐτοῦ</span> <span class='ocrx_word' id='word_1_431' title='bbox 3376 2866 3476 2929; x_wconf 85' lang='grc' dir='ltr'><strong>τῆς</strong></span> <span class='ocrx_word' id='word_1_432' title='bbox 3536 2857 3758 2922; x_wconf 74' lang='grc' dir='ltr'>εὐνοίας</span> <span class='ocrx_word' id='word_1_433' title='bbox 3791 2877 3804 2891; x_wconf 90' lang='grc'><strong>·</strong></span> 
     </span>
    </p>
   </div>
   <div class='ocr_carea' id='block_1_58' title="bbox 2170 2948 3814 3026">
    <p class='ocr_par' dir='ltr' id='par_1_58' title="bbox 2170 2948 3814 3026">
     <span class='ocr_line' id='line_1_59' title="bbox 2170 2948 3814 3026; baseline -0.003 -17"><span class='ocrx_word' id='word_1_434' title='bbox 2170 2954 2260 3009; x_wconf 76' lang='grc' dir='ltr'>ἐὰν</span> <span class='ocrx_word' id='word_1_435' title='bbox 2289 2951 2470 3008; x_wconf 89' lang='grc' dir='ltr'>τοίνυν</span> <span class='ocrx_word' id='word_1_436' title='bbox 2503 2951 2593 3007; x_wconf 85' lang='grc' dir='ltr'>καὶ</span> <span class='ocrx_word' id='word_1_437' title='bbox 2637 2956 2801 3006; x_wconf 80' lang='grc' dir='ltr'>τοῦτο</span> <span class='ocrx_word' id='word_1_438' title='bbox 2851 2953 3115 3026; x_wconf 83' lang='grc' dir='ltr'>προσθῇς,</span> <span class='ocrx_word' id='word_1_439' title='bbox 3149 2948 3286 3006; x_wconf 77' lang='grc' dir='ltr'>ἔστω</span> <span class='ocrx_word' id='word_1_440' title='bbox 3330 2952 3418 3005; x_wconf 84' lang='grc' dir='ltr'>καὶ</span> <span class='ocrx_word' id='word_1_441' title='bbox 3475 2955 3642 3006; x_wconf 79' lang='grc' dir='ltr'>τοῦτο</span> <span class='ocrx_word' id='word_1_442' title='bbox 3693 2951 3814 3025; x_wconf 88' lang='grc' dir='ltr'>τρί-</span> 
     </span>
    </p>
   </div>
   <div class='ocr_carea' id='block_1_59' title="bbox 414 3022 2055 3118">
    <p class='ocr_par' dir='ltr' id='par_1_59' title="bbox 414 3022 2054 3111">
     <span class='ocr_line' id='line_1_60' title="bbox 414 3022 2054 3111; baseline 0.002 -18"><span class='ocrx_word' id='word_1_443' title='bbox 414 3037 676 3106; x_wconf 88' lang='lat' dir='ltr'><strong>haberet,</strong></span> <span class='ocrx_word' id='word_1_444' title='bbox 736 3040 834 3094; x_wconf 90' lang='lat' dir='ltr'><strong>sed</strong></span> <span class='ocrx_word' id='word_1_445' title='bbox 913 3022 1176 3111; x_wconf 83' lang='lat' dir='ltr'><strong>diligeret</strong></span> <span class='ocrx_word' id='word_1_446' title='bbox 1245 3022 1385 3096; x_wconf 80' lang='lat' dir='ltr'><strong>item</strong></span> <span class='ocrx_word' id='word_1_447' title='bbox 1444 3022 1794 3111; x_wconf 78' lang='lat' dir='ltr'><strong>amaretque,</strong></span> <span class='ocrx_word' id='word_1_448' title='bbox 1851 3045 1908 3096; x_wconf 90' lang='lat' dir='ltr'><strong>et</strong></span> <span class='ocrx_word' id='word_1_449' title='bbox 1970 3040 2054 3096; x_wconf 89' lang='lat' dir='ltr'><strong>eis</strong></span> 
     </span>
    </p>
   </div>
   <div class='ocr_carea' id='block_1_60' title="bbox 2171 3022 3814 3118">
    <p class='ocr_par' dir='ltr' id='par_1_60' title="bbox 2171 3022 3814 3118">
     <span class='ocr_line' id='line_1_61' title="bbox 2171 3022 3814 3118; baseline -0.002 -21"><span class='ocrx_word' id='word_1_450' title='bbox 2171 3064 2281 3111; x_wconf 86' lang='grc' dir='ltr'>τον,</span> <span class='ocrx_word' id='word_1_451' title='bbox 2313 3039 2463 3096; x_wconf 75' lang='grc' dir='ltr'>οὐδὲν</span> <span class='ocrx_word' id='word_1_452' title='bbox 2493 3063 2556 3118; x_wconf 91' lang='grc' dir='ltr'><strong>γε</strong></span> <span class='ocrx_word' id='word_1_453' title='bbox 2601 3022 2924 3115; x_wconf 73' lang='grc' dir='ltr'>ἀτιμότερον</span> <span class='ocrx_word' id='word_1_454' title='bbox 2971 3022 3184 3095; x_wconf 81' lang='grc' dir='ltr'>ἐκείνων</span> <span class='ocrx_word' id='word_1_455' title='bbox 3218 3039 3293 3103; x_wconf 83' lang='grc' dir='ltr'>ὥς</span> <span class='ocrx_word' id='word_1_456' title='bbox 3320 3061 3380 3114; x_wconf 90' lang='grc' dir='ltr'><strong>γε</strong></span> <span class='ocrx_word' id='word_1_457' title='bbox 3427 3040 3532 3116; x_wconf 84' lang='grc' dir='ltr'><strong>ἐγὼ</strong></span> <span class='ocrx_word' id='word_1_458' title='bbox 3573 3022 3814 3114; x_wconf 67' lang='grc' dir='ltr'>νομίζω,</span> 
     </span>
    </p>
   </div>
   <div class='ocr_carea' id='block_1_61' title="bbox 421 3132 2068 3203">
    <p class='ocr_par' dir='ltr' id='par_1_61' title="bbox 421 3132 2068 3203">
     <span class='ocr_line' id='line_1_62' title="bbox 421 3132 2068 3203; baseline 0.002 -18"><span class='ocrx_word' id='word_1_459' title='bbox 421 3132 622 3188; x_wconf 80' lang='lat' dir='ltr'><strong>fausta</strong></span> <span class='ocrx_word' id='word_1_460' title='bbox 644 3132 844 3188; x_wconf 89' lang='lat' dir='ltr'><strong>omnia</strong></span> <span class='ocrx_word' id='word_1_461' title='bbox 865 3138 1114 3203; x_wconf 90' lang='lat' dir='ltr'><strong>optaret,</strong></span> <span class='ocrx_word' id='word_1_462' title='bbox 1135 3134 1259 3189; x_wconf 88' lang='lat' dir='ltr'><strong>imo</strong></span> <span class='ocrx_word' id='word_1_463' title='bbox 1290 3134 1348 3189; x_wconf 92' lang='lat' dir='ltr'><strong>in</strong></span> <span class='ocrx_word' id='word_1_464' title='bbox 1367 3135 1513 3191; x_wconf 89' lang='lat' dir='ltr'><strong>bene</strong></span> <span class='ocrx_word' id='word_1_465' title='bbox 1529 3136 1601 3190; x_wconf 89' lang='lat' dir='ltr'><strong>de</strong></span> <span class='ocrx_word' id='word_1_466' title='bbox 1622 3150 1684 3190; x_wconf 89' lang='lat' dir='ltr'><strong>se</strong></span> <span class='ocrx_word' id='word_1_467' title='bbox 1716 3133 2068 3201; x_wconf 89' lang='lat' dir='ltr'><strong>meritorum,</strong></span> 
     </span>
    </p>
   </div>
   <div class='ocr_carea' id='block_1_62' title="bbox 2181 3125 2970 3204">
    <p class='ocr_par' dir='ltr' id='par_1_62' title="bbox 2181 3125 2970 3204">
     <span class='ocr_line' id='line_1_63' title="bbox 2181 3125 2970 3204; baseline -0.003 -17"><span class='ocrx_word' id='word_1_468' title='bbox 2181 3130 2326 3187; x_wconf 83' lang='grc' dir='ltr'>ἀλλᾶ</span> <span class='ocrx_word' id='word_1_469' title='bbox 2356 3131 2444 3186; x_wconf 82' lang='grc' dir='ltr'><strong>καὶ</strong></span> <span class='ocrx_word' id='word_1_470' title='bbox 2479 3128 2626 3204; x_wconf 78' lang='grc' dir='ltr'>μάλα</span> <span class='ocrx_word' id='word_1_471' title='bbox 2656 3125 2970 3202; x_wconf 74' lang='grc' dir='ltr'>ξυμϐαῖνον.</span> 
     </span>
    </p>
   </div>
   <div class='ocr_carea' id='block_1_63' title="bbox 417 3221 3820 3298">
    <p class='ocr_par' dir='ltr' id='par_1_63' title="bbox 417 3221 3820 3298">
     <span class='ocr_line' id='line_1_64' title="bbox 417 3221 3820 3298; baseline -0.001 -20"><span class='ocrx_word' id='word_1_472' title='bbox 417 3239 654 3280; x_wconf 91' lang='lat' dir='ltr'><strong>numero</strong></span> <span class='ocrx_word' id='word_1_473' title='bbox 695 3223 865 3296; x_wconf 88' lang='lat' dir='ltr'><strong>plane</strong></span> <span class='ocrx_word' id='word_1_474' title='bbox 912 3229 1232 3297; x_wconf 89' lang='lat' dir='ltr'><strong>reponeret,</strong></span> <span class='ocrx_word' id='word_1_475' title='bbox 1279 3226 1503 3282; x_wconf 89' lang='lat' dir='ltr'><strong>scilicet</strong></span> <span class='ocrx_word' id='word_1_476' title='bbox 1549 3224 1760 3298; x_wconf 89' lang='lat' dir='ltr'><strong>partim</strong></span> <span class='ocrx_word' id='word_1_477' title='bbox 1809 3225 1936 3281; x_wconf 90' lang='lat' dir='ltr'><strong>ideo</strong></span> <span class='ocrx_word' id='word_1_478' title='bbox 1987 3226 2139 3296; x_wconf 91' lang='lat' dir='ltr'><strong>quod</strong></span> <span class='ocrx_word' id='word_1_479' title='bbox 2190 3223 2428 3279; x_wconf 79' lang='lat' dir='ltr'><strong>maximi</strong></span> <span class='ocrx_word' id='word_1_480' title='bbox 2462 3240 2528 3280; x_wconf 89' lang='lat' dir='ltr'><strong>ac</strong></span> <span class='ocrx_word' id='word_1_481' title='bbox 2581 3222 2912 3279; x_wconf 83' lang='lat' dir='ltr'><strong>difﬁcillimi</strong></span> <span class='ocrx_word' id='word_1_482' title='bbox 2963 3221 3020 3276; x_wconf 91' lang='lat' dir='ltr'><strong>in</strong></span> <span class='ocrx_word' id='word_1_483' title='bbox 3073 3221 3402 3278; x_wconf 88' lang='lat' dir='ltr'><strong>Christiana</strong></span> <span class='ocrx_word' id='word_1_484' title='bbox 3450 3221 3820 3295; x_wconf 88' lang='lat' dir='ltr'><strong>philosophia</strong></span> 
     </span>
    </p>
   </div>
   <div class='ocr_carea' id='block_1_64' title="bbox 417 3311 3816 3387">
    <p class='ocr_par' dir='ltr' id='par_1_64' title="bbox 417 3311 3816 3387">
     <span class='ocr_line' id='line_1_65' title="bbox 417 3311 3816 3387; baseline -0.001 -18"><span class='ocrx_word' id='word_1_485' title='bbox 417 3314 607 3384; x_wconf 90' lang='lat' dir='ltr'><strong>operis</strong></span> <span class='ocrx_word' id='word_1_486' title='bbox 639 3314 942 3370; x_wconf 89' lang='lat' dir='ltr'><strong>materiem</strong></span> <span class='ocrx_word' id='word_1_487' title='bbox 974 3315 1085 3387; x_wconf 91' lang='lat' dir='ltr'><strong>ipsi</strong></span> <span class='ocrx_word' id='word_1_488' title='bbox 1117 3315 1522 3387; x_wconf 69' lang='lat' dir='ltr'><strong>praebuissent.</strong></span> <span class='ocrx_word' id='word_1_489' title='bbox 1558 3315 1763 3386; x_wconf 88' lang='lat' dir='ltr'><strong>partim</strong></span> <span class='ocrx_word' id='word_1_490' title='bbox 1809 3315 1964 3387; x_wconf 91' lang='lat' dir='ltr'><strong>quod</strong></span> <span class='ocrx_word' id='word_1_491' title='bbox 1996 3331 2064 3370; x_wconf 91' lang='lat' dir='ltr'><strong>ea</strong></span> <span class='ocrx_word' id='word_1_492' title='bbox 2093 3330 2154 3369; x_wconf 87' lang='lat' dir='ltr'><strong>re</strong></span> <span class='ocrx_word' id='word_1_493' title='bbox 2200 3313 2387 3386; x_wconf 85' lang='lat' dir='ltr'><strong>magis</strong></span> <span class='ocrx_word' id='word_1_494' title='bbox 2413 3313 2499 3369; x_wconf 88' lang='lat' dir='ltr'><strong>illi</strong></span> <span class='ocrx_word' id='word_1_495' title='bbox 2549 3312 2865 3386; x_wconf 89' lang='lat' dir='ltr'><strong>propitium</strong></span> <span class='ocrx_word' id='word_1_496' title='bbox 2899 3329 2964 3368; x_wconf 90' lang='lat' dir='ltr'><strong>ac</strong></span> <span class='ocrx_word' id='word_1_497' title='bbox 3010 3311 3330 3385; x_wconf 90' lang='lat' dir='ltr'><strong>benignum</strong></span> <span class='ocrx_word' id='word_1_498' title='bbox 3381 3311 3565 3368; x_wconf 90' lang='lat' dir='ltr'><strong>Deum</strong></span> <span class='ocrx_word' id='word_1_499' title='bbox 3595 3311 3816 3368; x_wconf 76' lang='lat' dir='ltr'><strong>effecis-</strong></span> 
     </span>
    </p>
   </div>
   <div class='ocr_carea' id='block_1_65' title="bbox 420 3401 3818 3478">
    <p class='ocr_par' dir='ltr' id='par_1_65' title="bbox 420 3401 3818 3478">
     <span class='ocr_line' id='line_1_66' title="bbox 420 3401 3818 3478; baseline -0.001 -18"><span class='ocrx_word' id='word_1_500' title='bbox 420 3409 572 3474; x_wconf 88' lang='lat' dir='ltr'><strong>sent,</strong></span> <span class='ocrx_word' id='word_1_501' title='bbox 631 3405 1099 3478; x_wconf 88' lang='lat' dir='ltr'><strong>quandoquidem</strong></span> <span class='ocrx_word' id='word_1_502' title='bbox 1159 3406 1259 3478; x_wconf 91' lang='lat' dir='ltr'><strong>qui</strong></span> <span class='ocrx_word' id='word_1_503' title='bbox 1315 3404 1599 3462; x_wconf 89' lang='lat' dir='ltr'><strong>scelerum</strong></span> <span class='ocrx_word' id='word_1_504' title='bbox 1669 3422 1911 3462; x_wconf 90' lang='lat' dir='ltr'><strong>suorum</strong></span> <span class='ocrx_word' id='word_1_505' title='bbox 1971 3405 2444 3477; x_wconf 87' lang='lat' dir='ltr'><strong>ﬂagitiorumque</strong></span> <span class='ocrx_word' id='word_1_506' title='bbox 2515 3403 2874 3477; x_wconf 81' lang='lat' dir='ltr'><strong>gravissimis</strong></span> <span class='ocrx_word' id='word_1_507' title='bbox 2927 3406 3263 3458; x_wconf 90' lang='lat' dir='ltr'><strong>tenerentur</strong></span> <span class='ocrx_word' id='word_1_508' title='bbox 3319 3401 3526 3474; x_wconf 81' lang='lat' dir='ltr'><strong>pcsnis,</strong></span> <span class='ocrx_word' id='word_1_509' title='bbox 3594 3407 3818 3458; x_wconf 89' lang='lat' dir='ltr'><strong>tantum</strong></span> 
     </span>
    </p>
   </div>
   <div class='ocr_carea' id='block_1_66' title="bbox 420 3489 3818 3566">
    <p class='ocr_par' dir='ltr' id='par_1_66' title="bbox 420 3489 3818 3566">
     <span class='ocr_line' id='line_1_67' title="bbox 420 3489 3818 3566; baseline -0 -20"><span class='ocrx_word' id='word_1_510' title='bbox 420 3492 578 3549; x_wconf 90' lang='lat' dir='ltr'><strong>illius</strong></span> <span class='ocrx_word' id='word_1_511' title='bbox 633 3497 828 3550; x_wconf 89' lang='lat' dir='ltr'><strong>tamen</strong></span> <span class='ocrx_word' id='word_1_512' title='bbox 876 3494 1323 3566; x_wconf 87' lang='lat' dir='ltr'><strong>experiebantur</strong></span> <span class='ocrx_word' id='word_1_513' title='bbox 1377 3493 1679 3550; x_wconf 89' lang='lat' dir='ltr'><strong>lenitatem</strong></span> <span class='ocrx_word' id='word_1_514' title='bbox 1729 3511 1795 3550; x_wconf 90' lang='lat' dir='ltr'><strong>ac</strong></span> <span class='ocrx_word' id='word_1_515' title='bbox 1853 3493 2336 3561; x_wconf 88' lang='lat' dir='ltr'><strong>benevolentiam,</strong></span> <span class='ocrx_word' id='word_1_516' title='bbox 2375 3492 2530 3564; x_wconf 90' lang='lat' dir='ltr'><strong>quod</strong></span> <span class='ocrx_word' id='word_1_517' title='bbox 2584 3492 2781 3563; x_wconf 92' lang='lat' dir='ltr'><strong>ipsum</strong></span> <span class='ocrx_word' id='word_1_518' title='bbox 2828 3491 2874 3547; x_wconf 91' lang='lat' dir='ltr'><strong>si</strong></span> <span class='ocrx_word' id='word_1_519' title='bbox 2935 3490 3337 3563; x_wconf 88' lang='lat' dir='ltr'><strong>superioribus</strong></span> <span class='ocrx_word' id='word_1_520' title='bbox 3387 3489 3668 3562; x_wconf 88' lang='lat' dir='ltr'><strong>exemplis</strong></span> <span class='ocrx_word' id='word_1_521' title='bbox 3722 3490 3818 3546; x_wconf 87' lang='lat' dir='ltr'><strong>ad-</strong></span> 
     </span>
    </p>
   </div>
   <div class='ocr_carea' id='block_1_67' title="bbox 417 3580 3819 3657">
    <p class='ocr_par' dir='ltr' id='par_1_67' title="bbox 417 3580 3819 3657">
     <span class='ocr_line' id='line_1_68' title="bbox 417 3580 3819 3657; baseline -0.001 -18"><span class='ocrx_word' id='word_1_522' title='bbox 417 3583 652 3657; x_wconf 90' lang='lat' dir='ltr'><strong>junges,</strong></span> <span class='ocrx_word' id='word_1_523' title='bbox 685 3584 919 3641; x_wconf 88' lang='lat' dir='ltr'><strong>tertium</strong></span> <span class='ocrx_word' id='word_1_524' title='bbox 953 3584 1249 3641; x_wconf 86' lang='lat' dir='ltr'><strong>charitatis</strong></span> <span class='ocrx_word' id='word_1_525' title='bbox 1293 3585 1705 3640; x_wconf 90' lang='lat' dir='ltr'><strong>documentum</strong></span> <span class='ocrx_word' id='word_1_526' title='bbox 1754 3585 1880 3654; x_wconf 90' lang='lat' dir='ltr'><strong>erit,</strong></span> <span class='ocrx_word' id='word_1_527' title='bbox 1917 3583 2099 3639; x_wconf 91' lang='lat' dir='ltr'><strong>nihilo</strong></span> <span class='ocrx_word' id='word_1_528' title='bbox 2130 3583 2273 3638; x_wconf 91' lang='lat' dir='ltr'><strong>illud</strong></span> <span class='ocrx_word' id='word_1_529' title='bbox 2326 3582 2569 3648; x_wconf 66' lang='lat' dir='ltr'><strong>ceteris,</strong></span> <span class='ocrx_word' id='word_1_530' title='bbox 2602 3597 2729 3637; x_wconf 86' lang='lat' dir='ltr'><strong>mea</strong></span> <span class='ocrx_word' id='word_1_531' title='bbox 2777 3581 3089 3650; x_wconf 87' lang='lat' dir='ltr'><strong>sententia,</strong></span> <span class='ocrx_word' id='word_1_532' title='bbox 3139 3580 3400 3648; x_wconf 83' lang='lat' dir='ltr'><strong>interius,</strong></span> <span class='ocrx_word' id='word_1_533' title='bbox 3431 3580 3550 3636; x_wconf 92' lang='lat' dir='ltr'><strong>imo</strong></span> <span class='ocrx_word' id='word_1_534' title='bbox 3591 3596 3819 3653; x_wconf 85' lang='lat' dir='ltr'><strong>germa-</strong></span> 
     </span>
    </p>
   </div>
   <div class='ocr_carea' id='block_1_68' title="bbox 422 3676 1350 3748">
    <p class='ocr_par' dir='ltr' id='par_1_68' title="bbox 422 3676 1350 3748">
     <span class='ocr_line' id='line_1_69' title="bbox 422 3676 1350 3748; baseline 0.001 -17"><span class='ocrx_word' id='word_1_535' title='bbox 422 3692 564 3731; x_wconf 93' lang='lat' dir='ltr'><strong>num</strong></span> <span class='ocrx_word' id='word_1_536' title='bbox 592 3677 845 3748; x_wconf 90' lang='lat' dir='ltr'><strong>undique</strong></span> <span class='ocrx_word' id='word_1_537' title='bbox 875 3681 933 3733; x_wconf 91' lang='lat' dir='ltr'><strong>et</strong></span> <span class='ocrx_word' id='word_1_538' title='bbox 962 3676 1350 3732; x_wconf 88' lang='lat' dir='ltr'><strong>simillimum.</strong></span> 
     </span>
    </p>
   </div>
   <div class='ocr_carea' id='block_1_69' title="bbox 491 3765 2058 3838">
    <p class='ocr_par' dir='ltr' id='par_1_69' title="bbox 491 3765 2058 3838">
     <span class='ocr_line' id='line_1_70' title="bbox 491 3765 2058 3838; baseline 0 -17"><span class='ocrx_word' id='word_1_539' title='bbox 491 3765 708 3823; x_wconf 88' lang='lat' dir='ltr'><strong>LXVII.</strong></span> <span class='ocrx_word' id='word_1_540' title='bbox 740 3766 852 3821; x_wconf 89' lang='lat' dir='ltr'><strong>Sed</strong></span> <span class='ocrx_word' id='word_1_541' title='bbox 883 3772 938 3822; x_wconf 85' lang='lat' dir='ltr'><strong>et</strong></span> <span class='ocrx_word' id='word_1_542' title='bbox 967 3765 1407 3822; x_wconf 84' lang='lat' dir='ltr'><strong>beneﬁcentiam</strong></span> <span class='ocrx_word' id='word_1_543' title='bbox 1443 3767 1715 3822; x_wconf 89' lang='lat' dir='ltr'><strong>adversvs</strong></span> <span class='ocrx_word' id='word_1_544' title='bbox 1757 3782 2058 3838; x_wconf 87' lang='lat' dir='ltr'><strong>pauperes,</strong></span> 
     </span>
    </p>
   </div>
   <div class='ocr_carea' id='block_1_70' title="bbox 421 3853 2061 3927">
    <p class='ocr_par' dir='ltr' id='par_1_70' title="bbox 421 3853 2061 3927">
     <span class='ocr_line' id='line_1_71' title="bbox 421 3853 2061 3927; baseline -0.001 -17"><span class='ocrx_word' id='word_1_545' title='bbox 421 3855 593 3924; x_wconf 85' lang='lat' dir='ltr'><strong>cujus</strong></span> <span class='ocrx_word' id='word_1_546' title='bbox 608 3853 1053 3910; x_wconf 86' lang='lat' dir='ltr'><strong>velutcolumna</strong></span> <span class='ocrx_word' id='word_1_547' title='bbox 1067 3856 1276 3911; x_wconf 70' lang='lat' dir='ltr'><strong>coelum</strong></span> <span class='ocrx_word' id='word_1_548' title='bbox 1292 3855 1597 3912; x_wconf 86' lang='lat' dir='ltr'><strong>altitudine</strong></span> <span class='ocrx_word' id='word_1_549' title='bbox 1609 3872 1864 3927; x_wconf 76' lang='lat' dir='ltr'><strong>asquans,</strong></span> <span class='ocrx_word' id='word_1_550' title='bbox 1880 3856 2061 3913; x_wconf 91' lang='lat' dir='ltr'><strong>nostri</strong></span> 
     </span>
    </p>
   </div>
   <div class='ocr_carea' id='block_1_71' title="bbox 426 3944 2063 4016">
    <p class='ocr_par' dir='ltr' id='par_1_71' title="bbox 426 3944 2063 4016">
     <span class='ocr_line' id='line_1_72' title="bbox 426 3944 2063 4016; baseline 0.001 -17"><span class='ocrx_word' id='word_1_551' title='bbox 426 3964 451 3993; x_wconf 76' lang='grc' dir='ltr'>ι</span> <span class='ocrx_word' id='word_1_552' title='bbox 485 3944 552 3999; x_wconf 92' lang='lat' dir='ltr'><strong>de</strong></span> <span class='ocrx_word' id='word_1_553' title='bbox 584 3944 852 4000; x_wconf 88' lang='lat' dir='ltr'><strong>amandis</strong></span> <span class='ocrx_word' id='word_1_554' title='bbox 881 3945 1237 4016; x_wconf 89' lang='lat' dir='ltr'><strong>pauperibus</strong></span> <span class='ocrx_word' id='word_1_555' title='bbox 1263 3967 1291 3994; x_wconf 86' lang='lat'>»</span> <span class='ocrx_word' id='word_1_556' title='bbox 1317 3949 1506 4000; x_wconf 85' lang='lat' dir='ltr'><strong>exstat</strong></span> <span class='ocrx_word' id='word_1_557' title='bbox 1535 3945 2063 4016; x_wconf 88' lang='lat' dir='ltr'><strong>oratio,eademque</strong></span> 
     </span>
    </p>
   </div>
   <div class='ocr_carea' id='block_1_72' title="bbox 424 4033 2061 4110">
    <p class='ocr_par' dir='ltr' id='par_1_72' title="bbox 424 4033 2061 4110">
     <span class='ocr_line' id='line_1_73' title="bbox 424 4033 2061 4110; baseline 0 -21"><span class='ocrx_word' id='word_1_558' title='bbox 424 4033 725 4090; x_wconf 88' lang='lat' dir='ltr'><strong>charitatis</strong></span> <span class='ocrx_word' id='word_1_559' title='bbox 758 4048 894 4105; x_wconf 89' lang='lat' dir='ltr'><strong>erga</strong></span> <span class='ocrx_word' id='word_1_560' title='bbox 923 4034 1272 4107; x_wconf 90' lang='lat' dir='ltr'><strong>indigentes,</strong></span> <span class='ocrx_word' id='word_1_561' title='bbox 1306 4035 1560 4090; x_wconf 83' lang='lat' dir='ltr'><strong>maxime</strong></span> <span class='ocrx_word' id='word_1_562' title='bbox 1595 4035 1794 4110; x_wconf 86' lang='lat' dir='ltr'><strong>morbo</strong></span> <span class='ocrx_word' id='word_1_563' title='bbox 1827 4051 2061 4108; x_wconf 88' lang='lat' dir='ltr'><strong>oppres-</strong></span> 
     </span>
    </p>
   </div>
   <div class='ocr_carea' id='block_1_73' title="bbox 425 4122 2065 4195">
    <p class='ocr_par' dir='ltr' id='par_1_73' title="bbox 425 4122 2065 4195">
     <span class='ocr_line' id='line_1_74' title="bbox 425 4122 2065 4195; baseline -0.001 -17"><span class='ocrx_word' id='word_1_564' title='bbox 425 4139 543 4192; x_wconf 88' lang='lat' dir='ltr'><strong>sos,</strong></span> <span class='ocrx_word' id='word_1_565' title='bbox 593 4123 857 4195; x_wconf 60' lang='lat' dir='ltr'><strong>quedam</strong></span> <span class='ocrx_word' id='word_1_566' title='bbox 905 4124 1074 4194; x_wconf 90' lang='lat' dir='ltr'><strong>quasi</strong></span> <span class='ocrx_word' id='word_1_567' title='bbox 1120 4122 1476 4195; x_wconf 86' lang='lat' dir='ltr'><strong>legislatoria</strong></span> <span class='ocrx_word' id='word_1_568' title='bbox 1525 4123 1770 4186; x_wconf 41' lang='lat' dir='ltr'><strong>s’anctio,</strong></span> <span class='ocrx_word' id='word_1_569' title='bbox 1813 4123 1870 4179; x_wconf 92' lang='lat' dir='ltr'><strong>id</strong></span> <span class='ocrx_word' id='word_1_570' title='bbox 1925 4124 2065 4178; x_wconf 88' lang='lat' dir='ltr'><strong>satis</strong></span> 
     </span>
    </p>
   </div>
   <div class='ocr_carea' id='block_1_74' title="bbox 423 4211 2064 4283">
    <p class='ocr_par' dir='ltr' id='par_1_74' title="bbox 423 4211 2064 4283">
     <span class='ocr_line' id='line_1_75' title="bbox 423 4211 2064 4283; baseline 0 -16"><span class='ocrx_word' id='word_1_571' title='bbox 423 4212 781 4283; x_wconf 89' lang='lat' dir='ltr'><strong>comprobat,</strong></span> <span class='ocrx_word' id='word_1_572' title='bbox 834 4212 988 4283; x_wconf 91' lang='lat' dir='ltr'><strong>quod</strong></span> <span class='ocrx_word' id='word_1_573' title='bbox 1028 4212 1174 4268; x_wconf 90' lang='lat' dir='ltr'><strong>nihil</strong></span> <span class='ocrx_word' id='word_1_574' title='bbox 1224 4213 1459 4267; x_wconf 90' lang='lat' dir='ltr'><strong>omnino</strong></span> <span class='ocrx_word' id='word_1_575' title='bbox 1507 4227 1786 4282; x_wconf 86' lang='lat' dir='ltr'><strong>unquam,</strong></span> <span class='ocrx_word' id='word_1_576' title='bbox 1834 4211 2064 4269; x_wconf 90' lang='lat' dir='ltr'><strong>nullum</strong></span> 
     </span>
    </p>
   </div>
   <div class='ocr_carea' id='block_1_75' title="bbox 423 4301 2060 4375">
    <p class='ocr_par' dir='ltr' id='par_1_75' title="bbox 423 4301 2060 4375">
     <span class='ocr_line' id='line_1_76' title="bbox 423 4301 2060 4375; baseline 0.001 -19"><span class='ocrx_word' id='word_1_577' title='bbox 423 4301 549 4356; x_wconf 89' lang='lat' dir='ltr'><strong>auri</strong></span> <span class='ocrx_word' id='word_1_578' title='bbox 583 4301 920 4374; x_wconf 90' lang='lat' dir='ltr'><strong>argentique</strong></span> <span class='ocrx_word' id='word_1_579' title='bbox 969 4302 1317 4374; x_wconf 87' lang='lat' dir='ltr'><strong>scriptulum</strong></span> <span class='ocrx_word' id='word_1_580' title='bbox 1350 4303 1440 4360; x_wconf 90' lang='lat' dir='ltr'><strong>illl</strong></span> <span class='ocrx_word' id='word_1_581' title='bbox 1485 4305 1679 4375; x_wconf 86' lang='lat' dir='ltr'><strong>fuerit,</strong></span> <span class='ocrx_word' id='word_1_582' title='bbox 1712 4303 1880 4360; x_wconf 71' lang='lat' dir='ltr'><strong>nulla:</strong></span> <span class='ocrx_word' id='word_1_583' title='bbox 1918 4303 2060 4358; x_wconf 91' lang='lat' dir='ltr'><strong>item</strong></span> 
     </span>
    </p>
   </div>
   <div class='ocr_carea' id='block_1_76' title="bbox 424 4390 2060 4465">
    <p class='ocr_par' dir='ltr' id='par_1_76' title="bbox 424 4390 2060 4465">
     <span class='ocr_line' id='line_1_77' title="bbox 424 4390 2060 4465; baseline -0.002 -18"><span class='ocrx_word' id='word_1_584' title='bbox 424 4407 662 4463; x_wconf 87' lang='lat' dir='ltr'><strong>prorsus</strong></span> <span class='ocrx_word' id='word_1_585' title='bbox 693 4405 782 4447; x_wconf 90' lang='lat' dir='ltr'><strong>res</strong></span> <span class='ocrx_word' id='word_1_586' title='bbox 814 4390 1330 4464; x_wconf 88' lang='lat' dir='ltr'><strong>possessionesque</strong></span> <span class='ocrx_word' id='word_1_587' title='bbox 1362 4392 1506 4461; x_wconf 66' lang='lat' dir='ltr'><strong>aliis,</strong></span> <span class='ocrx_word' id='word_1_588' title='bbox 1540 4409 1744 4452; x_wconf 87' lang='lat' dir='ltr'><strong>verum</strong></span> <span class='ocrx_word' id='word_1_589' title='bbox 1777 4391 2060 4465; x_wconf 90' lang='lat' dir='ltr'><strong>quidquid</strong></span> 
     </span>
    </p>
   </div>
   <div class='ocr_carea' id='block_1_77' title="bbox 423 4465 2140 4552">
    <p class='ocr_par' dir='ltr' id='par_1_77' title="bbox 423 4465 2140 4552">
     <span class='ocr_line' id='line_1_78' title="bbox 423 4465 2140 4552; baseline 0 -16"><span class='ocrx_word' id='word_1_590' title='bbox 423 4481 770 4548; x_wconf 90' lang='lat' dir='ltr'><strong>obvenisset,</strong></span> <span class='ocrx_word' id='word_1_591' title='bbox 790 4481 848 4536; x_wconf 91' lang='lat' dir='ltr'><strong>id</strong></span> <span class='ocrx_word' id='word_1_592' title='bbox 881 4480 1092 4552; x_wconf 86' lang='lat' dir='ltr'><strong>partim</strong></span> <span class='ocrx_word' id='word_1_593' title='bbox 1117 4481 1270 4538; x_wconf 87' lang='lat' dir='ltr'><strong>ultro</strong></span> <span class='ocrx_word' id='word_1_594' title='bbox 1302 4483 1364 4539; x_wconf 90' lang='lat' dir='ltr'><strong>in</strong></span> <span class='ocrx_word' id='word_1_595' title='bbox 1397 4483 1725 4539; x_wconf 84' lang='lat' dir='ltr'><strong>fortunulas</strong></span> <span class='ocrx_word' id='word_1_596' title='bbox 1748 4498 1885 4538; x_wconf 91' lang='lat' dir='ltr'><strong>suas</strong></span> <span class='ocrx_word' id='word_1_597' title='bbox 1909 4481 2064 4536; x_wconf 91' lang='lat' dir='ltr'><strong>invo-</strong></span> <span class='ocrx_word' id='word_1_598' title='bbox 2095 4465 2140 4530; x_wconf 84' lang='lat' dir='ltr'><strong>D</strong></span> 
     </span>
    </p>
   </div>
   <div class='ocr_carea' id='block_1_78' title="bbox 423 4569 2062 4645">
    <p class='ocr_par' dir='ltr' id='par_1_78' title="bbox 423 4569 2062 4645">
     <span class='ocr_line' id='line_1_79' title="bbox 423 4569 2062 4645; baseline -0.001 -20"><span class='ocrx_word' id='word_1_599' title='bbox 423 4569 682 4626; x_wconf 86' lang='lat' dir='ltr'><strong>lantibus</strong></span> <span class='ocrx_word' id='word_1_600' title='bbox 730 4569 991 4639; x_wconf 88' lang='lat' dir='ltr'><strong>cesserit,</strong></span> <span class='ocrx_word' id='word_1_601' title='bbox 1042 4570 1256 4642; x_wconf 87' lang='lat' dir='ltr'><strong>partim</strong></span> <span class='ocrx_word' id='word_1_602' title='bbox 1317 4572 1374 4628; x_wconf 91' lang='lat' dir='ltr'><strong>in</strong></span> <span class='ocrx_word' id='word_1_603' title='bbox 1436 4587 1656 4645; x_wconf 89' lang='lat' dir='ltr'><strong>egenos</strong></span> <span class='ocrx_word' id='word_1_604' title='bbox 1723 4569 2062 4642; x_wconf 84' lang='lat' dir='ltr'><strong>profuderit,</strong></span> 
     </span>
    </p>
   </div>
   <div class='ocr_carea' id='block_1_79' title="bbox 424 4658 2062 4732">
    <p class='ocr_par' dir='ltr' id='par_1_79' title="bbox 424 4658 2062 4732">
     <span class='ocr_line' id='line_1_80' title="bbox 424 4658 2062 4732; baseline -0.001 -17"><span class='ocrx_word' id='word_1_605' title='bbox 424 4658 668 4732; x_wconf 85' lang='lat' dir='ltr'><strong>receptis</strong></span> <span class='ocrx_word' id='word_1_606' title='bbox 693 4658 805 4714; x_wconf 83' lang='lat' dir='ltr'><strong>sibi</strong></span> <span class='ocrx_word' id='word_1_607' title='bbox 839 4659 1010 4715; x_wconf 92' lang='lat' dir='ltr'><strong>modo</strong></span> <span class='ocrx_word' id='word_1_608' title='bbox 1057 4658 1434 4732; x_wconf 87' lang='lat' dir='ltr'><strong>retentisque,</strong></span> <span class='ocrx_word' id='word_1_609' title='bbox 1467 4662 1636 4718; x_wconf 88' lang='lat' dir='ltr'><strong>nirtis</strong></span> <span class='ocrx_word' id='word_1_610' title='bbox 1686 4660 2062 4732; x_wconf 89' lang='lat' dir='ltr'><strong>quibusdam,</strong></span> 
     </span>
    </p>
   </div>
   <div class='ocr_carea' id='block_1_80' title="bbox 422 4749 2062 4827">
    <p class='ocr_par' dir='ltr' id='par_1_80' title="bbox 422 4749 2062 4827">
     <span class='ocr_line' id='line_1_81' title="bbox 422 4749 2062 4827; baseline -0.002 -21"><span class='ocrx_word' id='word_1_611' title='bbox 422 4749 585 4821; x_wconf 89' lang='lat' dir='ltr'><strong>queis</strong></span> <span class='ocrx_word' id='word_1_612' title='bbox 617 4749 943 4821; x_wconf 88' lang='lat' dir='ltr'><strong>regebatur,</strong></span> <span class='ocrx_word' id='word_1_613' title='bbox 967 4749 1359 4811; x_wconf 89' lang='lat' dir='ltr'><strong>centunculis,</strong></span> <span class='ocrx_word' id='word_1_614' title='bbox 1384 4754 1442 4806; x_wconf 91' lang='lat' dir='ltr'><strong>et</strong></span> <span class='ocrx_word' id='word_1_615' title='bbox 1464 4751 1558 4807; x_wconf 90' lang='lat' dir='ltr'><strong>his</strong></span> <span class='ocrx_word' id='word_1_616' title='bbox 1581 4767 1719 4827; x_wconf 81' lang='lat' dir='ltr'><strong>sane</strong></span> <span class='ocrx_word' id='word_1_617' title='bbox 1740 4749 2062 4820; x_wconf 87' lang='lat' dir='ltr'><strong>vilissimis,</strong></span> 
     </span>
    </p>
   </div>
   <div class='ocr_carea' id='block_1_81' title="bbox 422 4836 2064 4912">
    <p class='ocr_par' dir='ltr' id='par_1_81' title="bbox 422 4836 2064 4912">
     <span class='ocr_line' id='line_1_82' title="bbox 422 4836 2064 4912; baseline 0.001 -19"><span class='ocrx_word' id='word_1_618' title='bbox 422 4839 671 4910; x_wconf 75' lang='lat' dir='ltr'><strong>vitaeque</strong></span> <span class='ocrx_word' id='word_1_619' title='bbox 703 4836 979 4910; x_wconf 73' lang='lat' dir='ltr'><strong>religiosae</strong></span> <span class='ocrx_word' id='word_1_620' title='bbox 1008 4837 1274 4910; x_wconf 86' lang='lat' dir='ltr'><strong>apprime</strong></span> <span class='ocrx_word' id='word_1_621' title='bbox 1326 4840 1804 4912; x_wconf 85' lang='lat' dir='ltr'><strong>congruentibus,</strong></span> <span class='ocrx_word' id='word_1_622' title='bbox 1844 4855 2064 4910; x_wconf 85' lang='lat' dir='ltr'><strong>paucu-</strong></span> 
     </span>
    </p>
   </div>
   <div class='ocr_carea' id='block_1_82' title="bbox 422 4926 2067 5001">
    <p class='ocr_par' dir='ltr' id='par_1_82' title="bbox 422 4926 2067 5001">
     <span class='ocr_line' id='line_1_83' title="bbox 422 4926 2067 5001; baseline 0.002 -20"><span class='ocrx_word' id='word_1_623' title='bbox 422 4927 607 4999; x_wconf 90' lang='lat' dir='ltr'><strong>lisque</strong></span> <span class='ocrx_word' id='word_1_624' title='bbox 638 4926 861 5000; x_wconf 90' lang='lat' dir='ltr'><strong>aliquot</strong></span> <span class='ocrx_word' id='word_1_625' title='bbox 907 4926 1095 4983; x_wconf 91' lang='lat' dir='ltr'><strong>libris.</strong></span> <span class='ocrx_word' id='word_1_626' title='bbox 1129 4927 1252 4984; x_wconf 88' lang='lat' dir='ltr'><strong>Huc</strong></span> <span class='ocrx_word' id='word_1_627' title='bbox 1305 4929 1588 4985; x_wconf 89' lang='lat' dir='ltr'><strong>accedunt</strong></span> <span class='ocrx_word' id='word_1_628' title='bbox 1633 4933 1689 4984; x_wconf 92' lang='lat' dir='ltr'><strong>et</strong></span> <span class='ocrx_word' id='word_1_629' title='bbox 1728 4927 1978 5001; x_wconf 79' lang='lat' dir='ltr'><strong>jejunis,</strong></span> <span class='ocrx_word' id='word_1_630' title='bbox 2010 4933 2067 4984; x_wconf 90' lang='lat' dir='ltr'><strong>ct</strong></span> 
     </span>
    </p>
   </div>
   <div class='ocr_carea' id='block_1_83' title="bbox 419 5017 2063 5090">
    <p class='ocr_par' dir='ltr' id='par_1_83' title="bbox 419 5017 2063 5090">
     <span class='ocr_line' id='line_1_84' title="bbox 419 5017 2063 5090; baseline 0 -17"><span class='ocrx_word' id='word_1_631' title='bbox 419 5017 952 5088; x_wconf 89' lang='lat' dir='ltr'><strong>humicubationes,</strong></span> <span class='ocrx_word' id='word_1_632' title='bbox 984 5021 1040 5072; x_wconf 92' lang='lat' dir='ltr'><strong>et</strong></span> <span class='ocrx_word' id='word_1_633' title='bbox 1087 5021 1382 5073; x_wconf 69' lang='lat' dir='ltr'><strong>nocturnae</strong></span> <span class='ocrx_word' id='word_1_634' title='bbox 1415 5018 1692 5090; x_wconf 88' lang='lat' dir='ltr'><strong>pertinaci</strong></span> <span class='ocrx_word' id='word_1_635' title='bbox 1744 5022 1893 5074; x_wconf 88' lang='lat' dir='ltr'><strong>statu</strong></span> <span class='ocrx_word' id='word_1_636' title='bbox 1932 5033 2063 5090; x_wconf 90' lang='lat' dir='ltr'><strong>per-</strong></span> 
     </span>
    </p>
   </div>
   <div class='ocr_carea' id='block_1_84' title="bbox 2240 3759 3815 3834">
    <p class='ocr_par' dir='ltr' id='par_1_84' title="bbox 2240 3759 3815 3834">
     <span class='ocr_line' id='line_1_85' title="bbox 2240 3759 3815 3834; baseline -0.003 -17"><span class='ocrx_word' id='word_1_637' title='bbox 2240 3762 2361 3817; x_wconf 83' lang='grc' dir='ltr'><strong>ΞΖ’.</strong></span> <span class='ocrx_word' id='word_1_638' title='bbox 2405 3762 2513 3829; x_wconf 79' lang='grc' dir='ltr'><strong>Τὴν</strong></span> <span class='ocrx_word' id='word_1_639' title='bbox 2573 3759 2628 3816; x_wconf 76' lang='grc' dir='ltr'><strong>δὲ</strong></span> <span class='ocrx_word' id='word_1_640' title='bbox 2687 3761 2824 3834; x_wconf 86' lang='grc' dir='ltr'>πρὸς</span> <span class='ocrx_word' id='word_1_641' title='bbox 2880 3761 3006 3821; x_wconf 80' lang='grc' dir='ltr'>τοὺς</span> <span class='ocrx_word' id='word_1_642' title='bbox 3065 3759 3301 3830; x_wconf 83' lang='grc' dir='ltr'>πένητας</span> <span class='ocrx_word' id='word_1_643' title='bbox 3349 3759 3615 3827; x_wconf 88' lang='grc' dir='ltr'>εὐποιίαν,</span> <span class='ocrx_word' id='word_1_644' title='bbox 3665 3763 3731 3830; x_wconf 78' lang='grc' dir='ltr'><strong>ἧς</strong></span> <span class='ocrx_word' id='word_1_645' title='bbox 3789 3759 3815 3812; x_wconf 83' lang='grc' dir='ltr'>ὁ</span> 
     </span>
    </p>
   </div>
   <div class='ocr_carea' id='block_1_85' title="bbox 2171 3845 3816 3926">
    <p class='ocr_par' dir='ltr' id='par_1_85' title="bbox 2171 3845 3816 3926">
     <span class='ocr_line' id='line_1_86' title="bbox 2171 3845 3816 3926; baseline -0.002 -19"><span class='ocrx_word' id='word_1_646' title='bbox 2171 3854 2296 3925; x_wconf 87' lang='grc' dir='ltr'>περὶ</span> <span class='ocrx_word' id='word_1_647' title='bbox 2323 3849 2709 3926; x_wconf 76' lang='grc' dir='ltr'>φιλοπτωχίας</span> <span class='ocrx_word' id='word_1_648' title='bbox 2743 3850 2908 3926; x_wconf 85' lang='grc' dir='ltr'>λόγος</span> <span class='ocrx_word' id='word_1_649' title='bbox 2935 3850 3328 3926; x_wconf 73' lang='grc' dir='ltr'>οὐρανομήκης</span> <span class='ocrx_word' id='word_1_650' title='bbox 3376 3845 3568 3919; x_wconf 69' lang='grc' dir='ltr'>ἕστηκε</span> <span class='ocrx_word' id='word_1_651' title='bbox 3614 3847 3816 3921; x_wconf 83' lang='grc' dir='ltr'>στήλη,</span> 
     </span>
    </p>
   </div>
   <div class='ocr_carea' id='block_1_86' title="bbox 2171 3936 3817 4013">
    <p class='ocr_par' dir='ltr' id='par_1_86' title="bbox 2171 3936 3817 4013">
     <span class='ocr_line' id='line_1_87' title="bbox 2171 3936 3817 4013; baseline -0.002 -17"><span class='ocrx_word' id='word_1_652' title='bbox 2171 3943 2256 3996; x_wconf 80' lang='grc' dir='ltr'>καὶ</span> <span class='ocrx_word' id='word_1_653' title='bbox 2293 3939 2408 3995; x_wconf 78' lang='grc' dir='ltr'>οἷόν</span> <span class='ocrx_word' id='word_1_654' title='bbox 2453 3962 2535 4002; x_wconf 90' lang='grc' dir='ltr'><strong>τις</strong></span> <span class='ocrx_word' id='word_1_655' title='bbox 2586 3940 2881 4013; x_wconf 80' lang='grc' dir='ltr'>νομοθεσία</span> <span class='ocrx_word' id='word_1_656' title='bbox 2919 3944 3015 3994; x_wconf 76' lang='grc' dir='ltr'>τοῦ</span> <span class='ocrx_word' id='word_1_657' title='bbox 3062 3940 3198 4012; x_wconf 89' lang='grc' dir='ltr'>πρὸς</span> <span class='ocrx_word' id='word_1_658' title='bbox 3242 3940 3371 4001; x_wconf 81' lang='grc' dir='ltr'>τοὺς</span> <span class='ocrx_word' id='word_1_659' title='bbox 3421 3937 3618 4000; x_wconf 82' lang='grc' dir='ltr'>ἐνδεεῖς</span> <span class='ocrx_word' id='word_1_660' title='bbox 3659 3936 3817 4011; x_wconf 79' lang='grc' dir='ltr'>εὐμε-</span> 
     </span>
    </p>
   </div>
   <div class='ocr_carea' id='block_1_87' title="bbox 2171 4028 3816 4103">
    <p class='ocr_par' dir='ltr' id='par_1_87' title="bbox 2171 4028 3816 4103">
     <span class='ocr_line' id='line_1_88' title="bbox 2171 4028 3816 4103; baseline -0.003 -17"><span class='ocrx_word' id='word_1_661' title='bbox 2171 4035 2314 4093; x_wconf 82' lang='grc' dir='ltr'>νοῦς,</span> <span class='ocrx_word' id='word_1_662' title='bbox 2376 4031 2466 4084; x_wconf 85' lang='grc' dir='ltr'>καὶ</span> <span class='ocrx_word' id='word_1_663' title='bbox 2527 4028 2764 4103; x_wconf 82' lang='grc' dir='ltr'>μάλιστα</span> <span class='ocrx_word' id='word_1_664' title='bbox 2819 4028 2948 4092; x_wconf 78' lang='grc' dir='ltr'>τοὺς</span> <span class='ocrx_word' id='word_1_665' title='bbox 3005 4030 3149 4102; x_wconf 86' lang='grc' dir='ltr'>νόσῳ</span> <span class='ocrx_word' id='word_1_666' title='bbox 3204 4029 3585 4101; x_wconf 71' lang='grc' dir='ltr'>πιεζομένους.</span> <span class='ocrx_word' id='word_1_667' title='bbox 3645 4028 3706 4083; x_wconf 88' lang='grc' dir='ltr'><strong>τό</strong></span> <span class='ocrx_word' id='word_1_668' title='bbox 3761 4047 3816 4081; x_wconf 90' lang='grc' dir='ltr'><strong>τε</strong></span> 
     </span>
    </p>
   </div>
   <div class='ocr_carea' id='block_1_88' title="bbox 2177 4117 3814 4197">
    <p class='ocr_par' dir='ltr' id='par_1_88' title="bbox 2177 4117 3814 4197">
     <span class='ocr_line' id='line_1_89' title="bbox 2177 4117 3814 4197; baseline -0.003 -22"><span class='ocrx_word' id='word_1_669' title='bbox 2177 4118 2343 4194; x_wconf 78' lang='grc' dir='ltr'>μηδὲν</span> <span class='ocrx_word' id='word_1_670' title='bbox 2396 4122 2619 4174; x_wconf 88' lang='grc' dir='ltr'>πώποτε</span> <span class='ocrx_word' id='word_1_671' title='bbox 2673 4120 2802 4191; x_wconf 80' lang='grc' dir='ltr'>μήτ’</span> <span class='ocrx_word' id='word_1_672' title='bbox 2847 4117 3080 4195; x_wconf 75' lang='grc' dir='ltr'>ἄργυρον</span> <span class='ocrx_word' id='word_1_673' title='bbox 3139 4121 3279 4193; x_wconf 82' lang='grc' dir='ltr'>μήτε</span> <span class='ocrx_word' id='word_1_674' title='bbox 3326 4119 3518 4197; x_wconf 87' lang='grc' dir='ltr'>χρισὸν</span> <span class='ocrx_word' id='word_1_675' title='bbox 3581 4117 3814 4197; x_wconf 78' lang='grc' dir='ltr'>ἐσχηκὲ-</span> 
     </span>
    </p>
   </div>
   <div class='ocr_carea' id='block_1_89' title="bbox 2173 4207 3814 4283">
    <p class='ocr_par' dir='ltr' id='par_1_89' title="bbox 2173 4207 3814 4283">
     <span class='ocr_line' id='line_1_90' title="bbox 2173 4207 3814 4283; baseline -0.003 -20"><span class='ocrx_word' id='word_1_676' title='bbox 2173 4231 2282 4281; x_wconf 88' lang='grc' dir='ltr'>ναι,</span> <span class='ocrx_word' id='word_1_677' title='bbox 2347 4211 2476 4283; x_wconf 79' lang='grc' dir='ltr'>μήτ’</span> <span class='ocrx_word' id='word_1_678' title='bbox 2552 4207 2732 4279; x_wconf 80' lang='grc' dir='ltr'>ἄλλην</span> <span class='ocrx_word' id='word_1_679' title='bbox 2805 4210 3056 4278; x_wconf 78' lang='grc' dir='ltr'>ἡντινοῦν</span> <span class='ocrx_word' id='word_1_680' title='bbox 3133 4208 3448 4281; x_wconf 81' lang='grc' dir='ltr'>τοπαράπαν</span> <span class='ocrx_word' id='word_1_681' title='bbox 3519 4208 3814 4277; x_wconf 77' lang='grc' dir='ltr'>κτήσασθαι</span> 
     </span>
    </p>
   </div>
   <div class='ocr_carea' id='block_1_90' title="bbox 2172 4295 3814 4370">
    <p class='ocr_par' dir='ltr' id='par_1_90' title="bbox 2172 4295 3814 4370">
     <span class='ocr_line' id='line_1_91' title="bbox 2172 4295 3814 4370; baseline -0.003 -17"><span class='ocrx_word' id='word_1_682' title='bbox 2172 4305 2381 4368; x_wconf 80' lang='grc' dir='ltr'>κτῆσιν,</span> <span class='ocrx_word' id='word_1_683' title='bbox 2427 4295 2572 4352; x_wconf 82' lang='grc' dir='ltr'>ἀλλὰ</span> <span class='ocrx_word' id='word_1_684' title='bbox 2623 4300 2730 4352; x_wconf 80' lang='grc' dir='ltr'><strong>τῶν</strong></span> <span class='ocrx_word' id='word_1_685' title='bbox 2793 4298 2890 4370; x_wconf 75' lang='grc' dir='ltr'>μὲν</span> <span class='ocrx_word' id='word_1_686' title='bbox 2950 4296 3205 4366; x_wconf 78' lang='grc' dir='ltr'>ἐκστῆναι</span> <span class='ocrx_word' id='word_1_687' title='bbox 3262 4301 3378 4358; x_wconf 85' lang='grc' dir='ltr'>τοῖς</span> <span class='ocrx_word' id='word_1_688' title='bbox 3431 4295 3814 4370; x_wconf 74' lang='grc' dir='ltr'>βουλομένοις,</span> 
     </span>
    </p>
   </div>
   <div class='ocr_carea' id='block_1_91' title="bbox 2171 4378 3814 4462">
    <p class='ocr_par' dir='ltr' id='par_1_91' title="bbox 2171 4378 3814 4462">
     <span class='ocr_line' id='line_1_92' title="bbox 2171 4378 3814 4462; baseline -0.003 -20"><span class='ocrx_word' id='word_1_689' title='bbox 2171 4385 2324 4442; x_wconf 79' lang='grc' dir='ltr'>τὰδὲ</span> <span class='ocrx_word' id='word_1_690' title='bbox 2370 4385 2624 4462; x_wconf 76' lang='grc' dir='ltr'>προέσθαι</span> <span class='ocrx_word' id='word_1_691' title='bbox 2667 4391 2784 4447; x_wconf 87' lang='grc' dir='ltr'>τοῖς</span> <span class='ocrx_word' id='word_1_692' title='bbox 2816 4384 3008 4457; x_wconf 76' lang='grc' dir='ltr'>πένησι</span> <span class='ocrx_word' id='word_1_693' title='bbox 3043 4405 3056 4417; x_wconf 89' lang='grc'>·</span> <span class='ocrx_word' id='word_1_694' title='bbox 3109 4383 3256 4454; x_wconf 78' lang='grc' dir='ltr'>πλὴν</span> <span class='ocrx_word' id='word_1_695' title='bbox 3291 4386 3366 4440; x_wconf 82' lang='grc' dir='ltr'>ὧν</span> <span class='ocrx_word' id='word_1_696' title='bbox 3414 4378 3814 4459; x_wconf 70' lang='grc' dir='ltr'>περιεϐέϐλητο</span> 
     </span>
    </p>
   </div>
   <div class='ocr_carea' id='block_1_92' title="bbox 2173 4471 3814 4552">
    <p class='ocr_par' dir='ltr' id='par_1_92' title="bbox 2173 4471 3814 4552">
     <span class='ocr_line' id='line_1_93' title="bbox 2173 4471 3814 4552; baseline -0.004 -19"><span class='ocrx_word' id='word_1_697' title='bbox 2173 4478 2435 4552; x_wconf 85' lang='grc' dir='ltr'>τριχίνων</span> <span class='ocrx_word' id='word_1_698' title='bbox 2489 4475 2715 4551; x_wconf 78' lang='grc' dir='ltr'>ῥακίων,</span> <span class='ocrx_word' id='word_1_699' title='bbox 2757 4476 2848 4531; x_wconf 88' lang='grc' dir='ltr'>καὶ</span> <span class='ocrx_word' id='word_1_700' title='bbox 2895 4474 3101 4530; x_wconf 85' lang='grc' dir='ltr'>τούτων</span> <span class='ocrx_word' id='word_1_701' title='bbox 3154 4474 3413 4543; x_wconf 82' lang='grc' dir='ltr'>εὐτελῶν,</span> <span class='ocrx_word' id='word_1_702' title='bbox 3463 4473 3552 4529; x_wconf 82' lang='grc' dir='ltr'><strong>καὶ</strong></span> <span class='ocrx_word' id='word_1_703' title='bbox 3600 4471 3814 4552; x_wconf 71' lang='grc' dir='ltr'>φιλοσο-</span> 
     </span>
    </p>
   </div>
   <div class='ocr_carea' id='block_1_93' title="bbox 2174 4557 3812 4644">
    <p class='ocr_par' dir='ltr' id='par_1_93' title="bbox 2174 4557 3812 4644">
     <span class='ocr_line' id='line_1_94' title="bbox 2174 4557 3812 4644; baseline -0.003 -23"><span class='ocrx_word' id='word_1_704' title='bbox 2174 4567 2271 4644; x_wconf 78' lang='grc' dir='ltr'>φίᾳ</span> <span class='ocrx_word' id='word_1_705' title='bbox 2299 4565 2641 4642; x_wconf 80' lang='grc' dir='ltr'>πρεπόντων,</span> <span class='ocrx_word' id='word_1_706' title='bbox 2673 4565 2762 4619; x_wconf 86' lang='grc' dir='ltr'><strong>καὶ</strong></span> <span class='ocrx_word' id='word_1_707' title='bbox 2817 4559 3052 4641; x_wconf 77' lang='grc' dir='ltr'>βιϐλίων</span> <span class='ocrx_word' id='word_1_708' title='bbox 3100 4562 3333 4640; x_wconf 89' lang='grc' dir='ltr'>ὀλίγων,</span> <span class='ocrx_word' id='word_1_709' title='bbox 3364 4557 3441 4619; x_wconf 70' lang='grc' dir='ltr'>ἔτι</span> <span class='ocrx_word' id='word_1_710' title='bbox 3479 4583 3537 4618; x_wconf 82' lang='grc' dir='ltr'><strong>τε</strong></span> <span class='ocrx_word' id='word_1_711' title='bbox 3568 4561 3812 4634; x_wconf 88' lang='grc' dir='ltr'>νηστείας</span> 
     </span>
    </p>
   </div>
   <div class='ocr_carea' id='block_1_94' title="bbox 2174 4652 3814 4732">
    <p class='ocr_par' dir='ltr' id='par_1_94' title="bbox 2174 4652 3814 4732">
     <span class='ocr_line' id='line_1_95' title="bbox 2174 4652 3814 4732; baseline -0.004 -20"><span class='ocrx_word' id='word_1_712' title='bbox 2174 4657 2265 4712; x_wconf 86' lang='grc' dir='ltr'><strong>καὶ</strong></span> <span class='ocrx_word' id='word_1_713' title='bbox 2311 4656 2635 4732; x_wconf 78' lang='grc' dir='ltr'>χαμευνίας,</span> <span class='ocrx_word' id='word_1_714' title='bbox 2683 4655 2773 4712; x_wconf 87' lang='grc' dir='ltr'>καὶ</span> <span class='ocrx_word' id='word_1_715' title='bbox 2832 4653 3043 4719; x_wconf 88' lang='grc' dir='ltr'>στάσεις</span> <span class='ocrx_word' id='word_1_716' title='bbox 3089 4653 3425 4730; x_wconf 86' lang='grc' dir='ltr'>παννύχους,</span> <span class='ocrx_word' id='word_1_717' title='bbox 3475 4656 3563 4707; x_wconf 85' lang='grc' dir='ltr'>καί</span> <span class='ocrx_word' id='word_1_718' title='bbox 3622 4652 3814 4708; x_wconf 86' lang='grc' dir='ltr'>συντό-</span> 
     </span>
    </p>
   </div>
   <div class='ocr_carea' id='block_1_95' title="bbox 2173 4739 3811 4820">
    <p class='ocr_par' dir='ltr' id='par_1_95' title="bbox 2173 4739 3811 4820">
     <span class='ocr_line' id='line_1_96' title="bbox 2173 4739 3811 4820; baseline -0.004 -20"><span class='ocrx_word' id='word_1_719' title='bbox 2173 4766 2298 4808; x_wconf 91' lang='grc' dir='ltr'>νους</span> <span class='ocrx_word' id='word_1_720' title='bbox 2378 4743 2614 4817; x_wconf 74' lang='grc' dir='ltr'>δεήσεις,</span> <span class='ocrx_word' id='word_1_721' title='bbox 2686 4746 2774 4800; x_wconf 84' lang='grc' dir='ltr'>καὶ</span> <span class='ocrx_word' id='word_1_722' title='bbox 2851 4745 3185 4820; x_wconf 84' lang='grc' dir='ltr'>στεναγμοὺς</span> <span class='ocrx_word' id='word_1_723' title='bbox 3263 4743 3354 4798; x_wconf 87' lang='grc' dir='ltr'>καὶ</span> <span class='ocrx_word' id='word_1_724' title='bbox 3428 4739 3652 4818; x_wconf 79' lang='grc' dir='ltr'>δάκρυα,</span> <span class='ocrx_word' id='word_1_725' title='bbox 3725 4739 3811 4795; x_wconf 83' lang='grc' dir='ltr'>καὶ</span> 
     </span>
    </p>
   </div>
   <div class='ocr_carea' id='block_1_96' title="bbox 2174 4832 3812 4914">
    <p class='ocr_par' dir='ltr' id='par_1_96' title="bbox 2174 4832 3812 4914">
     <span class='ocr_line' id='line_1_97' title="bbox 2174 4832 3812 4914; baseline -0.004 -21"><span class='ocrx_word' id='word_1_726' title='bbox 2174 4836 2434 4914; x_wconf 76' lang='grc' dir='ltr'>ἱδρῶτας,</span> <span class='ocrx_word' id='word_1_727' title='bbox 2464 4839 2553 4894; x_wconf 84' lang='grc' dir='ltr'><strong>καὶ</strong></span> <span class='ocrx_word' id='word_1_728' title='bbox 2602 4837 2748 4902; x_wconf 79' lang='grc' dir='ltr'>ὅλως</span> <span class='ocrx_word' id='word_1_729' title='bbox 2781 4839 2867 4900; x_wconf 76' lang='grc' dir='ltr'><strong>οἷς</strong></span> <span class='ocrx_word' id='word_1_730' title='bbox 2902 4839 2930 4892; x_wconf 78' lang='grc' dir='ltr'>ὁ</span> <span class='ocrx_word' id='word_1_731' title='bbox 2981 4837 3118 4893; x_wconf 86' lang='grc' dir='ltr'>κατᾶ</span> <span class='ocrx_word' id='word_1_732' title='bbox 3149 4834 3276 4892; x_wconf 78' lang='grc' dir='ltr'>Θεὸν</span> <span class='ocrx_word' id='word_1_733' title='bbox 3318 4832 3812 4912; x_wconf 82' lang='grc' dir='ltr'>χαρακτηρίζεσθαι</span> 
     </span>
    </p>
   </div>
   <div class='ocr_carea' id='block_1_97' title="bbox 2173 4921 3812 5006">
    <p class='ocr_par' dir='ltr' id='par_1_97' title="bbox 2173 4921 3812 5006">
     <span class='ocr_line' id='line_1_98' title="bbox 2173 4921 3812 5006; baseline -0.004 -24"><span class='ocrx_word' id='word_1_734' title='bbox 2173 4927 2404 5006; x_wconf 74' lang='grc' dir='ltr'>πέφυκεν</span> <span class='ocrx_word' id='word_1_735' title='bbox 2454 4927 2736 5002; x_wconf 79' lang='grc' dir='ltr'>ἄνθρωπος</span> <span class='ocrx_word' id='word_1_736' title='bbox 2768 4945 2783 4960; x_wconf 70' lang='grc' dir='ltr'><strong>ο</strong></span> <span class='ocrx_word' id='word_1_737' title='bbox 2831 4927 2904 4982; x_wconf 83' lang='grc' dir='ltr'>ὧν</span> <span class='ocrx_word' id='word_1_738' title='bbox 2939 4926 3098 4988; x_wconf 78' lang='grc' dir='ltr'>οὗτος</span> <span class='ocrx_word' id='word_1_739' title='bbox 3142 4921 3490 5001; x_wconf 82' lang='grc' dir='ltr'>παράδειγμα</span> <span class='ocrx_word' id='word_1_740' title='bbox 3527 4923 3614 4979; x_wconf 86' lang='grc' dir='ltr'>καὶ</span> <span class='ocrx_word' id='word_1_741' title='bbox 3645 4922 3812 4981; x_wconf 87' lang='grc' dir='ltr'>τύπος</span> 
     </span>
    </p>
   </div>
   <div class='ocr_carea' id='block_1_98' title="bbox 2172 5015 2634 5084">
    <p class='ocr_par' dir='ltr' id='par_1_98' title="bbox 2172 5015 2634 5084">
     <span class='ocr_line' id='line_1_99' title="bbox 2172 5015 2634 5084; baseline 0.004 -13"><span class='ocrx_word' id='word_1_742' title='bbox 2172 5023 2287 5078; x_wconf 78' lang='grc' dir='ltr'>τοῖς</span> <span class='ocrx_word' id='word_1_743' title='bbox 2318 5015 2512 5077; x_wconf 77' lang='grc' dir='ltr'>ἄλλοις</span> <span class='ocrx_word' id='word_1_744' title='bbox 2543 5017 2634 5084; x_wconf 78' lang='grc' dir='ltr'>ἧν.</span> 
     </span>
    </p>
   </div>
   <div class='ocr_carea' id='block_1_99' title="bbox 417 5101 3810 5180">
    <p class='ocr_par' dir='ltr' id='par_1_99' title="bbox 417 5101 3810 5180">
     <span class='ocr_line' id='line_1_100' title="bbox 417 5101 3810 5180; baseline -0.002 -18"><span class='ocrx_word' id='word_1_745' title='bbox 417 5106 806 5178; x_wconf 81' lang='lat' dir='ltr'><strong>vigilationes,</strong></span> <span class='ocrx_word' id='word_1_746' title='bbox 865 5111 922 5162; x_wconf 90' lang='lat' dir='ltr'><strong>et</strong></span> <span class='ocrx_word' id='word_1_747' title='bbox 971 5107 1220 5163; x_wconf 67' lang='lat' dir='ltr'><strong>assiduae</strong></span> <span class='ocrx_word' id='word_1_748' title='bbox 1276 5109 1664 5180; x_wconf 84' lang='lat' dir='ltr'><strong>ardentesque</strong></span> <span class='ocrx_word' id='word_1_749' title='bbox 1716 5124 1935 5180; x_wconf 87' lang='lat' dir='ltr'><strong>preces,</strong></span> <span class='ocrx_word' id='word_1_750' title='bbox 1992 5115 2046 5164; x_wconf 90' lang='lat' dir='ltr'><strong>et</strong></span> <span class='ocrx_word' id='word_1_751' title='bbox 2102 5108 2349 5180; x_wconf 82' lang='lat' dir='ltr'><strong>genitus,</strong></span> <span class='ocrx_word' id='word_1_752' title='bbox 2421 5116 2474 5163; x_wconf 92' lang='lat' dir='ltr'><strong>et</strong></span> <span class='ocrx_word' id='word_1_753' title='bbox 2547 5108 2837 5180; x_wconf 66' lang='lat' dir='ltr'><strong>lacryma,</strong></span> <span class='ocrx_word' id='word_1_754' title='bbox 2897 5113 2952 5163; x_wconf 89' lang='lat' dir='ltr'><strong>et</strong></span> <span class='ocrx_word' id='word_1_755' title='bbox 3027 5107 3290 5172; x_wconf 89' lang='lat' dir='ltr'><strong>sudores,</strong></span> <span class='ocrx_word' id='word_1_756' title='bbox 3347 5108 3404 5161; x_wconf 89' lang='lat' dir='ltr'><strong>et</strong></span> <span class='ocrx_word' id='word_1_757' title='bbox 3470 5101 3810 5160; x_wconf 83' lang='lat' dir='ltr'><strong>summatim</strong></span> 
     </span>
    </p>
   </div>
   <div class='ocr_carea' id='block_1_100' title="bbox 416 5193 3811 5268">
    <p class='ocr_par' dir='ltr' id='par_1_100' title="bbox 416 5193 3811 5268">
     <span class='ocr_line' id='line_1_101' title="bbox 416 5193 3811 5268; baseline -0.002 -17"><span class='ocrx_word' id='word_1_758' title='bbox 416 5195 704 5266; x_wconf 75' lang='lat' dir='ltr'><strong>quidquid</strong></span> <span class='ocrx_word' id='word_1_759' title='bbox 735 5195 985 5268; x_wconf 85' lang='lat' dir='ltr'><strong>religiosi</strong></span> <span class='ocrx_word' id='word_1_760' title='bbox 1015 5198 1317 5267; x_wconf 89' lang='lat' dir='ltr'><strong>sanctique</strong></span> <span class='ocrx_word' id='word_1_761' title='bbox 1346 5197 1602 5253; x_wconf 91' lang='lat' dir='ltr'><strong>hominis</strong></span> <span class='ocrx_word' id='word_1_762' title='bbox 1631 5197 2029 5254; x_wconf 89' lang='lat' dir='ltr'><strong>characterem</strong></span> <span class='ocrx_word' id='word_1_763' title='bbox 2058 5198 2194 5254; x_wconf 78' lang='lat' dir='ltr'><strong>facit</strong></span> <span class='ocrx_word' id='word_1_764' title='bbox 2223 5213 2288 5252; x_wconf 89' lang='lat' dir='ltr'><strong>ac</strong></span> <span class='ocrx_word' id='word_1_765' title='bbox 2320 5195 2586 5262; x_wconf 89' lang='lat' dir='ltr'><strong>absolvit,</strong></span> <span class='ocrx_word' id='word_1_766' title='bbox 2620 5198 2788 5267; x_wconf 87' lang='lat' dir='ltr'><strong>cujus</strong></span> <span class='ocrx_word' id='word_1_767' title='bbox 2821 5199 3018 5252; x_wconf 89' lang='lat' dir='ltr'><strong>noster</strong></span> <span class='ocrx_word' id='word_1_768' title='bbox 3047 5195 3178 5250; x_wconf 85' lang='lat' dir='ltr'><strong>aliis</strong></span> <span class='ocrx_word' id='word_1_769' title='bbox 3208 5193 3501 5264; x_wconf 81' lang='lat' dir='ltr'><strong>exemplar</strong></span> <span class='ocrx_word' id='word_1_770' title='bbox 3530 5208 3595 5249; x_wconf 89' lang='lat' dir='ltr'><strong>ac</strong></span> <span class='ocrx_word' id='word_1_771' title='bbox 3643 5197 3811 5262; x_wconf 79' lang='lat' dir='ltr'><strong>typus</strong></span> 
     </span>
    </p>
   </div>
   <div class='ocr_carea' id='block_1_101' title="bbox 417 5286 765 5358">
    <p class='ocr_par' dir='ltr' id='par_1_101' title="bbox 417 5286 765 5358">
     <span class='ocr_line' id='line_1_102' title="bbox 417 5286 765 5358; baseline 0 -18"><span class='ocrx_word' id='word_1_772' title='bbox 417 5286 590 5358; x_wconf 87' lang='lat' dir='ltr'><strong>plane</strong></span> <span class='ocrx_word' id='word_1_773' title='bbox 619 5287 765 5340; x_wconf 86' lang='lat' dir='ltr'><strong>erat.</strong></span> 
     </span>
    </p>
   </div>
   <div class='ocr_carea' id='block_1_102' title="bbox 488 5373 2058 5451">
    <p class='ocr_par' dir='ltr' id='par_1_102' title="bbox 488 5373 2058 5451">
     <span class='ocr_line' id='line_1_103' title="bbox 488 5373 2058 5451; baseline 0.001 -19"><span class='ocrx_word' id='word_1_774' title='bbox 488 5373 730 5432; x_wconf 90' lang='lat' dir='ltr'><strong>LXVIII.</strong></span> <span class='ocrx_word' id='word_1_775' title='bbox 782 5373 901 5447; x_wconf 85' lang='lat' dir='ltr'><strong>Ego</strong></span> <span class='ocrx_word' id='word_1_776' title='bbox 951 5392 1085 5434; x_wconf 88' lang='lat' dir='ltr'><strong>vero</strong></span> <span class='ocrx_word' id='word_1_777' title='bbox 1133 5377 1249 5447; x_wconf 90' lang='lat' dir='ltr'><strong>his,</strong></span> <span class='ocrx_word' id='word_1_778' title='bbox 1291 5381 1358 5435; x_wconf 90' lang='lat' dir='ltr'><strong>ut</strong></span> <span class='ocrx_word' id='word_1_779' title='bbox 1405 5395 1529 5451; x_wconf 75' lang='lat' dir='ltr'><strong>quea</strong></span> <span class='ocrx_word' id='word_1_780' title='bbox 1577 5394 1780 5436; x_wconf 90' lang='lat' dir='ltr'><strong>omnes</strong></span> <span class='ocrx_word' id='word_1_781' title='bbox 1830 5377 2058 5450; x_wconf 90' lang='lat' dir='ltr'><strong>pridem</strong></span> 
     </span>
    </p>
   </div>
   <div class='ocr_carea' id='block_1_103' title="bbox 419 5462 2060 5541">
    <p class='ocr_par' dir='ltr' id='par_1_103' title="bbox 419 5462 2060 5541">
     <span class='ocr_line' id='line_1_104' title="bbox 419 5462 2060 5541; baseline 0.001 -17"><span class='ocrx_word' id='word_1_782' title='bbox 419 5462 888 5538; x_wconf 87' lang='lat' dir='ltr'><strong>compertissima</strong></span> <span class='ocrx_word' id='word_1_783' title='bbox 934 5463 1173 5533; x_wconf 89' lang='lat' dir='ltr'><strong>habent,</strong></span> <span class='ocrx_word' id='word_1_784' title='bbox 1225 5468 1518 5541; x_wconf 86' lang='lat' dir='ltr'><strong>sepositis,</strong></span> <span class='ocrx_word' id='word_1_785' title='bbox 1571 5468 1644 5525; x_wconf 87' lang='lat' dir='ltr'><strong>ad</strong></span> <span class='ocrx_word' id='word_1_786' title='bbox 1691 5483 1971 5541; x_wconf 86' lang='lat' dir='ltr'><strong>magnum</strong></span> <span class='ocrx_word' id='word_1_787' title='bbox 2001 5471 2060 5525; x_wconf 86' lang='lat' dir='ltr'><strong>et</strong></span> 
     </span>
    </p>
   </div>
   <div class='ocr_carea' id='block_1_104' title="bbox 490 5645 1033 5722">
    <p class='ocr_par' dir='ltr' id='par_1_104' title="bbox 490 5645 1033 5722">
     <span class='ocr_line' id='line_1_105' title="bbox 490 5645 1033 5722; baseline 0 -13"><span class='ocrx_word' id='word_1_788' title='bbox 490 5647 540 5687; x_wconf 81' lang='grc'><strong><em>³⁵</em></strong></span> <span class='ocrx_word' id='word_1_789' title='bbox 577 5645 802 5710; x_wconf 81' lang='lat' dir='ltr'><strong>IJoan.</strong></span> <span class='ocrx_word' id='word_1_790' title='bbox 831 5661 912 5722; x_wconf 81' lang='grc' dir='ltr'><strong>ιν,</strong></span> <span class='ocrx_word' id='word_1_791' title='bbox 937 5647 1033 5709; x_wconf 79' lang='lat'><strong>20.</strong></span> 
     </span>
    </p>
   </div>
   <div class='ocr_carea' id='block_1_105' title="bbox 2243 5367 3810 5447">
    <p class='ocr_par' dir='ltr' id='par_1_105' title="bbox 2243 5367 3810 5447">
     <span class='ocr_line' id='line_1_106' title="bbox 2243 5367 3810 5447; baseline -0.003 -19"><span class='ocrx_word' id='word_1_792' title='bbox 2243 5376 2375 5430; x_wconf 84' lang='grc' dir='ltr'><strong>ΞΗ’.</strong></span> <span class='ocrx_word' id='word_1_793' title='bbox 2411 5376 2586 5430; x_wconf 83' lang='grc' dir='ltr'>Ταῦτα</span> <span class='ocrx_word' id='word_1_794' title='bbox 2621 5374 2716 5447; x_wconf 74' lang='grc' dir='ltr'>μὲν</span> <span class='ocrx_word' id='word_1_795' title='bbox 2765 5373 2858 5430; x_wconf 81' lang='grc' dir='ltr'><strong>οὗν</strong></span> <span class='ocrx_word' id='word_1_796' title='bbox 2908 5374 2983 5436; x_wconf 86' lang='grc' dir='ltr'>ὡς</span> <span class='ocrx_word' id='word_1_797' title='bbox 3033 5367 3241 5444; x_wconf 78' lang='grc' dir='ltr'>ἔκδηλα</span> <span class='ocrx_word' id='word_1_798' title='bbox 3265 5375 3383 5436; x_wconf 81' lang='grc' dir='ltr'>τοῖς</span> <span class='ocrx_word' id='word_1_799' title='bbox 3437 5373 3601 5428; x_wconf 71' lang='grc' dir='ltr'>ἅπασι</span> <span class='ocrx_word' id='word_1_800' title='bbox 3645 5386 3810 5444; x_wconf 83' lang='grc' dir='ltr'>παρα-</span> 
     </span>
    </p>
   </div>
   <div class='ocr_carea' id='block_1_106' title="bbox 2168 5461 3808 5540">
    <p class='ocr_par' dir='ltr' id='par_1_106' title="bbox 2168 5461 3808 5540">
     <span class='ocr_line' id='line_1_107' title="bbox 2168 5461 3808 5540; baseline -0.004 -21"><span class='ocrx_word' id='word_1_801' title='bbox 2168 5461 2340 5522; x_wconf 87' lang='grc' dir='ltr'>λίπω.</span> <span class='ocrx_word' id='word_1_802' title='bbox 2396 5464 2544 5539; x_wconf 86' lang='grc' dir='ltr'><strong>Ἐγὼ</strong></span> <span class='ocrx_word' id='word_1_803' title='bbox 2591 5461 2639 5518; x_wconf 85' lang='grc' dir='ltr'><strong>δ’</strong></span> <span class='ocrx_word' id='word_1_804' title='bbox 2682 5463 2772 5521; x_wconf 79' lang='grc' dir='ltr'>ἐπὶ</span> <span class='ocrx_word' id='word_1_805' title='bbox 2816 5463 2882 5520; x_wconf 86' lang='grc' dir='ltr'>τὸ</span> <span class='ocrx_word' id='word_1_806' title='bbox 2941 5463 3082 5540; x_wconf 75' lang='grc' dir='ltr'>μέγα</span> <span class='ocrx_word' id='word_1_807' title='bbox 3128 5462 3218 5520; x_wconf 86' lang='grc' dir='ltr'>καὶ</span> <span class='ocrx_word' id='word_1_808' title='bbox 3262 5461 3454 5540; x_wconf 82' lang='grc' dir='ltr'>σεμνὸν</span> <span class='ocrx_word' id='word_1_809' title='bbox 3511 5467 3611 5533; x_wconf 81' lang='grc' dir='ltr'><strong>τῆς</strong></span> <span class='ocrx_word' id='word_1_810' title='bbox 3665 5477 3808 5534; x_wconf 83' lang='grc' dir='ltr'>παρ-</span> 
     </span>
    </p>
   </div>
  </div>
