4092 6300
1239 342 1646 406 LAUDATIO
1692 343 1754 404 S.
1803 340 2178 405 GREGORII
2223 339 2637 404 THEOLOGI.

3519 319 3636 384 286

221 474 386 535 θενίας
447 471 676 530 στάδιον
729 471 1028 550 βαδιοῦμαι
1059 492 1073 506 ⁶
1137 475 1228 529 καὶ
1269 471 1426 545 δείξω
1464 473 1736 530 κάνταῦθα
1780 474 1874 528 τὸν

1990 474 2317 531 venerabile
2359 476 2646 545 perpetuis
2677 465 3023 543 virginitatis
3068 463 3321 520 stadium
3367 472 3634 550 propero,

217 564 464 634 ἀθλητὴν
510 562 837 642 στεφανίτην
873 582 886 594 ·
929 565 994 632 ἣν
1048 560 1342 638 ἐπειδήπερ
1392 563 1536 640 ἑώρα
1585 564 1665 638 μή
1718 563 1876 636 μένον

216 657 402 708 πασῶν
444 653 684 726 ἀρετῶν,
725 650 874 708 ἀλλά
923 653 1011 706 καὶ
1062 655 1276 725 θεσμῶν
1335 651 1724 727 ὑπερκειμένην
1771 657 1880 708 τῶν

215 741 402 810 θείων,
465 741 562 796 καὶ
604 747 724 802 τοῖς
776 740 1032 817 ἀγγέλοις
1093 739 1144 814 ἐξ
1201 739 1506 816 ἐναμίλλου
1566 746 1880 818 χωροῦσαν,

223 831 372 886 οὕτω
431 830 642 902 ταύτης
711 829 860 886 ἑάλω
924 831 1014 885 καὶ
1080 828 1223 886 οὕτω
1287 831 1526 904 καθάπαξ
1593 829 1879 900 ἐκτήσατο,

215 921 347 975 ὥσθ’
393 918 526 975 ὅσον
583 920 640 976 ἐν
679 926 813 975 πᾶσι
851 926 968 982 τοῖς
1008 918 1172 975 αὐτοῦ
1209 918 1337 982 τοὺς
1388 919 1596 983 ἄλλους
1647 919 1879 996 ἐκράτει,

211 1014 484 1064 τοσοῦτον
530 1010 770 1064 ἐντεῦθεν
824 1011 946 1082 [am
997 1010 1122 1066 add.
1175 1009 1360 1064 ἑαυτὸν
1382 1011 1432 1083 ⁸2]
1483 1009 1720 1086 ὑπερῆρε
1766 1011 1881 1064 σώ-

217 1119 396 1170 ματος
451 1100 550 1170 μὲν
600 1098 691 1152 καὶ
743 1101 927 1172 ψυχῆς
977 1097 1213 1174 ἁγνείαν,
1270 1099 1388 1172 μεθ’
1439 1097 1742 1175 ὑπερφυοῦς
1788 1097 1880 1173 ἐγ-

212 1188 476 1260 κρατείας
543 1188 674 1261 ὑπὲρ
743 1188 946 1250 πάντας
1007 1186 1247 1258 ἀσκήσας
1279 1207 1292 1220 ’
1335 1186 1386 1260 ἐξ
1446 1188 1519 1242 ὧν
1573 1186 1632 1242 δὶ
1680 1191 1714 1258 ἡ
1763 1193 1880 1251 τοῖς

217 1277 448 1351 μέλεσιν
489 1278 656 1348 ἡμῶν
710 1275 996 1332 ἐνοικοῦσα
1055 1273 1322 1347 δήπουθεν
1378 1277 1617 1352 ἁμαρτία
1661 1276 1881 1332 τούνδό-

215 1388 384 1440 σιμον
441 1363 672 1441 ἔχουσα,
720 1367 1157 1438 κατεξανίσταται
1215 1373 1317 1435 τῆς
1383 1369 1592 1441 ψυχῆς,
1640 1367 1731 1422 καὶ
1784 1368 1876 1422 τὸν

214 1457 479 1533 ἡγεμόνα
539 1456 666 1509 νοῦν
718 1454 901 1529 ὥσπερ
929 1453 1292 1530 αἰχμάλωτον
1337 1476 1454 1509 τινα
1504 1452 1699 1510 δοῦλον
1752 1455 1878 1510 ὑπο-

215 1550 383 1620 χεῖρα
427 1540 678 1600 λαϐοῦσα
726 1542 809 1621 ἐφ’
839 1542 871 1597 ἃ
905 1543 982 1616 μὴ
1037 1540 1121 1599 δεῖ
1171 1547 1454 1614 κατασπᾷ·
1503 1543 1593 1598 καὶ
1643 1549 1768 1602 νοῦν
1801 1545 1876 1609 ὡς

221 1634 391 1689 εἰπεῖν
445 1632 610 1689 ἄνουν
658 1630 962 1709 ἐργάζεται,
1014 1636 1184 1687 ταῦτα
1211 1631 1299 1687 καὶ
1344 1634 1570 1706 μνήμης
1616 1633 1875 1690 ἀπώσατο

223 1730 312 1792 τῆς
349 1721 548 1779 αὐτοῦ.

1993 564 2168 622 etiam
2200 564 2260 620 in
2289 580 2356 621 eo
2387 563 2666 619 athletam
2698 567 2959 616 nostrum
3003 570 3214 612 corona
3262 547 3635 607 meritissime

1991 653 2272 711 donatum
2303 658 2670 721 ostensurus,
2711 651 2811 723 qui
2848 663 2981 704 cum
3013 646 3164 701 hanc
3201 643 3473 696 virtutem
3519 653 3634 693 non

1992 745 2162 800 modo
2191 759 2370 815 supra
2399 741 2656 813 reliquas
2695 740 2935 794 virtutes
2965 749 3191 799 omnes,
3228 744 3428 786 verum
3459 726 3636 783 etiam

1993 849 2174 906 supra
2207 832 2304 888 Dei
2345 831 2536 904 ipsius
2563 831 2728 900 jussa
2757 843 2822 882 ac
2864 827 3148 896 pra-cepta
3190 818 3439 892 positam
3487 830 3640 906 esse,

1989 905 2161 993 atque
2204 937 2368 992 aquo
2421 935 2558 975 cum
2609 915 2833 989 angelis
2882 919 3066 970 marte
3113 914 3334 966 certare
3382 905 3638 961 animad-

1989 1015 2281 1079 verteret;
2321 1012 2401 1066 ita
2457 1009 2729 1080 protinus
2787 1005 2978 1076 specie
3036 1001 3196 1058 illius
3253 1004 3455 1069 captus
3510 998 3630 1060 est;

1991 1101 2190 1172 itaque
2221 1115 2387 1156 suam
2421 1097 2573 1154 hanc
2598 1095 2837 1152 omnino
2861 1094 3016 1158 fecit,
3047 1096 3112 1147 ut
3141 1092 3424 1162 quantum
3445 1083 3636 1141 omni-

1989 1191 2100 1246 bus
2132 1190 2191 1245 in
2241 1189 2435 1257 rebus,
2483 1187 2610 1243 suis
2655 1185 2781 1257 ipse
2828 1182 3104 1239 laudibus
3153 1178 3300 1234 alios
3345 1173 3636 1241 vincebat,

1985 1284 2215 1336 tantum
2263 1278 2399 1334 hinc
2449 1275 2537 1332 vel
2588 1273 2971 1346 semetipsum
3021 1267 3332 1342 superarit,
3383 1263 3636 1337 perfecta

1984 1367 2270 1424 nimirum
2301 1367 2567 1438 corporis
2589 1363 2810 1436 pariter
2840 1361 3162 1431 animaque
3193 1355 3480 1417 castitate,
3498 1367 3633 1408 cum

1988 1457 2185 1514 divina
2225 1457 2476 1528 quadam
2507 1453 2886 1518 continentia,
2929 1454 3135 1522 praeter
3183 1449 3419 1502 caeteros
3451 1438 3632 1497 excel-

1987 1547 2116 1605 lens
2145 1564 2159 1614 ;
2191 1547 2387 1604 adhaec
2417 1561 2505 1615 ea,
2538 1546 2692 1602 unde
2735 1542 3074 1600 inhabitans
3118 1539 3178 1593 in
3224 1532 3504 1591 membris
3533 1545 3630 1586 no-

1987 1639 2129 1695 stris
2160 1643 2462 1710 peccatum
2493 1637 2558 1704 τσ,
2599 1633 2769 1706 quasi
2792 1630 3036 1687 classico
3067 1627 3323 1700 quodam
3355 1621 3634 1680 exstimu-

1985 1726 2194 1793 latum,
2227 1726 2504 1782 adversus
2535 1723 2794 1780 animam
2827 1717 3106 1784 rebellat;
3138 1721 3195 1771 et
3219 1713 3535 1786 principem
3569 1723 3635 1763 ac

227 1813 680 1872 moderatricem
771 1815 1051 1881 mentem,
1126 1817 1407 1884 tanquam
1488 1820 1717 1886 captum
1790 1813 1945 1872 bello
2017 1816 2376 1888 mancipium
2440 1814 2553 1871 sibi
2627 1811 2966 1882 subjiciens,
3026 1807 3095 1862 ad
3155 1801 3371 1859 nefaria
3420 1797 3636 1899 quasvis

229 1905 508 1972 detrudit,
568 1910 942 1975 mentemque
994 1907 1284 1960 amentem
1342 1907 1404 1958 ut
1448 1902 1528 1960 ita
1575 1903 1767 1960 dicam
1817 1905 1995 1964 efﬁcit
2035 1922 2049 1960 :
2102 1906 2244 1977 hac,
2295 1906 2560 1978 inquam,
2617 1904 2794 1958 etiam
2844 1916 2880 1955 a
2923 1896 3200 1954 memoria
3247 1909 3355 1950 sua
3401 1895 3633 1962 penitus

232 1995 465 2068 repulit.

290 2086 426 2139 38'.
460 2079 610 2141 Οὐδὲ
650 2080 751 2156 γάρ
795 2081 937 2138 ἐστιν
984 2082 1086 2138 οὐκ
1134 2079 1276 2138 ἔστιν
1329 2080 1490 2138 οὐδὲν
1536 2083 1608 2152 [Ι.
1641 2080 1755 2137 οὐδ’
1795 2082 1880 2157 ἄν]

2063 2085 2255 2142 LXIX.
2291 2085 2441 2142 Fieri
2481 2084 2638 2140 enim
2682 2099 2796 2139 non
2839 2084 3043 2154 potest,
3087 2092 3203 2133 non
3245 2075 3434 2146 potest
3473 2085 3631 2138 vero,

234 2170 406 2240 ἐπειδή
467 2173 550 2243 μή
598 2172 790 2247 γέγονε
836 2172 1049 2247 γένοιτο
1121 2170 1251 2235 τοὺς
1303 2169 1600 2244 ἑλομένους
1651 2177 1878 2252 τρυφᾷν,

240 2262 313 2315 καὶ
342 2261 654 2333 πλησμονῇ
685 2260 773 2314 καὶ
813 2261 964 2335 κόρῳ
1013 2257 1382 2329 δουλεύοντας
1435 2267 1706 2336 σαρκικῶν
1754 2265 1882 2317 ποθ’

244 2349 430 2419 ἡδονῶν
493 2354 789 2424 περιεῖναι,
857 2350 948 2403 καί
1029 2349 1106 2421 μή
1164 2348 1385 2404 πάθεσιν
1442 2350 1696 2425 αἰσχροῖς
1751 2351 1880 2407 ὑπο-

247 2441 431 2493 κεῖσθαι
454 2459 468 2471 ·
509 2438 574 2492 οὗ
630 2435 842 2511 μᾶλλόν
893 2459 954 2514 γε
983 2437 1017 2506 ἢ
1048 2438 1141 2493 τὸν
1179 2437 1254 2501 εἷς
1284 2443 1392 2512 πῦρ
1440 2437 1764 2511 ἐμπεσόντα,
1799 2442 1876 2512 μὴ

251 2530 325 2582 καὶ
372 2535 469 2598 τῆς
532 2528 736 2583 τούτου
795 2527 1004 2605 φλογὸς
1073 2530 1477 2604 πεπειρᾶσθαι·
1531 2529 1574 2584 εἰ
1625 2530 1732 2604 γὰρ
1787 2531 1876 2586 καὶ

250 2617 426 2672 τούτων
490 2614 642 2673 ἔστιν
695 2615 750 2672 οἳ
799 2618 864 2672 τὸ
915 2615 1091 2673 δοκεῖν
1147 2622 1535 2693 σωφρονοῦσιν,
1595 2616 1724 2673 ἀλλ’
1779 2620 1883 2694 ἄρα

244 2713 345 2767 τοῖς
387 2707 720 2783 λογισμοῖς,
773 2706 852 2770 εἷς
899 2707 1332 2781 πεπορνευκότας
1371 2706 1614 2777 τελοῦσι,
1663 2709 1750 2763 καὶ
1795 2709 1884 2764 δό-

237 2797 314 2866 ξαν
353 2799 657 2871 παρθενίας
707 2801 826 2859 τοῖς
882 2793 1080 2858 ἄλλοις
1139 2793 1404 2868 διδόντες,
1453 2794 1748 2852 ἀκολασίαν
1800 2801 1882 2861 οἷς

229 2881 354 2962 ἔφην
393 2889 663 2940 νοσοῦσι·
699 2883 782 2939 δεῖ
829 2883 885 2940 δὲ
935 2885 1024 2940 καὶ
1074 2889 1218 2940 πᾶσα
1263 2885 1495 2962 ἀνάγκη,
1534 2887 1625 2940 τὸν
1675 2888 1872 2961 παρθε-

223 2973 388 3030 νεύειν
425 2975 508 3037 ὡς
540 2974 767 3044 ἀληθῶς
805 2974 1109 3048 ᾑρημένον,
1163 2974 1306 3030 οὕτω
1336 2977 1434 3043 τήν
1481 2977 1667 3051 ψυχὴν
1696 2975 1874 3045 ἀπαθῆ

220 3066 564 3118 παντάπασιν
615 3061 820 3142 ἴσχειν,
861 3065 935 3124 ὡς
981 3062 1122 3136 μηδὲ
1160 3064 1333 3135 ψιλήν
1370 3084 1492 3119 τινα
1534 3069 1665 3139 γοῦν
1705 3085 1874 3137 προσ-

220 3148 399 3221 ϐολήν
451 3153 499 3207 εἰ
545 3153 659 3207 οἶόν
698 3173 756 3207 τε
800 3152 1082 3228 λογισμῶν
1129 3151 1347 3208 ἀτόπων
1401 3151 1688 3229 δέχεσθαι·
1733 3153 1876 3210 οὕτω

221 3241 324 3316 γάρ
374 3242 436 3295 ἄν
501 3240 586 3311 εἴη
647 3239 1024 3315 ἐξολοκλήρου
1079 3243 1230 3297 τοῦθ’
1283 3242 1418 3317 ὅπερ
1464 3244 1671 3317 αἱρεται
1720 3247 1877 3319 ψυχῇ

219 3331 542 3404 καθαρεύων
573 3330 667 3385 καὶ
699 3331 935 3405 σώματι.

1989 2174 2256 2248 inquam,
2280 2191 2386 2232 nec
2417 2175 2706 2248 siquidem
2729 2170 2888 2228 nullo
2913 2169 3106 2226 adhuc
3127 2171 3386 2235 tempore
3414 2162 3630 2218 factum

1991 2265 2122 2333 fuit,
2152 2265 2210 2320 in
2243 2269 2543 2338 posterum
2577 2277 2837 2334 unquam
2870 2260 2988 2325 ﬂet,
3021 2261 3083 2313 ut
3111 2255 3207 2326 qui
3239 2251 3476 2309 delicias
3507 2249 3632 2305 vitae

1989 2359 2418 2423 consectantur,
2450 2355 2753 2424 ventrique
2793 2347 3155 2406 saburrando
3208 2340 3626 2399 exsaturando-

1988 2459 2102 2516 que
2135 2445 2416 2511 serviunt,
2446 2443 2626 2499 iidem
2654 2439 2905 2496 domitas
2935 2437 3188 2492 habeant
3216 2428 3629 2504 corporislibi-

1989 2532 2176 2602 dines,
2210 2533 2571 2604 impurisque
2599 2531 2802 2586 vacent
2843 2523 3404 2598 perturbationibus,
3445 2516 3627 2574 nihilo

1987 2621 2254 2693 equidem
2303 2621 2512 2693 magis,
2561 2635 2739 2692 quam
2791 2622 2855 2673 ut
2902 2616 3166 2671 ardorem
3213 2612 3462 2666 ﬂammae
3510 2621 3624 2661 non
3674 2643 3676 2646 μ

1991 2710 2291 2784 percipiat,
2326 2711 2425 2782 qui
2467 2709 2525 2764 in
2563 2709 2756 2782 ignem
2800 2705 3026 2762 incidit.
3066 2702 3186 2758 Etsi
3231 2700 3387 2755 enim
3430 2705 3483 2751 et
3530 2695 3630 2784 ho-

1989 2783 2118 2857 rum
2151 2801 2417 2856 nonnulli
2443 2808 2600 2856 caste
2629 2797 3113 2866 oontinenterque
3150 2791 3513 2848 extrinsecus
3542 2783 3626 2840 vi-

1987 2907 2116 2947 vere
2148 2891 2474 2958 videantur,
2525 2887 2752 2945 intimis
2789 2893 2984 2942 tamen
3025 2881 3206 2940 animi
3249 2876 3520 2934 sensibus
3564 2890 3632 2928 ex

1987 2997 2192 3037 eorum
2225 2997 2469 3038 numero
2503 2984 2662 3045 sunt,
2694 2979 2794 3051 qui
2826 2974 3120 3033 obscmnis
3150 2987 3280 3029 sese
3301 2968 3636 3040 polluerunt

1986 3069 2355 3140 libidinibus,
2389 3075 2444 3124 et
2472 3069 2573 3141 qui
2603 3067 2739 3125 licet
2769 3066 2899 3124 aliis
2948 3064 3123 3120 rebus
3168 3060 3401 3116 illibatae
3450 3055 3628 3127 virgi-

1993 3158 2190 3216 nitatis
2214 3159 2546 3232 opinionem
2573 3159 2642 3214 de
2665 3174 2727 3214 se
2749 3155 3062 3228 prebeant,
3093 3151 3196 3207 illa
3216 3153 3432 3214 tamen,
3459 3160 3630 3217 quam

1987 3248 2243 3304 diximus
2275 3253 2457 3320 parte,
2491 3245 2930 3305 incontinentiae
2964 3242 3167 3299 morbo
3184 3240 3517 3311 jactantur;
3548 3239 3636 3289 at-

1989 3338 2089 3409 qui
2122 3337 2222 3409 qui
2257 3338 2361 3393 hoc
2393 3341 2606 3393 sancta
2639 3335 2925 3408 pudicitia
2959 3331 3138 3387 decus
3169 3333 3391 3385 sartum
3414 3328 3630 3380 tectum

218 3422 370 3476 tueri
407 3420 730 3488 constituit,
781 3421 939 3478 hunc
981 3426 1225 3494 oportet,
1272 3423 1388 3478 imo
1436 3422 1606 3494 plane
1657 3439 1893 3482 necesse
1940 3432 2050 3492 est,
2098 3443 2284 3499 usque
2331 3428 2475 3483 adeo
2524 3441 2733 3495 puram
2784 3427 3188 3494 integramque
3235 3419 3308 3474 ab
3364 3415 3637 3484 hujusce-

219 3511 382 3566 modi
447 3509 826 3582 passionibus
887 3511 1145 3567 animam
1207 3511 1440 3581 habere,
1500 3517 1563 3569 ut
1617 3530 1722 3570 nec
1779 3515 2158 3584 levissimam,
2213 3516 2260 3572 si
2310 3515 2436 3573 ﬂeri
2488 3519 2684 3587 queat,
2741 3511 3171 3584 turpicularum
3219 3504 3632 3577 cogitationum

219 3601 700 3674 impressionem,
737 3603 808 3656 ad
842 3601 1027 3672 ipsam
1058 3602 1320 3658 accidere
1350 3603 1538 3659 sinat:
1573 3602 1682 3659 hoc
1721 3606 1877 3660 enim
1909 3609 2098 3676 pacto,
2133 3610 2392 3678 quantus
2421 3614 2675 3678 quantus
2721 3608 2834 3672 est,
2874 3603 2931 3658 id
2981 3600 3138 3673 quod
3183 3597 3408 3670 quarit,
3442 3594 3637 3649 anima

220 3705 282 3746 ac
314 3705 568 3762 corpore
600 3689 856 3744 mundus
887 3690 1017 3746 erit.

285 3781 372 3834 0'.
428 3775 634 3832 Τούτου
691 3776 873 3832 τοίνυν
923 3775 1018 3832 ’ίνα
1067 3777 1157 3832 καὶ
1207 3777 1360 3842 αὖθις
1409 3775 1737 3836 ἐπαναλάϐω
1784 3781 1876 3836 τὸν

2064 3783 2224 3840 LXX.
2257 3784 2499 3840 Tantam
2532 3783 2712 3856 igitur
2755 3781 2864 3838 hac
2893 3781 2950 3836 in
2983 3795 3044 3835 re
3083 3775 3389 3848 Gregorius
3432 3785 3632 3827 curam

221 3865 403 3944 λόγον
455 3865 633 3929 οὕτως
685 3865 920 3939 ἐμέλησε
973 3867 1286 3943 Γρηγορίῳ,
1339 3869 1530 3932 ὡςκαί
1563 3871 1653 3925 τὸν
1687 3872 1884 3946 παρθε-

216 3957 332 4019 νίας
397 3954 688 4028 ἐπώνυμον
747 3957 836 4010 καὶ
889 3956 1143 4031 μέγιστον
1205 3963 1319 4012 κατ’
1377 3957 1534 4013 αὐτὸν
1587 3959 1882 4035 Θεολόγον,

219 4043 401 4118 μηδὲν
450 4040 604 4120 ἔχειν
661 4043 828 4101 πλέον
879 4045 1069 4103 ἐᾶσαι·
1122 4046 1252 4103 ἀλλ’
1305 4046 1484 4122 ὥσπερ
1519 4049 1568 4103 ὲν
1632 4055 1710 4121 τῷ
1758 4050 1881 4124 περὶ

216 4139 357 4190 Θεοῦ
430 4133 636 4209 λέγειν,
725 4133 868 4189 οὕτω
953 4137 1234 4191 κάντεῦθεν
1320 4137 1625 4210 προσόμοις
1695 4138 1883 4211 ἰκείνῳ

215 4223 497 4301 γενέσθαι,
556 4225 645 4278 καὶ
705 4225 926 4299 προσέτι
978 4223 1263 4302 θεοφιλὴς,
1314 4227 1390 4287 ὠς
1437 4225 1723 4304 ἒκατέρους
1771 4227 1883 4284 ἀλ-

217 4313 430 4383 λήλοις
474 4310 652 4366 διίσου
697 4313 785 4366 καὶ
837 4312 1038 4384 ὁμοίου
1087 4319 1327 4389 χωρεῖν·
1382 4317 1472 4370 καὶ
1525 4312 1614 4371 δια
1664 4317 1882 4373 πάντων

219 4397 601 4476 περιϐοήτους
634 4401 826 4456 ἅπασιν
857 4403 989 4457 εἶναι
1013 4445 1028 4459 .
1071 4407 1142 4459 ”A
1185 4405 1280 4477 μὲν
1323 4403 1414 4458 οῦν
1454 4406 1576 4480 περί
1617 4410 1725 4461 τῶν
1757 4407 1884 4481 ἀρε-

220 4497 333 4547 τῶν
367 4488 544 4567 ἐχρῆν
583 4487 834 4560 διελθεῖν,
876 4492 962 4546 καὶ
995 4496 1188 4548 τοῦτον
1221 4491 1534 4569 ἒπσσταχοῦ
1564 4492 1883 4571 προῦχοντα

227 4578 424 4650 δεῖξαι,
475 4578 574 4634 οὐκ
623 4576 816 4642 ἐνδεῶς
868 4581 1110 4654 εἰρῆσθαι
1163 4603 1256 4654 μοι
1313 4579 1478 4653 δοκῶ,
1523 4583 1652 4638 ὥσθ’
1698 4584 1728 4639 ὅ
1758 4587 1880 4660 περὶ

226 4669 658 4746 Ἀριστοφάνους
744 4668 910 4747 ἔφησε
992 4669 1246 4742 Πλάτων,
1311 4676 1459 4728 τοῦτ’
1543 4675 1738 4749 ἔμοιγε
1793 4677 1881 4730 νῦν

230 4753 572 4834 ὂικαιότερὸν
633 4757 745 4813 ἐστι
803 4760 964 4834 φάναι
999 4777 1011 4790 ·
1071 4759 1148 4823 ὡς
1181 4758 1282 4834 ἄρα
1339 4765 1524 4816 πασῶν
1573 4763 1777 4836 ἀρετῶν
1828 4766 1886 4819 αἱ

230 4848 461 4920 Χάριτες
529 4847 751 4920 τέμενός
809 4869 864 4903 τι
927 4847 1182 4925 λαμπρὸν
1247 4847 1378 4926 ὅπερ
1447 4850 1574 4930 οὐχὶ
1644 4857 1885 4908 πεσεῖται

234 4940 519 5007 ζητοῦσαι,
555 4938 740 5013 ψυχήν
789 4938 945 5008 εὗρον
986 4940 1086 5009 τήν
1124 4936 1282 4995 τοῦδε
1311 4957 1326 4972 '
1382 4937 1631 5013 ἐπάνειμι
1683 4938 1740 4996 δὲ
1787 4941 1884 4996 αὖ·

235 5028 318 5088 θις
349 5024 438 5080 ἐπὶ
471 5025 537 5080 τὰ
567 5026 796 5100 πρόσθεν
823 5048 836 5060 ·
882 5025 1068 5096 ἐπειδὴ
1120 5024 1207 5082 διὰ
1242 5029 1493 5104 βραχέων
1533 5029 1609 5084 ὧν
1656 5026 1888 5086 ἐϐουλό-

241 5137 348 5186 μην
383 5113 524 5188 ἒμνή
534 5116 689 5185 σθην.

1992 3888 2340 3944 operamque
2370 3873 2621 3944 ponebat
2649 3871 2864 3940 (denuo
2896 3868 3052 3924 enim
3082 3867 3151 3921 ad
3186 3864 3520 3920 institutum
3538 3874 3634 3913 re-

1993 3966 2187 4017 vertor
2217 3964 2594 4032 sermonem),
2629 3969 2690 4016 ut
2719 3959 2962 4015 dubiam
2985 3956 3155 4027 plane
3175 3952 3425 4026 palmam
3447 3949 3530 4004 illi
3555 3949 3636 4003 fa-

1993 4057 2167 4119 ceret,
2201 4050 2300 4123 qui
2332 4069 2365 4107 a
2394 4051 2725 4122 virginitate
2753 4062 3068 4120 cognomen
3093 4042 3336 4111 invenit,
3370 4054 3638 4109 unusque

1994 4141 2261 4197 omnium
2300 4141 2592 4196 maximus
2638 4144 2834 4195 nostro
2883 4133 3216 4206 Theologus
3248 4132 3485 4187 habitus
3527 4128 3641 4183 fuit

1993 4231 2225 4301 (Joanni
2282 4229 2690 4297 evangelista),
2764 4227 2882 4282 imo
2939 4240 3072 4279 vero
3139 4219 3632 4295 quemadmodum

1995 4317 2316 4389 pandendis
2347 4316 2666 4373 divinitatis
2685 4313 3000 4388 mysteriis,
3024 4313 3106 4368 ita
3126 4311 3235 4366 hac
3256 4310 3427 4366 etiam
3453 4310 3636 4377 parte,

1995 4412 2253 4483 proxime
2308 4411 2380 4465 ad
2428 4409 2595 4466 illum
2643 4409 2959 4474 accederet,
3002 4420 3186 4477 neque
3236 4402 3431 4458 minus
3478 4397 3635 4469 apud

1994 4501 2175 4556 Deum
2209 4500 2500 4571 gratiosus
2529 4501 2706 4565 esset,
2737 4501 2800 4552 ut
2831 4494 2971 4551 adeo
3003 4508 3164 4566 equo
3196 4493 3347 4547 inter
3378 4504 3440 4544 se
3460 4488 3633 4542 ambo

1995 4589 2284 4660 similique
2314 4589 2485 4660 plane
2515 4586 2787 4646 incedant
2806 4585 2987 4657 gradu
3011 4600 3026 4652 ;
3059 4583 3201 4640 etab
3224 4579 3498 4637 omnibus
3519 4592 3639 4631 ma-

1996 4679 2182 4735 ximos
2214 4691 2638 4750 usquequaque
2667 4675 2948 4732 clamores
2969 4673 3321 4745 plaususque
3347 4667 3634 4723 auferant.

1993 4768 2124 4824 Jam
2153 4768 2366 4839 itaque,
2391 4783 2518 4838 qua:
2538 4767 2609 4821 de
2631 4765 2944 4820 virtutibus
2964 4760 3304 4818 summatim
3325 4758 3641 4819 disserere,

1997 4872 2412 4927 summamque
2442 4855 2622 4912 nostri
2661 4854 2720 4910 in
2751 4853 3025 4910 omnibus
3049 4851 3503 4906 commonstrare
3533 4843 3639 4898 ha-

1996 4947 2201 5003 bebam
2253 4944 2668 5018 praestantiam,
2723 4943 2880 4999 haud
2934 4940 3143 5012 impari
3193 4936 3424 5010 penitus
3471 4933 3641 4988 mode

1995 5035 2282 5091 hactenus
2312 5033 2573 5105 exposita
2602 5047 2727 5088 esse
2761 5047 2911 5097 reor,
2945 5029 3028 5084 ita
3061 5032 3123 5084 ut
3152 5025 3303 5098 quod
3335 5025 3407 5080 de
3425 5022 3646 5078 Aristo-

1915 5106 1962 5171 D
1997 5124 2186 5195 phane
2216 5123 2355 5179 olim
2387 5121 2551 5179 Plato
2574 5120 3022 5193 pronuntiabat,
3055 5115 3197 5172 illud
3223 5130 3379 5170 nunc
3405 5110 3647 5169 meliore

230 5198 361 5268 iure
401 5206 473 5262 ad
523 5205 683 5262 hunc
731 5211 998 5264 nostrum
1050 5209 1348 5265 transferri
1382 5226 1414 5264 a
1445 5225 1538 5267 me
1589 5211 1794 5284 possit,
1839 5212 2062 5270 scilicet
2109 5213 2264 5285 quod
2313 5212 2521 5269 Gratiis
2575 5208 3124 5285 splendidissimum
3173 5203 3466 5276 quoddam
3513 5216 3643 5257 om-

239 5296 395 5352 nium
455 5295 762 5366 virtutum,
829 5313 936 5354 nec
994 5314 1255 5370 unquam
1314 5299 1732 5357 inserviturum
1791 5301 1991 5358 fanum
2051 5302 2473 5374 perquirentes,
2544 5302 2802 5358 animam
2868 5295 3128 5370 Gregorii
3175 5291 3491 5368 repererint
3536 5289 3636 5361 (i).

313 5477 360 5514 ²⁶
386 5477 555 5537 Rom.
587 5494 690 5550 vn,
723 5477 811 5548 17,
841 5478 934 5536 23.

315 5657 390 5730 (1)
413 5655 656 5716 Thomas
683 5661 882 5718 noster
908 5658 970 5718 in
1000 5657 1137 5718 Vita
1162 5658 1591 5734 Aristophanis.
