4092 6300
429 354 546 415 287

1725 362 2122 424 THEODULI
2170 362 2522 426 MONACHI

3702 365 3818 425 288

426 489 637 548 Paucis
685 493 882 566 igitur.
943 510 1070 565 qua
1122 496 1452 568 cupiebam,
1501 497 1658 553 hunc
1713 499 1772 554 in
1827 500 2068 554 modum
2118 499 2436 571 explicatis,
2466 499 2535 554 ad
2593 497 2949 571 superiorem
3001 496 3130 552 vitae
3189 498 3574 554 narrationem
3619 498 3817 570 pedem

421 599 579 639 nunc
609 584 813 642 refero.

496 673 683 730 LXXI.
719 674 820 730 His
850 691 1019 748 porro
1048 677 1104 731 in
1138 677 1311 734 rebus
1352 681 1598 736 versanti
1639 681 1805 736 beato
1843 680 2059 752 Grego—

2243 679 2367 736 OA'.
2416 678 2504 734 Ἐν
2555 677 2734 732 τοίνυν
2793 677 3068 738 τοιούτοις
3126 674 3237 730 ὄντι
3294 679 3374 746 τῷ
3427 676 3677 750 μακαρίῳ
3732 677 3820 731 καὶ

425 761 532 828 rio,
596 763 937 835 pietatisque
994 765 1225 822 scholas
1273 767 1332 823 in
1391 772 1572 824 Ponto
1638 768 2066 825 studiosissime

425 851 618 907 adhuc
649 855 915 922 sectanti,
947 854 1150 910 litterae
1188 874 1221 912 a
1261 861 1422 928 patre
1453 859 1775 914 redduntur
1823 859 1966 913 adeo
1993 859 2063 913 il-

421 938 541 996 lius
598 946 873 1012 urgentes
915 944 1249 1012 adventum,
1311 951 1374 1001 ut
1419 946 1562 1001 nihil
1618 946 1857 1002 omnino
1905 947 2063 1002 aliud

426 1032 882 1101 praevertendum
949 1033 1264 1090 videretur.
1325 1035 1548 1106 Quippe
1612 1036 1859 1092 Caesario
1920 1035 2060 1100 filio,

426 1118 628 1190 procul
661 1121 846 1190 patria
883 1123 1187 1190 exstincto,
1237 1123 1396 1179 nullo
1451 1140 1644 1178 rerum
1700 1141 1935 1180 suarum
1971 1142 2064 1181 re-

425 1207 556 1264 licto
580 1209 829 1280 herede,
860 1228 976 1267 non
1009 1229 1209 1279 uxore,
1232 1230 1346 1267 non
1381 1212 1578 1269 liberis
1606 1232 1620 1283 ;
1650 1231 1785 1269 nam
1808 1216 2060 1271 caelibem

424 1313 656 1370 semper
682 1299 855 1354 vitam
881 1305 1072 1371 egerat
1098 1319 1112 1369 ;
1145 1302 1423 1371 omnique
1444 1301 1592 1371 ideo,
1628 1301 1951 1358 secundum
1976 1302 2060 1358 le-

425 1403 543 1459 ges,
578 1389 650 1444 ad
682 1393 948 1458 parentes
989 1389 1255 1445 devoluta
1289 1390 1656 1459 haereditate;
1689 1392 1784 1446 hic
1827 1394 2063 1463 quando

428 1485 591 1548 pater
619 1477 766 1549 ipse,
805 1495 936 1533 cum
983 1482 1149 1534 astate
1189 1496 1254 1534 ac
1304 1478 1637 1535 valetudine
1684 1483 1891 1549 fessus,
1936 1485 2062 1538 tum

425 1567 739 1623 domestico
773 1569 879 1622 hoc
908 1568 1146 1624 vulnere
1174 1569 1370 1625 animo
1395 1569 1699 1641 languens,
1731 1571 1905 1626 rebus
1922 1575 2065 1627 trac-

423 1656 621 1710 tandis
651 1656 839 1725 impar
867 1667 1052 1711 esset:
1086 1673 1190 1712 nec
1232 1658 1458 1712 obviam
1491 1659 1934 1714 imminentibus
1972 1661 2065 1715 in-

423 1745 593 1812 vidis,
627 1752 680 1800 et
710 1745 769 1799 in
814 1744 1003 1802 aliena
1045 1751 1323 1818 tanquam
1367 1764 1476 1803 sua
1523 1749 1926 1805 invadentibus
1957 1750 2061 1817 ire,

424 1849 788 1905 manumque
835 1850 1140 1890 conserere
1171 1836 1422 1905 valeret;
1471 1853 1648 1892 causa
1694 1844 1889 1894 autem
1941 1838 2062 1894 haec

423 1926 567 1989 erat,
600 1924 752 1993 quod
805 1922 1110 1990 Caesarius,
1157 1925 1255 1996 qui
1307 1925 1434 1981 ﬁsci
1479 1926 1760 1998 principis
1809 1932 2064 1999 quaestor

425 2009 649 2077 fuisset,
680 2026 857 2082 eaque
889 2027 949 2067 re
979 2011 1229 2080 aliquam
1265 2013 1511 2086 publica
1544 2015 1805 2086 pecunia
1837 2021 2058 2086 partem

426 2114 623 2154 secum
683 2098 1008 2161 habuisset.
1069 2101 1191 2174 lege
1239 2104 1687 2173 repetundarum
1747 2109 2060 2161 teneretur.

424 2187 765 2258 Gregorium
808 2189 1003 2261 itaque
1043 2191 1251 2258 ﬁlium,
1303 2193 1401 2262 qui
1449 2209 1541 2248 res
1592 2195 1878 2265 ejusmodi
1931 2195 2062 2264 pul-

422 2276 561 2332 chre
578 2282 746 2332 norat
761 2277 1050 2347 expedire,
1073 2294 1102 2334 e
1122 2279 1298 2334 Ponto
1325 2281 1396 2334 ad
1429 2296 1492 2336 se
1521 2297 1785 2338 revocare
1824 2298 2063 2337 necesse

425 2365 644 2420 habuit.
669 2365 880 2435 Atille,
903 2368 995 2423 cui
1016 2368 1163 2439 patri
1195 2385 1309 2424 non
1342 2369 1734 2441 obtemperare
1760 2387 2061 2426 summum

425 2454 595 2510 facile
624 2457 786 2511 nefas
825 2455 1165 2525 habebatur,
1196 2463 1252 2512 et
1289 2458 1388 2529 qui
1438 2459 1633 2529 ipsum
1684 2460 1820 2516 item
1862 2461 2061 2515 Iesum

430 2560 622 2599 meum
648 2546 772 2600 suis
797 2547 1132 2616 parentibus
1155 2548 1306 2603 dicto
1328 2549 1692 2605 obedientem
1719 2550 1898 2605 fuisse
1921 2552 2063 2605 scie-

427 2634 546 2701 bat,
606 2635 884 2691 continuo
939 2637 1157 2706 aderat,
1216 2637 1373 2692 haud
1435 2654 1541 2694 sua
1598 2638 1831 2708 quidem
1893 2640 2061 2709 plane

422 2727 650 2793 sponte,
681 2728 737 2778 et
768 2725 978 2796 partim
1009 2724 1106 2782 ille
1151 2728 1345 2782 tamen
1394 2742 1502 2782 sua
1541 2743 1773 2800 quoque
1814 2734 2057 2800 sponte:

425 2811 601 2867 invite
648 2813 951 2884 nimirum,
1005 2816 1159 2886 quod
1203 2815 1483 2887 religiosae
1522 2817 1736 2888 quietis
1779 2833 1911 2887 suae,
1946 2834 2059 2872 non

422 2900 615 2957 litium
650 2919 715 2959 ac
747 2903 1146 2960 molestiarum
1178 2921 1383 2960 amans
1413 2910 1586 2974 esset,
1618 2910 1674 2962 et
1703 2922 1806 2962 sua
1829 2923 2060 2962 rursum

2172 771 2278 821 τῶν
2309 770 2406 821 τοῦ
2440 765 2648 821 Πόντου
2681 765 3112 843 φροντιστηρίων
3151 762 3223 820 ἔτ’
3246 763 3500 843 ἐχομένῳ
3523 767 3823 842 γράμματα

2171 856 2316 929 παρά
2380 860 2478 910 τοῦ
2546 856 2749 931 πατρὸς
2836 854 3160 934 ἀφικνεῖται,
3248 854 3391 909 οὕτω
3472 855 3572 922 τήν
3644 855 3818 931 ἄφιξιν

2174 943 2569 1000 ἐπισπεύδοντα
2600 947 2677 1007 ὡς
2721 942 2889 1017 μηδὲν
2929 941 3003 1000 ἔτ’
3042 941 3186 999 ἄλλο
3223 949 3332 998 τῶν
3381 944 3590 998 πάντων
3643 941 3822 998 δοκεῖν

2171 1033 2616 1107 προύργιαίτερον
2683 1035 2870 1088 εἶναι·
2928 1037 3029 1087 τοῦ
3086 1031 3189 1106 γὰρ
3271 1029 3460 1092 παιδὸς
3525 1031 3822 1105 Καισαρίου

2171 1121 2254 1177 ἐπ’
2287 1124 2614 1192 ἀλλοδαπῆς
2663 1123 2756 1178 τὸν
2807 1123 2924 1197 βίος
2970 1119 3363 1190 ἀπολιπόντος,
3412 1121 3500 1175 καὶ
3551 1118 3818 1194 μηδοντι-

2170 1217 2296 1266 νοῦν
2324 1215 2418 1266 τοῦ
2463 1211 2686 1286 πλήρου
2738 1208 3000 1285 διάδοχον
3053 1207 3295 1284 ἔχοντος,
3343 1207 3404 1263 οῦ
3452 1214 3704 1284 γυναῖκα,
3758 1210 3822 1263 οὐ

2170 1301 2348 1366 τέκνα,
2409 1299 2533 1356 οὐδὲ
2587 1301 2688 1376 γὰρ
2743 1299 2996 1372 ὡμίλησε
3057 1299 3240 1373 γάμῳ,
3291 1297 3436 1353 ἀλλὰ
3483 1305 3584 1367 τῆς
3637 1298 3823 1359 οὐσίας

2169 1388 2382 1459 ἀπάσης
2415 1389 2504 1444 ἐπὶ
2543 1388 2671 1451 τοὺς
2723 1387 3111 1465 γεγεννηκότας
3161 1389 3298 1443 κατὰ
3343 1389 3434 1443 τὸν
3482 1389 3651 1460 νόμον
3708 1386 3824 1442 ἰού-

2172 1500 2293 1549 σης,
2337 1477 2636 1552 ἐπειδήπερ
2693 1479 2720 1531 ό
2779 1479 2962 1550 πατὴρ
3018 1477 3107 1531 καὶ
3161 1478 3350 1552 γήρως
3409 1475 3593 1531 ε’ίνεκα
3650 1475 3818 1552 λέγω,

2170 1569 2261 1622 καὶ
2319 1567 2500 1638 νόσου,
2557 1567 2646 1622 καὶ
2703 1572 2806 1636 τῆς
2859 1565 3247 1640 κατασχούσης
3324 1563 3486 1619 αὐτὸν
3537 1562 3607 1619 δι’
3662 1565 3821 1620 αὐτὸν

2171 1659 2430 1730 ἀθαμίας,
2469 1655 2575 1731 οὐχ
2624 1656 2743 1718 οἷός
2809 1676 2868 1709 τε
2933 1657 2998 1724 ἦν
3067 1654 3347 1729 πράγμασι
3422 1655 3664 1732 χρῆσθαι
3729 1655 3819 1710 καὶ

2169 1747 2307 1820 πρὸς
2358 1747 2487 1808 τοὺς
2557 1744 2932 1818 ἐπικειμένους
2996 1749 3104 1798 τῶν
3165 1745 3498 1820 φθονούντων
3555 1745 3647 1798 καὶ
3705 1748 3822 1808 τοῖς

2168 1833 2488 1908 ἀλλοτρίοις
2546 1833 2621 1894 ὡς
2680 1833 2903 1896 οἰκείοις
2959 1833 3354 1903 ἐπιπητώντων
3422 1832 3668 1910 ἀντέχειν
3729 1834 3819 1887 καὶ

2169 1921 2570 1999 διαμάχεσθαι·
2605 1922 2749 1978 αἰτία
2775 1921 2831 1978 δὲ
2860 1923 2926 1992 ἦν
2957 1922 3019 1977 τὸ
3052 1923 3142 1977 τὸν
3178 1923 3473 1997 Καισάριον
3517 1927 3628 1978 τῶν
3665 1925 3820 1996 βασι-

2170 2015 2335 2071 λείων
2421 2017 2705 2089 θησαυρῶν
2791 2014 3113 2090 γεγενῆσθαι
3199 2011 3400 2081 ταμίαν
3435 2057 3449 2082 ,
3533 2013 3819 2068 κάντεῦθεν

2178 2102 2463 2175 δημοσίων
2502 2101 2644 2158 ἔστιν
2704 2103 2777 2157 ὧν
2839 2102 3137 2176 εὐπορῆσαι
3199 2102 3503 2176 χρημάτων
3558 2103 3652 2156 καὶ
3711 2099 3817 2156 δεῖν

2171 2197 2339 2248 ταῦτα
2384 2187 2735 2263 καταϐαλεῖν,
2786 2190 2863 2254 εἷς
2918 2189 3154 2264 ἀνάγκην
3184 2191 3413 2260 κατέστη
3464 2190 3555 2244 τὸν
3604 2191 3822 2268 Γρηγό-

2177 2302 2288 2356 ριον
2360 2282 2556 2336 ἐκεῖθεν
2624 2281 2761 2356 πρὸς
2828 2279 3014 2334 ἑαυτὸν
3097 2278 3574 2353 μεταπέμψασθαι,
3647 2277 3818 2335 δεινὸν

2175 2367 2300 2427 ὄντα
2351 2371 2416 2426 τὰ
2468 2374 2690 2425 τοιαῦτα
2740 2368 3048 2444 περαίνειν’
3109 2369 3201 2423 καὶ
3251 2369 3309 2430 ὃς
3358 2367 3418 2423 τό
3457 2390 3517 2424 τε
3573 2370 3653 2441 μὴ
3703 2369 3821 2424 πεί-

2173 2463 2352 2516 θεσθαι
2408 2459 2571 2534 πατρὶ
2628 2463 2738 2516 τῶν
2787 2458 3150 2513 ἀτοπωτάτων
3239 2459 3488 2530 νομίσας,
3555 2459 3650 2512 καὶ
3711 2460 3822 2532 ἅμα

2169 2551 2261 2604 τὸν
2292 2550 2422 2622 έμὸν
2472 2552 2685 2619 Ἰησοῦν
2736 2548 3174 2620 ὑποτασσόμενον
3218 2553 3334 2608 τοῖς
3367 2551 3607 2620 γονεῦσιν
3662 2545 3820 2610 εἰδὼς

2172 2641 2364 2694 αὐτίκα
2393 2645 2570 2712 παρῆν
2599 2660 2612 2673 ·
2657 2635 2777 2693 οῦτι
2822 2637 3045 2712 ὲκώνγε,
3083 2635 3174 2691 καὶ
3224 2637 3361 2690 έκὼν
3394 2635 3446 2690 ἐν
3495 2640 3573 2708 τῷ
3617 2636 3815 2711 μέρει·

2169 2729 2232 2782 τὸ
2287 2728 2406 2802 μὲν,
2457 2731 2540 2789 οἷς
2595 2727 2893 2803 ἡσυχάζειν
2948 2726 3179 2800 ᾑρεῖτο·
3240 2725 3329 2780 καὶ
3389 2727 3466 2798 μή
3525 2727 3824 2800 πράγματα

2171 2816 2376 2892 ἴσχειν,
2407 2815 2521 2871 τόδ’
2552 2818 2640 2877 οἷς
2689 2814 2920 2890 ἔμελλεν
2973 2815 3105 2889 ὑπὲρ
3147 2821 3246 2884 τῆς
3285 2819 3382 2869 τοῦ
3425 2816 3691 2890 συγγόνευ
3723 2819 3827 2889 ψυ-

2172 2913 2282 2982 χῆς
2334 2910 2623 2982 φροντιεῖν,
2667 2904 2757 2960 καὶ
2815 2906 2906 2958 τὸν
2966 2903 3168 2976 πατέρα
3207 2909 3449 2980 κουφιεῖν
3499 2910 3602 2972 τῆς
3653 2905 3826 2967 ἀνίας.

3248 854 3391 909 οὕτω

425 2995 650 3059 sponte,
684 2993 834 3062 quod
868 2994 1252 3050 fraternarum
1295 2995 1552 3050 manium
1603 3011 1838 3052 causam
1885 3002 2291 3068 suscepturus,
2340 3003 2687 3069 patremque
2737 3011 2950 3067 angore
3001 3000 3175 3065 atque
3214 2995 3558 3066 egritudine
3605 3012 3714 3052 sua
3755 2996 3831 3051 le-

429 3085 669 3138 vaturus
699 3089 876 3140 esset.

511 3171 720 3227 LXXII.
763 3176 897 3239 Quae
928 3175 1127 3230 omnia
1156 3179 1222 3231 ut
1250 3181 1404 3232 recte
1442 3181 1617 3248 atque
1663 3177 1866 3233 ordine
1910 3192 2075 3232 com-

441 3268 734 3334 posuerat,
783 3264 864 3319 ita
894 3268 960 3318 ut
996 3264 1515 3334 quadruplatorum
1550 3288 1579 3314 ‹‹
1614 3269 1838 3321 montes
1872 3282 2075 3321 omnes

439 3353 748 3422 collesque,
811 3354 1134 3409 secundum
1212 3353 1422 3409 Isaiam
1473 3353 1540 3422 ετ,
1588 3354 2069 3425 deprimerentur,

435 3448 492 3499 et
523 3443 896 3500 anfractuosa
927 3452 1082 3500 recta
1122 3461 1187 3498 ac
1233 3443 1406 3516 plana
1454 3445 1678 3512 fierent,
1723 3466 1751 3494 »
1782 3445 1979 3502 adhaac
2010 3451 2073 3500 ut

430 3521 667 3589 fl‘atrem
700 3548 1074 3604 sororemque
1109 3533 1482 3605 Gergouiam,
1513 3535 1802 3605 ejusmodi
1835 3535 2062 3590 concio—

431 3623 604 3678 nibus
636 3622 978 3677 funebribus
1005 3622 1294 3687 laudarat,
1317 3640 1443 3694 quae
1465 3630 1759 3694 stuporem
1790 3625 2064 3680 omnibus

2255 3175 2376 3233 ΟΒ’.
2413 3174 2512 3228 Καὶ
2553 3171 2735 3229 τοίνυν
2772 3171 2920 3228 οὕοω
2964 3173 3057 3245 μὲν
3095 3173 3267 3227 πάντα
3315 3176 3482 3227 ταῦτα
3510 3171 3700 3238 καλῶς
3745 3173 3832 3228 καὶ

2185 3263 2259 3324 ὡς
2290 3263 2462 3338 ἐχρῆν
2494 3260 2714 3333 διαθείς,
2755 3263 2830 3323 ὡς
2871 3267 2975 3316 πᾶν
3021 3261 3147 3336 ὅρος
3188 3282 3280 3316 και
3329 3262 3520 3336 βουνὸν
3567 3284 3832 3339 συκοφαν-

2181 3353 2329 3406 τικὸν
2397 3353 2533 3406 κατὰ
2596 3351 2686 3405 τὸν
2753 3349 2977 3406 Ἠσαίαν
3059 3353 3475 3420 ταπεινωθῆναι,
3544 3351 3638 3405 καὶ
3695 3351 3830 3428 γενέ-

2183 3442 2301 3495 σθαι
2330 3440 2396 3495 τὰ
2439 3440 2636 3494 σκολιά
2678 3439 2754 3500 εἷς
2804 3439 2957 3494 εὐθέα
2992 3457 3004 3472 '
3055 3438 3248 3513 λόγοις
3288 3437 3333 3492 δ’
3377 3437 3687 3518 ἐπιταφίοις
3736 3441 3825 3494 τὸν

2175 3527 2409 3607 ἀδελφὸν
2467 3530 2780 3605 προσειπὼν
2857 3529 2948 3582 καὶ
3004 3530 3103 3596 τὴν
3182 3525 3424 3605 ἀδελφὴν
3502 3531 3822 3603 Γοργονίαν,

2175 3619 2378 3680 πάντας
2437 3619 2513 3682 εἷς
2568 3613 2829 3691 ἔκπληξιν
2885 3618 2976 3673 καὶ
3035 3620 3215 3691 θαῦμα
3269 3621 3529 3690 κινοῦσιν,
3572 3619 3601 3671 ὁ
3641 3616 3824 3674 δὲκαὶ

431 3713 996 3782 admirationemque
1026 3711 1200 3773 cient,
1234 3713 1382 3782 patri
1416 3712 1611 3768 itidem
1661 3712 1924 3769 bifariam
1965 3729 2063 3769 au-

2177 3715 2254 3782 τῷ
2301 3709 2466 3784 πατρὶ
2523 3707 2696 3782 διπλῇ
2759 3709 2997 3784 βοηθεῖ·
3043 3714 3122 3780 τῷ
3175 3729 3232 3762 τε
3287 3713 3393 3762 τῶν
3456 3708 3543 3763 ἐπὶ
3601 3709 3823 3769 τούτοις

427 3802 567 3857 xilio
598 3802 729 3867 fuit,
760 3810 882 3856 tum
913 3803 1066 3872 quod
1091 3802 1372 3874 quidquid
1404 3803 1538 3857 hinc
1569 3803 1833 3858 mosroris
1864 3819 2064 3860 conce-

434 3897 598 3961 perat
628 3893 1006 3963 abstergeret,
1035 3896 1159 3947 tum
1191 3893 1342 3963 quod
1375 3909 1554 3947 novas
1585 3892 1744 3947 illius
1791 3894 2070 3948 adversus

430 3982 986 4037 consubstantialem
1013 3981 1109 4036 Dei
1141 3981 1448 4038 essentiam
1469 3981 1928 4037 machinationes
1949 3999 2068 4037 cor-

431 4071 659 4139 rigeret.
685 4071 907 4126 Interea
925 4071 1080 4125 enim
1104 4071 1243 4125 dum
1277 4073 1333 4125 in
1364 4072 1479 4126 otio
1513 4087 1616 4126 suo
1653 4071 1810 4126 filius
1844 4072 2065 4142 agebat,

430 4161 652 4230 patrem
686 4161 875 4215 solum
907 4160 1318 4230 interceptum,
1350 4161 1451 4231 qui
1472 4161 1588 4215 Arii
1613 4160 1824 4215 imbuti
1846 4160 2067 4230 opinio-

434 4248 608 4304 nibus
636 4255 822 4316 erant,
855 4256 908 4302 et
950 4248 1217 4303 infucatis
1261 4249 1610 4318 quibusdam
1664 4265 1730 4303 ac
1781 4249 2069 4319 perversis

431 4337 775 4392 ratiunculis
823 4336 1309 4406 circumventum,
1368 4341 1635 4407 statuque
1664 4338 1876 4392 mentis
1925 4355 2068 4409 quo-

433 4428 746 4484 dammcdo
767 4427 1078 4494 dimotum,
1101 4427 1160 4481 in
1179 4427 1328 4482 hanc
1352 4428 1611 4482 fraudem
1636 4426 1980 4498 impellunt:
2006 4431 2071 4482 ut

433 4523 636 4575 contra
666 4517 1108 4574 coessentialem
1140 4517 1240 4572 Dei
1272 4521 1537 4572 naturam
1571 4533 1740 4572 suum
1773 4517 1917 4587 ipsis
1953 4517 2069 4572 cal-

433 4607 631 4662 culum
691 4607 948 4672 adderet,
997 4605 1322 4677 litterisque
1371 4606 1738 4676 praescriptis,
1789 4606 2071 4661 damnata

428 4698 618 4767 priore
650 4696 963 4763 sententia,
1005 4711 1140 4750 cum
1173 4693 1289 4748 illis
1331 4694 1560 4760 faceret,
1593 4694 1694 4765 qui
1727 4694 2070 4750 similitudi-

435 4805 566 4844 nem
597 4787 855 4858 aliquam
889 4789 949 4841 in
980 4786 1290 4841 Divinitate
1320 4784 1594 4850 sciscunt,
1627 4792 1799 4856 atque
1826 4785 1934 4842 hoc
1963 4802 2074 4856 pa-

434 4881 524 4932 cto
568 4881 694 4931 tum
754 4892 788 4930 a
839 4875 1209 4931 coessentiali
1247 4875 1546 4941 Trinitate,
1600 4876 2068 4945 quandoquidem

439 4966 603 5020 novis
651 4965 814 5021 hisce
845 4965 1079 5035 placitis
1128 4964 1250 5020 suis
1291 4964 1480 5035 ipsam
1532 4964 1884 5032 diremptum
1933 4964 2071 5029 ibat,

2179 3797 2510 3874 δυσχερειῶν
2549 3796 2878 3867 ἀπαλλάξαι,
2914 3797 3004 3852 καὶ
3041 3801 3120 3869 τῷ
3155 3798 3255 3866 τὴν
3297 3799 3433 3852 κατὰ
3471 3801 3567 3852 τοῦ
3625 3799 3822 3871 ὁμοου-

2178 3889 2295 3943 σίου
2326 3888 2685 3959 καινοτομίαν
2717 3885 3112 3960 διορθώσασθαι
3139 3908 3152 3920 ·
3187 3885 3385 3942 τούτου
3425 3888 3527 3962 γὰρ
3588 3885 3820 3947 ἀπόντος

2177 3977 2228 4033 ἐν
2278 3977 2508 4054 ἠσυχίᾳ,
2564 3978 2729 4050 μόνον
2779 3976 2831 4030 οἱ
2877 3977 2944 4029 τὰ
2991 3976 3205 4049 Ἀρείου
3257 3980 3574 4054 φρονοῦντες
3621 3975 3820 4031 ἐκεῖνον

2175 4067 2564 4144 ἀπειληφότες,
2605 4066 2696 4121 καὶ
2737 4065 2925 4140 λόγοις
2971 4061 3263 4136 κιϐδήλοις
3304 4066 3391 4119 καὶ
3446 4063 3822 4140 διεστραμμέ-

2180 4177 2294 4217 νοις
2352 4156 2512 4210 αὐτὸν
2575 4153 2918 4223 ὑπελθόντες,
2977 4156 3067 4209 καὶ
3127 4158 3240 4209 οἷον
3287 4155 3642 4226 ἐκστήσαντες
3703 4157 3823 4210 ὲαυ-

2175 4250 2271 4300 τοῦ
2321 4246 2566 4301 πείθουσι
2626 4244 2772 4323 σφίσι
2830 4246 2970 4299 κατά
3032 4248 3128 4299 τοῦ
3187 4246 3483 4316 ὁμοουσίου
3545 4245 3823 4300 συνθέσθαι

2175 4336 2261 4389 καὶ
2299 4333 2387 4389 διὰ
2414 4333 2775 4410 γραμμάτων,
2817 4335 2879 4388 τὸ
2937 4334 3048 4406 μὶν,
3089 4333 3363 4392 ἀπειπεῖν.
3394 4339 3518 4394 Τοῖς
3561 4330 3617 4387 δὲ
3655 4333 3826 4403 ξυνει-

2178 4430 2295 4479 πεῖν
2327 4425 2388 4480 τὸ
2429 4424 2748 4496 ὁμοιούσιον
2799 4420 3184 4497 δογμάτίζουσι
3216 4443 3228 4456 ·
3265 4421 3355 4477 καὶ
3399 4420 3682 4492 διαστῆσαι
3727 4426 3820 4495 μὲν

2179 4515 2363 4569 ἑαυτὸν
2424 4517 2524 4580 τῆς
2576 4512 2874 4586 ὁμοουσίου
2933 4508 3193 4588 Τριάδος,
3243 4509 3430 4582 ἐπειδὴ
3481 4513 3569 4567 καὶ
3620 4512 3820 4583 ταύτην

2178 4605 2338 4666 αὐτὸς
2381 4601 2680 4674 διέστησεν,
2729 4604 2812 4665 οἷς
2861 4602 3127 4668 συνέθετο,
3181 4599 3465 4667 διαστῆσαι
3496 4599 3664 4656 δὲκαὶ
3695 4601 3821 4663 τοὺς

2178 4691 2385 4754 ἄλλους
2444 4694 2635 4748 ἑαυτοῦ
2693 4713 2753 4748 τε
2809 4691 2903 4747 καὶ
2953 4698 3056 4760 τῆς
3100 4691 3264 4746 αὐτοῦ
3321 4690 3644 4754 κοινωνίας’
3692 4692 3822 4751 τοὺς

2180 4806 2237 4841 τε
2263 4786 2356 4840 τὸν
2401 4782 2685 4857 μοναδικὸν
2730 4783 2848 4859 βίον
2886 4782 3179 4846 ἀσκοῦντας
3220 4782 3308 4838 καὶ
3351 4783 3487 4855 πρὸς
3535 4785 3664 4838 Θεὸν
3713 4781 3818 4836 αῗεί

2185 4873 2506 4951 βλέποντας,
2547 4873 2637 4928 καὶ
2672 4873 2821 4936 ὅσοις
2869 4867 3060 4947 ἔμελεν
3105 4868 3394 4941 εὐσεϐείας,
3437 4873 3528 4927 καὶ
3567 4877 3664 4927 τοῦ
3707 4872 3820 4927 κατ’

2182 4964 2349 5034 αὐτὴν
2405 4962 2727 5040 γιγνομένου
2762 4981 2775 4996 ο
2833 4960 2977 5018 οὕτω
3019 4960 3064 5018 δ’
3111 4956 3315 5038 ἔχοντα
3359 4966 3553 5017 κοῦτον
3595 4963 3623 5016 ὁ
3659 4961 3819 5038 μέγας

441 5055 808 5126 semetipsum
857 5059 1172 5127 separaret,
1217 5062 1337 5108 tum
1373 5070 1407 5107 a
1435 5069 1496 5108 se
1533 5067 1755 5122 suaque
1805 5068 2065 5107 commu-

2183 5053 2380 5128 εὑρὼν,
2413 5051 2574 5128 ἀλγεῖ
2607 5053 2699 5126 μὲν
2742 5051 2817 5112 ὡς
2866 5050 3009 5114 εἷκος
3055 5049 3144 5106 καὶ
3192 5050 3328 5126 πρὸς
3377 5051 3476 5120 τὴν
3512 5045 3816 5124 μεταϐολὴν

437 5146 611 5201 nione
661 5149 896 5200 caeteros
944 5146 1296 5216 sejungeret,
1356 5147 1414 5196 et
1459 5142 1588 5197 illos
1629 5141 1918 5212 videlicet,
1969 5142 2069 5213 qui

433 5235 749 5291 solitariam
782 5237 1032 5308 amplexi
1071 5237 1276 5303 vitam,
1327 5235 1508 5289 Deum
1540 5233 1668 5289 sine
1717 5233 1838 5288 ulla
1881 5233 2067 5289 inter-

430 5324 713 5381 missione
742 5329 1115 5394 contuentur,
1148 5330 1206 5380 et
1235 5326 1519 5396 quotquot
1549 5321 1764 5394 alioqui
1814 5322 2065 5396 pietatis,

427 5420 484 5473 et
513 5415 955 5485 congruentium
1009 5415 1209 5486 pietati
1250 5414 1598 5478 officiorum,
1631 5428 1772 5468 cura
1815 5417 2070 5483 tangun-

2179 5140 2542 5220 δυσχεραίνει,
2598 5141 2690 5196 καὶ
2744 5143 3062 5217 συνάχθεται
3104 5141 3250 5213 αὖτῷ
3297 5143 3395 5195 τοῦ
3437 5139 3606 5214 ταύτῃ
3639 5142 3820 5216 προῇ-

2178 5233 2329 5305 χθαι,
2365 5230 2438 5290 ὡς
2474 5233 2548 5302 μή
2587 5231 2752 5303 μόνον
2784 5232 2883 5298 τήν
2925 5229 2976 5285 ἐν
3020 5231 3212 5286 ἅπασιν
3256 5230 3422 5285 αὐτοῦ
3470 5235 3586 5294 τοῖς
3632 5226 3820 5288 καλοῖς

2179 5320 2447 5395 εὐγένειαν
2492 5320 2584 5375 καὶ
2640 5321 2779 5394 πρὸς
2832 5321 3029 5396 ἀρετὴν
3081 5319 3396 5396 ιῦκληρίαν,
3442 5317 3588 5376 ἀλλά
3635 5318 3818 5387 καὶῆν

2179 5411 2372 5470 πάντες
2402 5409 2527 5484 περὶ
2563 5409 2727 5465 αὐτοῦ
2757 5406 2913 5481 δόξαν
2943 5411 3093 5484 εἶχον
3129 5403 3423 5482 ἀμϐλῦναι.

429 5508 546 5561 tur.
579 5503 697 5560 Hoc
723 5502 885 5557 illum
919 5503 1098 5574 igitur
1136 5505 1224 5558 vir
1263 5503 1554 5559 maximus
1607 5501 1876 5557 affectum
1929 5501 2101 5557 modo
2141 5514 2407 5570 cernens,
2446 5517 2549 5572 pro
2597 5515 2663 5558 eo
2713 5516 2851 5558 sane
2894 5516 2960 5558 ac
3006 5499 3206 5558 debuit
3253 5500 3589 5572 gravissime
3632 5497 3820 5554 animo

502 5694 551 5732 ’⁷
581 5695 671 5754 Ila
698 5709 790 5766 ιι,
821 5692 876 5750 4.
