4092 6300
227 426 326 486 389

1232 422 1628 485 LAUDATIO
1673 424 1738 483 S.
1782 421 2154 484 GREGORII
2198 419 2613 483 THEOLOGI.

3506 421 3624 481 290

231 560 717 628 commovebatur,
753 564 811 615 et
831 558 976 615 hanc
1007 558 1310 616 sententiae
1363 557 1880 613 commutationem
1933 557 2276 627 permoleste
2324 555 2565 622 ferebat,
2599 558 2656 610 et
2701 554 2885 610 vicem
2936 552 3095 610 illius
3119 555 3288 624 juxta
3333 571 3467 611 cum
3499 558 3621 626 ipso

230 647 439 704 dolebat
473 668 489 716 ;
518 665 586 704 eo
617 649 902 705 nimirum
934 648 1123 719 ipsum
1157 647 1263 700 hac
1312 647 1371 700 in
1423 661 1484 700 re
1533 651 1867 717 provectum
1930 648 2126 712 fuisse,
2161 653 2220 700 ut
2270 661 2384 700 non
2437 645 2608 700 modo
2665 644 2936 700 eximiam
2985 644 3044 699 in
3102 645 3396 716 praclaris
3449 645 3630 719 rebus

231 738 481 794 omnibus
539 743 766 794 natura
824 754 942 793 sua:
990 736 1379 804 nobilitatem,
1413 740 1470 791 et
1520 735 1716 791 felices
1767 736 1825 790 in
1884 737 2094 791 virtute
2147 751 2513 808 progressus,
2546 750 2747 791 verum
2793 735 2967 790 etiam
3021 733 3312 806 egregiam
3352 735 3620 791 omnium

231 830 290 884 de
316 831 442 899 ipso
476 828 972 884 existimationem
1006 827 1336 882 retunderet
1365 842 1433 881 ac
1463 825 1822 882 obscuraret.

289 918 401 971 01".
436 917 615 989 Ὀρῶν
647 913 703 969 δὲ
733 914 897 969 αὐτόν
941 918 1060 975 τοῖς
1094 919 1193 982 τῆς
1246 909 1611 984 μεταμελείας
1659 910 1867 985 βαλλό-

2058 913 2299 970 LXXIII.
2335 913 2441 969 Ubi
2477 913 2825 986 pcenitentiaa
2859 919 3050 969 autem
3094 914 3350 970 stimulis
3398 921 3620 988 patrem

237 1023 376 1074 μενον
437 1003 685 1078 κέντροις
729 1002 821 1057 καὶ
891 1002 1018 1056 ὅλον
1075 1001 1339 1077 γεγονότα
1393 1007 1493 1069 τῆς
1550 998 1728 1070 λόπης
1787 999 1874 1054 καὶ

236 1091 444 1165 προσέτι
476 1094 579 1160 τήν
625 1091 837 1160 ἀπάτην
881 1089 1106 1163 νομίσας
1158 1090 1245 1167 ὑφ’
1294 1087 1603 1158 ἁπλότητος
1651 1095 1876 1164 γεγενῆ-

238 1181 365 1248 σθαι,
399 1177 592 1248 ἐπειδὴ
625 1181 686 1234 τὸ
715 1178 1000 1252 γενόμενον
1033 1179 1133 1233 οὐκ
1173 1179 1232 1231 ἄν
1284 1178 1406 1231 ποτ’
1454 1175 1538 1246 εἴη
1590 1178 1665 1249 μή
1715 1198 1877 1252 γεγο-

236 1269 338 1337 νὸς,
379 1265 753 1342 ἀναλαμϐάνει
794 1290 853 1323 τε
893 1272 1084 1324 τοῦτον
1131 1267 1286 1328 εὐθὺς
1336 1265 1679 1346 σπλάγχνοις
1724 1287 1877 1341 χρη-

234 1361 513 1430 στότητος,
569 1359 658 1414 καὶ
736 1361 1156 1431 παραμυθεῖται,
1199 1358 1288 1412 καὶ
1345 1365 1444 1426 τῆς
1507 1358 1600 1430 μὲν
1667 1357 1879 1427 πλάνης

233 1453 442 1528 ἀπάγει,
487 1453 627 1527 πρὸς
672 1447 729 1505 δὲ
783 1451 882 1518 τήν
947 1447 1206 1519 ἀλήθειαν
1264 1446 1539 1522 ἐπανάγει,
1597 1449 1682 1502 καὶ
1730 1446 1879 1520 μᾶλ-

233 1543 319 1599 λον
349 1545 384 1611 ἧ
418 1543 653 1615 πρόσθεν
687 1537 970 1612 δίδωσιτῇ
1011 1536 1196 1614 Τριάδι
1233 1556 1244 1570 ·
1297 1540 1626 1608 νουθετήσας
1679 1538 1874 1600 ἱκανῶς

231 1632 312 1686 καὶ
343 1627 566 1702 διδάξας
616 1628 764 1690 ὅπως
809 1625 890 1682 δεῖ
941 1626 1145 1696 ταύτης
1180 1625 1414 1701 γνησίως
1459 1625 1872 1693 ἀντιποιεῖσθαι,

230 1723 306 1776 καὶ
341 1726 462 1781 τοῖς
496 1724 789 1794 πατρικοῖς
819 1715 968 1792 ὅροις
1019 1715 1297 1789 ἐμμένειν,
1328 1717 1414 1769 καὶ
1471 1711 1640 1786 μηδὲν
1689 1734 1874 1788 περαι-

229 1811 355 1885 τέρω
387 1809 650 1884 προάγειν
683 1826 696 1837 ·
732 1805 822 1866 οῦς
871 1807 959 1860 καὶ
1009 1805 1212 1865 πάντας
1265 1806 1359 1875 μὲν
1414 1803 1542 1864 τοὺς
1579 1809 1681 1872 τῆς
1729 1801 1878 1857 εὗσε-

233 1895 367 1960 εείας
415 1898 752 1974 τροφίμους,
806 1893 1003 1966 πολλῷ
1044 1892 1100 1948 δὲ
1147 1893 1312 1948 πλέον
1342 1893 1468 1954 τοὺς
1497 1896 1604 1946 τῶν
1638 1891 1874 1963 Ἐκκλη-

232 1995 348 2043 σιῶν
435 1991 899 2060 προσαιτοῦντας,
981 1983 1071 2038 καὶ
1147 1982 1456 2055 ποιμαίνειν
1534 1980 1872 2055 ἠξιωμένους

232 2077 546 2132 ἐπίστασθαι
574 2077 712 2150 χρὴ,
743 2076 829 2128 καὶ
861 2072 988 2134 τοὺς
1035 2070 1238 2133 ἄλλους
1284 2069 1552 2126 διδάσκειν
1601 2068 1874 2141 δύνασθαι,

233 2168 340 2222 ὅσον
368 2167 580 2222 ἐκεῖνοι
629 2166 722 2237 μὶν
785 2165 915 2238 ὑπὲρ
974 2166 1118 2240 σφῶν
1180 2161 1374 2230 αὐτῶν,
1433 2161 1582 2216 οὗτοι
1632 2157 1709 2230 δὲ,
1744 2160 1875 2235 ὑπέρ

1993 1005 2256 1072 fodicari,
2307 1005 2672 1074 tristitiaeque
2727 1021 2790 1059 se
2840 1008 3021 1060 totum
3073 1005 3207 1060 dare
3247 1005 3624 1079 intelligebat,

1988 1097 2147 1150 ratus
2179 1093 2350 1148 simul
2387 1109 2546 1148 mera
2575 1092 2758 1148 animi
2790 1093 3157 1164 simplicitate
3182 1094 3241 1149 in
3283 1094 3432 1152 hanc
3487 1097 3630 1153 inci-

1987 1183 2143 1239 disse
2188 1183 2469 1249 fraudem,
2519 1182 2755 1253 quando
2805 1183 2959 1254 quod
2999 1185 3177 1238 semel
3229 1184 3441 1240 factum
3481 1191 3625 1254 erat,

1989 1272 2265 1327 infectum
2291 1272 2413 1326 fieri
2446 1271 2744 1342 nequibat,
2767 1271 3086 1326 visceribus
3107 1272 3405 1328 charitatis
3429 1275 3623 1346 ipsum

1988 1377 2018 1416 e
2049 1361 2287 1430 vestigio
2318 1361 2580 1431 suscipit,
2611 1366 2668 1415 et
2699 1361 3049 1427 consolatur,
3073 1367 3129 1416 et
3159 1361 3230 1416 ab
3252 1378 3441 1418 errore
3472 1380 3628 1420 aver-

1987 1467 2116 1506 sum
2156 1452 2222 1506 ad
2256 1449 2556 1505 veritatem
2611 1451 2856 1516 reducit,
2892 1451 3194 1521 magisque
3239 1452 3411 1507 etiam
3446 1470 3623 1524 quam

1987 1546 2160 1595 antea
2189 1539 2574 1595 sanctissima:
2604 1539 2864 1594 Trinitati
2891 1539 3085 1605 tradit,
3122 1539 3285 1609 plene
3317 1541 3508 1612 ipsum
3541 1544 3623 1598 vi-

1987 1628 2192 1685 delicet
2222 1629 2627 1699 cumulateque
2659 1629 3203 1698 commonefaciens,
3226 1634 3282 1686 et
3304 1631 3624 1697 instruens,

1985 1735 2098 1788 quo
2130 1718 2364 1773 omnino
2395 1726 2559 1787 pacto
2580 1717 2900 1788 genuinum
2926 1718 2982 1772 in
3009 1719 3244 1774 modum
3275 1719 3624 1791 amplecten-

1986 1810 2058 1862 da
2089 1806 2344 1862 Trinitas
2366 1806 2974 1878 sit;manendumque
3023 1807 3176 1862 intra
3226 1807 3460 1864 Patrum
3511 1813 3625 1864 ter-

1988 1897 2174 1953 minos
2201 1912 2350 1960 esse,
2383 1913 2485 1952 nec
2507 1895 2593 1951 vel
2626 1896 2916 1952 tantulum
2941 1895 3184 1952 ulterius
3207 1899 3406 1968 pedem
3440 1901 3627 1970 profe-

1987 1985 2254 2041 rendum.
2287 1985 2443 2048 Quos
2474 1985 2739 2056 cognitos
2773 1984 2979 2040 habere
3019 1984 3186 2054 ﬂues,
3217 2003 3420 2042 omnes
3464 1989 3626 2059 equi-

1985 2076 2114 2130 dem
2146 2074 2380 2144 pietatis
2411 2074 2683 2128 alumnos
2717 2078 2960 2145 oportet,
2994 2075 3096 2128 sed
3131 2075 3374 2132 maxime
3407 2081 3624 2145 tamen,

1986 2165 2080 2235 qui
2119 2162 2410 2218 antistites
2452 2161 2858 2232 Ecclesiarum,
2892 2180 2957 2218 ac
2991 2173 3251 2236 pastores
3283 2182 3388 2221 suo
3423 2168 3626 2223 merito

228 2276 279 2310 τε
319 2258 558 2323 ἑαυτῶν,
596 2255 685 2308 καὶ
745 2253 820 2307 ὧν
859 2273 918 2326 γε
969 2249 1318 2325 προΐστανται
1368 2251 1582 2311 πάντως
1623 2249 1873 2326 ὑφέξουσι

234 2345 285 2355 ..
513 2341 590 2355 ...ι
676 2342 690 2355 .
803 2343 829 2355 η
1000 2345 1025 2355 -
1142 2339 1160 2355 ι
1212 2341 1224 2355 ,
1455 2339 1467 2355 ,
1587 2340 1610 2355 τ
1820 2341 1832 2355 .

1994 2253 2288 2308 constituti
2315 2256 2471 2322 sunt,
2503 2256 2560 2307 et
2580 2253 2814 2308 eosdem
2837 2252 3012 2309 etiam
3044 2252 3186 2308 alios
3209 2271 3375 2326 posse
3397 2257 3622 2325 docere,

234 2345 381 2420 λόγον
416 2367 430 2379 ·
468 2341 603 2398 οῦδέ
633 2342 734 2417 γάρ
779 2343 911 2396 εἶναι
959 2345 1069 2395 τῶν
1112 2339 1360 2408 εἴκότων,
1414 2339 1511 2393 οὐκ
1561 2340 1718 2407 εἶναι,
1774 2341 1873 2408 τὴν

235 2435 262 2487 '2
299 2437 408 2509 χρὴ
462 2438 693 2510 φρονεῖν
741 2434 831 2486 καὶ
878 2432 1132 2504 πράττειν
1166 2431 1293 2490 τοὺς
1348 2427 1558 2490 ἄλλους
1604 2426 1873 2483 διδάσκειν

239 2523 408 2597 ἔχοντα
434 2524 621 2591 τάξιν,
651 2520 726 2581 είς
763 2519 1233 2594 μαθητευομένους
1263 2517 1464 2574 τελεῖν.

1987 2343 2176 2397 caeteri
2209 2341 2363 2398 enim
2398 2358 2500 2413 pro
2531 2359 2590 2396 se
2623 2341 2872 2412 quisque
2923 2343 3222 2410 duntaxat,
3257 2345 3313 2400 hi
3345 2351 3538 2400 autem
3572 2352 3627 2402 et

1988 2447 2088 2503 pro
2119 2430 2467 2500 semetipsis,
2491 2435 2548 2485 et
2575 2447 2674 2501 pro
2705 2431 2776 2486 iis
2807 2432 3024 2501 quibus
3057 2444 3311 2502 praesunt
3342 2436 3626 2493 rationem

1987 2522 2226 2576 omnino
2280 2521 2559 2576 reddituri
2627 2526 2816 2577 erunt.
2881 2523 3106 2596 Quippe
3178 2526 3630 2599 haudquaquam

244 2616 424 2670 rationi
488 2620 949 2669 consentaneum
1008 2627 1160 2678 esse,
1194 2628 1308 2667 non
1359 2626 1485 2666 esse
1542 2610 1818 2682 profecto,
1853 2617 1913 2665 ut
1971 2610 2088 2681 qui,
2121 2627 2247 2682 quas
2306 2611 2519 2668 sentire
2568 2620 2740 2683 atque
2794 2628 2964 2684 agere
2993 2616 3317 2682 conveniat,
3347 2616 3490 2672 alios
3521 2619 3626 2672 do-

241 2719 354 2759 cere
378 2706 618 2773 debeat,
649 2719 850 2759 eorum
883 2702 1006 2773 ipse
1036 2702 1339 2772 imperitus
1371 2703 1469 2761 sit.
1500 2707 1557 2756 et
1588 2716 1924 2772 quanquam
1947 2702 2201 2758 doctoris
2221 2700 2412 2758 locum
2446 2705 2656 2770 teneat,
2689 2703 2838 2759 inter
2858 2702 3175 2776 discipulos
3206 2706 3396 2761 adhuc
3423 2722 3625 2780 reapse

235 2793 528 2850 consistat.

293 2884 413 2942 οΔ’.
477 2883 591 2935 Τοῦ
648 2878 742 2952 μέν
803 2877 893 2932 οῦν
943 2878 1170 2951 πατρὸς,
1248 2875 1420 2936 οὕτως
1497 2876 1880 2952 ἐπικαιρότατα

2065 2880 2302 2936 LXXIV.
2357 2881 2580 2937 Patrem
2629 2882 2828 2954 itaque
2884 2901 3024 2940 sane
3071 2902 3249 2957 quam
3300 2893 3628 2959 opportune

232 2970 500 3045 προῦστη,
561 2970 650 3024 καὶ
712 2968 769 3022 ’ὁν
823 2975 924 3036 τῆς
983 2967 1058 3028 εἰς
1120 2970 1232 3043 φῶς
1289 2973 1646 3042 προαγνωγῆς
1715 2966 1889 3022 αἶ’τιον

234 3057 357 3134 ἔσχε
415 3064 613 3114 τοῦτον
665 3055 860 3131 ἀμέλει
919 3060 1015 3112 τοῦ
1092 3055 1354 3123 ἀληθινοῦ
1429 3057 1612 3132 φωτὸς
1695 3058 1887 3130 μικρὸν

243 3149 707 3219 ἀποπλανηθέντα,
766 3149 902 3222 πρὸς
977 3150 1124 3202 τοῦτ’
1202 3146 1354 3208 αὖθις
1444 3145 1510 3200 αὖ
1607 3145 1890 3222 ἐπανῆγεν,

248 3239 584 3312 εὐγνώμονος
642 3234 836 3299 παιδὸς
890 3230 1046 3311 ἔργον
1116 3241 1309 3306 ποιῶν,
1377 3237 1466 3291 καὶ
1537 3238 1610 3289 ὧν
1699 3235 1892 3314 εἴληφε

253 3329 364 3402 παρ’
413 3327 649 3393 ἐκείνου,
706 3325 883 3381 πλείω
938 3326 1026 3380 καὶ
1084 3325 1253 3398 μείζω
1338 3323 1539 3394 διδοὺς,
1608 3325 1758 3400 εἷ’περ
1829 3327 1890 3380 τὸ

257 3416 608 3488 πλανηθεῖσαν
667 3417 854 3491 ψυχὴν
913 3414 1231 3490 ἐπιπρέψαι
1285 3416 1374 3470 καὶ
1452 3419 1643 3480 σῶσαι,
1707 3421 1890 3487 μεῖζον

263 3505 374 3561 Stoa
424 3529 509 3569 τις
565 3507 626 3562 ἂν
676 3505 819 3560 εἷ’ποι
877 3506 1078 3566 παντός
1112 3525 1125 3538 ·
1187 3505 1314 3566 τοὺς
1375 3503 1421 3558 δ’
1471 3503 1534 3559 αὖ
1577 3503 1892 3566 διαστάντας

265 3598 340 3649 καὶ
384 3597 548 3666 ζῆλον
605 3598 749 3652 θεῖον
799 3594 1190 3670 ἀνηρῃμένους,
1242 3593 1384 3648 οὕτω
1439 3592 1664 3664 δυνάμει
1722 3593 1893 3667 λόγου

269 3685 343 3737 καὶ
394 3686 695 3758 πνεύματος
755 3684 1054 3760 ἐπανήγαγε
1109 3683 1200 3738 καὶ
1255 3683 1432 3754 τούτῳ
1499 3679 1761 3752 διήλλαξε
1803 3683 1892 3736 καὶ

275 3772 498 3844 συνέδησε
525 3780 623 3830 τοῦ
671 3774 892 3842 λοιποῦ,
925 3773 1015 3828 καὶ
1064 3773 1138 3835 εἰς
1183 3770 1235 3826 ἓν
1268 3771 1434 3850 ἄμφω
1481 3772 1546 3826 τὰ
1580 3773 1716 3846 μέρη
1769 3793 1889 3825 συν-

276 3863 409 3934 ῆψεν,
465 3865 535 3926 ὡς
591 3865 682 3918 καὶ
731 3862 810 3936 τῷ
863 3864 963 3931 τῆς
1023 3862 1266 3924 ἒνώσεως
1326 3861 1539 3935 μεγέθει
1583 3860 1671 3914 καὶ
1711 3861 1892 3934 τάχει,

275 3953 358 4020 τὴν
387 3950 653 4009 διάστασιν
702 3952 1037 4007 ἀπιστεῖσθαι
1073 3970 1086 3983 °
1123 3953 1204 4012 οἷς
1249 3951 1352 4025 γὰρ
1401 3950 1563 4010 αὐτὸς
1609 3954 1706 4004 τοῦ
1763 3971 1896 4004 παι-

277 4037 355 4102 δὸς
383 4042 602 4104 ἀκούσας
629 4041 822 4096 αὐτίκα
865 4041 1010 4114 μάλα
1054 4041 1299 4094 συνέθετο
1347 4041 1435 4092 καὶ
1481 4039 1580 4093 οὐκ
1627 4039 1896 4105 ἀντεῖπεν,

276 4127 505 4186 ἀλλάκαὶ
542 4137 647 4186 τῶν
708 4130 1102 4206 πεπραγμένων
1163 4128 1306 4183 οὕτω
1350 4129 1623 4202 κατέγνω,
1674 4127 1748 4187 ὼς
1806 4125 1895 4180 καὶ

1995 2969 2102 3025 hoc
2137 2975 2301 3040 pacto
2323 2971 2447 3026 suis
2477 2970 2736 3027 consiliis
2764 2973 3145 3043 gubernabat,
3168 2981 3224 3031 et
3253 2991 3421 3046 quem
3454 2978 3545 3032 sui
3572 2978 3630 3034 in

1997 3059 2182 3115 lucem
2215 3064 2373 3114 ortus
2403 3065 2696 3116 auctorem
2731 3061 2997 3129 habebat,
3032 3062 3196 3119 illum
3241 3065 3437 3136 utique
3484 3084 3635 3122 non-

1996 3144 2141 3200 nihil
2174 3164 2207 3200 a
2236 3146 2510 3202 veraluce
2530 3147 3136 3218 deerrantem,rursus
3168 3152 3238 3206 ad
3273 3151 3422 3208 hanc
3445 3153 3630 3224 ipsam
3671 3143 3674 3148 ’

1997 3236 2250 3300 reduxit,
2284 3234 2418 3291 boui
2447 3236 2793 3308 candidique
2827 3237 2928 3293 lilii
2961 3237 3195 3295 functus
3225 3240 3438 3309 ofﬁcio,
3472 3259 3636 3314 quae-

1997 3343 2109 3396 que
2141 3345 2172 3380 a
2204 3330 2364 3397 patre
2394 3333 2695 3397 acceperat
2728 3327 3027 3395 beneficia,
3063 3329 3327 3400 pluribus
3356 3347 3421 3387 ac
3455 3334 3636 3402 majo-

1998 3413 2156 3468 ribus
2185 3415 2486 3469 exsolvens
2511 3431 2524 3479 ;
2550 3429 2800 3484 namque
2821 3414 3074 3470 animam
3099 3417 3155 3471 in
3187 3433 3379 3474 errore
3409 3435 3635 3474 versan-

1997 3509 2111 3558 tem
2145 3504 2201 3556 in
2243 3503 2395 3557 viam
2447 3518 2711 3559 revocare
2750 3521 2816 3558 ac
2864 3520 3088 3560 servare
3119 3508 3248 3576 (Jac.
3301 3525 3352 3564 ν.
3393 3510 3545 3578 ult.),
3577 3509 3634 3564 id

1997 3593 2152 3647 haud
2178 3591 2350 3662 paulo
2367 3592 2558 3662 majus
2581 3592 2694 3648 allo
2717 3594 3360 3668 quovis,cujuscunque
3383 3598 3635 3653 nominis

1999 3682 2293 3752 modique,
2327 3682 2604 3736 beneficio
2635 3686 2742 3737 est.
2778 3683 2925 3738 Tum
2959 3682 3084 3738 illos
3113 3684 3284 3740 etiam
3319 3687 3418 3757 qui
3458 3703 3491 3740 a
3521 3702 3630 3758 pa-

2000 3774 2158 3826 rente
2190 3785 2316 3825 sese
2339 3767 3136 3844 abalienaverant,zelumque
3157 3772 3414 3829 divinum
3436 3774 3632 3830 indue-

1999 3864 2151 3928 rant,
2184 3859 2264 3914 ita
2293 3859 2578 3913 sermonis
2619 3861 2976 3933 spiritusque
3008 3862 3100 3916 sui
3132 3863 3386 3919 efficacia
3435 3879 3634 3920 rursus

1998 3949 2058 4003 in
2089 3947 2458 4004 coucordiam
2498 3963 2630 4003 cum
2681 3949 2782 4005 illo
2831 3951 3082 4020 reduxit,
3113 3968 3179 4007 ao
3218 3952 3637 4020 reconciliavit,

1999 4047 2052 4091 et
2083 4039 2142 4092 in
2177 4046 2466 4109 posterum
2497 4038 2818 4109 conjunxit,
2853 4045 2909 4096 et
2954 4046 3259 4113 utramque
3301 4048 3522 4114 partem
3557 4046 3638 4100 ita

2000 4126 2371 4194 coadunavit,
2411 4133 2470 4181 ut
2503 4129 2934 4198 conjunctionis
2983 4130 3141 4186 illius
3189 4135 3549 4205 magnitudo,
3583 4144 3638 4190 et

277 4216 473 4292 δάκρυσι
511 4221 790 4282 πλείστοις
838 4218 1173 4292 ἒξιλεοῦσθαι
1230 4219 1292 4272 τὸ
1360 4219 1531 4285 Θεῖον,
1581 4219 1662 4278 οἷς
1709 4215 1883 4286 ἐξέστη

2003 4215 2290 4281 celeritas,
2341 4216 2742 4272 incredibilem
2804 4235 2948 4288 pene
3018 4221 3377 4292 superiorem
3429 4223 3639 4280 faceret

274 4309 360 4378 τῆς
397 4310 442 4380 ἒξ
501 4311 680 4386 ἀρχῆς
735 4309 1061 4374 ὑποθέσεως,
1111 4307 1162 4361 ἐν
1212 4306 1425 4368 τούτοις
1485 4301 1720 4379 ἔγνωσαν
1767 4305 1888 4360 ἀτε-

277 4403 426 4470 χνῶς,
472 4403 543 4463 ὼς
599 4402 663 4455 οὐ
721 4404 1038 4474 κακουργῶν
1095 4397 1218 4453 οὐδὲ
1266 4398 1726 4470 πονηρευόμενος,
1763 4394 1891 4451 ἀλλ’

270 4491 590 4568 ἆκεραιότητι
638 4496 868 4571 γνώμης
921 4492 1151 4549 κάλλιον
1213 4491 1360 4567 ἔχειν
1413 4491 1580 4546 έκεῖνο
1636 4491 1889 4563 νομίσας,

269 4583 536 4647 προσέθετο
567 4604 581 4616 ·
615 4585 690 4645 ὡς
714 4586 791 4655 μὴ
823 4589 921 4651 τῆς
951 4583 1179 4657 γνώμης
1225 4579 1370 4636 ἀλλὰ
1406 4587 1507 4649 τῆς
1556 4579 1889 4651 ἁπλότητος,

269 4669 488 4728 καὶτῶν
537 4673 901 4744 ἡπατηκότων
962 4671 1098 4726 εἶναι
1151 4671 1211 4724 τὸ
1273 4666 1545 4743 ἔγκλημα.
1605 4672 1772 4722 Τοῦτο
1828 4668 1891 4722 τὸ

270 4752 407 4834 ἔργον
468 4761 565 4817 οῦκ
622 4760 942 4834 ἀτιμότερον
999 4759 1181 4832 οἶμαι,
1223 4758 1346 4812 οὕτε
1400 4764 1498 4826 τῆς
1578 4758 1889 4829 θαυμαστῆς

271 4848 507 4926 ἡσυχίας,
539 4848 663 4906 οῦτε
709 4853 819 4904 τῶν
875 4848 1101 4906 πολλῶν
1134 4845 1383 4924 ἱδρώτων
1430 4845 1518 4900 καὶ
1567 4846 1770 4915 πόνων,
1801 4845 1890 4900 καὶ

267 4944 356 5008 τῆς
389 4941 628 5019 μεγάλης
660 4940 716 4994 ἐν
747 4936 990 5010 εὒτελείᾳ
1020 4937 1341 5014 φιλοσοσίας
1373 4955 1385 4967 °
1421 4934 1633 5010 μάλλον
1682 4933 1737 4989 δὲ
1787 4935 1890 4989 οὐ-

269 5024 345 5082 δὲν
387 5029 599 5088 ἐκείνων
660 5030 738 5089 εἷς
797 5026 1120 5108 φιλοτιμίαν
1175 5030 1461 5091 τοσοῦυον,
1491 5026 1615 5078 ὅσον
1656 5024 1718 5078 τὸ
1763 5025 1888 5086 τοὺς

265 5114 346 5174 διὰ
399 5122 520 5176 Θεὸν
590 5119 975 5188 στασιάζοντας
1043 5117 1134 5172 καὶ
1209 5118 1373 5191 ἱερῶς
1449 5111 1890 5190 διαφερομένους,

262 5206 504 5280 ὁμονοίας
559 5205 777 5284 ἔχεσθαι
821 5212 1027 5274 πεῖσαι,
1077 5208 1165 5262 καὶ
1241 5207 1462 5282 εἰρήνην
1540 5201 1888 5273 έσπάσασθάι,

255 5296 522 5354 κάντεῦθεν
551 5301 685 5354 Θεοῦ
717 5293 886 5351 παῖδα
914 5293 1235 5364 κεκλῆσθαι.

2001 4305 2461 4362 distractionem.
2495 4306 2715 4378 Quippe
2748 4308 3025 4377 quoniam
3060 4314 3123 4364 ut
3153 4312 3504 4368 sententiam
3537 4313 3641 4368 {iiii

1999 4399 2162 4465 pater
2191 4393 2454 4448 audierat
2483 4393 2770 4465 extemplo
2797 4395 2923 4450 sine
2974 4396 3092 4453 ulla
3139 4400 3522 4470 refragatione
3553 4400 3637 4456 illi

2002 4485 2314 4545 accederet,
2347 4483 2464 4537 imo
2507 4483 2682 4538 etiam
2718 4501 2842 4554 pum
2873 4487 3090 4556 egisset
3119 4489 3203 4543 sie
3235 4489 3358 4559 ipse
3388 4491 3635 4546 damna-

2002 4577 2106 4639 ret,
2142 4579 2206 4627 ut
2237 4571 2548 4626 uberrimis
2578 4573 2853 4643 Iacrymis
2885 4573 3062 4646 hujus
3085 4592 3202 4632 suae
3230 4595 3256 4631 e
3279 4580 3524 4650 pristino
3545 4580 3636 4635 in-

2001 4664 2203 4715 stituto
2233 4659 2569 4715 defectionis
2602 4661 2827 4716 veniam
2859 4679 2892 4717 a
2931 4663 3048 4720 Deo
3094 4671 3427 4737 exposceret
3455 4684 3468 4735 ;
3501 4668 3638 4725 inde

2003 4748 2173 4822 plane
2219 4747 2646 4820 intelligebpnt,
2708 4751 2948 4808 minime
3006 4754 3170 4810 illum
3220 4755 3354 4812 dolo
3388 4756 3540 4812 malo
3572 4775 3639 4815 ao

2001 4839 2341 4894 veteratorie
2362 4839 2614 4908 quadam
2639 4841 3048 4911 pravitate,sed
3070 4845 3322 4916 ingenua
3342 4847 3522 4901 animi
3547 4849 3638 4904 in-

2000 4928 2265 4998 tegritate
2295 4943 2412 4998 qua
2443 4928 2683 4984 rectiora
2714 4929 2813 4985 illa
2841 4947 2966 4987 esse
2997 4933 3108 4988 sibi
3128 4940 3514 5006 persuaserat,
3547 4953 3638 4992 ea-

2002 5019 2134 5073 dem
2165 5019 2493 5088 amplexum
2528 5017 2723 5074 fuisse.
2759 5021 2842 5074 Ita
2893 5027 2957 5076 ut
3001 5023 3211 5078 erroris
3261 5023 3414 5080 illius
3446 5026 3638 5096 culpa,

2003 5123 2118 5161 non
2134 5111 2248 5161 tam
2263 5107 2651 5178 animo,quam
2669 5107 2910 5164 incautae
2927 5109 3642 5184 simplicitati,astutisque

2003 5197 2428 5268 deceptoribus,
2461 5196 2804 5266 imputanda
2826 5200 3228 5265 veniret.Quod
3265 5203 3441 5257 nostri
3472 5220 3636 5275 opus,

2004 5303 2130 5342 meo
2155 5285 2396 5357 judicio,
2428 5285 2884 5358 haudquaquam
2918 5289 3158 5346 minoris
3188 5292 3640 5351 existimandum

255 5395 360 5460 est,
393 5407 558 5462 quam
592 5393 694 5445 aut
721 5387 1070 5444 admirabile
1101 5385 1243 5440 illud
1277 5385 1484 5450 otium,
1515 5387 1614 5439 aut
1651 5380 1815 5437 multi
1847 5381 2021 5451 juges
2062 5377 2285 5432 labores
2314 5376 2690 5447 sudoresque,
2724 5394 2789 5432 ac
2821 5377 2991 5448 plane
3022 5380 3270 5438 caelestis
3301 5383 3359 5437 in
3410 5401 3642 5441 summa

252 5479 571 5552 frugalitate
625 5481 762 5546 vita,
797 5477 918 5534 sive
976 5475 1197 5548 potius,
1249 5475 1393 5530 nihil
1453 5473 1685 5529 illarum
1743 5475 1863 5526 tam
1914 5485 2042 5526 esse
2099 5465 2420 5539 gloriosum
2479 5483 2544 5522 ac
2598 5466 3010 5536 honoriﬁcum,
3067 5487 3239 5542 quam
3315 5475 3414 5530 Dei
3463 5491 3640 5532 causa

251 5568 611 5639 dissidentes,
643 5571 959 5640 sancteque
1007 5567 1163 5622 inter
1209 5579 1336 5623 sese
1384 5565 1908 5630 controversantes,
1936 5559 2009 5614 ad
2066 5563 2276 5613 mutuae
2334 5555 2654 5612 concordia:
2712 5558 2996 5627 studium,
3029 5563 3307 5635 pacisque
3361 5581 3641 5640 amorem,

252 5658 550 5729 adducere,
581 5675 762 5730 eaque
791 5672 855 5715 re
883 5655 989 5712 ﬁlii
1021 5655 1122 5712 Dei
1153 5653 1600 5727 appellationem
1632 5649 1680 5686 ²⁸
1710 5647 2044 5723 promereri.

321 5750 367 5786 ³⁸
395 5751 595 5809 Matth.
629 5767 680 5820 v,
710 5750 765 5808 9.
