  <div class='ocr_page' id='page_1' title='image "/cluster/home/n/w/nwhite01/storage/ocr_20150623/145/mdp.39015061167048/153.png"; bbox 0 0 4092 6300; ppageno 0'>
   <div class='ocr_carea' id='block_1_1' title="bbox 531 443 643 503">
    <p class='ocr_par' dir='ltr' id='par_1_1' title="bbox 531 443 643 503">
     <span class='ocr_line' id='line_1_1' title="bbox 531 443 643 503; baseline 0 -2"><span class='ocrx_word' id='word_1_1' title='bbox 531 443 643 503; x_wconf 76' lang='grc'>291</span> 
     </span>
    </p>
   </div>
   <div class='ocr_carea' id='block_1_2' title="bbox 1833 429 2632 498">
    <p class='ocr_par' dir='ltr' id='par_1_2' title="bbox 1833 429 2632 498">
     <span class='ocr_line' id='line_1_2' title="bbox 1833 429 2632 498; baseline -0.009 -2"><span class='ocrx_word' id='word_1_2' title='bbox 1833 439 1935 496; x_wconf 85' lang='grc' dir='ltr'><strong>ΤΗ</strong></span> <span class='ocrx_word' id='word_1_3' title='bbox 1945 435 2238 498; x_wconf 88' lang='lat' dir='ltr'><strong>EODULI</strong></span> <span class='ocrx_word' id='word_1_4' title='bbox 2282 429 2632 495; x_wconf 82' lang='lat' dir='ltr'><strong>MONACHI</strong></span> 
     </span>
    </p>
   </div>
   <div class='ocr_carea' id='block_1_3' title="bbox 3779 429 3881 492">
    <p class='ocr_par' dir='ltr' id='par_1_3' title="bbox 3779 429 3881 492">
     <span class='ocr_line' id='line_1_3' title="bbox 3779 429 3881 492; baseline -0.039 0"><span class='ocrx_word' id='word_1_5' title='bbox 3779 429 3881 492; x_wconf 67' lang='lat'><strong>3‘92</strong></span> 
     </span>
    </p>
   </div>
   <div class='ocr_carea' id='block_1_4' title="bbox 605 561 2142 642">
    <p class='ocr_par' dir='ltr' id='par_1_4' title="bbox 605 569 2140 642">
     <span class='ocr_line' id='line_1_4' title="bbox 605 569 2140 642; baseline -0.003 -13"><span class='ocrx_word' id='word_1_6' title='bbox 605 571 817 629; x_wconf 85' lang='lat' dir='ltr'><strong>LXXV.</strong></span> <span class='ocrx_word' id='word_1_7' title='bbox 876 572 1020 638; x_wconf 86' lang='lat' dir='ltr'><strong>Quid</strong></span> <span class='ocrx_word' id='word_1_8' title='bbox 1079 574 1205 626; x_wconf 85' lang='lat' dir='ltr'><strong>tum</strong></span> <span class='ocrx_word' id='word_1_9' title='bbox 1258 587 1391 628; x_wconf 87' lang='lat' dir='ltr'><strong>vero</strong></span> <span class='ocrx_word' id='word_1_10' title='bbox 1435 573 1634 642; x_wconf 90' lang='lat' dir='ltr'><strong>postea</strong></span> <span class='ocrx_word' id='word_1_11' title='bbox 1663 569 1930 625; x_wconf 90' lang='lat' dir='ltr'><strong>accidit?</strong></span> <span class='ocrx_word' id='word_1_12' title='bbox 1956 570 2140 641; x_wconf 90' lang='lat' dir='ltr'><strong>Nemp</strong></span> 
     </span>
    </p>
   </div>
   <div class='ocr_carea' id='block_1_5' title="bbox 2257 561 3885 642">
    <p class='ocr_par' dir='ltr' id='par_1_5' title="bbox 2257 561 3885 637">
     <span class='ocr_line' id='line_1_5' title="bbox 2257 561 3885 637; baseline 0 -17"><span class='ocrx_word' id='word_1_13' title='bbox 2257 629 2259 635; x_wconf 21' lang='grc' dir='ltr'><em>γ</em></span> <span class='ocrx_word' id='word_1_14' title='bbox 2359 566 2485 623; x_wconf 88' lang='lat' dir='ltr'><strong>OE&#39;.</strong></span> <span class='ocrx_word' id='word_1_15' title='bbox 2517 563 2578 617; x_wconf 85' lang='grc' dir='ltr'>Τί</span> <span class='ocrx_word' id='word_1_16' title='bbox 2627 563 2688 618; x_wconf 85' lang='grc' dir='ltr'><strong>τὸ</strong></span> <span class='ocrx_word' id='word_1_17' title='bbox 2731 561 2972 617; x_wconf 73' lang='grc' dir='ltr'>ἐνυεῦθεν</span> <span class='ocrx_word' id='word_1_18' title='bbox 3004 580 3019 630; x_wconf 88' lang='grc'><strong>;</strong></span> <span class='ocrx_word' id='word_1_19' title='bbox 3052 561 3203 637; x_wconf 90' lang='grc' dir='ltr'>Χρίει</span> <span class='ocrx_word' id='word_1_20' title='bbox 3237 561 3339 636; x_wconf 71' lang='grc' dir='ltr'><strong>μὶν</strong></span> <span class='ocrx_word' id='word_1_21' title='bbox 3379 564 3467 619; x_wconf 78' lang='grc' dir='ltr'><strong>καὶ</strong></span> <span class='ocrx_word' id='word_1_22' title='bbox 3498 561 3668 621; x_wconf 72' lang='grc' dir='ltr'>ἄκοντ’</span> <span class='ocrx_word' id='word_1_23' title='bbox 3696 566 3832 621; x_wconf 80' lang='grc' dir='ltr'>αὐτὸν</span> <span class='ocrx_word' id='word_1_24' title='bbox 3860 567 3885 620; x_wconf 80' lang='grc' dir='ltr'>ὁ</span> 
     </span>
    </p>
   </div>
   <div class='ocr_carea' id='block_1_6' title="bbox 533 659 2168 734">
    <p class='ocr_par' dir='ltr' id='par_1_6' title="bbox 533 659 2168 734">
     <span class='ocr_line' id='line_1_6' title="bbox 533 659 2168 734; baseline -0.004 -16"><span class='ocrx_word' id='word_1_25' title='bbox 533 663 871 734; x_wconf 85' lang='lat' dir='ltr'><strong>Gregorium</strong></span> <span class='ocrx_word' id='word_1_26' title='bbox 907 659 1340 732; x_wconf 74' lang='lat' dir='ltr'><strong>quantumlibet</strong></span> <span class='ocrx_word' id='word_1_27' title='bbox 1387 660 1728 715; x_wconf 84' lang='lat' dir='ltr'><strong>renitentem</strong></span> <span class='ocrx_word' id='word_1_28' title='bbox 1763 675 1926 714; x_wconf 88' lang='lat' dir='ltr'><strong>sacro</strong></span> <span class='ocrx_word' id='word_1_29' title='bbox 1975 675 2168 714; x_wconf 87' lang='lat' dir='ltr'><strong>sacer-</strong></span> 
     </span>
    </p>
   </div>
   <div class='ocr_carea' id='block_1_7' title="bbox 530 747 2170 821">
    <p class='ocr_par' dir='ltr' id='par_1_7' title="bbox 530 747 2170 821">
     <span class='ocr_line' id='line_1_7' title="bbox 530 747 2170 821; baseline -0.002 -15"><span class='ocrx_word' id='word_1_30' title='bbox 530 751 668 807; x_wconf 91' lang='lat' dir='ltr'><strong>dotii</strong></span> <span class='ocrx_word' id='word_1_31' title='bbox 703 757 994 821; x_wconf 89' lang='lat' dir='ltr'><strong>unguento</strong></span> <span class='ocrx_word' id='word_1_32' title='bbox 1044 755 1206 821; x_wconf 89' lang='lat' dir='ltr'><strong>pater</strong></span> <span class='ocrx_word' id='word_1_33' title='bbox 1252 750 1441 821; x_wconf 87' lang='lat' dir='ltr'><strong>ungit,</strong></span> <span class='ocrx_word' id='word_1_34' title='bbox 1474 765 1539 804; x_wconf 91' lang='lat' dir='ltr'><strong>ac</strong></span> <span class='ocrx_word' id='word_1_35' title='bbox 1583 747 1902 821; x_wconf 80' lang='lat' dir='ltr'><strong>presbyteri</strong></span> <span class='ocrx_word' id='word_1_36' title='bbox 1952 748 2170 803; x_wconf 88' lang='lat' dir='ltr'><strong>honore</strong></span> 
     </span>
    </p>
   </div>
   <div class='ocr_carea' id='block_1_8' title="bbox 528 836 2167 911">
    <p class='ocr_par' dir='ltr' id='par_1_8' title="bbox 528 836 2167 911">
     <span class='ocr_line' id='line_1_8' title="bbox 528 836 2167 911; baseline -0.002 -17"><span class='ocrx_word' id='word_1_37' title='bbox 528 849 698 911; x_wconf 88' lang='lat' dir='ltr'><strong>auget</strong></span> <span class='ocrx_word' id='word_1_38' title='bbox 727 839 1052 910; x_wconf 79' lang='lat' dir='ltr'><strong>Christique</strong></span> <span class='ocrx_word' id='word_1_39' title='bbox 1098 839 1424 894; x_wconf 82' lang='lat' dir='ltr'><strong>sacriﬁcum</strong></span> <span class='ocrx_word' id='word_1_40' title='bbox 1476 839 1808 908; x_wconf 91' lang='lat' dir='ltr'><strong>inaugurat,</strong></span> <span class='ocrx_word' id='word_1_41' title='bbox 1843 836 1944 909; x_wconf 89' lang='lat' dir='ltr'><strong>qui</strong></span> <span class='ocrx_word' id='word_1_42' title='bbox 1992 836 2167 892; x_wconf 91' lang='lat' dir='ltr'><strong>etiam</strong></span> 
     </span>
    </p>
   </div>
   <div class='ocr_carea' id='block_1_9' title="bbox 525 926 2164 1002">
    <p class='ocr_par' dir='ltr' id='par_1_9' title="bbox 525 926 2164 1002">
     <span class='ocr_line' id='line_1_9' title="bbox 525 926 2164 1002; baseline -0.002 -18"><span class='ocrx_word' id='word_1_43' title='bbox 525 931 869 1002; x_wconf 80' lang='lat' dir='ltr'><strong>priusquam</strong></span> <span class='ocrx_word' id='word_1_44' title='bbox 902 929 1282 1000; x_wconf 89' lang='lat' dir='ltr'><strong>inungeretur</strong></span> <span class='ocrx_word' id='word_1_45' title='bbox 1298 944 1366 982; x_wconf 89' lang='lat' dir='ltr'><strong>ex</strong></span> <span class='ocrx_word' id='word_1_46' title='bbox 1394 926 1503 983; x_wconf 94' lang='lat' dir='ltr'><strong>hoc</strong></span> <span class='ocrx_word' id='word_1_47' title='bbox 1525 928 1727 982; x_wconf 90' lang='lat' dir='ltr'><strong>ordine</strong></span> <span class='ocrx_word' id='word_1_48' title='bbox 1756 931 1880 982; x_wconf 89' lang='lat' dir='ltr'><strong>erat</strong></span> <span class='ocrx_word' id='word_1_49' title='bbox 1907 951 1922 994; x_wconf 85' lang='lat'><strong>;</strong></span> <span class='ocrx_word' id='word_1_50' title='bbox 1955 926 2164 981; x_wconf 87' lang='lat' dir='ltr'><strong>immo-</strong></span> 
     </span>
    </p>
   </div>
   <div class='ocr_carea' id='block_1_10' title="bbox 527 1013 2167 1088">
    <p class='ocr_par' dir='ltr' id='par_1_10' title="bbox 527 1013 2167 1088">
     <span class='ocr_line' id='line_1_10' title="bbox 527 1013 2167 1088; baseline -0.003 -14"><span class='ocrx_word' id='word_1_51' title='bbox 527 1019 681 1074; x_wconf 88' lang='lat' dir='ltr'><strong>labat</strong></span> <span class='ocrx_word' id='word_1_52' title='bbox 704 1017 801 1072; x_wconf 90' lang='lat' dir='ltr'><strong>ille</strong></span> <span class='ocrx_word' id='word_1_53' title='bbox 822 1033 978 1084; x_wconf 90' lang='lat' dir='ltr'><strong>vero,</strong></span> <span class='ocrx_word' id='word_1_54' title='bbox 1010 1034 1125 1072; x_wconf 92' lang='lat' dir='ltr'><strong>non</strong></span> <span class='ocrx_word' id='word_1_55' title='bbox 1157 1023 1389 1087; x_wconf 82' lang='lat' dir='ltr'><strong>Agnum</strong></span> <span class='ocrx_word' id='word_1_56' title='bbox 1426 1017 1522 1071; x_wconf 89' lang='lat' dir='ltr'><strong>Dei</strong></span> <span class='ocrx_word' id='word_1_57' title='bbox 1555 1021 1788 1088; x_wconf 88' lang='lat' dir='ltr'><strong>peccata</strong></span> <span class='ocrx_word' id='word_1_58' title='bbox 1819 1015 2022 1070; x_wconf 89' lang='lat' dir='ltr'><strong>mundi</strong></span> <span class='ocrx_word' id='word_1_59' title='bbox 2059 1013 2167 1069; x_wconf 86' lang='lat' dir='ltr'><strong>tol-</strong></span> 
     </span>
    </p>
   </div>
   <div class='ocr_carea' id='block_1_11' title="bbox 527 1102 2166 1176">
    <p class='ocr_par' dir='ltr' id='par_1_11' title="bbox 527 1102 2166 1176">
     <span class='ocr_line' id='line_1_11' title="bbox 527 1102 2166 1176; baseline -0.004 -13"><span class='ocrx_word' id='word_1_60' title='bbox 527 1107 865 1174; x_wconf 71' lang='lat' dir='ltr'><strong>lentem‘”,</strong></span> <span class='ocrx_word' id='word_1_61' title='bbox 935 1107 1035 1162; x_wconf 90' lang='lat' dir='ltr'><strong>sed</strong></span> <span class='ocrx_word' id='word_1_62' title='bbox 1103 1107 1219 1161; x_wconf 91' lang='lat' dir='ltr'><strong>Deo</strong></span> <span class='ocrx_word' id='word_1_63' title='bbox 1285 1105 1537 1162; x_wconf 84' lang='lat' dir='ltr'><strong>hostiam</strong></span> <span class='ocrx_word' id='word_1_64' title='bbox 1619 1104 1815 1176; x_wconf 66' lang='lat' dir='ltr'><strong>gratiae</strong></span> <span class='ocrx_word' id='word_1_65' title='bbox 1895 1119 1960 1160; x_wconf 90' lang='lat' dir='ltr'><strong>ac</strong></span> <span class='ocrx_word' id='word_1_66' title='bbox 2045 1102 2166 1159; x_wconf 87' lang='lat' dir='ltr'><strong>lau-</strong></span> 
     </span>
    </p>
   </div>
   <div class='ocr_carea' id='block_1_12' title="bbox 528 1192 2166 1267">
    <p class='ocr_par' dir='ltr' id='par_1_12' title="bbox 528 1192 2166 1267">
     <span class='ocr_line' id='line_1_12' title="bbox 528 1192 2166 1267; baseline -0.003 -14"><span class='ocrx_word' id='word_1_67' title='bbox 528 1201 618 1254; x_wconf 87' lang='lat' dir='ltr'><strong>dis</strong></span> <span class='ocrx_word' id='word_1_68' title='bbox 673 1196 766 1264; x_wconf 80' lang='lat'><strong>3°;</strong></span> <span class='ocrx_word' id='word_1_69' title='bbox 827 1198 929 1253; x_wconf 91' lang='lat' dir='ltr'><strong>sed</strong></span> <span class='ocrx_word' id='word_1_70' title='bbox 987 1201 1046 1252; x_wconf 88' lang='lat' dir='ltr'><strong>et</strong></span> <span class='ocrx_word' id='word_1_71' title='bbox 1102 1197 1480 1267; x_wconf 81' lang='lat' dir='ltr'><strong>semetipsum</strong></span> <span class='ocrx_word' id='word_1_72' title='bbox 1557 1193 1854 1266; x_wconf 83' lang='lat' dir='ltr'><strong>perpetuis</strong></span> <span class='ocrx_word' id='word_1_73' title='bbox 1940 1192 2166 1248; x_wconf 87' lang='lat' dir='ltr'><strong>laribus</strong></span> 
     </span>
    </p>
   </div>
   <div class='ocr_carea' id='block_1_13' title="bbox 527 1280 2166 1358">
    <p class='ocr_par' dir='ltr' id='par_1_13' title="bbox 527 1280 2166 1358">
     <span class='ocr_line' id='line_1_13' title="bbox 527 1280 2166 1358; baseline -0.004 -16"><span class='ocrx_word' id='word_1_74' title='bbox 527 1286 980 1358; x_wconf 74' lang='lat' dir='ltr'><strong>sudoribusque,</strong></span> <span class='ocrx_word' id='word_1_75' title='bbox 1014 1288 1256 1356; x_wconf 86' lang='lat' dir='ltr'><strong>actaque</strong></span> <span class='ocrx_word' id='word_1_76' title='bbox 1295 1285 1354 1338; x_wconf 92' lang='lat' dir='ltr'><strong>in</strong></span> <span class='ocrx_word' id='word_1_77' title='bbox 1400 1283 1774 1338; x_wconf 87' lang='lat' dir='ltr'><strong>meditatione</strong></span> <span class='ocrx_word' id='word_1_78' title='bbox 1813 1284 2012 1336; x_wconf 87' lang='lat' dir='ltr'><strong>mortis</strong></span> <span class='ocrx_word' id='word_1_79' title='bbox 2049 1280 2166 1336; x_wconf 89' lang='lat' dir='ltr'><strong>vita</strong></span> 
     </span>
    </p>
   </div>
   <div class='ocr_carea' id='block_1_14' title="bbox 525 1369 2159 1443">
    <p class='ocr_par' dir='ltr' id='par_1_14' title="bbox 525 1369 2159 1443">
     <span class='ocr_line' id='line_1_14' title="bbox 525 1369 2159 1443; baseline -0.007 -10"><span class='ocrx_word' id='word_1_80' title='bbox 525 1377 708 1443; x_wconf 89' lang='lat' dir='ltr'><strong>omni,</strong></span> <span class='ocrx_word' id='word_1_81' title='bbox 742 1398 770 1425; x_wconf 85' lang='lat'><strong>«</strong></span> <span class='ocrx_word' id='word_1_82' title='bbox 804 1375 1056 1429; x_wconf 88' lang='lat' dir='ltr'><strong>hostiam</strong></span> <span class='ocrx_word' id='word_1_83' title='bbox 1091 1375 1396 1440; x_wconf 81' lang='lat' dir='ltr'><strong>viventem,</strong></span> <span class='ocrx_word' id='word_1_84' title='bbox 1420 1377 1708 1436; x_wconf 87' lang='lat' dir='ltr'><strong>sanctam,</strong></span> <span class='ocrx_word' id='word_1_85' title='bbox 1739 1379 2033 1441; x_wconf 83' lang='lat' dir='ltr'><strong>acceptam</strong></span> <span class='ocrx_word' id='word_1_86' title='bbox 2053 1369 2159 1436; x_wconf 64' lang='lat'><strong>3‘,»</strong></span> 
     </span>
    </p>
   </div>
   <div class='ocr_carea' id='block_1_15' title="bbox 523 1460 2158 1536">
    <p class='ocr_par' dir='ltr' id='par_1_15' title="bbox 523 1460 2158 1536">
     <span class='ocr_line' id='line_1_15' title="bbox 523 1460 2158 1536; baseline -0.006 -14"><span class='ocrx_word' id='word_1_87' title='bbox 523 1475 576 1523; x_wconf 88' lang='lat' dir='ltr'><strong>et</strong></span> <span class='ocrx_word' id='word_1_88' title='bbox 602 1472 733 1521; x_wconf 90' lang='lat' dir='ltr'><strong>ante</strong></span> <span class='ocrx_word' id='word_1_89' title='bbox 752 1466 879 1536; x_wconf 87' lang='lat' dir='ltr'><strong>jam</strong></span> <span class='ocrx_word' id='word_1_90' title='bbox 912 1465 1181 1530; x_wconf 83' lang='lat' dir='ltr'><strong>votivam,</strong></span> <span class='ocrx_word' id='word_1_91' title='bbox 1215 1479 1392 1535; x_wconf 88' lang='lat' dir='ltr'><strong>quam</strong></span> <span class='ocrx_word' id='word_1_92' title='bbox 1423 1462 1632 1517; x_wconf 80' lang='lat' dir='ltr'><strong>editam</strong></span> <span class='ocrx_word' id='word_1_93' title='bbox 1660 1461 1718 1515; x_wconf 92' lang='lat' dir='ltr'><strong>in</strong></span> <span class='ocrx_word' id='word_1_94' title='bbox 1743 1460 1928 1516; x_wconf 90' lang='lat' dir='ltr'><strong>lucem</strong></span> <span class='ocrx_word' id='word_1_95' title='bbox 1950 1460 2158 1527; x_wconf 88' lang='lat' dir='ltr'><strong>fuerat,</strong></span> 
     </span>
    </p>
   </div>
   <div class='ocr_carea' id='block_1_16' title="bbox 523 1546 2161 1623">
    <p class='ocr_par' dir='ltr' id='par_1_16' title="bbox 523 1546 2161 1623">
     <span class='ocr_line' id='line_1_16' title="bbox 523 1546 2161 1623; baseline -0.004 -13"><span class='ocrx_word' id='word_1_96' title='bbox 523 1553 900 1619; x_wconf 84' lang='lat' dir='ltr'><strong>sacrificabat,</strong></span> <span class='ocrx_word' id='word_1_97' title='bbox 934 1567 1108 1622; x_wconf 92' lang='lat' dir='ltr'><strong>quam</strong></span> <span class='ocrx_word' id='word_1_98' title='bbox 1135 1567 1240 1623; x_wconf 91' lang='lat' dir='ltr'><strong>ego</strong></span> <span class='ocrx_word' id='word_1_99' title='bbox 1271 1565 1447 1606; x_wconf 89' lang='lat' dir='ltr'><strong>unam</strong></span> <span class='ocrx_word' id='word_1_100' title='bbox 1479 1549 1628 1605; x_wconf 89' lang='lat' dir='ltr'><strong>haud</strong></span> <span class='ocrx_word' id='word_1_101' title='bbox 1681 1547 1936 1604; x_wconf 85' lang='lat' dir='ltr'><strong>dubitem</strong></span> <span class='ocrx_word' id='word_1_102' title='bbox 1972 1546 2161 1617; x_wconf 88' lang='lat' dir='ltr'><strong>magis</strong></span> 
     </span>
    </p>
   </div>
   <div class='ocr_carea' id='block_1_17' title="bbox 522 1637 2158 1714">
    <p class='ocr_par' dir='ltr' id='par_1_17' title="bbox 522 1637 2158 1714">
     <span class='ocr_line' id='line_1_17' title="bbox 522 1637 2158 1714; baseline -0.006 -13"><span class='ocrx_word' id='word_1_103' title='bbox 522 1645 639 1701; x_wconf 93' lang='lat' dir='ltr'><strong>Deo</strong></span> <span class='ocrx_word' id='word_1_104' title='bbox 671 1644 906 1700; x_wconf 86' lang='lat' dir='ltr'><strong>charam</strong></span> <span class='ocrx_word' id='word_1_105' title='bbox 956 1643 1260 1714; x_wconf 84' lang='lat' dir='ltr'><strong>magispue</strong></span> <span class='ocrx_word' id='word_1_106' title='bbox 1308 1641 1615 1712; x_wconf 83' lang='lat' dir='ltr'><strong>pretiosam</strong></span> <span class='ocrx_word' id='word_1_107' title='bbox 1645 1639 1896 1705; x_wconf 86' lang='lat' dir='ltr'><strong>Christo,</strong></span> <span class='ocrx_word' id='word_1_108' title='bbox 1928 1637 2028 1709; x_wconf 93' lang='lat' dir='ltr'><strong>qui</strong></span> <span class='ocrx_word' id='word_1_109' title='bbox 2061 1654 2158 1693; x_wconf 88' lang='lat' dir='ltr'><strong>no-</strong></span> 
     </span>
    </p>
   </div>
   <div class='ocr_carea' id='block_1_18' title="bbox 525 1728 2158 1800">
    <p class='ocr_par' dir='ltr' id='par_1_18' title="bbox 525 1728 2158 1800">
     <span class='ocr_line' id='line_1_18' title="bbox 525 1728 2158 1800; baseline -0.004 -12"><span class='ocrx_word' id='word_1_110' title='bbox 525 1740 644 1788; x_wconf 89' lang='lat' dir='ltr'><strong>stra</strong></span> <span class='ocrx_word' id='word_1_111' title='bbox 710 1747 884 1786; x_wconf 91' lang='lat' dir='ltr'><strong>causa</strong></span> <span class='ocrx_word' id='word_1_112' title='bbox 931 1729 1268 1785; x_wconf 87' lang='lat' dir='ltr'><strong>immolatus</strong></span> <span class='ocrx_word' id='word_1_113' title='bbox 1325 1734 1432 1800; x_wconf 87' lang='lat' dir='ltr'><strong>est,</strong></span> <span class='ocrx_word' id='word_1_114' title='bbox 1490 1728 1797 1784; x_wconf 80' lang='lat' dir='ltr'><strong>afﬁrmare.</strong></span> <span class='ocrx_word' id='word_1_115' title='bbox 1843 1728 2158 1797; x_wconf 87' lang='lat' dir='ltr'><strong>Postquam</strong></span> 
     </span>
    </p>
   </div>
   <div class='ocr_carea' id='block_1_19' title="bbox 523 1813 2155 1889">
    <p class='ocr_par' dir='ltr' id='par_1_19' title="bbox 523 1813 2155 1889">
     <span class='ocr_line' id='line_1_19' title="bbox 523 1813 2155 1889; baseline -0.005 -13"><span class='ocrx_word' id='word_1_116' title='bbox 523 1823 632 1876; x_wconf 88' lang='lat' dir='ltr'><strong>hoc</strong></span> <span class='ocrx_word' id='word_1_117' title='bbox 677 1821 845 1874; x_wconf 90' lang='lat' dir='ltr'><strong>modo</strong></span> <span class='ocrx_word' id='word_1_118' title='bbox 893 1819 951 1874; x_wconf 90' lang='lat' dir='ltr'><strong>in</strong></span> <span class='ocrx_word' id='word_1_119' title='bbox 1001 1818 1312 1889; x_wconf 83' lang='lat' dir='ltr'><strong>collegium</strong></span> <span class='ocrx_word' id='word_1_120' title='bbox 1362 1818 1727 1874; x_wconf 87' lang='lat' dir='ltr'><strong>sacerdotum</strong></span> <span class='ocrx_word' id='word_1_121' title='bbox 1770 1819 1933 1887; x_wconf 88' lang='lat' dir='ltr'><strong>pater</strong></span> <span class='ocrx_word' id='word_1_122' title='bbox 1969 1813 2155 1868; x_wconf 81' lang='lat' dir='ltr'><strong>filium</strong></span> 
     </span>
    </p>
   </div>
   <div class='ocr_carea' id='block_1_20' title="bbox 521 1906 2236 2014">
    <p class='ocr_par' dir='ltr' id='par_1_20' title="bbox 521 1906 2236 2014">
     <span class='ocr_line' id='line_1_20' title="bbox 521 1906 2236 2014; baseline -0.005 -47"><span class='ocrx_word' id='word_1_123' title='bbox 521 1909 928 1980; x_wconf 89' lang='lat' dir='ltr'><strong>c00ptavisset,</strong></span> <span class='ocrx_word' id='word_1_124' title='bbox 960 1909 1012 1963; x_wconf 92' lang='lat' dir='ltr'><strong>id</strong></span> <span class='ocrx_word' id='word_1_125' title='bbox 1050 1908 1220 1962; x_wconf 88' lang='lat' dir='ltr'><strong>unice</strong></span> <span class='ocrx_word' id='word_1_126' title='bbox 1248 1909 1473 1980; x_wconf 87' lang='lat' dir='ltr'><strong>agebat,</strong></span> <span class='ocrx_word' id='word_1_127' title='bbox 1506 1912 1570 1962; x_wconf 92' lang='lat' dir='ltr'><strong>ut</strong></span> <span class='ocrx_word' id='word_1_128' title='bbox 1599 1906 1764 1961; x_wconf 89' lang='lat' dir='ltr'><strong>illum</strong></span> <span class='ocrx_word' id='word_1_129' title='bbox 1797 1920 2156 2014; x_wconf 44' lang='lat' dir='ltr'><strong>secunlper-</strong></span> <span class='ocrx_word' id='word_1_130' title='bbox 2191 1949 2236 2014; x_wconf 80' lang='grc' dir='ltr'>Β</span> 
     </span>
    </p>
   </div>
   <div class='ocr_carea' id='block_1_21' title="bbox 521 1993 2157 2071">
    <p class='ocr_par' dir='ltr' id='par_1_21' title="bbox 521 1993 2157 2071">
     <span class='ocr_line' id='line_1_21' title="bbox 521 1993 2157 2071; baseline -0.003 -18"><span class='ocrx_word' id='word_1_131' title='bbox 521 2004 694 2071; x_wconf 89' lang='lat' dir='ltr'><strong>pctuo</strong></span> <span class='ocrx_word' id='word_1_132' title='bbox 738 1998 1030 2065; x_wconf 88' lang='lat' dir='ltr'><strong>retineret,</strong></span> <span class='ocrx_word' id='word_1_133' title='bbox 1062 2013 1166 2052; x_wconf 91' lang='lat' dir='ltr'><strong>nec</strong></span> <span class='ocrx_word' id='word_1_134' title='bbox 1196 2013 1447 2068; x_wconf 86' lang='lat' dir='ltr'><strong>usquam</strong></span> <span class='ocrx_word' id='word_1_135' title='bbox 1498 1995 1610 2052; x_wconf 89' lang='lat' dir='ltr'><strong>alio</strong></span> <span class='ocrx_word' id='word_1_136' title='bbox 1638 1995 1724 2050; x_wconf 92' lang='lat' dir='ltr'><strong>illi</strong></span> <span class='ocrx_word' id='word_1_137' title='bbox 1763 1993 2015 2050; x_wconf 90' lang='lat' dir='ltr'><strong>abeundi</strong></span> <span class='ocrx_word' id='word_1_138' title='bbox 2051 2008 2157 2064; x_wconf 88' lang='lat' dir='ltr'><strong>po—</strong></span> 
     </span>
    </p>
   </div>
   <div class='ocr_carea' id='block_1_22' title="bbox 521 2083 2160 2158">
    <p class='ocr_par' dir='ltr' id='par_1_22' title="bbox 521 2083 2160 2158">
     <span class='ocr_line' id='line_1_22' title="bbox 521 2083 2160 2158; baseline -0.004 -14"><span class='ocrx_word' id='word_1_139' title='bbox 521 2092 787 2145; x_wconf 88' lang='lat' dir='ltr'><strong>testatem</strong></span> <span class='ocrx_word' id='word_1_140' title='bbox 847 2087 1139 2142; x_wconf 81' lang='lat' dir='ltr'><strong>faciebat:</strong></span> <span class='ocrx_word' id='word_1_141' title='bbox 1199 2103 1314 2157; x_wconf 91' lang='lat' dir='ltr'><strong>quo</strong></span> <span class='ocrx_word' id='word_1_142' title='bbox 1370 2085 1645 2158; x_wconf 88' lang='lat' dir='ltr'><strong>deinceps</strong></span> <span class='ocrx_word' id='word_1_143' title='bbox 1686 2085 1798 2156; x_wconf 91' lang='lat' dir='ltr'><strong>ipsi</strong></span> <span class='ocrx_word' id='word_1_144' title='bbox 1839 2085 1910 2140; x_wconf 88' lang='lat' dir='ltr'><strong>ad</strong></span> <span class='ocrx_word' id='word_1_145' title='bbox 1961 2083 2160 2139; x_wconf 88' lang='lat' dir='ltr'><strong>omnia</strong></span> 
     </span>
    </p>
   </div>
   <div class='ocr_carea' id='block_1_23' title="bbox 520 2173 2157 2246">
    <p class='ocr_par' dir='ltr' id='par_1_23' title="bbox 520 2173 2157 2246">
     <span class='ocr_line' id='line_1_23' title="bbox 520 2173 2157 2246; baseline -0.004 -13"><span class='ocrx_word' id='word_1_146' title='bbox 520 2180 730 2234; x_wconf 67' lang='lat' dir='ltr'><strong>dextrae</strong></span> <span class='ocrx_word' id='word_1_147' title='bbox 789 2191 1001 2232; x_wconf 82' lang='lat' dir='ltr'><strong>manus</strong></span> <span class='ocrx_word' id='word_1_148' title='bbox 1055 2175 1182 2231; x_wconf 92' lang='lat' dir='ltr'><strong>loco</strong></span> <span class='ocrx_word' id='word_1_149' title='bbox 1230 2183 1403 2243; x_wconf 87' lang='lat' dir='ltr'><strong>esset,</strong></span> <span class='ocrx_word' id='word_1_150' title='bbox 1449 2190 1515 2230; x_wconf 90' lang='lat' dir='ltr'><strong>eo</strong></span> <span class='ocrx_word' id='word_1_151' title='bbox 1573 2175 1728 2246; x_wconf 91' lang='lat' dir='ltr'><strong>quod</strong></span> <span class='ocrx_word' id='word_1_152' title='bbox 1805 2173 1980 2229; x_wconf 84' lang='lat' dir='ltr'><strong>simul</strong></span> <span class='ocrx_word' id='word_1_153' title='bbox 2039 2187 2157 2226; x_wconf 88' lang='lat' dir='ltr'><strong>una</strong></span> 
     </span>
    </p>
   </div>
   <div class='ocr_carea' id='block_1_24' title="bbox 2280 650 3884 730">
    <p class='ocr_par' dir='ltr' id='par_1_24' title="bbox 2280 650 3884 730">
     <span class='ocr_line' id='line_1_24' title="bbox 2280 650 3884 730; baseline -0.011 -6"><span class='ocrx_word' id='word_1_154' title='bbox 2280 656 2482 727; x_wconf 74' lang='grc' dir='ltr'>πατὴρ,</span> <span class='ocrx_word' id='word_1_155' title='bbox 2513 650 2814 725; x_wconf 65' lang='grc' dir='ltr'>ἱερωσύνης</span> <span class='ocrx_word' id='word_1_156' title='bbox 2838 655 2917 721; x_wconf 72' lang='grc' dir='ltr'><strong>τῷ</strong></span> <span class='ocrx_word' id='word_1_157' title='bbox 2949 651 3235 724; x_wconf 80' lang='grc' dir='ltr'><strong>χρίσματι,</strong></span> <span class='ocrx_word' id='word_1_158' title='bbox 3279 654 3369 706; x_wconf 86' lang='grc' dir='ltr'>καί</span> <span class='ocrx_word' id='word_1_159' title='bbox 3399 660 3498 720; x_wconf 79' lang='grc' dir='ltr'><strong>τῆς</strong></span> <span class='ocrx_word' id='word_1_160' title='bbox 3544 658 3637 708; x_wconf 90' lang='grc' dir='ltr'><strong>τοῦ</strong></span> <span class='ocrx_word' id='word_1_161' title='bbox 3679 651 3884 730; x_wconf 77' lang='grc' dir='ltr'>πρεσϐυο</span> 
     </span>
    </p>
   </div>
   <div class='ocr_carea' id='block_1_25' title="bbox 2275 738 3884 819">
    <p class='ocr_par' dir='ltr' id='par_1_25' title="bbox 2275 738 3884 819">
     <span class='ocr_line' id='line_1_25' title="bbox 2275 738 3884 819; baseline -0.001 -21"><span class='ocrx_word' id='word_1_162' title='bbox 2275 744 2435 818; x_wconf 82' lang='grc' dir='ltr'>τέρου</span> <span class='ocrx_word' id='word_1_163' title='bbox 2479 748 2648 815; x_wconf 82' lang='grc' dir='ltr'>τιμῆς</span> <span class='ocrx_word' id='word_1_164' title='bbox 2695 740 2881 813; x_wconf 82' lang='grc' dir='ltr'>ἀξιοῖ·</span> <span class='ocrx_word' id='word_1_165' title='bbox 2934 740 3020 794; x_wconf 85' lang='grc' dir='ltr'><strong>καὶ</strong></span> <span class='ocrx_word' id='word_1_166' title='bbox 3072 738 3304 795; x_wconf 68' lang='grc' dir='ltr'>δείκγτσι</span> <span class='ocrx_word' id='word_1_167' title='bbox 3349 741 3514 813; x_wconf 87' lang='grc' dir='ltr'>θύτην</span> <span class='ocrx_word' id='word_1_168' title='bbox 3545 748 3780 819; x_wconf 82' lang='grc' dir='ltr'>Χριστοῦ,</span> <span class='ocrx_word' id='word_1_169' title='bbox 3806 745 3884 798; x_wconf 82' lang='grc' dir='ltr'>τὸν</span> 
     </span>
    </p>
   </div>
   <div class='ocr_carea' id='block_1_26' title="bbox 2279 829 3888 906">
    <p class='ocr_par' dir='ltr' id='par_1_26' title="bbox 2279 829 3888 906">
     <span class='ocr_line' id='line_1_26' title="bbox 2279 829 3888 906; baseline -0.002 -17"><span class='ocrx_word' id='word_1_170' title='bbox 2279 835 2353 895; x_wconf 85' lang='grc' dir='ltr'><strong>εἰς</strong></span> <span class='ocrx_word' id='word_1_171' title='bbox 2383 831 2610 892; x_wconf 80' lang='grc' dir='ltr'><strong>τούτους</strong></span> <span class='ocrx_word' id='word_1_172' title='bbox 2633 829 2892 885; x_wconf 81' lang='grc' dir='ltr'><strong>τελοῦντα</strong></span> <span class='ocrx_word' id='word_1_173' title='bbox 2922 831 3010 884; x_wconf 80' lang='grc' dir='ltr'><strong>καὶ</strong></span> <span class='ocrx_word' id='word_1_174' title='bbox 3043 831 3149 904; x_wconf 86' lang='grc' dir='ltr'><strong>πρὸ</strong></span> <span class='ocrx_word' id='word_1_175' title='bbox 3177 837 3278 899; x_wconf 84' lang='grc' dir='ltr'><strong>τῆς</strong></span> <span class='ocrx_word' id='word_1_176' title='bbox 3315 832 3572 906; x_wconf 89' lang='grc' dir='ltr'>χρίσεως,</span> <span class='ocrx_word' id='word_1_177' title='bbox 3601 833 3688 888; x_wconf 85' lang='grc' dir='ltr'><strong>καὶ</strong></span> <span class='ocrx_word' id='word_1_178' title='bbox 3715 831 3888 887; x_wconf 81' lang='grc' dir='ltr'>θύοντα</span> 
     </span>
    </p>
   </div>
   <div class='ocr_carea' id='block_1_27' title="bbox 2281 920 3890 996">
    <p class='ocr_par' dir='ltr' id='par_1_27' title="bbox 2281 920 3890 996">
     <span class='ocr_line' id='line_1_27' title="bbox 2281 920 3890 996; baseline -0.002 -18"><span class='ocrx_word' id='word_1_179' title='bbox 2281 925 2402 996; x_wconf 73' lang='grc' dir='ltr'>μὲν,</span> <span class='ocrx_word' id='word_1_180' title='bbox 2443 923 2504 978; x_wconf 90' lang='grc' dir='ltr'><strong>οὐ</strong></span> <span class='ocrx_word' id='word_1_181' title='bbox 2528 927 2621 976; x_wconf 85' lang='grc' dir='ltr'>τὸν</span> <span class='ocrx_word' id='word_1_182' title='bbox 2653 921 2846 993; x_wconf 82' lang='grc' dir='ltr'>Ἀμνὸν</span> <span class='ocrx_word' id='word_1_183' title='bbox 2877 923 2973 974; x_wconf 90' lang='grc' dir='ltr'><strong>τοῦ</strong></span> <span class='ocrx_word' id='word_1_184' title='bbox 3003 924 3137 976; x_wconf 86' lang='grc' dir='ltr'>Θεοῦ</span> <span class='ocrx_word' id='word_1_185' title='bbox 3185 921 3277 974; x_wconf 86' lang='grc' dir='ltr'><strong>τὸν</strong></span> <span class='ocrx_word' id='word_1_186' title='bbox 3329 920 3548 996; x_wconf 80' lang='grc' dir='ltr'>αἶ’ροντα</span> <span class='ocrx_word' id='word_1_187' title='bbox 3593 925 3686 992; x_wconf 76' lang='grc' dir='ltr'>τὴν</span> <span class='ocrx_word' id='word_1_188' title='bbox 3740 921 3890 996; x_wconf 85' lang='grc' dir='ltr'>ἁμαρ-</span> 
     </span>
    </p>
   </div>
   <div class='ocr_carea' id='block_1_28' title="bbox 2273 1007 3887 1082">
    <p class='ocr_par' dir='ltr' id='par_1_28' title="bbox 2273 1007 3887 1082">
     <span class='ocr_line' id='line_1_28' title="bbox 2273 1007 3887 1082; baseline -0.002 -15"><span class='ocrx_word' id='word_1_189' title='bbox 2273 1013 2388 1067; x_wconf 85' lang='grc' dir='ltr'>τίαν</span> <span class='ocrx_word' id='word_1_190' title='bbox 2438 1015 2535 1066; x_wconf 91' lang='grc' dir='ltr'><strong>τοῦ</strong></span> <span class='ocrx_word' id='word_1_191' title='bbox 2589 1011 2825 1082; x_wconf 84' lang='grc' dir='ltr'>κόσμου,</span> <span class='ocrx_word' id='word_1_192' title='bbox 2895 1007 3041 1064; x_wconf 75' lang='grc' dir='ltr'>ἀλλὰ</span> <span class='ocrx_word' id='word_1_193' title='bbox 3095 1013 3173 1080; x_wconf 82' lang='grc' dir='ltr'><strong>τῷ</strong></span> <span class='ocrx_word' id='word_1_194' title='bbox 3230 1014 3348 1082; x_wconf 79' lang='grc' dir='ltr'>Θεῷ</span> <span class='ocrx_word' id='word_1_195' title='bbox 3405 1011 3587 1067; x_wconf 81' lang='grc' dir='ltr'><strong>θυσίαν</strong></span> <span class='ocrx_word' id='word_1_196' title='bbox 3644 1011 3887 1079; x_wconf 88' lang='grc' dir='ltr'>αἰνέσεως,</span> 
     </span>
    </p>
   </div>
   <div class='ocr_carea' id='block_1_29' title="bbox 2275 1096 3889 1174">
    <p class='ocr_par' dir='ltr' id='par_1_29' title="bbox 2275 1096 3889 1174">
     <span class='ocr_line' id='line_1_29' title="bbox 2275 1096 3889 1174; baseline 0.001 -17"><span class='ocrx_word' id='word_1_197' title='bbox 2275 1102 2468 1157; x_wconf 80' lang='grc' dir='ltr'>θύοντα</span> <span class='ocrx_word' id='word_1_198' title='bbox 2515 1099 2572 1155; x_wconf 75' lang='grc' dir='ltr'>δὲ</span> <span class='ocrx_word' id='word_1_199' title='bbox 2619 1101 2711 1154; x_wconf 85' lang='grc' dir='ltr'><strong>καὶ</strong></span> <span class='ocrx_word' id='word_1_200' title='bbox 2761 1100 2944 1154; x_wconf 78' lang='grc' dir='ltr'>ἑαυτὸν</span> <span class='ocrx_word' id='word_1_201' title='bbox 3003 1096 3200 1174; x_wconf 78' lang='grc' dir='ltr'><strong>ἱδρῶσι</strong></span> <span class='ocrx_word' id='word_1_202' title='bbox 3253 1096 3518 1169; x_wconf 77' lang='grc' dir='ltr'><strong>διηνεκέσι</strong></span> <span class='ocrx_word' id='word_1_203' title='bbox 3560 1101 3648 1156; x_wconf 87' lang='grc' dir='ltr'><strong>καὶ</strong></span> <span class='ocrx_word' id='word_1_204' title='bbox 3705 1099 3889 1169; x_wconf 81' lang='grc' dir='ltr'>πόνοις,</span> 
     </span>
    </p>
   </div>
   <div class='ocr_carea' id='block_1_30' title="bbox 2272 1187 3890 1262">
    <p class='ocr_par' dir='ltr' id='par_1_30' title="bbox 2272 1187 3890 1262">
     <span class='ocr_line' id='line_1_30' title="bbox 2272 1187 3890 1262; baseline -0.003 -17"><span class='ocrx_word' id='word_1_205' title='bbox 2272 1191 2364 1246; x_wconf 87' lang='grc' dir='ltr'><strong>καὶ</strong></span> <span class='ocrx_word' id='word_1_206' title='bbox 2409 1195 2488 1260; x_wconf 81' lang='grc' dir='ltr'>τῷ</span> <span class='ocrx_word' id='word_1_207' title='bbox 2543 1187 2773 1262; x_wconf 86' lang='grc' dir='ltr'>μελέτην</span> <span class='ocrx_word' id='word_1_208' title='bbox 2824 1188 3056 1242; x_wconf 78' lang='grc' dir='ltr'>θανάτου</span> <span class='ocrx_word' id='word_1_209' title='bbox 3104 1187 3195 1242; x_wconf 85' lang='grc' dir='ltr'>τὸν</span> <span class='ocrx_word' id='word_1_210' title='bbox 3249 1187 3365 1261; x_wconf 84' lang='grc' dir='ltr'>βίον</span> <span class='ocrx_word' id='word_1_211' title='bbox 3401 1190 3690 1258; x_wconf 85' lang='grc' dir='ltr'>ποιεῖσθαι,</span> <span class='ocrx_word' id='word_1_212' title='bbox 3728 1187 3890 1242; x_wconf 80' lang='grc' dir='ltr'>Θυσίαν</span> 
     </span>
    </p>
   </div>
   <div class='ocr_carea' id='block_1_31' title="bbox 2276 1275 3889 1354">
    <p class='ocr_par' dir='ltr' id='par_1_31' title="bbox 2276 1275 3889 1354">
     <span class='ocr_line' id='line_1_31' title="bbox 2276 1275 3889 1354; baseline -0.004 -20"><span class='ocrx_word' id='word_1_213' title='bbox 2276 1284 2474 1349; x_wconf 81' lang='grc' dir='ltr'>ζῶσαν,</span> <span class='ocrx_word' id='word_1_214' title='bbox 2549 1279 2722 1354; x_wconf 82' lang='grc' dir='ltr'>ἁγίαν,</span> <span class='ocrx_word' id='word_1_215' title='bbox 2800 1275 3102 1350; x_wconf 83' lang='grc' dir='ltr'>εὐάρεστον,</span> <span class='ocrx_word' id='word_1_216' title='bbox 3170 1276 3578 1350; x_wconf 80' lang='grc' dir='ltr'>καθιερωμένην</span> <span class='ocrx_word' id='word_1_217' title='bbox 3649 1277 3732 1332; x_wconf 82' lang='grc' dir='ltr'><strong>καὶ</strong></span> <span class='ocrx_word' id='word_1_218' title='bbox 3799 1275 3889 1348; x_wconf 84' lang='grc' dir='ltr'><strong>πρὸ</strong></span> 
     </span>
    </p>
   </div>
   <div class='ocr_carea' id='block_1_32' title="bbox 2272 1356 3888 1440">
    <p class='ocr_par' dir='ltr' id='par_1_32' title="bbox 2272 1356 3888 1440">
     <span class='ocr_line' id='line_1_32' title="bbox 2272 1356 3888 1440; baseline -0.004 -21"><span class='ocrx_word' id='word_1_219' title='bbox 2272 1364 2529 1437; x_wconf 84' lang='grc' dir='ltr'>γενέσεως</span> <span class='ocrx_word' id='word_1_220' title='bbox 2559 1383 2572 1397; x_wconf 81' lang='grc'><strong><em>⁸</em></strong></span> <span class='ocrx_word' id='word_1_221' title='bbox 2633 1365 2694 1432; x_wconf 83' lang='grc' dir='ltr'>ἣν</span> <span class='ocrx_word' id='word_1_222' title='bbox 2741 1361 2806 1432; x_wconf 83' lang='grc' dir='ltr'>δὴ</span> <span class='ocrx_word' id='word_1_223' title='bbox 2857 1363 2946 1416; x_wconf 83' lang='grc' dir='ltr'><strong>καὶ</strong></span> <span class='ocrx_word' id='word_1_224' title='bbox 2999 1361 3169 1433; x_wconf 87' lang='grc' dir='ltr'>μόνην</span> <span class='ocrx_word' id='word_1_225' title='bbox 3207 1356 3372 1438; x_wconf 79' lang='grc' dir='ltr'>ἔγωγ’</span> <span class='ocrx_word' id='word_1_226' title='bbox 3402 1362 3464 1417; x_wconf 72' lang='grc' dir='ltr'>ἂν</span> <span class='ocrx_word' id='word_1_227' title='bbox 3506 1367 3666 1440; x_wconf 76' lang='grc' dir='ltr'>φαίην</span> <span class='ocrx_word' id='word_1_228' title='bbox 3697 1359 3888 1436; x_wconf 70' lang='grc' dir='ltr'>μᾶλλον</span> 
     </span>
    </p>
   </div>
   <div class='ocr_carea' id='block_1_33' title="bbox 2273 1448 3891 1528">
    <p class='ocr_par' dir='ltr' id='par_1_33' title="bbox 2273 1448 3891 1528">
     <span class='ocr_line' id='line_1_33' title="bbox 2273 1448 3891 1528; baseline -0.003 -20"><span class='ocrx_word' id='word_1_229' title='bbox 2273 1452 2500 1528; x_wconf 81' lang='grc' dir='ltr'>θεοφιλῆ</span> <span class='ocrx_word' id='word_1_230' title='bbox 2561 1451 2650 1507; x_wconf 84' lang='grc' dir='ltr'><strong>καὶ</strong></span> <span class='ocrx_word' id='word_1_231' title='bbox 2708 1451 2833 1526; x_wconf 85' lang='grc' dir='ltr'>περὶ</span> <span class='ocrx_word' id='word_1_232' title='bbox 2891 1448 3144 1513; x_wconf 88' lang='grc' dir='ltr'>πλείονος</span> <span class='ocrx_word' id='word_1_233' title='bbox 3198 1453 3495 1528; x_wconf 73' lang='grc' dir='ltr'>γινομένην</span> <span class='ocrx_word' id='word_1_234' title='bbox 3539 1457 3619 1525; x_wconf 79' lang='grc' dir='ltr'><strong>τῷ</strong></span> <span class='ocrx_word' id='word_1_235' title='bbox 3662 1450 3726 1506; x_wconf 88' lang='grc' dir='ltr'>δι’</span> <span class='ocrx_word' id='word_1_236' title='bbox 3763 1453 3891 1520; x_wconf 79' lang='grc' dir='ltr'>ἡμᾶς</span> 
     </span>
    </p>
   </div>
   <div class='ocr_carea' id='block_1_34' title="bbox 2268 1534 3888 1618">
    <p class='ocr_par' dir='ltr' id='par_1_34' title="bbox 2268 1534 3888 1618">
     <span class='ocr_line' id='line_1_34' title="bbox 2268 1534 3888 1618; baseline -0.003 -20"><span class='ocrx_word' id='word_1_237' title='bbox 2268 1543 2473 1598; x_wconf 84' lang='grc' dir='ltr'>τυθέντι</span> <span class='ocrx_word' id='word_1_238' title='bbox 2531 1545 2745 1618; x_wconf 77' lang='grc' dir='ltr'>Χριστῷ</span> <span class='ocrx_word' id='word_1_239' title='bbox 2778 1559 2792 1573; x_wconf 87' lang='grc'><em>’</em></span> <span class='ocrx_word' id='word_1_240' title='bbox 2841 1541 2868 1594; x_wconf 90' lang='grc' dir='ltr'>ὁ</span> <span class='ocrx_word' id='word_1_241' title='bbox 2918 1541 3012 1612; x_wconf 74' lang='grc' dir='ltr'>μὲν</span> <span class='ocrx_word' id='word_1_242' title='bbox 3073 1539 3165 1595; x_wconf 83' lang='grc' dir='ltr'><strong>οῦν</strong></span> <span class='ocrx_word' id='word_1_243' title='bbox 3213 1540 3356 1596; x_wconf 79' lang='grc' dir='ltr'>οὕτω</span> <span class='ocrx_word' id='word_1_244' title='bbox 3395 1542 3485 1597; x_wconf 84' lang='grc' dir='ltr'><strong>τὸν</strong></span> <span class='ocrx_word' id='word_1_245' title='bbox 3513 1539 3679 1597; x_wconf 87' lang='grc' dir='ltr'>παῖδα</span> <span class='ocrx_word' id='word_1_246' title='bbox 3707 1534 3888 1615; x_wconf 76' lang='grc' dir='ltr'>προϐε-</span> 
     </span>
    </p>
   </div>
   <div class='ocr_carea' id='block_1_35' title="bbox 2270 1626 3892 1705">
    <p class='ocr_par' dir='ltr' id='par_1_35' title="bbox 2270 1626 3892 1705">
     <span class='ocr_line' id='line_1_35' title="bbox 2270 1626 3892 1705; baseline -0.003 -19"><span class='ocrx_word' id='word_1_247' title='bbox 2270 1629 2566 1705; x_wconf 77' lang='grc' dir='ltr'>ϐλημένος,</span> <span class='ocrx_word' id='word_1_248' title='bbox 2601 1628 2776 1691; x_wconf 83' lang='grc' dir='ltr'>πολὺς</span> <span class='ocrx_word' id='word_1_249' title='bbox 2808 1629 2874 1698; x_wconf 82' lang='grc' dir='ltr'>ἦν</span> <span class='ocrx_word' id='word_1_250' title='bbox 2903 1629 3030 1702; x_wconf 89' lang='grc' dir='ltr'>παρ’</span> <span class='ocrx_word' id='word_1_251' title='bbox 3073 1627 3246 1702; x_wconf 74' lang='grc' dir='ltr'>ἑαυτῷ</span> <span class='ocrx_word' id='word_1_252' title='bbox 3290 1634 3482 1686; x_wconf 91' lang='grc' dir='ltr'>τοῦτον</span> <span class='ocrx_word' id='word_1_253' title='bbox 3518 1630 3759 1704; x_wconf 74' lang='grc' dir='ltr'>κατέχειν</span> <span class='ocrx_word' id='word_1_254' title='bbox 3804 1626 3892 1682; x_wconf 87' lang='grc' dir='ltr'>ἐθέ-</span> 
     </span>
    </p>
   </div>
   <div class='ocr_carea' id='block_1_36' title="bbox 2270 1716 3891 1794">
    <p class='ocr_par' dir='ltr' id='par_1_36' title="bbox 2270 1716 3891 1794">
     <span class='ocr_line' id='line_1_36' title="bbox 2270 1716 3891 1794; baseline -0.004 -19"><span class='ocrx_word' id='word_1_255' title='bbox 2270 1719 2406 1789; x_wconf 87' lang='grc' dir='ltr'>λων,</span> <span class='ocrx_word' id='word_1_256' title='bbox 2436 1720 2526 1774; x_wconf 84' lang='grc' dir='ltr'><strong>καὶ</strong></span> <span class='ocrx_word' id='word_1_257' title='bbox 2558 1719 2660 1772; x_wconf 89' lang='grc' dir='ltr'><strong>οὐκ</strong></span> <span class='ocrx_word' id='word_1_258' title='bbox 2717 1717 2818 1773; x_wconf 83' lang='grc' dir='ltr'>ἐῶν</span> <span class='ocrx_word' id='word_1_259' title='bbox 2883 1717 3112 1792; x_wconf 76' lang='grc' dir='ltr'>ἑτέρωσέ</span> <span class='ocrx_word' id='word_1_260' title='bbox 3164 1739 3239 1792; x_wconf 82' lang='grc' dir='ltr'>πῃ</span> <span class='ocrx_word' id='word_1_261' title='bbox 3304 1725 3506 1794; x_wconf 83' lang='grc' dir='ltr'>χωρεῖν</span> <span class='ocrx_word' id='word_1_262' title='bbox 3540 1738 3554 1751; x_wconf 88' lang='grc'><strong>·</strong></span> <span class='ocrx_word' id='word_1_263' title='bbox 3581 1719 3654 1774; x_wconf 74' lang='grc' dir='ltr'><strong>ἵν’</strong></span> <span class='ocrx_word' id='word_1_264' title='bbox 3675 1717 3753 1788; x_wconf 72' lang='grc' dir='ltr'><strong>εἴη</strong></span> <span class='ocrx_word' id='word_1_265' title='bbox 3782 1716 3891 1790; x_wconf 88' lang='grc' dir='ltr'><strong>περὶ</strong></span> 
     </span>
    </p>
   </div>
   <div class='ocr_carea' id='block_1_37' title="bbox 2268 1803 3893 1885">
    <p class='ocr_par' dir='ltr' id='par_1_37' title="bbox 2268 1803 3893 1885">
     <span class='ocr_line' id='line_1_37' title="bbox 2268 1803 3893 1885; baseline -0.003 -22"><span class='ocrx_word' id='word_1_266' title='bbox 2268 1810 2421 1863; x_wconf 82' lang='grc' dir='ltr'>πάντ’</span> <span class='ocrx_word' id='word_1_267' title='bbox 2449 1805 2597 1880; x_wconf 86' lang='grc' dir='ltr'>αὐτῷ</span> <span class='ocrx_word' id='word_1_268' title='bbox 2625 1809 2720 1860; x_wconf 88' lang='grc' dir='ltr'><strong>τοῦ</strong></span> <span class='ocrx_word' id='word_1_269' title='bbox 2770 1805 2970 1861; x_wconf 82' lang='grc' dir='ltr'>λοιποῦ</span> <span class='ocrx_word' id='word_1_270' title='bbox 3019 1807 3143 1885; x_wconf 81' lang='grc' dir='ltr'>χεὶρ</span> <span class='ocrx_word' id='word_1_271' title='bbox 3194 1804 3358 1880; x_wconf 76' lang='grc' dir='ltr'>δεξιὰ,</span> <span class='ocrx_word' id='word_1_272' title='bbox 3390 1809 3533 1882; x_wconf 87' lang='grc' dir='ltr'>ὁμοῦ</span> <span class='ocrx_word' id='word_1_273' title='bbox 3566 1810 3682 1882; x_wconf 74' lang='grc' dir='ltr'>μὲν,</span> <span class='ocrx_word' id='word_1_274' title='bbox 3714 1803 3893 1861; x_wconf 79' lang='grc' dir='ltr'>συνδιέ-</span> 
     </span>
    </p>
   </div>
   <div class='ocr_carea' id='block_1_38' title="bbox 2267 1890 3892 1972">
    <p class='ocr_par' dir='ltr' id='par_1_38' title="bbox 2267 1890 3892 1972">
     <span class='ocr_line' id='line_1_38' title="bbox 2267 1890 3892 1972; baseline -0.003 -20"><span class='ocrx_word' id='word_1_275' title='bbox 2267 1919 2385 1952; x_wconf 84' lang='grc' dir='ltr'><strong>πων</strong></span> <span class='ocrx_word' id='word_1_276' title='bbox 2416 1899 2507 1952; x_wconf 77' lang='grc' dir='ltr'><strong>καὶ</strong></span> <span class='ocrx_word' id='word_1_277' title='bbox 2538 1890 3175 1970; x_wconf 78' lang='grc' dir='ltr'>συναντιλαμϐανόμενος</span> <span class='ocrx_word' id='word_1_278' title='bbox 3203 1901 3302 1952; x_wconf 90' lang='grc' dir='ltr'><strong>τοῦ</strong></span> <span class='ocrx_word' id='word_1_279' title='bbox 3340 1897 3607 1970; x_wconf 83' lang='grc' dir='ltr'>ποιμνίου</span> <span class='ocrx_word' id='word_1_280' title='bbox 3654 1897 3736 1952; x_wconf 63' lang='grc' dir='ltr'><strong>καὶ</strong></span> <span class='ocrx_word' id='word_1_281' title='bbox 3777 1913 3892 1972; x_wconf 83' lang='grc' dir='ltr'>σχε-</span> 
     </span>
    </p>
   </div>
   <div class='ocr_carea' id='block_1_39' title="bbox 2269 1981 3890 2058">
    <p class='ocr_par' dir='ltr' id='par_1_39' title="bbox 2269 1981 3890 2058">
     <span class='ocr_line' id='line_1_39' title="bbox 2269 1981 3890 2058; baseline -0.004 -17"><span class='ocrx_word' id='word_1_282' title='bbox 2269 1984 2358 2041; x_wconf 86' lang='grc' dir='ltr'>δὸν</span> <span class='ocrx_word' id='word_1_283' title='bbox 2415 1985 2586 2047; x_wconf 78' lang='grc' dir='ltr'>ἄλλος</span> <span class='ocrx_word' id='word_1_284' title='bbox 2635 1986 2800 2047; x_wconf 84' lang='grc' dir='ltr'>αὐτός</span> <span class='ocrx_word' id='word_1_285' title='bbox 2857 1987 2925 2058; x_wconf 78' lang='grc' dir='ltr'><strong>τῇ</strong></span> <span class='ocrx_word' id='word_1_286' title='bbox 2985 1983 3283 2056; x_wconf 75' lang='grc' dir='ltr'>Ἐκκλησία</span> <span class='ocrx_word' id='word_1_287' title='bbox 3328 1985 3419 2040; x_wconf 76' lang='grc' dir='ltr'><strong>καὶ</strong></span> <span class='ocrx_word' id='word_1_288' title='bbox 3467 1984 3543 2040; x_wconf 83' lang='grc' dir='ltr'>ὢν</span> <span class='ocrx_word' id='word_1_289' title='bbox 3572 1987 3664 2042; x_wconf 79' lang='grc' dir='ltr'><strong>καὶ</strong></span> <span class='ocrx_word' id='word_1_290' title='bbox 3710 1981 3890 2049; x_wconf 81' lang='grc' dir='ltr'>δοκῶν,</span> 
     </span>
    </p>
   </div>
   <div class='ocr_carea' id='block_1_40' title="bbox 2268 2069 3892 2149">
    <p class='ocr_par' dir='ltr' id='par_1_40' title="bbox 2268 2069 3892 2149">
     <span class='ocr_line' id='line_1_40' title="bbox 2268 2069 3892 2149; baseline -0.005 -18"><span class='ocrx_word' id='word_1_291' title='bbox 2268 2078 2409 2148; x_wconf 86' lang='grc' dir='ltr'>ὁμοῦ</span> <span class='ocrx_word' id='word_1_292' title='bbox 2469 2072 2525 2130; x_wconf 78' lang='grc' dir='ltr'>δὲ</span> <span class='ocrx_word' id='word_1_293' title='bbox 2571 2073 2660 2129; x_wconf 89' lang='grc' dir='ltr'>καὶ</span> <span class='ocrx_word' id='word_1_294' title='bbox 2723 2073 2992 2147; x_wconf 77' lang='grc' dir='ltr'>βακτηρία</span> <span class='ocrx_word' id='word_1_295' title='bbox 3062 2073 3151 2128; x_wconf 81' lang='grc' dir='ltr'><strong>καὶ</strong></span> <span class='ocrx_word' id='word_1_296' title='bbox 3225 2069 3448 2149; x_wconf 80' lang='grc' dir='ltr'>ἔρεισμα</span> <span class='ocrx_word' id='word_1_297' title='bbox 3531 2077 3741 2149; x_wconf 79' lang='grc' dir='ltr'>γήρως,</span> <span class='ocrx_word' id='word_1_298' title='bbox 3812 2070 3892 2125; x_wconf 88' lang='grc' dir='ltr'>καὶ</span> 
     </span>
    </p>
   </div>
   <div class='ocr_carea' id='block_1_41' title="bbox 2265 2163 3016 2239">
    <p class='ocr_par' dir='ltr' id='par_1_41' title="bbox 2265 2163 3016 2239">
     <span class='ocr_line' id='line_1_41' title="bbox 2265 2163 3016 2239; baseline -0.003 -19"><span class='ocrx_word' id='word_1_299' title='bbox 2265 2165 2434 2220; x_wconf 79' lang='grc' dir='ltr'>πάντα</span> <span class='ocrx_word' id='word_1_300' title='bbox 2461 2163 2640 2236; x_wconf 79' lang='grc' dir='ltr'>τούτῳ</span> <span class='ocrx_word' id='word_1_301' title='bbox 2669 2163 3016 2239; x_wconf 86' lang='grc' dir='ltr'>γιγνόμενος.</span> 
     </span>
    </p>
   </div>
   <div class='ocr_carea' id='block_1_42' title="bbox 521 2251 3887 2339">
    <p class='ocr_par' dir='ltr' id='par_1_42' title="bbox 521 2251 3887 2339">
     <span class='ocr_line' id='line_1_42' title="bbox 521 2251 3887 2339; baseline -0.006 -15"><span class='ocrx_word' id='word_1_302' title='bbox 521 2285 653 2324; x_wconf 90' lang='lat' dir='ltr'><strong>cum</strong></span> <span class='ocrx_word' id='word_1_303' title='bbox 701 2269 825 2339; x_wconf 84' lang='lat' dir='ltr'><strong>ipso</strong></span> <span class='ocrx_word' id='word_1_304' title='bbox 883 2267 1183 2323; x_wconf 88' lang='lat' dir='ltr'><strong>commissi</strong></span> <span class='ocrx_word' id='word_1_305' title='bbox 1243 2266 1434 2337; x_wconf 87' lang='lat' dir='ltr'><strong>gregis</strong></span> <span class='ocrx_word' id='word_1_306' title='bbox 1491 2264 1969 2336; x_wconf 87' lang='lat' dir='ltr'><strong>gubernationem</strong></span> <span class='ocrx_word' id='word_1_307' title='bbox 2037 2270 2212 2333; x_wconf 89' lang='lat' dir='ltr'><strong>atque</strong></span> <span class='ocrx_word' id='word_1_308' title='bbox 2269 2257 2510 2314; x_wconf 91' lang='lat' dir='ltr'><strong>tutelam</strong></span> <span class='ocrx_word' id='word_1_309' title='bbox 2567 2257 2900 2322; x_wconf 86' lang='lat' dir='ltr'><strong>sustineret,</strong></span> <span class='ocrx_word' id='word_1_310' title='bbox 2961 2259 3020 2311; x_wconf 88' lang='lat' dir='ltr'><strong>et</strong></span> <span class='ocrx_word' id='word_1_311' title='bbox 3081 2254 3201 2311; x_wconf 90' lang='lat' dir='ltr'><strong>fere</strong></span> <span class='ocrx_word' id='word_1_312' title='bbox 3258 2255 3402 2311; x_wconf 85' lang='lat' dir='ltr'><strong>alter</strong></span> <span class='ocrx_word' id='word_1_313' title='bbox 3459 2257 3580 2326; x_wconf 92' lang='lat' dir='ltr'><strong>iqse</strong></span> <span class='ocrx_word' id='word_1_314' title='bbox 3639 2251 3887 2311; x_wconf 73' lang='lat' dir='ltr'><strong>Ecclesiae</strong></span> 
     </span>
    </p>
   </div>
   <div class='ocr_carea' id='block_1_43' title="bbox 507 2345 3556 2427">
    <p class='ocr_par' dir='ltr' id='par_1_43' title="bbox 507 2345 3556 2427">
     <span class='ocr_line' id='line_1_43' title="bbox 507 2345 3556 2427; baseline -0.005 -12"><span class='ocrx_word' id='word_1_315' title='bbox 507 2365 564 2415; x_wconf 88' lang='lat' dir='ltr'><strong>et</strong></span> <span class='ocrx_word' id='word_1_316' title='bbox 595 2364 748 2415; x_wconf 89' lang='lat' dir='ltr'><strong>esset</strong></span> <span class='ocrx_word' id='word_1_317' title='bbox 775 2363 834 2413; x_wconf 92' lang='lat' dir='ltr'><strong>et</strong></span> <span class='ocrx_word' id='word_1_318' title='bbox 865 2357 1196 2426; x_wconf 89' lang='lat' dir='ltr'><strong>haberetur,</strong></span> <span class='ocrx_word' id='word_1_319' title='bbox 1229 2356 1406 2412; x_wconf 88' lang='lat' dir='ltr'><strong>simul</strong></span> <span class='ocrx_word' id='word_1_320' title='bbox 1446 2357 1583 2411; x_wconf 89' lang='lat' dir='ltr'><strong>item</strong></span> <span class='ocrx_word' id='word_1_321' title='bbox 1617 2355 1798 2427; x_wconf 88' lang='lat' dir='ltr'><strong>scipio</strong></span> <span class='ocrx_word' id='word_1_322' title='bbox 1821 2372 1884 2410; x_wconf 87' lang='lat' dir='ltr'><strong>ac</strong></span> <span class='ocrx_word' id='word_1_323' title='bbox 1915 2355 2166 2408; x_wconf 89' lang='lat' dir='ltr'><strong>fulcrum</strong></span> <span class='ocrx_word' id='word_1_324' title='bbox 2195 2346 2532 2407; x_wconf 87' lang='lat' dir='ltr'><strong>senectutis.</strong></span> <span class='ocrx_word' id='word_1_325' title='bbox 2558 2361 2792 2416; x_wconf 88' lang='lat' dir='ltr'><strong>unoque</strong></span> <span class='ocrx_word' id='word_1_326' title='bbox 2822 2345 2994 2400; x_wconf 86' lang='lat' dir='ltr'><strong>verbo</strong></span> <span class='ocrx_word' id='word_1_327' title='bbox 3017 2345 3216 2401; x_wconf 90' lang='lat' dir='ltr'><strong>omnia</strong></span> <span class='ocrx_word' id='word_1_328' title='bbox 3245 2345 3356 2417; x_wconf 91' lang='lat' dir='ltr'><strong>ipsi</strong></span> <span class='ocrx_word' id='word_1_329' title='bbox 3388 2350 3556 2402; x_wconf 89' lang='lat' dir='ltr'><strong>esset.</strong></span> 
     </span>
    </p>
   </div>
   <div class='ocr_carea' id='block_1_44' title="bbox 580 2444 2146 2520">
    <p class='ocr_par' dir='ltr' id='par_1_44' title="bbox 580 2444 2146 2520">
     <span class='ocr_line' id='line_1_44' title="bbox 580 2444 2146 2520; baseline -0.004 -16"><span class='ocrx_word' id='word_1_330' title='bbox 580 2448 826 2505; x_wconf 87' lang='lat' dir='ltr'><strong>LXXVI.</strong></span> <span class='ocrx_word' id='word_1_331' title='bbox 895 2450 1114 2520; x_wconf 85' lang='lat' dir='ltr'><strong>Quippe</strong></span> <span class='ocrx_word' id='word_1_332' title='bbox 1172 2448 1361 2503; x_wconf 88' lang='lat' dir='ltr'><strong>soluto</strong></span> <span class='ocrx_word' id='word_1_333' title='bbox 1401 2448 1522 2519; x_wconf 88' lang='lat' dir='ltr'><strong>jam</strong></span> <span class='ocrx_word' id='word_1_334' title='bbox 1560 2463 1662 2520; x_wconf 91' lang='lat' dir='ltr'><strong>per</strong></span> <span class='ocrx_word' id='word_1_335' title='bbox 1711 2447 1943 2517; x_wconf 90' lang='lat' dir='ltr'><strong>longam</strong></span> <span class='ocrx_word' id='word_1_336' title='bbox 2003 2444 2146 2498; x_wconf 89' lang='lat' dir='ltr'><strong>adeo</strong></span> 
     </span>
    </p>
   </div>
   <div class='ocr_carea' id='block_1_45' title="bbox 500 2535 2146 2608">
    <p class='ocr_par' dir='ltr' id='par_1_45' title="bbox 500 2535 2146 2608">
     <span class='ocr_line' id='line_1_45' title="bbox 500 2535 2146 2608; baseline -0.003 -16"><span class='ocrx_word' id='word_1_337' title='bbox 500 2538 679 2594; x_wconf 90' lang='lat' dir='ltr'><strong>vitam</strong></span> <span class='ocrx_word' id='word_1_338' title='bbox 714 2537 960 2594; x_wconf 85' lang='lat' dir='ltr'><strong>naturali</strong></span> <span class='ocrx_word' id='word_1_339' title='bbox 988 2537 1246 2608; x_wconf 90' lang='lat' dir='ltr'><strong>corporis</strong></span> <span class='ocrx_word' id='word_1_340' title='bbox 1266 2537 1482 2608; x_wconf 87' lang='lat' dir='ltr'><strong>vigore,</strong></span> <span class='ocrx_word' id='word_1_341' title='bbox 1525 2552 1655 2592; x_wconf 90' lang='lat' dir='ltr'><strong>cum</strong></span> <span class='ocrx_word' id='word_1_342' title='bbox 1687 2551 1872 2591; x_wconf 89' lang='lat' dir='ltr'><strong>annos</strong></span> <span class='ocrx_word' id='word_1_343' title='bbox 1916 2535 2146 2590; x_wconf 90' lang='lat' dir='ltr'><strong>circiter</strong></span> 
     </span>
    </p>
   </div>
   <div class='ocr_carea' id='block_1_46' title="bbox 498 2625 2146 2697">
    <p class='ocr_par' dir='ltr' id='par_1_46' title="bbox 498 2625 2146 2697">
     <span class='ocr_line' id='line_1_46' title="bbox 498 2625 2146 2697; baseline -0.004 -13"><span class='ocrx_word' id='word_1_344' title='bbox 498 2629 806 2696; x_wconf 77' lang='lat' dir='ltr'><strong>nonrginta</strong></span> <span class='ocrx_word' id='word_1_345' title='bbox 840 2635 1010 2682; x_wconf 90' lang='lat' dir='ltr'><strong>natus</strong></span> <span class='ocrx_word' id='word_1_346' title='bbox 1043 2631 1219 2694; x_wconf 88' lang='lat' dir='ltr'><strong>esset,</strong></span> <span class='ocrx_word' id='word_1_347' title='bbox 1266 2626 1425 2682; x_wconf 89' lang='lat' dir='ltr'><strong>haud</strong></span> <span class='ocrx_word' id='word_1_348' title='bbox 1475 2625 1728 2697; x_wconf 89' lang='lat' dir='ltr'><strong>amplius</strong></span> <span class='ocrx_word' id='word_1_349' title='bbox 1780 2629 1883 2681; x_wconf 89' lang='lat' dir='ltr'><strong>aut</strong></span> <span class='ocrx_word' id='word_1_350' title='bbox 1937 2627 2146 2678; x_wconf 87' lang='lat' dir='ltr'><strong>semet-</strong></span> 
     </span>
    </p>
   </div>
   <div class='ocr_carea' id='block_1_47' title="bbox 495 2713 2142 2788">
    <p class='ocr_par' dir='ltr' id='par_1_47' title="bbox 495 2713 2142 2788">
     <span class='ocr_line' id='line_1_47' title="bbox 495 2713 2142 2788; baseline -0.003 -17"><span class='ocrx_word' id='word_1_351' title='bbox 495 2717 644 2788; x_wconf 90' lang='lat' dir='ltr'><strong>ipso,</strong></span> <span class='ocrx_word' id='word_1_352' title='bbox 679 2723 781 2772; x_wconf 88' lang='lat' dir='ltr'><strong>aut</strong></span> <span class='ocrx_word' id='word_1_353' title='bbox 812 2717 943 2772; x_wconf 90' lang='lat' dir='ltr'><strong>aliis</strong></span> <span class='ocrx_word' id='word_1_354' title='bbox 993 2722 1147 2772; x_wconf 88' lang='lat' dir='ltr'><strong>recte</strong></span> <span class='ocrx_word' id='word_1_355' title='bbox 1187 2715 1270 2772; x_wconf 89' lang='lat' dir='ltr'><strong>uti</strong></span> <span class='ocrx_word' id='word_1_356' title='bbox 1301 2719 1558 2788; x_wconf 58' lang='lat' dir='ltr'><strong>lpoterat,</strong></span> <span class='ocrx_word' id='word_1_357' title='bbox 1591 2731 1792 2770; x_wconf 89' lang='lat' dir='ltr'><strong>verum</strong></span> <span class='ocrx_word' id='word_1_358' title='bbox 1826 2713 2142 2784; x_wconf 91' lang='lat' dir='ltr'><strong>plurimum</strong></span> 
     </span>
    </p>
   </div>
   <div class='ocr_carea' id='block_1_48' title="bbox 500 2802 2140 2878">
    <p class='ocr_par' dir='ltr' id='par_1_48' title="bbox 500 2802 2140 2878">
     <span class='ocr_line' id='line_1_48' title="bbox 500 2802 2140 2878; baseline -0.002 -17"><span class='ocrx_word' id='word_1_359' title='bbox 500 2805 704 2862; x_wconf 69' lang='lat' dir='ltr'><strong>alienae</strong></span> <span class='ocrx_word' id='word_1_360' title='bbox 756 2805 883 2878; x_wconf 90' lang='lat' dir='ltr'><strong>opis</strong></span> <span class='ocrx_word' id='word_1_361' title='bbox 928 2821 995 2861; x_wconf 86' lang='lat' dir='ltr'><strong>ac</strong></span> <span class='ocrx_word' id='word_1_362' title='bbox 1056 2805 1246 2860; x_wconf 89' lang='lat' dir='ltr'><strong>solatii</strong></span> <span class='ocrx_word' id='word_1_363' title='bbox 1311 2804 1687 2875; x_wconf 88' lang='lat' dir='ltr'><strong>fomentique,</strong></span> <span class='ocrx_word' id='word_1_364' title='bbox 1741 2812 1795 2858; x_wconf 91' lang='lat' dir='ltr'><strong>et</strong></span> <span class='ocrx_word' id='word_1_365' title='bbox 1850 2802 2140 2875; x_wconf 74' lang='lat' dir='ltr'><strong>quispiam</strong></span> 
     </span>
    </p>
   </div>
   <div class='ocr_carea' id='block_1_49' title="bbox 503 2892 2141 2965">
    <p class='ocr_par' dir='ltr' id='par_1_49' title="bbox 503 2892 2141 2965">
     <span class='ocr_line' id='line_1_49' title="bbox 503 2892 2141 2965; baseline -0.002 -15"><span class='ocrx_word' id='word_1_366' title='bbox 503 2895 597 2965; x_wconf 92' lang='lat' dir='ltr'><strong>qui</strong></span> <span class='ocrx_word' id='word_1_367' title='bbox 632 2895 819 2963; x_wconf 90' lang='lat' dir='ltr'><strong>ipsum</strong></span> <span class='ocrx_word' id='word_1_368' title='bbox 851 2895 1006 2950; x_wconf 91' lang='lat' dir='ltr'><strong>velut</strong></span> <span class='ocrx_word' id='word_1_369' title='bbox 1036 2899 1394 2950; x_wconf 86' lang='lat' dir='ltr'><strong>sustentaret</strong></span> <span class='ocrx_word' id='word_1_370' title='bbox 1418 2893 1828 2962; x_wconf 83' lang='lat' dir='ltr'><strong>refoveretque,</strong></span> <span class='ocrx_word' id='word_1_371' title='bbox 1853 2892 1965 2963; x_wconf 90' lang='lat' dir='ltr'><strong>ipsi</strong></span> <span class='ocrx_word' id='word_1_372' title='bbox 1995 2907 2141 2962; x_wconf 90' lang='lat' dir='ltr'><strong>opus</strong></span> 
     </span>
    </p>
   </div>
   <div class='ocr_carea' id='block_1_50' title="bbox 503 2982 2140 3052">
    <p class='ocr_par' dir='ltr' id='par_1_50' title="bbox 503 2982 2140 3052">
     <span class='ocr_line' id='line_1_50' title="bbox 503 2982 2140 3052; baseline -0.002 -13"><span class='ocrx_word' id='word_1_373' title='bbox 503 2989 644 3039; x_wconf 88' lang='lat' dir='ltr'><strong>erat.</strong></span> <span class='ocrx_word' id='word_1_374' title='bbox 719 2984 820 3039; x_wconf 85' lang='lat' dir='ltr'><strong>Hic</strong></span> <span class='ocrx_word' id='word_1_375' title='bbox 871 2989 1083 3052; x_wconf 87' lang='lat' dir='ltr'><strong>noster,</strong></span> <span class='ocrx_word' id='word_1_376' title='bbox 1150 2983 1472 3038; x_wconf 90' lang='lat' dir='ltr'><strong>secundum</strong></span> <span class='ocrx_word' id='word_1_377' title='bbox 1531 2987 1696 3037; x_wconf 87' lang='lat' dir='ltr'><strong>vetus</strong></span> <span class='ocrx_word' id='word_1_378' title='bbox 1745 2982 1980 3036; x_wconf 90' lang='lat' dir='ltr'><strong>verbum</strong></span> <span class='ocrx_word' id='word_1_379' title='bbox 2039 2982 2140 3052; x_wconf 91' lang='grc'>(1),</span> 
     </span>
    </p>
   </div>
   <div class='ocr_carea' id='block_1_51' title="bbox 503 3071 2138 3143">
    <p class='ocr_par' dir='ltr' id='par_1_51' title="bbox 503 3071 2138 3143">
     <span class='ocr_line' id='line_1_51' title="bbox 503 3071 2138 3143; baseline -0.001 -16"><span class='ocrx_word' id='word_1_380' title='bbox 503 3073 682 3128; x_wconf 88' lang='lat' dir='ltr'><strong>altero</strong></span> <span class='ocrx_word' id='word_1_381' title='bbox 727 3089 1022 3142; x_wconf 90' lang='lat' dir='ltr'><strong>concesso,</strong></span> <span class='ocrx_word' id='word_1_382' title='bbox 1056 3073 1304 3128; x_wconf 88' lang='lat' dir='ltr'><strong>alterum</strong></span> <span class='ocrx_word' id='word_1_383' title='bbox 1355 3072 1562 3127; x_wconf 90' lang='lat' dir='ltr'><strong>abnuit</strong></span> <span class='ocrx_word' id='word_1_384' title='bbox 1594 3092 1608 3140; x_wconf 90' lang='lat'><strong>;</strong></span> <span class='ocrx_word' id='word_1_385' title='bbox 1641 3071 2138 3143; x_wconf 90' lang='lat' dir='ltr'><strong>quemadmodum</strong></span> 
     </span>
    </p>
   </div>
   <div class='ocr_carea' id='block_1_52' title="bbox 495 3160 2136 3232">
    <p class='ocr_par' dir='ltr' id='par_1_52' title="bbox 495 3160 2136 3232">
     <span class='ocr_line' id='line_1_52' title="bbox 495 3160 2136 3232; baseline -0.002 -15"><span class='ocrx_word' id='word_1_386' title='bbox 495 3161 648 3217; x_wconf 89' lang='lat' dir='ltr'><strong>enim</strong></span> <span class='ocrx_word' id='word_1_387' title='bbox 709 3161 853 3216; x_wconf 90' lang='lat' dir='ltr'><strong>nihil</strong></span> <span class='ocrx_word' id='word_1_388' title='bbox 914 3161 1236 3232; x_wconf 80' lang='lat' dir='ltr'><strong>molestius,</strong></span> <span class='ocrx_word' id='word_1_389' title='bbox 1296 3166 1398 3217; x_wconf 88' lang='lat' dir='ltr'><strong>aut</strong></span> <span class='ocrx_word' id='word_1_390' title='bbox 1470 3162 1667 3217; x_wconf 91' lang='lat' dir='ltr'><strong>minus</strong></span> <span class='ocrx_word' id='word_1_391' title='bbox 1742 3160 1853 3216; x_wconf 86' lang='lat' dir='ltr'><strong>sibi</strong></span> <span class='ocrx_word' id='word_1_392' title='bbox 1924 3175 2136 3216; x_wconf 88' lang='lat' dir='ltr'><strong>conve-</strong></span> 
     </span>
    </p>
   </div>
   <div class='ocr_carea' id='block_1_53' title="bbox 2329 2429 3883 2510">
    <p class='ocr_par' dir='ltr' id='par_1_53' title="bbox 2329 2429 3883 2510">
     <span class='ocr_line' id='line_1_53' title="bbox 2329 2429 3883 2510; baseline -0.005 -20"><span class='ocrx_word' id='word_1_393' title='bbox 2329 2435 2468 2509; x_wconf 71' lang='lat'><strong>0;&quot;.</strong></span> <span class='ocrx_word' id='word_1_394' title='bbox 2499 2439 2608 2489; x_wconf 87' lang='grc' dir='ltr'>Τοῦ</span> <span class='ocrx_word' id='word_1_395' title='bbox 2635 2434 2736 2508; x_wconf 80' lang='grc' dir='ltr'><strong>γὰρ</strong></span> <span class='ocrx_word' id='word_1_396' title='bbox 2770 2431 2834 2502; x_wconf 72' lang='grc' dir='ltr'>δὴ</span> <span class='ocrx_word' id='word_1_397' title='bbox 2870 2437 3100 2510; x_wconf 74' lang='grc' dir='ltr'>φυσικοῦ</span> <span class='ocrx_word' id='word_1_398' title='bbox 3128 2429 3286 2488; x_wconf 84' lang='grc' dir='ltr'>τόνου</span> <span class='ocrx_word' id='word_1_399' title='bbox 3316 2439 3394 2506; x_wconf 80' lang='grc' dir='ltr'><strong>τῷ</strong></span> <span class='ocrx_word' id='word_1_400' title='bbox 3425 2437 3588 2506; x_wconf 81' lang='grc' dir='ltr'>μήκει</span> <span class='ocrx_word' id='word_1_401' title='bbox 3631 2437 3725 2489; x_wconf 88' lang='grc' dir='ltr'><strong>τοῦ</strong></span> <span class='ocrx_word' id='word_1_402' title='bbox 3772 2430 3883 2505; x_wconf 85' lang='grc' dir='ltr'>βίου</span> 
     </span>
    </p>
   </div>
   <div class='ocr_carea' id='block_1_54' title="bbox 2254 2519 3884 2599">
    <p class='ocr_par' dir='ltr' id='par_1_54' title="bbox 2254 2519 3884 2599">
     <span class='ocr_line' id='line_1_54' title="bbox 2254 2519 3884 2599; baseline -0.004 -20"><span class='ocrx_word' id='word_1_403' title='bbox 2254 2524 2680 2598; x_wconf 72' lang='grc' dir='ltr'>παραλυθέντος,</span> <span class='ocrx_word' id='word_1_404' title='bbox 2728 2521 3180 2592; x_wconf 77' lang='grc' dir='ltr'>ἐνενηκοντούτης</span> <span class='ocrx_word' id='word_1_405' title='bbox 3221 2519 3345 2599; x_wconf 70' lang='grc' dir='ltr'>’γὰρ</span> <span class='ocrx_word' id='word_1_406' title='bbox 3401 2524 3488 2592; x_wconf 77' lang='grc' dir='ltr'><strong>ἧν,</strong></span> <span class='ocrx_word' id='word_1_407' title='bbox 3549 2520 3666 2578; x_wconf 73' lang='grc' dir='ltr'>οὔθ’</span> <span class='ocrx_word' id='word_1_408' title='bbox 3721 2522 3884 2590; x_wconf 70' lang='grc' dir='ltr'>ἑαυτῷ</span> 
     </span>
    </p>
   </div>
   <div class='ocr_carea' id='block_1_55' title="bbox 2255 2611 3883 2687">
    <p class='ocr_par' dir='ltr' id='par_1_55' title="bbox 2255 2611 3883 2687">
     <span class='ocr_line' id='line_1_55' title="bbox 2255 2611 3883 2687; baseline -0.004 -18"><span class='ocrx_word' id='word_1_409' title='bbox 2255 2612 2379 2669; x_wconf 75' lang='grc' dir='ltr'>οὔτε</span> <span class='ocrx_word' id='word_1_410' title='bbox 2428 2619 2543 2675; x_wconf 87' lang='grc' dir='ltr'>τοῖς</span> <span class='ocrx_word' id='word_1_411' title='bbox 2601 2611 2799 2674; x_wconf 81' lang='grc' dir='ltr'>ἄλλοις</span> <span class='ocrx_word' id='word_1_412' title='bbox 2859 2613 2979 2673; x_wconf 81' lang='grc' dir='ltr'>οἶός</span> <span class='ocrx_word' id='word_1_413' title='bbox 3024 2615 3070 2666; x_wconf 87' lang='grc' dir='ltr'>τ’</span> <span class='ocrx_word' id='word_1_414' title='bbox 3126 2614 3192 2681; x_wconf 75' lang='grc' dir='ltr'>ἦν</span> <span class='ocrx_word' id='word_1_415' title='bbox 3236 2615 3302 2668; x_wconf 76' lang='grc' dir='ltr'>τὰ</span> <span class='ocrx_word' id='word_1_416' title='bbox 3350 2613 3531 2668; x_wconf 83' lang='grc' dir='ltr'>είκότα</span> <span class='ocrx_word' id='word_1_417' title='bbox 3569 2612 3883 2687; x_wconf 72' lang='grc' dir='ltr'>κεχρῆσθαι,</span> 
     </span>
    </p>
   </div>
   <div class='ocr_carea' id='block_1_56' title="bbox 2254 2699 3885 2778">
    <p class='ocr_par' dir='ltr' id='par_1_56' title="bbox 2254 2699 3885 2778">
     <span class='ocr_line' id='line_1_56' title="bbox 2254 2699 3885 2778; baseline -0.004 -20"><span class='ocrx_word' id='word_1_418' title='bbox 2254 2703 2399 2758; x_wconf 75' lang='grc' dir='ltr'>ἀλλὰ</span> <span class='ocrx_word' id='word_1_419' title='bbox 2435 2703 2525 2757; x_wconf 83' lang='grc' dir='ltr'><strong>καὶ</strong></span> <span class='ocrx_word' id='word_1_420' title='bbox 2575 2701 2838 2771; x_wconf 83' lang='grc' dir='ltr'>πλείστης</span> <span class='ocrx_word' id='word_1_421' title='bbox 2888 2702 3023 2771; x_wconf 80' lang='grc' dir='ltr'>ὅσης</span> <span class='ocrx_word' id='word_1_422' title='bbox 3077 2701 3388 2778; x_wconf 83' lang='grc' dir='ltr'>ἐπικουρίας</span> <span class='ocrx_word' id='word_1_423' title='bbox 3447 2700 3642 2773; x_wconf 76' lang='grc' dir='ltr'>ἔξωθεν</span> <span class='ocrx_word' id='word_1_424' title='bbox 3693 2699 3885 2756; x_wconf 84' lang='grc' dir='ltr'>δεῖσθαι</span> 
     </span>
    </p>
   </div>
   <div class='ocr_carea' id='block_1_57' title="bbox 2251 2788 3884 2867">
    <p class='ocr_par' dir='ltr' id='par_1_57' title="bbox 2251 2788 3884 2867">
     <span class='ocr_line' id='line_1_57' title="bbox 2251 2788 3884 2867; baseline -0.004 -20"><span class='ocrx_word' id='word_1_425' title='bbox 2251 2793 2342 2847; x_wconf 80' lang='grc' dir='ltr'><strong>καὶ</strong></span> <span class='ocrx_word' id='word_1_426' title='bbox 2392 2791 2760 2865; x_wconf 82' lang='grc' dir='ltr'>παραμυθίας,</span> <span class='ocrx_word' id='word_1_427' title='bbox 2791 2791 2882 2845; x_wconf 86' lang='grc' dir='ltr'><strong>καὶ</strong></span> <span class='ocrx_word' id='word_1_428' title='bbox 2935 2791 3051 2845; x_wconf 83' lang='grc' dir='ltr'>οἷόν</span> <span class='ocrx_word' id='word_1_429' title='bbox 3099 2811 3249 2853; x_wconf 91' lang='grc' dir='ltr'>τινος</span> <span class='ocrx_word' id='word_1_430' title='bbox 3302 2788 3668 2867; x_wconf 80' lang='grc' dir='ltr'>ὑπανέχυντος</span> <span class='ocrx_word' id='word_1_431' title='bbox 3707 2793 3884 2846; x_wconf 83' lang='grc' dir='ltr'>τοῦτον</span> 
     </span>
    </p>
   </div>
   <div class='ocr_carea' id='block_1_58' title="bbox 2250 2875 3887 2953">
    <p class='ocr_par' dir='ltr' id='par_1_58' title="bbox 2250 2875 3887 2953">
     <span class='ocr_line' id='line_1_58' title="bbox 2250 2875 3887 2953; baseline -0.002 -19"><span class='ocrx_word' id='word_1_432' title='bbox 2250 2879 2458 2942; x_wconf 84' lang='grc' dir='ltr'>καίπως</span> <span class='ocrx_word' id='word_1_433' title='bbox 2515 2878 2917 2952; x_wconf 82' lang='grc' dir='ltr'>ἀνακτωμένου.</span> <span class='ocrx_word' id='word_1_434' title='bbox 2975 2875 3090 2932; x_wconf 81' lang='grc' dir='ltr'><strong>⁹Ὀδ’</strong></span> <span class='ocrx_word' id='word_1_435' title='bbox 3159 2878 3342 2953; x_wconf 73' lang='grc' dir='ltr'>’έτερον</span> <span class='ocrx_word' id='word_1_436' title='bbox 3405 2881 3500 2952; x_wconf 77' lang='grc' dir='ltr'>μὶν</span> <span class='ocrx_word' id='word_1_437' title='bbox 3575 2879 3657 2944; x_wconf 81' lang='grc' dir='ltr'>ὡς</span> <span class='ocrx_word' id='word_1_438' title='bbox 3733 2878 3887 2951; x_wconf 83' lang='grc' dir='ltr'>λόγος</span> 
     </span>
    </p>
   </div>
   <div class='ocr_carea' id='block_1_59' title="bbox 2250 2965 3884 3044">
    <p class='ocr_par' dir='ltr' id='par_1_59' title="bbox 2250 2965 3884 3044">
     <span class='ocr_line' id='line_1_59' title="bbox 2250 2965 3884 3044; baseline -0.002 -22"><span class='ocrx_word' id='word_1_439' title='bbox 2250 2966 2454 3039; x_wconf 81' lang='grc' dir='ltr'>ἐδίδου,</span> <span class='ocrx_word' id='word_1_440' title='bbox 2511 2967 2698 3041; x_wconf 78' lang='grc' dir='ltr'>ὅτερον</span> <span class='ocrx_word' id='word_1_441' title='bbox 2759 2965 2806 3020; x_wconf 85' lang='grc' dir='ltr'>δ’</span> <span class='ocrx_word' id='word_1_442' title='bbox 2865 2966 3070 3023; x_wconf 78' lang='grc' dir='ltr'>ἀνένευε</span> <span class='ocrx_word' id='word_1_443' title='bbox 3111 2985 3125 2998; x_wconf 89' lang='grc'><strong>·</strong></span> <span class='ocrx_word' id='word_1_444' title='bbox 3182 2969 3246 3023; x_wconf 88' lang='grc' dir='ltr'>τὸ</span> <span class='ocrx_word' id='word_1_445' title='bbox 3307 2969 3400 3040; x_wconf 72' lang='grc' dir='ltr'>μὲν</span> <span class='ocrx_word' id='word_1_446' title='bbox 3457 2968 3560 3044; x_wconf 82' lang='grc' dir='ltr'><strong>γὰρ</strong></span> <span class='ocrx_word' id='word_1_447' title='bbox 3609 2969 3884 3042; x_wconf 75' lang='grc' dir='ltr'>ἀνέχεσθαι</span> 
     </span>
    </p>
   </div>
   <div class='ocr_carea' id='block_1_60' title="bbox 2249 3055 3882 3135">
    <p class='ocr_par' dir='ltr' id='par_1_60' title="bbox 2249 3055 3882 3135">
     <span class='ocr_line' id='line_1_60' title="bbox 2249 3055 3882 3135; baseline -0.001 -23"><span class='ocrx_word' id='word_1_448' title='bbox 2249 3055 2549 3134; x_wconf 74' lang='grc' dir='ltr'>φροντίδων</span> <span class='ocrx_word' id='word_1_449' title='bbox 2594 3057 2944 3133; x_wconf 73' lang='grc' dir='ltr'>ἀφελκουσῶν</span> <span class='ocrx_word' id='word_1_450' title='bbox 2993 3063 3093 3126; x_wconf 83' lang='grc' dir='ltr'><strong>τῆς</strong></span> <span class='ocrx_word' id='word_1_451' title='bbox 3143 3056 3195 3112; x_wconf 83' lang='grc' dir='ltr'>ἐν</span> <span class='ocrx_word' id='word_1_452' title='bbox 3247 3055 3543 3135; x_wconf 71' lang='grc' dir='ltr'>φιλοσοφίᾳ</span> <span class='ocrx_word' id='word_1_453' title='bbox 3589 3057 3882 3132; x_wconf 80' lang='grc' dir='ltr'>ῥᾳστώνης,</span> 
     </span>
    </p>
   </div>
   <div class='ocr_carea' id='block_1_61' title="bbox 2249 3143 3885 3222">
    <p class='ocr_par' dir='ltr' id='par_1_61' title="bbox 2249 3143 3885 3222">
     <span class='ocr_line' id='line_1_61' title="bbox 2249 3143 3885 3222; baseline -0.001 -23"><span class='ocrx_word' id='word_1_454' title='bbox 2249 3143 2418 3201; x_wconf 85' lang='grc' dir='ltr'>δεινόν</span> <span class='ocrx_word' id='word_1_455' title='bbox 2450 3166 2508 3202; x_wconf 90' lang='grc' dir='ltr'><strong>τε</strong></span> <span class='ocrx_word' id='word_1_456' title='bbox 2555 3148 2741 3222; x_wconf 79' lang='grc' dir='ltr'>ἡγεῖτο</span> <span class='ocrx_word' id='word_1_457' title='bbox 2790 3145 2879 3200; x_wconf 81' lang='grc' dir='ltr'><strong>καὶ</strong></span> <span class='ocrx_word' id='word_1_458' title='bbox 2923 3152 3120 3215; x_wconf 75' lang='grc' dir='ltr'>ἥκιστα</span> <span class='ocrx_word' id='word_1_459' title='bbox 3161 3147 3298 3222; x_wconf 88' lang='grc' dir='ltr'>πρὸς</span> <span class='ocrx_word' id='word_1_460' title='bbox 3326 3147 3491 3201; x_wconf 88' lang='grc' dir='ltr'>αὐτοῦ</span> <span class='ocrx_word' id='word_1_461' title='bbox 3525 3166 3537 3179; x_wconf 91' lang='grc'><strong>·</strong></span> <span class='ocrx_word' id='word_1_462' title='bbox 3570 3148 3639 3202; x_wconf 87' lang='grc' dir='ltr'>τὸ</span> <span class='ocrx_word' id='word_1_463' title='bbox 3670 3144 3727 3201; x_wconf 79' lang='grc' dir='ltr'>δὲ</span> <span class='ocrx_word' id='word_1_464' title='bbox 3759 3166 3885 3216; x_wconf 84' lang='grc' dir='ltr'>συμ-</span> 
     </span>
    </p>
   </div>
   <div class='ocr_carea' id='block_1_62' title="bbox 495 3233 2142 3320">
    <p class='ocr_par' dir='ltr' id='par_1_62' title="bbox 495 3248 2138 3320">
     <span class='ocr_line' id='line_1_62' title="bbox 495 3248 2138 3320; baseline 0.001 -16"><span class='ocrx_word' id='word_1_465' title='bbox 495 3250 664 3304; x_wconf 90' lang='lat' dir='ltr'><strong>niens</strong></span> <span class='ocrx_word' id='word_1_466' title='bbox 710 3251 958 3305; x_wconf 89' lang='lat' dir='ltr'><strong>ducebat</strong></span> <span class='ocrx_word' id='word_1_467' title='bbox 1008 3266 1184 3320; x_wconf 90' lang='lat' dir='ltr'><strong>quam</strong></span> <span class='ocrx_word' id='word_1_468' title='bbox 1246 3251 1403 3306; x_wconf 86' lang='lat' dir='ltr'><strong>curis</strong></span> <span class='ocrx_word' id='word_1_469' title='bbox 1459 3266 1526 3304; x_wconf 93' lang='lat' dir='ltr'><strong>ac</strong></span> <span class='ocrx_word' id='word_1_470' title='bbox 1586 3248 1857 3320; x_wconf 87' lang='lat' dir='ltr'><strong>negotiis,</strong></span> <span class='ocrx_word' id='word_1_471' title='bbox 1894 3265 1928 3303; x_wconf 89' lang='lat' dir='ltr'><strong>a</strong></span> <span class='ocrx_word' id='word_1_472' title='bbox 1967 3248 2138 3305; x_wconf 81' lang='lat' dir='ltr'><strong>beata</strong></span> 
     </span>
    </p>
   </div>
   <div class='ocr_carea' id='block_1_63' title="bbox 2257 3233 3883 3320">
    <p class='ocr_par' dir='ltr' id='par_1_63' title="bbox 2257 3233 3883 3308">
     <span class='ocr_line' id='line_1_63' title="bbox 2257 3233 3883 3308; baseline -0.001 -20"><span class='ocrx_word' id='word_1_473' title='bbox 2257 3241 2394 3290; x_wconf 76' lang='grc' dir='ltr'>πνεῖν</span> <span class='ocrx_word' id='word_1_474' title='bbox 2454 3234 2544 3289; x_wconf 86' lang='grc' dir='ltr'><strong>καὶ</strong></span> <span class='ocrx_word' id='word_1_475' title='bbox 2599 3233 2970 3308; x_wconf 84' lang='grc' dir='ltr'>συμπράττειν</span> <span class='ocrx_word' id='word_1_476' title='bbox 3025 3239 3262 3303; x_wconf 91' lang='grc' dir='ltr'>τοκεῦσι,</span> <span class='ocrx_word' id='word_1_477' title='bbox 3311 3235 3403 3290; x_wconf 86' lang='grc' dir='ltr'><strong>καὶ</strong></span> <span class='ocrx_word' id='word_1_478' title='bbox 3455 3233 3586 3308; x_wconf 86' lang='grc' dir='ltr'>μηδ’</span> <span class='ocrx_word' id='word_1_479' title='bbox 3651 3237 3883 3292; x_wconf 82' lang='grc' dir='ltr'>ὁντινοῦν</span> 
     </span>
    </p>
   </div>
   <div class='ocr_carea' id='block_1_64' title="bbox 493 3315 2142 3412">
    <p class='ocr_par' dir='ltr' id='par_1_64' title="bbox 493 3315 2130 3412">
     <span class='ocr_line' id='line_1_64' title="bbox 493 3315 2130 3412; baseline 0 -18"><span class='ocrx_word' id='word_1_480' title='bbox 493 3339 873 3412; x_wconf 79' lang='lat' dir='ltr'><strong>philosOphisa</strong></span> <span class='ocrx_word' id='word_1_481' title='bbox 929 3315 1047 3396; x_wconf 48' lang='lat' dir='ltr'><strong>sua-3</strong></span> <span class='ocrx_word' id='word_1_482' title='bbox 1122 3340 1315 3411; x_wconf 89' lang='lat' dir='ltr'><strong>quiete</strong></span> <span class='ocrx_word' id='word_1_483' title='bbox 1377 3355 1506 3395; x_wconf 91' lang='lat' dir='ltr'><strong>sese</strong></span> <span class='ocrx_word' id='word_1_484' title='bbox 1562 3315 1962 3404; x_wconf 63' lang='lat' dir='ltr'><strong>abrtracturis,</strong></span> <span class='ocrx_word' id='word_1_485' title='bbox 2021 3339 2130 3394; x_wconf 87' lang='lat' dir='ltr'><strong>im-</strong></span> 
     </span>
    </p>
   </div>
   <div class='ocr_carea' id='block_1_65' title="bbox 2257 3315 3882 3412">
    <p class='ocr_par' dir='ltr' id='par_1_65' title="bbox 2257 3315 3882 3396">
     <span class='ocr_line' id='line_1_65' title="bbox 2257 3315 3882 3396; baseline -0.002 -21"><span class='ocrx_word' id='word_1_486' title='bbox 2257 3321 2380 3394; x_wconf 65' lang='grc' dir='ltr'>ὅπερ</span> <span class='ocrx_word' id='word_1_487' title='bbox 2420 3321 2600 3376; x_wconf 81' lang='grc' dir='ltr'>αὐτῶν</span> <span class='ocrx_word' id='word_1_488' title='bbox 2659 3318 2908 3374; x_wconf 85' lang='grc' dir='ltr'>κίνδυνον</span> <span class='ocrx_word' id='word_1_489' title='bbox 2968 3322 3346 3395; x_wconf 85' lang='grc' dir='ltr'>παραιτεῖσθαι</span> <span class='ocrx_word' id='word_1_490' title='bbox 3397 3322 3558 3396; x_wconf 72' lang='grc' dir='ltr'>μέρος</span> <span class='ocrx_word' id='word_1_491' title='bbox 3619 3315 3882 3378; x_wconf 75' lang='grc' dir='ltr'>εὐσεϐείας</span> 
     </span>
    </p>
   </div>
   <div class='ocr_carea' id='block_1_66' title="bbox 496 3408 2142 3502">
    <p class='ocr_par' dir='ltr' id='par_1_66' title="bbox 496 3408 2129 3502">
     <span class='ocr_line' id='line_1_66' title="bbox 496 3408 2129 3502; baseline -0.001 -18"><span class='ocrx_word' id='word_1_492' title='bbox 496 3408 845 3502; x_wconf 55' lang='grc' dir='ltr'>ριίοειιίξεὶο</span> <span class='ocrx_word' id='word_1_493' title='bbox 883 3445 913 3484; x_wconf 87' lang='lat' dir='ltr'><strong>e</strong></span> <span class='ocrx_word' id='word_1_494' title='bbox 956 3408 1246 3485; x_wconf 77' lang='lat' dir='ltr'><strong>contrario</strong></span> <span class='ocrx_word' id='word_1_495' title='bbox 1295 3445 1426 3484; x_wconf 90' lang='lat' dir='ltr'><strong>cum</strong></span> <span class='ocrx_word' id='word_1_496' title='bbox 1474 3427 1768 3484; x_wconf 90' lang='lat' dir='ltr'><strong>voluntate</strong></span> <span class='ocrx_word' id='word_1_497' title='bbox 1820 3433 2129 3499; x_wconf 88' lang='lat' dir='ltr'><strong>parentum</strong></span> 
     </span>
    </p>
   </div>
   <div class='ocr_carea' id='block_1_67' title="bbox 2257 3408 3883 3502">
    <p class='ocr_par' dir='ltr' id='par_1_67' title="bbox 2257 3408 3883 3485">
     <span class='ocr_line' id='line_1_67' title="bbox 2257 3408 3883 3485; baseline -0.001 -22"><span class='ocrx_word' id='word_1_498' title='bbox 2257 3408 2341 3464; x_wconf 85' lang='grc' dir='ltr'>›ὐκ</span> <span class='ocrx_word' id='word_1_499' title='bbox 2370 3408 2662 3484; x_wconf 81' lang='grc' dir='ltr'>ἐλάχιστον</span> <span class='ocrx_word' id='word_1_500' title='bbox 2695 3409 2832 3463; x_wconf 79' lang='grc' dir='ltr'>εἶναι</span> <span class='ocrx_word' id='word_1_501' title='bbox 2881 3409 3119 3482; x_wconf 86' lang='grc' dir='ltr'>νομίζων</span> <span class='ocrx_word' id='word_1_502' title='bbox 3156 3408 3245 3463; x_wconf 81' lang='grc' dir='ltr'>καὶ</span> <span class='ocrx_word' id='word_1_503' title='bbox 3290 3411 3404 3481; x_wconf 78' lang='grc' dir='ltr'><strong>ἅμα</strong></span> <span class='ocrx_word' id='word_1_504' title='bbox 3449 3411 3586 3485; x_wconf 86' lang='grc' dir='ltr'>πρὸς</span> <span class='ocrx_word' id='word_1_505' title='bbox 3636 3411 3763 3466; x_wconf 84' lang='grc' dir='ltr'>Θεὸν</span> <span class='ocrx_word' id='word_1_506' title='bbox 3797 3410 3883 3462; x_wconf 86' lang='grc' dir='ltr'>θε-</span> 
     </span>
    </p>
   </div>
   <div class='ocr_carea' id='block_1_68' title="bbox 490 3497 2142 3590">
    <p class='ocr_par' dir='ltr' id='par_1_68' title="bbox 490 3517 2130 3590">
     <span class='ocr_line' id='line_1_68' title="bbox 490 3517 2130 3590; baseline -0.002 -16"><span class='ocrx_word' id='word_1_507' title='bbox 490 3518 846 3585; x_wconf 88' lang='lat' dir='ltr'><strong>consentire,</strong></span> <span class='ocrx_word' id='word_1_508' title='bbox 895 3517 1125 3590; x_wconf 89' lang='lat' dir='ltr'><strong>illisque</strong></span> <span class='ocrx_word' id='word_1_509' title='bbox 1168 3517 1381 3576; x_wconf 84' lang='lat' dir='ltr'><strong>auxilio</strong></span> <span class='ocrx_word' id='word_1_510' title='bbox 1428 3533 1576 3586; x_wconf 89' lang='lat' dir='ltr'><strong>esse,</strong></span> <span class='ocrx_word' id='word_1_511' title='bbox 1610 3535 1716 3574; x_wconf 90' lang='lat' dir='ltr'><strong>nec</strong></span> <span class='ocrx_word' id='word_1_512' title='bbox 1762 3517 1883 3574; x_wconf 88' lang='lat' dir='ltr'><strong>ulla</strong></span> <span class='ocrx_word' id='word_1_513' title='bbox 1929 3533 2130 3574; x_wconf 90' lang='lat' dir='ltr'><strong>eorum</strong></span> 
     </span>
    </p>
   </div>
   <div class='ocr_carea' id='block_1_69' title="bbox 2257 3497 3881 3590">
    <p class='ocr_par' dir='ltr' id='par_1_69' title="bbox 2257 3497 3881 3572">
     <span class='ocr_line' id='line_1_69' title="bbox 2257 3497 3881 3572; baseline -0.001 -20"><span class='ocrx_word' id='word_1_514' title='bbox 2257 3497 2486 3569; x_wconf 78' lang='grc' dir='ltr'>&gt;απείαν,</span> <span class='ocrx_word' id='word_1_515' title='bbox 2539 3499 2598 3559; x_wconf 79' lang='grc' dir='ltr'><strong>’ὸς</strong></span> <span class='ocrx_word' id='word_1_516' title='bbox 2640 3497 2852 3553; x_wconf 85' lang='grc' dir='ltr'>κελεύει</span> <span class='ocrx_word' id='word_1_517' title='bbox 2907 3498 3138 3572; x_wconf 78' lang='grc' dir='ltr'>πατράσι</span> <span class='ocrx_word' id='word_1_518' title='bbox 3195 3498 3376 3572; x_wconf 83' lang='grc' dir='ltr'>νέμειν</span> <span class='ocrx_word' id='word_1_519' title='bbox 3430 3500 3625 3571; x_wconf 75' lang='grc' dir='ltr'>τιμήν,</span> <span class='ocrx_word' id='word_1_520' title='bbox 3659 3501 3774 3558; x_wconf 80' lang='grc' dir='ltr'>οἷος</span> <span class='ocrx_word' id='word_1_521' title='bbox 3817 3497 3881 3565; x_wconf 80' lang='grc' dir='ltr'><strong>ἧν</strong></span> 
     </span>
    </p>
   </div>
   <div class='ocr_carea' id='block_1_70' title="bbox 493 3585 2142 3678">
    <p class='ocr_par' dir='ltr' id='par_1_70' title="bbox 493 3606 2129 3678">
     <span class='ocr_line' id='line_1_70' title="bbox 493 3606 2129 3678; baseline 0 -16"><span class='ocrx_word' id='word_1_522' title='bbox 493 3609 553 3664; x_wconf 89' lang='lat' dir='ltr'><strong>in</strong></span> <span class='ocrx_word' id='word_1_523' title='bbox 582 3607 827 3678; x_wconf 85' lang='lat' dir='ltr'><strong>gratiam</strong></span> <span class='ocrx_word' id='word_1_524' title='bbox 860 3623 1128 3663; x_wconf 81' lang='lat' dir='ltr'><strong>recusare</strong></span> <span class='ocrx_word' id='word_1_525' title='bbox 1145 3607 1508 3675; x_wconf 90' lang='lat' dir='ltr'><strong>discrimina,</strong></span> <span class='ocrx_word' id='word_1_526' title='bbox 1539 3623 1652 3663; x_wconf 91' lang='lat' dir='ltr'><strong>non</strong></span> <span class='ocrx_word' id='word_1_527' title='bbox 1677 3606 1982 3662; x_wconf 88' lang='lat' dir='ltr'><strong>minimam</strong></span> <span class='ocrx_word' id='word_1_528' title='bbox 2016 3607 2129 3677; x_wconf 89' lang='lat' dir='ltr'><strong>pie-</strong></span> 
     </span>
    </p>
   </div>
   <div class='ocr_carea' id='block_1_71' title="bbox 2257 3585 3881 3678">
    <p class='ocr_par' dir='ltr' id='par_1_71' title="bbox 2257 3585 3881 3666">
     <span class='ocr_line' id='line_1_71' title="bbox 2257 3585 3881 3666; baseline -0.001 -26"><span class='ocrx_word' id='word_1_529' title='bbox 2257 3588 2392 3641; x_wconf 77' lang='grc' dir='ltr'>τάντ’</span> <span class='ocrx_word' id='word_1_530' title='bbox 2441 3585 2602 3642; x_wconf 68' lang='grc' dir='ltr'>εἴκειν</span> <span class='ocrx_word' id='word_1_531' title='bbox 2648 3585 2927 3642; x_wconf 82' lang='grc' dir='ltr'>κελεύοντι</span> <span class='ocrx_word' id='word_1_532' title='bbox 2979 3591 3057 3658; x_wconf 82' lang='grc' dir='ltr'>τῷ</span> <span class='ocrx_word' id='word_1_533' title='bbox 3105 3588 3266 3662; x_wconf 83' lang='grc' dir='ltr'>πατρὶ</span> <span class='ocrx_word' id='word_1_534' title='bbox 3315 3587 3404 3642; x_wconf 86' lang='grc' dir='ltr'><strong>καὶ</strong></span> <span class='ocrx_word' id='word_1_535' title='bbox 3458 3585 3683 3666; x_wconf 82' lang='grc' dir='ltr'>δεύτερα</span> <span class='ocrx_word' id='word_1_536' title='bbox 3712 3586 3881 3644; x_wconf 75' lang='grc' dir='ltr'>τᾶλλα</span> 
     </span>
    </p>
   </div>
   <div class='ocr_carea' id='block_1_72' title="bbox 487 3695 2126 3768">
    <p class='ocr_par' dir='ltr' id='par_1_72' title="bbox 487 3695 2126 3768">
     <span class='ocr_line' id='line_1_72' title="bbox 487 3695 2126 3768; baseline -0.002 -15"><span class='ocrx_word' id='word_1_537' title='bbox 487 3699 626 3753; x_wconf 91' lang='lat' dir='ltr'><strong>tatis</strong></span> <span class='ocrx_word' id='word_1_538' title='bbox 683 3701 928 3766; x_wconf 88' lang='lat' dir='ltr'><strong>partem,</strong></span> <span class='ocrx_word' id='word_1_539' title='bbox 975 3701 1150 3768; x_wconf 89' lang='lat' dir='ltr'><strong>atque</strong></span> <span class='ocrx_word' id='word_1_540' title='bbox 1196 3697 1298 3752; x_wconf 92' lang='lat' dir='ltr'><strong>Dei</strong></span> <span class='ocrx_word' id='word_1_541' title='bbox 1355 3697 1554 3766; x_wconf 88' lang='lat' dir='ltr'><strong>etiam,</strong></span> <span class='ocrx_word' id='word_1_542' title='bbox 1586 3695 1686 3767; x_wconf 91' lang='lat' dir='ltr'><strong>qui</strong></span> <span class='ocrx_word' id='word_1_543' title='bbox 1729 3704 1996 3766; x_wconf 90' lang='lat' dir='ltr'><strong>parentes</strong></span> <span class='ocrx_word' id='word_1_544' title='bbox 2031 3696 2126 3750; x_wconf 91' lang='lat' dir='ltr'><strong>ho-</strong></span> 
     </span>
    </p>
   </div>
   <div class='ocr_carea' id='block_1_73' title="bbox 489 3785 3884 3862">
    <p class='ocr_par' dir='ltr' id='par_1_73' title="bbox 489 3785 3884 3862">
     <span class='ocr_line' id='line_1_73' title="bbox 489 3785 3884 3862; baseline 0.001 -20"><span class='ocrx_word' id='word_1_545' title='bbox 489 3789 778 3842; x_wconf 89' lang='lat' dir='ltr'><strong>norandos</strong></span> <span class='ocrx_word' id='word_1_546' title='bbox 808 3792 1078 3842; x_wconf 83' lang='lat' dir='ltr'><strong>sanxerat</strong></span> <span class='ocrx_word' id='word_1_547' title='bbox 1107 3785 1173 3855; x_wconf 85' lang='grc'><strong>³²,</strong></span> <span class='ocrx_word' id='word_1_548' title='bbox 1196 3786 1419 3844; x_wconf 89' lang='lat' dir='ltr'><strong>cultum</strong></span> <span class='ocrx_word' id='word_1_549' title='bbox 1453 3803 1581 3843; x_wconf 89' lang='lat' dir='ltr'><strong>esse</strong></span> <span class='ocrx_word' id='word_1_550' title='bbox 1611 3790 1791 3857; x_wconf 86' lang='lat' dir='ltr'><strong>ratus,</strong></span> <span class='ocrx_word' id='word_1_551' title='bbox 1825 3788 1893 3842; x_wconf 89' lang='lat' dir='ltr'><strong>ad</strong></span> <span class='ocrx_word' id='word_1_552' title='bbox 1925 3788 2124 3842; x_wconf 86' lang='lat' dir='ltr'><strong>omnia</strong></span> <span class='ocrx_word' id='word_1_553' title='bbox 2172 3790 2319 3859; x_wconf 91' lang='lat' dir='ltr'><strong>patri</strong></span> <span class='ocrx_word' id='word_1_554' title='bbox 2361 3788 2604 3859; x_wconf 89' lang='lat' dir='ltr'><strong>jubendi</strong></span> <span class='ocrx_word' id='word_1_555' title='bbox 2656 3788 3046 3858; x_wconf 89' lang='lat' dir='ltr'><strong>concedenda,</strong></span> <span class='ocrx_word' id='word_1_556' title='bbox 3077 3792 3402 3862; x_wconf 62' lang='lat' dir='ltr'><strong>ceteraque</strong></span> <span class='ocrx_word' id='word_1_557' title='bbox 3459 3791 3884 3862; x_wconf 87' lang='lat' dir='ltr'><strong>posthabenda,</strong></span> 
     </span>
    </p>
   </div>
   <div class='ocr_carea' id='block_1_74' title="bbox 2237 3678 2502 3752">
    <p class='ocr_par' dir='ltr' id='par_1_74' title="bbox 2237 3678 2502 3752">
     <span class='ocr_line' id='line_1_74' title="bbox 2237 3678 2502 3752; baseline 0.004 -19"><span class='ocrx_word' id='word_1_558' title='bbox 2237 3678 2502 3752; x_wconf 85' lang='grc' dir='ltr'>νομίζειν.</span> 
     </span>
    </p>
   </div>
   <div class='ocr_carea' id='block_1_75' title="bbox 489 3885 962 3949">
    <p class='ocr_par' dir='ltr' id='par_1_75' title="bbox 489 3885 962 3949">
     <span class='ocr_line' id='line_1_75' title="bbox 489 3885 962 3949; baseline 0.002 -18"><span class='ocrx_word' id='word_1_559' title='bbox 489 3885 794 3949; x_wconf 89' lang='lat' dir='ltr'><strong>promptus</strong></span> <span class='ocrx_word' id='word_1_560' title='bbox 823 3885 962 3934; x_wconf 89' lang='lat' dir='ltr'><strong>erat.</strong></span> 
     </span>
    </p>
   </div>
   <div class='ocr_carea' id='block_1_76' title="bbox 562 3967 2129 4039">
    <p class='ocr_par' dir='ltr' id='par_1_76' title="bbox 562 3967 2129 4039">
     <span class='ocr_line' id='line_1_76' title="bbox 562 3967 2129 4039; baseline 0.001 -18"><span class='ocrx_word' id='word_1_561' title='bbox 562 3967 834 4023; x_wconf 83' lang='lat' dir='ltr'><strong>LXXVII.</strong></span> <span class='ocrx_word' id='word_1_562' title='bbox 869 3969 1151 4024; x_wconf 73' lang='lat' dir='ltr'><strong>Caaterum</strong></span> <span class='ocrx_word' id='word_1_563' title='bbox 1195 3969 1398 4039; x_wconf 91' lang='lat' dir='ltr'><strong>paucis</strong></span> <span class='ocrx_word' id='word_1_564' title='bbox 1453 3971 1584 4039; x_wconf 93' lang='lat' dir='ltr'><strong>post</strong></span> <span class='ocrx_word' id='word_1_565' title='bbox 1613 3967 1819 4024; x_wconf 90' lang='lat' dir='ltr'><strong>diebus</strong></span> <span class='ocrx_word' id='word_1_566' title='bbox 1851 3967 2040 4024; x_wconf 91' lang='lat' dir='ltr'><strong>denuo</strong></span> <span class='ocrx_word' id='word_1_567' title='bbox 2070 3968 2129 4023; x_wconf 90' lang='lat' dir='ltr'><strong>in</strong></span> 
     </span>
    </p>
   </div>
   <div class='ocr_carea' id='block_1_77' title="bbox 488 4055 2128 4128">
    <p class='ocr_par' dir='ltr' id='par_1_77' title="bbox 488 4055 2128 4128">
     <span class='ocr_line' id='line_1_77' title="bbox 488 4055 2128 4128; baseline 0.001 -18"><span class='ocrx_word' id='word_1_568' title='bbox 488 4060 734 4111; x_wconf 88' lang='lat' dir='ltr'><strong>Pontum</strong></span> <span class='ocrx_word' id='word_1_569' title='bbox 757 4056 1177 4128; x_wconf 85' lang='lat' dir='ltr'><strong>regreditur,ad</strong></span> <span class='ocrx_word' id='word_1_570' title='bbox 1195 4055 1540 4113; x_wconf 86' lang='lat' dir='ltr'><strong>familiarem</strong></span> <span class='ocrx_word' id='word_1_571' title='bbox 1560 4055 1668 4110; x_wconf 90' lang='lat' dir='ltr'><strong>sibi</strong></span> <span class='ocrx_word' id='word_1_572' title='bbox 1684 4057 2128 4128; x_wconf 89' lang='lat' dir='ltr'><strong>adamatamque</strong></span> 
     </span>
    </p>
   </div>
   <div class='ocr_carea' id='block_1_78' title="bbox 488 4144 2127 4216">
    <p class='ocr_par' dir='ltr' id='par_1_78' title="bbox 488 4144 2127 4216">
     <span class='ocr_line' id='line_1_78' title="bbox 488 4144 2127 4216; baseline 0.001 -17"><span class='ocrx_word' id='word_1_573' title='bbox 488 4145 770 4216; x_wconf 89' lang='lat' dir='ltr'><strong>quietem,</strong></span> <span class='ocrx_word' id='word_1_574' title='bbox 803 4145 1086 4200; x_wconf 88' lang='lat' dir='ltr'><strong>hactenus</strong></span> <span class='ocrx_word' id='word_1_575' title='bbox 1125 4144 1430 4210; x_wconf 85' lang='lat' dir='ltr'><strong>duntaxat,</strong></span> <span class='ocrx_word' id='word_1_576' title='bbox 1481 4153 1543 4199; x_wconf 91' lang='lat' dir='ltr'><strong>ut</strong></span> <span class='ocrx_word' id='word_1_577' title='bbox 1589 4144 1843 4215; x_wconf 89' lang='lat' dir='ltr'><strong>seipsum</strong></span> <span class='ocrx_word' id='word_1_578' title='bbox 1894 4146 2127 4215; x_wconf 89' lang='lat' dir='ltr'><strong>penitus</strong></span> 
     </span>
    </p>
   </div>
   <div class='ocr_carea' id='block_1_79' title="bbox 486 4227 2128 4305">
    <p class='ocr_par' dir='ltr' id='par_1_79' title="bbox 486 4227 2128 4305">
     <span class='ocr_line' id='line_1_79' title="bbox 486 4227 2128 4305; baseline 0.001 -15"><span class='ocrx_word' id='word_1_579' title='bbox 486 4227 794 4304; x_wconf 84' lang='lat' dir='ltr'><strong>excuteret,</strong></span> <span class='ocrx_word' id='word_1_580' title='bbox 841 4239 899 4290; x_wconf 93' lang='lat' dir='ltr'><strong>et</strong></span> <span class='ocrx_word' id='word_1_581' title='bbox 953 4233 1098 4289; x_wconf 90' lang='lat' dir='ltr'><strong>alios</strong></span> <span class='ocrx_word' id='word_1_582' title='bbox 1155 4250 1256 4288; x_wconf 91' lang='lat' dir='ltr'><strong>sue</strong></span> <span class='ocrx_word' id='word_1_583' title='bbox 1311 4232 1576 4305; x_wconf 82' lang='lat' dir='ltr'><strong>exemplo</strong></span> <span class='ocrx_word' id='word_1_584' title='bbox 1632 4235 1880 4301; x_wconf 90' lang='lat' dir='ltr'><strong>doceret,</strong></span> <span class='ocrx_word' id='word_1_585' title='bbox 1924 4251 2037 4290; x_wconf 90' lang='lat' dir='ltr'><strong>non</strong></span> <span class='ocrx_word' id='word_1_586' title='bbox 2096 4252 2128 4291; x_wconf 92' lang='lat' dir='ltr'><strong>e</strong></span> 
     </span>
    </p>
   </div>
   <div class='ocr_carea' id='block_1_80' title="bbox 483 4322 2123 4394">
    <p class='ocr_par' dir='ltr' id='par_1_80' title="bbox 483 4322 2123 4394">
     <span class='ocr_line' id='line_1_80' title="bbox 483 4322 2123 4394; baseline -0.001 -15"><span class='ocrx_word' id='word_1_587' title='bbox 483 4322 722 4394; x_wconf 89' lang='lat' dir='ltr'><strong>vestigio</strong></span> <span class='ocrx_word' id='word_1_588' title='bbox 756 4339 848 4378; x_wconf 89' lang='lat' dir='ltr'><strong>res</strong></span> <span class='ocrx_word' id='word_1_589' title='bbox 872 4325 1152 4378; x_wconf 89' lang='lat' dir='ltr'><strong>maximas</strong></span> <span class='ocrx_word' id='word_1_590' title='bbox 1181 4339 1244 4378; x_wconf 89' lang='lat' dir='ltr'><strong>ac</strong></span> <span class='ocrx_word' id='word_1_591' title='bbox 1276 4322 1646 4378; x_wconf 87' lang='lat' dir='ltr'><strong>santissimas</strong></span> <span class='ocrx_word' id='word_1_592' title='bbox 1681 4329 1896 4378; x_wconf 89' lang='lat' dir='ltr'><strong>temere</strong></span> <span class='ocrx_word' id='word_1_593' title='bbox 1945 4328 2123 4378; x_wconf 84' lang='lat' dir='ltr'><strong>attre-</strong></span> 
     </span>
    </p>
   </div>
   <div class='ocr_carea' id='block_1_81' title="bbox 479 4411 2121 4484">
    <p class='ocr_par' dir='ltr' id='par_1_81' title="bbox 479 4411 2121 4484">
     <span class='ocr_line' id='line_1_81' title="bbox 479 4411 2121 4484; baseline 0.001 -17"><span class='ocrx_word' id='word_1_594' title='bbox 479 4413 725 4468; x_wconf 90' lang='lat' dir='ltr'><strong>ctandas</strong></span> <span class='ocrx_word' id='word_1_595' title='bbox 755 4427 903 4480; x_wconf 84' lang='lat' dir='ltr'><strong>esse,</strong></span> <span class='ocrx_word' id='word_1_596' title='bbox 942 4428 1072 4467; x_wconf 88' lang='lat' dir='ltr'><strong>mox</strong></span> <span class='ocrx_word' id='word_1_597' title='bbox 1101 4412 1234 4467; x_wconf 89' lang='lat' dir='ltr'><strong>dein</strong></span> <span class='ocrx_word' id='word_1_598' title='bbox 1287 4411 1396 4467; x_wconf 91' lang='lat' dir='ltr'><strong>sub</strong></span> <span class='ocrx_word' id='word_1_599' title='bbox 1447 4412 1834 4484; x_wconf 68' lang='lat' dir='ltr'><strong>prestitutum</strong></span> <span class='ocrx_word' id='word_1_600' title='bbox 1868 4412 2020 4468; x_wconf 90' lang='lat' dir='ltr'><strong>diem</strong></span> <span class='ocrx_word' id='word_1_601' title='bbox 2051 4415 2121 4468; x_wconf 88' lang='lat' dir='ltr'><strong>ad</strong></span> 
     </span>
    </p>
   </div>
   <div class='ocr_carea' id='block_1_82' title="bbox 481 4501 2121 4575">
    <p class='ocr_par' dir='ltr' id='par_1_82' title="bbox 481 4501 2121 4575">
     <span class='ocr_line' id='line_1_82' title="bbox 481 4501 2121 4575; baseline 0.001 -18"><span class='ocrx_word' id='word_1_602' title='bbox 481 4519 620 4558; x_wconf 92' lang='lat' dir='ltr'><strong>suos</strong></span> <span class='ocrx_word' id='word_1_603' title='bbox 653 4516 895 4575; x_wconf 89' lang='lat' dir='ltr'><strong>propere</strong></span> <span class='ocrx_word' id='word_1_604' title='bbox 925 4502 1171 4557; x_wconf 88' lang='lat' dir='ltr'><strong>recurrit</strong></span> <span class='ocrx_word' id='word_1_605' title='bbox 1202 4502 1481 4573; x_wconf 90' lang='lat' dir='ltr'><strong>patrique,</strong></span> <span class='ocrx_word' id='word_1_606' title='bbox 1516 4505 1574 4557; x_wconf 87' lang='lat' dir='ltr'><strong>et</strong></span> <span class='ocrx_word' id='word_1_607' title='bbox 1621 4501 1751 4556; x_wconf 90' lang='lat' dir='ltr'><strong>urbi</strong></span> <span class='ocrx_word' id='word_1_608' title='bbox 1784 4502 2004 4571; x_wconf 68' lang='lat' dir='ltr'><strong>patriae,</strong></span> <span class='ocrx_word' id='word_1_609' title='bbox 2035 4506 2121 4558; x_wconf 93' lang='lat' dir='ltr'><strong>to-</strong></span> 
     </span>
    </p>
   </div>
   <div class='ocr_carea' id='block_1_83' title="bbox 480 4590 2124 4662">
    <p class='ocr_par' dir='ltr' id='par_1_83' title="bbox 480 4590 2124 4662">
     <span class='ocr_line' id='line_1_83' title="bbox 480 4590 2124 4662; baseline 0.001 -15"><span class='ocrx_word' id='word_1_610' title='bbox 480 4597 600 4648; x_wconf 84' lang='lat' dir='ltr'><strong>tum</strong></span> <span class='ocrx_word' id='word_1_611' title='bbox 635 4608 762 4648; x_wconf 90' lang='lat' dir='ltr'><strong>sese</strong></span> <span class='ocrx_word' id='word_1_612' title='bbox 795 4591 992 4659; x_wconf 91' lang='lat' dir='ltr'><strong>tradit,</strong></span> <span class='ocrx_word' id='word_1_613' title='bbox 1013 4590 1211 4662; x_wconf 64' lang='lat' dir='ltr'><strong>patrie</strong></span> <span class='ocrx_word' id='word_1_614' title='bbox 1236 4590 1600 4647; x_wconf 89' lang='lat' dir='ltr'><strong>salutiferum</strong></span> <span class='ocrx_word' id='word_1_615' title='bbox 1624 4591 1919 4662; x_wconf 88' lang='lat' dir='ltr'><strong>quoddam</strong></span> <span class='ocrx_word' id='word_1_616' title='bbox 1943 4608 2124 4649; x_wconf 89' lang='lat' dir='ltr'><strong>reme-</strong></span> 
     </span>
    </p>
   </div>
   <div class='ocr_carea' id='block_1_84' title="bbox 478 4679 2118 4751">
    <p class='ocr_par' dir='ltr' id='par_1_84' title="bbox 478 4679 2118 4751">
     <span class='ocr_line' id='line_1_84' title="bbox 478 4679 2118 4751; baseline 0 -15"><span class='ocrx_word' id='word_1_617' title='bbox 478 4681 644 4736; x_wconf 91' lang='lat' dir='ltr'><strong>dium</strong></span> <span class='ocrx_word' id='word_1_618' title='bbox 692 4697 802 4736; x_wconf 88' lang='lat' dir='ltr'><strong>sua</strong></span> <span class='ocrx_word' id='word_1_619' title='bbox 851 4679 1177 4736; x_wconf 88' lang='lat' dir='ltr'><strong>eruditione</strong></span> <span class='ocrx_word' id='word_1_620' title='bbox 1225 4679 1612 4751; x_wconf 90' lang='lat' dir='ltr'><strong>facundiaque</strong></span> <span class='ocrx_word' id='word_1_621' title='bbox 1653 4679 1933 4747; x_wconf 86' lang='lat' dir='ltr'><strong>futurum,</strong></span> <span class='ocrx_word' id='word_1_622' title='bbox 1965 4681 2118 4751; x_wconf 87' lang='lat' dir='ltr'><strong>patri</strong></span> 
     </span>
    </p>
   </div>
   <div class='ocr_carea' id='block_1_85' title="bbox 477 4769 2112 4840">
    <p class='ocr_par' dir='ltr' id='par_1_85' title="bbox 477 4769 2112 4840">
     <span class='ocr_line' id='line_1_85' title="bbox 477 4769 2112 4840; baseline -0.002 -13"><span class='ocrx_word' id='word_1_623' title='bbox 477 4776 722 4827; x_wconf 65' lang='lat' dir='ltr'><strong>senecta:</strong></span> <span class='ocrx_word' id='word_1_624' title='bbox 771 4769 1042 4827; x_wconf 88' lang='lat' dir='ltr'><strong>solatium</strong></span> <span class='ocrx_word' id='word_1_625' title='bbox 1095 4772 1470 4840; x_wconf 89' lang='lat' dir='ltr'><strong>ortarumque</strong></span> <span class='ocrx_word' id='word_1_626' title='bbox 1525 4769 1658 4826; x_wconf 87' lang='lat' dir='ltr'><strong>inde</strong></span> <span class='ocrx_word' id='word_1_627' title='bbox 1703 4785 2112 4838; x_wconf 70' lang='lat' dir='ltr'><strong>mrumnarum,</strong></span> 
     </span>
    </p>
   </div>
   <div class='ocr_carea' id='block_1_86' title="bbox 473 4857 2115 4930">
    <p class='ocr_par' dir='ltr' id='par_1_86' title="bbox 473 4857 2115 4930">
     <span class='ocr_line' id='line_1_86' title="bbox 473 4857 2115 4930; baseline -0.001 -14"><span class='ocrx_word' id='word_1_628' title='bbox 473 4876 772 4916; x_wconf 90' lang='lat' dir='ltr'><strong>summum</strong></span> <span class='ocrx_word' id='word_1_629' title='bbox 823 4858 1260 4930; x_wconf 87' lang='lat' dir='ltr'><strong>maximumque</strong></span> <span class='ocrx_word' id='word_1_630' title='bbox 1315 4857 1790 4930; x_wconf 84' lang='lat' dir='ltr'><strong>allevamentum,</strong></span> <span class='ocrx_word' id='word_1_631' title='bbox 1837 4859 2115 4915; x_wconf 90' lang='lat' dir='ltr'><strong>continuo</strong></span> 
     </span>
    </p>
   </div>
   <div class='ocr_carea' id='block_1_87' title="bbox 473 4947 2116 5016">
    <p class='ocr_par' dir='ltr' id='par_1_87' title="bbox 473 4947 2116 5016">
     <span class='ocr_line' id='line_1_87' title="bbox 473 4947 2116 5016; baseline -0.001 -11"><span class='ocrx_word' id='word_1_632' title='bbox 473 4955 664 5005; x_wconf 88' lang='lat' dir='ltr'><strong>autem</strong></span> <span class='ocrx_word' id='word_1_633' title='bbox 699 4949 892 5004; x_wconf 89' lang='lat' dir='ltr'><strong>subita</strong></span> <span class='ocrx_word' id='word_1_634' title='bbox 948 4949 1162 5005; x_wconf 89' lang='lat' dir='ltr'><strong>festum</strong></span> <span class='ocrx_word' id='word_1_635' title='bbox 1211 4947 1470 5004; x_wconf 89' lang='lat' dir='ltr'><strong>oratione</strong></span> <span class='ocrx_word' id='word_1_636' title='bbox 1515 4964 1754 5016; x_wconf 89' lang='lat' dir='ltr'><strong>ornans,</strong></span> <span class='ocrx_word' id='word_1_637' title='bbox 1783 4965 1850 5004; x_wconf 91' lang='lat' dir='ltr'><strong>ac</strong></span> <span class='ocrx_word' id='word_1_638' title='bbox 1889 4949 2116 5006; x_wconf 89' lang='lat' dir='ltr'><strong>decenti</strong></span> 
     </span>
    </p>
   </div>
   <div class='ocr_carea' id='block_1_88' title="bbox 472 5037 2113 5110">
    <p class='ocr_par' dir='ltr' id='par_1_88' title="bbox 472 5037 2113 5110">
     <span class='ocr_line' id='line_1_88' title="bbox 472 5037 2113 5110; baseline 0.001 -16"><span class='ocrx_word' id='word_1_639' title='bbox 472 5039 885 5094; x_wconf 89' lang='lat' dir='ltr'><strong>concelebrans</strong></span> <span class='ocrx_word' id='word_1_640' title='bbox 933 5038 1288 5103; x_wconf 85' lang='lat' dir='ltr'><strong>laudatione,</strong></span> <span class='ocrx_word' id='word_1_641' title='bbox 1321 5037 1469 5110; x_wconf 69' lang='lat' dir='ltr'><strong>fugis</strong></span> <span class='ocrx_word' id='word_1_642' title='bbox 1501 5053 1618 5092; x_wconf 81' lang='lat' dir='ltr'><strong>suae</strong></span> <span class='ocrx_word' id='word_1_643' title='bbox 1659 5054 1898 5094; x_wconf 91' lang='lat' dir='ltr'><strong>causam</strong></span> <span class='ocrx_word' id='word_1_644' title='bbox 1926 5039 2066 5094; x_wconf 88' lang='lat' dir='ltr'><strong>dicit</strong></span> <span class='ocrx_word' id='word_1_645' title='bbox 2098 5056 2113 5096; x_wconf 90' lang='lat'><strong>:</strong></span> 
     </span>
    </p>
   </div>
   <div class='ocr_carea' id='block_1_89' title="bbox 471 5126 2114 5200">
    <p class='ocr_par' dir='ltr' id='par_1_89' title="bbox 471 5126 2114 5200">
     <span class='ocr_line' id='line_1_89' title="bbox 471 5126 2114 5200; baseline 0.001 -16"><span class='ocrx_word' id='word_1_646' title='bbox 471 5142 718 5198; x_wconf 89' lang='lat' dir='ltr'><strong>eamque</strong></span> <span class='ocrx_word' id='word_1_647' title='bbox 739 5132 804 5184; x_wconf 92' lang='lat' dir='ltr'><strong>ut</strong></span> <span class='ocrx_word' id='word_1_648' title='bbox 834 5127 1192 5200; x_wconf 89' lang='lat' dir='ltr'><strong>probabilem</strong></span> <span class='ocrx_word' id='word_1_649' title='bbox 1225 5126 1458 5198; x_wconf 89' lang='lat' dir='ltr'><strong>Deoque</strong></span> <span class='ocrx_word' id='word_1_650' title='bbox 1495 5132 1722 5200; x_wconf 86' lang='lat' dir='ltr'><strong>gratam</strong></span> <span class='ocrx_word' id='word_1_651' title='bbox 1760 5143 2114 5186; x_wconf 87' lang='lat' dir='ltr'><strong>commemo-</strong></span> 
     </span>
    </p>
   </div>
   <div class='ocr_carea' id='block_1_90' title="bbox 2309 3967 3886 4045">
    <p class='ocr_par' dir='ltr' id='par_1_90' title="bbox 2309 3967 3886 4045">
     <span class='ocr_line' id='line_1_90' title="bbox 2309 3967 3886 4045; baseline -0.001 -21"><span class='ocrx_word' id='word_1_652' title='bbox 2309 3973 2427 4024; x_wconf 85' lang='lat' dir='ltr'><strong>OZ‘.</strong></span> <span class='ocrx_word' id='word_1_653' title='bbox 2460 3967 2602 4030; x_wconf 89' lang='grc' dir='ltr'>Τέως</span> <span class='ocrx_word' id='word_1_654' title='bbox 2649 3987 2711 4041; x_wconf 90' lang='grc' dir='ltr'><strong>γε</strong></span> <span class='ocrx_word' id='word_1_655' title='bbox 2747 3969 2853 4041; x_wconf 75' lang='grc' dir='ltr'>μὴν</span> <span class='ocrx_word' id='word_1_656' title='bbox 2903 3968 3095 4042; x_wconf 82' lang='grc' dir='ltr'>μικρὸν</span> <span class='ocrx_word' id='word_1_657' title='bbox 3128 3967 3330 4023; x_wconf 82' lang='grc' dir='ltr'>ἐνταῦθ’</span> <span class='ocrx_word' id='word_1_658' title='bbox 3362 3967 3631 4045; x_wconf 84' lang='grc' dir='ltr'>ἐπισχὼν,</span> <span class='ocrx_word' id='word_1_659' title='bbox 3665 3971 3886 4044; x_wconf 83' lang='grc' dir='ltr'>ἀναχω-</span> 
     </span>
    </p>
   </div>
   <div class='ocr_carea' id='block_1_91' title="bbox 2242 4056 3888 4137">
    <p class='ocr_par' dir='ltr' id='par_1_91' title="bbox 2242 4056 3888 4137">
     <span class='ocr_line' id='line_1_91' title="bbox 2242 4056 3888 4137; baseline 0.001 -26"><span class='ocrx_word' id='word_1_660' title='bbox 2242 4062 2322 4131; x_wconf 85' lang='grc' dir='ltr'><strong>ρεῖ</strong></span> <span class='ocrx_word' id='word_1_661' title='bbox 2356 4059 2447 4129; x_wconf 73' lang='grc' dir='ltr'>μὶν</span> <span class='ocrx_word' id='word_1_662' title='bbox 2500 4056 2576 4120; x_wconf 82' lang='grc' dir='ltr'>εἷς</span> <span class='ocrx_word' id='word_1_663' title='bbox 2625 4057 2852 4124; x_wconf 86' lang='grc' dir='ltr'>Πόντον,</span> <span class='ocrx_word' id='word_1_664' title='bbox 2884 4056 2974 4111; x_wconf 85' lang='grc' dir='ltr'>καὶ</span> <span class='ocrx_word' id='word_1_665' title='bbox 3017 4058 3117 4126; x_wconf 79' lang='grc' dir='ltr'>τὴν</span> <span class='ocrx_word' id='word_1_666' title='bbox 3165 4059 3368 4128; x_wconf 74' lang='grc' dir='ltr'>συνήθη</span> <span class='ocrx_word' id='word_1_667' title='bbox 3414 4058 3504 4113; x_wconf 80' lang='grc' dir='ltr'><strong>καὶ</strong></span> <span class='ocrx_word' id='word_1_668' title='bbox 3544 4059 3714 4137; x_wconf 70' lang='grc' dir='ltr'>φίλην</span> <span class='ocrx_word' id='word_1_669' title='bbox 3744 4059 3888 4130; x_wconf 87' lang='grc' dir='ltr'>αὐτῷ</span> 
     </span>
    </p>
   </div>
   <div class='ocr_carea' id='block_1_92' title="bbox 2236 4144 3886 4220">
    <p class='ocr_par' dir='ltr' id='par_1_92' title="bbox 2236 4144 3886 4220">
     <span class='ocr_line' id='line_1_92' title="bbox 2236 4144 3886 4220; baseline 0.001 -21"><span class='ocrx_word' id='word_1_670' title='bbox 2236 4147 2494 4220; x_wconf 78' lang='grc' dir='ltr'>ἡσυχίαν,</span> <span class='ocrx_word' id='word_1_671' title='bbox 2536 4145 2659 4199; x_wconf 80' lang='grc' dir='ltr'>ὅσον</span> <span class='ocrx_word' id='word_1_672' title='bbox 2706 4167 2765 4200; x_wconf 90' lang='grc' dir='ltr'><strong>τε</strong></span> <span class='ocrx_word' id='word_1_673' title='bbox 2813 4146 3000 4199; x_wconf 76' lang='grc' dir='ltr'>ἑαυτὸν</span> <span class='ocrx_word' id='word_1_674' title='bbox 3049 4144 3431 4219; x_wconf 77' lang='grc' dir='ltr'>ἐπισκέψασθαι</span> <span class='ocrx_word' id='word_1_675' title='bbox 3481 4148 3569 4200; x_wconf 82' lang='grc' dir='ltr'><strong>καὶ</strong></span> <span class='ocrx_word' id='word_1_676' title='bbox 3617 4149 3750 4208; x_wconf 82' lang='grc' dir='ltr'>τοὺς</span> <span class='ocrx_word' id='word_1_677' title='bbox 3787 4145 3886 4201; x_wconf 80' lang='grc' dir='ltr'><strong>ἆλ-</strong></span> 
     </span>
    </p>
   </div>
   <div class='ocr_carea' id='block_1_93' title="bbox 2235 4232 3882 4312">
    <p class='ocr_par' dir='ltr' id='par_1_93' title="bbox 2235 4232 3882 4312">
     <span class='ocr_line' id='line_1_93' title="bbox 2235 4232 3882 4312; baseline 0.001 -24"><span class='ocrx_word' id='word_1_678' title='bbox 2235 4234 2366 4297; x_wconf 88' lang='grc' dir='ltr'>λους</span> <span class='ocrx_word' id='word_1_679' title='bbox 2421 4232 2725 4302; x_wconf 86' lang='grc' dir='ltr'>παιδεῦσαι,</span> <span class='ocrx_word' id='word_1_680' title='bbox 2762 4235 2839 4307; x_wconf 84' lang='grc' dir='ltr'><strong>μή</strong></span> <span class='ocrx_word' id='word_1_681' title='bbox 2889 4239 3007 4296; x_wconf 85' lang='grc' dir='ltr'>τοῖς</span> <span class='ocrx_word' id='word_1_682' title='bbox 3057 4233 3332 4310; x_wconf 89' lang='grc' dir='ltr'>μεγίστοις</span> <span class='ocrx_word' id='word_1_683' title='bbox 3375 4235 3527 4298; x_wconf 86' lang='grc' dir='ltr'>εὐθὺς</span> <span class='ocrx_word' id='word_1_684' title='bbox 3565 4239 3843 4312; x_wconf 75' lang='grc' dir='ltr'>ἒγχειρεῖν</span> <span class='ocrx_word' id='word_1_685' title='bbox 3869 4255 3882 4268; x_wconf 92' lang='grc'><strong>·</strong></span> 
     </span>
    </p>
   </div>
   <div class='ocr_carea' id='block_1_94' title="bbox 2233 4320 3886 4400">
    <p class='ocr_par' dir='ltr' id='par_1_94' title="bbox 2233 4320 3886 4400">
     <span class='ocr_line' id='line_1_94' title="bbox 2233 4320 3886 4400; baseline -0.001 -22"><span class='ocrx_word' id='word_1_686' title='bbox 2233 4321 2465 4378; x_wconf 86' lang='grc' dir='ltr'>ἐπανεισι</span> <span class='ocrx_word' id='word_1_687' title='bbox 2500 4320 2557 4377; x_wconf 75' lang='grc' dir='ltr'>δὲ</span> <span class='ocrx_word' id='word_1_688' title='bbox 2579 4322 2732 4383; x_wconf 74' lang='grc' dir='ltr'>αὖθις</span> <span class='ocrx_word' id='word_1_689' title='bbox 2765 4321 2846 4377; x_wconf 81' lang='grc' dir='ltr'><strong>ὅτι</strong></span> <span class='ocrx_word' id='word_1_690' title='bbox 2878 4322 3094 4397; x_wconf 75' lang='grc' dir='ltr'>τάχιστ’</span> <span class='ocrx_word' id='word_1_691' title='bbox 3140 4324 3327 4385; x_wconf 85' lang='grc' dir='ltr'>αὐτοῖς</span> <span class='ocrx_word' id='word_1_692' title='bbox 3375 4325 3512 4380; x_wconf 80' lang='grc' dir='ltr'>κατᾶ</span> <span class='ocrx_word' id='word_1_693' title='bbox 3555 4327 3655 4393; x_wconf 76' lang='grc' dir='ltr'>τὴν</span> <span class='ocrx_word' id='word_1_694' title='bbox 3697 4325 3886 4400; x_wconf 85' lang='grc' dir='ltr'>κυρίαν</span> 
     </span>
    </p>
   </div>
   <div class='ocr_carea' id='block_1_95' title="bbox 2231 4408 3886 4490">
    <p class='ocr_par' dir='ltr' id='par_1_95' title="bbox 2231 4408 3886 4490">
     <span class='ocr_line' id='line_1_95' title="bbox 2231 4408 3886 4490; baseline 0.001 -23"><span class='ocrx_word' id='word_1_695' title='bbox 2231 4417 2338 4468; x_wconf 80' lang='grc' dir='ltr'><strong>τῶν</strong></span> <span class='ocrx_word' id='word_1_696' title='bbox 2397 4415 2642 4486; x_wconf 78' lang='grc' dir='ltr'>ἡμερῶν,</span> <span class='ocrx_word' id='word_1_697' title='bbox 2692 4413 2781 4466; x_wconf 79' lang='grc' dir='ltr'><strong>καὶ</strong></span> <span class='ocrx_word' id='word_1_698' title='bbox 2834 4408 3056 4466; x_wconf 83' lang='grc' dir='ltr'>δίδωσιν</span> <span class='ocrx_word' id='word_1_699' title='bbox 3109 4412 3295 4467; x_wconf 75' lang='grc' dir='ltr'>ἑαυτὸν</span> <span class='ocrx_word' id='word_1_700' title='bbox 3341 4417 3420 4484; x_wconf 81' lang='grc' dir='ltr'>τῷ</span> <span class='ocrx_word' id='word_1_701' title='bbox 3465 4435 3522 4468; x_wconf 88' lang='grc' dir='ltr'><strong>τε</strong></span> <span class='ocrx_word' id='word_1_702' title='bbox 3578 4415 3750 4490; x_wconf 81' lang='grc' dir='ltr'>πατρὶ</span> <span class='ocrx_word' id='word_1_703' title='bbox 3797 4415 3886 4469; x_wconf 83' lang='grc' dir='ltr'><strong>καὶ</strong></span> 
     </span>
    </p>
   </div>
   <div class='ocr_carea' id='block_1_96' title="bbox 2229 4500 3885 4580">
    <p class='ocr_par' dir='ltr' id='par_1_96' title="bbox 2229 4500 3885 4580">
     <span class='ocr_line' id='line_1_96' title="bbox 2229 4500 3885 4580; baseline 0.001 -24"><span class='ocrx_word' id='word_1_704' title='bbox 2229 4505 2296 4576; x_wconf 79' lang='grc' dir='ltr'><strong>τῇ</strong></span> <span class='ocrx_word' id='word_1_705' title='bbox 2327 4501 2486 4558; x_wconf 88' lang='grc' dir='ltr'>πόλει</span> <span class='ocrx_word' id='word_1_706' title='bbox 2523 4523 2535 4534; x_wconf 76' lang='grc' dir='ltr'><strong><em>ο</em></strong></span> <span class='ocrx_word' id='word_1_707' title='bbox 2569 4500 2638 4575; x_wconf 69' lang='grc' dir='ltr'>τῇ</span> <span class='ocrx_word' id='word_1_708' title='bbox 2690 4502 2810 4574; x_wconf 74' lang='grc' dir='ltr'>μὲν,</span> <span class='ocrx_word' id='word_1_709' title='bbox 2842 4501 3123 4580; x_wconf 74' lang='grc' dir='ltr'>φάρμακον</span> <span class='ocrx_word' id='word_1_710' title='bbox 3175 4501 3448 4577; x_wconf 89' lang='grc' dir='ltr'>σωτηρίας</span> <span class='ocrx_word' id='word_1_711' title='bbox 3481 4501 3569 4558; x_wconf 76' lang='grc' dir='ltr'><strong>διὰ</strong></span> <span class='ocrx_word' id='word_1_712' title='bbox 3613 4509 3729 4559; x_wconf 82' lang='grc' dir='ltr'><strong>τῶν</strong></span> <span class='ocrx_word' id='word_1_713' title='bbox 3791 4505 3885 4559; x_wconf 82' lang='grc' dir='ltr'>λό·</span> 
     </span>
    </p>
   </div>
   <div class='ocr_carea' id='block_1_97' title="bbox 2229 4589 3888 4667">
    <p class='ocr_par' dir='ltr' id='par_1_97' title="bbox 2229 4589 3888 4667">
     <span class='ocr_line' id='line_1_97' title="bbox 2229 4589 3888 4667; baseline 0.001 -21"><span class='ocrx_word' id='word_1_714' title='bbox 2229 4613 2340 4667; x_wconf 93' lang='grc' dir='ltr'><strong>γων</strong></span> <span class='ocrx_word' id='word_1_715' title='bbox 2375 4611 2390 4626; x_wconf 79' lang='grc' dir='ltr'><strong>ο</strong></span> <span class='ocrx_word' id='word_1_716' title='bbox 2444 4595 2525 4663; x_wconf 81' lang='grc' dir='ltr'>τῷ</span> <span class='ocrx_word' id='word_1_717' title='bbox 2583 4589 2660 4661; x_wconf 75' lang='grc' dir='ltr'>δὲ,</span> <span class='ocrx_word' id='word_1_718' title='bbox 2709 4593 2894 4664; x_wconf 75' lang='grc' dir='ltr'>γήρως</span> <span class='ocrx_word' id='word_1_719' title='bbox 2953 4591 3322 4665; x_wconf 86' lang='grc' dir='ltr'>παραμυθίαν,</span> <span class='ocrx_word' id='word_1_720' title='bbox 3369 4591 3461 4646; x_wconf 82' lang='grc' dir='ltr'><strong>καὶ</strong></span> <span class='ocrx_word' id='word_1_721' title='bbox 3516 4596 3622 4647; x_wconf 84' lang='grc' dir='ltr'><strong>τῶν</strong></span> <span class='ocrx_word' id='word_1_722' title='bbox 3685 4593 3888 4648; x_wconf 80' lang='grc' dir='ltr'>ἐκεῖθεν</span> 
     </span>
    </p>
   </div>
   <div class='ocr_carea' id='block_1_98' title="bbox 2231 4679 3885 4760">
    <p class='ocr_par' dir='ltr' id='par_1_98' title="bbox 2231 4679 3885 4760">
     <span class='ocr_line' id='line_1_98' title="bbox 2231 4679 3885 4760; baseline 0.001 -24"><span class='ocrx_word' id='word_1_723' title='bbox 2231 4679 2438 4752; x_wconf 80' lang='grc' dir='ltr'>δεινῶν,</span> <span class='ocrx_word' id='word_1_724' title='bbox 2472 4683 2779 4755; x_wconf 89' lang='grc' dir='ltr'>θαυμαστόν</span> <span class='ocrx_word' id='word_1_725' title='bbox 2807 4702 2928 4736; x_wconf 90' lang='grc' dir='ltr'>τινα</span> <span class='ocrx_word' id='word_1_726' title='bbox 2965 4682 3053 4736; x_wconf 84' lang='grc' dir='ltr'>καὶ</span> <span class='ocrx_word' id='word_1_727' title='bbox 3105 4680 3358 4756; x_wconf 85' lang='grc' dir='ltr'>μέγιστον</span> <span class='ocrx_word' id='word_1_728' title='bbox 3405 4683 3712 4760; x_wconf 75' lang='grc' dir='ltr'>κουφισμόν</span> <span class='ocrx_word' id='word_1_729' title='bbox 3747 4704 3760 4719; x_wconf 79' lang='grc' dir='ltr'><strong>ο</strong></span> <span class='ocrx_word' id='word_1_730' title='bbox 3795 4702 3885 4753; x_wconf 69' lang='grc' dir='ltr'><strong>καὶ</strong></span> 
     </span>
    </p>
   </div>
   <div class='ocr_carea' id='block_1_99' title="bbox 2227 4768 3887 4846">
    <p class='ocr_par' dir='ltr' id='par_1_99' title="bbox 2227 4768 3887 4846">
     <span class='ocr_line' id='line_1_99' title="bbox 2227 4768 3887 4846; baseline 0.002 -20"><span class='ocrx_word' id='word_1_731' title='bbox 2227 4770 2422 4846; x_wconf 89' lang='grc' dir='ltr'>λόγοις</span> <span class='ocrx_word' id='word_1_732' title='bbox 2483 4768 2859 4845; x_wconf 79' lang='grc' dir='ltr'>αὐτοσχεδίοις</span> <span class='ocrx_word' id='word_1_733' title='bbox 2915 4773 3198 4843; x_wconf 80' lang='grc' dir='ltr'>κοσμήσας</span> <span class='ocrx_word' id='word_1_734' title='bbox 3252 4772 3352 4840; x_wconf 77' lang='grc' dir='ltr'>τήν</span> <span class='ocrx_word' id='word_1_735' title='bbox 3407 4772 3623 4846; x_wconf 69' lang='grc' dir='ltr'>ἑορτήν,</span> <span class='ocrx_word' id='word_1_736' title='bbox 3671 4775 3768 4828; x_wconf 78' lang='grc' dir='ltr'><strong>καὶ</strong></span> <span class='ocrx_word' id='word_1_737' title='bbox 3820 4772 3887 4829; x_wconf 75' lang='grc' dir='ltr'><strong>τὰ</strong></span> 
     </span>
    </p>
   </div>
   <div class='ocr_carea' id='block_1_100' title="bbox 2228 4859 3886 4940">
    <p class='ocr_par' dir='ltr' id='par_1_100' title="bbox 2228 4859 3886 4940">
     <span class='ocr_line' id='line_1_100' title="bbox 2228 4859 3886 4940; baseline 0.001 -26"><span class='ocrx_word' id='word_1_738' title='bbox 2228 4859 2410 4916; x_wconf 77' lang='grc' dir='ltr'>εἰκότα</span> <span class='ocrx_word' id='word_1_739' title='bbox 2451 4859 2842 4936; x_wconf 84' lang='grc' dir='ltr'>πανηγυρίσας,</span> <span class='ocrx_word' id='word_1_740' title='bbox 2894 4859 3247 4934; x_wconf 80' lang='grc' dir='ltr'>ἀπολογεῖται</span> <span class='ocrx_word' id='word_1_741' title='bbox 3311 4861 3404 4933; x_wconf 80' lang='grc' dir='ltr'>μὶν</span> <span class='ocrx_word' id='word_1_742' title='bbox 3456 4861 3586 4937; x_wconf 79' lang='grc' dir='ltr'>ὑπὲρ</span> <span class='ocrx_word' id='word_1_743' title='bbox 3633 4869 3742 4933; x_wconf 80' lang='grc' dir='ltr'><strong>τῆς</strong></span> <span class='ocrx_word' id='word_1_744' title='bbox 3783 4885 3886 4940; x_wconf 74' lang='grc' dir='ltr'>φυ-</span> 
     </span>
    </p>
   </div>
   <div class='ocr_carea' id='block_1_101' title="bbox 2225 4948 3879 5026">
    <p class='ocr_par' dir='ltr' id='par_1_101' title="bbox 2225 4948 3879 5026">
     <span class='ocr_line' id='line_1_101' title="bbox 2225 4948 3879 5026; baseline 0.001 -23"><span class='ocrx_word' id='word_1_745' title='bbox 2225 4957 2345 5026; x_wconf 78' lang='grc' dir='ltr'>γῆς,</span> <span class='ocrx_word' id='word_1_746' title='bbox 2400 4950 2490 5005; x_wconf 85' lang='grc' dir='ltr'><strong>καὶ</strong></span> <span class='ocrx_word' id='word_1_747' title='bbox 2549 4951 2624 5013; x_wconf 84' lang='grc' dir='ltr'>ὡς</span> <span class='ocrx_word' id='word_1_748' title='bbox 2691 4948 2919 5026; x_wconf 83' lang='grc' dir='ltr'>εὐλόγου</span> <span class='ocrx_word' id='word_1_749' title='bbox 2989 4949 3079 5003; x_wconf 79' lang='grc' dir='ltr'><strong>καὶ</strong></span> <span class='ocrx_word' id='word_1_750' title='bbox 3141 4949 3431 5026; x_wconf 74' lang='grc' dir='ltr'>θεοφιλοῦς</span> <span class='ocrx_word' id='word_1_751' title='bbox 3492 4951 3879 5024; x_wconf 80' lang='grc' dir='ltr'>μνημονεύειο</span> 
     </span>
    </p>
   </div>
   <div class='ocr_carea' id='block_1_102' title="bbox 2228 5036 3883 5117">
    <p class='ocr_par' dir='ltr' id='par_1_102' title="bbox 2228 5036 3883 5117">
     <span class='ocr_line' id='line_1_102' title="bbox 2228 5036 3883 5117; baseline 0.001 -24"><span class='ocrx_word' id='word_1_752' title='bbox 2228 5037 2461 5094; x_wconf 88' lang='grc' dir='ltr'>δείκνυσι</span> <span class='ocrx_word' id='word_1_753' title='bbox 2495 5036 2552 5094; x_wconf 69' lang='grc' dir='ltr'>δὲ</span> <span class='ocrx_word' id='word_1_754' title='bbox 2599 5039 2687 5093; x_wconf 88' lang='grc' dir='ltr'><strong>καὶ</strong></span> <span class='ocrx_word' id='word_1_755' title='bbox 2728 5039 2826 5108; x_wconf 77' lang='grc' dir='ltr'><strong>τήν</strong></span> <span class='ocrx_word' id='word_1_756' title='bbox 2868 5037 2943 5100; x_wconf 87' lang='grc' dir='ltr'><strong>είς</strong></span> <span class='ocrx_word' id='word_1_757' title='bbox 2988 5036 3184 5101; x_wconf 80' lang='grc' dir='ltr'>αὐτοὺς</span> <span class='ocrx_word' id='word_1_758' title='bbox 3223 5041 3320 5092; x_wconf 89' lang='grc' dir='ltr'><strong>τοῦ</strong></span> <span class='ocrx_word' id='word_1_759' title='bbox 3376 5040 3579 5113; x_wconf 86' lang='grc' dir='ltr'>πατρὸς</span> <span class='ocrx_word' id='word_1_760' title='bbox 3633 5040 3883 5117; x_wconf 86' lang='grc' dir='ltr'>μεγαλο-</span> 
     </span>
    </p>
   </div>
   <div class='ocr_carea' id='block_1_103' title="bbox 2226 5125 3556 5202">
    <p class='ocr_par' dir='ltr' id='par_1_103' title="bbox 2226 5125 3556 5202">
     <span class='ocr_line' id='line_1_103' title="bbox 2226 5125 3556 5202; baseline 0.002 -20"><span class='ocrx_word' id='word_1_761' title='bbox 2226 5127 2452 5202; x_wconf 82' lang='grc' dir='ltr'>ψυχίαν,</span> <span class='ocrx_word' id='word_1_762' title='bbox 2483 5129 2796 5199; x_wconf 83' lang='grc' dir='ltr'>θαυμαστήν</span> <span class='ocrx_word' id='word_1_763' title='bbox 2829 5147 2950 5181; x_wconf 88' lang='grc' dir='ltr'>τινα</span> <span class='ocrx_word' id='word_1_764' title='bbox 2977 5125 3066 5182; x_wconf 82' lang='grc' dir='ltr'><strong>καὶ</strong></span> <span class='ocrx_word' id='word_1_765' title='bbox 3096 5125 3355 5182; x_wconf 88' lang='grc' dir='ltr'>πλείστου</span> <span class='ocrx_word' id='word_1_766' title='bbox 3387 5127 3556 5198; x_wconf 78' lang='grc' dir='ltr'>ἀξίαν.</span> 
     </span>
    </p>
   </div>
   <div class='ocr_carea' id='block_1_104' title="bbox 472 5215 3878 5292">
    <p class='ocr_par' dir='ltr' id='par_1_104' title="bbox 472 5215 3878 5292">
     <span class='ocr_line' id='line_1_104' title="bbox 472 5215 3878 5292; baseline 0.003 -22"><span class='ocrx_word' id='word_1_767' title='bbox 472 5221 582 5283; x_wconf 89' lang='lat' dir='ltr'><strong>rat,</strong></span> <span class='ocrx_word' id='word_1_768' title='bbox 636 5223 762 5273; x_wconf 91' lang='lat' dir='ltr'><strong>tum</strong></span> <span class='ocrx_word' id='word_1_769' title='bbox 817 5224 875 5274; x_wconf 89' lang='lat' dir='ltr'><strong>et</strong></span> <span class='ocrx_word' id='word_1_770' title='bbox 927 5218 1108 5292; x_wconf 89' lang='lat' dir='ltr'><strong>patris</strong></span> <span class='ocrx_word' id='word_1_771' title='bbox 1177 5215 1266 5274; x_wconf 89' lang='lat' dir='ltr'><strong>sui</strong></span> <span class='ocrx_word' id='word_1_772' title='bbox 1323 5216 1385 5274; x_wconf 87' lang='lat' dir='ltr'><strong>in</strong></span> <span class='ocrx_word' id='word_1_773' title='bbox 1464 5217 1615 5275; x_wconf 85' lang='lat' dir='ltr'><strong>cives</strong></span> <span class='ocrx_word' id='word_1_774' title='bbox 1691 5217 2027 5275; x_wconf 87' lang='lat' dir='ltr'><strong>credibilem</strong></span> <span class='ocrx_word' id='word_1_775' title='bbox 2097 5220 2465 5291; x_wconf 88' lang='lat' dir='ltr'><strong>maximoque</strong></span> <span class='ocrx_word' id='word_1_776' title='bbox 2521 5217 2853 5276; x_wconf 88' lang='lat' dir='ltr'><strong>habendam</strong></span> <span class='ocrx_word' id='word_1_777' title='bbox 2910 5219 2972 5274; x_wconf 93' lang='lat' dir='ltr'><strong>in</strong></span> <span class='ocrx_word' id='word_1_778' title='bbox 3055 5219 3238 5291; x_wconf 88' lang='lat' dir='ltr'><strong>pretio</strong></span> <span class='ocrx_word' id='word_1_779' title='bbox 3323 5221 3878 5292; x_wconf 86' lang='lat' dir='ltr'><strong>magnanimitatem</strong></span> 
     </span>
    </p>
   </div>
   <div class='ocr_carea' id='block_1_105' title="bbox 475 5308 860 5365">
    <p class='ocr_par' dir='ltr' id='par_1_105' title="bbox 475 5308 860 5365">
     <span class='ocr_line' id='line_1_105' title="bbox 475 5308 860 5365; baseline 0.003 -3"><span class='ocrx_word' id='word_1_780' title='bbox 475 5308 860 5365; x_wconf 88' lang='lat' dir='ltr'><strong>commendat.</strong></span> 
     </span>
    </p>
   </div>
   <div class='ocr_carea' id='block_1_106' title="bbox 542 5536 2142 5612">
    <p class='ocr_par' dir='ltr' id='par_1_106' title="bbox 542 5536 2122 5609">
     <span class='ocr_line' id='line_1_106' title="bbox 542 5536 2122 5609; baseline 0.001 -15"><span class='ocrx_word' id='word_1_781' title='bbox 542 5537 589 5574; x_wconf 77' lang='lat'><strong><em>”</em></strong></span> <span class='ocrx_word' id='word_1_782' title='bbox 616 5536 786 5594; x_wconf 85' lang='lat' dir='ltr'><strong>Joan.</strong></span> <span class='ocrx_word' id='word_1_783' title='bbox 820 5553 860 5603; x_wconf 81' lang='grc' dir='ltr'><strong>ι,</strong></span> <span class='ocrx_word' id='word_1_784' title='bbox 898 5537 988 5594; x_wconf 85' lang='lat'><strong>29.</strong></span> <span class='ocrx_word' id='word_1_785' title='bbox 1066 5539 1113 5574; x_wconf 80' lang='grc'><strong>⁸⁰</strong></span> <span class='ocrx_word' id='word_1_786' title='bbox 1143 5539 1314 5596; x_wconf 83' lang='lat' dir='ltr'><strong>Hebr.</strong></span> <span class='ocrx_word' id='word_1_787' title='bbox 1347 5557 1472 5607; x_wconf 84' lang='lat' dir='ltr'><strong>xm,</strong></span> <span class='ocrx_word' id='word_1_788' title='bbox 1509 5540 1594 5596; x_wconf 87' lang='grc'><strong>15.</strong></span> <span class='ocrx_word' id='word_1_789' title='bbox 1672 5539 1717 5575; x_wconf 83' lang='grc'><strong>³¹</strong></span> <span class='ocrx_word' id='word_1_790' title='bbox 1745 5539 1912 5596; x_wconf 81' lang='lat' dir='ltr'><strong>Rom.</strong></span> <span class='ocrx_word' id='word_1_791' title='bbox 1942 5555 2045 5609; x_wconf 83' lang='lat' dir='ltr'><strong>xu,</strong></span> <span class='ocrx_word' id='word_1_792' title='bbox 2072 5541 2122 5597; x_wconf 93' lang='grc'><strong>1.</strong></span> 
     </span>
    </p>
   </div>
   <div class='ocr_carea' id='block_1_107' title="bbox 2257 5536 3132 5612">
    <p class='ocr_par' dir='ltr' id='par_1_107' title="bbox 2275 5537 3132 5612">
     <span class='ocr_line' id='line_1_107' title="bbox 2275 5537 3132 5612; baseline 0.002 -16"><span class='ocrx_word' id='word_1_793' title='bbox 2275 5537 2448 5596; x_wconf 80' lang='lat' dir='ltr'><strong>Exod.</strong></span> <span class='ocrx_word' id='word_1_794' title='bbox 2479 5554 2572 5610; x_wconf 89' lang='lat' dir='ltr'><strong>xx,</strong></span> <span class='ocrx_word' id='word_1_795' title='bbox 2606 5540 2673 5596; x_wconf 80' lang='grc'>12</span> <span class='ocrx_word' id='word_1_796' title='bbox 2698 5557 2713 5612; x_wconf 87' lang='grc'><strong>;</strong></span> <span class='ocrx_word' id='word_1_797' title='bbox 2739 5539 2952 5612; x_wconf 88' lang='lat' dir='ltr'><strong>Ephes.</strong></span> <span class='ocrx_word' id='word_1_798' title='bbox 2977 5556 3054 5612; x_wconf 77' lang='lat' dir='ltr'><strong>vi,</strong></span> <span class='ocrx_word' id='word_1_799' title='bbox 3077 5542 3132 5599; x_wconf 90' lang='lat'><strong>2.</strong></span> 
     </span>
    </p>
   </div>
   <div class='ocr_carea' id='block_1_108' title="bbox 536 5736 1146 5813">
    <p class='ocr_par' dir='ltr' id='par_1_108' title="bbox 536 5736 1146 5813">
     <span class='ocr_line' id='line_1_108' title="bbox 536 5736 1146 5813; baseline 0 -19"><span class='ocrx_word' id='word_1_800' title='bbox 536 5738 618 5813; x_wconf 84' lang='grc'>(1)</span> <span class='ocrx_word' id='word_1_801' title='bbox 642 5737 806 5794; x_wconf 79' lang='lat' dir='ltr'><strong>Iliad.</strong></span> <span class='ocrx_word' id='word_1_802' title='bbox 840 5736 990 5805; x_wconf 83' lang='grc' dir='ltr'>νιιῐ,</span> <span class='ocrx_word' id='word_1_803' title='bbox 1021 5737 1146 5794; x_wconf 84' lang='lat'><strong>250.</strong></span> 
     </span>
    </p>
   </div>
  </div>
