4092 6300
234 459 345 520 293

1250 459 1648 522 LAUDATIO
1693 463 1761 524 S.
1809 463 2181 526 GREGORII
2229 465 2644 529 THEOLOGI.

3527 466 3644 528 294

302 593 434 646 ΟΗ’.
489 587 782 645 Βασιλείου
833 585 890 643 δὶ
935 593 1033 644 τοῦ
1088 588 1224 644 πάνυ
1271 597 1374 661 τῆς
1421 597 1528 647 τῶν
1581 595 1922 670 Καισαρέων

2079 598 2360 655 LXXVIII.
2419 601 2628 670 Magno
2704 604 2899 656 autem
2985 599 3198 657 Bailio
3269 601 3648 658 Caesariensis

239 677 571 749 Ἐκκλησίας
619 675 1054 750 έπειλημμένου,
1088 675 1372 752 συμϐαίνει
1421 680 1510 734 καὶ
1541 685 1749 736 τουτονὶ
1801 685 1890 738 τὸν

245 769 431 845 μέγαν,
475 769 747 842 πάρεργον
794 768 871 828 ὡς
920 765 980 822 ἂν
1027 766 1170 823 εἴποι
1217 789 1299 832 τις
1349 775 1448 839 τῆς
1501 768 1706 826 ἐκείνου
1753 771 1892 847 γενέ-

243 862 359 914 σθαι
393 858 585 934 χειρός
627 879 685 912 τε
713 858 804 912 καὶ
854 859 1105 932 γνώμης,
1139 858 1228 912 καὶ
1282 854 1697 932 προϐεϐλῆσθαι
1733 863 1892 916 Σασί-

247 971 366 1021 μων
396 949 592 1024 τρόπῳ
638 945 838 1021 τοιῷδε
869 969 880 979 ·
921 951 1020 1012 τῆς
1067 949 1168 1023 γὰρ
1221 946 1608 1011 Καππαδοκίας
1659 951 1895 1020 ἀπάσης,

252 1043 378 1110 μιᾶς
440 1037 538 1109 μέν
598 1035 764 1106 οὔσης
820 1035 1115 1111 ἡγενομίας
1170 1038 1492 1111 τοπρόσθεν,
1542 1037 1628 1092 καὶ
1683 1039 1771 1114 ὑφ’
1821 1039 1898 1093 ἑνὶ

252 1127 493 1200 μάλιστα
539 1126 947 1201 γνωριζομένης
976 1147 1033 1179 τε
1076 1128 1161 1180 καὶ
1215 1126 1612 1199 καθισταμένης
1657 1130 1898 1200 ποιμένι,

252 1217 326 1278 εἷς
361 1216 460 1272 δύο
493 1215 548 1271 δὲ
579 1217 782 1288 τῳτότε
813 1215 874 1269 ού
909 1215 1072 1289 μόνον
1123 1217 1425 1290 ἡγεμονίας
1455 1217 1622 1273 ἀλλαί
1666 1219 1754 1272 καὶ
1791 1240 1902 1292 μη-

250 1306 547 1382 τροπόλεις
609 1305 990 1380 διαιρεθείσης,
1042 1308 1140 1376 τήν
1197 1327 1253 1361 τε
1311 1309 1635 1381 Καισάρειαν
1691 1308 1779 1361 καὶ
1837 1309 1902 1362 τὰ

253 1397 448 1464 Τύανα,
483 1396 726 1470 γίγνεταί
777 1418 828 1450 τι
866 1399 1137 1468 τοιοῦτον,
1184 1397 1212 1450 ὃ
1263 1397 1350 1450 καὶ
1405 1395 1573 1470 μηδὲν
1622 1398 1764 1471 ὑγιὲς
1814 1398 1902 1452 καὶ

253 1488 317 1541 αὖ
380 1487 633 1562 θεοφιλὲς
691 1480 859 1558 ἔξεστι
915 1492 1227 1560 προσειπεῖν
1265 1507 1277 1518 '
1333 1488 1394 1541 τὸ
1456 1489 1574 1559 μὲν,
1625 1489 1714 1548 οἷς
1767 1489 1900 1541 θαυ-

253 1578 467 1650 μασθοῦ
498 1575 770 1650 τετύχηκε
809 1576 1000 1637 τέλους
1029 1597 1041 1608 ⁸
1091 1577 1153 1630 τὸ
1195 1575 1271 1645 δὲ,
1303 1577 1377 1638 ὠς
1428 1575 1528 1647 ἔξω
1578 1582 1674 1632 τοῦ
1720 1599 1904 1653 γιγνο-

256 1669 420 1739 μένου
452 1687 543 1720 και
578 1664 876 1738 βουλευθέν
906 1665 1004 1733 τήν
1035 1665 1213 1740 ἀρχὴν
1244 1666 1333 1720 καὶ
1366 1667 1630 1741 πραχθέν.

253 1759 500 1830 quidem
551 1765 706 1813 certe
760 1760 1019 1825 eatenus,
1049 1757 1204 1828 quod
1255 1762 1524 1813 eventum
1576 1761 1881 1814 sortiretur
1932 1755 2275 1830 praeclarum

2003 687 2272 744 Ecclesiae
2331 690 2732 758 pontiﬁcatum
2790 688 3020 762 adepto,
3079 690 3315 763 contigit
3379 690 3648 762 equidem

2006 782 2064 832 et
2095 793 2303 849 magno
2333 783 2533 835 nostro
2586 778 2882 849 Gregorio,
2925 784 2991 833 ut
3048 780 3440 850 perfunctoria
3491 795 3650 849 quae-

2005 867 2136 921 dam
2151 883 2360 922 manus
2381 867 2707 937 mentisque
2718 865 3137 938 Basiliippella,
3153 868 3649 938 quemadmodum

2008 955 2168 1010 haud
2197 955 2444 1011 absurde
2473 957 2709 1022 dixeris,
2734 956 2916 1022 fieret,
2938 957 3419 1029 Sasimorumque
3444 958 3651 1028 praesul

2008 1045 2349 1116 hujusmodi
2381 1047 2631 1116 quadam
2651 1045 2870 1100 ratione
2891 1051 3208 1114 crearetur;
3228 1051 3349 1101 tota
3372 1046 3653 1102 nimirum

2008 1133 2390 1206 Cappadocia,
2406 1150 2532 1205 quae
2551 1151 2666 1189 una
2679 1134 2872 1190 adhuc
2894 1134 3268 1204 provincialis
3290 1135 3654 1206 praefectura,

2010 1227 2325 1294 eademque
2348 1224 2458 1278 sub
2484 1241 2600 1280 uno
2631 1224 2772 1278 item
2796 1225 3166 1294 potissimum
3199 1225 3458 1281 antistite
3481 1241 3658 1282 censa

2013 1329 2078 1366 ac
2118 1313 2437 1368 constituta
2484 1313 2690 1379 fuerat,
2715 1315 2775 1366 in
2815 1313 2963 1368 duas
3003 1318 3131 1367 tum
3170 1314 3421 1383 primum
3444 1315 3656 1385 prafe-

2015 1407 2212 1456 cturas
2243 1402 2476 1473 pariter,
2509 1401 2775 1470 duasque
2817 1404 3166 1473 metropoles
3206 1403 3658 1472 ecclesiasticas,

2019 1490 2327 1546 Csariam
2356 1499 2410 1545 et
2431 1491 2644 1562 Tyana,
2677 1491 2970 1558 distracta,
3003 1491 3161 1546 illius
3193 1493 3348 1547 modi
3379 1493 3658 1561 quiddam

2012 1597 2080 1635 ea
2104 1581 2160 1633 in
2193 1595 2254 1633 re
2286 1579 2458 1634 ﬁebat
2486 1579 2639 1649 quod
2674 1584 2731 1634 et
2754 1579 3429 1650 prorsusinconsultum,
3451 1585 3510 1635 et
3531 1597 3658 1636 rur-

2013 1685 2115 1723 sus
2144 1667 2260 1722 Deo
2291 1672 2618 1738 acceptum,
2639 1667 2791 1723 baud
2817 1668 3108 1725 immerito
3129 1668 3535 1740 appellaveris,
3552 1670 3661 1724 boc

2328 1772 2342 1812 :
2394 1757 2756 1813 malesanum
2819 1762 3014 1813 autem
3086 1759 3234 1825 ideo,
3285 1759 3436 1829 quod
3517 1776 3663 1829 prae-

253 1853 339 1902 ter
372 1847 468 1914 ins
499 1850 556 1901 et
585 1845 674 1901 fas
703 1850 831 1900 tum
864 1850 1208 1916 conceptum
1247 1846 1444 1901 animo
1474 1847 1545 1900 ab
1578 1846 1744 1901 initio
1778 1855 1900 1901 tum
1933 1861 2100 1916 opere
2133 1845 2254 1914 ipso
2286 1849 2587 1916 peractum
2618 1851 2793 1901 esset.

322 1935 446 1990 08'.
491 1937 580 2005 Τῷ
631 1932 727 2005 μὲν
776 1932 880 2007 γὰρ
922 1938 1134 1986 Τυανων
1189 1930 1465 2006 προέδρῳ,
1511 1931 1719 1989 δίκαιον
1767 1935 1907 1988 εἶναι

2088 1933 2325 1989 LXXIX.
2383 1935 2673 2005 Tyanensi
2731 1936 3011 1992 nimirum
3089 1937 3345 2007 pontiﬁci

259 2021 428 2076 ἐδόκει
465 2020 559 2075 καὶ
594 2019 762 2095 λόγον
812 2017 965 2094 ἕχον,
997 2021 1085 2074 καὶ
1136 2021 1201 2074 τὰ
1244 2021 1587 2094 πνευματικά
1631 2027 1748 2083 τοῖς
1798 2020 1907 2093 δη-

266 2111 479 2183 μοσίοις
541 2106 988 2183 συνδιαιρεῖσθαι,
1060 2109 1341 2165 κάντεῦθεν
1419 2108 1562 2166 ἔστιν
1619 2113 1694 2166 ὧν
1771 2112 1910 2166 ἀντι-

267 2201 538 2254 ποιεῖσθαι
596 2197 819 2272 χωρίων
866 2198 941 2260 ὡς
989 2198 1136 2269 αὐτῷ
1162 2219 1223 2274 γε
1273 2202 1441 2275 ταύτῃ
1495 2198 1856 2280 διαφερόντων
1891 2220 1905 2234 ·

273 2288 542 2361 Βασιλείῳ
595 2285 652 2341 δέ
701 2287 882 2342 οὐκέτι
913 2307 924 2319 ·
979 2286 1108 2343 ἀλλ’
1154 2287 1283 2343 εἶναι
1337 2290 1430 2362 μὲν
1485 2292 1604 2344 καθ’
1659 2290 1793 2345 αύτά
1847 2293 1913 2346 τὰ

274 2379 427 2436 Τύανα
494 2379 876 2452 συγχωρῆσαι,
932 2377 1114 2450 ἑτέρου
1173 2375 1229 2432 δὲ
1299 2376 1533 2450 μηδενὸς
1593 2381 1910 2454 τοπαράπαν

279 2467 674 2539 προσάπτεσται
708 2483 720 2495 ·
755 2464 830 2525 ὡς
862 2465 1076 2518 πάντων
1126 2465 1233 2518 τῶν
1267 2464 1453 2520 ἄλλων
1485 2471 1554 2540 τῇ
1605 2468 1910 2543 Καισαρέων

281 2555 571 2624 Ἐκκλησία
605 2552 740 2608 κατά
768 2551 894 2614 τοὺς
927 2550 1122 2608 ἄνωθεν
1156 2553 1357 2626 νόμους
1390 2556 1774 2630 ἀνακειμένων,
1806 2557 1914 2612 αὐ-

288 2645 354 2698 τὸν
381 2643 438 2699 δέ
469 2645 577 2713 τήν
611 2647 719 2696 τῶν
749 2639 1122 2697 Καππαδοκῶν
1156 2645 1359 2698 ἅπασαν
1398 2645 1584 2720 χώραν
1635 2645 1918 2708 πλείστοις

286 2736 408 2795 ὅσοις
444 2733 780 2792 ἐπισκόποις
831 2727 1109 2786 διαλαϐεῖν
1145 2753 1157 2765 ’
1203 2733 1292 2788 καὶ
1335 2732 1467 2806 μηδ’
1515 2737 1767 2804 ἡντινοῦν
1815 2736 1921 2791 αύ-

278 2828 372 2883 τοίς
404 2821 583 2875 πόλιν
619 2819 652 2888 ἢ
686 2821 881 2892 κώμην
911 2818 1024 2874 οἵαν
1079 2820 1359 2897 ἰεραρχίαν
1410 2819 1684 2897 δεδέχθαι,
1715 2825 1918 2894 ταύτης

277 2908 368 2981 ἔξω
428 2908 762 2966 καταλιπεῖν
795 2928 807 2941 ·
865 2908 976 2987 ἐφῷ
1037 2908 1272 2982 μάλιστα
1335 2911 1429 2984 μὶν
1486 2913 1663 2967 πλείω
1717 2934 1776 2968 τε
1831 2912 1920 2968 καὶ

273 2998 496 3055 καλλίω
527 2999 634 3066 τήν
664 3001 772 3051 τῶν
801 3000 995 3072 ψυχῶν
1027 2998 1341 3072 ἐπιμέλειαν
1380 2999 1616 3056 ἐντεῦθεν
1658 3002 1922 3078 γενέσθαι,

275 3087 462 3144 ἔπειτα
527 3085 620 3142 διὰ
669 3090 768 3141 τοῦ
823 3091 930 3141 τῶν
991 3086 1299 3144 ἐπισκόπων
1351 3086 1574 3146 ἕκαστον
1631 3093 1696 3146 τὰ
1752 3091 1926 3147 οἰκεῖα

274 3177 605 3245 κεκτῆσθαι,
635 3177 724 3229 καὶ
781 3174 987 3230 τούτων
1034 3179 1300 3250 κατάκρας
1344 3178 1782 3234 ἀντιποιεῖσθαι·
1829 3182 1928 3249 τήν

275 3289 327 3323 τε
387 3268 574 3320 στάσιν
630 3262 678 3333 ἐξ
728 3264 970 3341 ἀνάγκης
1018 3264 1296 3336 λελύσθαι,
1347 3271 1446 3339 τήν
1504 3291 1562 3324 τε
1621 3270 1926 3344 Καισαρέων

272 3358 433 3427 πλήν
466 3378 530 3431 γε
573 3356 810 3426 Τυάνων,
841 3357 908 3412 τά
953 3359 1127 3426 αύτῆσ
1167 3357 1230 3412 αὗ
1277 3359 1616 3432 κεκομίσθαι,
1650 3363 1726 3433 μὴ
1780 3359 1933 3414 δυνα-

273 3448 453 3520 μένου
483 3451 582 3500 τοῦ
613 3446 855 3500 Τυανέων
885 3446 1019 3519 πρὸς
1049 3447 1345 3510 τοσούτους
1373 3449 1665 3525 ἀνταίρειν.

3423 1938 3500 2009 (1)
3569 1939 3666 2007 ju-

2020 2028 2175 2078 stum
2229 2027 2405 2094 atque
2451 2040 2684 2095 aaquum
2734 2041 2859 2081 esse
2907 2026 3229 2094 videbatur,
3262 2031 3327 2081 ut
3374 2044 3486 2082 una
3529 2044 3664 2084 cum

2021 2113 2291 2170 civilibus
2313 2112 2674 2185 publicisque
2695 2115 3018 2187 spiritualia
3041 2115 3468 2185 dividerentur;
3490 2125 3663 2190 alque

2024 2207 2087 2256 ut
2116 2201 2241 2258 loca
2269 2203 2558 2272 quaedam,
2590 2207 2875 2273 tanquam
2917 2203 3026 2260 hac
3075 2206 3301 2261 ratione
3353 2205 3568 2271 debita,
3600 2207 3660 2262 in

2025 2307 2190 2346 suam
2213 2291 2509 2348 ditiomem
2540 2297 2998 2364 potestatemque
3026 2295 3162 2348 inde
3192 2303 3487 2360 assereret,
3510 2296 3666 2366 quod

2026 2380 2238 2436 Basilio
2288 2380 2744 2452 haudquaquam
2797 2383 3170 2452 probabatur,
3224 2383 3320 2454 qui
3379 2384 3667 2454 Tyanensi

2026 2471 2263 2540 quidem
2303 2469 2568 2525 Ecclesia;
2611 2469 2850 2526 liberam
2882 2487 3168 2542 suamque
3191 2471 3665 2541 jurisdictionem

2029 2558 2424 2629 permittebat,
2441 2559 2613 2613 modo
2636 2574 2706 2614 ne
2724 2559 2881 2614 aliud
2907 2564 3183 2630 praeterea
3213 2561 3532 2631 quidquam
3555 2560 3668 2616 sibi

2031 2647 2603 2719 usurparet.quando
2619 2647 2843 2718 reliqua
2867 2649 3062 2703 omnia
3094 2649 3335 2720 antiquo
3367 2650 3498 2719 jure
3530 2665 3672 2720 pon-

2030 2738 2212 2793 tificio
2241 2737 2576 2794 Cesariensi
2598 2737 2869 2793 Ecclesiae
2906 2737 3184 2792 attributa
3210 2743 3409 2794 essent
3431 2755 3444 2792 ε
3470 2753 3538 2793 ea
3564 2739 3676 2810 igi-

2031 2834 2125 2882 tur
2155 2843 2214 2883 re
2242 2827 2668 2898 Cappadociam
2699 2841 2928 2882 omnem
2959 2825 3231 2898 plurimis
3268 2826 3365 2882 ille
3391 2842 3676 2899 occupare

2033 2917 2319 2987 episcopis
2343 2915 2690 2987 nullumque
2709 2915 2990 2987 oppidum
3012 2920 3113 2970 aut
3125 2931 3339 2986 pagum
3357 2915 3678 2987 pontificali

2035 3006 2401 3076 suscipiendo
2445 3004 2690 3076 imperio
2741 3005 3038 3070 idoneum,
3079 3020 3146 3061 eo
3202 3021 3447 3062 vacuum
3498 3005 3675 3062 relin-

2039 3111 2255 3168 quere;
2289 3095 2398 3151 hoc
2429 3094 2800 3166 potissimum
2843 3093 3107 3157 consilio,
3143 3099 3204 3149 ut
3250 3094 3501 3166 amplior
3542 3095 3677 3151 inde

2039 3183 2472 3253 accuratiorque
2511 3181 2841 3237 animarum
2873 3180 3170 3238 exsisteret
3198 3182 3442 3250 curatio,
3465 3183 3680 3240 deinde

2040 3273 2236 3337 etiam,
2257 3275 2321 3326 ut
2351 3269 2639 3342 episcopis
2668 3286 2805 3326 suas
2834 3269 3086 3342 singulis
3120 3270 3472 3340 tenentibus,
3493 3288 3558 3328 ac
3577 3289 3682 3344 pro

2041 3361 2191 3417 virili
2221 3367 2381 3432 parte
2410 3361 2692 3416 acerrime
2733 3360 3058 3421 tuentibus.
3091 3361 3279 3425 sedes,
3305 3365 3362 3417 et
3410 3362 3682 3418 seditioni

2044 3449 2367 3506 necessario
2399 3448 2532 3503 ﬁnis
2563 3449 2978 3519 imponeretur,
3009 3455 3067 3505 et
3095 3466 3202 3505 sua
3249 3451 3484 3516 iterum,
3516 3467 3684 3508 exce-

271 3540 394 3610 ptis
455 3537 698 3609 Tyanis,
733 3537 1100 3594 Caesariensis
1156 3547 1520 3610 recuperaret
1574 3541 1848 3611 Ecclesia,
1883 3541 2093 3612 impari
2156 3538 2424 3596 videlicet
2487 3538 2755 3609 pluribus
2811 3538 3006 3595 futuro
3063 3539 3460 3610 Tyanensium
3519 3542 3681 3597 anti-

272 3629 434 3686 stite.

345 3719 431 3776 l'I'.
469 3719 650 3770 Ταῦτα
685 3713 733 3770 δ’
780 3714 1009 3771 έπαίνων
1040 3717 1201 3785 ἀξίως
1251 3715 1555 3788 διανοηθείς
1601 3739 1657 3774 τε
1697 3719 1785 3773 καὶ
1833 3740 1928 3773 κα-

272 3804 586 3880 ταπράξας,
645 3804 736 3858 καὶ
789 3810 993 3866 πάντας
1051 3803 1323 3877 ἐκπλήξας
1385 3809 1468 3871 οἷς
1536 3804 1721 3877 δεξιῶς
1800 3805 1930 3883 ἄγαν

273 3893 488 3970 ἐξεῦρε,
523 3895 622 3960 τήν
663 3893 758 3966 μὶν
807 3893 905 3948 οὐκ
934 3891 1179 3967 εὐλόγως
1232 3891 1588 3969 διαιρεθεῖσαν
1621 3898 1824 3971 χώραν,
1859 3896 1935 3962 εἷς

271 3985 327 4040 ἓν
362 3984 532 4045 αὖθις
562 3981 808 4056 εὐλόγως
840 3988 1155 4057 συναγαγεῖν
1184 3985 1274 4038 καί
1320 3987 1569 4059 συνάψαι,
1608 3991 1734 4046 τοὺς
1767 3985 1824 4040 δὲ
1864 4008 1933 4061 τῃ

277 4075 419 4148 πρὸς
472 4071 638 4126 αὐτὸν
690 4071 950 4146 βασκανίᾳ
998 4073 1145 4126 τοῦτ’
1204 4073 1592 4149 εἰργασμένους
1660 4076 1934 4153 αἰσχῦναι,

278 4183 289 4192 .
384 4165 397 4184 ,
453 4161 477 4179 η
640 4166 664 4176 ~
1047 4163 1060 4181 .v
1153 4157 1206 4180 am
1460 4169 1484 4178 ι-
1651 4162 1724 4184 ’·ς,
1785 4165 1799 4182 v

281 4165 379 4218 καθ
456 4183 515 4216 εν
573 4181 735 4216 τουτο
789 4163 954 4235 μόνον
1003 4182 1105 4217 ουκ
1151 4166 1298 4235 εοοξε
1343 4164 1551 4233 καλως,
1610 4182 1704 4219 ouo
1775 4165 1935 4238 αξίως

281 4254 495 4308 ἑαυτοῦ
547 4244 962 4324 βεϐουλεῦσθαι,
993 4255 1072 4323 τῷ
1101 4252 1189 4305 καὶ
1243 4253 1334 4306 τὸν
1383 4253 1680 4327 Γρηγόριον
1705 4251 1796 4308 ἕνα
1842 4259 1939 4310 τοῦ

282 4345 555 4400 τοιούτου
623 4343 929 4416 καταλόγου
1001 4344 1092 4399 καί
1163 4344 1388 4414 ταυτησὶ
1443 4352 1543 4413 τῆς
1616 4353 1788 4421 φορᾶς
1852 4368 1941 4402 πε-

279 4434 580 4504 ποιῆσθαι,
631 4433 721 4487 καί
768 4435 867 4502 την
921 4432 1167 4508 μεγάλην
1219 4439 1315 4489 τοῦ
1376 4433 1546 4509 λόγου
1605 4438 1791 4512 φωνην
1851 4437 1943 4491 καὶ

282 4526 466 4578 πάντα
500 4525 879 4599 περιηχοῦσαν
909 4524 975 4576 τὰ
1012 4522 1235 4597 πέρατα,
1269 4524 1531 4597 Σασίμοις
1563 4525 1738 4600 φέρων
1787 4525 1942 4601 ἐγκα-

284 4619 584 4682 ταστῆσαι,
623 4609 1026 4683 παραρλήσιον,
1076 4611 1257 4686 ὥσπερ
1288 4613 1368 4680 ἂν,
1416 4613 1460 4667 εἰ
1510 4615 1601 4667 καὶ
1646 4614 1737 4669 τὸν
1781 4613 1942 4684 ἥλιον

284 4705 525 4777 ἠξίωσεν
585 4702 832 4757 ὁστισοῦν
889 4700 939 4756 έν
995 4701 1186 4777 φαύλῳ
1258 4709 1359 4772 τῆς
1413 4706 1513 4774 γῆς
1592 4701 1739 4780 μέρει
1812 4725 1941 4779 συγ-

284 4793 526 4849 κλείειν.

365 5060 500 5116 ΠΔ⁸.
528 5055 716 5114 Καίτοι
740 5057 862 5113 εἰτὸ
879 5059 1004 5120 τοὺς
1025 5058 1214 5124 ἀπλῶς
1235 5058 1598 5134 Enipeus,va
1628 5061 1703 5133 μή
1731 5061 1942 5117 πολλου

293 5171 447 5211 τινος
480 5147 672 5212 ἄλλως
717 5145 856 5218 ἄξιοι
905 5148 1146 5223 τύχωσιέ
1177 5148 1349 5217 ὄντες,
1379 5153 1488 5205 τῶν
1540 5151 1764 5205 εἰκότων
1806 5149 1944 5206 ἄπο-

297 5243 507 5312 στερεῖν
543 5234 642 5292 οὐκ
685 5235 986 5299 ἐπαινετὸν,
1020 5240 1137 5298 πῶς
1181 5236 1280 5292 οὐκ
1327 5237 1387 5292 ἂν
1440 5237 1522 5305 εἴη
1570 5243 1678 5294 τῶν
1728 5239 1945 5294 ἀτόπων

297 5327 391 5381 καὶ
425 5327 607 5398 πάσης
653 5325 1049 5400 ἀγνωμοσύνης
1103 5328 1314 5399 μεστὸν,
1365 5328 1492 5384 ὅταν
1537 5348 1620 5390 τις
1671 5329 1805 5402 μετά
1851 5329 1948 5384 τοῦ

297 5417 442 5470 πάνυ
497 5435 582 5469 τοι
635 5417 863 5487 μανικὸς
921 5414 1152 5490 ἐραστής
1207 5437 1266 5472 τε
1319 5417 1410 5472 καὶ
1461 5414 1739 5492 ἐρώμενος
1789 5419 1949 5490 εἶναι,

301 5506 592 5582 βέλτιστος
624 5503 712 5561 διὰ
759 5508 978 5563 πάντων
1029 5505 1118 5561 καὶ
1148 5507 1497 5584 πολλαχόθεν
1545 5507 1689 5584 ἔχων
1742 5511 1953 5583 θαυμά-

299 5597 514 5667 ζεσθαι,
551 5592 735 5652 ἔπειτα
786 5598 862 5669 μὴ
909 5602 1010 5667 τῆς
1059 5598 1394 5674 γιγνομένης
1444 5599 1592 5673 παρά
1635 5603 1752 5661 τοῖς
1802 5599 1953 5654 ταῦτ’

376 5784 460 5854 (1)
491 5783 774 5843 Anthimo.

2113 3719 2310 3775 LXXX.
2344 3718 2621 3774 Caeterum
2673 3725 2736 3774 ut
2777 3719 3148 3775 laudabiliter
3195 3719 3307 3774 ista
3345 3722 3690 3791 excogitavit

2043 3809 2254 3879 pariter
2283 3825 2348 3864 ac
2380 3810 2639 3880 perfecit,
2669 3809 3049 3879 omniumque
3079 3811 3193 3866 sibi
3240 3810 3684 3867 admirationem

2044 3899 2260 3970 peperit
2292 3898 2557 3963 Basilius,
2581 3914 2648 3954 eo
2679 3900 2830 3969 quod
2862 3899 3244 3956 solertissime
3271 3901 3426 3955 viam
3458 3915 3688 3972 repere-

2045 3992 2155 4055 rat,
2192 3987 2522 4043 inconsulto
2570 3987 2813 4044 consilio
2862 3987 3110 4045 divisam
3161 3989 3539 4062 provinciam,
3588 4007 3684 4046 sa-

2047 4076 2275 4147 pienter
2304 4092 2508 4131 rursus
2540 4077 2598 4131 in
2631 4092 2816 4132 unum
2847 4078 3214 4133 conducendi
3255 4079 3686 4148 conjungendi-

2049 4167 2536 4237 que,justumque
2565 4167 2701 4236 illis,
2721 4167 2818 4238 qui
2852 4167 2972 4224 base
3002 4184 3161 4224 mera
3185 4171 3464 4225 adversus
3495 4171 3683 4240 ipsum

2051 4255 2457 4311 malevolentia
2485 4272 2551 4310 ac
2583 4255 2798 4311 invidia
2836 4257 3118 4313 stimulati
3168 4263 3482 4328 patrarant,
3524 4260 3691 4314 incu-

2051 4346 2234 4400 tiendi
2287 4347 2590 4418 pudorem.
2623 4346 2706 4402 Ita
2755 4347 2812 4402 in
2864 4347 2969 4402 hoc
3019 4363 3131 4403 uno
3174 4349 3472 4418 duntaxat,
3506 4364 3690 4419 neque

2053 4435 2296 4500 bonum,
2324 4451 2508 4505 neque
2535 4451 2594 4490 se
2625 4435 2890 4507 dignum,
2930 4435 3133 4492 iniisse
3163 4437 3324 4493 visus
3368 4442 3456 4493 est
3505 4437 3691 4492 consi-

2055 4522 2220 4592 lium,
2251 4523 2403 4594 quod
2435 4523 2783 4590 pontificalis
2813 4524 2988 4594 hujus
3018 4525 3263 4598 catalogi
3286 4542 3351 4581 ae
3385 4533 3694 4596 proventus

2053 4629 2235 4668 unum
2267 4613 2442 4668 etiam
2472 4611 2809 4684 Gregorium
2841 4613 3123 4679 feceisset,
3155 4623 3208 4670 et
3232 4630 3501 4682 magnam
3533 4613 3691 4669 illam

2053 4702 2235 4758 divini
2265 4703 2422 4758 verbi
2454 4717 2676 4771 vocem,
2699 4717 3017 4775 omnesque
3059 4707 3343 4759 terrarum
3373 4704 3692 4774 pervaden-

2055 4795 2174 4847 tem
2209 4789 2378 4847 ﬁnes.
2421 4791 2666 4847 Sasimis
2695 4791 3091 4862 imposuisset,
3124 4792 3277 4848 haud
3309 4791 3584 4848 dissimili
3613 4807 3700 4847 ra-

2052 4882 2230 4945 tione,
2249 4886 2425 4953 atque
2449 4881 2494 4937 si
2518 4881 2694 4937 solem
2719 4881 3013 4954 quispiam
3032 4881 3270 4952 ignobili
3302 4880 3500 4952 aliquo
3528 4885 3698 4938 terrm

2053 4970 2179 5028 loco
2208 4971 2548 5027 conclusum
2581 4971 2794 5028 abdere
2821 4972 2985 5027 velit.

2128 5061 2380 5116 LXXXI.
2413 5064 2540 5117 Jam
2585 5060 2635 5116 si
2685 5061 2906 5117 amicos
2956 5075 3362 5132 quoscunque,
3394 5059 3497 5132 qui
3528 5065 3699 5119 caate-

2058 5150 2224 5221 roqui
2247 5149 2403 5206 haud
2428 5166 2641 5222 magno
2664 5150 2983 5206 admodum
3006 5166 3247 5205 numero
3271 5150 3512 5221 locoque
3535 5157 3698 5220 sunt,

2057 5241 2131 5296 iis
2159 5256 2286 5311 quae
2319 5255 2475 5310 aqua
2505 5245 2562 5295 et
2589 5237 2990 5295 convenientia
3015 5243 3152 5294 sunt
3200 5238 3485 5301 fraudare.
3521 5240 3702 5296 haud-

2061 5345 2356 5401 quaquam
2389 5328 2696 5385 boneslum
2722 5344 2787 5383 ac
2808 5326 3098 5383 laudabile
3118 5327 3700 5400 habetur;quomodo

2061 5434 2176 5472 non
2209 5418 2494 5473 abonum
2528 5416 2788 5488 plane,et
2809 5415 3117 5486 iniquitate
3138 5416 3544 5488 plenissimum
3568 5418 3699 5474 fue-

2062 5507 2156 5577 rit,
2187 5507 2422 5577 quando
2452 5507 2550 5579 qui
2583 5521 2729 5578 pene
2757 5507 2966 5562 insano
2998 5505 3248 5576 alicujus
3297 5522 3495 5562 amere
3521 5507 3703 5577 depe-

2064 5599 2156 5668 rit,
2192 5614 2295 5654 nec
2329 5598 2522 5654 minus
2561 5597 2808 5653 invicem
2829 5595 3013 5652 eidem
3047 5595 3540 5668 redamatur;qui
3563 5611 3704 5667 pris-
