4092 6300
403 369 523 430 295

1711 364 2106 430 THEODULI
2152 368 2507 434 MONACHI

3686 383 3804 442 296

392 508 556 561 terea
585 505 758 576 longe
777 503 1051 560 omnibus
1070 501 1126 556 in
1161 501 1336 556 rebus
1367 501 1904 572 praestantissimus,
1923 519 2037 557 om-

2161 504 2306 574 αύτῷ
2365 503 2648 576 ξυνειδόσι,
2703 512 2876 578 τιμῆς
2930 506 3213 582 ἀπολαύῃ.
3267 510 3329 564 Ὃ
3389 509 3454 580 δὴ
3529 514 3618 567 καὶ
3678 517 3804 570 τότε

397 597 576 666 nique
609 595 821 648 artium
856 593 1255 662 virtutumque
1283 607 1491 661 genere
1522 591 1884 646 admirabilis
1913 599 2042 664 est;

397 684 494 740 hic
541 685 697 755 apud
739 683 840 738 bos
886 681 1068 752 ipsos,
1102 679 1202 750 qui
1248 680 1500 735 istarum
1551 696 1745 736 rerum
1775 681 2040 737 omnium

399 774 616 831 conscii
653 781 940 842 testesque
969 770 1083 841 ipsi
1115 772 1276 833 sunt,
1299 770 1402 839 jus
1433 785 1606 825 suum
1649 768 2043 841 honoremque

398 863 683 926 debitum,
713 877 828 916 non
851 859 1220 928 consequitur
1237 857 1265 912 ?
1285 859 1446 923 Quod
1470 865 1597 913 tum
1627 858 1899 927 Gregorio
1930 873 2041 912 usu

395 951 632 1008 veniens
665 951 1031 1006 vehementer
1080 947 1351 1004 homines
1402 948 1792 1019 perturbavit;
1826 949 2042 1020 quippe

397 1041 495 1112 qui
521 1057 754 1096 summa
785 1039 950 1094 illum
984 1054 1227 1109 quisque
1258 1037 1517 1091 aBasilio
1549 1043 2040 1108 accepturum,et,

394 1147 520 1201 quae
551 1135 674 1184 tum
708 1128 986 1184 Basilium
1040 1129 1197 1194 dare,
1230 1132 1353 1180 tum
1409 1126 1752 1197 Gregorium
1785 1127 2045 1197 accipere

391 1235 498 1290 par
539 1224 680 1284 erat,
713 1220 1122 1287 speraverant;
1158 1231 1338 1285 parva
1368 1230 1501 1269 vero
1556 1214 1840 1284 quaepiam
1892 1217 2041 1269 dun-

388 1312 569 1375 taxat,
611 1313 668 1362 et
712 1324 834 1377 quae
884 1307 1024 1360 adeo
1091 1305 1246 1359 infra
1294 1303 1723 1358 sanctissimam
1779 1305 2039 1376 ipsorum

392 1397 912 1466 necessitudinem,
928 1397 1291 1466 aiiorumque
1312 1395 1800 1464 exspectationem
1823 1401 2040 1462 essent,

394 1489 588 1560 reipsa
610 1486 957 1554 cennebant,
991 1489 1056 1539 ut
1083 1485 1426 1555 priusquam
1479 1483 1704 1550 ﬁerent,
1728 1500 1898 1539 nemo
1951 1486 2040 1539 fu-

393 1582 527 1633 tura
553 1575 917 1639 credidisset,
953 1582 1005 1628 et
1054 1575 1202 1628 facta
1244 1572 1436 1628 denuo
1467 1572 1606 1626 item
1655 1571 2041 1639 incredibilia,

394 1667 674 1736 cmeisque
724 1663 1073 1734 ambagibus
1121 1661 1398 1728 involuta,
1446 1661 1806 1728 viderentur,
1858 1678 2044 1733 usque

395 1759 535 1814 adeo
569 1761 774 1827 praeter
813 1770 1042 1810 omnem
1075 1753 1382 1807 hominum
1415 1766 1580 1822 spem
1613 1756 1738 1806 tum
1768 1751 2042 1822 :Basilius

395 1849 555 1905 visus
605 1851 712 1913 est,
740 1862 928 1916 neque
979 1844 1276 1915 Gregorio,
1309 1847 1374 1896 ut
1423 1843 1638 1914 insigni
1692 1842 1861 1913 plane
1899 1844 2037 1911 viro,

2149 1839 2334 1893 ἑαυτὸν
2384 1839 2650 1911 ἀτιμάσας
2705 1839 2904 1895 ἐκεῖθεν
2943 1860 2956 1872 ·

395 1936 651 2008 aliosque
681 1951 884 1990 omnes
916 1949 1316 2004 supergresso,
1350 1931 1559 2003 dignos
1604 1932 1880 1987 habuisse
1930 1932 2038 1988 ho-

393 2040 604 2082 nores:
638 2040 822 2095 neque
857 2027 917 2078 ut
945 2027 1151 2077 cetera
1188 2021 1302 2093 ipsi
1341 2021 1546 2076 viliora
1596 2027 1792 2077 essent
1821 2023 2036 2090 omnia,

393 2114 662 2170 amicitia
684 2113 890 2168 saltem
907 2114 1041 2183 jura
1061 2127 1198 2182 erga
1220 2111 1476 2166 sodalem
1509 2127 1682 2166 suum
1707 2112 2039 2178 observare,

393 2205 492 2260 sed
525 2205 719 2274 ipsum
752 2220 866 2258 non
917 2218 1082 2256 secus
1131 2217 1199 2256 ac
1245 2206 1482 2256 caeteros
1534 2201 1640 2255 hoc
1700 2202 1756 2255 in
1806 2201 2038 2272 negotio

394 2294 629 2361 habere,
664 2293 933 2357 voluisse,
964 2308 1073 2362 quo
1105 2292 1231 2360 ipso
1266 2307 1381 2345 non
1433 2290 1776 2361 Gregorium
1834 2290 2037 2361 magis,

393 2399 566 2456 quam
601 2382 698 2438 illo
730 2382 1130 2453 semetipsum,
1160 2379 1594 2435 dehonestabat.
1632 2379 1754 2434 Nisi
1789 2379 1896 2434 hoc
1926 2379 2043 2434 for-

401 2481 557 2529 tasse
585 2474 756 2528 modo
779 2471 1056 2526 Basilium
1091 2469 1382 2541 quispiam
1418 2469 1721 2524 defensum
1746 2472 1857 2535 eat,
1883 2469 2036 2536 quod

401 2578 589 2633 neque
639 2561 856 2618 sodalis
903 2560 991 2614 sui
1024 2559 1436 2630 despicatione,
1491 2573 1676 2628 neque
1720 2557 2038 2628 singularis

397 2657 571 2722 atque
600 2655 816 2706 mutuae
848 2666 966 2705 sum
991 2647 1696 2717 familiaritatis,dataeque
1724 2647 1947 2701 dudum
1983 2651 2040 2701 et

389 2749 632 2812 acceptas
674 2740 827 2806 ﬁdei,
852 2737 1161 2805 oblivione,
1192 2752 1380 2806 neque
1430 2753 1632 2790 rursus
1672 2735 2037 2807 ignoratione

384 2830 502 2885 veri
535 2829 855 2901 pretii,quo
897 2826 1110 2899 dignus
1141 2825 1376 2880 omnine
1411 2825 1724 2896 Gregorius
1753 2828 1925 2892 esset,
1965 2825 2035 2878 ad

387 2917 539 2973 hanc
591 2919 662 2972 de
707 2917 836 2988 ipso
889 2916 1184 2971 ferendam
1235 2915 1585 2969 sententiam
1635 2912 1894 2983 veniret;
1929 2915 2032 2967 sed

390 3007 543 3078 quod
580 3006 873 3060 hominem
904 3005 1059 3073 apud
1091 3019 1151 3057 se
1185 3008 1462 3074 perpetuo
1494 3001 1760 3069 retinere,
1795 3004 2036 3073 ejusque

390 3095 701 3167 praesentia
732 3111 797 3149 ac
827 3093 1251 3149 consuetudine
1280 3091 1481 3146 oculos
1521 3091 1904 3159 animumque
1939 3107 2035 3161 pa-

389 3200 550 3241 scere
583 3189 835 3254 cuperet,
868 3199 1054 3252 neque
1085 3180 1482 3236 saavissimam
1517 3181 1689 3234 modo
1723 3179 1834 3233 sibi
1873 3176 2034 3232 illius

2151 593 2276 666 περὶ
2332 594 2425 648 τὸν
2484 595 2786 670 Γρηγόριον
2846 593 3114 665 δήπουθεν
3174 599 3390 670 γεγονὸς
3457 601 3660 663 πάντας
3719 602 3794 674 ἐξ·

2153 679 2355 752 επληξε
2387 703 2400 715 ·
2441 683 2658 756 μεγάλα
2706 685 2803 755 μὲν
2834 684 3122 757 οἰομένους
3154 686 3212 740 ἂν
3267 689 3417 760 αὐτῷ
3461 709 3606 763 παρα
3639 697 3798 746 Βασι-

2153 769 2304 826 λείου
2359 773 2625 846 γενέσθαι,
2678 773 2767 825 καί
2827 772 2926 827 ὅσα
2975 777 3165 829 τοῦτον
3223 779 3494 847 κακεῖνον,
3538 780 3632 832 τὸν
3700 786 3795 852 μὲν

2152 857 2357 929 δοῦναι,
2389 861 2482 914 τὸο
2515 859 2561 914 δ’
2595 859 2737 924 εἰκὸς
2765 860 3044 940 εἰληφέναι
3078 882 3090 895 ·
3134 864 3300 938 μικρά
3340 861 3396 920 δὲ
3441 864 3674 930 ἰδόντας,
3707 869 3800 922 καὶ

2153 947 2324 1009 οὕτως
2353 955 2454 1017 τῆς
2482 970 2540 1002 τε
2571 949 2708 1022 πρδς
2741 948 3027 1019 ἀλλήλους
3059 953 3235 1006 αὐτῶν
3270 954 3587 1026 θαυμαστῆς
3631 953 3797 1028 ἕξεως

2149 1035 2239 1090 καὶ
2296 1044 2398 1106 τῆς
2453 1042 2560 1092 τῶν
2618 1036 2807 1093 ἄλλων
2867 1037 3198 1113 προσδοκίας
3267 1045 3602 1098 παντάπασιν
3663 1045 3800 1100 ἀπο-

2153 1122 2362 1194 δέοντα,
2413 1126 2487 1188 ὡς
2544 1131 2670 1202 πρὶν
2734 1128 2827 1200 μὲν
2882 1131 3149 1203 γενέσθαι,
3195 1131 3271 1203 μὴ
3333 1134 3672 1188 πιστεύεσθαι
3733 1135 3796 1188 ἂν

2149 1217 2483 1290 γεγενῆσθαι,
2525 1217 2793 1291 γενόμενα
2845 1215 2900 1272 δὲ
2957 1218 3124 1273 πάλιν
3184 1217 3249 1273 αὖ
3307 1220 3643 1277 ἀπιστεῖσθαι
3702 1224 3794 1278 καὶ

2152 1303 2228 1365 εἷς
2259 1302 2461 1378 όίπορον
2509 1306 2724 1358 πίπτειν
2762 1324 2774 1336 ·
2827 1306 2998 1368 οὕτως
3037 1307 3130 1361 ἀπ’
3181 1307 3405 1372 ἐλπίδος
3454 1311 3661 1379 ἀπάσης
3697 1318 3795 1365 Βα-

2154 1392 2360 1454 σίλειος
2395 1394 2617 1448 ὦπται·
2671 1391 2793 1449 οὔτε
2820 1399 3010 1450 τοῦτον
3056 1397 3130 1459 ὡς
3182 1399 3492 1471 θαυμαστόν
3543 1421 3662 1454 τινα
3703 1400 3793 1455 καὶ

2153 1481 2284 1555 ὑπὲρ
2331 1485 2533 1545 πάντας
2580 1479 2707 1538 ὅντα
2754 1485 2882 1546 τοὺς
2928 1482 3138 1546 ἄλλους
3185 1487 3253 1542 τὰ
3299 1487 3479 1543 εἰκότα
3529 1491 3793 1561 τιμήσας,

2151 1563 2264 1620 οὔτ’
2295 1566 2340 1620 εἰ
2376 1569 2450 1640 μή
2482 1588 2534 1621 τι
2577 1564 2779 1643 ἕτερον,
2810 1569 2936 1631 τοὺς
2985 1574 3112 1644 γοῦν
3151 1572 3386 1644 ἑταιρίας
3434 1572 3636 1644 νόμους
3669 1578 3793 1646 περὶ

2150 1659 2308 1714 αὐτὸν
2343 1659 2602 1730 ἐθελήσας
2649 1661 2902 1737 φυλάξαι,
2928 1660 3076 1717 ἀλλᾶ
3122 1663 3259 1718 κατά
3286 1665 3413 1726 τοὺς
3464 1663 3670 1727 ἄλλους
3701 1669 3789 1721 καὶ

2147 1747 2327 1821 τούτῳ
2386 1751 2738 1824 χρήσασθαι·
2799 1753 2864 1806 οὐ
2926 1750 3140 1823 μᾶλλον
3194 1757 3386 1809 τοῦτον
3443 1753 3700 1821 ἐντεῦθεν,
3754 1759 3790 1827 ἢ

3011 1840 3161 1912 πλὴν
3211 1841 3264 1897 εἷ’
3314 1865 3398 1906 τις
3442 1844 3572 1919 ὑπὲρ
3623 1845 3791 1900 αὐτοῦ

2147 1929 2294 1981 τοῦτ’
2324 1923 2440 2005 ἔχει
2493 1926 2694 2003 λέγειν,
2745 1929 2820 1991 ὡς
2870 1929 2970 1984 οὐκ
3019 1929 3368 2008 ὑπερφρονῶν
3412 1933 3504 1987 τὸν
3555 1933 3790 2008 ἑταῖρον,

2149 2013 2274 2070 οὐδὲ
2323 2023 2424 2084 τῆς
2473 2018 2779 2091 ὑπερφυοῦς
2829 2020 2966 2093 πρὸς
3015 2018 3301 2090 ἀλλήλους
3353 2022 3650 2096 συμπνοίας
3699 2023 3790 2077 καί

2146 2109 2254 2159 τῶν
2284 2104 2334 2174 ἐξ
2385 2106 2564 2180 ἀρχῆς
2616 2106 2931 2183 ὁμολογιῶν
2963 2107 3112 2177 ἥκων
3158 2107 3234 2171 εἷς
3287 2108 3462 2180 λήθην
3499 2131 3512 2144 ο
3561 2109 3677 2166 οὐδ’
3722 2109 3790 2166 αὖ

2150 2193 2282 2247 ὅσου
2312 2196 2454 2256 τινὸς
2494 2195 2560 2264 ἦν
2602 2193 2803 2258 ἐκεῖνος
2841 2195 3142 2271 ἀξιόχρεως
3189 2198 3424 2273 ἀγνοῶν,
3457 2199 3544 2254 ἐπὶ
3586 2200 3788 2271 ταύτην

2147 2277 2314 2336 ἔπειθ’
2353 2283 2475 2352 ἥκει
2518 2285 2619 2354 τήν
2668 2288 2871 2362 ψῆφον,
2904 2284 3032 2340 ἀλλ’
3081 2285 3183 2361 ἆρα
3229 2290 3354 2361 παρ’
3403 2288 3551 2361 αὐτῷ
3594 2295 3786 2346 τοῦτον

2147 2369 2292 2446 ἔχειν
2348 2371 2546 2426 ἐθέλων
2606 2373 2734 2441 αἰεὶ,
2781 2375 2872 2429 καὶ
2931 2375 3059 2449 ὁρᾷν
3115 2377 3205 2430 καὶ
3262 2377 3510 2447 ξυνεῖναι,
3561 2378 3650 2432 καὶ
3707 2381 3786 2452 μὴ

2153 2462 2314 2532 μόνον
2347 2469 2448 2531 τῆς
2479 2460 2710 2531 ἡδίστης
2757 2462 2922 2518 αὐτοῦ
3073 2467 3257 2540 φωνῆς
3288 2486 3346 2520 τε
3392 2468 3479 2521 καὶ
3531 2468 3793 2542 γλώττης

2148 2550 2386 2613 ἀκούειν,
2448 2550 2592 2606 ἀλλά
2649 2551 2737 2606 καὶ
2798 2549 2978 2626 λόγων
3037 2553 3332 2608 ἀπολαύειν
3403 2555 3642 2625 ἐκείνων,
3703 2560 3789 2619 οἷς

2149 2641 2526 2719 ἐφιλοτιμεῖτο
2582 2646 2866 2712 τοσοῦτον,
2926 2644 3002 2705 ὡς
3058 2641 3212 2700 οὔπω
3261 2651 3380 2708 τοῖς
3434 2647 3624 2703 ἑαυτοῦ
3676 2652 3787 2702 τῶν

2146 2731 2362 2786 πάντων
2395 2728 2593 2794 οὒδεὶς,
2628 2731 2741 2786 ἐπεὶ
2791 2729 2952 2788 τοῦδε
2977 2739 3165 2811 τυχεῖν
3219 2737 3320 2790 οὐκ
3357 2733 3544 2798 ἄλλως
3593 2738 3710 2799 οἶος
3741 2739 3790 2792 τ’

2145 2821 2236 2890 ἧν,
2266 2825 2611 2892 καινοτομεῖν
2654 2817 2742 2874 διά
2779 2840 2836 2874 τε
2873 2822 2963 2874 τὸν
2995 2822 3163 2876 πόθον
3205 2820 3340 2895 ᾤετο
3381 2821 3512 2894 δεῖν,
3543 2827 3632 2879 καὶ
3674 2829 3790 2899 ἅμα

2143 2910 2242 2977 τὴν
2270 2913 2367 2963 τοῦ
2416 2909 2722 2985 Γρηγορίου
2757 2908 3169 2989 μεγαλοψυχίαν
3213 2913 3302 2966 καὶ
3328 2915 3389 2982 ἣν
3438 2917 3574 2983 πρὸς
3623 2917 3790 2970 αὐτὸν

2146 2999 2287 3072 εἶχει
2335 2996 2473 3052 αἰδῶ
2520 3003 2702 3074 σαφῶς
2753 2996 3105 3072 ἐπιστάμενος
3138 3020 3150 3032 ·
3199 3001 3272 3054 ὢν
3318 3007 3574 3057 τοσοῦτον
3635 3004 3789 3076 αὐτῷ

2154 3091 2374 3161 περιῆν,
2419 3086 2549 3140 ὥσθ’
2592 3089 2724 3161 ὅπερ
2774 3086 2976 3142 ἐκεῖνον
3028 3087 3196 3164 ἐχρῆν
3245 3091 3380 3166 πρὸς
3425 3093 3586 3148 αὐτὸν
3644 3091 3798 3148 ἐνδε-

2146 3172 2379 3250 δεῖχθαι,
2413 3177 2486 3238 ὡς
2513 3174 2615 3251 ἄρα
2644 3176 2765 3248 περὶ
2792 3175 3046 3238 πλείονος
3078 3177 3237 3232 αὐτὸν
3278 3180 3488 3235 πάντων
3520 3187 3783 3251 ποιεῖται,

386 3289 578 3330 vocem
613 3290 678 3327 ac
712 3274 969 3342 linguam
1000 3271 1238 3326 auribus
1269 3285 1568 3337 usurpare,
1606 3268 1706 3322 sed
1757 3267 2033 3323 orationi-

2148 3269 2223 3336 τῷ
2273 3266 2348 3338 μὴ
2399 3266 2781 3339 συντεταχέναι
2828 3271 2944 3328 τοῖς
2994 3264 3210 3338 ἄλλοις,
3242 3271 3388 3323 τοῦτ’
3436 3269 3594 3325 αὐτὸν
3645 3272 3782 3344 πρὸς

388 3363 501 3418 bus
547 3363 680 3416 item
730 3361 875 3432 ipsis
922 3359 1056 3426 frui,
1088 3360 1157 3413 de
1203 3357 1416 3430 quibus
1464 3362 1759 3426 tantopere
1806 3356 2036 3427 gloriari

390 3452 597 3507 solitus
628 3454 772 3518 erat,
806 3453 1016 3520 quanto
1051 3464 1220 3502 nemo
1253 3447 1518 3501 omnium
1559 3447 1627 3499 ad
1681 3444 1847 3499 illum
1881 3445 2036 3499 diem

388 3540 460 3594 de
517 3539 644 3594 suis
697 3537 880 3608 ipsius
939 3536 1033 3606 (1).
1097 3536 1212 3591 Hoc
1271 3551 1402 3589 vero
1459 3550 1591 3589 cum
1652 3532 1760 3588 alia
1819 3534 2040 3589 ratione

391 3629 550 3685 nulla
579 3627 857 3698 consequi
912 3630 1129 3697 posset,
1164 3629 1220 3679 et
1272 3623 1726 3696 flagrantissimo
1777 3622 2039 3694 Gregorii

388 3717 672 3773 desiderio
694 3717 1000 3784 adductus,
1025 3731 1198 3770 novas
1229 3713 1359 3767 illas
1389 3712 1500 3767 sibi
1534 3711 1907 3784 usurpandae
1927 3716 2040 3766 sta-

384 3809 499 3861 tuit
548 3804 1028 3871 machinationes,
1080 3808 1137 3858 et
1202 3800 1378 3857 simul
1435 3801 1590 3872 quod
1645 3799 1828 3855 animi
1879 3799 2040 3854 illius

385 3894 867 3967 magnitudinem,
900 3898 1074 3964 atque
1104 3907 1242 3963 erga
1275 3907 1336 3946 se
1368 3891 1814 3956 observantiam,
1836 3889 2038 3945 claris-

2149 3355 2352 3408 ἐκεῖνον
2387 3354 2520 3426 μετὰ
2570 3353 2787 3408 πολλοῦ
2845 3359 2941 3409 τοῦ
2998 3358 3282 3430 περιόντος
3340 3359 3661 3434 εἰργάσθαι·
3717 3358 3791 3415 δι’

2151 3444 2224 3496 ὧν
2257 3443 2362 3516 γὰρ
2394 3445 2530 3514 πρὸς
2559 3445 2658 3512 τὴν
2689 3445 3033 3520 χειροτονίαν
3064 3447 3264 3516 ταύτην
3296 3447 3658 3522 καλούμενος,
3687 3451 3792 3504 οὐκ

2149 3531 2396 3586 ἀντεῖπεν
2429 3551 2440 3563 ·
2504 3529 2617 3585 οὐδ’
2675 3529 3023 3603 ἀπεπήδησεν
3055 3551 3068 3562 ⁸
3123 3532 3253 3607 ὅπερ
3314 3535 3516 3598 ἐκεῖνος
3574 3539 3792 3599 πάντως

2151 3616 2340 3674 ἔπαθεν
2389 3619 2471 3688 ἂν,
2523 3618 2567 3673 εἰ
2625 3619 2934 3675 τούναντίον
2971 3622 3107 3694 πρὸς
3162 3621 3360 3678 ἐκεῖνον
3417 3628 3564 3680 ταῦτ’
3627 3625 3792 3688 αὐτὸς

2151 3711 2272 3783 εἶχε
2330 3713 2531 3768 ποιεῖν,
2593 3705 2786 3777 ἔδειξεν
2845 3709 2974 3762 ὅσου
3040 3710 3183 3771 τινὸς
3241 3710 3486 3766 τάκείνου
3541 3718 3790 3784 τιμᾶται,

2149 3797 2241 3852 καὶ
2296 3797 2371 3859 ὼς
2420 3797 2519 3864 τήν
2578 3796 2768 3851 ἑαυτοῦ
2835 3795 2992 3870 δόξαν
3066 3799 3356 3874 παραπολὺ
3413 3808 3514 3870 τῆς
3585 3801 3790 3857 ἐκείνου

2148 3885 2382 3960 νομίζει.

385 3985 539 4040 sime
570 3989 931 4054 perspectam
981 3981 1240 4037 haberet.
1273 3979 1495 4045 Quibus
1548 3985 1745 4034 noster
1805 3979 2120 4035 virtutibus
2160 3983 2386 4033 tantum
2449 3978 2777 4047 praestabat,
2811 3983 2874 4032 ut
2918 3980 3068 4050 quod
3116 3996 3250 4052 erga
3292 3980 3458 4037 illum
3491 3981 3787 4040 declarare

383 4073 640 4131 Basilius
690 4073 972 4127 debuerat
1009 4070 1286 4138 officium,
1321 4075 1548 4124 tantum
1611 4086 1673 4124 se
1729 4069 2011 4123 nimirum
2069 4084 2246 4140 supra
2305 4066 2448 4121 alios
2507 4083 2710 4122 omnes
2769 4067 3044 4140 Gregorio
3101 4071 3359 4138 deferre;
3392 4075 3456 4127 ut
3503 4088 3786 4129 novorum

382 4164 631 4220 istorum
692 4160 1014 4216 antistitum
1074 4160 1130 4214 in
1191 4175 1435 4213 numero
1485 4157 1651 4212 illum
1712 4174 1825 4211 non
1882 4162 2205 4229 reponeret,
2238 4157 2295 4212 id
2355 4155 2569 4211 Basilio
2630 4159 2904 4227 majorem
2966 4159 3223 4230 profecto
3280 4161 3338 4215 in
3381 4163 3621 4217 modum
3662 4163 3789 4234 ipse

392 4257 722 4324 praestaret,
754 4266 820 4304 eo
880 4247 1141 4303 videlicet
1198 4247 1347 4319 ipso,
1379 4249 1533 4317 quod
1593 4246 1663 4300 ad
1723 4248 2058 4316 praedictam
2118 4244 2628 4316 inaugurationem
2681 4251 2939 4312 vocatus,
2991 4246 3135 4301 nihil
3195 4250 3629 4318 contradiceret,
3681 4266 3788 4307 nec

382 4340 704 4410 aufugeret,
765 4336 1258 4408 quemadmodum
1315 4337 1442 4389 sine
1499 4333 1676 4389 dubio
1730 4333 1984 4389 facturus
2043 4336 2232 4388 fuerat
2288 4332 2562 4400 Basilius,
2595 4333 2647 4388 si
2703 4339 2903 4389 contra
2957 4335 3084 4404 ejus
3149 4338 3300 4391 modi
3360 4337 3663 4407 quidpiam
3723 4339 3784 4394 in

377 4429 545 4483 illum
581 4426 906 4481 faciendum
946 4424 1246 4480 habuisset
1275 4423 1626 4494 Gregorius,
1659 4421 1808 4477 satis
1839 4423 1985 4478 ostis
2016 4420 2287 4488 ostendit,
2320 4424 2378 4475 et
2408 4421 2612 4492 quanti
2643 4422 3044 4478 auctoritatem
3077 4423 3236 4479 illius
3269 4423 3499 4485 faceret.
3532 4433 3589 4481 et
3629 4428 3784 4497 quod

385 4517 545 4574 illius
576 4515 820 4586 gloriam
853 4531 970 4569 sua:
1002 4514 1171 4584 longe
1203 4513 1533 4568 anteferret.

450 4606 730 4663 LXXXII.
765 4606 905 4661 Cave
953 4620 1085 4659 vero
1129 4604 1312 4671 dicas,
1343 4602 1489 4667 Quid
1533 4601 1715 4672 igitur
1746 4600 2037 4672 extemplo

2223 4600 2344 4654 DB'.
2379 4598 2482 4654 Καὶ
2534 4599 2684 4660 ὅπως
2737 4600 2812 4672 μὴ
2870 4597 3026 4674 εἴπῃς
3060 4617 3073 4632 ⁸
3117 4601 3176 4656 Τί
3239 4599 3328 4656 οὗν
3377 4600 3533 4664 εὐθὺς
3582 4601 3782 4656 ἐκεῖθεν

384 4696 515 4751 inde
557 4711 685 4750 sese
741 4693 1017 4749 subduxit
1072 4690 1430 4762 Gregorius?
1455 4691 1565 4745 Deo
1628 4689 1906 4744 nimirum
1959 4690 2028 4744 ad

387 4783 497 4839 hoc
554 4783 769 4854 pariter
832 4798 898 4837 ac
958 4780 1103 4835 illud
1156 4779 1511 4850 impellente,
1570 4784 1696 4833 tum
1776 4777 2032 4849 primum

381 4873 578 4939 cessit,
609 4877 733 4927 tum
783 4879 980 4941 postea
1023 4885 1226 4925 rursus
1283 4869 1526 4938 aufugit,
1583 4868 1682 4937 qui
1735 4882 2031 4922 summam

376 4961 516 5016 item
549 4960 808 5032 Gregorii
833 4958 1018 5016 nostri
1048 4958 1232 5013 animi
1261 4956 1719 5012 moderationem
1746 4961 2035 5011 monstra-

373 5051 492 5119 bat,
517 5057 572 5106 et
610 5050 784 5106 simul
821 5065 1008 5121 neque
1044 5047 1244 5104 orbem
1267 5052 1554 5102 terrarum
1599 5045 1698 5100 tali
1739 5044 1925 5100 orbarl
1953 5044 2034 5100 si-

373 5141 548 5196 nebat
582 5141 739 5208 viro;
769 5143 1006 5210 qualem
1039 5153 1168 5210 ego,
1192 5151 1401 5206 nempe
1435 5133 1678 5205 pulchra
1705 5133 1906 5189 omnia
1936 5149 2035 5204 pa-

374 5229 520 5284 riter
563 5233 963 5299 pervagatum,
1000 5229 1294 5284 neminem
1332 5223 1453 5280 ullo
1484 5239 1742 5296 unquam
1777 5231 2036 5294 tempore

377 5319 572 5374 videre
600 5319 861 5379 memini,
885 5333 1073 5390 neque
1115 5317 1336 5389 ipsum,
1356 5315 1663 5386 ipsiusque
1697 5313 2034 5384 exquisitis-

372 5407 553 5464 simae
599 5406 827 5461 dicendi
871 5414 1047 5476 artes,
1079 5407 1140 5462 in
1193 5405 1443 5461 obscuro
1485 5419 1552 5458 ac
1597 5400 1882 5456 vilissimo
1914 5400 2036 5455 loco

2142 4683 2384 4760 ἀπέδρα;
2437 4683 2537 4741 τοῦ
2567 4686 2673 4760 γὰρ
2721 4691 2855 4740 Θεοῦ
2885 4688 2974 4742 καὶ
3021 4693 3182 4743 τοῦτο
3230 4688 3442 4744 κάκεῖνο
3481 4693 3782 4759 κινοῦντος,

2145 4775 2244 4845 εἷξέ
2288 4796 2347 4830 τε
2402 4776 2502 4845 τὴν
2553 4777 2754 4850 ἀρχὴν,
2800 4778 2890 4830 καὶ
2940 4778 3007 4831 αὗ
3055 4776 3220 4832 πάλιν
3277 4775 3482 4852 ἀπέδρα
3514 4799 3528 4814 ·
3578 4781 3678 4849 τήν
3725 4800 3784 4835 τε

2139 4863 2431 4918 ἐπιείκειαν
2480 4864 2675 4918 τούτου
2721 4861 3044 4934 δεικνύντος,
3085 4865 3174 4921 καὶ
3214 4868 3326 4941 ἅμα
3375 4868 3477 4922 οὐκ
3519 4867 3785 4941 ἀνεχομέ-

2139 4975 2256 5024 νου,
2293 4957 2368 5028 μή
2419 4975 2478 5010 τε
2507 4957 2606 5024 τὴν
2657 4954 2978 5031 οἰκουμένην
3010 4955 3202 5031 ἀνδρὸς
3254 4958 3570 5032 ἐστερῆσθαι
3607 4957 3786 5012 τοιού-

2138 5063 2257 5113 του,
2319 5045 2431 5098 οἷον
2507 5043 2613 5118 ἐγὼ
2686 5043 2876 5100 οὐδένα
2951 5045 3040 5102 διὰ
3107 5045 3320 5102 πάντων
3377 5045 3553 5109 οὕτως
3627 5046 3779 5102 ῗόντα

2142 5131 2428 5186 οὐπώποτε
2459 5129 2625 5199 εἶδον,
2655 5135 2783 5206 μήτ’
2815 5136 2978 5190 αὐτὸν
3015 5135 3105 5191 καὶ
3132 5137 3258 5199 τοὺς
3289 5135 3451 5190 αὐτοῦ
3491 5133 3691 5212 λόγους
3723 5136 3776 5190 ἐν

2143 5219 2357 5298 φαύλῳ,
2389 5220 2479 5274 καὶ
2524 5219 2742 5284 οὕδενὸς
2781 5223 2916 5297 ἀξίῳ
2954 5223 3395 5299 συγκλεισθέντας
3436 5226 3652 5300 χωρίῳ,
3683 5225 3782 5279 λα-

2141 5310 2252 5362 θεῖν
2313 5308 2401 5363 καὶ
2471 5311 2584 5363 οἷον
2656 5306 3046 5385 ἆποϐεσθῆναι,
3097 5313 3336 5387 καθάπερ
3409 5313 3529 5368 τινὰ
3615 5311 3780 5389 μεγαν

2142 5397 2371 5472 πυρσὸν,
2401 5398 2503 5470 τῇς
2531 5403 2915 5474 προσηκούσης
2943 5403 3083 5472 ὕλης
3113 5400 3212 5456 ούκ
3237 5399 3424 5472 οὔσης.

376 5497 613 5556 clausas
672 5495 886 5566 latere;
943 5501 1000 5552 et
1048 5495 1469 5567 propemodum
1520 5490 1836 5562 exstingui,
1904 5491 2090 5546 instar
2151 5489 2294 5547 facis
2364 5490 2672 5560 cujusdam
2728 5493 3004 5565 ingentis,
3060 5494 3268 5552 idoneo
3325 5493 3620 5551 destitutas
3688 5493 3769 5550 aii

377 5591 594 5648 mento.

441 5771 524 5846 (1)
557 5771 795 5845 Gregor.
834 5771 1096 5844 Epitaph.
1129 5771 1310 5829 Bau'l.
1342 5770 1470 5829 init.

2188 5763 2265 5839 (2)
2294 5769 2379 5825 An
2412 5764 2560 5840 αὑτῷ
2588 5783 2658 5828 ex
2685 5768 2854 5843 Greg.
2887 5768 3146 5843 Epitaph.
3178 5770 3309 5827 Bas.
3342 5769 3476 5827 ﬁne.
