4092 6300
227 435 322 498 397
1193 429 1592 493 LAUDATIO
1635 433 1699 493 S.
1749 431 2117 494 GREGORII
2163 434 2584 496 THEOLOGI.

3471 448 3589 510 298

281 566 390 623 III'.
421 566 572 622 Ταῦτ’
599 567 699 638 ἂρα
745 563 858 635 θείᾳ
901 565 1070 640 ψήφῳ
1115 565 1454 636 πειθομενος,
1504 563 1681 639 ἀπῆρε
1733 567 1826 638 μὲν

2019 565 2304 622 LXXXIII.
2339 568 2724 632 Quamobrem
2757 571 2961 627 divinas
2999 575 3315 634 obsecutus
3347 586 3590 639 senten-

224 655 389 712 αὐτίκα
435 654 721 728 Σασίμων’
772 655 904 728 πρὸς
959 651 1015 707 δέ
1060 674 1110 706 τι
1157 653 1365 731 χωρίον
1415 653 1649 728 ἡσυχίας
1696 655 1834 709 πάνυ

222 755 289 801 τοι
317 743 494 821 γέμον,
550 751 772 818 μετῆρε.
805 741 1026 797 Κᾶπειτ’
1058 741 1215 796 αὐτὸν
1259 741 1376 816 εἶχε
1409 741 1573 798 πάλιν
1607 747 1833 812 Ναζιαν-

224 835 316 905 ζὸς,
343 833 393 888 έν
447 833 638 888 ἅπαντι
682 837 765 904 τῷ
812 830 1002 906 χρείας
1053 831 1328 904 ἱσταμένῳ
1373 833 1440 886 rei:
1490 833 1712 905 μέγιστα
1757 837 1837 904 τῷ

223 921 359 996 πατρὶ
403 921 792 995 συναιρόμενον
825 938 839 951 ⁸
901 920 991 974 καὶ
1049 921 1316 990 τοσαύτην
1379 920 1693 999 εἰσφέροντα
1738 923 1836 990 τήν

224 1011 431 1082 σπουδὴν
477 1011 610 1086 ὑπὲρ
653 1014 753 1064 τοῦ
804 1011 932 1082 μήτ’
981 1007 1180 1064 ἐκεῖνον
1215 1007 1304 1064 ἐπὶ
1358 1007 1552 1083 μηδενὶ
1597 1011 1836 1086 τοπαρά-

225 1123 308 1157 παν
354 1104 424 1174 μὴ
471 1099 518 1155 δ’
569 1101 878 1154 ὁπωστιοῦν
929 1097 1276 1173 δυσχερᾶναι,
1329 1101 1455 1170 μήτ’
1507 1099 1666 1153 αὐτὸν
1727 1103 1831 1153 τῶν

225 1191 304 1246 ὅσα
333 1189 443 1260 ἐξῆν
476 1190 596 1251 ἑνὸς
643 1187 876 1261 μηδενὸς
917 1188 1272 1264 ἀποσχέσθαι,
1308 1186 1452 1242 ἀλλὰ
1491 1189 1580 1242 καὶ
1620 1193 1722 1242 πᾶν
1761 1189 1835 1251 ὡς

225 1279 370 1334 εἰπεῖν
410 1279 698 1353 θεραπείας
741 1274 882 1338 εἶδος
931 1277 1064 1352 πρὸς
1111 1278 1272 1332 αὐτὸν
1323 1274 1678 1351 ἐνδεδεῖχθαι,
1721 1273 1831 1332 ἔστι

223 1367 270 1424 δὲ
293 1372 352 1439 ἦν
381 1370 468 1424 καί
499 1368 603 1424 οὐκ
631 1367 794 1422 οὖσαν
819 1368 1214 1442 προσεξευρεῖν,
1252 1367 1342 1422 καὶ
1376 1366 1520 1428 ὅλως
1559 1367 1835 1445 πανταχό-

221 1461 291 1513 θεν
318 1459 450 1530 αὖτῷ
477 1455 754 1528 ξυντελεῖν
787 1457 855 1512 τὰ
892 1455 1210 1532 γιγνόμενα,
1244 1457 1376 1525 ὅσην
1419 1456 1480 1510 ἂν
1524 1456 1570 1510 εἰ
1599 1455 1688 1510 καὶ
1717 1462 1835 1520 τοῖς

220 1545 650 1624 φρικωδεστάτοις
705 1551 813 1600 τῶν
870 1544 1048 1616 ὅρκων
1097 1545 1282 1599 ἑαυτὸν
1329 1543 1609 1618 περιέσχε,
1667 1545 1834 1599 ταῦτά

220 1659 265 1692 τε
288 1637 418 1710 ὁμοῦ
447 1635 625 1690 πάντα
669 1634 758 1688 καὶ
788 1630 964 1702 ἡδέως
993 1633 1082 1688 καὶ
1136 1633 1270 1705 μετά
1317 1633 1512 1693 παντὸς
1562 1633 1834 1702 εἰσενηνο-

224 1727 342 1800 χέναι
366 1729 462 1780 τοῦ
515 1723 812 1800 βούλεσθαι
846 1742 859 1754 °
919 1723 1006 1776 καὶ
1041 1726 1272 1776 τοσοῦτο
1320 1721 1556 1793 μᾶλλον,
1589 1722 1662 1785 ὡς
1701 1719 1832 1794 μηδ’

225 1815 444 1893 εἷσοέρειν
477 1815 634 1877 ὅλως
679 1811 883 1881 δοκεῖν,
915 1811 1062 1868 ἀλλά
1092 1813 1243 1868 ταῦτ’
1287 1813 1436 1884 αὐτῷ
1475 1814 1601 1886 παρ’
1635 1812 1830 1888 ἐτέρων

228 1905 514 1982 εἰσφέρεσθαι
547 1923 562 1936 ⁸

228 1997 413 2070 πάσχειν
459 1995 734 2068 νομίζειν,
765 1992 800 2063 ἢ
851 1994 942 2049 τὸν
977 1993 1180 2067 πατέρα
1206 1996 1369 2065 τιμᾷν
1405 2011 1418 2022 ·

229 2087 291 2140 καὶ
315 2086 436 2164 πέρα
462 2090 562 2142 τοῦ
605 2085 842 2154 εἰκότος,
875 2084 937 2139 τὸ
985 2083 1128 2145 εἰκὸς
1160 2081 1439 2152 ἀπεδίδου,
1471 2083 1557 2137 καὶ
1609 2085 1708 2152 τήν
1741 2105 1827 2157 γι-

233 2178 448 2248 γνομένην
501 2170 824 2251 ὑπερέϐαινε
873 2174 1043 2244 τάξιν,
1091 2173 1141 2228 ἐν
1184 2177 1263 2245 τῷ
1307 2179 1492 2247 τηρεῖν
1536 2171 1603 2227 τὰ
1648 2171 1831 2248 γιγνό-

239 2284 329 2334 μενα
367 2263 661 2339 βούλεσθαι
699 2285 711 2297 ·
763 2261 1088 2338 ἐφιλονείκει
1134 2262 1237 2337 γὰρ
1297 2261 1482 2334 ὥσπερ
1537 2260 1719 2316 έαυτόν
1771 2282 1828 2315 τε

239 2349 539 2426 ὴερϐάλλειν
602 2355 658 2409 έν
715 2353 950 2420 τούτοις,
1010 2351 1100 2406 καὶ
1155 2358 1398 2424 κρεῖττον
1440 2352 1518 2424 (3)
1577 2351 1828 2405 ἑκάστοτε

241 2437 475 2499 δείκνυσθαι
511 2463 524 2475 ·
579 2443 682 2498 τόν
739 2463 797 2496 τε
835 2440 1039 2516 πατέρα
1085 2439 1506 2514 παρασκευάζειν
1553 2444 1632 2510 τῷ
1675 2458 1826 2513 περι-

240 2528 312 2583 όντι
343 2537 434 2588 τῶν
482 2533 716 2606 ἂγαθῶν
763 2531 808 2603 ᾧ
865 2530 940 2593 εἰς
1001 2529 1160 2584 αὐτὸν
1220 2528 1472 2599 ἐνεποίει,
1535 2530 1608 2600 μή
1665 2527 1824 2600 μόνον

237 2621 362 2692 γήρως
382 2623 464 2676 καί
520 2621 736 2690 νόσων,
779 2621 869 2674 καὶ
910 2624 1018 2674 τῶν
1071 2619 1310 2674 ἐντεῦθεν
1360 2615 1663 2696 δυσχεριῶν
1711 2617 1828 2671 οἷόν

234 2727 317 2763 τινα
350 2710 512 2782 λήθην
587 2704 914 2782 λαμϐάνειν,
961 2707 1108 2764 ἀλλά
1163 2709 1250 2762 καὶ
1313 2705 1616 2762 λυσιτελεῖν
1677 2706 1827 2778 αὐτῷ

230 2802 348 2853 ταῦτα
370 2798 456 2855 διὰ
483 2804 665 2856 ταῦτα
697 2799 957 2870 νομίζειν.

1473 1991 1642 2052 οὕτως
1685 1991 1832 2062 αὐτῴ

617 1905 710 1959 καὶ
755 1906 968 1977 μᾶλλον
1017 1903 1179 1965 αὐτὸς
1229 1903 1333 1958 ὑπὸ
1383 1906 1479 1957 τοῦ
1520 1903 1723 1977 πατρὸς
1775 1901 1831 1957 εὗ
1865 1937 1909 2001 Β

1939 655 2054 723 tia,
2079 673 2108 712 e
2139 656 2380 727 vestigio
2409 657 2634 714 Sasima
2668 659 2966 732 relinquit,
2989 663 3300 738 locumque
3331 669 3586 742 aliquem

1940 745 2155 816 quietis
2194 752 2252 800 et
2293 747 2736 817 tranquillitatis
2778 751 3088 816 pleniorem
3125 757 3284 826 petit.
3319 759 3587 818 Subinde

1939 850 2072 890 vero
2103 835 2292 890 denuo
2323 836 2485 890 illum
2519 836 2842 894 Naziauzus
2874 845 3078 910 tenuit,
3116 847 3442 905 maximum
3487 869 3587 922 pa-

1939 924 2010 978 tri
2051 923 2518 995 quandocuuque
2534 942 2676 980 usus
2705 936 2860 982 esset
2891 930 3306 1003 adjutorem,et
3333 941 3434 1007 qui
3459 949 3579 995 tan-

1939 1018 2060 1068 tam
2093 1013 2186 1068 hic
2209 1013 2376 1084 plane
2403 1013 2706 1070 adhiberet
2750 1023 3202 1089 contentionem,
3236 1040 3345 1093 quo
3390 1043 3582 1098 neque

1939 1101 2036 1158 ille
2060 1102 2178 1157 ulla
2201 1104 2436 1158 omnino
2468 1120 2536 1158 ex
2567 1121 2645 1171 re,
2680 1107 2964 1178 modoque
3000 1109 3137 1172 ullo,
3168 1113 3424 1185 aliquam
3476 1134 3582 1172 ac-

1939 1193 2148 1261 ciperet
2178 1193 2574 1261 otfensionem,
2611 1211 2800 1267 neque
2834 1199 2958 1268 ipse
3005 1201 3350 1274 quidquam,
3383 1211 3573 1277 quoad

1938 1284 2062 1350 ejus
2094 1283 2280 1338 facere
2315 1289 2529 1353 posset,
2563 1287 2874 1352 omitteret,
2907 1290 3006 1343 sed
3040 1307 3401 1365 quascunque
3425 1298 3583 1367 peni-

1943 1382 2032 1426 tus
2070 1373 2447 1427 observantiae
2479 1373 2788 1443 cultusque
2849 1383 2985 1432 sunt
3043 1380 3254 1448 ofﬁcia,
3277 1400 3340 1438 ea
3386 1389 3582 1442 omnia

1941 1476 2011 1515 ne
2045 1459 2281 1530 iongum
2311 1461 2538 1529 faciam,
2576 1463 2720 1532 patri
2765 1465 3065 1534 tribueret,
3097 1481 3267 1540 atque
3323 1472 3582 1544 aliquam

1940 1549 2160 1612 itidem,
2195 1556 2364 1604 antea
2395 1552 2677 1621 ignotam,
2710 1553 2972 1625 obsequii
2993 1555 3166 1612 iniret
3189 1562 3583 1626 rationem,ad

1939 1653 2226 1693 summam
2253 1639 2502 1710 denique
2531 1641 2688 1694 omni
2721 1657 2788 1695 ex
2813 1648 2970 1714 parte
3003 1647 3252 1702 debitam
3288 1651 3372 1704 illi
3407 1653 3586 1722 pieta-

1942 1731 2053 1781 tem
2085 1727 2399 1792 exhiberet,
2433 1735 2652 1798 quanta
2683 1746 2945 1800 unquam
3002 1735 3234 1791 etiamsi
3282 1743 3584 1810 conceptis

1938 1816 2130 1870 verbis
2153 1815 2493 1888 ultimisque
2547 1820 3044 1877 exsecrationibus
3084 1840 3210 1880 sese
3241 1827 3579 1885 obstrinxis-

1940 1908 2047 1972 set,
2092 1905 2174 1959 uti
2234 1905 2517 1975 potuisset
2553 1910 2934 1964 contentione.
2991 1916 3183 1983 Atque
3239 1914 3421 1972 simul
3461 1918 3582 1976 haec

1941 1993 2210 2049 universa
2268 1995 2635 2066 maximaque
2697 1999 2837 2053 item
2898 2005 3024 2056 tum
3090 2003 3408 2076 voluptate,
3461 2021 3582 2066 tum

1939 2082 2096 2138 omni
2131 2083 2312 2138 animi
2342 2085 2540 2140 studio
2573 2086 2628 2140 in
2652 2091 2874 2156 patrem
2897 2090 3206 2159 conferret,
3225 2095 3400 2168 idque
3420 2103 3582 2155 tanto

1938 2189 2075 2228 sane
2107 2174 2430 2230 studiosius
2459 2176 2823 2248 enixiusque,
2850 2184 2913 2236 ut
2934 2197 3048 2237 non
3081 2183 3200 2252 ipse
3252 2187 3574 2261 quidquam

1940 2262 2039 2317 ulli
2073 2263 2323 2319 tribuere
2353 2264 2664 2334 videretur,
2695 2269 2797 2322 sed
2831 2270 2940 2341 ipsi
2975 2273 3169 2342 potius
3191 2273 3310 2332 haec
3349 2278 3421 2331 ab
3451 2278 3584 2334 aliis

1938 2351 2138 2419 tribui,
2176 2352 2482 2424 magisque
2515 2354 2634 2424 ipse
2665 2357 2926 2428 accipere
2947 2377 2980 2414 a
3013 2368 3249 2430 parente
3275 2365 3574 2436 beneficia,

1938 2457 2111 2513 quam
2146 2441 2269 2496 suis
2290 2441 2456 2498 illum
2483 2443 2766 2500 honorare
2796 2447 3169 2506 existimaret.
3199 2451 3282 2507 Ita
3316 2453 3414 2510 ille
3445 2457 3586 2526 qui-

1935 2531 2063 2586 dem
2097 2535 2250 2585 certe
2275 2530 2590 2602 plusquam
2610 2533 2737 2604 ipsa
2767 2534 2940 2590 ofﬁcii
2975 2538 3120 2594 ratio
3161 2543 3435 2610 postulat,
3472 2561 3578 2602 sua

1937 2619 2087 2691 patri
2119 2619 2310 2675 officia
2343 2622 3574 2700 reddebat,debitumqueegrediebaturmo-

1937 2707 2098 2773 dum,
2151 2708 2293 2764 dum
2351 2709 2610 2766 debitum
2669 2728 2898 2770 servare
2930 2717 3162 2771 modum
3197 2721 3477 2788 studeret,
3510 2739 3572 2778 se

1936 2797 2088 2852 enim
2113 2797 2391 2868 ipsumin
2425 2799 2516 2854 his
2562 2799 2717 2855 velut
2773 2819 3068 2874 superare,
3105 2807 3430 2880 meliusque
3470 2816 3576 2868 ali-

223 2893 468 2960 quodsuis
488 2892 795 2964 specimen
857 2889 1172 2945 identidem
1230 2890 1386 2955 dare,
1427 2887 1778 2956 enitebatur,
1837 2886 2006 2957 idque
2043 2886 2208 2958 plane
2261 2888 2509 2957 efﬁcere,
2544 2895 2607 2945 ut
2663 2908 2872 2962 parens
2920 2911 3157 2951 suorum
3213 2914 3349 2970 erga
3411 2901 3576 2960 illum

217 2979 584 3040 beneﬁciorum
653 2981 1072 3054 magnitudine,
1135 2997 1248 3036 non
1283 2981 1476 3036 solum
1531 2978 1677 3034 senii
1725 2977 1814 3032 sui
1862 2993 2140 3050 aegraque
2198 2979 2572 3043 valetudinis,
2635 2987 2694 3036 et
2750 2984 3245 3053 proﬁciseentium
3277 2990 3414 3046 inde
3455 3009 3581 3050 ma-

212 3069 384 3144 lorum,
409 3073 854 3146 quodammodo
885 3072 1340 3136 oblivisceretur,
1371 3085 1574 3126 verum
1605 3068 1781 3125 etiam
1813 3084 1880 3124 ex
1915 3085 2024 3124 usu
2056 3068 2258 3124 eadem
2291 3085 2420 3135 suo,
2456 3086 2554 3140 per
2591 3071 2736 3128 hanc
2796 3073 2900 3128 filii
2959 3077 3263 3148 pietatem,
3289 3095 3418 3136 esse
3473 3083 3586 3138 du-

211 3161 356 3218 deret.

265 3254 370 3311 IIA'.
400 3253 473 3309 Οὐ
499 3253 689 3308 τοίνυν
738 3250 1018 3327 περιόντος
1052 3251 1146 3324 μέν
1192 3250 1356 3306 αὐτοῦ
1397 3249 1485 3304 καὶ
1529 3250 1621 3304 τὸν
1661 3248 1822 3318 ἥλιον

2012 3248 2519 3308 LXXXIV.Verum
2537 3254 2693 3309 enim
2725 3271 2858 3311 vero
2888 3274 3000 3312 non
3041 3263 3376 3330 superstitis
3419 3265 3577 3320 dun-

213 3337 496 3412 βλέποντος,
535 3344 808 3396 τοσοῦτον
846 3340 1002 3402 οὗτος
1043 3341 1310 3410 πεποίητο
1351 3339 1537 3414 λόγον.
1568 3339 1828 3412 ἀπογενο-

211 3430 343 3500 μιῆου
397 3429 454 3488 δὲ
507 3433 602 3487 καὶ
673 3431 864 3503 μηκέτ’
925 3430 1000 3492 εἴς
1059 3430 1188 3492 τοὺς
1244 3431 1364 3485 καθ’
1420 3432 1567 3503 ἡμᾶς
1621 3433 1826 3499 ζῶντας

207 3517 480 3592 τελοῦντος,
511 3521 738 3577 ἐλάσσω
773 3539 786 3552 ⁶
830 3518 975 3574 ἀλλὰ
1009 3520 1098 3575 καὶ
1136 3525 1253 3582 τοῖς
1293 3519 1575 3593 πράγμασι
1611 3518 1844 3579 τούτοις

210 3607 350 3673 οὕτως
387 3611 700 3688 ἐχρήσατο,
731 3611 808 3670 ὡς
843 3601 1217 3678 ἀκολουθῆσαι
1258 3611 1588 3664 παντάπασιν
1629 3610 1826 3679 ἑαυτῷ,

206 3699 276 3751 καί
303 3701 374 3772 μὴ
405 3706 525 3762 τοῖς
573 3697 855 3772 δευτέροις
894 3703 1252 3774 καταισχῦναι
1291 3699 1358 3752 τὰ
1395 3699 1621 3772 πρόσθεν
1655 3716 1666 3728 ·
1702 3695 1826 3752 ἄλλ’

203 3782 272 3840 ’ἶνα
308 3795 410 3844 τῶν
453 3789 639 3844 αὐτῶν
700 3789 792 3842 καὶ
851 3787 1002 3848 αὖθις
1065 3790 1311 3860 μνησθῶ,
1363 3787 1485 3842 ὅσον
1546 3787 1828 3858 περιόντος

209 3874 343 3930 αὐτοῦ
367 3879 457 3934 καὶ
487 3881 584 3934 τὸν
635 3876 798 3946 ¹ἥλιον
845 3876 1141 3951 βλέποντος
1193 3876 1461 3948 πεποίητο
1510 3875 1698 3950 λόγον,
1729 3897 1829 3930 το-

207 3969 368 4020 σοῦτον
398 3965 814 4044 ἀπογενομένου
858 3987 916 4021 τε
945 3967 1034 4021 καὶ
1091 3965 1280 4040 μηκέτ’
1313 3966 1388 4028 είς
1434 3964 1562 4027 τοὺς
1604 3967 1726 4020 καθ’
1757 3967 1823 4032 ἡ·

211 4059 292 4124 μᾶς
320 4061 522 4125 ζῶντας
555 4055 848 4116 τελοῦντος
881 4076 894 4089 ο
937 4055 1028 4111 καί
1056 4077 1140 4111 τοι
1179 4056 1232 4111 τί
1267 4055 1410 4132 λέγω
1437 4074 1450 4124 ;
1495 4055 1697 4125 πολλῷ
1726 4055 1828 4129 γὰρ

210 4149 366 4213 μεῖζον
398 4146 613 4201 ἐνταῦθ’
662 4139 830 4200 ἔτεστ’
881 4146 1030 4217 ὁρᾷν,
1064 4143 1214 4219 εἴπερ
1265 4143 1431 4200 έκεῖνο
1485 4145 1580 4218 μὲν
1627 4147 1692 4213 ἦν
1743 4143 1827 4198 ἐπ’

205 4231 344 4288 αὐτοῦ
386 4233 485 4290 τοῦ
539 4236 740 4309 βιῶναι
776 4253 789 4266 ⁸
845 4233 1056 4308 μᾶλλον
1089 4233 1133 4288 δ’
1183 4234 1232 4288 έν
1285 4239 1450 4311 μυχῷ
1494 4237 1706 4309 γήρως,
1736 4234 1825 4288 καὶ

207 4325 321 4396 πρὸς
350 4324 546 4390 αὐτοὺς
583 4321 696 4395 ἤδη
742 4323 868 4387 τοὺς
900 4323 1191 4400 ἐπιλόγους
1234 4329 1330 4379 τοῦ
1364 4325 1509 4399 βίου,
1541 4324 1603 4380 τὸ
1654 4322 1701 4378 δ’
1750 4323 1824 4386 εἰς

206 4410 506 4488 ἀνθρώπους
552 4415 755 4475 πάντας
804 4420 1106 4488 παραμενεῖ
1138 4435 1150 4446 ·
1206 4438 1234 4466 ‹‹
1275 4411 1326 4476 ἔς
1367 4420 1413 4468 τ’
1467 4412 1526 4468 ἂν
1579 4411 1724 4488 ὕδωρ
1770 4435 1828 4469 τε

207 4500 292 4574 νάῃ
319 4505 403 4558 καὶ
437 4501 631 4578 δένδρα
679 4504 860 4578 μακρά
886 4503 1096 4578 τεθήλῃ
1132 4524 1145 4536 ·
1184 4528 1210 4554 ››
1262 4503 1384 4558 ἄνευ
1424 4505 1524 4577 γὰρ
1573 4510 1672 4572 τῆς
1705 4503 1826 4577 περί

1941 3343 2099 3395 taxat
2127 3340 2317 3396 adhuc
2349 3344 2554 3412 patris,
2589 3345 2842 3416 solisque
2867 3353 3197 3408 contuentis
3222 3353 3584 3420 lucem,tan-

1941 3433 2060 3484 tam
2087 3435 2277 3486 noster
2308 3431 2560 3488 habebat
2607 3437 2890 3492 rationem
2919 3456 2932 3505 ;
2968 3444 3180 3496 mortui
3227 3449 3444 3513 autem,
3479 3463 3583 3502 nec

1939 3517 2192 3589 amplius
2242 3519 2300 3576 in
2363 3529 2560 3577 nostro
2612 3523 2720 3580 hoc
2757 3525 2893 3581 orbe
2932 3529 3256 3585 viventibus
3307 3533 3582 3590 adnume-

1941 3607 2128 3672 randi,
2162 3609 2459 3665 minorem.
2507 3612 2720 3668 Verum
2790 3615 2866 3669 ita
2925 3616 3016 3673 his
3047 3618 3218 3676 etiam
3277 3621 3336 3676 in
3402 3622 3579 3679 rebus

1940 3713 2067 3751 sese
2097 3698 2355 3769 gerebat,
2385 3708 2447 3754 ut
2477 3717 2642 3756 suam
2683 3711 3016 3760 constanter
3036 3715 3378 3778 sequeretur
3415 3713 3584 3766 indo-

1938 3784 2082 3852 lem;
2109 3803 2294 3855 neque
2319 3791 2732 3858 posterioribus
2755 3794 3158 3852 dehonestaret
3189 3798 3402 3869 priora,
3429 3801 3574 3866 imo,

1939 3878 1997 3928 ut
2023 3890 2146 3928 mea
2184 3876 2375 3932 denuo
2407 3888 2659 3947 repetam
2695 3882 2888 3948 verba,
2921 3891 3202 3954 quantum
3235 3891 3572 3958 superstitis

1934 3963 2126 4018 adhuc
2161 3966 2363 4034 patris,
2397 3967 2652 4038 solisque
2683 3973 3009 4028 contuentis
3048 3975 3259 4043 lucem,
3287 3977 3574 4036 rationem

1941 4051 2230 4122 habuerit,
2261 4061 2479 4110 tantam
2523 4059 2730 4113 mortui
2762 4061 2923 4129 item,
2960 4079 3063 4120 nec
3098 4065 3350 4136 amplius
3382 4068 3440 4122 in
3475 4086 3580 4124 no-

1937 4146 2055 4196 stro
2103 4141 2212 4197 hoc
2259 4145 2398 4200 orbe
2437 4147 2761 4204 viventibus
2820 4152 3266 4222 adnumerandi,
3301 4159 3580 4214 rationem

1936 4229 2162 4286 habuit.
2197 4235 2562 4305 Quamquam
2613 4239 2750 4310 quid
2802 4245 2891 4296 est
2928 4259 3040 4311 quo
3077 4243 3253 4299 dico?
3291 4245 3580 4304 Nimirum

1937 4324 2032 4381 hic
2062 4327 2246 4382 multo
2275 4330 2450 4385 etiam
2485 4333 2677 4404 majus
2709 4334 2980 4404 quiddam
3013 4340 3204 4394 videre
3227 4341 3580 4410 licet,siqui-

1935 4417 2067 4472 dem
2099 4417 2246 4472 illud
2279 4419 2336 4474 in
2360 4423 2476 4476 vita
2507 4422 2634 4492 ipsa
2661 4443 2674 4492 ;
2711 4425 2829 4480 sive
2864 4429 3052 4496 potius
3085 4429 3140 4482 in
3175 4429 3378 4486 ultimo
3411 4448 3582 4488 sene-

1938 4507 2110 4561 ctutis
2160 4523 2408 4577 recessu,
2444 4504 2619 4580 prope
2658 4511 2843 4582 ipsam
2889 4517 3016 4572 vita:
3056 4518 3404 4588 clausulam,
3458 4523 3580 4575 fue-

209 4593 292 4659 τήν
323 4591 582 4663 τελευτὴν
613 4595 718 4662 (3⁶)
755 4590 1056 4667 ἀντίρῥοπά
1083 4613 1140 4647 τε
1178 4593 1402 4662 ταύτης,
1440 4593 1529 4647 καὶ
1573 4593 1689 4662 μετ’
1723 4592 1824 4646 αύ-

247 4681 258 4696 .
341 4681 386 4698 ς.
429 4683 442 4698 ,
699 4681 710 4698 ο
843 4683 868 4698 ,ι
1034 4683 1042 4698 .
1190 4681 1202 4698 ,
1463 4680 1476 4698 ε
1578 4681 1656 4698 ,η

1940 4601 2050 4662 rat,
2081 4596 2187 4652 hoc
2219 4607 2410 4654 autem
2444 4601 2514 4654 ad
2546 4618 2750 4659 omnes
2774 4621 3120 4663 mansurum
3154 4609 3422 4666 homines
3445 4618 3534 4667 est
3568 4629 3580 4665 :

210 4681 292 4748 τὴν
333 4681 605 4757 ἀξιόχρεω
654 4681 950 4756 γίγνεσθαι,
986 4681 1233 4757 μέγιστόν
1283 4701 1340 4736 τε
1387 4680 1476 4736 καί
1526 4681 1824 4736 κάλλιστον

210 4766 451 4847 ἐντάφιον,
487 4768 778 4826 ἐπιδίδωσι
807 4772 989 4844 τούτῳ
1026 4771 1152 4836 τοὺς
1184 4771 1379 4847 λόγους
1417 4793 1429 4804 ·
1463 4772 1550 4826 καὶ
1587 4773 1687 4841 τήν
1716 4777 1823 4826 τῶν

210 4852 368 4933 λόγων
395 4859 602 4931 ἡδονήν
630 4880 688 4914 τε
717 4861 808 4914 καὶ
839 4860 999 4936 χάριν
1030 4880 1044 4894 ο
1079 4862 1344 4931 συστήσας
1388 4860 1478 4916 καὶ
1507 4867 1624 4924 τοῖς
1654 4861 1826 4935 ἐπιγι-

211 4949 468 5018 γνομένοις
511 4949 674 5004 αὐτὸν
721 4969 780 5002 τε
825 4950 914 5003 καὶ
962 4950 1025 5018 ἣν
1074 4947 1206 5027 ἔσχε
1247 4951 1372 5024 περὶ
1415 4954 1586 5004 πᾶσαν
1634 4950 1828 5024 ἀρετὴν

211 5032 480 5112 εὖκληρίαν
512 5058 526 5072 ·
577 5039 1111 5114 παραμυθησάμενος
1161 5039 1239 5106 δὲ,
1282 5040 1358 5100 ὡς
1406 5040 1571 5109 εἰκὸς,
1620 5042 1718 5109 τήν
1773 5060 1831 5093 τε

215 5125 399 5197 μητέρα
424 5127 552 5188 τοὺς
603 5148 664 5181 τε
705 5125 944 5188 οἰκείους
988 5128 1076 5182 καὶ
1107 5133 1278 5183 πᾶσαν
1327 5129 1618 5198 Ναζιανζόν
1655 5151 1667 5162 ·
1714 5149 1822 5182 κοι-

212 5211 284 5266 νὸν
329 5217 425 5289 γὰρ
477 5217 546 5286 ἦν
601 5216 822 5284 πένθος,
875 5218 962 5272 καὶ
1021 5221 1182 5272 πᾶσιν
1243 5216 1436 5280 ἁπλῶς
1494 5219 1580 5273 καὶ
1640 5218 1832 5273 καθένα

212 5297 418 5374 Exitum,
463 5304 556 5360 καὶ
603 5306 727 5380 περί
784 5327 842 5360 τε
891 5308 1076 5380 ψυχῆς
1134 5307 1224 5361 καὶ
1282 5311 1379 5361 νοῦ
1415 5307 1504 5362 καὶ
1565 5307 1686 5382 βίου
1740 5306 1830 5362 καὶ

211 5388 396 5460 κόσμού
422 5395 513 5448 καὶ
545 5398 654 5448 τῶν
698 5394 832 5469 ὑπὲρ
863 5397 1068 5468 κόσμον
1103 5415 1114 5427 ·
1159 5396 1248 5450 καὶ
1277 5395 1330 5452 τί
1365 5397 1458 5469 μὲν
1497 5396 1564 5450 τὰ
1593 5397 1833 5471 παρόντα

212 5478 366 5531 τεκαὶ
411 5481 508 5536 οὐκ
560 5481 724 5538 ὄντα·
774 5483 827 5538 τί
859 5479 918 5538 δὲ
960 5483 1028 5538 τὰ
1080 5483 1372 5558 μέλλοντα,
1404 5487 1492 5540 καὶ
1545 5482 1716 5547 ὅντως
1771 5505 1833 5560 γε

278 5680 416 5758 (ἓξ-Κ
433 5688 608 5758 ρεῖττ
622 5703 649 5738 ο
662 5685 884 5756 ν.ζυαιο
913 5681 1202 5758 Κρείττων.

281 5751 384 5824 (3')
407 5751 554 5812 Add.
580 5751 883 5830 θεραπείας,
914 5751 1018 5813 aut
1044 5754 1387 5828 επιμελείας.

513 5855 766 5922 Panos.
812 5859 926 5922 Gn.
970 5856 1192 5922 CXLV.

1939 4705 1967 4734 ιι
1999 4685 2148 4740 Dum
2183 4686 2313 4742 fluit
2346 4691 2501 4743 unda
2534 4692 2712 4747 maris
2746 4709 2759 4746 :
2794 4695 2933 4750 dum
2962 4698 3198 4753 frondes
3228 4699 3474 4768 parturit
3496 4718 3586 4754 ar-

1939 4774 2164 4844 bos“).
2197 4796 2227 4824 ››
2253 4776 2478 4848 Quippe
2495 4795 2663 4848 snper
2703 4782 2895 4837 ofﬁcia
2942 4785 3087 4854 patri
3138 4786 3338 4842 morbo
3388 4788 3586 4843 morti-

1940 4862 2057 4918 fero
2087 4864 2288 4920 affecto
2322 4870 2780 4937 praestita,paria
2809 4871 3186 4944 illis,suoque
3223 4875 3358 4944 jure
3401 4877 3590 4944 proxi-

1943 4969 2036 5007 mo
2069 4952 2336 5010 habenda
2357 4955 2504 5022 loco,
2525 4961 2846 5016 maximum
2868 4968 3037 5034 atque
3058 4964 3584 5033 exquisitissimum

1941 5043 2267 5114 exsequiale
2301 5063 2536 5114 munus,
2571 5048 2870 5104 funebrem
2891 5051 3310 5120 laudationem,
3327 5056 3585 5123 gratissi-

1943 5147 2186 5202 mosque
2217 5133 2379 5191 illius
2409 5152 2474 5190 ac
2521 5139 2901 5193 suavissimas
2957 5143 3183 5206 odores,
3208 5143 3442 5212 adjecit,
3469 5162 3586 5216 qua

1942 5223 1998 5273 et
2030 5225 2331 5290 paternam
2366 5227 2685 5292 posteritati
2713 5228 3074 5295 memoriam,
3097 5229 3440 5302 felicemque
3473 5235 3590 5286 vir-

1942 5312 2130 5364 tutum
2166 5313 2429 5368 omnium
2453 5316 2675 5369 cultum
2708 5317 3180 5384 commendabat,
3210 5329 3262 5374 et
3311 5324 3588 5390 quemad-

1947 5398 2184 5452 modum
2207 5417 2306 5470 per
2327 5407 2468 5466 erat,
2501 5407 2744 5458 matrem
2781 5419 3032 5475 suosque
3064 5409 3450 5476 necessaries,
3469 5427 3586 5464 om-

1945 5501 2196 5557 nemque
2224 5487 2594 5558 Nazianzum,
2613 5490 3023 5548 consolabatur
3043 5537 3056 5562 ,
3080 5499 3414 5554 communis
3435 5499 3589 5556 enim

2015 5691 2095 5774 (ἢ
2161 5691 2472 5774 _Herodot.,
2532 5697 2649 5774 l't'ta
2707 5697 2942 5767 Homeri,
3000 5717 3054 5754 ιι
3103 5719 3135 5766 ς,
3181 5702 3343 5774 Diog.
3379 5704 3591 5771 Laert.,

1949 5761 2222 5820 Cleobula.
2460 5761 2467 5762 ί
2571 5769 2579 5778 ’

3202 5873 3278 5931 10
