4092 6300
383 404 502 468 299

1693 398 2092 464 THEODULI
2135 395 2500 461 MONACHI

3679 398 3798 462 300

369 540 681 600 «universis
711 539 928 614 pariter
957 537 1176 596 civibus
1197 535 1568 609 singulisque
1603 535 1799 592 luctus
1825 538 1944 592 erat
1972 539 2034 592 et

2176 552 2270 588 ντα
2322 528 2590 586 κάλλιστα
2639 532 2852 586 πάντων
2907 532 3308 609 φιλοσοφήσας,
3337 535 3433 591 καὶ
3482 541 3672 600 πείσας
3721 537 3801 611 μή

391 634 674 706 praeterea
703 629 774 686 de
793 627 1008 698 anima,
1042 643 1108 684 ac
1133 629 1348 694 mente,
1381 641 1446 682 ac
1493 625 1636 695 vita,
1667 640 1735 681 ac
1791 624 2038 691 mundo,

397 721 693 792 rebusque
723 734 904 791 supra
917 715 1259 785 mundanis,
1275 715 1597 786 quantique
1621 715 1762 770 item
1785 729 2042 787 praesen-

391 809 498 878 tia,
530 825 659 880 quas
691 805 837 862 nihil
868 805 1185 861 admodum
1219 807 1374 867 sunt,
1407 806 1464 860 et
1485 803 1687 874 quanti
1721 819 1928 860 rursus
1951 802 2042 858 fu-

395 905 550 968 tura,
585 914 714 971 quae
745 911 941 952 revera
989 897 1150 961 sunt,
1182 893 1370 950 facere
1418 893 1747 960 conveniat,
1777 892 2044 950 omnium

396 989 739 1064 gravissime
767 985 1091 1044 disserebat
1123 1003 1136 1042 :
1172 985 1372 1042 adhrec
1417 987 1618 1042 auctor
1648 985 1768 1041 illis
1795 989 1938 1049 erat,
1972 999 2044 1040 ne

395 1081 552 1136 beati
581 1079 686 1136 viri
716 1077 790 1134 de
829 1077 938 1134 hac
967 1076 1084 1133 vita
1111 1075 1445 1132 discessum
1487 1075 1706 1132 ferrent
1750 1073 2047 1130 dolentius

399 1170 878 1244 plangerentque,
909 1182 1113 1222 verum
1149 1166 1475 1222 discessum
1511 1164 1677 1220 illum
1721 1165 1792 1220 ad
1842 1166 2050 1232 Deum,

396 1261 520 1317 sive
539 1275 864 1324 accessum,
897 1257 1016 1314 sive
1047 1255 1322 1322 reditum,
1355 1271 1456 1310 seu
1506 1255 1899 1327 quodcunque
1927 1255 2049 1310 cui-

400 1365 576 1424 quam
609 1345 1281 1422 placueritvocabulum,
1313 1361 1443 1400 esse
1473 1343 1796 1412 credentes,
1829 1344 2052 1400 latenti

394 1439 588 1514 potius
618 1437 815 1495 animo
841 1439 1055 1503 essent,
1077 1434 1306 1506 illique,
1333 1438 1396 1489 ut
1425 1435 1522 1505 qui
1579 1450 1733 1490 unus
1779 1433 2049 1491 omnium

391 1529 563 1602 longe
592 1527 706 1584 Deo
757 1524 1158 1584 charissimus.
1182 1525 1427 1594 ejusque
1466 1522 1690 1580 ordinis
1744 1523 2052 1579 hominum

398 1617 570 1675 facile
623 1616 892 1689 princeps
953 1618 1128 1682 esset,
1185 1627 1419 1668 summo
1505 1613 2056 1682 congratularentur

399 1722 593 1782 opere.
624 1706 824 1778 Neque
853 1721 986 1760 vero
1020 1703 1111 1759 hic
1156 1703 1424 1776 protinus
1475 1700 1548 1756 ab
1599 1701 1794 1758 ofﬁcio
1844 1717 2059 1758 conso-

405 1795 566 1854 landi
598 1794 998 1851 desistendum
1021 1792 1159 1863 sibi,
1179 1806 1368 1863 neque
1400 1806 1576 1846 unam
1607 1790 1782 1846 istam
1811 1790 1904 1846 sui
1927 1806 2058 1846 mu-

2149 621 2284 696 πρὸς
2341 622 2440 690 τὴν
2497 616 2702 675 ἐνθένδε
2768 625 2866 676 τοῦ
2932 618 3126 696 ἀνδρὸς
3191 621 3457 699 ἐκδημίαν
3520 623 3804 702 δυσχερῶς

2150 706 2298 786 ἔχειν
2346 710 2434 765 καὶ
2486 711 2800 782 κόπτεσθαι,
2845 709 2992 766 ἀλλά
3039 713 3174 786 πρὸς
3217 714 3310 782 τὸν
3363 717 3490 771 Θεὸν
3533 713 3803 789 ἐκδημίαν

2153 800 2250 857 εἴτ’
2297 797 2584 873 ἐνδημίαν,
2617 801 2716 855 εἴτ’
2765 797 3046 871 ἐπάνοδον,
3089 801 3186 857 εἴθ’
3234 803 3265 858 ὅ
3309 825 3362 859 τι
3405 805 3490 868 τὶς
3543 805 3805 880 βούλεται

2153 889 2354 961 ταύτην
2395 887 2742 962 νομίσαντας,
2788 888 3004 969 χαίρειν
3049 911 3109 947 τε
3155 893 3244 946 καὶ
3291 891 3472 966 τούτῳ
3520 891 3805 972 διαφερόνο

2155 1001 2264 1041 τως
2317 979 2653 1055 συγχαίρειν,
2705 979 2780 1044 ὡς
2828 979 2961 1056 ὑπὲρ
3015 981 3214 1044 πᾶντας
3273 982 3519 1062 θεοφιλεῖ
3559 984 3650 1038 καὶ
3701 992 3806 1054 τῆς

2156 1074 2264 1125 τῶν
2293 1067 2556 1124 τοιούτων
2607 1071 2834 1148 φατρίας
2865 1071 3149 1147 φερομένῳ
3195 1076 3472 1146 ταπρῶτα.
3504 1073 3617 1128 Οὐκ
3664 1072 3806 1146 ᾤετο

2160 1158 2270 1218 δεῖν
2320 1159 2545 1215 ἐνταῦθα
2593 1163 2690 1224 τῆς
2731 1160 3073 1235 παραμυθίας
3120 1162 3352 1233 ἑστάναι,
3387 1159 3501 1217 οὐδ’
3550 1163 3810 1240 ἀποχρῆν

2161 1255 2352 1308 τοῦτον
2385 1249 2546 1324 μόνον
2577 1251 2675 1320 τήν
2709 1247 2923 1330 ἕφᾰνον,
2955 1249 3084 1306 ἀλλ’
3123 1251 3255 1328 ἄχρι
3288 1253 3483 1315 παντὸς
3515 1251 3570 1315 ἐς
3604 1253 3808 1309 τελευ-

2159 1343 2258 1411 τὴν
2288 1339 2454 1410 αὐτὴν
2493 1343 2561 1413 τῇ
2606 1341 2774 1415 μητρὶ
2805 1339 3132 1414 παραμένειν
3174 1345 3238 1416 [1³.
3280 1341 3597 1417 παραμένει]
3636 1341 3811 1414 κηδό-

2165 1453 2348 1504 μενος,
2391 1429 2696 1505 θεραπεύων
2733 1449 2747 1462 ⁸
2791 1429 3228 1506 ἐπιμελούμενος
3274 1433 3341 1487 τὰ
3392 1432 3591 1502 εἰκότα,
3633 1440 3809 1489 πᾶσαν

2164 1520 2240 1583 ὡς
2282 1521 2448 1576 εἰπεῖν
2497 1521 2770 1596 χορηγίαν
2819 1521 3078 1594 προνοίας
3128 1520 3389 1598 εἰσφέρων
3424 1542 3437 1555 ·
3487 1520 3702 1578 ἐπειδὰν
3753 1519 3814 1578 δὲ

2164 1612 2200 1680 ἠ
2233 1612 2590 1684 προσήκουσα
2643 1614 2810 1684 μοῖρα
2841 1610 2936 1664 τοῦ
2989 1609 3112 1686 βίου
3161 1610 3414 1688 ἀπήγαγε
3461 1611 3556 1686 μὶν
3604 1611 3810 1681 ταύτην

2167 1696 2392 1762 ἐνθένδε,
2427 1699 2564 1772 πρὸς
2597 1695 2654 1752 δὲ
2700 1698 2790 1753 τὸν
2824 1699 2882 1752 ’ὀν
2913 1697 2962 1772 ἐξ
3012 1699 3194 1779 ἀρχῆς
3243 1699 3423 1756 ἐπόθει
3467 1701 3596 1756 Θεὸν
3649 1700 3813 1756 ἐπαν-

2169 1789 2360 1863 ήγαγε,
2392 1787 2475 1850 τίς
2527 1785 2626 1842 οὐκ
2673 1784 2813 1842 οἶδεν
2864 1788 2942 1850 ὡς
2993 1790 3076 1852 οἷς
3119 1787 3285 1858 αὐτὴν
3333 1791 3641 1863 τετιμήκει,
3687 1789 3816 1844 πάν-

397 1885 555 1945 nerie
587 1885 970 1941 suffecturam
999 1891 1240 1952 partem,
1259 1885 1442 1948 ratus,
1463 1889 1738 1953 perpetuo
1786 1880 2059 1952 deinceps

2176 1897 2262 1938 τας
2294 1875 2616 1948 ἐξέπληξεν;
2669 1876 2774 1933 οὐχ
2807 1877 2882 1940 ὡς
2913 1875 2974 1932 ἂν
3028 1875 3174 1934 εἴποι
3201 1899 3286 1940 τις
3338 1876 3548 1953 μητέρα
3583 1883 3762 1953 τιμῶν
3796 1897 3814 1913 ο

398 1977 553 2050 apud
578 1979 848 2043 matrem,
880 1973 1068 2044 quoad
1101 1971 1230 2044 ipsa
1259 1970 1496 2040 viveret,
1529 1970 1844 2038 remansit;
1881 1987 2046 2026 com-

402 2064 584 2122 modis
625 2063 785 2120 illius
857 2061 1134 2128 serviens,
1167 2059 1520 2130 obsequium
1561 2058 1904 2132 cultumque
1946 2058 2057 2115 tri-

2165 1965 2294 2022 ἀλλ’
2325 1967 2399 2029 ὡς
2430 1965 2561 2040 μάλ’
2591 1966 2870 2041 ἐρωμένην
2901 1968 3060 2040 Θεοῦ,
3092 1969 3182 2024 καὶ
3211 1971 3603 2046 νυμφευθεῖσαν
3635 1967 3818 2042 τούτῳ

2174 2055 2264 2111 καὶ
2298 2056 2402 2131 πρὸ
2431 2062 2531 2126 τῆς
2563 2054 2836 2126 κλήσεως.

407 2155 614 2224 buens,
647 2152 1200 2222 convenientemque
1246 2165 1455 2223 gerens
1503 2165 1725 2216 curam,
1761 2164 1992 2220 unoque
2039 2149 2235 2216 verbo,
2267 2149 2373 2221 pie
2431 2147 2802 2220 providasque
2857 2147 3264 2206 sollicitudinis
3305 2149 3531 2223 copiam
3583 2165 3817 2208 omnem

407 2251 676 2316 prompta
703 2241 788 2297 illi
818 2257 996 2297 manu
1027 2240 1312 2312 praebens,
1335 2255 1512 2311 quam
1545 2237 1642 2294 ubi
1671 2237 1930 2294 debitum
1963 2238 2087 2294 vitae
2119 2237 2304 2294 fatum
2338 2254 2370 2294 e
2399 2237 2568 2294 terris
2598 2237 2970 2305 subductam,
2993 2237 3068 2294 ad
3101 2240 3304 2309 Deum,
3335 2255 3505 2310 quem
3541 2238 3618 2296 ab
3647 2239 3818 2297 incu-

411 2333 646 2390 nabulis
677 2332 796 2388 suis
825 2345 1054 2386 summe
1075 2329 1458 2397 desideraret,
1488 2329 1742 2395 reduxit,
1774 2327 1907 2400 quis
1937 2337 2024 2386 est
2053 2327 2152 2400 qui
2178 2330 2420 2396 nesciat,
2451 2343 2568 2400 qua
2590 2327 2700 2399 ipsi
2749 2328 2958 2400 pietate
3013 2330 3375 2400 parentabat,
3422 2329 3483 2384 in
3540 2346 3816 2404 magnam

407 2439 612 2481 omnes
643 2421 968 2479 traduxisse
995 2419 1502 2476 admirationem?
1541 2419 1666 2476 Non
1725 2419 1882 2476 enim
1930 2425 1996 2476 ut
2053 2420 2226 2476 matri
2285 2419 2454 2476 illum
2511 2435 2650 2488 suis,
2683 2419 2784 2476 sed
2843 2423 2910 2475 ut
2961 2417 3128 2476 unice
3173 2419 3291 2478 Deo
3348 2419 3594 2482 dilectae.
3649 2422 3823 2492 eique

409 2515 586 2572 etiam
617 2513 960 2586 priusquam
994 2515 1201 2577 vocata
1229 2511 1439 2568 fuisset
1475 2511 1803 2583 desponsa,
1839 2517 2174 2584 parentasse
2203 2510 2444 2568 dixeris.

477 2601 758 2662 LXXXV.
781 2599 956 2673 Atqui
979 2605 1248 2672 parentes
1280 2615 1419 2656 suos
1453 2599 1699 2655 maximi
1723 2601 1936 2669 facere,
1965 2598 2057 2656 di-

407 2694 652 2768 gnisque
677 2691 864 2747 colere
924 2690 1266 2754 honoribus,
1297 2688 1566 2762 nihilque
1622 2689 1765 2745 adeo
1824 2695 2064 2760 praeter-

410 2783 640 2840 mittere
706 2795 906 2836 eorum
949 2794 1076 2850 quas
1108 2776 1254 2850 ipsis
1284 2783 1561 2848 praestare
1595 2777 1694 2848 jus
1732 2794 1799 2834 ac
1839 2779 1924 2834 fas
1954 2787 2062 2846 est,

407 2871 548 2928 illud
581 2886 698 2926 non
731 2867 998 2926 maximae
1029 2883 1172 2924 sane
1201 2866 1357 2922 laudi
1417 2866 1671 2936 ducitur,
1703 2867 1918 2938 quippe
1955 2868 2060 2938 ju-

411 2971 566 3019 stum
597 2960 768 3032 plane
797 2958 1199 3030 debitumque.
1223 2956 1455 3014 Scilicet
1487 2961 1546 3012 ut
1575 2956 1907 3029 neglectum
1955 2957 2064 3014 hoc

413 3049 646 3121 pietatis
675 3047 933 3105 ofﬁcium
965 3044 1368 3119 gravissimam
1397 3045 1910 3118 reprehensionem
1955 3047 2064 3102 ha-

413 3139 530 3207 hel,
561 3144 618 3195 et
645 3136 828 3194 divini
859 3135 1036 3193 etiam
1081 3135 1348 3208 praecepti
1400 3136 1582 3208 impia
1627 3135 1928 3207 abrogatio
1959 3145 2066 3209 est,

413 3231 496 3286 ita
542 3231 841 3286 servatum
901 3227 1270 3300 obitumque,
1333 3225 1556 3282 nullam
1616 3226 1825 3298 recipit
1866 3228 2064 3284 admi-

415 3321 724 3386 rationem,
748 3317 984 3389 quando
1011 3317 1162 3387 quod
1197 3331 1436 3386 aequum
1468 3325 1554 3372 est
1603 3317 1884 3372 duntaxat
1932 3333 2066 3388 per-

415 3407 678 3475 solvitur,
715 3406 1000 3479 quidquid
1023 3409 1216 3462 autem
1251 3421 1482 3476 aequum
1519 3421 1616 3476 per
1673 3421 1735 3461 se
1778 3411 1888 3475 est,
1921 3405 2065 3462 illud

415 3497 592 3556 ofﬁcii
623 3495 972 3554 necessitate
1004 3493 1226 3562 nititur,
1255 3500 1315 3550 at
1341 3494 1662 3551 necessitas
1687 3511 1890 3550 rursus
1908 3495 2070 3552 nulla

416 3591 666 3644 donatur
696 3601 929 3642 corona.
955 3583 1197 3650 Quando
1228 3581 1338 3638 hoc
1378 3583 1574 3654 ipsum
1608 3583 1886 3653 ofﬁcium,
1912 3591 2070 3642 tanta

421 3693 559 3734 cum
589 3673 930 3732 excellentia
955 3675 1078 3729 viro
1113 3671 1440 3743 justissimo
1481 3673 1806 3744 perfectum
1861 3680 1970 3741 est,
2006 3679 2072 3732 ut

415 3769 484 3821 ad
545 3765 774 3821 nullum
823 3777 1166 3833 expressum
1207 3760 1522 3830 exemplar,
1564 3777 1765 3818 verum
1826 3764 2068 3820 unicum

415 3855 546 3912 aliis
580 3855 842 3911 futurum
875 3852 951 3908 sit
979 3851 1342 3924 exemplum,
1364 3851 1508 3908 adeo
1554 3867 1697 3909 sane
1744 3868 1958 3925 magno
1998 3853 2070 3908 il-

411 3941 511 3998 lud
550 3944 606 3998 in
638 3943 821 4015 pretio
855 3941 1192 3998 habendum
1217 3945 1326 4009 est,
1359 3949 1419 3996 ut
1449 3941 1500 3995 si
1533 3941 1600 3996 ad
1637 3957 1753 3997 non
1783 3941 2069 4014 singulari

2243 2602 2370 2654 HE’.
2403 2597 2472 2653 Τὸ
2521 2597 2614 2670 μὲν
2653 2595 2720 2664 δὴ
2763 2595 2888 2662 τοὺς
2929 2598 3360 2674 γεννησαμένους
3393 2601 3518 2676 περὶ
3557 2597 3821 2656 πλείστου

2171 2687 2464 2756 ποιεῖσθαι,
2493 2685 2582 2740 καὶ
2611 2691 2774 2759 τιμᾷν
2805 2686 2871 2742 τὰ
2908 2687 3226 2764 γιγνόμενα,
3259 2687 3350 2744 καὶ
3403 2687 3570 2762 μηδὲν
3613 2689 3822 2746 ἀνιέναι

2173 2781 2281 2831 τῶν
2327 2775 2426 2830 ὅσα
2478 2796 2540 2852 γε
2599 2774 2675 2837 εἷς
2725 2775 2918 2838 αὐτοὺς
2974 2777 3228 2852 πράττειν
3290 2777 3458 2848 εῗκὸς,
3510 2779 3825 2852 θαυμαστὸν

2175 2863 2350 2935 οὐδὲν,
2397 2864 2442 2920 εἰ
2499 2865 2590 2920 καὶ
2645 2870 2756 2920 τῶν
2815 2867 2955 2920 πάνυ
3006 2865 3230 2922 δικαίων
3266 2887 3278 2898 ·
3331 2866 3608 2944 ὀφείλεται
3664 2870 3772 2946 γάρ
3809 2888 3822 2900 ·

2176 2955 2323 3010 ἀλλά
2355 2957 2432 3028 μὴ
2473 2957 2765 3031 γενόμενον
2811 2956 2931 3029 μὲν,
2966 2955 3221 3030 μίμψεως
3262 2955 3323 3012 οὐ
3367 2963 3564 3032 μικρᾶς
3604 2957 3664 3012 ἂν
3708 2957 3825 3030 εἴη,

2176 3046 2264 3100 καὶ
2298 3043 2513 3119 προσέτ’
2563 3045 2816 3114 ἀθέτησις
2847 3045 3074 3116 ἐντολῆς
3110 3064 3122 3079 ⁸
3173 3047 3457 3121 γενόμενον
3505 3044 3582 3114 δὲ,
3615 3048 3720 3102 οὐκ
3749 3042 3829 3103 ἔτ’

2097 3175 2140 3242 C
2178 3132 2240 3188 ἃν
2274 3131 2594 3210 ἐπιδεχοιτο
2627 3137 2804 3207 θαῦμα
2839 3155 2851 3166 ·
2882 3136 2946 3190 τὸ
2977 3137 3082 3212 γὰρ
3124 3135 3266 3197 εἰκός
3298 3135 3437 3191 ἐστιν
3477 3135 3775 3192 ἐκτιννύναι
3809 3161 3822 3173 ο

2219 3233 2246 3242 ..
2316 3223 2360 3242 μ
2440 3227 2451 3240 ι
2532 3225 2546 3242 .
2592 3227 2606 3242 ι
2713 3225 2727 3242 ς
2785 3228 2798 3242 ,
2982 3225 3006 3242 ς
3032 3229 3044 3242 ,
3165 3229 3189 3242 Α
3299 3225 3326 3242 υ
3629 3230 3644 3242 .
3699 3229 3710 3242 .

2175 3233 2280 3282 πᾶν
2315 3223 2372 3281 δὲ
2402 3227 2462 3282 τὸ
2503 3225 2668 3297 εἰκὸς,
2701 3225 2942 3303 ἀνάγκης
2979 3225 3250 3299 δήπουθεν
3289 3225 3526 3302 ἤρτηται
3561 3248 3572 3262 ⁸
3619 3229 3826 3306 ἀνάγκη

2178 3313 2235 3372 δὲ
2291 3315 2661 3393 ἀστεφάνωτον
2693 3335 2705 3347 ·
2765 3320 2853 3371 νῦν
2911 3314 2970 3372 δὲ
3028 3318 3118 3380 οἷς
3176 3317 3306 3373 αὐτὸ
3367 3318 3502 3390 μετά
3555 3318 3826 3388 τοσαύτης

2179 3400 2491 3479 ὑπερϐολῆς
2539 3406 2895 3480 κατώρθωται
2944 3410 3026 3478 τῷ
3067 3403 3281 3478 δικαίῳ,
3315 3408 3388 3469 ὡς
3433 3405 3564 3480 μήδ’
3593 3407 3669 3470 εἰς
3717 3429 3828 3463 πα-

2179 3494 2446 3571 ράδειγμα
2475 3497 2654 3573 φερειν
2687 3516 2698 3528 ·
2752 3495 2882 3551 ἀλλ’
2913 3497 3050 3551 αὐτὸ
3095 3500 3256 3552 τοῦτο
3309 3500 3470 3569 μόνον
3522 3497 3655 3553 εἶναι
3703 3505 3825 3562 τοῖς

2177 3581 2372 3646 ἄλλοις
2423 3581 2790 3660 παράδειγμα,
2825 3585 2968 3639 οὕτω
3017 3583 3236 3641 πολλοῦ
3283 3586 3424 3648 τινός
3467 3585 3611 3642 ἰστιν
3655 3585 3830 3660 ἄξιον,

2177 3673 2250 3734 ὡς
2284 3673 2327 3727 εἰ
2358 3675 2433 3748 μή
2486 3671 2694 3748 σφόδρα
2720 3695 2802 3735 τις
2855 3673 3124 3744 ἐπαινοίη,
3155 3671 3266 3730 οὔτ’
3317 3673 3376 3730 ἂν
3413 3681 3532 3739 τοῖς
3563 3676 3827 3752 πράγμα-

2177 3784 2257 3817 σιν
2289 3764 2465 3838 ὀρθῶς
2517 3761 2724 3834 διαιτᾷν
2763 3761 2962 3836 δόξειεν
3013 3764 3096 3837 ἂν,
3128 3765 3218 3820 καὶ
3272 3763 3561 3838 βασκανίας
3601 3763 3831 3820 ἁλισκε-

2179 3853 2344 3906 σθαι·
2405 3857 2631 3928 πρᾶγμα
2683 3857 2940 3908 τοσοῦτον
3000 3851 3188 3916 ἁπλῶς
3251 3851 3506 3924 ἐπαινῶν,
3563 3855 3652 3908 καὶ
3746 3856 3826 3928 μὴ

2178 3941 2444 4011 κατάκρας
2478 3942 2795 4016 θαυμάζων.

419 4031 714 4104 quispiam
742 4029 917 4086 laude
943 4029 1178 4096 efﬁciat,
1210 4027 1307 4084 ille
1338 4045 1527 4101 neque
1557 4044 1758 4102 aequus
1781 4045 1973 4085 rerum
2007 4031 2220 4086 arbiter
2249 4047 2376 4086 esse
2407 4031 2690 4099 videatur,
2713 4041 2766 4088 et
2788 4033 3118 4089 invidentia:
3150 4049 3210 4090 se
3240 4033 3416 4090 simul
3443 4033 3658 4107 alliget.
3684 4037 3826 4092 Rom

417 4126 642 4178 tantam
668 4119 934 4176 videlicet
963 4117 1219 4192 simplici
1252 4119 1423 4176 modo
1454 4119 1644 4190 laude,
1675 4136 1790 4176 non
1823 4137 2060 4178 summa
2088 4122 2472 4178 admiratione
2494 4123 2832 4178 honestene.

492 4209 783 4266 LXXXVI.
818 4209 981 4264 Idem
1015 4217 1290 4280 praeterea
1321 4209 1421 4265 ubi
1479 4208 1906 4266 Nazianzenam
1963 4212 2068 4266 Ec-

421 4299 662 4356 clesiam
683 4315 818 4354 eum
853 4299 960 4355 hoc
977 4297 1283 4370 pastorein
1307 4299 1544 4354 modum
1578 4305 1807 4370 pastam
1841 4300 2068 4367 viderit,

421 4395 484 4447 ut
513 4405 692 4462 supra
722 4387 863 4445 alias
885 4403 1091 4444 omnes
1121 4387 1193 4442 ad
1217 4386 1498 4443 virtutem
1525 4387 1819 4460 ﬁdemque
1849 4391 2070 4462 optime

417 4482 756 4550 comparata
799 4492 866 4532 ac
923 4474 1290 4533 consolidata
1347 4482 1525 4547 esset,
1556 4477 1630 4532 ab
1687 4495 1872 4550 eoque
1917 4479 2068 4551 justi

2253 4211 2502 4285 Πς”.Καὶ
2528 4211 2635 4286 μὴν
2660 4211 2782 4266 ὅταν
2808 4214 2943 4287 πρὸς
2965 4213 3144 4286 τούτῳ
3166 4214 3254 4268 καὶ
3273 4215 3372 4284 τὴν
3395 4219 3505 4269 τῶν
3527 4220 3829 4286 Ναζιανζη-

2181 4303 2284 4354 νῶν
2317 4299 2644 4369 Ἐκκλησίαν
2695 4301 2866 4366 οὕτως
2898 4303 2988 4358 ὑπ’
3036 4305 3202 4358 αὐτοῦ
3253 4305 3688 4378 ποιμαινομένην
3736 4325 3832 4360 κα-

2176 4388 2328 4462 τίδῃ,
2363 4388 2436 4450 ὡς
2471 4391 2604 4463 πρὸς
2655 4391 2850 4464 ἀρετήν
2879 4412 2937 4445 τε
2967 4390 3054 4444 καὶ
3105 4391 3284 4446 πίστιν
3323 4393 3456 4467 ὑπὲρ
3511 4393 3678 4454 παίσας
3729 4394 3832 4456 τὰς

2179 4476 2352 4538 ἄλλας
2403 4477 2753 4553 κατηρτίσθαι
2807 4480 2896 4534 καὶ
2943 4477 3210 4554 ἡδρὸίσθαι
3240 4481 3330 4535 καὶ
3381 4482 3551 4537 καλοῦ
3601 4483 3686 4536 καὶ
3742 4479 3830 4538 δι-

422 4568 617 4626 omnis
646 4570 705 4624 et
731 4565 962 4622 honesti
1022 4565 1277 4623 maxime
1328 4567 1634 4640 accepisset
1667 4567 2062 4637 incitamenta,

2177 4566 2332 4620 καίου
2385 4568 2582 4629 παντὸς
2633 4563 2823 4622 λαϐεῖν
2874 4567 3112 4624 ἐδτεῦθεν
3167 4567 3380 4641 μᾶλλον
3441 4567 3830 4642 τούνδόσιμον,

419 4675 535 4732 quo
567 4659 759 4728 ipsum
789 4660 958 4728 pacto
990 4672 1104 4712 non
1138 4656 1488 4728 impensiore
1505 4657 1698 4714 studio
1726 4658 2070 4728 admiretur,

422 4748 521 4821 qui
546 4753 663 4804 tam
697 4745 904 4802 multis
951 4744 1436 4818 admirandisque
1478 4747 1694 4818 pariter
1762 4747 2065 4814 enituerat,

422 4838 772 4909 virtutibus;
805 4835 905 4908 qui
935 4834 1326 4908 omnibusque
1356 4836 1415 4892 in
1445 4838 1622 4894 rebus
1641 4838 1732 4894 ita
1761 4837 2070 4912 magniﬁce

423 4925 888 4998 excellenterque
918 4928 1182 4982 versatus
1215 4925 1421 4994 fuerat,
1455 4927 1604 4983 velut
1630 4926 1690 4982 in
1729 4943 1791 4982 re
1819 4927 2068 5000 quadam

420 5033 540 5072 una
568 5014 920 5090 sigillatim?
951 5015 1119 5087 cujus
1152 5014 1279 5072 ideo
1310 5019 1428 5072 tam
1461 5017 1674 5074 eximio
1713 5017 1907 5074 omnis
1963 5017 2073 5074 Na-

419 5106 834 5161 zianzenorum
865 5105 1064 5161 civitas
1114 5108 1280 5178 capta
1320 5121 1515 5161 amore
1559 5113 1700 5174 erat,
1735 5107 1820 5164 sic
1877 5111 2068 5181 ipsum

428 5201 708 5265 tanquam
739 5193 1095 5250 conditorem
1147 5211 1324 5250 suum
1383 5201 1984 5270 conservatoremque,
2017 5206 2075 5254 et

432 5283 758 5352 spiritualis
794 5283 1125 5340 animarum
1170 5283 1552 5340 beatitudinis
1587 5290 1878 5342 auctorem
1939 5305 2073 5358 prea-

434 5373 766 5444 stitemque,
797 5388 973 5444 penes
1013 5390 1077 5430 se
1123 5375 1373 5430 retinere
1420 5373 1708 5441 studebat,
1740 5380 1805 5431 ut
1843 5375 2074 5448 quidvis

440 5459 658 5532 perpeti
692 5457 1100 5533 mallet,quam
1135 5461 1252 5516 ullo
1286 5461 1481 5534 ipsum
1514 5462 1688 5518 modo
1722 5463 1966 5519 missum
1993 5462 2074 5519 fa-

433 5563 580 5604 cere.
615 5548 690 5602 At
717 5546 1047 5619 Gregorius,
1081 5553 1146 5604 ut
1177 5555 1512 5622 perpetuam
1559 5550 1713 5622 apud
1744 5549 1876 5608 illos
1907 5567 2074 5608 man-

427 5637 679 5703 sionem,
712 5635 999 5707 siquidem
1030 5636 1152 5693 ﬁeri
1192 5638 1250 5694 id
1303 5655 1418 5696 non
1468 5643 1680 5712 posset,
1741 5639 2070 5697 abunebat:

431 5726 516 5784 sic
551 5729 793 5784 eatenus
825 5725 1094 5799 precibus
1143 5726 1372 5784 illorum
1421 5729 1615 5786 locum
1667 5728 1863 5802 dabat,
1893 5729 2076 5789 donec

2181 4659 2298 4717 πῶς
2345 4655 2445 4710 οὐκ
2496 4656 2556 4712 ἂν
2603 4657 2760 4712 αὐτὸν
2817 4657 3144 4733 ἐκπλαγείη,
3195 4660 3506 4733 θαυμαστὸν
3553 4658 3604 4713 ὲν
3650 4666 3835 4732 ταυτῷ

2182 4741 2271 4798 δια
2331 4746 2548 4802 πάντων
2607 4748 2853 4825 φανέντα,
2903 4748 2992 4802 καὶ
3054 4754 3212 4802 πᾶσιν
3276 4749 3560 4824 ὑπερφυῶς
3621 4748 3695 4809 ὡς
3759 4750 3833 4804 ἑνί

2179 4833 2240 4910 γέ
2265 4855 2340 4906 τῳ
2391 4836 2778 4911 χρτ,σάμενον;
2812 4837 2872 4892 οὗ
2918 4841 3302 4908 Ναζιανζηνῶν
3354 4837 3446 4912 μὲν
3492 4838 3629 4898 ἅπας
3666 4839 3693 4892 ὁ
3727 4835 3830 4907 δῆ-

2185 4947 2286 4998 μος
2317 4925 2457 4981 οὕτω
2490 4924 2838 5007 διαφερόντος
2876 4927 3124 4999 ἁλόντες,
3160 4928 3335 4990 οὕτως
3367 4928 3527 4983 αὐτὸν
3571 4927 3644 4990 ὡς
3687 4929 3829 4983 οἶκε.

2183 5017 2312 5086 στήν
2356 5037 2475 5072 τινα
2524 5019 2614 5072 καὶ
2661 5027 2904 5094 σωτῆρα,
2936 5018 3025 5074 καὶ
3076 5025 3176 5088 τῆς
3227 5021 3361 5075 κατᾶ
3411 5022 3597 5099 ψυχὴν
3647 5017 3830 5075 εὐδαιο

2187 5105 2376 5178 μονίας
2405 5106 2654 5182 χορηγὸν
2684 5108 2774 5161 καὶ
2815 5107 3124 5176 προστάτην
3159 5107 3284 5179 παρ’
3323 5107 3533 5168 ἑαυτοῖς
3569 5106 3828 5184 κατέχειν

2183 5189 2497 5264 ἐὸοόλοντο,
2549 5195 2623 5255 ὡς
2673 5195 2824 5249 πάντ’
2886 5195 2946 5250 ἂν
3007 5194 3224 5250 ἑλέσθαι
3274 5197 3486 5267 παθεῖν,
3537 5195 3570 5265 ἢ
3629 5197 3829 5251 τούτου

2182 5281 2268 5336 καὶ
2304 5283 2502 5351 ὁπῃοῦν
2551 5280 2907 5356 ἀποσχέσθαι.
2939 5287 2995 5336 Ὀ
3029 5281 3082 5338 δὲ
3133 5285 3190 5337 τὸ
3225 5282 3326 5357 μὲν
3359 5283 3432 5344 εἷς
3484 5283 3618 5337 ἅπαν
3673 5282 3824 5338 ἀπεῖ-

2185 5392 2303 5438 πεν,
2357 5367 2478 5424 οὐδὲ
2526 5371 2628 5445 γαρ
2659 5371 2775 5424 οἶόν
2806 5393 2865 5426 τε
2901 5391 2912 5402 ·
2966 5369 3284 5427 ἐπιτυσυῦτο
3317 5369 3372 5426 δὲ
3421 5375 3490 5444 τῇ
3532 5375 3680 5442 σφῶν
3731 5372 3835 5442 εἶξε

2185 5458 2512 5534 προκλήσει,
2543 5459 2646 5520 ἕως
2679 5459 2866 5532 ἒτὲρου
2900 5458 2966 5530 δή
2997 5481 3142 5522 τινος
3175 5465 3490 5537 φροντιοῦσι
3519 5461 3790 5532 ποιμένος
3818 5481 3831 5492 ·

2186 5547 2251 5602 οὗ
2301 5548 2606 5623 γεγονότος,
2655 5549 2816 5612 αὐτὸς
2874 5548 3074 5604 ἐκεῖθεν
3127 5549 3356 5626 ἀπάρας,
3414 5539 3832 5622 καταλαμϐάνει

2187 5637 2506 5693 Σελεῦκειαν
2541 5657 2552 5671 ·
2587 5638 2677 5694 καὶ
2709 5639 2909 5718 χρόνον
2940 5639 3065 5716 οὐχὶ
3101 5640 3302 5716 συχνὸν
3333 5637 3578 5696 ἐνταυθοῖ
3609 5637 3832 5715 διατρίσ

2186 5732 2312 5804 ψας,
2365 5729 2392 5782 ὁ
2445 5729 2540 5801 μὲν
2590 5729 2794 5784 Πόντον
2840 5727 3054 5798 ἐνενόει,
3086 5730 3176 5786 καὶ
3223 5731 3322 5800 τήν
3367 5729 3638 5798 Ποντικὴν
3690 5735 3833 5787 Ξου-
