4092 6300
351 376 472 440 301

1371 375 1766 450 LAUDATIO
1810 375 1874 436 S.
1919 373 2286 438 GREGORII
2329 373 2749 435 THEOLOGI.

3647 377 3764 438 302

357 511 562 588 φιρίαν,
593 508 686 564 καὶ
719 509 814 572 οὓς
848 505 969 583 ᾔδει
1004 514 1113 563 τῶν
1159 511 1360 584 χώρων
1406 505 1554 568 οἵους
1602 528 1660 561 τε
1701 507 1858 567 ὄντας
1900 510 1972 579 ψυ

2124 508 2302 563 alium
2347 505 2460 562 sibi
2504 506 2940 578 prospexissent
2983 511 3293 577 pastorem.
3345 509 3469 574 Quo
3519 511 3692 580 facto,
3733 531 3764 571 ο

343 604 460 678 χὴν
518 600 816 674 ἐκκαθᾶραι
876 621 934 656 τε
993 602 1083 654 καὶ
1155 603 1454 674 πτερῶσαι,
1497 599 1586 653 καὶ
1657 598 1786 652 θεὸν
1841 593 2007 652 ἔπειτ’

345 693 539 761 αὐτὴν,
574 691 623 746 εἰ
676 692 754 762 μή
810 685 947 764 μέγα
985 689 1178 756 εἰπεῖν,
1221 689 1533 764 ἀποφῆναι·
1565 689 1710 742 τοίῑτ⁷
1763 685 1828 752 ἦν
1863 686 2007 759 αύτῳ

347 780 553 854 μελέτη
604 780 698 835 καὶ
743 781 806 835 τὸ
851 777 1202 856 λογίζεσθαι·
1257 778 1453 852 ἑτέρως
1502 797 1565 850 γε
1608 778 1718 848 μήν
1751 777 1779 830 ὁ
1809 775 2004 830 τούτου

342 871 472 932 Θεὸς
503 872 574 925 τὰ
602 871 726 924 κατ’
756 868 918 924 αὐτὸν
944 867 1222 940 ᾠκονόμει
1247 884 1260 896 ·
1296 866 1468 922 οὐκέτ’
1497 864 1755 920 ἐπιπλέον
1787 864 2005 940 εὐαγγε-

340 961 518 1023 λικῶς
550 959 746 1024 εἰπεῖν,
780 981 808 1008 ‹‹
843 957 946 1012 ὑπὸ
975 962 1054 1028 τῷ
1087 953 1266 1029 μοδίῳ
1293 956 1619 1030 κρύπτεσθαι
1651 956 1742 1008 τὸν
1794 952 1998 1028 λύχνον

337 1048 567 1117 ἐθέλων,
601 1048 734 1104 ἀλλ’
775 1047 864 1102 ἐπὶ
911 1049 1010 1115 τήν
1062 1045 1292 1120 λυχνίαν
1353 1047 1639 1114 τεθεῖσθαι,
1675 1068 1700 1098 ν
1737 1046 1812 1108 ὡς
1862 1044 2001 1121 μέγα

338 1139 462 1215 φῶς
500 1138 640 1192 εἶναι
689 1141 770 1192 τῶ
817 1136 1033 1209 κόσμῳ,
1062 1136 1154 1189 καὶ
1199 1140 1315 1196 τοῖς
1362 1135 1447 1189 ὑπ’
1477 1133 1699 1207 ούρυνὸν
1732 1133 1996 1207 λαμπτῆ-

333 1249 413 1300 ρα
452 1233 727 1303 περιφανῆ
739 1269 752 1282 .

2117 597 2306 668 patria
2337 595 2622 652 excedens
2654 593 2974 651 Seleuciam
3006 596 3147 650 adit.
3183 597 3290 652 Ubi
3330 605 3458 669 post
3488 617 3602 656 non
3635 602 3765 660 lon-

2116 701 2246 757 gain
2282 701 2526 751 moram,
2565 685 2830 751 Pontum,
2855 686 3266 757 Ponticamque
3297 689 3672 760 Xuphirl‘am,
3706 698 3764 749 et

2115 792 2242 847 quae
2273 773 2386 828 alia
2407 779 2574 829 norat
2602 773 2748 842 loco,
2773 775 2844 830 ad
2869 775 3213 844 expiandam
3245 778 3503 835 animam
3539 779 3762 853 alisque

2115 863 2522 934 spiritualibus
2544 863 2970 930 instruendam,
2986 865 3286 935 Deumque
3304 867 3477 923 etiam
3502 871 3758 939 tandem,

2114 953 2164 1008 si
2198 954 2302 1008 hoc
2336 954 2422 1009 fas
2453 958 2538 1007 est
2565 953 2750 1018 dictu,
2787 953 3174 1022 efficiendam,
3219 963 3570 1027 opportuna,
3603 964 3762 1034 cogi-

2113 1049 2232 1098 tare
2262 1041 2565 1114 ccepitzbas
2589 1047 2715 1097 tum
2747 1041 2829 1097 illi
2862 1059 3014 1098 cure
3045 1043 3540 1116 cogitationesque
3555 1059 3757 1120 erant;

2106 1133 2265 1204 atqui
2289 1133 2457 1188 aliter
2477 1133 2764 1189 destinata
2787 1132 2992 1204 ipsius,
3019 1133 3180 1190 illius
3199 1135 3562 1207 gubernabat
3584 1140 3759 1216 Deus,

2107 1223 2206 1295 qui
2229 1223 2380 1278 haud
2403 1221 2674 1294 amplius,
2701 1227 2762 1277 ut
2791 1223 3140 1294 evangelicis
3171 1241 3294 1280 rem
3317 1227 3510 1282 verbis
3539 1229 3755 1302 dicam,

337 1343 374 1370 α
407 1320 693 1376 abscondi
738 1317 942 1374 subter
992 1316 1181 1374 modis
1228 1315 1549 1383 lucernam,
1578 1316 1678 1372 sed
1726 1331 1902 1386 super
1947 1313 2362 1371 candelabrum
2411 1329 2582 1367 suum
2628 1312 2825 1383 reponi
2856 1311 2924 1379 ³³,
2961 1334 2988 1363 η
3022 1315 3271 1383 volebat,
3306 1321 3370 1371 ut
3399 1317 3603 1389 ingens
3631 1320 3757 1377 orbi

335 1411 620 1466 universo
650 1409 878 1476 lumen,
909 1407 1300 1478 omnibusque
1330 1406 1440 1462 sub
1472 1404 1612 1462 crelo
1636 1405 1983 1478 degentibus
2013 1404 2107 1460 fax
2138 1403 2589 1474 fulgentissima,
2621 1407 2794 1460 esset.

414 1503 537 1556 ΠΖ.
568 1499 728 1553 Ταῦτ’
759 1495 864 1570 ἄρα
910 1496 1002 1551 καὶ
1048 1497 1147 1564 τὴν
1189 1493 1582 1569 βασιλεύουσαν
1635 1498 1744 1549 τῶν
1776 1492 1994 1548 πόλεων

330 1589 534 1644 ἐκεῖθεν
599 1585 951 1658 ἐμπνευσθείς
1008 1605 1068 1640 τε
1121 1584 1212 1639 καὶ
1272 1583 1692 1658 χρηματισθεὶς,
1745 1584 1838 1638 ἅτε
1903 1603 1994 1637 κα-

329 1684 445 1740 κῶς
505 1673 862 1748 διακειμένην
910 1677 1268 1742 τοτηνικαῦτα
1318 1675 1384 1727 τὰ
1433 1675 1586 1728 θεῖα·
1648 1673 1734 1726 καὶ
1807 1673 1992 1746 χειρὸς

331 1769 399 1824 ού
433 1773 640 1842 μικρᾶς
673 1763 961 1838 δεομένην,
997 1761 1164 1835 μηδὲν
1197 1761 1506 1835 μελλήσας,
1537 1761 1654 1834 ὅλῳ
1685 1759 1811 1817 ποδὶ
1855 1763 1991 1836 πρὸς

328 1859 536 1927 ταύτην
598 1855 840 1934 ἐχώρει’
903 1854 933 1908 ὃ
989 1853 1078 1909 καὶ
1137 1853 1264 1924 πρὶν
1321 1852 1718 1925 ἑμπνευσθῆναι
1775 1853 1990 1914 πάντως

2181 1492 2494 1549 LXXXVII.
2539 1493 2744 1548 Divino
2787 1493 2967 1564 igitur
2994 1494 3278 1550 instinctu
3313 1498 3589 1568 monitus,
3625 1501 3753 1557 urbi

2106 1583 2413 1652 imperiali,
2447 1600 2516 1639 ea
2564 1588 2903 1654 tempestate
2943 1585 3002 1642 in
3033 1587 3218 1642 sacris
3249 1587 3560 1657 vacillanti,
3595 1591 3748 1648 haud

2104 1674 2309 1745 exigua
2335 1673 2584 1744 quadam
2619 1690 2768 1745 opus
2799 1690 2925 1730 esse
2972 1692 3172 1743 manu,
3208 1676 3368 1733 nulla
3407 1678 3752 1751 interposita

2104 1780 2287 1829 mora,
2321 1764 2492 1835 pleno
2540 1764 2750 1834 pedum
2809 1765 3013 1836 gradu,
3049 1765 3118 1820 ad
3171 1781 3298 1822 eam
3338 1771 3656 1832 contendit,
3691 1772 3749 1828 id

2103 1854 2254 1924 quod
2291 1857 2457 1908 antea
2485 1853 2657 1908 etiam
2691 1869 2869 1925 quam
2900 1853 3094 1909 divino
3135 1856 3368 1912 oraculo
3399 1857 3744 1917 admonere-

329 1941 552 2021 ἔδρασεν
615 1943 676 1998 ἃν
735 1944 838 1998 ὑπό
896 1943 944 1996 τ’
977 1943 1134 2004 αὐτὸς
1191 1943 1383 1997 ἑαυτοῦ
1429 1941 1648 1996 καὶτοῦ
1677 1942 1798 2016 περὶ
1827 1945 1980 1996 τοῦτο

2103 1946 2199 1997 tur
2245 1943 2398 1997 haud
2450 1941 2626 1997 dubie
2673 1942 2936 1998 facturus
2984 1948 3142 2012 erat;
3205 1949 3262 2000 et
3310 1962 3420 2002 sua
3468 1947 3746 2006 nimirum

333 2035 509 2106 ζήλου
567 2033 660 2088 καὶ
723 2033 886 2088 τόνου
965 2031 1356 2107 παρακληθεὶς,
1429 2027 1718 2104 πρεσϐείαν
1786 2051 1844 2086 τε
1907 2029 1990 2084 ὅτι

330 2126 598 2192 πλείστην
644 2121 772 2196 περὶ
827 2121 1026 2176 τούτου
1061 2117 1378 2194 δεδεγμένος
1417 2120 1615 2176 ἓκεῐθεν
1650 2120 1723 2182 ὡς
1773 2120 1991 2196 τάχιστ’

335 2216 517 2276 ιύτοῖς
557 2217 815 2286 παρεῖναι
867 2211 956 2265 καὶ
1009 2211 1252 2285 βοηθεῖν,
1310 2211 1398 2264 καὶ
1457 2212 1533 2283 μή
1588 2207 1848 2284 περιιδεῖν
1898 2209 1990 2263 τὸν

335 2313 426 2373 τῆς
476 2293 748 2372 ἀληθείας
785 2297 1164 2354 κινδυνεύοντα
1205 2297 1394 2373 λόγον.
1428 2300 1500 2356 Ού
1552 2302 1658 2372 μὴν
1705 2297 1851 2354 ἀλλὰ
1900 2299 1990 2353 καὶ

337 2395 442 2449 ὅσοι
487 2397 608 2447 τῶν
660 2389 1023 2465 ὲταιροτατων
1073 2389 1214 2457 ἦσαν
1264 2387 1412 2460 αύτῴ
1441 2389 1529 2443 καὶ
1563 2387 1866 2465 φιλτάτων,
1899 2387 1988 2442 καὶ

341 2483 430 2558 πρό
467 2503 534 2558 γε
567 2481 786 2536 πάντων
815 2479 904 2533 καὶ
939 2480 1073 2551 μετὰ
1125 2478 1334 2533 πάντων
1379 2476 1656 2539 Βασίλειος
1689 2478 1716 2533 ὁ
1749 2477 1986 2549 κλεινὸς,

342 2575 457 2627 sive
482 2593 578 2626 τοι
613 2565 956 2646 προύτρεπον
987 2567 1145 2622 αὐτὸν
1182 2566 1271 2622 ἐπὶ
1317 2572 1503 2636 ταῦτα,
1537 2568 1626 2622 καὶ
1673 2568 1764 2622 τὸν
1816 2565 1984 2622 ἆθλον

335 2660 552 2736 ἐπῄνουν
583 2680 597 2692 ·
663 2656 960 2714 σπεύδοντα
1008 2658 1098 2712 καί
1143 2656 1304 2714 αὐτὸν
1351 2657 1486 2712 κατὰ
1529 2657 1592 2712 τὸ
1639 2655 1766 2719 ἔπος
1825 2655 1986 2732 ὀτρύο

326 2771 533 2814 νοντες⁶
573 2751 751 2824 μόνην
798 2750 904 2822 γὰρ
952 2747 1086 2802 εἶναι
1134 2749 1233 2816 τὴν
1287 2746 1582 2821 παράταξιν
1631 2746 1833 2816 ταύτην
1884 2746 1982 2800 ἆσ-

315 2841 460 2919 οαλῆ
523 2841 622 2896 καὶ
681 2837 951 2913 γενναίαν,
1007 2836 1098 2892 καὶ
1149 2839 1266 2906 Θεῷ
1319 2839 1417 2890 τοῦ
1475 2836 1671 2898 παντὸς
1725 2835 1984 2908 τιμωμέ-

311 2954 433 3001 νην.
467 2935 590 2985 τῶν
622 2931 752 3001 γοῦν
787 2927 839 2981 ὲν
871 2925 1143 2998 Βυζαντίῳ
1173 2921 1506 2994 κακοδύξων,
1539 2929 1646 2980 τῶν
1673 2945 1732 2980 τε
1771 2924 1979 2995 ἄλλων,

308 3021 402 3075 καὶ
457 3019 690 3092 μάλισθ’
721 3015 840 3072 ὅσοι
887 3022 987 3084 τῆς
1039 3015 1380 3090 ’Δρειανικῆς
1424 3013 1632 3085 λύσσης
1681 3012 1976 3090 ἐτύγχανον

309 3107 463 3172 ὄντες
510 3107 692 3164 πολὺν
743 3103 1059 3180 ἤδηχρόνον
1107 3109 1223 3168 τοῖς
1278 3099 1544 3160 εύσεϐἑσιν
1594 3104 1975 3177 ἐπικειμένων,

309 3199 407 3254 καὶ
437 3203 605 3253 πᾶσιν
634 3199 720 3260 οἷς
757 3192 926 3268 ἔξεστι
973 3193 1168 3250 τούτου
1217 3193 1558 3266 λυπούντων,
1589 3195 1678 3250 καὶ
1735 3199 1823 3249 νῦν
1877 3196 1971 3268 μὲν

2107 2037 2331 2102 sponte,
2355 2047 2576 2103 suoque
2605 2031 2759 2087 circa
2789 2048 2880 2087 res
2911 2033 3266 2102 ejuscemodi
3297 2035 3420 2090 zelo
3448 2035 3746 2110 animique

2105 2121 2309 2176 robore
2339 2120 2652 2191 impulsus,
2678 2126 2736 2176 ct
2772 2121 2990 2176 crebris
3022 2121 3158 2178 inde
3205 2125 3456 2196 acceptis
3497 2128 3742 2195 nuntiis,

2099 2215 2163 2265 ut
2209 2210 2648 2282 quamprimum
2699 2214 2906 2281 praesto
2946 2211 3087 2279 ipsis
3137 2221 3310 2282 esset,
3341 2214 3743 2290 auxiliumque

2095 2299 2292 2367 ferret,
2327 2313 2431 2353 nec
2463 2296 2824 2353 indefensum
2857 2297 3117 2353 veritatis
3148 2315 3386 2355 causam
3428 2301 3740 2372 periclitari

2095 2389 2333 2455 sineret,
2367 2395 2622 2459 rogatus,
2653 2387 2852 2442 eodem
2885 2387 3059 2441 etiam
3091 2387 3282 2442 intimi
3333 2390 3552 2463 quique
3593 2393 3742 2447 ami-

2093 2494 2294 2536 corum
2320 2495 2385 2534 ac
2399 2475 2932 2545 familiarissimi,et
2946 2482 3082 2532 ante
3094 2493 3318 2546 omnes,
3335 2479 3508 2550 itemq
3519 2498 3588 2537 us
3602 2498 3737 2541 cum

2092 2569 2384 2634 omnibus,
2401 2566 2652 2638 inclytus
2667 2566 2940 2626 Basilius.
2957 2583 3304 2638 magnOpere
3326 2568 3520 2638 ipsum
3545 2569 3737 2626 borta-

2089 2657 2321 2724 bantur,
2337 2659 2510 2730 idque
2531 2657 3016 2712 commendabant
3049 2663 3379 2726 certamen;
3402 2658 3502 2730 qui
3525 2677 3735 2730 suopro

2081 2747 2202 2818 jam
2254 2748 2384 2803 nisu
2437 2746 2804 2819 properabat,
2830 2764 2891 2801 ιι.
2937 2751 3099 2802 vetus
3144 2749 3384 2802 verbum
3428 2748 3601 2805 habet
3627 2752 3730 2820 (6),

2087 2838 2420 2907 incitantes,
2444 2853 2628 2892 unum
2661 2835 2918 2892 videlicet
2949 2836 3058 2891 hoc
3089 2835 3417 2908 praeliorum
3440 2853 3629 2910 genus
3649 2847 3730 2897 tu-

2085 2930 2306 2996 tum,et
2337 2925 2623 2993 nobile,et
2653 2925 2711 2980 in
2745 2926 2997 2980 maximo
3030 2925 3177 2997 rpud
3211 2926 3388 2982 Deum
3423 2927 3640 2983 honors
3665 2945 3729 2985 ac

2085 3017 2288 3089 pretio,
2320 3031 2470 3072 esse.
2503 3017 2576 3070 At
2607 3013 2890 3087 Byzantii,
2913 3018 3198 3086 quotquot
3237 3019 3424 3086 pravis
3466 3017 3727 3074 adhaere-

2085 3107 2224 3164 bant
2266 3106 2577 3175 erroribus,
2609 3109 2731 3161 tum
2785 3105 2904 3170 alii,
2939 3109 3065 3161 tum
3105 3105 3164 3160 in
3197 3105 3402 3177 primis
3433 3107 3531 3178 qui
3561 3108 3723 3166 Aria-

2081 3198 2210 3252 nico
2241 3197 2508 3267 occupati
2538 3199 2704 3250 erant
2731 3193 2946 3258 furore,
2990 3195 3164 3268 longo
3176 3196 3303 3266 jam
3336 3200 3596 3270 tempore
3612 3200 3726 3270 piis

311 3283 504 3362 ὕϐρεις
534 3286 627 3342 καί
659 3285 880 3360 πληγὰς
911 3285 1220 3362 ἀφορήτους
1251 3283 1340 3338 καὶ
1382 3281 1653 3357 δημοσίας
1703 3281 1769 3354 δή
1820 3306 1970 3349 τινας

2093 3302 2284 3360 graves
2331 3285 2740 3353 incubuerant,
2775 3284 3106 3357 quibusque
3155 3301 3410 3358 unquam
3461 3292 3726 3358 poterant

310 3376 696 3452 περιαγωγὰς,
727 3373 873 3430 πολὺ
905 3373 1086 3444 δήπου
1111 3373 1176 3428 τὸ
1206 3370 1400 3445 ἄτιμον
1434 3374 1523 3428 καὶ
1553 3373 1758 3451 φαῦλον
1809 3372 1968 3449 ἐχού-

309 3488 435 3539 σας,
465 3466 561 3522 καὶ
612 3463 810 3519 οὐσιῶν
857 3461 1204 3541 ἅφαιρέσεις·
1257 3466 1348 3517 νῦν
1402 3460 1458 3516 δὲ
1506 3463 1822 3537 καθείρξεις,
1853 3464 1971 3534 ἐξο-

311 3555 458 3629 ρίας,
493 3554 861 3629 ἐμπρησμοὺς
887 3551 1208 3612 θαλαττίους
1238 3554 1340 3625 (5),
1356 3552 1614 3606 θανάτους
1645 3552 1736 3606 καὶ
1768 3554 1971 3629 σφαγὰς

309 3645 632 3720 ἀθεμίτους,
664 3643 760 3704 τὰς
810 3643 926 3713 μὲν,
958 3639 1028 3696 δι’
1074 3639 1335 3713 α’ίματος,
1365 3641 1459 3702 τὰς
1498 3638 1574 3710 δὲ,
1608 3637 1675 3694 δι’
1704 3641 1968 3717 ἀγχόνης,

307 3732 496 3790 τᾶλλα
545 3735 580 3788 ἃ
631 3729 762 3804 μήδ’
796 3729 854 3785 ἂν
903 3732 979 3792 εἰς
1026 3725 1258 3785 εὐσεϐῶν
1296 3733 1372 3802 μή
1410 3727 1491 3784 ὅτι
1529 3732 1838 3801 μεμνῆσθαι
1881 3729 1970 3785 καὶ

307 3823 524 3898 λέγειν,
556 3821 686 3876 ἀλλ’
735 3816 861 3875 οὐδὲ
916 3818 1128 3874 ἀκούειν
1181 3817 1327 3882 ὅλως
1383 3817 1698 3894 ανάσχοιτο,
1758 3819 1971 3882 τούτοις

307 3911 566 3982 ἀνηλεῶς
613 3909 920 3984 ἐπαγόντων
971 3929 1028 3964 τε
1077 3907 1167 3962 καὶ
1207 3908 1543 3979 κακούντων,
1575 3909 1663 3962 καὶ
1693 3909 1745 3963 τί
1775 3909 1875 3984 γὰρ
1910 3908 1971 3963 ού

310 4001 647 4068 ποιούντων,
697 3997 812 4078 ἐιρῷ
856 3999 1088 4060 τούτους
1125 3997 1160 4066 ἢ
1211 3995 1454 4067 καθάπαξ
1496 3997 1765 4072 ἐκτρίψαι,
1812 3998 1846 4068 ἢ
1903 4003 1972 4072 τῇ

307 4091 528 4146 τούτων
606 4083 889 4159 δυσσεϐείᾳ
963 4092 1146 4142 πεῖσαι
1221 4086 1525 4155 συνθέσθαι,
1587 4091 1685 4141 τοῦ
1762 4087 1975 4142 πάντων

309 4177 677 4251 ἆνομωτάτου
758 4176 1030 4250 βασιλὲως
1109 4173 1416 4237 Οὐάλεντος
1493 4171 1739 4237 διδόντος
1827 4178 1974 4253 σφίσι

309 4265 681 4340 τούνδόσιμον
721 4267 810 4321 καὶ
859 4265 930 4320 τὰ
974 4263 1187 4342 μεγάλα
1244 4265 1677 4338 συναιρομένου·
1745 4265 1974 4328 τούτους

308 4361 498 4414 τοίνυν
542 4357 712 4426 εὑρὼν
767 4355 984 4431 άσχὲτῳ
1027 4356 1175 4429 ρύμη
1227 4357 1343 4410 κατ’
1377 4354 1554 4410 αὐτῶν
1587 4358 1969 4430 κεχρημένους

313 4451 406 4504 καὶ
467 4449 608 4502 πάνυ
656 4467 742 4501 τοι
809 4446 1034 4518 μανικὸν
1105 4444 1379 4507 πνέοντας,
1434 4446 1524 4500 καὶ
1586 4451 1675 4500 νῦν
1746 4448 1865 4518 μὲν,
1911 4447 1977 4502 τὰ

313 4535 524 4617 ἔσχατα
578 4535 976 4598 ἀπειλοῦντας·
1017 4538 1109 4589 νῦν
1153 4531 1211 4589 δὲ
1256 4535 1352 4597 τὰς
1401 4533 1633 4597 ἀπειλὰς
1682 4537 1974 4610 παριόντας

315 4634 431 4689 τοῖς
481 4626 700 4700 ἔργοις·
758 4624 852 4678 καὶ
895 4623 1066 4693 ὅλως,
1120 4621 1313 4696 μηδενῖ
1367 4629 1473 4678 τῶν
1524 4625 1774 4680 ἁπάντων
1824 4623 1977 4688 ὄντας

313 4713 607 4788 ἐπιμηδενὶ
691 4711 986 4792 φοτητοὺς,
1067 4713 1264 4785 ῥάσους
1337 4714 1642 4788 περιουσίᾳ,
1729 4715 1819 4770 καὶ
1890 4721 1970 4788 τῷ

315 4801 586 4879 σροϐίλου
615 4801 773 4872 δίκην
803 4802 960 4858 πάντ’
989 4800 1098 4856 ἄνω
1128 4801 1219 4857 καὶ
1264 4803 1412 4856 κάτω
1461 4807 1650 4874 κυκᾷν,
1686 4804 1774 4858 καὶ
1821 4805 1969 4879 ἀγω-

315 4895 428 4950 νίαν
477 4893 566 4949 καὶ
619 4888 789 4972 φόϐον
839 4896 958 4953 ταῖς
1009 4893 1257 4946 ἁπάντων
1307 4891 1500 4946 ἐνιέναι
1533 4895 1763 4967 ψυχαῖς,
1795 4893 1968 4956 οὕτως

391 5030 440 5064 ³³
473 5027 678 5084 Matth.
711 5041 765 5093 ν,
801 5026 888 5080 15.

389 5145 968 5224 (5)’Βμπρησμοὺς
995 5143 1778 5224 θαλαττίους.ς;τοεοι·ἰυω
1802 5166 1976 5224 suum

319 5219 539 5292 noster,
562 5219 627 5277 ut
669 5219 850 5284 'solet,
910 5219 1198 5292 sequitur,
1230 5237 1373 5292 _una
1429 5219 1716 5292 duntaxat
1746 5222 1976 5292 vocula,

317 5297 474 5352 haud
523 5290 609 5349 sio
667 5291 1080 5364 an‘consulto,
1131 5290 1373 5364 omissa._
1420 5290 1542 5364 Et;
1587 5290 1973 5364 βασίλειον,

319 5369 360 5422 f.
419 5367 549 5432 267,
607 5355 988 5436 πρεσϐυτέρων
1060 5355 1380 5436 ἐμπρησμοὶ
1459 5355 1786 5436 θαλάττιοι·
1847 5355 1974 5436 quoi

319 5441 451 5511 ipsa
479 5432 662 5511 verba
711 5432 764 5488 ἐν
816 5432 898 5505 τῷ
959 5432 1361 5511 συντακτηρίω,
1394 5451 1448 5503 p.
1480 5435 1586 5490 525
1633 5432 1972 5511 paritor'le.

317 5504 555 5584 guntur.
581 5508 680 5564 Est
729 5504 952 5584 autem,
987 5509 1071 5584 ut,
1098 5504 1208 5562 hoc
1237 5504 1443 5584 obiter
1469 5504 1649 5584 _nunc
1687 5508 1970 5584 adjunga-

318 5576 470 5639 mus,
504 5595 689 5636 sermo
720 5579 789 5652 de
820 5576 1116 5648 octoginta
1164 5576 1824 5652 presbyteristnavigio,
1856 5576 1972 5652 q'uo

314 5653 703 5717 vehebantur,
730 5650 876 5707 clam
926 5664 1230 5716 succenso,
1263 5649 1676 5706 miserabiliter
1712 5649 1968 5708 exustis.

320 5725 451 5782 Sive
480 5724 696 5796 legatos
726 5729 786 5780 et
813 5723 1222 5795 deprecatores
1251 5721 1323 5778 ab
1353 5721 1676 5779 orthodoxa
1713 5723 1971 5779 Ecclesia

2081 3375 2210 3432 illos
2241 3375 2578 3431 divexarant
2609 3375 2818 3442 modis,
2853 3389 3006 3430 nunc
3055 3374 3293 3445 quidem
3339 3376 3724 3434 contumelias

2080 3471 2136 3522 et
2181 3465 2377 3538 plagas
2420 3463 2834 3532 intolerabiles,
2867 3468 2923 3519 et
2971 3463 3233 3535 publicas
3265 3481 3366 3537 per
3393 3483 3496 3521 ora
3526 3465 3724 3522 homi-

2083 3571 2223 3610 num
2250 3555 2670 3619 traductiones,
2697 3552 2880 3609 multo
2928 3553 3179 3609 ludibrio
3208 3570 3276 3610 ac
3324 3553 3602 3611 dedecore
3632 3572 3726 3612 re-

2083 3645 2279 3712 fertas,
2298 3648 2356 3698 et
2382 3644 2664 3699 bonorum
2691 3642 3116 3714 publicationss
3142 3661 3156 3711 ;
3185 3659 3338 3698 nunc
3368 3660 3573 3701 rursus
3603 3660 3726 3701 car-

2083 3750 2262 3801 ceres,
2323 3733 2550 3799 exsilia,
2612 3733 3002 3804 ardentesque
3061 3733 3248 3789 medio
3307 3733 3474 3802 mari,
3535 3750 3723 3807 roges,

2083 3828 2416 3894 mortesque
2446 3839 2512 3876 ac
2541 3823 2725 3877 caedes
2757 3821 3027 3890 nefarias,
3054 3823 3262 3892 partim
3292 3827 3578 3892 cruentas,
3601 3841 3730 3897 par-

2082 3914 2187 3969 tim
2240 3911 2375 3967 resti
2423 3913 2748 3983 laqueoque
2795 3911 2996 3979 factas,
3048 3920 3364 3983 ceteraque
3407 3913 3466 3969 id
3517 3929 3726 3985 genus,

2084 4018 2208 4075 quis
2241 4015 2412 4056 nemo
2444 4001 2577 4072 pius
2619 4000 2860 4055 omnino
2911 4000 3135 4068 audire,
3171 4003 3383 4056 nedum
3419 4003 3628 4059 referre
3662 4021 3728 4063 ac

2084 4107 2540 4148 commemorare
2563 4091 2890 4158 sustineat;
2923 4091 3158 4146 sﬂ‘erata
3189 4093 3558 4150 immanitate
3588 4095 3728 4152 ﬁde-

2086 4183 2240 4238 libus
2270 4183 2658 4253 imponentes,
2689 4197 2906 4253 eosque
2935 4181 3208 4252 pessimis
3248 4187 3564 4240 tractantes
3604 4201 3729 4243 mo-

2085 4271 2198 4338 dis,
2233 4271 2492 4342 nihilque
2533 4271 2806 4326 inausum
2852 4270 3326 4343 intentatumque
3371 4271 3727 4346 linquentes,

2086 4377 2200 4434 quo
2232 4361 2389 4432 ipsos
2421 4366 2522 4417 aut
2552 4362 2815 4417 funditus
2855 4362 3264 4435 exstirparent,
3296 4371 3398 4420 aut
3449 4367 3517 4422 ad
3569 4381 3730 4424 com-

2088 4452 2444 4520 probandam
2476 4453 2832 4524 impietatem
2893 4468 3061 4507 suam
3110 4455 3528 4525 pertraherent,
3559 4457 3734 4512 insti—

2085 4549 2257 4613 gante
2287 4540 2417 4595 illos
2461 4540 2740 4596 nimirum
2791 4541 3140 4612 impiissimo
3180 4541 3592 4613 imperatorum
3622 4545 3730 4601 Va-

2087 4629 2259 4696 lente,
2293 4629 2781 4702 vehementerque
2833 4632 3180 4703 adjurants;
3212 4633 3516 4705 Gregorius
3552 4634 3732 4707 igitur

2081 4718 2368 4790 indomilo
2400 4719 2794 4790 eﬁrsnatoqus
2824 4719 2932 4776 bos
2953 4720 3234 4777 adversus
3267 4718 3585 4776 Ecclesium
3617 4722 3729 4778 im-

2079 4813 2216 4880 petu
2265 4825 2458 4881 agere,
2487 4824 2794 4880 merosque
2843 4809 3067 4881 spirare
3117 4809 3338 4865 furores
3369 4810 3726 4866 animadver-

2081 4902 2229 4965 tens,
2262 4903 2318 4954 et
2369 4896 2540 4952 modo
2586 4898 2792 4953 ultima
2847 4898 3063 4969 quasvis
3125 4896 3391 4954 ﬁdelibus
3452 4897 3726 4970 minitari,

2087 5152 2157 5207 ad
2191 5167 2249 5206 se
2282 5153 2514 5219 missos,
2536 5149 2750 5207 Valens
2779 5150 3195 5220 imperatorum
3227 5148 3732 5219 saavissimus,boc

2086 5228 2203 5276 tam
2254 5224 2523 5290 barbaro,
2565 5229 2665 5278 aut
2720 5221 2911 5277 verius
2950 5220 3218 5276 Satanico
3248 5221 3550 5291 supplicio,
3585 5239 3732 5278 mar-

2086 5302 2236 5364 tyres
2267 5295 2666 5350 sanctissimos
2697 5291 2928 5348 adfecit.
2963 5291 3414 5364 Quodbistorim
3461 5293 3732 5349 ecclesia-

2085 5362 2246 5420 sticis
2288 5367 2622 5434 scriptores,
2653 5365 2916 5419 Socrates
2973 5362 3391 5432 Scholasticus,
3443 5381 3519 5428 ιν,
3555 5365 3641 5431 16,
3675 5373 3733 5420 et

2084 5435 2350 5491 Hermias
2401 5437 2778 5501 Sozomenus,
2827 5450 2906 5501 v1,
2943 5435 3027 5500 14,
3063 5436 3350 5504 produnt;
3385 5435 3506 5490 sive
3535 5436 3727 5491 civum

2082 5507 2881 5580 Constantinopolitanorum,
2902 5507 3008 5558 τῶν
3035 5510 3134 5572 τῆς
3157 5503 3372 5578 Ἀρείου
3394 5507 3722 5580 συμμορίας,

2081 5578 2579 5634 immanissimum
2613 5578 2840 5632 facinus
2871 5580 3000 5644 fuit,
3035 5584 3097 5632 ut
3127 5583 3326 5633 auctor
3354 5581 3440 5634 est
3468 5578 3728 5634 Theodo-

2079 5659 2260 5717 retus,
2295 5667 2370 5712 ιν.
2397 5653 2484 5704 24.

2147 5724 2226 5792 (6)
2261 5722 2403 5778 Iliad
2433 5721 2532 5791 1x,
2563 5721 2689 5775 293.
