  <div class='ocr_page' id='page_1' title='image "/cluster/home/n/w/nwhite01/storage/ocr_20150623/145/mdp.39015061167048/159.png"; bbox 0 0 4092 6300; ppageno 0'>
   <div class='ocr_carea' id='block_1_1' title="bbox 371 381 490 446">
    <p class='ocr_par' dir='ltr' id='par_1_1' title="bbox 371 381 490 446">
     <span class='ocr_line' id='line_1_1' title="bbox 371 381 490 446; baseline -0.025 0"><span class='ocrx_word' id='word_1_1' title='bbox 371 381 490 446; x_wconf 88' lang='lat'><strong>303</strong></span> 
     </span>
    </p>
   </div>
   <div class='ocr_carea' id='block_1_2' title="bbox 1685 381 2475 446">
    <p class='ocr_par' dir='ltr' id='par_1_2' title="bbox 1685 381 2475 446">
     <span class='ocr_line' id='line_1_2' title="bbox 1685 381 2475 446; baseline 0.004 -5"><span class='ocrx_word' id='word_1_2' title='bbox 1685 381 2078 444; x_wconf 88' lang='lat' dir='ltr'><strong>THEODULI</strong></span> <span class='ocrx_word' id='word_1_3' title='bbox 2119 383 2475 446; x_wconf 84' lang='lat' dir='ltr'><strong>MONACHI</strong></span> 
     </span>
    </p>
   </div>
   <div class='ocr_carea' id='block_1_3' title="bbox 3663 391 3776 456">
    <p class='ocr_par' dir='ltr' id='par_1_3' title="bbox 3663 391 3776 456">
     <span class='ocr_line' id='line_1_3' title="bbox 3663 391 3776 456; baseline 0 -2"><span class='ocrx_word' id='word_1_4' title='bbox 3663 391 3776 456; x_wconf 71' lang='grc'><strong>304</strong></span> 
     </span>
    </p>
   </div>
   <div class='ocr_carea' id='block_1_4' title="bbox 373 515 2011 599">
    <p class='ocr_par' dir='ltr' id='par_1_4' title="bbox 373 515 2011 590">
     <span class='ocr_line' id='line_1_4' title="bbox 373 515 2011 590; baseline -0.001 -14"><span class='ocrx_word' id='word_1_5' title='bbox 373 519 546 576; x_wconf 90' lang='lat' dir='ltr'><strong>modo</strong></span> <span class='ocrx_word' id='word_1_6' title='bbox 571 522 822 576; x_wconf 88' lang='lat' dir='ltr'><strong>terrores</strong></span> <span class='ocrx_word' id='word_1_7' title='bbox 851 519 1155 575; x_wconf 83' lang='lat' dir='ltr'><strong>verborum</strong></span> <span class='ocrx_word' id='word_1_8' title='bbox 1187 518 1360 574; x_wconf 88' lang='lat' dir='ltr'><strong>rebus</strong></span> <span class='ocrx_word' id='word_1_9' title='bbox 1406 516 1552 589; x_wconf 81' lang='lat' dir='ltr'><strong>ipsis</strong></span> <span class='ocrx_word' id='word_1_10' title='bbox 1596 515 1768 590; x_wconf 89' lang='lat' dir='ltr'><strong>longe</strong></span> <span class='ocrx_word' id='word_1_11' title='bbox 1816 521 2011 590; x_wconf 72' lang='lat' dir='ltr'><strong>praete-</strong></span> 
     </span>
    </p>
   </div>
   <div class='ocr_carea' id='block_1_5' title="bbox 2123 515 3779 599">
    <p class='ocr_par' dir='ltr' id='par_1_5' title="bbox 2133 517 3779 599">
     <span class='ocr_line' id='line_1_5' title="bbox 2133 517 3779 599; baseline 0.008 -28"><span class='ocrx_word' id='word_1_12' title='bbox 2133 517 2289 580; x_wconf 79' lang='grc' dir='ltr'>οὗτος</span> <span class='ocrx_word' id='word_1_13' title='bbox 2337 517 2523 580; x_wconf 77' lang='grc' dir='ltr'>αὐτοῖς</span> <span class='ocrx_word' id='word_1_14' title='bbox 2574 517 2791 574; x_wconf 84' lang='grc' dir='ltr'>ἐπέθετο</span> <span class='ocrx_word' id='word_1_15' title='bbox 2837 525 3109 594; x_wconf 83' lang='grc' dir='ltr'>κραταιῶς</span> <span class='ocrx_word' id='word_1_16' title='bbox 3167 523 3258 578; x_wconf 87' lang='grc' dir='ltr'><strong>καὶ</strong></span> <span class='ocrx_word' id='word_1_17' title='bbox 3321 525 3452 598; x_wconf 70' lang='grc' dir='ltr'>μετὰ</span> <span class='ocrx_word' id='word_1_18' title='bbox 3508 528 3779 599; x_wconf 81' lang='grc' dir='ltr'><strong>τοσαύτης</strong></span> 
     </span>
    </p>
   </div>
   <div class='ocr_carea' id='block_1_6' title="bbox 372 605 2014 680">
    <p class='ocr_par' dir='ltr' id='par_1_6' title="bbox 372 605 2014 680">
     <span class='ocr_line' id='line_1_6' title="bbox 372 605 2014 680; baseline -0.001 -15"><span class='ocrx_word' id='word_1_19' title='bbox 372 608 508 680; x_wconf 88' lang='lat' dir='ltr'><strong>rire,</strong></span> <span class='ocrx_word' id='word_1_20' title='bbox 543 624 645 665; x_wconf 89' lang='lat' dir='ltr'><strong>nec</strong></span> <span class='ocrx_word' id='word_1_21' title='bbox 691 607 796 664; x_wconf 88' lang='lat' dir='ltr'><strong>ulli</strong></span> <span class='ocrx_word' id='word_1_22' title='bbox 845 609 1085 664; x_wconf 88' lang='lat' dir='ltr'><strong>omnino</strong></span> <span class='ocrx_word' id='word_1_23' title='bbox 1129 607 1384 680; x_wconf 80' lang='lat' dir='ltr'><strong>amplius</strong></span> <span class='ocrx_word' id='word_1_24' title='bbox 1413 605 1682 664; x_wconf 87' lang='lat' dir='ltr'><strong>ferendos</strong></span> <span class='ocrx_word' id='word_1_25' title='bbox 1713 622 1864 674; x_wconf 90' lang='lat' dir='ltr'><strong>esse,</strong></span> <span class='ocrx_word' id='word_1_26' title='bbox 1897 614 2014 664; x_wconf 91' lang='lat' dir='ltr'><strong>tum</strong></span> 
     </span>
    </p>
   </div>
   <div class='ocr_carea' id='block_1_7' title="bbox 367 697 2013 768">
    <p class='ocr_par' dir='ltr' id='par_1_7' title="bbox 367 697 2013 768">
     <span class='ocr_line' id='line_1_7' title="bbox 367 697 2013 768; baseline 0 -14"><span class='ocrx_word' id='word_1_27' title='bbox 367 699 442 754; x_wconf 92' lang='lat' dir='ltr'><strong>ob</strong></span> <span class='ocrx_word' id='word_1_28' title='bbox 495 697 1048 768; x_wconf 88' lang='lat' dir='ltr'><strong>impotentissimam</strong></span> <span class='ocrx_word' id='word_1_29' title='bbox 1097 697 1258 752; x_wconf 83' lang='lat' dir='ltr'><strong>illam</strong></span> <span class='ocrx_word' id='word_1_30' title='bbox 1309 697 1608 753; x_wconf 76' lang='lat' dir='ltr'><strong>audaciam</strong></span> <span class='ocrx_word' id='word_1_31' title='bbox 1657 711 1846 762; x_wconf 88' lang='lat' dir='ltr'><strong>suam,</strong></span> <span class='ocrx_word' id='word_1_32' title='bbox 1888 701 2013 754; x_wconf 89' lang='lat' dir='ltr'><strong>tum</strong></span> 
     </span>
    </p>
   </div>
   <div class='ocr_carea' id='block_1_8' title="bbox 367 786 2018 860">
    <p class='ocr_par' dir='ltr' id='par_1_8' title="bbox 367 786 2018 860">
     <span class='ocr_line' id='line_1_8' title="bbox 367 786 2018 860; baseline 0 -18"><span class='ocrx_word' id='word_1_33' title='bbox 367 788 522 860; x_wconf 89' lang='lat' dir='ltr'><strong>quod</strong></span> <span class='ocrx_word' id='word_1_34' title='bbox 544 787 793 843; x_wconf 84' lang='lat' dir='ltr'><strong>turbinis</strong></span> <span class='ocrx_word' id='word_1_35' title='bbox 825 787 884 842; x_wconf 92' lang='lat' dir='ltr'><strong>in</strong></span> <span class='ocrx_word' id='word_1_36' title='bbox 904 801 1122 842; x_wconf 84' lang='lat' dir='ltr'><strong>rnorem</strong></span> <span class='ocrx_word' id='word_1_37' title='bbox 1144 803 1380 843; x_wconf 81' lang='lat' dir='ltr'><strong>sursum</strong></span> <span class='ocrx_word' id='word_1_38' title='bbox 1413 786 1612 841; x_wconf 91' lang='lat' dir='ltr'><strong>omnia</strong></span> <span class='ocrx_word' id='word_1_39' title='bbox 1633 787 2018 857; x_wconf 89' lang='lat' dir='ltr'><strong>deorsumque</strong></span> 
     </span>
    </p>
   </div>
   <div class='ocr_carea' id='block_1_9' title="bbox 369 876 2017 951">
    <p class='ocr_par' dir='ltr' id='par_1_9' title="bbox 369 876 2017 951">
     <span class='ocr_line' id='line_1_9' title="bbox 369 876 2017 951; baseline -0.001 -17"><span class='ocrx_word' id='word_1_40' title='bbox 369 877 808 951; x_wconf 88' lang='lat' dir='ltr'><strong>permiscerent,</strong></span> <span class='ocrx_word' id='word_1_41' title='bbox 839 881 896 932; x_wconf 88' lang='lat' dir='ltr'><strong>et</strong></span> <span class='ocrx_word' id='word_1_42' title='bbox 925 891 1201 950; x_wconf 82' lang='lat' dir='ltr'><strong>angorem</strong></span> <span class='ocrx_word' id='word_1_43' title='bbox 1255 879 1593 948; x_wconf 88' lang='lat' dir='ltr'><strong>metumque</strong></span> <span class='ocrx_word' id='word_1_44' title='bbox 1631 876 1894 932; x_wconf 90' lang='lat' dir='ltr'><strong>omnium</strong></span> <span class='ocrx_word' id='word_1_45' title='bbox 1925 877 2017 932; x_wconf 87' lang='lat' dir='ltr'><strong>in-</strong></span> 
     </span>
    </p>
   </div>
   <div class='ocr_carea' id='block_1_10' title="bbox 365 964 2019 1038">
    <p class='ocr_par' dir='ltr' id='par_1_10' title="bbox 365 964 2019 1038">
     <span class='ocr_line' id='line_1_10' title="bbox 365 964 2019 1038; baseline 0 -16"><span class='ocrx_word' id='word_1_46' title='bbox 365 971 629 1024; x_wconf 82' lang='lat' dir='ltr'><strong>cuterent</strong></span> <span class='ocrx_word' id='word_1_47' title='bbox 652 965 901 1022; x_wconf 89' lang='lat' dir='ltr'><strong>animis:</strong></span> <span class='ocrx_word' id='word_1_48' title='bbox 927 964 1022 1020; x_wconf 85' lang='lat' dir='ltr'><strong>hic</strong></span> <span class='ocrx_word' id='word_1_49' title='bbox 1044 965 1188 1021; x_wconf 88' lang='lat' dir='ltr'><strong>adeo</strong></span> <span class='ocrx_word' id='word_1_50' title='bbox 1220 965 1317 1021; x_wconf 90' lang='lat' dir='ltr'><strong>ille</strong></span> <span class='ocrx_word' id='word_1_51' title='bbox 1345 965 1598 1021; x_wconf 89' lang='lat' dir='ltr'><strong>validam</strong></span> <span class='ocrx_word' id='word_1_52' title='bbox 1630 965 1690 1021; x_wconf 92' lang='lat' dir='ltr'><strong>in</strong></span> <span class='ocrx_word' id='word_1_53' title='bbox 1721 965 1881 1038; x_wconf 88' lang='lat' dir='ltr'><strong>ipsos</strong></span> <span class='ocrx_word' id='word_1_54' title='bbox 1911 965 2019 1022; x_wconf 89' lang='lat' dir='ltr'><strong>im-</strong></span> 
     </span>
    </p>
   </div>
   <div class='ocr_carea' id='block_1_11' title="bbox 368 1053 2015 1128">
    <p class='ocr_par' dir='ltr' id='par_1_11' title="bbox 368 1053 2015 1128">
     <span class='ocr_line' id='line_1_11' title="bbox 368 1053 2015 1128; baseline -0.001 -16"><span class='ocrx_word' id='word_1_55' title='bbox 368 1056 726 1128; x_wconf 89' lang='lat' dir='ltr'><strong>pressionem</strong></span> <span class='ocrx_word' id='word_1_56' title='bbox 757 1055 912 1124; x_wconf 87' lang='lat' dir='ltr'><strong>fecit,</strong></span> <span class='ocrx_word' id='word_1_57' title='bbox 945 1058 1226 1126; x_wconf 88' lang='lat' dir='ltr'><strong>tantoque</strong></span> <span class='ocrx_word' id='word_1_58' title='bbox 1266 1053 1448 1110; x_wconf 89' lang='lat' dir='ltr'><strong>divini</strong></span> <span class='ocrx_word' id='word_1_59' title='bbox 1498 1054 1754 1126; x_wconf 81' lang='lat' dir='ltr'><strong>Spiritus</strong></span> <span class='ocrx_word' id='word_1_60' title='bbox 1802 1053 2015 1110; x_wconf 85' lang='lat' dir='ltr'><strong>auxilio</strong></span> 
     </span>
    </p>
   </div>
   <div class='ocr_carea' id='block_1_12' title="bbox 365 1143 2016 1216">
    <p class='ocr_par' dir='ltr' id='par_1_12' title="bbox 365 1143 2016 1216">
     <span class='ocr_line' id='line_1_12' title="bbox 365 1143 2016 1216; baseline 0.001 -17"><span class='ocrx_word' id='word_1_61' title='bbox 365 1144 797 1216; x_wconf 84' lang='lat' dir='ltr'><strong>instructaque,</strong></span> <span class='ocrx_word' id='word_1_62' title='bbox 830 1147 892 1198; x_wconf 91' lang='lat' dir='ltr'><strong>ut</strong></span> <span class='ocrx_word' id='word_1_63' title='bbox 941 1143 1135 1216; x_wconf 83' lang='lat' dir='ltr'><strong>capias</strong></span> <span class='ocrx_word' id='word_1_64' title='bbox 1175 1158 1376 1200; x_wconf 88' lang='lat' dir='ltr'><strong>eorum</strong></span> <span class='ocrx_word' id='word_1_65' title='bbox 1423 1159 1541 1199; x_wconf 90' lang='lat' dir='ltr'><strong>non</strong></span> <span class='ocrx_word' id='word_1_66' title='bbox 1581 1145 1750 1200; x_wconf 91' lang='lat' dir='ltr'><strong>modo</strong></span> <span class='ocrx_word' id='word_1_67' title='bbox 1782 1143 2016 1216; x_wconf 84' lang='lat' dir='ltr'><strong>penitus</strong></span> 
     </span>
    </p>
   </div>
   <div class='ocr_carea' id='block_1_13' title="bbox 366 1232 2014 1308">
    <p class='ocr_par' dir='ltr' id='par_1_13' title="bbox 366 1232 2014 1308">
     <span class='ocr_line' id='line_1_13' title="bbox 366 1232 2014 1308; baseline -0.001 -19"><span class='ocrx_word' id='word_1_68' title='bbox 366 1237 757 1308; x_wconf 84' lang='lat' dir='ltr'><strong>prosterneret</strong></span> <span class='ocrx_word' id='word_1_69' title='bbox 813 1232 1282 1304; x_wconf 78' lang='lat' dir='ltr'><strong>protligar&#39;etque,</strong></span> <span class='ocrx_word' id='word_1_70' title='bbox 1339 1253 1369 1283; x_wconf 77' lang='grc' dir='ltr'>ι(</span> <span class='ocrx_word' id='word_1_71' title='bbox 1429 1238 1486 1288; x_wconf 89' lang='lat' dir='ltr'><strong>et</strong></span> <span class='ocrx_word' id='word_1_72' title='bbox 1532 1249 1769 1289; x_wconf 86' lang='lat' dir='ltr'><strong>omnem</strong></span> <span class='ocrx_word' id='word_1_73' title='bbox 1815 1249 2014 1290; x_wconf 89' lang='lat' dir='ltr'><strong>eorum</strong></span> 
     </span>
    </p>
   </div>
   <div class='ocr_carea' id='block_1_14' title="bbox 363 1321 2019 1393">
    <p class='ocr_par' dir='ltr' id='par_1_14' title="bbox 363 1321 2019 1393">
     <span class='ocr_line' id='line_1_14' title="bbox 363 1321 2019 1393; baseline -0.001 -15"><span class='ocrx_word' id='word_1_74' title='bbox 363 1321 800 1390; x_wconf 88' lang='lat' dir='ltr'><strong>celsitudinem,</strong></span> <span class='ocrx_word' id='word_1_75' title='bbox 834 1337 962 1392; x_wconf 71' lang='lat' dir='ltr'><strong>quas</strong></span> <span class='ocrx_word' id='word_1_76' title='bbox 992 1321 1274 1376; x_wconf 89' lang='lat' dir='ltr'><strong>adversus</strong></span> <span class='ocrx_word' id='word_1_77' title='bbox 1303 1321 1403 1378; x_wconf 89' lang='lat' dir='ltr'><strong>Dei</strong></span> <span class='ocrx_word' id='word_1_78' title='bbox 1435 1321 1829 1393; x_wconf 87' lang='lat' dir='ltr'><strong>cognitionem</strong></span> <span class='ocrx_word' id='word_1_79' title='bbox 1853 1322 2019 1378; x_wconf 87' lang='lat' dir='ltr'><strong>attol-</strong></span> 
     </span>
    </p>
   </div>
   <div class='ocr_carea' id='block_1_15' title="bbox 361 1409 2015 1479">
    <p class='ocr_par' dir='ltr' id='par_1_15' title="bbox 361 1409 2015 1479">
     <span class='ocr_line' id='line_1_15' title="bbox 361 1409 2015 1479; baseline 0.001 -13"><span class='ocrx_word' id='word_1_80' title='bbox 361 1409 609 1479; x_wconf 86' lang='lat' dir='ltr'><strong>lebatur,</strong></span> <span class='ocrx_word' id='word_1_81' title='bbox 643 1410 964 1466; x_wconf 86' lang='lat' dir='ltr'><strong>destrueret</strong></span> <span class='ocrx_word' id='word_1_82' title='bbox 1020 1410 1085 1478; x_wconf 73' lang='grc'><strong>³⁸,</strong></span> <span class='ocrx_word' id='word_1_83' title='bbox 1117 1430 1145 1460; x_wconf 80' lang='grc'><strong>››</strong></span> <span class='ocrx_word' id='word_1_84' title='bbox 1209 1410 1306 1466; x_wconf 91' lang='lat' dir='ltr'><strong>sed</strong></span> <span class='ocrx_word' id='word_1_85' title='bbox 1365 1424 1472 1465; x_wconf 89' lang='lat' dir='ltr'><strong>nec</strong></span> <span class='ocrx_word' id='word_1_86' title='bbox 1530 1410 1711 1466; x_wconf 87' lang='lat' dir='ltr'><strong>altero</strong></span> <span class='ocrx_word' id='word_1_87' title='bbox 1767 1411 1826 1465; x_wconf 89' lang='lat' dir='ltr'><strong>in</strong></span> <span class='ocrx_word' id='word_1_88' title='bbox 1885 1410 2015 1468; x_wconf 88' lang='lat' dir='ltr'><strong>illos</strong></span> 
     </span>
    </p>
   </div>
   <div class='ocr_carea' id='block_1_16' title="bbox 362 1499 2014 1574">
    <p class='ocr_par' dir='ltr' id='par_1_16' title="bbox 362 1499 2014 1574">
     <span class='ocr_line' id='line_1_16' title="bbox 362 1499 2014 1574; baseline 0.001 -18"><span class='ocrx_word' id='word_1_89' title='bbox 362 1517 512 1574; x_wconf 79' lang='lat' dir='ltr'><strong>Opus</strong></span> <span class='ocrx_word' id='word_1_90' title='bbox 541 1508 691 1556; x_wconf 83' lang='lat' dir='ltr'><strong>esset</strong></span> <span class='ocrx_word' id='word_1_91' title='bbox 721 1499 1016 1567; x_wconf 89' lang='lat' dir='ltr'><strong>conﬂictu,</strong></span> <span class='ocrx_word' id='word_1_92' title='bbox 1050 1499 1232 1554; x_wconf 89' lang='lat' dir='ltr'><strong>semel</strong></span> <span class='ocrx_word' id='word_1_93' title='bbox 1259 1499 1419 1555; x_wconf 88' lang='lat' dir='ltr'><strong>fusos</strong></span> <span class='ocrx_word' id='word_1_94' title='bbox 1456 1499 1713 1569; x_wconf 68' lang='lat' dir='ltr'><strong>{omnino</strong></span> <span class='ocrx_word' id='word_1_95' title='bbox 1764 1502 2014 1573; x_wconf 86' lang='lat' dir='ltr'><strong>fugatos-</strong></span> 
     </span>
    </p>
   </div>
   <div class='ocr_carea' id='block_1_17' title="bbox 364 1587 2014 1663">
    <p class='ocr_par' dir='ltr' id='par_1_17' title="bbox 364 1587 2014 1663">
     <span class='ocr_line' id='line_1_17' title="bbox 364 1587 2014 1663; baseline 0.002 -19"><span class='ocrx_word' id='word_1_96' title='bbox 364 1593 566 1663; x_wconf 89' lang='lat' dir='ltr'><strong>que,et</strong></span> <span class='ocrx_word' id='word_1_97' title='bbox 588 1589 804 1662; x_wconf 86' lang='lat' dir='ltr'><strong>quibus</strong></span> <span class='ocrx_word' id='word_1_98' title='bbox 826 1605 962 1644; x_wconf 89' lang='lat' dir='ltr'><strong>cum</strong></span> <span class='ocrx_word' id='word_1_99' title='bbox 989 1605 1050 1644; x_wconf 90' lang='lat' dir='ltr'><strong>re</strong></span> <span class='ocrx_word' id='word_1_100' title='bbox 1081 1587 1256 1644; x_wconf 88' lang='lat' dir='ltr'><strong>simul</strong></span> <span class='ocrx_word' id='word_1_101' title='bbox 1288 1588 1522 1644; x_wconf 86' lang='lat' dir='ltr'><strong>animus</strong></span> <span class='ocrx_word' id='word_1_102' title='bbox 1551 1589 1724 1660; x_wconf 85' lang='lat' dir='ltr'><strong>plane</strong></span> <span class='ocrx_word' id='word_1_103' title='bbox 1755 1591 2014 1648; x_wconf 87' lang='lat' dir='ltr'><strong>concide-</strong></span> 
     </span>
    </p>
   </div>
   <div class='ocr_carea' id='block_1_18' title="bbox 363 1678 2012 1750">
    <p class='ocr_par' dir='ltr' id='par_1_18' title="bbox 363 1678 2012 1750">
     <span class='ocr_line' id='line_1_18' title="bbox 363 1678 2012 1750; baseline 0.001 -14"><span class='ocrx_word' id='word_1_104' title='bbox 363 1685 474 1749; x_wconf 90' lang='lat' dir='ltr'><strong>rat,</strong></span> <span class='ocrx_word' id='word_1_105' title='bbox 505 1680 587 1736; x_wconf 90' lang='lat' dir='ltr'><strong>ita</strong></span> <span class='ocrx_word' id='word_1_106' title='bbox 618 1684 680 1736; x_wconf 81' lang='lat' dir='ltr'><strong>ut</strong></span> <span class='ocrx_word' id='word_1_107' title='bbox 709 1695 824 1735; x_wconf 90' lang='lat' dir='ltr'><strong>non</strong></span> <span class='ocrx_word' id='word_1_108' title='bbox 857 1679 1028 1734; x_wconf 88' lang='lat' dir='ltr'><strong>modo</strong></span> <span class='ocrx_word' id='word_1_109' title='bbox 1060 1695 1176 1734; x_wconf 93' lang='lat' dir='ltr'><strong>non</strong></span> <span class='ocrx_word' id='word_1_110' title='bbox 1207 1694 1272 1734; x_wconf 94' lang='lat' dir='ltr'><strong>os</strong></span> <span class='ocrx_word' id='word_1_111' title='bbox 1307 1678 1620 1750; x_wconf 83' lang='lat' dir='ltr'><strong>impudens</strong></span> <span class='ocrx_word' id='word_1_112' title='bbox 1656 1679 1845 1736; x_wconf 88' lang='lat' dir='ltr'><strong>denuo</strong></span> <span class='ocrx_word' id='word_1_113' title='bbox 1879 1697 2012 1750; x_wconf 88' lang='lat' dir='ltr'><strong>per-</strong></span> 
     </span>
    </p>
   </div>
   <div class='ocr_carea' id='block_1_19' title="bbox 361 1766 2012 1834">
    <p class='ocr_par' dir='ltr' id='par_1_19' title="bbox 361 1766 2012 1834">
     <span class='ocr_line' id='line_1_19' title="bbox 361 1766 2012 1834; baseline 0.001 -10"><span class='ocrx_word' id='word_1_114' title='bbox 361 1769 588 1834; x_wconf 87' lang='lat' dir='ltr'><strong>fricare,</strong></span> <span class='ocrx_word' id='word_1_115' title='bbox 623 1769 723 1824; x_wconf 88' lang='lat' dir='ltr'><strong>sed</strong></span> <span class='ocrx_word' id='word_1_116' title='bbox 756 1784 862 1824; x_wconf 89' lang='lat' dir='ltr'><strong>nec</strong></span> <span class='ocrx_word' id='word_1_117' title='bbox 893 1766 1093 1823; x_wconf 90' lang='lat' dir='ltr'><strong>oculos</strong></span> <span class='ocrx_word' id='word_1_118' title='bbox 1127 1771 1328 1823; x_wconf 86' lang='lat' dir='ltr'><strong>contra</strong></span> <span class='ocrx_word' id='word_1_119' title='bbox 1359 1767 1715 1824; x_wconf 88' lang='lat' dir='ltr'><strong>clarissimos</strong></span> <span class='ocrx_word' id='word_1_120' title='bbox 1753 1769 2012 1826; x_wconf 83' lang='lat' dir='ltr'><strong>veritatis</strong></span> 
     </span>
    </p>
   </div>
   <div class='ocr_carea' id='block_1_20' title="bbox 2128 610 3778 690">
    <p class='ocr_par' dir='ltr' id='par_1_20' title="bbox 2128 610 3778 690">
     <span class='ocr_line' id='line_1_20' title="bbox 2128 610 3778 690; baseline 0.007 -28"><span class='ocrx_word' id='word_1_121' title='bbox 2128 610 2470 682; x_wconf 80' lang='grc' dir='ltr'><strong>παρασκευῆς</strong></span> <span class='ocrx_word' id='word_1_122' title='bbox 2518 613 2620 678; x_wconf 80' lang='grc' dir='ltr'><strong>τῆς</strong></span> <span class='ocrx_word' id='word_1_123' title='bbox 2660 613 2758 664; x_wconf 86' lang='grc' dir='ltr'><strong>τοῦ</strong></span> <span class='ocrx_word' id='word_1_124' title='bbox 2807 610 3144 684; x_wconf 82' lang='grc' dir='ltr'>Πνεύματος,</span> <span class='ocrx_word' id='word_1_125' title='bbox 3174 613 3249 674; x_wconf 85' lang='grc' dir='ltr'>ὠς</span> <span class='ocrx_word' id='word_1_126' title='bbox 3303 615 3379 687; x_wconf 76' lang='grc' dir='ltr'>μὴ</span> <span class='ocrx_word' id='word_1_127' title='bbox 3429 615 3594 690; x_wconf 91' lang='grc' dir='ltr'>μόνον</span> <span class='ocrx_word' id='word_1_128' title='bbox 3640 617 3778 673; x_wconf 77' lang='grc' dir='ltr'>κατὰ</span> 
     </span>
    </p>
   </div>
   <div class='ocr_carea' id='block_1_21' title="bbox 2129 695 3774 774">
    <p class='ocr_par' dir='ltr' id='par_1_21' title="bbox 2129 695 3774 774">
     <span class='ocr_line' id='line_1_21' title="bbox 2129 695 3774 774; baseline 0.008 -24"><span class='ocrx_word' id='word_1_129' title='bbox 2129 697 2326 771; x_wconf 81' lang='grc' dir='ltr'>κράτος</span> <span class='ocrx_word' id='word_1_130' title='bbox 2376 695 2517 752; x_wconf 80' lang='grc' dir='ltr'>έλεῖν</span> <span class='ocrx_word' id='word_1_131' title='bbox 2564 718 2622 752; x_wconf 89' lang='grc' dir='ltr'><strong>τε</strong></span> <span class='ocrx_word' id='word_1_132' title='bbox 2668 698 2759 752; x_wconf 85' lang='grc' dir='ltr'><strong>καὶ</strong></span> <span class='ocrx_word' id='word_1_133' title='bbox 2805 701 3294 774; x_wconf 77' lang='grc' dir='ltr'><strong>καταστρέψασθαι,</strong></span> <span class='ocrx_word' id='word_1_134' title='bbox 3321 704 3412 758; x_wconf 75' lang='grc' dir='ltr'><strong>καὶ</strong></span> <span class='ocrx_word' id='word_1_135' title='bbox 3467 727 3495 759; x_wconf 71' lang='grc' dir='ltr'><strong>α</strong></span> <span class='ocrx_word' id='word_1_136' title='bbox 3526 706 3774 762; x_wconf 74' lang='grc' dir='ltr'><strong>καθελεῖν</strong></span> 
     </span>
    </p>
   </div>
   <div class='ocr_carea' id='block_1_22' title="bbox 2126 785 3774 869">
    <p class='ocr_par' dir='ltr' id='par_1_22' title="bbox 2126 785 3774 869">
     <span class='ocr_line' id='line_1_22' title="bbox 2126 785 3774 869; baseline 0.007 -30"><span class='ocrx_word' id='word_1_137' title='bbox 2126 786 2306 841; x_wconf 78' lang='grc' dir='ltr'>αὐτῶν</span> <span class='ocrx_word' id='word_1_138' title='bbox 2365 790 2468 838; x_wconf 84' lang='grc' dir='ltr'><strong>πᾶν</strong></span> <span class='ocrx_word' id='word_1_139' title='bbox 2527 785 2730 861; x_wconf 79' lang='grc' dir='ltr'>ὕψωμα</span> <span class='ocrx_word' id='word_1_140' title='bbox 2786 787 2924 843; x_wconf 84' lang='grc' dir='ltr'>κατᾶ</span> <span class='ocrx_word' id='word_1_141' title='bbox 2967 795 3068 858; x_wconf 79' lang='grc' dir='ltr'><strong>τῆς</strong></span> <span class='ocrx_word' id='word_1_142' title='bbox 3113 791 3364 864; x_wconf 83' lang='grc' dir='ltr'>γνώσεως</span> <span class='ocrx_word' id='word_1_143' title='bbox 3419 793 3774 869; x_wconf 80' lang='grc' dir='ltr'>ἐπαιρόμενον</span> 
     </span>
    </p>
   </div>
   <div class='ocr_carea' id='block_1_23' title="bbox 2125 873 3753 953">
    <p class='ocr_par' dir='ltr' id='par_1_23' title="bbox 2125 873 3753 953">
     <span class='ocr_line' id='line_1_23' title="bbox 2125 873 3753 953; baseline 0.007 -24"><span class='ocrx_word' id='word_1_144' title='bbox 2125 879 2222 930; x_wconf 89' lang='grc' dir='ltr'><strong>τοῦ</strong></span> <span class='ocrx_word' id='word_1_145' title='bbox 2253 879 2407 938; x_wconf 85' lang='grc' dir='ltr'>Θεοῦ,</span> <span class='ocrx_word' id='word_1_146' title='bbox 2443 899 2471 928; x_wconf 87' lang='grc'><strong>››</strong></span> <span class='ocrx_word' id='word_1_147' title='bbox 2503 873 2648 931; x_wconf 86' lang='grc' dir='ltr'>ἀλλᾶ</span> <span class='ocrx_word' id='word_1_148' title='bbox 2676 877 2753 950; x_wconf 79' lang='grc' dir='ltr'><strong>μή</strong></span> <span class='ocrx_word' id='word_1_149' title='bbox 2787 874 2843 932; x_wconf 74' lang='grc' dir='ltr'>δὲ</span> <span class='ocrx_word' id='word_1_150' title='bbox 2873 877 3207 952; x_wconf 83' lang='grc' dir='ltr'>συμπλοκῆς</span> <span class='ocrx_word' id='word_1_151' title='bbox 3256 875 3338 937; x_wconf 82' lang='grc' dir='ltr'>ἔτι</span> <span class='ocrx_word' id='word_1_152' title='bbox 3370 879 3630 953; x_wconf 78' lang='grc' dir='ltr'>δεηθῆναι</span> <span class='ocrx_word' id='word_1_153' title='bbox 3664 883 3753 940; x_wconf 85' lang='grc' dir='ltr'><strong>δευ</strong></span> 
     </span>
    </p>
   </div>
   <div class='ocr_carea' id='block_1_24' title="bbox 2125 963 3777 1046">
    <p class='ocr_par' dir='ltr' id='par_1_24' title="bbox 2125 963 3777 1046">
     <span class='ocr_line' id='line_1_24' title="bbox 2125 963 3777 1046; baseline 0.005 -27"><span class='ocrx_word' id='word_1_154' title='bbox 2125 963 2308 1038; x_wconf 76' lang='grc' dir='ltr'>τέρας,</span> <span class='ocrx_word' id='word_1_155' title='bbox 2367 967 2428 1038; x_wconf 62' lang='lat' dir='ltr'><strong>Lf.</strong></span> <span class='ocrx_word' id='word_1_156' title='bbox 2485 967 2616 1022; x_wconf 83' lang='lat' dir='ltr'><strong>add.</strong></span> <span class='ocrx_word' id='word_1_157' title='bbox 2676 966 2831 1042; x_wconf 87' lang='grc' dir='ltr'>πρὸς]</span> <span class='ocrx_word' id='word_1_158' title='bbox 2905 968 3037 1038; x_wconf 81' lang='grc' dir='ltr'>ἅπαξ</span> <span class='ocrx_word' id='word_1_159' title='bbox 3119 971 3608 1046; x_wconf 79' lang='grc' dir='ltr'>κατειργασμένους</span> <span class='ocrx_word' id='word_1_160' title='bbox 3683 975 3777 1030; x_wconf 83' lang='grc' dir='ltr'><strong>καὶ</strong></span> 
     </span>
    </p>
   </div>
   <div class='ocr_carea' id='block_1_25' title="bbox 2127 1056 3772 1136">
    <p class='ocr_par' dir='ltr' id='par_1_25' title="bbox 2127 1056 3772 1136">
     <span class='ocr_line' id='line_1_25' title="bbox 2127 1056 3772 1136; baseline 0.004 -25"><span class='ocrx_word' id='word_1_161' title='bbox 2127 1056 2487 1128; x_wconf 79' lang='grc' dir='ltr'>ἡττημένους,</span> <span class='ocrx_word' id='word_1_162' title='bbox 2533 1056 2624 1110; x_wconf 83' lang='grc' dir='ltr'>καὶ</span> <span class='ocrx_word' id='word_1_163' title='bbox 2695 1057 3036 1114; x_wconf 75' lang='grc' dir='ltr'>παντάπασιν</span> <span class='ocrx_word' id='word_1_164' title='bbox 3111 1059 3479 1135; x_wconf 86' lang='grc' dir='ltr'>ἀπογνόντας·</span> <span class='ocrx_word' id='word_1_165' title='bbox 3552 1064 3629 1125; x_wconf 86' lang='grc' dir='ltr'>ὡς</span> <span class='ocrx_word' id='word_1_166' title='bbox 3693 1067 3772 1136; x_wconf 72' lang='grc' dir='ltr'>μὴ</span> 
     </span>
    </p>
   </div>
   <div class='ocr_carea' id='block_1_26' title="bbox 2128 1144 3776 1223">
    <p class='ocr_par' dir='ltr' id='par_1_26' title="bbox 2128 1144 3776 1223">
     <span class='ocr_line' id='line_1_26' title="bbox 2128 1144 3776 1223; baseline 0.006 -23"><span class='ocrx_word' id='word_1_167' title='bbox 2128 1147 2252 1200; x_wconf 75' lang='grc' dir='ltr'>ὅσον</span> <span class='ocrx_word' id='word_1_168' title='bbox 2285 1147 2658 1222; x_wconf 79' lang='grc' dir='ltr'>ἀναισχυντεῖν</span> <span class='ocrx_word' id='word_1_169' title='bbox 2692 1144 2968 1219; x_wconf 78' lang='grc' dir='ltr'>δύνασθαι,</span> <span class='ocrx_word' id='word_1_170' title='bbox 2990 1146 3137 1204; x_wconf 68' lang='grc' dir='ltr'>ἀλλὰ</span> <span class='ocrx_word' id='word_1_171' title='bbox 3163 1147 3295 1223; x_wconf 87' lang='grc' dir='ltr'>μηδ’</span> <span class='ocrx_word' id='word_1_172' title='bbox 3323 1148 3668 1208; x_wconf 78' lang='grc' dir='ltr'>ἀντιϐλέπειν</span> <span class='ocrx_word' id='word_1_173' title='bbox 3696 1149 3776 1210; x_wconf 78' lang='grc' dir='ltr'><strong>ἔτ’</strong></span> 
     </span>
    </p>
   </div>
   <div class='ocr_carea' id='block_1_27' title="bbox 2127 1235 3773 1312">
    <p class='ocr_par' dir='ltr' id='par_1_27' title="bbox 2127 1235 3773 1312">
     <span class='ocr_line' id='line_1_27' title="bbox 2127 1235 3773 1312; baseline 0.004 -21"><span class='ocrx_word' id='word_1_174' title='bbox 2127 1235 2272 1312; x_wconf 82' lang='grc' dir='ltr'>ἔχειν</span> <span class='ocrx_word' id='word_1_175' title='bbox 2304 1237 2440 1312; x_wconf 87' lang='grc' dir='ltr'>πρὸς</span> <span class='ocrx_word' id='word_1_176' title='bbox 2485 1237 2580 1298; x_wconf 70' lang='grc' dir='ltr'><strong>τὰς</strong></span> <span class='ocrx_word' id='word_1_177' title='bbox 2625 1239 2724 1306; x_wconf 75' lang='grc' dir='ltr'><strong>τῆς</strong></span> <span class='ocrx_word' id='word_1_178' title='bbox 2771 1237 3033 1310; x_wconf 76' lang='grc' dir='ltr'>ἀληθείας</span> <span class='ocrx_word' id='word_1_179' title='bbox 3075 1239 3293 1302; x_wconf 88' lang='grc' dir='ltr'>ἀκτῖνας</span> <span class='ocrx_word' id='word_1_180' title='bbox 3339 1243 3428 1297; x_wconf 82' lang='grc' dir='ltr'><strong>καὶ</strong></span> <span class='ocrx_word' id='word_1_181' title='bbox 3491 1243 3587 1306; x_wconf 69' lang='grc' dir='ltr'><strong>τὰς</strong></span> <span class='ocrx_word' id='word_1_182' title='bbox 3632 1245 3773 1300; x_wconf 80' lang='grc' dir='ltr'>ἐκεί-</span> 
     </span>
    </p>
   </div>
   <div class='ocr_carea' id='block_1_28' title="bbox 2123 1325 3773 1408">
    <p class='ocr_par' dir='ltr' id='par_1_28' title="bbox 2123 1325 3773 1408">
     <span class='ocr_line' id='line_1_28' title="bbox 2123 1325 3773 1408; baseline 0.005 -28"><span class='ocrx_word' id='word_1_183' title='bbox 2123 1347 2218 1381; x_wconf 90' lang='grc' dir='ltr'><strong>νου</strong></span> <span class='ocrx_word' id='word_1_184' title='bbox 2265 1330 2372 1381; x_wconf 81' lang='grc' dir='ltr'>τῶν</span> <span class='ocrx_word' id='word_1_185' title='bbox 2425 1325 2604 1401; x_wconf 88' lang='grc' dir='ltr'>λόγων</span> <span class='ocrx_word' id='word_1_186' title='bbox 2655 1327 2848 1401; x_wconf 78' lang='grc' dir='ltr'>βολάς.</span> <span class='ocrx_word' id='word_1_187' title='bbox 2883 1328 3134 1402; x_wconf 84' lang='grc' dir='ltr'>Δημοσίᾳ</span> <span class='ocrx_word' id='word_1_188' title='bbox 3179 1329 3273 1402; x_wconf 90' lang='grc' dir='ltr'><strong>μέν</strong></span> <span class='ocrx_word' id='word_1_189' title='bbox 3320 1351 3382 1408; x_wconf 84' lang='grc' dir='ltr'><strong>γε</strong></span> <span class='ocrx_word' id='word_1_190' title='bbox 3432 1330 3622 1406; x_wconf 84' lang='grc' dir='ltr'>ληρεῖν</span> <span class='ocrx_word' id='word_1_191' title='bbox 3679 1333 3773 1388; x_wconf 86' lang='grc' dir='ltr'><strong>καὶ</strong></span> 
     </span>
    </p>
   </div>
   <div class='ocr_carea' id='block_1_29' title="bbox 2125 1412 3771 1496">
    <p class='ocr_par' dir='ltr' id='par_1_29' title="bbox 2125 1412 3771 1496">
     <span class='ocr_line' id='line_1_29' title="bbox 2125 1412 3771 1496; baseline 0.004 -26"><span class='ocrx_word' id='word_1_192' title='bbox 2125 1413 2586 1491; x_wconf 77' lang='grc' dir='ltr'>παρῥησιάζεσθαι</span> <span class='ocrx_word' id='word_1_193' title='bbox 2666 1418 2766 1486; x_wconf 78' lang='grc' dir='ltr'>τὴν</span> <span class='ocrx_word' id='word_1_194' title='bbox 2849 1412 3177 1487; x_wconf 74' lang='grc' dir='ltr'>δυσσέϐειαν,</span> <span class='ocrx_word' id='word_1_195' title='bbox 3225 1418 3408 1488; x_wconf 77' lang='grc' dir='ltr'>ἥκιστ’</span> <span class='ocrx_word' id='word_1_196' title='bbox 3467 1420 3722 1496; x_wconf 83' lang='grc' dir='ltr'>ἐτόλμων</span> <span class='ocrx_word' id='word_1_197' title='bbox 3757 1444 3771 1458; x_wconf 80' lang='grc'><em>’</em></span> 
     </span>
    </p>
   </div>
   <div class='ocr_carea' id='block_1_30' title="bbox 2124 1501 3773 1582">
    <p class='ocr_par' dir='ltr' id='par_1_30' title="bbox 2124 1501 3773 1582">
     <span class='ocr_line' id='line_1_30' title="bbox 2124 1501 3773 1582; baseline 0.005 -22"><span class='ocrx_word' id='word_1_198' title='bbox 2124 1501 2318 1580; x_wconf 71' lang='grc' dir='ltr'>ᾔδεσαν</span> <span class='ocrx_word' id='word_1_199' title='bbox 2377 1505 2482 1582; x_wconf 74' lang='grc' dir='ltr'><strong>γὰρ</strong></span> <span class='ocrx_word' id='word_1_200' title='bbox 2541 1502 2664 1561; x_wconf 73' lang='grc' dir='ltr'>οὔτε</span> <span class='ocrx_word' id='word_1_201' title='bbox 2721 1506 2898 1582; x_wconf 81' lang='grc' dir='ltr'>σφίσιν</span> <span class='ocrx_word' id='word_1_202' title='bbox 2939 1507 3126 1570; x_wconf 77' lang='grc' dir='ltr'>αὔτοῖς</span> <span class='ocrx_word' id='word_1_203' title='bbox 3164 1512 3325 1564; x_wconf 89' lang='grc' dir='ltr'>τοῦτο</span> <span class='ocrx_word' id='word_1_204' title='bbox 3380 1516 3648 1580; x_wconf 82' lang='grc' dir='ltr'>συνοῖσον,</span> <span class='ocrx_word' id='word_1_205' title='bbox 3680 1512 3773 1568; x_wconf 81' lang='grc' dir='ltr'><strong>καὶ</strong></span> 
     </span>
    </p>
   </div>
   <div class='ocr_carea' id='block_1_31' title="bbox 2124 1594 3770 1678">
    <p class='ocr_par' dir='ltr' id='par_1_31' title="bbox 2124 1594 3770 1678">
     <span class='ocr_line' id='line_1_31' title="bbox 2124 1594 3770 1678; baseline 0.004 -28"><span class='ocrx_word' id='word_1_206' title='bbox 2124 1595 2260 1670; x_wconf 86' lang='grc' dir='ltr'>πρὸς</span> <span class='ocrx_word' id='word_1_207' title='bbox 2315 1594 2507 1671; x_wconf 86' lang='grc' dir='ltr'>γέντρα</span> <span class='ocrx_word' id='word_1_208' title='bbox 2563 1599 2908 1670; x_wconf 80' lang='grc' dir='ltr'>χωρήσοντες</span> <span class='ocrx_word' id='word_1_209' title='bbox 2965 1596 3212 1672; x_wconf 82' lang='grc' dir='ltr'>ἀτεχνῶς</span> <span class='ocrx_word' id='word_1_210' title='bbox 3269 1599 3331 1654; x_wconf 85' lang='grc' dir='ltr'>τὸ</span> <span class='ocrx_word' id='word_1_211' title='bbox 3403 1603 3498 1654; x_wconf 89' lang='grc' dir='ltr'><strong>τοῦ</strong></span> <span class='ocrx_word' id='word_1_212' title='bbox 3555 1600 3770 1678; x_wconf 72' lang='grc' dir='ltr'>λόγουο</span> 
     </span>
    </p>
   </div>
   <div class='ocr_carea' id='block_1_32' title="bbox 2129 1679 3774 1760">
    <p class='ocr_par' dir='ltr' id='par_1_32' title="bbox 2129 1679 3774 1760">
     <span class='ocr_line' id='line_1_32' title="bbox 2129 1679 3774 1760; baseline 0.006 -24"><span class='ocrx_word' id='word_1_213' title='bbox 2129 1710 2149 1736; x_wconf 74' lang='grc' dir='ltr'>α</span> <span class='ocrx_word' id='word_1_214' title='bbox 2189 1684 2380 1741; x_wconf 89' lang='grc' dir='ltr'>Παθὼν</span> <span class='ocrx_word' id='word_1_215' title='bbox 2414 1681 2472 1739; x_wconf 86' lang='grc' dir='ltr'><strong>δέ</strong></span> <span class='ocrx_word' id='word_1_216' title='bbox 2499 1705 2556 1739; x_wconf 91' lang='grc' dir='ltr'><strong>τε</strong></span> <span class='ocrx_word' id='word_1_217' title='bbox 2583 1686 2777 1755; x_wconf 79' lang='grc' dir='ltr'>νήπιος</span> <span class='ocrx_word' id='word_1_218' title='bbox 2801 1679 2970 1760; x_wconf 77' lang='grc' dir='ltr'>ἔγνω·</span> <span class='ocrx_word' id='word_1_219' title='bbox 2993 1709 3020 1736; x_wconf 88' lang='grc'><strong>››</strong></span> <span class='ocrx_word' id='word_1_220' title='bbox 3041 1690 3138 1740; x_wconf 85' lang='grc' dir='ltr'><strong>τοῦ</strong></span> <span class='ocrx_word' id='word_1_221' title='bbox 3172 1683 3220 1741; x_wconf 80' lang='grc' dir='ltr'>δ’</span> <span class='ocrx_word' id='word_1_222' title='bbox 3252 1684 3362 1758; x_wconf 80' lang='grc' dir='ltr'>ἰδίᾳ</span> <span class='ocrx_word' id='word_1_223' title='bbox 3388 1690 3476 1744; x_wconf 85' lang='grc' dir='ltr'>καὶ</span> <span class='ocrx_word' id='word_1_224' title='bbox 3509 1691 3628 1744; x_wconf 86' lang='grc' dir='ltr'>καθ’</span> <span class='ocrx_word' id='word_1_225' title='bbox 3651 1691 3774 1745; x_wconf 75' lang='grc' dir='ltr'>ἑαυ-</span> 
     </span>
    </p>
   </div>
   <div class='ocr_carea' id='block_1_33' title="bbox 2121 1770 3772 1852">
    <p class='ocr_par' dir='ltr' id='par_1_33' title="bbox 2121 1770 3772 1852">
     <span class='ocr_line' id='line_1_33' title="bbox 2121 1770 3772 1852; baseline 0.003 -24"><span class='ocrx_word' id='word_1_226' title='bbox 2121 1775 2250 1835; x_wconf 82' lang='grc' dir='ltr'>τοὺς</span> <span class='ocrx_word' id='word_1_227' title='bbox 2298 1797 2328 1826; x_wconf 85' lang='grc'><strong>‹‹</strong></span> <span class='ocrx_word' id='word_1_228' title='bbox 2367 1770 2578 1828; x_wconf 76' lang='grc' dir='ltr'>ἀδικίαν</span> <span class='ocrx_word' id='word_1_229' title='bbox 2629 1773 2706 1834; x_wconf 62' lang='grc' dir='ltr'>εἷς</span> <span class='ocrx_word' id='word_1_230' title='bbox 2753 1774 2814 1828; x_wconf 89' lang='grc' dir='ltr'>τὸ</span> <span class='ocrx_word' id='word_1_231' title='bbox 2854 1772 2989 1848; x_wconf 75' lang='grc' dir='ltr'>ὕψος</span> <span class='ocrx_word' id='word_1_232' title='bbox 3027 1773 3240 1843; x_wconf 86' lang='grc' dir='ltr'>λαλεῖν,</span> <span class='ocrx_word' id='word_1_233' title='bbox 3277 1799 3302 1827; x_wconf 77' lang='lat' dir='ltr'><strong>n</strong></span> <span class='ocrx_word' id='word_1_234' title='bbox 3335 1777 3423 1832; x_wconf 79' lang='grc' dir='ltr'>καὶ</span> <span class='ocrx_word' id='word_1_235' title='bbox 3455 1776 3772 1852; x_wconf 80' lang='grc' dir='ltr'>πάντολμον</span> 
     </span>
    </p>
   </div>
   <div class='ocr_carea' id='block_1_34' title="bbox 364 1857 2011 1952">
    <p class='ocr_par' dir='ltr' id='par_1_34' title="bbox 364 1857 2006 1928">
     <span class='ocr_line' id='line_1_34' title="bbox 364 1857 2006 1928; baseline 0 -14"><span class='ocrx_word' id='word_1_236' title='bbox 364 1858 576 1927; x_wconf 86' lang='lat' dir='ltr'><strong>radios,</strong></span> <span class='ocrx_word' id='word_1_237' title='bbox 603 1861 660 1914; x_wconf 89' lang='lat' dir='ltr'><strong>et</strong></span> <span class='ocrx_word' id='word_1_238' title='bbox 690 1857 978 1912; x_wconf 79' lang='lat' dir='ltr'><strong>rationum</strong></span> <span class='ocrx_word' id='word_1_239' title='bbox 1011 1857 1464 1928; x_wconf 81' lang='lat' dir='ltr'><strong>arationumque</strong></span> <span class='ocrx_word' id='word_1_240' title='bbox 1493 1857 1678 1912; x_wconf 87' lang='lat' dir='ltr'><strong>nostri</strong></span> <span class='ocrx_word' id='word_1_241' title='bbox 1703 1859 1864 1927; x_wconf 85' lang='lat' dir='ltr'><strong>jacta</strong></span> <span class='ocrx_word' id='word_1_242' title='bbox 1902 1859 2006 1914; x_wconf 85' lang='lat' dir='ltr'><strong>ful-</strong></span> 
     </span>
    </p>
   </div>
   <div class='ocr_carea' id='block_1_35' title="bbox 2123 1857 3774 1952">
    <p class='ocr_par' dir='ltr' id='par_1_35' title="bbox 2123 1861 3774 1938">
     <span class='ocr_line' id='line_1_35' title="bbox 2123 1861 3774 1938; baseline 0.004 -21"><span class='ocrx_word' id='word_1_243' title='bbox 2123 1861 2366 1936; x_wconf 81' lang='grc' dir='ltr'>γλῶσσαν</span> <span class='ocrx_word' id='word_1_244' title='bbox 2415 1863 2550 1918; x_wconf 82' lang='grc' dir='ltr'>κατὰ</span> <span class='ocrx_word' id='word_1_245' title='bbox 2595 1866 2690 1918; x_wconf 87' lang='grc' dir='ltr'><strong>τοῦ</strong></span> <span class='ocrx_word' id='word_1_246' title='bbox 2739 1862 2896 1918; x_wconf 86' lang='grc' dir='ltr'>Θείου</span> <span class='ocrx_word' id='word_1_247' title='bbox 2943 1868 3131 1934; x_wconf 86' lang='grc' dir='ltr'>κινεῖν,</span> <span class='ocrx_word' id='word_1_248' title='bbox 3164 1863 3225 1920; x_wconf 81' lang='grc' dir='ltr'>οὗ</span> <span class='ocrx_word' id='word_1_249' title='bbox 3278 1863 3491 1938; x_wconf 80' lang='grc' dir='ltr'>μᾶλλον</span> <span class='ocrx_word' id='word_1_250' title='bbox 3525 1867 3774 1938; x_wconf 89' lang='grc' dir='ltr'>ἀπέστη-</span> 
     </span>
    </p>
   </div>
   <div class='ocr_carea' id='block_1_36' title="bbox 362 1945 2010 2011">
    <p class='ocr_par' dir='ltr' id='par_1_36' title="bbox 362 1945 2010 2011">
     <span class='ocr_line' id='line_1_36' title="bbox 362 1945 2010 2011; baseline 0.001 -7"><span class='ocrx_word' id='word_1_251' title='bbox 362 1949 520 2004; x_wconf 86' lang='lat' dir='ltr'><strong>mina</strong></span> <span class='ocrx_word' id='word_1_252' title='bbox 567 1945 834 2003; x_wconf 87' lang='lat' dir='ltr'><strong>attollere</strong></span> <span class='ocrx_word' id='word_1_253' title='bbox 882 1947 1181 2002; x_wconf 84' lang='lat' dir='ltr'><strong>auderent.</strong></span> <span class='ocrx_word' id='word_1_254' title='bbox 1215 1947 1602 2011; x_wconf 86' lang='lat' dir='ltr'><strong>Quamobrem</strong></span> <span class='ocrx_word' id='word_1_255' title='bbox 1655 1947 1895 2004; x_wconf 89' lang='lat' dir='ltr'><strong>minime</strong></span> <span class='ocrx_word' id='word_1_256' title='bbox 1925 1949 2010 2005; x_wconf 89' lang='lat' dir='ltr'><strong>illi</strong></span> 
     </span>
    </p>
   </div>
   <div class='ocr_carea' id='block_1_37' title="bbox 361 2037 2006 2112">
    <p class='ocr_par' dir='ltr' id='par_1_37' title="bbox 361 2037 2006 2112">
     <span class='ocr_line' id='line_1_37' title="bbox 361 2037 2006 2112; baseline 0.001 -18"><span class='ocrx_word' id='word_1_257' title='bbox 361 2039 516 2094; x_wconf 88' lang='lat' dir='ltr'><strong>ultra</strong></span> <span class='ocrx_word' id='word_1_258' title='bbox 563 2039 621 2092; x_wconf 91' lang='lat' dir='ltr'><strong>in</strong></span> <span class='ocrx_word' id='word_1_259' title='bbox 675 2037 904 2109; x_wconf 88' lang='lat' dir='ltr'><strong>publico</strong></span> <span class='ocrx_word' id='word_1_260' title='bbox 949 2037 1506 2110; x_wconf 89' lang='lat' dir='ltr'><strong>garrire,suamque</strong></span> <span class='ocrx_word' id='word_1_261' title='bbox 1546 2039 1846 2110; x_wconf 86' lang='lat' dir='ltr'><strong>propalam</strong></span> <span class='ocrx_word' id='word_1_262' title='bbox 1878 2055 2006 2112; x_wconf 90' lang='lat' dir='ltr'><strong>per-</strong></span> 
     </span>
    </p>
   </div>
   <div class='ocr_carea' id='block_1_38' title="bbox 357 2127 2012 2202">
    <p class='ocr_par' dir='ltr' id='par_1_38' title="bbox 357 2127 2012 2202">
     <span class='ocr_line' id='line_1_38' title="bbox 357 2127 2012 2202; baseline 0.002 -20"><span class='ocrx_word' id='word_1_263' title='bbox 357 2127 594 2202; x_wconf 86' lang='lat' dir='ltr'><strong>vulgare</strong></span> <span class='ocrx_word' id='word_1_264' title='bbox 639 2127 1016 2200; x_wconf 88' lang='lat' dir='ltr'><strong>impietatem,</strong></span> <span class='ocrx_word' id='word_1_265' title='bbox 1051 2127 1215 2200; x_wconf 91' lang='lat' dir='ltr'><strong>gnari</strong></span> <span class='ocrx_word' id='word_1_266' title='bbox 1255 2129 1536 2184; x_wconf 87' lang='lat' dir='ltr'><strong>nimirum</strong></span> <span class='ocrx_word' id='word_1_267' title='bbox 1571 2129 1720 2185; x_wconf 91' lang='lat' dir='ltr'><strong>haud</strong></span> <span class='ocrx_word' id='word_1_268' title='bbox 1753 2147 1785 2186; x_wconf 92' lang='lat' dir='ltr'><strong>e</strong></span> <span class='ocrx_word' id='word_1_269' title='bbox 1815 2147 1876 2186; x_wconf 88' lang='lat' dir='ltr'><strong>re</strong></span> <span class='ocrx_word' id='word_1_270' title='bbox 1905 2147 2012 2186; x_wconf 89' lang='lat' dir='ltr'><strong>sua</strong></span> 
     </span>
    </p>
   </div>
   <div class='ocr_carea' id='block_1_39' title="bbox 355 2217 2010 2290">
    <p class='ocr_par' dir='ltr' id='par_1_39' title="bbox 355 2217 2010 2290">
     <span class='ocr_line' id='line_1_39' title="bbox 355 2217 2010 2290; baseline 0.001 -16"><span class='ocrx_word' id='word_1_271' title='bbox 355 2219 418 2274; x_wconf 97' lang='lat' dir='ltr'><strong>id</strong></span> <span class='ocrx_word' id='word_1_272' title='bbox 455 2218 742 2284; x_wconf 79' lang='lat' dir='ltr'><strong>futurum,</strong></span> <span class='ocrx_word' id='word_1_273' title='bbox 777 2233 952 2288; x_wconf 89' lang='lat' dir='ltr'><strong>seque</strong></span> <span class='ocrx_word' id='word_1_274' title='bbox 979 2217 1118 2288; x_wconf 74' lang='lat' dir='ltr'><strong>;‘boo</strong></span> <span class='ocrx_word' id='word_1_275' title='bbox 1179 2221 1346 2290; x_wconf 90' lang='lat' dir='ltr'><strong>pacto</strong></span> <span class='ocrx_word' id='word_1_276' title='bbox 1377 2217 1435 2272; x_wconf 91' lang='lat' dir='ltr'><strong>in</strong></span> <span class='ocrx_word' id='word_1_277' title='bbox 1468 2219 1742 2275; x_wconf 86' lang='lat' dir='ltr'><strong>adversos</strong></span> <span class='ocrx_word' id='word_1_278' title='bbox 1772 2221 2010 2276; x_wconf 88' lang='lat' dir='ltr'><strong>omnino</strong></span> 
     </span>
    </p>
   </div>
   <div class='ocr_carea' id='block_1_40' title="bbox 364 2307 2012 2381">
    <p class='ocr_par' dir='ltr' id='par_1_40' title="bbox 364 2307 2012 2381">
     <span class='ocr_line' id='line_1_40' title="bbox 364 2307 2012 2381; baseline 0.001 -17"><span class='ocrx_word' id='word_1_279' title='bbox 364 2307 638 2365; x_wconf 86' lang='lat' dir='ltr'><strong>stimulos</strong></span> <span class='ocrx_word' id='word_1_280' title='bbox 695 2307 968 2376; x_wconf 90' lang='lat' dir='ltr'><strong>ruituros,</strong></span> <span class='ocrx_word' id='word_1_281' title='bbox 1027 2308 1348 2364; x_wconf 89' lang='lat' dir='ltr'><strong>secundum</strong></span> <span class='ocrx_word' id='word_1_282' title='bbox 1410 2307 1706 2381; x_wconf 82' lang='lat' dir='ltr'><strong>vulgarem</strong></span> <span class='ocrx_word' id='word_1_283' title='bbox 1777 2315 2012 2366; x_wconf 90' lang='lat' dir='ltr'><strong>senten-</strong></span> 
     </span>
    </p>
   </div>
   <div class='ocr_carea' id='block_1_41' title="bbox 365 2399 2009 2472">
    <p class='ocr_par' dir='ltr' id='par_1_41' title="bbox 365 2399 2009 2472">
     <span class='ocr_line' id='line_1_41' title="bbox 365 2399 2009 2472; baseline -0.004 -16"><span class='ocrx_word' id='word_1_284' title='bbox 365 2403 504 2456; x_wconf 86' lang='lat' dir='ltr'><strong>tiam</strong></span> <span class='ocrx_word' id='word_1_285' title='bbox 543 2401 634 2472; x_wconf 87' lang='lat'><strong>(7),</strong></span> <span class='ocrx_word' id='word_1_286' title='bbox 679 2421 710 2450; x_wconf 89' lang='grc'><strong>‹‹</strong></span> <span class='ocrx_word' id='word_1_287' title='bbox 759 2399 921 2472; x_wconf 88' lang='lat' dir='ltr'><strong>Sapit</strong></span> <span class='ocrx_word' id='word_1_288' title='bbox 963 2401 1197 2470; x_wconf 88' lang='lat' dir='ltr'><strong>accepto</strong></span> <span class='ocrx_word' id='word_1_289' title='bbox 1247 2413 1382 2454; x_wconf 86' lang='lat' dir='ltr'><strong>nam</strong></span> <span class='ocrx_word' id='word_1_290' title='bbox 1419 2399 1652 2455; x_wconf 85' lang='lat' dir='ltr'><strong>vulnere</strong></span> <span class='ocrx_word' id='word_1_291' title='bbox 1694 2399 1946 2468; x_wconf 83' lang='lat' dir='ltr'><strong>stultus;</strong></span> <span class='ocrx_word' id='word_1_292' title='bbox 1982 2421 2009 2450; x_wconf 70' lang='grc' dir='ltr'><strong>δ)</strong></span> 
     </span>
    </p>
   </div>
   <div class='ocr_carea' id='block_1_42' title="bbox 364 2488 2012 2563">
    <p class='ocr_par' dir='ltr' id='par_1_42' title="bbox 364 2488 2012 2563">
     <span class='ocr_line' id='line_1_42' title="bbox 364 2488 2012 2563; baseline -0.001 -16"><span class='ocrx_word' id='word_1_293' title='bbox 364 2495 424 2548; x_wconf 87' lang='lat' dir='ltr'><strong>at</strong></span> <span class='ocrx_word' id='word_1_294' title='bbox 479 2489 749 2563; x_wconf 84' lang='lat' dir='ltr'><strong>privatim</strong></span> <span class='ocrx_word' id='word_1_295' title='bbox 803 2505 870 2544; x_wconf 90' lang='lat' dir='ltr'><strong>ac</strong></span> <span class='ocrx_word' id='word_1_296' title='bbox 936 2489 1174 2545; x_wconf 82' lang='lat' dir='ltr'><strong>remotis</strong></span> <span class='ocrx_word' id='word_1_297' title='bbox 1244 2488 1502 2554; x_wconf 87' lang='lat' dir='ltr'><strong>arbitris,</strong></span> <span class='ocrx_word' id='word_1_298' title='bbox 1575 2489 1758 2546; x_wconf 85' lang='lat' dir='ltr'><strong>nihilo</strong></span> <span class='ocrx_word' id='word_1_299' title='bbox 1829 2492 2012 2562; x_wconf 85' lang='lat' dir='ltr'><strong>magis</strong></span> 
     </span>
    </p>
   </div>
   <div class='ocr_carea' id='block_1_43' title="bbox 361 2577 2005 2650">
    <p class='ocr_par' dir='ltr' id='par_1_43' title="bbox 361 2577 2005 2650">
     <span class='ocr_line' id='line_1_43' title="bbox 361 2577 2005 2650; baseline -0.002 -15"><span class='ocrx_word' id='word_1_300' title='bbox 361 2581 646 2636; x_wconf 84' lang='lat' dir='ltr'><strong>desierant</strong></span> <span class='ocrx_word' id='word_1_301' title='bbox 694 2601 722 2630; x_wconf 88' lang='lat'>«</span> <span class='ocrx_word' id='word_1_302' title='bbox 773 2579 1154 2650; x_wconf 87' lang='lat' dir='ltr'><strong>iniquatatem</strong></span> <span class='ocrx_word' id='word_1_303' title='bbox 1215 2578 1273 2633; x_wconf 90' lang='lat' dir='ltr'><strong>in</strong></span> <span class='ocrx_word' id='word_1_304' title='bbox 1321 2577 1628 2635; x_wconf 82' lang='lat' dir='ltr'><strong>Excelsum</strong></span> <span class='ocrx_word' id='word_1_305' title='bbox 1671 2579 1826 2650; x_wconf 90' lang='lat' dir='ltr'><strong>loqui</strong></span> <span class='ocrx_word' id='word_1_306' title='bbox 1856 2579 1946 2648; x_wconf 74' lang='lat'><strong>3&quot;,</strong></span> <span class='ocrx_word' id='word_1_307' title='bbox 1977 2603 2005 2632; x_wconf 84' lang='grc'>››</span> 
     </span>
    </p>
   </div>
   <div class='ocr_carea' id='block_1_44' title="bbox 363 2667 2010 2739">
    <p class='ocr_par' dir='ltr' id='par_1_44' title="bbox 363 2667 2010 2739">
     <span class='ocr_line' id='line_1_44' title="bbox 363 2667 2010 2739; baseline 0 -15"><span class='ocrx_word' id='word_1_308' title='bbox 363 2674 540 2739; x_wconf 82' lang='lat' dir='ltr'><strong>atque</strong></span> <span class='ocrx_word' id='word_1_309' title='bbox 599 2669 932 2724; x_wconf 77' lang='lat' dir='ltr'><strong>effrenatam</strong></span> <span class='ocrx_word' id='word_1_310' title='bbox 993 2667 1273 2722; x_wconf 88' lang='lat' dir='ltr'><strong>adversus</strong></span> <span class='ocrx_word' id='word_1_311' title='bbox 1351 2667 1533 2723; x_wconf 90' lang='lat' dir='ltr'><strong>Deum</strong></span> <span class='ocrx_word' id='word_1_312' title='bbox 1593 2668 1820 2724; x_wconf 88' lang='lat' dir='ltr'><strong>vibrare</strong></span> <span class='ocrx_word' id='word_1_313' title='bbox 1897 2669 2010 2726; x_wconf 88' lang='lat' dir='ltr'><strong>lin-</strong></span> 
     </span>
    </p>
   </div>
   <div class='ocr_carea' id='block_1_45' title="bbox 363 2756 2010 2831">
    <p class='ocr_par' dir='ltr' id='par_1_45' title="bbox 363 2756 2010 2831">
     <span class='ocr_line' id='line_1_45' title="bbox 363 2756 2010 2831; baseline 0.001 -19"><span class='ocrx_word' id='word_1_314' title='bbox 363 2775 538 2831; x_wconf 86' lang='lat' dir='ltr'><strong>guam</strong></span> <span class='ocrx_word' id='word_1_315' title='bbox 569 2773 805 2824; x_wconf 89' lang='lat' dir='ltr'><strong>;verum</strong></span> <span class='ocrx_word' id='word_1_316' title='bbox 829 2757 1028 2813; x_wconf 88' lang='lat' dir='ltr'><strong>eadem</strong></span> <span class='ocrx_word' id='word_1_317' title='bbox 1051 2756 1242 2812; x_wconf 88' lang='lat' dir='ltr'><strong>adhuc</strong></span> <span class='ocrx_word' id='word_1_318' title='bbox 1278 2757 1474 2828; x_wconf 87' lang='lat' dir='ltr'><strong>perciti</strong></span> <span class='ocrx_word' id='word_1_319' title='bbox 1507 2757 1687 2824; x_wconf 87' lang='lat' dir='ltr'><strong>rabie,</strong></span> <span class='ocrx_word' id='word_1_320' title='bbox 1719 2773 2010 2830; x_wconf 86' lang='lat' dir='ltr'><strong>paresque</strong></span> 
     </span>
    </p>
   </div>
   <div class='ocr_carea' id='block_1_46' title="bbox 306 2845 2010 2920">
    <p class='ocr_par' dir='ltr' id='par_1_46' title="bbox 306 2845 2010 2920">
     <span class='ocr_line' id='line_1_46' title="bbox 306 2845 2010 2920; baseline 0.001 -16"><span class='ocrx_word' id='word_1_321' title='bbox 306 2859 310 2864; x_wconf 84' lang='lat'>&#39;</span> <span class='ocrx_word' id='word_1_322' title='bbox 363 2853 420 2904; x_wconf 84' lang='lat' dir='ltr'><strong>et</strong></span> <span class='ocrx_word' id='word_1_323' title='bbox 453 2847 672 2904; x_wconf 88' lang='lat' dir='ltr'><strong>similes</strong></span> <span class='ocrx_word' id='word_1_324' title='bbox 705 2851 1025 2914; x_wconf 89' lang='lat' dir='ltr'><strong>manentes,</strong></span> <span class='ocrx_word' id='word_1_325' title='bbox 1043 2847 1538 2917; x_wconf 89' lang='lat' dir='ltr'><strong>quemadmodum</strong></span> <span class='ocrx_word' id='word_1_326' title='bbox 1571 2845 1668 2902; x_wconf 90' lang='lat' dir='ltr'><strong>ille</strong></span> <span class='ocrx_word' id='word_1_327' title='bbox 1703 2847 1763 2902; x_wconf 90' lang='lat' dir='ltr'><strong>in</strong></span> <span class='ocrx_word' id='word_1_328' title='bbox 1803 2849 2010 2920; x_wconf 88' lang='lat' dir='ltr'><strong>adagio</strong></span> 
     </span>
    </p>
   </div>
   <div class='ocr_carea' id='block_1_47' title="bbox 365 2934 2012 3010">
    <p class='ocr_par' dir='ltr' id='par_1_47' title="bbox 365 2934 2012 3010">
     <span class='ocr_line' id='line_1_47' title="bbox 365 2934 2012 3010; baseline -0.001 -17"><span class='ocrx_word' id='word_1_329' title='bbox 365 2952 665 3010; x_wconf 88' lang='lat' dir='ltr'><strong>nunquam</strong></span> <span class='ocrx_word' id='word_1_330' title='bbox 716 2937 1021 2992; x_wconf 89' lang='lat' dir='ltr'><strong>albescens</strong></span> <span class='ocrx_word' id='word_1_331' title='bbox 1072 2934 1355 3007; x_wconf 69' lang='lat' dir='ltr'><strong>Ethiops,</strong></span> <span class='ocrx_word' id='word_1_332' title='bbox 1409 2951 1640 2992; x_wconf 88' lang='lat' dir='ltr'><strong>omnem</strong></span> <span class='ocrx_word' id='word_1_333' title='bbox 1702 2938 2012 2994; x_wconf 86' lang='lat' dir='ltr'><strong>movebant</strong></span> 
     </span>
    </p>
   </div>
   <div class='ocr_carea' id='block_1_48' title="bbox 363 3023 2006 3098">
    <p class='ocr_par' dir='ltr' id='par_1_48' title="bbox 363 3023 2006 3098">
     <span class='ocr_line' id='line_1_48' title="bbox 363 3023 2006 3098; baseline -0.002 -16"><span class='ocrx_word' id='word_1_334' title='bbox 363 3027 694 3096; x_wconf 89' lang='lat' dir='ltr'><strong>rudentem,</strong></span> <span class='ocrx_word' id='word_1_335' title='bbox 727 3025 1041 3096; x_wconf 89' lang='lat' dir='ltr'><strong>omniaque</strong></span> <span class='ocrx_word' id='word_1_336' title='bbox 1071 3023 1558 3080; x_wconf 86' lang='lat' dir='ltr'><strong>machinabantur</strong></span> <span class='ocrx_word' id='word_1_337' title='bbox 1585 3040 1650 3082; x_wconf 89' lang='lat' dir='ltr'><strong>ac</strong></span> <span class='ocrx_word' id='word_1_338' title='bbox 1691 3025 2006 3098; x_wconf 82' lang='lat' dir='ltr'><strong>agitabant,</strong></span> 
     </span>
    </p>
   </div>
   <div class='ocr_carea' id='block_1_49' title="bbox 365 3113 2009 3184">
    <p class='ocr_par' dir='ltr' id='par_1_49' title="bbox 365 3113 2009 3184">
     <span class='ocr_line' id='line_1_49' title="bbox 365 3113 2009 3184; baseline -0.001 -12"><span class='ocrx_word' id='word_1_339' title='bbox 365 3125 424 3172; x_wconf 85' lang='lat' dir='ltr'><strong>ut</strong></span> <span class='ocrx_word' id='word_1_340' title='bbox 455 3115 688 3171; x_wconf 89' lang='lat' dir='ltr'><strong>sublato</strong></span> <span class='ocrx_word' id='word_1_341' title='bbox 719 3115 790 3170; x_wconf 90' lang='lat' dir='ltr'><strong>de</strong></span> <span class='ocrx_word' id='word_1_342' title='bbox 826 3113 1016 3169; x_wconf 89' lang='lat' dir='ltr'><strong>medio</strong></span> <span class='ocrx_word' id='word_1_343' title='bbox 1048 3113 1418 3169; x_wconf 87' lang='lat' dir='ltr'><strong>sanctissimo</strong></span> <span class='ocrx_word' id='word_1_344' title='bbox 1439 3114 1581 3184; x_wconf 87' lang='lat' dir='ltr'><strong>viro,</strong></span> <span class='ocrx_word' id='word_1_345' title='bbox 1606 3113 1807 3169; x_wconf 88' lang='lat' dir='ltr'><strong>iisdem</strong></span> <span class='ocrx_word' id='word_1_346' title='bbox 1841 3131 2009 3184; x_wconf 91' lang='lat' dir='ltr'><strong>porro</strong></span> 
     </span>
    </p>
   </div>
   <div class='ocr_carea' id='block_1_50' title="bbox 2119 1947 3773 2031">
    <p class='ocr_par' dir='ltr' id='par_1_50' title="bbox 2119 1947 3773 2031">
     <span class='ocr_line' id='line_1_50' title="bbox 2119 1947 3773 2031; baseline 0.005 -25"><span class='ocrx_word' id='word_1_347' title='bbox 2119 1972 2238 2022; x_wconf 87' lang='grc' dir='ltr'>σαν,</span> <span class='ocrx_word' id='word_1_348' title='bbox 2271 1951 2417 2007; x_wconf 84' lang='grc' dir='ltr'><strong>ἀλλά</strong></span> <span class='ocrx_word' id='word_1_349' title='bbox 2480 1958 2582 2021; x_wconf 85' lang='grc' dir='ltr'><strong>τῆς</strong></span> <span class='ocrx_word' id='word_1_350' title='bbox 2631 1952 2800 2022; x_wconf 77' lang='grc' dir='ltr'>αὐτῆς</span> <span class='ocrx_word' id='word_1_351' title='bbox 2849 1947 2922 2006; x_wconf 77' lang='grc' dir='ltr'><strong>ἔτ’</strong></span> <span class='ocrx_word' id='word_1_352' title='bbox 2961 1952 3222 2031; x_wconf 83' lang='grc' dir='ltr'>ἐχόμενοι</span> <span class='ocrx_word' id='word_1_353' title='bbox 3271 1954 3499 2027; x_wconf 79' lang='grc' dir='ltr'>λύσσης,</span> <span class='ocrx_word' id='word_1_354' title='bbox 3529 1959 3620 2011; x_wconf 83' lang='grc' dir='ltr'><strong>καὶ</strong></span> <span class='ocrx_word' id='word_1_355' title='bbox 3670 1957 3773 2031; x_wconf 81' lang='grc' dir='ltr'>μέ-</span> 
     </span>
    </p>
   </div>
   <div class='ocr_carea' id='block_1_51' title="bbox 2116 2040 3770 2119">
    <p class='ocr_par' dir='ltr' id='par_1_51' title="bbox 2116 2040 3770 2119">
     <span class='ocr_line' id='line_1_51' title="bbox 2116 2040 3770 2119; baseline 0.005 -25"><span class='ocrx_word' id='word_1_356' title='bbox 2116 2062 2297 2104; x_wconf 89' lang='grc' dir='ltr'>νοντες</span> <span class='ocrx_word' id='word_1_357' title='bbox 2341 2041 2454 2096; x_wconf 66' lang='grc' dir='ltr'>ἴσοι</span> <span class='ocrx_word' id='word_1_358' title='bbox 2505 2042 2599 2096; x_wconf 89' lang='grc' dir='ltr'><strong>καὶ</strong></span> <span class='ocrx_word' id='word_1_359' title='bbox 2648 2040 3027 2117; x_wconf 75' lang='grc' dir='ltr'>παραπλήσιοι</span> <span class='ocrx_word' id='word_1_360' title='bbox 3064 2043 3304 2119; x_wconf 85' lang='grc' dir='ltr'>καθάπερ</span> <span class='ocrx_word' id='word_1_361' title='bbox 3353 2045 3380 2100; x_wconf 85' lang='grc' dir='ltr'>ὁ</span> <span class='ocrx_word' id='word_1_362' title='bbox 3421 2047 3497 2118; x_wconf 79' lang='grc' dir='ltr'>μή</span> <span class='ocrx_word' id='word_1_363' title='bbox 3545 2044 3770 2102; x_wconf 87' lang='grc' dir='ltr'>λευκαι-</span> 
     </span>
    </p>
   </div>
   <div class='ocr_carea' id='block_1_52' title="bbox 2115 2129 3768 2207">
    <p class='ocr_par' dir='ltr' id='par_1_52' title="bbox 2115 2129 3768 2207">
     <span class='ocr_line' id='line_1_52' title="bbox 2115 2129 3768 2207; baseline 0.002 -21"><span class='ocrx_word' id='word_1_364' title='bbox 2115 2129 2344 2204; x_wconf 84' lang='grc' dir='ltr'>νόμενος</span> <span class='ocrx_word' id='word_1_365' title='bbox 2389 2137 2490 2200; x_wconf 85' lang='grc' dir='ltr'><strong>τῆς</strong></span> <span class='ocrx_word' id='word_1_366' title='bbox 2541 2129 2838 2205; x_wconf 81' lang='grc' dir='ltr'>παροιμίας</span> <span class='ocrx_word' id='word_1_367' title='bbox 2888 2131 3116 2207; x_wconf 80' lang='grc' dir='ltr'>Αἰθίοψ,</span> <span class='ocrx_word' id='word_1_368' title='bbox 3164 2134 3320 2188; x_wconf 86' lang='grc' dir='ltr'>πάντ’</span> <span class='ocrx_word' id='word_1_369' title='bbox 3378 2135 3510 2205; x_wconf 82' lang='grc' dir='ltr'>ἦσαν</span> <span class='ocrx_word' id='word_1_370' title='bbox 3579 2135 3768 2192; x_wconf 82' lang='grc' dir='ltr'>κάλων</span> 
     </span>
    </p>
   </div>
   <div class='ocr_carea' id='block_1_53' title="bbox 2115 2221 3768 2300">
    <p class='ocr_par' dir='ltr' id='par_1_53' title="bbox 2115 2221 3768 2300">
     <span class='ocr_line' id='line_1_53' title="bbox 2115 2221 3768 2300; baseline 0.005 -26"><span class='ocrx_word' id='word_1_371' title='bbox 2115 2225 2401 2286; x_wconf 84' lang='grc' dir='ltr'>κινοῦντες.</span> <span class='ocrx_word' id='word_1_372' title='bbox 2451 2221 2542 2276; x_wconf 86' lang='grc' dir='ltr'><strong>καὶ</strong></span> <span class='ocrx_word' id='word_1_373' title='bbox 2617 2223 2790 2276; x_wconf 83' lang='grc' dir='ltr'>πάντα</span> <span class='ocrx_word' id='word_1_374' title='bbox 2870 2223 3266 2300; x_wconf 84' lang='grc' dir='ltr'>μηχανώμενοι</span> <span class='ocrx_word' id='word_1_375' title='bbox 3332 2223 3424 2279; x_wconf 89' lang='grc' dir='ltr'><strong>καὶ</strong></span> <span class='ocrx_word' id='word_1_376' title='bbox 3481 2229 3768 2289; x_wconf 86' lang='grc' dir='ltr'>ποιοῦντες</span> 
     </span>
    </p>
   </div>
   <div class='ocr_carea' id='block_1_54' title="bbox 2117 2309 3768 2386">
    <p class='ocr_par' dir='ltr' id='par_1_54' title="bbox 2117 2309 3768 2386">
     <span class='ocr_line' id='line_1_54' title="bbox 2117 2309 3768 2386; baseline 0.003 -21"><span class='ocrx_word' id='word_1_377' title='bbox 2117 2309 2230 2384; x_wconf 74' lang='grc' dir='ltr'><strong>ἐφῷ</strong></span> <span class='ocrx_word' id='word_1_378' title='bbox 2285 2309 2377 2366; x_wconf 83' lang='grc' dir='ltr'>τὸν</span> <span class='ocrx_word' id='word_1_379' title='bbox 2433 2310 2587 2386; x_wconf 76' lang='grc' dir='ltr'>ἅγιον</span> <span class='ocrx_word' id='word_1_380' title='bbox 2648 2309 2949 2381; x_wconf 79' lang='grc' dir='ltr'>ἀνελόντες,</span> <span class='ocrx_word' id='word_1_381' title='bbox 3014 2315 3133 2375; x_wconf 88' lang='grc' dir='ltr'>τοῖς</span> <span class='ocrx_word' id='word_1_382' title='bbox 3187 2311 3381 2375; x_wconf 80' lang='grc' dir='ltr'>αὐτοῖς</span> <span class='ocrx_word' id='word_1_383' title='bbox 3455 2311 3532 2368; x_wconf 81' lang='grc' dir='ltr'><strong>ἔθ’</strong></span> <span class='ocrx_word' id='word_1_384' title='bbox 3586 2311 3768 2386; x_wconf 70' lang='grc' dir='ltr'>ἕξουσι</span> 
     </span>
    </p>
   </div>
   <div class='ocr_carea' id='block_1_55' title="bbox 2117 2399 3768 2475">
    <p class='ocr_par' dir='ltr' id='par_1_55' title="bbox 2117 2399 3768 2475">
     <span class='ocr_line' id='line_1_55' title="bbox 2117 2399 3768 2475; baseline 0.004 -22"><span class='ocrx_word' id='word_1_385' title='bbox 2117 2401 2379 2475; x_wconf 85' lang='grc' dir='ltr'>χρῆσθαι,</span> <span class='ocrx_word' id='word_1_386' title='bbox 2429 2399 2519 2454; x_wconf 85' lang='grc' dir='ltr'><strong>καὶ</strong></span> <span class='ocrx_word' id='word_1_387' title='bbox 2566 2399 2703 2473; x_wconf 74' lang='grc' dir='ltr'>μετὰ</span> <span class='ocrx_word' id='word_1_388' title='bbox 2749 2399 2966 2455; x_wconf 89' lang='grc' dir='ltr'>πολλοῦ</span> <span class='ocrx_word' id='word_1_389' title='bbox 3013 2403 3112 2455; x_wconf 90' lang='grc' dir='ltr'><strong>τοῦ</strong></span> <span class='ocrx_word' id='word_1_390' title='bbox 3165 2401 3418 2474; x_wconf 76' lang='grc' dir='ltr'>μείζονος</span> <span class='ocrx_word' id='word_1_391' title='bbox 3461 2403 3559 2471; x_wconf 80' lang='grc' dir='ltr'><strong>τήν</strong></span> <span class='ocrx_word' id='word_1_392' title='bbox 3599 2405 3768 2472; x_wconf 73' lang='grc' dir='ltr'>ἧτταν</span> 
     </span>
    </p>
   </div>
   <div class='ocr_carea' id='block_1_56' title="bbox 2117 2486 3769 2566">
    <p class='ocr_par' dir='ltr' id='par_1_56' title="bbox 2117 2486 3769 2566">
     <span class='ocr_line' id='line_1_56' title="bbox 2117 2486 3769 2566; baseline 0.002 -23"><span class='ocrx_word' id='word_1_393' title='bbox 2117 2486 2547 2543; x_wconf 72' lang='grc' dir='ltr'>ἀνακαλέσασθαι</span> <span class='ocrx_word' id='word_1_394' title='bbox 2569 2505 2584 2518; x_wconf 76' lang='grc'><strong><em>⁵</em></strong></span> <span class='ocrx_word' id='word_1_395' title='bbox 2615 2488 2711 2548; x_wconf 78' lang='grc' dir='ltr'>τὰς</span> <span class='ocrx_word' id='word_1_396' title='bbox 2756 2487 2849 2560; x_wconf 76' lang='grc' dir='ltr'>μὲν</span> <span class='ocrx_word' id='word_1_397' title='bbox 2881 2486 2976 2542; x_wconf 78' lang='grc' dir='ltr'>οὖν</span> <span class='ocrx_word' id='word_1_398' title='bbox 3019 2488 3225 2542; x_wconf 77' lang='grc' dir='ltr'>τούτων</span> <span class='ocrx_word' id='word_1_399' title='bbox 3263 2489 3379 2545; x_wconf 85' lang='grc' dir='ltr'>κατ’</span> <span class='ocrx_word' id='word_1_400' title='bbox 3405 2487 3567 2545; x_wconf 76' lang='grc' dir='ltr'>αὖτοῦ</span> <span class='ocrx_word' id='word_1_401' title='bbox 3617 2489 3769 2566; x_wconf 89' lang='grc' dir='ltr'>βλα-</span> 
     </span>
    </p>
   </div>
   <div class='ocr_carea' id='block_1_57' title="bbox 2119 2576 3770 2654">
    <p class='ocr_par' dir='ltr' id='par_1_57' title="bbox 2119 2576 3770 2654">
     <span class='ocr_line' id='line_1_57' title="bbox 2119 2576 3770 2654; baseline 0.003 -23"><span class='ocrx_word' id='word_1_402' title='bbox 2119 2577 2364 2654; x_wconf 68' lang='grc' dir='ltr'>σφημίας</span> <span class='ocrx_word' id='word_1_403' title='bbox 2391 2577 2483 2632; x_wconf 79' lang='grc' dir='ltr'><strong>καὶ</strong></span> <span class='ocrx_word' id='word_1_404' title='bbox 2527 2577 2590 2632; x_wconf 87' lang='grc' dir='ltr'>τὸ</span> <span class='ocrx_word' id='word_1_405' title='bbox 2638 2577 2782 2632; x_wconf 81' lang='grc' dir='ltr'>πολὺ</span> <span class='ocrx_word' id='word_1_406' title='bbox 2829 2577 2920 2632; x_wconf 83' lang='grc' dir='ltr'><strong>καὶ</strong></span> <span class='ocrx_word' id='word_1_407' title='bbox 2965 2576 3170 2652; x_wconf 79' lang='grc' dir='ltr'>ἄλογον</span> <span class='ocrx_word' id='word_1_408' title='bbox 3213 2580 3406 2651; x_wconf 81' lang='grc' dir='ltr'>θράσος</span> <span class='ocrx_word' id='word_1_409' title='bbox 3456 2579 3546 2634; x_wconf 82' lang='grc' dir='ltr'><strong>καὶ</strong></span> <span class='ocrx_word' id='word_1_410' title='bbox 3605 2585 3770 2653; x_wconf 88' lang='grc' dir='ltr'>μῖσος</span> 
     </span>
    </p>
   </div>
   <div class='ocr_carea' id='block_1_58' title="bbox 2117 2665 3770 2744">
    <p class='ocr_par' dir='ltr' id='par_1_58' title="bbox 2117 2665 3770 2744">
     <span class='ocr_line' id='line_1_58' title="bbox 2117 2665 3770 2744; baseline 0.002 -24"><span class='ocrx_word' id='word_1_411' title='bbox 2117 2667 2204 2720; x_wconf 80' lang='grc' dir='ltr'><strong>καὶ</strong></span> <span class='ocrx_word' id='word_1_412' title='bbox 2266 2665 2598 2742; x_wconf 76' lang='grc' dir='ltr'>κακουργίαν</span> <span class='ocrx_word' id='word_1_413' title='bbox 2657 2667 2747 2722; x_wconf 82' lang='grc' dir='ltr'><strong>καὶ</strong></span> <span class='ocrx_word' id='word_1_414' title='bbox 2804 2667 3024 2744; x_wconf 65' lang='grc' dir='ltr'>ῳθόνον,</span> <span class='ocrx_word' id='word_1_415' title='bbox 3054 2665 3145 2720; x_wconf 85' lang='grc' dir='ltr'><strong>καὶ</strong></span> <span class='ocrx_word' id='word_1_416' title='bbox 3203 2671 3294 2721; x_wconf 88' lang='grc' dir='ltr'><strong>νῦν</strong></span> <span class='ocrx_word' id='word_1_417' title='bbox 3348 2668 3443 2741; x_wconf 73' lang='grc' dir='ltr'>μὶν</span> <span class='ocrx_word' id='word_1_418' title='bbox 3473 2667 3550 2730; x_wconf 78' lang='grc' dir='ltr'>εἷς</span> <span class='ocrx_word' id='word_1_419' title='bbox 3588 2669 3770 2741; x_wconf 76' lang='grc' dir='ltr'><strong>τούμ-</strong></span> 
     </span>
    </p>
   </div>
   <div class='ocr_carea' id='block_1_59' title="bbox 2117 2750 3772 2836">
    <p class='ocr_par' dir='ltr' id='par_1_59' title="bbox 2117 2750 3772 2836">
     <span class='ocr_line' id='line_1_59' title="bbox 2117 2750 3772 2836; baseline 0.002 -26"><span class='ocrx_word' id='word_1_420' title='bbox 2117 2757 2297 2832; x_wconf 75' lang='grc' dir='ltr'>φανὲς,</span> <span class='ocrx_word' id='word_1_421' title='bbox 2328 2761 2417 2810; x_wconf 88' lang='grc' dir='ltr'><strong>νῦν</strong></span> <span class='ocrx_word' id='word_1_422' title='bbox 2470 2753 2527 2810; x_wconf 76' lang='grc' dir='ltr'>δὲ</span> <span class='ocrx_word' id='word_1_423' title='bbox 2584 2754 2843 2830; x_wconf 86' lang='grc' dir='ltr'>λαθραίας</span> <span class='ocrx_word' id='word_1_424' title='bbox 2890 2750 3215 2824; x_wconf 76' lang='grc' dir='ltr'>ἐπιϐουλὰς,</span> <span class='ocrx_word' id='word_1_425' title='bbox 3249 2757 3339 2811; x_wconf 88' lang='grc' dir='ltr'>καί</span> <span class='ocrx_word' id='word_1_426' title='bbox 3387 2756 3514 2820; x_wconf 81' lang='grc' dir='ltr'>τοὺς</span> <span class='ocrx_word' id='word_1_427' title='bbox 3547 2759 3772 2836; x_wconf 79' lang='grc' dir='ltr'>ἀφειμέ-</span> 
     </span>
    </p>
   </div>
   <div class='ocr_carea' id='block_1_60' title="bbox 2114 2841 3767 2920">
    <p class='ocr_par' dir='ltr' id='par_1_60' title="bbox 2114 2841 3767 2920">
     <span class='ocr_line' id='line_1_60' title="bbox 2114 2841 3767 2920; baseline 0.002 -22"><span class='ocrx_word' id='word_1_428' title='bbox 2114 2866 2238 2907; x_wconf 88' lang='grc' dir='ltr'>νους</span> <span class='ocrx_word' id='word_1_429' title='bbox 2296 2845 2431 2900; x_wconf 85' lang='grc' dir='ltr'><strong>κατά</strong></span> <span class='ocrx_word' id='word_1_430' title='bbox 2475 2845 2672 2900; x_wconf 81' lang='grc' dir='ltr'>τούτου</span> <span class='ocrx_word' id='word_1_431' title='bbox 2720 2866 2782 2918; x_wconf 90' lang='grc' dir='ltr'><strong>γε</strong></span> <span class='ocrx_word' id='word_1_432' title='bbox 2829 2844 3039 2915; x_wconf 91' lang='grc' dir='ltr'>λίθους,</span> <span class='ocrx_word' id='word_1_433' title='bbox 3065 2845 3156 2899; x_wconf 80' lang='grc' dir='ltr'><strong>καὶ</strong></span> <span class='ocrx_word' id='word_1_434' title='bbox 3203 2845 3294 2900; x_wconf 87' lang='grc' dir='ltr'><strong>τὸν</strong></span> <span class='ocrx_word' id='word_1_435' title='bbox 3331 2841 3767 2920; x_wconf 80' lang='grc' dir='ltr'>βεϐουλευμένον</span> 
     </span>
    </p>
   </div>
   <div class='ocr_carea' id='block_1_61' title="bbox 2120 2933 3762 3008">
    <p class='ocr_par' dir='ltr' id='par_1_61' title="bbox 2120 2933 3762 3008">
     <span class='ocr_line' id='line_1_61' title="bbox 2120 2933 3762 3008; baseline 0.003 -19"><span class='ocrx_word' id='word_1_436' title='bbox 2120 2935 2213 3008; x_wconf 76' lang='grc' dir='ltr'>μὲν</span> <span class='ocrx_word' id='word_1_437' title='bbox 2276 2934 2362 2989; x_wconf 83' lang='grc' dir='ltr'>ὑπ’</span> <span class='ocrx_word' id='word_1_438' title='bbox 2420 2934 2595 2989; x_wconf 82' lang='grc' dir='ltr'>αὐτῶν</span> <span class='ocrx_word' id='word_1_439' title='bbox 2651 2934 2902 3002; x_wconf 85' lang='grc' dir='ltr'>θάνατον,</span> <span class='ocrx_word' id='word_1_440' title='bbox 2954 2934 3058 2989; x_wconf 83' lang='grc' dir='ltr'><strong>ὑπὸ</strong></span> <span class='ocrx_word' id='word_1_441' title='bbox 3116 2938 3250 2989; x_wconf 86' lang='grc' dir='ltr'>Θεοῦ</span> <span class='ocrx_word' id='word_1_442' title='bbox 3307 2933 3365 2990; x_wconf 76' lang='grc' dir='ltr'>δὲ</span> <span class='ocrx_word' id='word_1_443' title='bbox 3419 2935 3762 3008; x_wconf 79' lang='grc' dir='ltr'>κωλυθέντα,</span> 
     </span>
    </p>
   </div>
   <div class='ocr_carea' id='block_1_62' title="bbox 2116 3021 3774 3100">
    <p class='ocr_par' dir='ltr' id='par_1_62' title="bbox 2116 3021 3774 3100">
     <span class='ocr_line' id='line_1_62' title="bbox 2116 3021 3774 3100; baseline 0.001 -20"><span class='ocrx_word' id='word_1_444' title='bbox 2116 3027 2282 3080; x_wconf 83' lang='grc' dir='ltr'>ταῦτα</span> <span class='ocrx_word' id='word_1_445' title='bbox 2342 3025 2437 3097; x_wconf 76' lang='grc' dir='ltr'>μὲν</span> <span class='ocrx_word' id='word_1_446' title='bbox 2487 3021 2664 3098; x_wconf 91' lang='grc' dir='ltr'>λέγειν</span> <span class='ocrx_word' id='word_1_447' title='bbox 2717 3021 2789 3078; x_wconf 74' lang='grc' dir='ltr'>ἐῶ</span> <span class='ocrx_word' id='word_1_448' title='bbox 2815 3043 2826 3056; x_wconf 88' lang='grc'><strong>·</strong></span> <span class='ocrx_word' id='word_1_449' title='bbox 2863 3021 2951 3078; x_wconf 80' lang='grc' dir='ltr'><strong>διὰ</strong></span> <span class='ocrx_word' id='word_1_450' title='bbox 2996 3024 3058 3079; x_wconf 87' lang='grc' dir='ltr'><strong>τὸ</strong></span> <span class='ocrx_word' id='word_1_451' title='bbox 3113 3021 3347 3096; x_wconf 87' lang='grc' dir='ltr'>μηδενὸς</span> <span class='ocrx_word' id='word_1_452' title='bbox 3385 3023 3594 3080; x_wconf 78' lang='grc' dir='ltr'>τούτων</span> <span class='ocrx_word' id='word_1_453' title='bbox 3629 3027 3774 3100; x_wconf 82' lang='grc' dir='ltr'>μηδ’</span> 
     </span>
    </p>
   </div>
   <div class='ocr_carea' id='block_1_63' title="bbox 2117 3109 3774 3190">
    <p class='ocr_par' dir='ltr' id='par_1_63' title="bbox 2117 3109 3774 3190">
     <span class='ocr_line' id='line_1_63' title="bbox 2117 3109 3774 3190; baseline -0.004 -22"><span class='ocrx_word' id='word_1_454' title='bbox 2117 3115 2280 3170; x_wconf 85' lang='grc' dir='ltr'>αὐτὸν</span> <span class='ocrx_word' id='word_1_455' title='bbox 2317 3117 2611 3188; x_wconf 85' lang='grc' dir='ltr'>προτιμᾷν,</span> <span class='ocrx_word' id='word_1_456' title='bbox 2671 3112 2850 3186; x_wconf 76' lang='grc' dir='ltr'>ὥσπερ</span> <span class='ocrx_word' id='word_1_457' title='bbox 2901 3110 2958 3168; x_wconf 75' lang='grc' dir='ltr'>δὲ</span> <span class='ocrx_word' id='word_1_458' title='bbox 3015 3109 3196 3187; x_wconf 85' lang='grc' dir='ltr'>ῥόδοις</span> <span class='ocrx_word' id='word_1_459' title='bbox 3245 3113 3582 3188; x_wconf 87' lang='grc' dir='ltr'>παττόμενον</span> <span class='ocrx_word' id='word_1_460' title='bbox 3643 3117 3774 3190; x_wconf 75' lang='grc' dir='ltr'>χαί-</span> 
     </span>
    </p>
   </div>
   <div class='ocr_carea' id='block_1_64' title="bbox 364 3191 2011 3279">
    <p class='ocr_par' dir='ltr' id='par_1_64' title="bbox 364 3202 2010 3262">
     <span class='ocr_line' id='line_1_64' title="bbox 364 3202 2010 3262; baseline -0.001 0"><span class='ocrx_word' id='word_1_461' title='bbox 364 3210 664 3262; x_wconf 87' lang='lat' dir='ltr'><strong>uterentur</strong></span> <span class='ocrx_word' id='word_1_462' title='bbox 691 3203 1059 3260; x_wconf 87' lang='lat' dir='ltr'><strong>successibus</strong></span> <span class='ocrx_word' id='word_1_463' title='bbox 1088 3207 1144 3258; x_wconf 90' lang='lat' dir='ltr'><strong>et</strong></span> <span class='ocrx_word' id='word_1_464' title='bbox 1180 3202 1564 3259; x_wconf 87' lang='lat' dir='ltr'><strong>cumulatiore</strong></span> <span class='ocrx_word' id='word_1_465' title='bbox 1611 3204 1793 3259; x_wconf 90' lang='lat' dir='ltr'><strong>multo</strong></span> <span class='ocrx_word' id='word_1_466' title='bbox 1845 3221 2010 3260; x_wconf 90' lang='lat' dir='ltr'><strong>men-</strong></span> 
     </span>
    </p>
   </div>
   <div class='ocr_carea' id='block_1_65' title="bbox 2123 3191 3010 3279">
    <p class='ocr_par' dir='ltr' id='par_1_65' title="bbox 2123 3198 3010 3279">
     <span class='ocr_line' id='line_1_65' title="bbox 2123 3198 3010 3279; baseline -0.001 -22"><span class='ocrx_word' id='word_1_467' title='bbox 2123 3223 2256 3279; x_wconf 88' lang='grc' dir='ltr'>ρειν,</span> <span class='ocrx_word' id='word_1_468' title='bbox 2288 3203 2360 3264; x_wconf 82' lang='grc' dir='ltr'>ὡς</span> <span class='ocrx_word' id='word_1_469' title='bbox 2394 3198 2666 3262; x_wconf 78' lang='grc' dir='ltr'>εὐσεϐείας</span> <span class='ocrx_word' id='word_1_470' title='bbox 2698 3202 3010 3276; x_wconf 84' lang='grc' dir='ltr'>ἀγωνιστήν</span> 
     </span>
    </p>
   </div>
   <div class='ocr_carea' id='block_1_66' title="bbox 365 3293 3774 3369">
    <p class='ocr_par' dir='ltr' id='par_1_66' title="bbox 365 3293 3774 3369">
     <span class='ocr_line' id='line_1_66' title="bbox 365 3293 3774 3369; baseline 0 -16"><span class='ocrx_word' id='word_1_471' title='bbox 365 3313 504 3353; x_wconf 86' lang='lat' dir='ltr'><strong>sura</strong></span> <span class='ocrx_word' id='word_1_472' title='bbox 561 3299 859 3366; x_wconf 84' lang='lat' dir='ltr'><strong>acceptam</strong></span> <span class='ocrx_word' id='word_1_473' title='bbox 920 3297 1248 3364; x_wconf 89' lang='lat' dir='ltr'><strong>repararent</strong></span> <span class='ocrx_word' id='word_1_474' title='bbox 1305 3293 1550 3350; x_wconf 88' lang='lat' dir='ltr'><strong>cladem.</strong></span> <span class='ocrx_word' id='word_1_475' title='bbox 1587 3293 1688 3349; x_wconf 87' lang='lat' dir='ltr'><strong>Hic</strong></span> <span class='ocrx_word' id='word_1_476' title='bbox 1743 3310 1876 3351; x_wconf 91' lang='lat' dir='ltr'><strong>vero</strong></span> <span class='ocrx_word' id='word_1_477' title='bbox 1934 3295 2166 3354; x_wconf 89' lang='lat' dir='ltr'><strong>illorum</strong></span> <span class='ocrx_word' id='word_1_478' title='bbox 2237 3297 2512 3351; x_wconf 87' lang='lat' dir='ltr'><strong>adversus</strong></span> <span class='ocrx_word' id='word_1_479' title='bbox 2569 3298 2834 3350; x_wconf 88' lang='lat' dir='ltr'><strong>nostrum</strong></span> <span class='ocrx_word' id='word_1_480' title='bbox 2884 3295 3232 3360; x_wconf 87' lang='lat' dir='ltr'><strong>calumnias,</strong></span> <span class='ocrx_word' id='word_1_481' title='bbox 3268 3311 3684 3369; x_wconf 87' lang='lat' dir='ltr'><strong>summamque</strong></span> <span class='ocrx_word' id='word_1_482' title='bbox 3713 3305 3774 3355; x_wconf 89' lang='lat' dir='ltr'><strong>et</strong></span> 
     </span>
    </p>
   </div>
   <div class='ocr_carea' id='block_1_67' title="bbox 365 3383 3770 3458">
    <p class='ocr_par' dir='ltr' id='par_1_67' title="bbox 365 3383 3770 3458">
     <span class='ocr_line' id='line_1_67' title="bbox 365 3383 3770 3458; baseline 0 -16"><span class='ocrx_word' id='word_1_483' title='bbox 365 3388 632 3444; x_wconf 84' lang='lat' dir='ltr'><strong>insanam</strong></span> <span class='ocrx_word' id='word_1_484' title='bbox 678 3385 848 3458; x_wconf 90' lang='lat' dir='ltr'><strong>plane</strong></span> <span class='ocrx_word' id='word_1_485' title='bbox 893 3385 1220 3452; x_wconf 87' lang='lat' dir='ltr'><strong>audaciam,</strong></span> <span class='ocrx_word' id='word_1_486' title='bbox 1249 3389 1306 3440; x_wconf 90' lang='lat' dir='ltr'><strong>et</strong></span> <span class='ocrx_word' id='word_1_487' title='bbox 1353 3383 1504 3452; x_wconf 90' lang='lat' dir='ltr'><strong>odia,</strong></span> <span class='ocrx_word' id='word_1_488' title='bbox 1538 3389 1596 3441; x_wconf 90' lang='lat' dir='ltr'><strong>et</strong></span> <span class='ocrx_word' id='word_1_489' title='bbox 1645 3385 1950 3456; x_wconf 85' lang='lat' dir='ltr'><strong>maleficia,</strong></span> <span class='ocrx_word' id='word_1_490' title='bbox 1983 3391 2039 3444; x_wconf 89' lang='lat' dir='ltr'><strong>et</strong></span> <span class='ocrx_word' id='word_1_491' title='bbox 2089 3387 2390 3452; x_wconf 86' lang='lat' dir='ltr'><strong>invidiam,</strong></span> <span class='ocrx_word' id='word_1_492' title='bbox 2425 3389 2482 3440; x_wconf 92' lang='lat' dir='ltr'><strong>et</strong></span> <span class='ocrx_word' id='word_1_493' title='bbox 2537 3401 2691 3441; x_wconf 90' lang='lat' dir='ltr'><strong>nunc</strong></span> <span class='ocrx_word' id='word_1_494' title='bbox 2739 3386 2796 3440; x_wconf 91' lang='lat' dir='ltr'><strong>in</strong></span> <span class='ocrx_word' id='word_1_495' title='bbox 2847 3385 3175 3456; x_wconf 88' lang='lat' dir='ltr'><strong>propatulo,</strong></span> <span class='ocrx_word' id='word_1_496' title='bbox 3209 3402 3364 3442; x_wconf 91' lang='lat' dir='ltr'><strong>nunc</strong></span> <span class='ocrx_word' id='word_1_497' title='bbox 3404 3387 3462 3442; x_wconf 92' lang='lat' dir='ltr'><strong>in</strong></span> <span class='ocrx_word' id='word_1_498' title='bbox 3521 3387 3770 3450; x_wconf 88' lang='lat' dir='ltr'><strong>occulto.</strong></span> 
     </span>
    </p>
   </div>
   <div class='ocr_carea' id='block_1_68' title="bbox 365 3475 3772 3548">
    <p class='ocr_par' dir='ltr' id='par_1_68' title="bbox 365 3475 3772 3548">
     <span class='ocr_line' id='line_1_68' title="bbox 365 3475 3772 3548; baseline 0.001 -16"><span class='ocrx_word' id='word_1_499' title='bbox 365 3482 621 3534; x_wconf 82' lang='lat' dir='ltr'><strong>structas</strong></span> <span class='ocrx_word' id='word_1_500' title='bbox 665 3477 930 3544; x_wconf 90' lang='lat' dir='ltr'><strong>insidias,</strong></span> <span class='ocrx_word' id='word_1_501' title='bbox 959 3480 1016 3530; x_wconf 89' lang='lat' dir='ltr'><strong>et</strong></span> <span class='ocrx_word' id='word_1_502' title='bbox 1063 3476 1324 3546; x_wconf 89' lang='lat' dir='ltr'><strong>conjecta</strong></span> <span class='ocrx_word' id='word_1_503' title='bbox 1375 3475 1434 3530; x_wconf 93' lang='lat' dir='ltr'><strong>in</strong></span> <span class='ocrx_word' id='word_1_504' title='bbox 1488 3475 1682 3548; x_wconf 88' lang='lat' dir='ltr'><strong>ipsum</strong></span> <span class='ocrx_word' id='word_1_505' title='bbox 1732 3492 1896 3546; x_wconf 82' lang='lat' dir='ltr'><strong>saxa,</strong></span> <span class='ocrx_word' id='word_1_506' title='bbox 1926 3481 1982 3532; x_wconf 93' lang='lat' dir='ltr'><strong>et</strong></span> <span class='ocrx_word' id='word_1_507' title='bbox 2013 3493 2210 3534; x_wconf 90' lang='lat' dir='ltr'><strong>eorum</strong></span> <span class='ocrx_word' id='word_1_508' title='bbox 2257 3476 2502 3533; x_wconf 87' lang='lat' dir='ltr'><strong>consilio</strong></span> <span class='ocrx_word' id='word_1_509' title='bbox 2543 3477 2856 3544; x_wconf 87' lang='lat' dir='ltr'><strong>decretam,</strong></span> <span class='ocrx_word' id='word_1_510' title='bbox 2891 3476 2989 3532; x_wconf 91' lang='lat' dir='ltr'><strong>sed</strong></span> <span class='ocrx_word' id='word_1_511' title='bbox 3023 3493 3056 3532; x_wconf 90' lang='lat' dir='ltr'><strong>a</strong></span> <span class='ocrx_word' id='word_1_512' title='bbox 3087 3477 3202 3532; x_wconf 88' lang='lat' dir='ltr'><strong>Deo</strong></span> <span class='ocrx_word' id='word_1_513' title='bbox 3233 3492 3577 3545; x_wconf 84' lang='lat' dir='ltr'><strong>reoressam,</strong></span> <span class='ocrx_word' id='word_1_514' title='bbox 3607 3479 3772 3536; x_wconf 88' lang='lat' dir='ltr'><strong>illius</strong></span> 
     </span>
    </p>
   </div>
   <div class='ocr_carea' id='block_1_69' title="bbox 365 3564 3770 3638">
    <p class='ocr_par' dir='ltr' id='par_1_69' title="bbox 365 3564 3770 3638">
     <span class='ocr_line' id='line_1_69' title="bbox 365 3564 3770 3638; baseline 0.001 -16"><span class='ocrx_word' id='word_1_515' title='bbox 365 3572 654 3636; x_wconf 86' lang='lat' dir='ltr'><strong>mortem;</strong></span> <span class='ocrx_word' id='word_1_516' title='bbox 689 3566 830 3635; x_wconf 63' lang='lat' dir='ltr'><strong>hac,</strong></span> <span class='ocrx_word' id='word_1_517' title='bbox 861 3567 1127 3638; x_wconf 90' lang='lat' dir='ltr'><strong>inquam,</strong></span> <span class='ocrx_word' id='word_1_518' title='bbox 1163 3565 1340 3620; x_wconf 88' lang='lat' dir='ltr'><strong>missa</strong></span> <span class='ocrx_word' id='word_1_519' title='bbox 1389 3564 1534 3620; x_wconf 84' lang='lat' dir='ltr'><strong>facio</strong></span> <span class='ocrx_word' id='word_1_520' title='bbox 1581 3565 1800 3636; x_wconf 89' lang='lat' dir='ltr'><strong>omnia,</strong></span> <span class='ocrx_word' id='word_1_521' title='bbox 1832 3567 2066 3638; x_wconf 90' lang='lat' dir='ltr'><strong>quando</strong></span> <span class='ocrx_word' id='word_1_522' title='bbox 2112 3583 2214 3622; x_wconf 60' lang='lat' dir='ltr'><strong>nec</strong></span> <span class='ocrx_word' id='word_1_523' title='bbox 2261 3567 2383 3638; x_wconf 89' lang='lat' dir='ltr'><strong>ipse</strong></span> <span class='ocrx_word' id='word_1_524' title='bbox 2433 3566 2640 3621; x_wconf 87' lang='lat' dir='ltr'><strong>horum</strong></span> <span class='ocrx_word' id='word_1_525' title='bbox 2691 3567 2990 3635; x_wconf 84' lang='lat' dir='ltr'><strong>quidpiam</strong></span> <span class='ocrx_word' id='word_1_526' title='bbox 3043 3569 3110 3622; x_wconf 86' lang='lat' dir='ltr'><strong>ad</strong></span> <span class='ocrx_word' id='word_1_527' title='bbox 3145 3567 3409 3622; x_wconf 90' lang='lat' dir='ltr'><strong>animum</strong></span> <span class='ocrx_word' id='word_1_528' title='bbox 3442 3569 3770 3636; x_wconf 83' lang='lat' dir='ltr'><strong>revocabat,</strong></span> 
     </span>
    </p>
   </div>
   <div class='ocr_carea' id='block_1_70' title="bbox 367 3655 3621 3730">
    <p class='ocr_par' dir='ltr' id='par_1_70' title="bbox 367 3655 3621 3730">
     <span class='ocr_line' id='line_1_70' title="bbox 367 3655 3621 3730; baseline -0 -18"><span class='ocrx_word' id='word_1_529' title='bbox 367 3658 466 3714; x_wconf 91' lang='lat' dir='ltr'><strong>sed</strong></span> <span class='ocrx_word' id='word_1_530' title='bbox 499 3658 712 3726; x_wconf 87' lang='lat' dir='ltr'><strong>potius,</strong></span> <span class='ocrx_word' id='word_1_531' title='bbox 747 3656 901 3730; x_wconf 90' lang='lat' dir='ltr'><strong>quod</strong></span> <span class='ocrx_word' id='word_1_532' title='bbox 931 3661 1238 3712; x_wconf 89' lang='lat' dir='ltr'><strong>strenuum</strong></span> <span class='ocrx_word' id='word_1_533' title='bbox 1279 3655 1538 3710; x_wconf 83' lang='lat' dir='ltr'><strong>veritatis</strong></span> <span class='ocrx_word' id='word_1_534' title='bbox 1563 3663 2048 3727; x_wconf 82' lang='lat' dir='ltr'><strong>propugnatorem</strong></span> <span class='ocrx_word' id='word_1_535' title='bbox 2083 3657 2298 3722; x_wconf 87' lang='lat' dir='ltr'><strong>decuit,</strong></span> <span class='ocrx_word' id='word_1_536' title='bbox 2331 3655 2422 3710; x_wconf 91' lang='lat' dir='ltr'><strong>his</strong></span> <span class='ocrx_word' id='word_1_537' title='bbox 2454 3655 2607 3710; x_wconf 90' lang='lat' dir='ltr'><strong>velut</strong></span> <span class='ocrx_word' id='word_1_538' title='bbox 2639 3655 2785 3710; x_wconf 83' lang='lat' dir='ltr'><strong>rosis</strong></span> <span class='ocrx_word' id='word_1_539' title='bbox 2815 3669 2944 3710; x_wconf 87' lang='lat' dir='ltr'><strong>sese</strong></span> <span class='ocrx_word' id='word_1_540' title='bbox 2973 3657 3277 3726; x_wconf 85' lang='lat' dir='ltr'><strong>conspergi</strong></span> <span class='ocrx_word' id='word_1_541' title='bbox 3309 3655 3621 3727; x_wconf 85' lang='lat' dir='ltr'><strong>gaudebat.</strong></span> 
     </span>
    </p>
   </div>
   <div class='ocr_carea' id='block_1_71' title="bbox 437 3745 2010 3816">
    <p class='ocr_par' dir='ltr' id='par_1_71' title="bbox 437 3745 2010 3816">
     <span class='ocr_line' id='line_1_71' title="bbox 437 3745 2010 3816; baseline -0.001 -14"><span class='ocrx_word' id='word_1_542' title='bbox 437 3745 787 3804; x_wconf 80' lang='lat' dir='ltr'><strong>LXXXVIII.</strong></span> <span class='ocrx_word' id='word_1_543' title='bbox 823 3745 1101 3802; x_wconf 83' lang='lat' dir='ltr'><strong>Caeterum</strong></span> <span class='ocrx_word' id='word_1_544' title='bbox 1135 3745 1192 3800; x_wconf 89' lang='lat' dir='ltr'><strong>id</strong></span> <span class='ocrx_word' id='word_1_545' title='bbox 1225 3745 1379 3816; x_wconf 83' lang='lat' dir='ltr'><strong>quod</strong></span> <span class='ocrx_word' id='word_1_546' title='bbox 1427 3760 1496 3800; x_wconf 85' lang='lat' dir='ltr'><strong>ex</strong></span> <span class='ocrx_word' id='word_1_547' title='bbox 1523 3745 1796 3801; x_wconf 90' lang='lat' dir='ltr'><strong>omnibus</strong></span> <span class='ocrx_word' id='word_1_548' title='bbox 1828 3762 2010 3801; x_wconf 91' lang='lat' dir='ltr'><strong>unum</strong></span> 
     </span>
    </p>
   </div>
   <div class='ocr_carea' id='block_1_72' title="bbox 367 3833 2012 3908">
    <p class='ocr_par' dir='ltr' id='par_1_72' title="bbox 367 3833 2012 3908">
     <span class='ocr_line' id='line_1_72' title="bbox 367 3833 2012 3908; baseline -0.002 -16"><span class='ocrx_word' id='word_1_549' title='bbox 367 3837 651 3908; x_wconf 61' lang='lat' dir='ltr'><strong>pracipue</strong></span> <span class='ocrx_word' id='word_1_550' title='bbox 683 3836 922 3906; x_wconf 85' lang='lat' dir='ltr'><strong>dignum</strong></span> <span class='ocrx_word' id='word_1_551' title='bbox 959 3837 1280 3890; x_wconf 86' lang='lat' dir='ltr'><strong>memoratu</strong></span> <span class='ocrx_word' id='word_1_552' title='bbox 1312 3833 1864 3906; x_wconf 89' lang='lat' dir='ltr'><strong>dictuque,dignum</strong></span> <span class='ocrx_word' id='word_1_553' title='bbox 1899 3833 2012 3889; x_wconf 88' lang='lat' dir='ltr'><strong>ani-</strong></span> 
     </span>
    </p>
   </div>
   <div class='ocr_carea' id='block_1_73' title="bbox 369 3923 2012 3995">
    <p class='ocr_par' dir='ltr' id='par_1_73' title="bbox 369 3923 2012 3995">
     <span class='ocr_line' id='line_1_73' title="bbox 369 3923 2012 3995; baseline -0.001 -15"><span class='ocrx_word' id='word_1_554' title='bbox 369 3925 478 3980; x_wconf 89' lang='lat' dir='ltr'><strong>mis</strong></span> <span class='ocrx_word' id='word_1_555' title='bbox 511 3925 866 3995; x_wconf 87' lang='lat' dir='ltr'><strong>auribusque</strong></span> <span class='ocrx_word' id='word_1_556' title='bbox 891 3923 1294 3980; x_wconf 87' lang='lat' dir='ltr'><strong>attentissimis</strong></span> <span class='ocrx_word' id='word_1_557' title='bbox 1325 3927 1434 3984; x_wconf 89' lang='lat' dir='ltr'><strong>est,</strong></span> <span class='ocrx_word' id='word_1_558' title='bbox 1459 3923 1669 3978; x_wconf 91' lang='lat' dir='ltr'><strong>dicam.</strong></span> <span class='ocrx_word' id='word_1_559' title='bbox 1697 3923 2012 3991; x_wconf 87' lang='lat' dir='ltr'><strong>Nimirum,</strong></span> 
     </span>
    </p>
   </div>
   <div class='ocr_carea' id='block_1_74' title="bbox 367 4013 2012 4088">
    <p class='ocr_par' dir='ltr' id='par_1_74' title="bbox 367 4013 2012 4088">
     <span class='ocr_line' id='line_1_74' title="bbox 367 4013 2012 4088; baseline -0.001 -19"><span class='ocrx_word' id='word_1_560' title='bbox 367 4014 525 4088; x_wconf 89' lang='lat' dir='ltr'><strong>quod</strong></span> <span class='ocrx_word' id='word_1_561' title='bbox 556 4031 688 4069; x_wconf 90' lang='lat' dir='ltr'><strong>cum</strong></span> <span class='ocrx_word' id='word_1_562' title='bbox 725 4036 752 4064; x_wconf 84' lang='grc'><strong>‹‹</strong></span> <span class='ocrx_word' id='word_1_563' title='bbox 788 4014 1038 4083; x_wconf 64' lang='grc' dir='ltr'>ριιοιᾱαιο</span> <span class='ocrx_word' id='word_1_564' title='bbox 1067 4013 1353 4068; x_wconf 88' lang='lat' dir='ltr'><strong>emicante</strong></span> <span class='ocrx_word' id='word_1_565' title='bbox 1389 4033 1410 4063; x_wconf 76' lang='grc' dir='ltr'><strong>ι</strong></span> <span class='ocrx_word' id='word_1_566' title='bbox 1447 4013 1785 4084; x_wconf 81' lang='lat' dir='ltr'><strong>dogmatum</strong></span> <span class='ocrx_word' id='word_1_567' title='bbox 1820 4013 2012 4068; x_wconf 90' lang='lat' dir='ltr'><strong>verbo-</strong></span> 
     </span>
    </p>
   </div>
   <div class='ocr_carea' id='block_1_75' title="bbox 369 4102 2012 4176">
    <p class='ocr_par' dir='ltr' id='par_1_75' title="bbox 369 4102 2012 4176">
     <span class='ocr_line' id='line_1_75' title="bbox 369 4102 2012 4176; baseline -0.001 -16"><span class='ocrx_word' id='word_1_568' title='bbox 369 4120 614 4176; x_wconf 87' lang='lat' dir='ltr'><strong>rumque</strong></span> <span class='ocrx_word' id='word_1_569' title='bbox 669 4102 924 4174; x_wconf 85' lang='lat' dir='ltr'><strong>Gregorii</strong></span> <span class='ocrx_word' id='word_1_570' title='bbox 972 4125 992 4152; x_wconf 85' lang='grc' dir='ltr'><strong>ι</strong></span> <span class='ocrx_word' id='word_1_571' title='bbox 1032 4103 1255 4171; x_wconf 80' lang='lat' dir='ltr'><strong>fulgore</strong></span> <span class='ocrx_word' id='word_1_572' title='bbox 1303 4102 1596 4172; x_wconf 61' lang='lat' dir='ltr'><strong>dissipatae</strong></span> <span class='ocrx_word' id='word_1_573' title='bbox 1643 4102 2012 4158; x_wconf 87' lang='lat' dir='ltr'><strong>transiisseut</strong></span> 
     </span>
    </p>
   </div>
   <div class='ocr_carea' id='block_1_76' title="bbox 369 4191 2011 4264">
    <p class='ocr_par' dir='ltr' id='par_1_76' title="bbox 369 4191 2011 4264">
     <span class='ocr_line' id='line_1_76' title="bbox 369 4191 2011 4264; baseline -0.001 -13"><span class='ocrx_word' id='word_1_574' title='bbox 369 4195 554 4251; x_wconf 88' lang='lat' dir='ltr'><strong>nubes</strong></span> <span class='ocrx_word' id='word_1_575' title='bbox 582 4191 649 4260; x_wconf 81' lang='grc'><strong>³⁵,</strong></span> <span class='ocrx_word' id='word_1_576' title='bbox 681 4215 710 4242; x_wconf 87' lang='lat'>»</span> <span class='ocrx_word' id='word_1_577' title='bbox 743 4192 1140 4264; x_wconf 72' lang='lat' dir='ltr'><strong>haereticaaque</strong></span> <span class='ocrx_word' id='word_1_578' title='bbox 1189 4191 1456 4248; x_wconf 82' lang='lat' dir='ltr'><strong>factionis</strong></span> <span class='ocrx_word' id='word_1_579' title='bbox 1503 4193 1767 4247; x_wconf 87' lang='lat' dir='ltr'><strong>discussa</strong></span> <span class='ocrx_word' id='word_1_580' title='bbox 1823 4192 2011 4264; x_wconf 85' lang='lat' dir='ltr'><strong>caligo</strong></span> 
     </span>
    </p>
   </div>
   <div class='ocr_carea' id='block_1_77' title="bbox 364 4280 2012 4354">
    <p class='ocr_par' dir='ltr' id='par_1_77' title="bbox 364 4280 2012 4354">
     <span class='ocr_line' id='line_1_77' title="bbox 364 4280 2012 4354; baseline -0.001 -14"><span class='ocrx_word' id='word_1_581' title='bbox 364 4287 559 4351; x_wconf 83' lang='lat' dir='ltr'><strong>esset;</strong></span> <span class='ocrx_word' id='word_1_582' title='bbox 591 4281 984 4354; x_wconf 89' lang='lat' dir='ltr'><strong>superioribus</strong></span> <span class='ocrx_word' id='word_1_583' title='bbox 1015 4280 1186 4353; x_wconf 87' lang='lat' dir='ltr'><strong>plane</strong></span> <span class='ocrx_word' id='word_1_584' title='bbox 1206 4281 1322 4350; x_wconf 88' lang='lat' dir='ltr'><strong>jam</strong></span> <span class='ocrx_word' id='word_1_585' title='bbox 1360 4281 1570 4335; x_wconf 85' lang='lat' dir='ltr'><strong>nostris</strong></span> <span class='ocrx_word' id='word_1_586' title='bbox 1602 4280 1867 4350; x_wconf 88' lang='lat' dir='ltr'><strong>partibus</strong></span> <span class='ocrx_word' id='word_1_587' title='bbox 1901 4300 1926 4332; x_wconf 71' lang='grc' dir='ltr'><strong>ι</strong></span> <span class='ocrx_word' id='word_1_588' title='bbox 1954 4287 2012 4338; x_wconf 84' lang='lat' dir='ltr'><strong>et</strong></span> 
     </span>
    </p>
   </div>
   <div class='ocr_carea' id='block_1_78' title="bbox 364 4369 2011 4440">
    <p class='ocr_par' dir='ltr' id='par_1_78' title="bbox 364 4369 2011 4440">
     <span class='ocr_line' id='line_1_78' title="bbox 364 4369 2011 4440; baseline -0.002 -11"><span class='ocrx_word' id='word_1_589' title='bbox 364 4377 566 4430; x_wconf 86' lang='lat' dir='ltr'><strong>robore</strong></span> <span class='ocrx_word' id='word_1_590' title='bbox 599 4371 875 4427; x_wconf 87' lang='lat' dir='ltr'><strong>accinctis</strong></span> <span class='ocrx_word' id='word_1_591' title='bbox 906 4369 1218 4426; x_wconf 87' lang='lat' dir='ltr'><strong>imbecillis</strong></span> <span class='ocrx_word' id='word_1_592' title='bbox 1241 4369 1306 4437; x_wconf 74' lang='grc'><strong>³⁸,</strong></span> <span class='ocrx_word' id='word_1_593' title='bbox 1333 4392 1360 4420; x_wconf 87' lang='grc'><strong>››</strong></span> <span class='ocrx_word' id='word_1_594' title='bbox 1394 4370 1686 4440; x_wconf 89' lang='lat' dir='ltr'><strong>libereque</strong></span> <span class='ocrx_word' id='word_1_595' title='bbox 1704 4371 2011 4440; x_wconf 81' lang='lat' dir='ltr'><strong>agentibus</strong></span> 
     </span>
    </p>
   </div>
   <div class='ocr_carea' id='block_1_79' title="bbox 365 4459 2012 4537">
    <p class='ocr_par' dir='ltr' id='par_1_79' title="bbox 365 4459 2012 4537">
     <span class='ocr_line' id='line_1_79' title="bbox 365 4459 2012 4537; baseline -0.002 -20"><span class='ocrx_word' id='word_1_596' title='bbox 365 4463 465 4537; x_wconf 90' lang='lat' dir='ltr'><strong>qui</strong></span> <span class='ocrx_word' id='word_1_597' title='bbox 499 4478 602 4535; x_wconf 90' lang='lat' dir='ltr'><strong>pro</strong></span> <span class='ocrx_word' id='word_1_598' title='bbox 631 4460 882 4532; x_wconf 87' lang='lat' dir='ltr'><strong>Spiritus</strong></span> <span class='ocrx_word' id='word_1_599' title='bbox 915 4459 1104 4514; x_wconf 86' lang='lat' dir='ltr'><strong>sancti</strong></span> <span class='ocrx_word' id='word_1_600' title='bbox 1135 4459 1376 4514; x_wconf 86' lang='lat' dir='ltr'><strong>numine</strong></span> <span class='ocrx_word' id='word_1_601' title='bbox 1408 4459 1876 4532; x_wconf 88' lang='lat' dir='ltr'><strong>propugnabant.</strong></span> <span class='ocrx_word' id='word_1_602' title='bbox 1910 4459 2012 4514; x_wconf 83' lang='lat' dir='ltr'><strong>Hic</strong></span> 
     </span>
    </p>
   </div>
   <div class='ocr_carea' id='block_1_80' title="bbox 366 4549 2013 4629">
    <p class='ocr_par' dir='ltr' id='par_1_80' title="bbox 366 4549 2013 4629">
     <span class='ocr_line' id='line_1_80' title="bbox 366 4549 2013 4629; baseline -0.002 -20"><span class='ocrx_word' id='word_1_603' title='bbox 366 4555 624 4629; x_wconf 87' lang='lat' dir='ltr'><strong>primum</strong></span> <span class='ocrx_word' id='word_1_604' title='bbox 672 4551 823 4608; x_wconf 89' lang='lat' dir='ltr'><strong>baud</strong></span> <span class='ocrx_word' id='word_1_605' title='bbox 885 4553 1222 4624; x_wconf 88' lang='lat' dir='ltr'><strong>promptum</strong></span> <span class='ocrx_word' id='word_1_606' title='bbox 1284 4565 1534 4618; x_wconf 88' lang='lat' dir='ltr'><strong>narrare,</strong></span> <span class='ocrx_word' id='word_1_607' title='bbox 1596 4565 1767 4621; x_wconf 89' lang='lat' dir='ltr'><strong>quam</strong></span> <span class='ocrx_word' id='word_1_608' title='bbox 1827 4549 2013 4605; x_wconf 82' lang='lat' dir='ltr'><strong>eti&#39;usa</strong></span> 
     </span>
    </p>
   </div>
   <div class='ocr_carea' id='block_1_81' title="bbox 365 4638 2007 4714">
    <p class='ocr_par' dir='ltr' id='par_1_81' title="bbox 365 4638 2007 4714">
     <span class='ocr_line' id='line_1_81' title="bbox 365 4638 2007 4714; baseline -0.004 -13"><span class='ocrx_word' id='word_1_609' title='bbox 365 4649 590 4701; x_wconf 86' lang='lat' dir='ltr'><strong>mentes</strong></span> <span class='ocrx_word' id='word_1_610' title='bbox 639 4643 866 4714; x_wconf 91' lang='lat' dir='ltr'><strong>piorum</strong></span> <span class='ocrx_word' id='word_1_611' title='bbox 907 4638 1292 4710; x_wconf 86' lang='lat' dir='ltr'><strong>pertentarint</strong></span> <span class='ocrx_word' id='word_1_612' title='bbox 1337 4639 1568 4708; x_wconf 69' lang='lat' dir='ltr'><strong>gaudia,</strong></span> <span class='ocrx_word' id='word_1_613' title='bbox 1616 4653 1878 4711; x_wconf 87' lang='lat' dir='ltr'><strong>quasque</strong></span> <span class='ocrx_word' id='word_1_614' title='bbox 1924 4639 2007 4694; x_wconf 89' lang='lat' dir='ltr'><strong>illi</strong></span> 
     </span>
    </p>
   </div>
   <div class='ocr_carea' id='block_1_82' title="bbox 365 4727 2008 4803">
    <p class='ocr_par' dir='ltr' id='par_1_82' title="bbox 365 4727 2008 4803">
     <span class='ocr_line' id='line_1_82' title="bbox 365 4727 2008 4803; baseline -0.004 -13"><span class='ocrx_word' id='word_1_615' title='bbox 365 4733 478 4790; x_wconf 92' lang='lat' dir='ltr'><strong>Deo</strong></span> <span class='ocrx_word' id='word_1_616' title='bbox 511 4731 710 4788; x_wconf 89' lang='lat' dir='ltr'><strong>laudes</strong></span> <span class='ocrx_word' id='word_1_617' title='bbox 737 4737 1044 4803; x_wconf 88' lang='lat' dir='ltr'><strong>gratesque</strong></span> <span class='ocrx_word' id='word_1_618' title='bbox 1089 4727 1438 4796; x_wconf 87' lang='lat' dir='ltr'><strong>obtulerint;</strong></span> <span class='ocrx_word' id='word_1_619' title='bbox 1471 4731 1599 4784; x_wconf 90' lang='lat' dir='ltr'><strong>tum</strong></span> <span class='ocrx_word' id='word_1_620' title='bbox 1631 4728 1783 4800; x_wconf 92' lang='lat' dir='ltr'><strong>quod</strong></span> <span class='ocrx_word' id='word_1_621' title='bbox 1817 4728 2008 4784; x_wconf 90' lang='lat' dir='ltr'><strong>omnis</strong></span> 
     </span>
    </p>
   </div>
   <div class='ocr_carea' id='block_1_83' title="bbox 363 4816 2010 4894">
    <p class='ocr_par' dir='ltr' id='par_1_83' title="bbox 363 4816 2010 4894">
     <span class='ocr_line' id='line_1_83' title="bbox 363 4816 2010 4894; baseline -0.003 -18"><span class='ocrx_word' id='word_1_622' title='bbox 363 4821 475 4876; x_wconf 85' lang='lat' dir='ltr'><strong>ista</strong></span> <span class='ocrx_word' id='word_1_623' title='bbox 523 4821 943 4894; x_wconf 79' lang='lat' dir='ltr'><strong>prepemodum</strong></span> <span class='ocrx_word' id='word_1_624' title='bbox 995 4818 1281 4888; x_wconf 70' lang='lat' dir='ltr'><strong>pestiferas</strong></span> <span class='ocrx_word' id='word_1_625' title='bbox 1329 4817 1604 4874; x_wconf 65' lang='lat' dir='ltr'><strong>doctrinas</strong></span> <span class='ocrx_word' id='word_1_626' title='bbox 1641 4816 1764 4883; x_wconf 68' lang='lat' dir='ltr'><strong>vis,</strong></span> <span class='ocrx_word' id='word_1_627' title='bbox 1827 4817 2010 4872; x_wconf 90' lang='lat' dir='ltr'><strong>instar</strong></span> 
     </span>
    </p>
   </div>
   <div class='ocr_carea' id='block_1_84' title="bbox 365 4905 2006 4976">
    <p class='ocr_par' dir='ltr' id='par_1_84' title="bbox 365 4905 2006 4976">
     <span class='ocr_line' id='line_1_84' title="bbox 365 4905 2006 4976; baseline -0.003 -10"><span class='ocrx_word' id='word_1_628' title='bbox 365 4910 492 4966; x_wconf 64' lang='lat' dir='ltr'><strong>telas</strong></span> <span class='ocrx_word' id='word_1_629' title='bbox 542 4925 764 4966; x_wconf 63' lang='lat' dir='ltr'><strong>araneae</strong></span> <span class='ocrx_word' id='word_1_630' title='bbox 818 4906 1105 4964; x_wconf 90' lang='lat' dir='ltr'><strong>dissoluta</strong></span> <span class='ocrx_word' id='word_1_631' title='bbox 1148 4905 1493 4974; x_wconf 85' lang='lat' dir='ltr'><strong>evanuisset,</strong></span> <span class='ocrx_word' id='word_1_632' title='bbox 1531 4907 1820 4976; x_wconf 84' lang='lat' dir='ltr'><strong>ﬁnemque</strong></span> <span class='ocrx_word' id='word_1_633' title='bbox 1865 4905 2006 4961; x_wconf 89' lang='lat' dir='ltr'><strong>item</strong></span> 
     </span>
    </p>
   </div>
   <div class='ocr_carea' id='block_1_85' title="bbox 363 4995 2008 5072">
    <p class='ocr_par' dir='ltr' id='par_1_85' title="bbox 363 4995 2008 5072">
     <span class='ocr_line' id='line_1_85' title="bbox 363 4995 2008 5072; baseline -0.003 -17"><span class='ocrx_word' id='word_1_634' title='bbox 363 4999 676 5072; x_wconf 88' lang='lat' dir='ltr'><strong>aliquando</strong></span> <span class='ocrx_word' id='word_1_635' title='bbox 709 4998 1014 5055; x_wconf 86' lang='lat' dir='ltr'><strong>habuisset</strong></span> <span class='ocrx_word' id='word_1_636' title='bbox 1063 4997 1278 5052; x_wconf 86' lang='lat' dir='ltr'><strong>invicto</strong></span> <span class='ocrx_word' id='word_1_637' title='bbox 1325 4995 1696 5065; x_wconf 89' lang='lat' dir='ltr'><strong>imperatoris</strong></span> <span class='ocrx_word' id='word_1_638' title='bbox 1747 4995 2008 5067; x_wconf 81' lang='lat' dir='ltr'><strong>tyrannis</strong></span> 
     </span>
    </p>
   </div>
   <div class='ocr_carea' id='block_1_86' title="bbox 361 5082 2009 5159">
    <p class='ocr_par' dir='ltr' id='par_1_86' title="bbox 361 5082 2009 5159">
     <span class='ocr_line' id='line_1_86' title="bbox 361 5082 2009 5159; baseline -0.001 -18"><span class='ocrx_word' id='word_1_639' title='bbox 361 5087 462 5144; x_wconf 88' lang='lat' dir='ltr'><strong>illa</strong></span> <span class='ocrx_word' id='word_1_640' title='bbox 495 5088 730 5159; x_wconf 87' lang='lat' dir='ltr'><strong>alioqui,</strong></span> <span class='ocrx_word' id='word_1_641' title='bbox 765 5110 792 5138; x_wconf 86' lang='grc'><strong>‹‹</strong></span> <span class='ocrx_word' id='word_1_642' title='bbox 825 5087 874 5141; x_wconf 87' lang='lat' dir='ltr'><strong>si</strong></span> <span class='ocrx_word' id='word_1_643' title='bbox 908 5101 1020 5158; x_wconf 85' lang='lat' dir='ltr'><strong>qua</strong></span> <span class='ocrx_word' id='word_1_644' title='bbox 1053 5083 1176 5140; x_wconf 84' lang='lat' dir='ltr'><strong>fieri</strong></span> <span class='ocrx_word' id='word_1_645' title='bbox 1208 5088 1450 5156; x_wconf 86' lang='lat' dir='ltr'><strong>poterat,</strong></span> <span class='ocrx_word' id='word_1_646' title='bbox 1476 5083 1560 5139; x_wconf 89' lang='lat' dir='ltr'><strong>vel</strong></span> <span class='ocrx_word' id='word_1_647' title='bbox 1593 5082 1804 5139; x_wconf 86' lang='lat' dir='ltr'><strong>electos</strong></span> <span class='ocrx_word' id='word_1_648' title='bbox 1848 5085 2009 5155; x_wconf 88' lang='lat' dir='ltr'><strong>ipsos</strong></span> 
     </span>
    </p>
   </div>
   <div class='ocr_carea' id='block_1_87' title="bbox 361 5171 2007 5244">
    <p class='ocr_par' dir='ltr' id='par_1_87' title="bbox 361 5171 2007 5244">
     <span class='ocr_line' id='line_1_87' title="bbox 361 5171 2007 5244; baseline -0.004 -11"><span class='ocrx_word' id='word_1_649' title='bbox 361 5178 420 5233; x_wconf 92' lang='lat' dir='ltr'><strong>in</strong></span> <span class='ocrx_word' id='word_1_650' title='bbox 453 5178 665 5232; x_wconf 88' lang='lat' dir='ltr'><strong>erroris</strong></span> <span class='ocrx_word' id='word_1_651' title='bbox 695 5177 1054 5232; x_wconf 90' lang='lat' dir='ltr'><strong>consortium</strong></span> <span class='ocrx_word' id='word_1_652' title='bbox 1087 5175 1338 5230; x_wconf 81' lang='lat' dir='ltr'><strong>fractura</strong></span> <span class='ocrx_word' id='word_1_653' title='bbox 1366 5171 1454 5241; x_wconf 82' lang='lat'><strong>37;</strong></span> <span class='ocrx_word' id='word_1_654' title='bbox 1489 5194 1518 5223; x_wconf 87' lang='lat'><strong>»</strong></span> <span class='ocrx_word' id='word_1_655' title='bbox 1548 5177 1673 5228; x_wconf 89' lang='lat' dir='ltr'><strong>tum</strong></span> <span class='ocrx_word' id='word_1_656' title='bbox 1709 5177 2007 5244; x_wconf 65' lang='lat' dir='ltr'><strong>praeterea,</strong></span> 
     </span>
    </p>
   </div>
   <div class='ocr_carea' id='block_1_88' title="bbox 362 5261 2009 5339">
    <p class='ocr_par' dir='ltr' id='par_1_88' title="bbox 362 5261 2009 5339">
     <span class='ocr_line' id='line_1_88' title="bbox 362 5261 2009 5339; baseline -0.004 -17"><span class='ocrx_word' id='word_1_657' title='bbox 362 5268 512 5339; x_wconf 90' lang='lat' dir='ltr'><strong>quod</strong></span> <span class='ocrx_word' id='word_1_658' title='bbox 566 5289 594 5316; x_wconf 83' lang='lat'><strong>«</strong></span> <span class='ocrx_word' id='word_1_659' title='bbox 656 5281 762 5322; x_wconf 84' lang='lat' dir='ltr'><strong>suo</strong></span> <span class='ocrx_word' id='word_1_660' title='bbox 823 5265 1010 5338; x_wconf 88' lang='lat' dir='ltr'><strong>ipsius</strong></span> <span class='ocrx_word' id='word_1_661' title='bbox 1075 5265 1359 5336; x_wconf 87' lang='lat' dir='ltr'><strong>sanguine</strong></span> <span class='ocrx_word' id='word_1_662' title='bbox 1433 5263 1739 5334; x_wconf 68' lang='lat' dir='ltr'><strong>quaesitam</strong></span> <span class='ocrx_word' id='word_1_663' title='bbox 1807 5261 2009 5318; x_wconf 87' lang='lat' dir='ltr'><strong>Eccle-</strong></span> 
     </span>
    </p>
   </div>
   <div class='ocr_carea' id='block_1_89' title="bbox 360 5351 2008 5426">
    <p class='ocr_par' dir='ltr' id='par_1_89' title="bbox 360 5351 2008 5426">
     <span class='ocr_line' id='line_1_89' title="bbox 360 5351 2008 5426; baseline -0.004 -14"><span class='ocrx_word' id='word_1_664' title='bbox 360 5356 506 5412; x_wconf 80' lang='lat' dir='ltr'><strong>siam</strong></span> <span class='ocrx_word' id='word_1_665' title='bbox 536 5354 604 5422; x_wconf 75' lang='grc'><strong>³⁸,</strong></span> <span class='ocrx_word' id='word_1_666' title='bbox 638 5376 666 5404; x_wconf 83' lang='grc'><strong>››</strong></span> <span class='ocrx_word' id='word_1_667' title='bbox 699 5355 867 5426; x_wconf 89' lang='lat' dir='ltr'><strong>cujus</strong></span> <span class='ocrx_word' id='word_1_668' title='bbox 897 5369 1072 5411; x_wconf 87' lang='lat' dir='ltr'><strong>causa</strong></span> <span class='ocrx_word' id='word_1_669' title='bbox 1111 5353 1303 5412; x_wconf 89' lang='lat' dir='ltr'><strong>omnis</strong></span> <span class='ocrx_word' id='word_1_670' title='bbox 1353 5353 1467 5408; x_wconf 90' lang='lat' dir='ltr'><strong>Deo</strong></span> <span class='ocrx_word' id='word_1_671' title='bbox 1517 5367 1676 5421; x_wconf 89' lang='lat' dir='ltr'><strong>cura,</strong></span> <span class='ocrx_word' id='word_1_672' title='bbox 1709 5367 1882 5408; x_wconf 89' lang='lat' dir='ltr'><strong>omne</strong></span> <span class='ocrx_word' id='word_1_673' title='bbox 1921 5351 2008 5406; x_wconf 85' lang='lat' dir='ltr'><strong>in-</strong></span> 
     </span>
    </p>
   </div>
   <div class='ocr_carea' id='block_1_90' title="bbox 431 5529 884 5595">
    <p class='ocr_par' dir='ltr' id='par_1_90' title="bbox 431 5529 884 5595">
     <span class='ocr_line' id='line_1_90' title="bbox 431 5529 884 5595; baseline -0.011 -7"><span class='ocrx_word' id='word_1_674' title='bbox 431 5531 479 5566; x_wconf 82' lang='grc'>³⁴</span> <span class='ocrx_word' id='word_1_675' title='bbox 511 5530 557 5587; x_wconf 86' lang='grc' dir='ltr'><strong>ΙΙ</strong></span> <span class='ocrx_word' id='word_1_676' title='bbox 589 5529 716 5585; x_wconf 88' lang='lat' dir='ltr'><strong>Cor.</strong></span> <span class='ocrx_word' id='word_1_677' title='bbox 748 5547 803 5595; x_wconf 79' lang='grc' dir='ltr'>ι,</span> <span class='ocrx_word' id='word_1_678' title='bbox 832 5531 884 5583; x_wconf 87' lang='lat'><strong>5.</strong></span> 
     </span>
    </p>
   </div>
   <div class='ocr_carea' id='block_1_91' title="bbox 433 5710 1386 5786">
    <p class='ocr_par' dir='ltr' id='par_1_91' title="bbox 433 5710 1386 5786">
     <span class='ocr_line' id='line_1_91' title="bbox 433 5710 1386 5786; baseline -0.003 -17"><span class='ocrx_word' id='word_1_679' title='bbox 433 5713 508 5786; x_wconf 92' lang='lat'><strong>(7)</strong></span> <span class='ocrx_word' id='word_1_680' title='bbox 539 5710 772 5772; x_wconf 83' lang='lat' dir='ltr'><strong>Hesiod.</strong></span> <span class='ocrx_word' id='word_1_681' title='bbox 807 5711 981 5784; x_wconf 78' lang='lat' dir='ltr'><strong>Opera</strong></span> <span class='ocrx_word' id='word_1_682' title='bbox 1009 5713 1058 5768; x_wconf 81' lang='lat' dir='ltr'><strong>et</strong></span> <span class='ocrx_word' id='word_1_683' title='bbox 1089 5710 1229 5780; x_wconf 77' lang='lat' dir='ltr'><strong>dies,</strong></span> <span class='ocrx_word' id='word_1_684' title='bbox 1258 5711 1386 5766; x_wconf 83' lang='grc'><strong>216.</strong></span> 
     </span>
    </p>
   </div>
   <div class='ocr_carea' id='block_1_92' title="bbox 961 5527 2110 5594">
    <p class='ocr_par' dir='ltr' id='par_1_92' title="bbox 961 5527 2110 5594">
     <span class='ocr_line' id='line_1_92' title="bbox 961 5527 2110 5594; baseline -0.004 -10"><span class='ocrx_word' id='word_1_685' title='bbox 961 5528 1035 5566; x_wconf 73' lang='lat'><strong>3&quot;</strong></span> <span class='ocrx_word' id='word_1_686' title='bbox 1067 5529 1217 5586; x_wconf 79' lang='lat' dir='ltr'><strong>Psal.</strong></span> <span class='ocrx_word' id='word_1_687' title='bbox 1253 5546 1441 5586; x_wconf 83' lang='lat' dir='ltr'><strong>Lxxru.</strong></span> <span class='ocrx_word' id='word_1_688' title='bbox 1473 5529 1525 5584; x_wconf 91' lang='lat'><strong>8.</strong></span> <span class='ocrx_word' id='word_1_689' title='bbox 1603 5527 1652 5563; x_wconf 79' lang='grc'><strong>³⁸</strong></span> <span class='ocrx_word' id='word_1_690' title='bbox 1687 5528 1835 5584; x_wconf 87' lang='lat' dir='ltr'><strong>Psal.</strong></span> <span class='ocrx_word' id='word_1_691' title='bbox 1859 5527 2110 5594; x_wconf 77' lang='lat' dir='ltr'><strong>xvm,l‘3.</strong></span> 
     </span>
    </p>
   </div>
   <div class='ocr_carea' id='block_1_93' title="bbox 2194 3741 3772 3819">
    <p class='ocr_par' dir='ltr' id='par_1_93' title="bbox 2194 3741 3772 3819">
     <span class='ocr_line' id='line_1_93' title="bbox 2194 3741 3772 3819; baseline 0 -21"><span class='ocrx_word' id='word_1_692' title='bbox 2194 3747 2328 3798; x_wconf 73' lang='lat' dir='ltr'><strong>UH&quot;.</strong></span> <span class='ocrx_word' id='word_1_693' title='bbox 2361 3745 2427 3798; x_wconf 87' lang='grc' dir='ltr'><em>Ὅ</em></span> <span class='ocrx_word' id='word_1_694' title='bbox 2459 3765 2520 3819; x_wconf 88' lang='grc' dir='ltr'><strong>γε</strong></span> <span class='ocrx_word' id='word_1_695' title='bbox 2553 3743 2660 3816; x_wconf 81' lang='grc' dir='ltr'>μὴν</span> <span class='ocrx_word' id='word_1_696' title='bbox 2697 3741 2933 3814; x_wconf 82' lang='grc' dir='ltr'>μάλιστα</span> <span class='ocrx_word' id='word_1_697' title='bbox 2962 3743 3180 3798; x_wconf 81' lang='grc' dir='ltr'>πάντων</span> <span class='ocrx_word' id='word_1_698' title='bbox 3209 3743 3300 3797; x_wconf 85' lang='grc' dir='ltr'><strong>καὶ</strong></span> <span class='ocrx_word' id='word_1_699' title='bbox 3335 3747 3645 3816; x_wconf 86' lang='grc' dir='ltr'>μεμνῆσθαι</span> <span class='ocrx_word' id='word_1_700' title='bbox 3679 3746 3772 3799; x_wconf 79' lang='grc' dir='ltr'><strong>καὶ</strong></span> 
     </span>
    </p>
   </div>
   <div class='ocr_carea' id='block_1_94' title="bbox 2122 3829 3770 3910">
    <p class='ocr_par' dir='ltr' id='par_1_94' title="bbox 2122 3829 3770 3910">
     <span class='ocr_line' id='line_1_94' title="bbox 2122 3829 3770 3910; baseline 0.001 -24"><span class='ocrx_word' id='word_1_701' title='bbox 2122 3832 2302 3910; x_wconf 87' lang='grc' dir='ltr'>λέγειν</span> <span class='ocrx_word' id='word_1_702' title='bbox 2362 3829 2444 3886; x_wconf 88' lang='grc' dir='ltr'><strong>δεῖ</strong></span> <span class='ocrx_word' id='word_1_703' title='bbox 2498 3836 2585 3887; x_wconf 79' lang='grc' dir='ltr'>καί</span> <span class='ocrx_word' id='word_1_704' title='bbox 2646 3831 2862 3906; x_wconf 78' lang='grc' dir='ltr'>προσέτ’</span> <span class='ocrx_word' id='word_1_705' title='bbox 2923 3832 3135 3886; x_wconf 79' lang='grc' dir='ltr'>ἀκούειν</span> <span class='ocrx_word' id='word_1_706' title='bbox 3181 3831 3530 3892; x_wconf 84' lang='grc' dir='ltr'><strong>ἐστ......,....</strong></span> <span class='ocrx_word' id='word_1_707' title='bbox 3579 3831 3770 3904; x_wconf 76' lang='grc' dir='ltr'>ἐπειδὴ</span> 
     </span>
    </p>
   </div>
   <div class='ocr_carea' id='block_1_95' title="bbox 2119 3919 3766 3998">
    <p class='ocr_par' dir='ltr' id='par_1_95' title="bbox 2119 3919 3766 3998">
     <span class='ocr_line' id='line_1_95' title="bbox 2119 3919 3766 3998; baseline 0.002 -23"><span class='ocrx_word' id='word_1_708' title='bbox 2119 3923 2222 3995; x_wconf 73' lang='grc' dir='ltr'><strong>γὰρ</strong></span> <span class='ocrx_word' id='word_1_709' title='bbox 2265 3923 2369 3978; x_wconf 84' lang='grc' dir='ltr'><strong>ἀπὸ</strong></span> <span class='ocrx_word' id='word_1_710' title='bbox 2403 3945 2430 3975; x_wconf 80' lang='grc' dir='ltr'><strong>α</strong></span> <span class='ocrx_word' id='word_1_711' title='bbox 2459 3929 2559 3992; x_wconf 82' lang='grc' dir='ltr'><strong>τῆς</strong></span> <span class='ocrx_word' id='word_1_712' title='bbox 2587 3919 2980 3996; x_wconf 79' lang='grc' dir='ltr'>τηλαυγήσεως</span> <span class='ocrx_word' id='word_1_713' title='bbox 3013 3944 3040 3974; x_wconf 74' lang='lat' dir='ltr'><strong>n</strong></span> <span class='ocrx_word' id='word_1_714' title='bbox 3073 3925 3180 3977; x_wconf 85' lang='grc' dir='ltr'>τῶν</span> <span class='ocrx_word' id='word_1_715' title='bbox 3227 3922 3426 3979; x_wconf 80' lang='grc' dir='ltr'>τούτου</span> <span class='ocrx_word' id='word_1_716' title='bbox 3475 3921 3766 3998; x_wconf 77' lang='grc' dir='ltr'>δογμάτων</span> 
     </span>
    </p>
   </div>
   <div class='ocr_carea' id='block_1_96' title="bbox 2117 4008 3773 4088">
    <p class='ocr_par' dir='ltr' id='par_1_96' title="bbox 2117 4008 3773 4088">
     <span class='ocr_line' id='line_1_96' title="bbox 2117 4008 3773 4088; baseline 0.002 -22"><span class='ocrx_word' id='word_1_717' title='bbox 2117 4032 2175 4066; x_wconf 84' lang='grc' dir='ltr'><strong>τε</strong></span> <span class='ocrx_word' id='word_1_718' title='bbox 2205 4012 2295 4066; x_wconf 84' lang='grc' dir='ltr'><strong>καὶ</strong></span> <span class='ocrx_word' id='word_1_719' title='bbox 2329 4011 2592 4086; x_wconf 66' lang='grc' dir='ltr'>ῥημάτων</span> <span class='ocrx_word' id='word_1_720' title='bbox 2625 4012 2679 4066; x_wconf 69' lang='grc' dir='ltr'>αἱ</span> <span class='ocrx_word' id='word_1_721' title='bbox 2711 4011 2974 4088; x_wconf 80' lang='grc' dir='ltr'>«νεφέλαι</span> <span class='ocrx_word' id='word_1_722' title='bbox 3006 4008 3276 4080; x_wconf 75' lang='grc' dir='ltr'>διῆλθον»</span> <span class='ocrx_word' id='word_1_723' title='bbox 3308 4013 3398 4068; x_wconf 83' lang='grc' dir='ltr'><strong>καὶ</strong></span> <span class='ocrx_word' id='word_1_724' title='bbox 3431 4014 3459 4068; x_wconf 85' lang='grc' dir='ltr'>ὁ</span> <span class='ocrx_word' id='word_1_725' title='bbox 3488 4017 3594 4068; x_wconf 81' lang='grc' dir='ltr'><strong>τῶν</strong></span> <span class='ocrx_word' id='word_1_726' title='bbox 3627 4015 3773 4088; x_wconf 74' lang='lat' dir='ltr'><strong>alpe-</strong></span> 
     </span>
    </p>
   </div>
   <div class='ocr_carea' id='block_1_97' title="bbox 2118 4099 3769 4180">
    <p class='ocr_par' dir='ltr' id='par_1_97' title="bbox 2118 4099 3769 4180">
     <span class='ocr_line' id='line_1_97' title="bbox 2118 4099 3769 4180; baseline 0.002 -26"><span class='ocrx_word' id='word_1_727' title='bbox 2118 4101 2377 4170; x_wconf 87' lang='grc' dir='ltr'>τιζόντων</span> <span class='ocrx_word' id='word_1_728' title='bbox 2411 4099 2728 4156; x_wconf 85' lang='grc' dir='ltr'>διαλέλυται</span> <span class='ocrx_word' id='word_1_729' title='bbox 2763 4101 2950 4178; x_wconf 72' lang='grc' dir='ltr'>ζόφος,</span> <span class='ocrx_word' id='word_1_730' title='bbox 2979 4101 3042 4155; x_wconf 76' lang='grc' dir='ltr'>τὸ</span> <span class='ocrx_word' id='word_1_731' title='bbox 3065 4099 3121 4155; x_wconf 72' lang='grc' dir='ltr'>δὲ</span> <span class='ocrx_word' id='word_1_732' title='bbox 3159 4101 3274 4155; x_wconf 82' lang='grc' dir='ltr'>καθ’</span> <span class='ocrx_word' id='word_1_733' title='bbox 3304 4103 3451 4173; x_wconf 77' lang='grc' dir='ltr'>ἡμᾶς</span> <span class='ocrx_word' id='word_1_734' title='bbox 3477 4101 3769 4180; x_wconf 75' lang='grc' dir='ltr'>ὑπερέσχε,</span> 
     </span>
    </p>
   </div>
   <div class='ocr_carea' id='block_1_98' title="bbox 2119 4188 3767 4265">
    <p class='ocr_par' dir='ltr' id='par_1_98' title="bbox 2119 4188 3767 4265">
     <span class='ocr_line' id='line_1_98' title="bbox 2119 4188 3767 4265; baseline 0.002 -21"><span class='ocrx_word' id='word_1_735' title='bbox 2119 4192 2208 4244; x_wconf 74' lang='grc' dir='ltr'>καὶ</span> <span class='ocrx_word' id='word_1_736' title='bbox 2241 4214 2268 4242; x_wconf 82' lang='grc'>‹‹</span> <span class='ocrx_word' id='word_1_737' title='bbox 2294 4191 2345 4244; x_wconf 72' lang='grc' dir='ltr'>οἱ</span> <span class='ocrx_word' id='word_1_738' title='bbox 2381 4191 2474 4262; x_wconf 74' lang='grc' dir='ltr'>μὲν</span> <span class='ocrx_word' id='word_1_739' title='bbox 2505 4191 2845 4252; x_wconf 77' lang='grc' dir='ltr'>ἀσθενοῦντες</span> <span class='ocrx_word' id='word_1_740' title='bbox 2877 4189 3278 4264; x_wconf 81' lang='grc' dir='ltr'>περιεζώσαντο</span> <span class='ocrx_word' id='word_1_741' title='bbox 3309 4188 3533 4265; x_wconf 76' lang='grc' dir='ltr'>δύναμιν</span> <span class='ocrx_word' id='word_1_742' title='bbox 3559 4215 3587 4244; x_wconf 74' lang='grc' dir='ltr'><strong>ιι</strong></span> <span class='ocrx_word' id='word_1_743' title='bbox 3619 4193 3672 4246; x_wconf 78' lang='grc' dir='ltr'>οἱ</span> <span class='ocrx_word' id='word_1_744' title='bbox 3705 4190 3767 4248; x_wconf 72' lang='grc' dir='ltr'>δὲ</span> 
     </span>
    </p>
   </div>
   <div class='ocr_carea' id='block_1_99' title="bbox 2118 4277 3765 4354">
    <p class='ocr_par' dir='ltr' id='par_1_99' title="bbox 2118 4277 3765 4354">
     <span class='ocr_line' id='line_1_99' title="bbox 2118 4277 3765 4354; baseline 0.002 -20"><span class='ocrx_word' id='word_1_745' title='bbox 2118 4285 2214 4334; x_wconf 79' lang='grc' dir='ltr'><strong>τοῦ</strong></span> <span class='ocrx_word' id='word_1_746' title='bbox 2248 4281 2552 4352; x_wconf 77' lang='grc' dir='ltr'>Πνεύματος</span> <span class='ocrx_word' id='word_1_747' title='bbox 2584 4277 3070 4354; x_wconf 72' lang='grc' dir='ltr'>ἒπαῤῥησιάσαντο,</span> <span class='ocrx_word' id='word_1_748' title='bbox 3102 4285 3292 4353; x_wconf 82' lang='grc' dir='ltr'>πρῶτα</span> <span class='ocrx_word' id='word_1_749' title='bbox 3326 4282 3439 4352; x_wconf 78' lang='grc' dir='ltr'>μὲν,</span> <span class='ocrx_word' id='word_1_750' title='bbox 3473 4279 3573 4336; x_wconf 72' lang='grc' dir='ltr'>οὔκ</span> <span class='ocrx_word' id='word_1_751' title='bbox 3619 4278 3765 4338; x_wconf 84' lang='grc' dir='ltr'>ἔστιν</span> 
     </span>
    </p>
   </div>
   <div class='ocr_carea' id='block_1_100' title="bbox 2121 4365 3766 4444">
    <p class='ocr_par' dir='ltr' id='par_1_100' title="bbox 2121 4365 3766 4444">
     <span class='ocr_line' id='line_1_100' title="bbox 2121 4365 3766 4444; baseline 0.002 -22"><span class='ocrx_word' id='word_1_752' title='bbox 2121 4369 2286 4424; x_wconf 81' lang='grc' dir='ltr'>εἰπεῖν</span> <span class='ocrx_word' id='word_1_753' title='bbox 2327 4370 2499 4440; x_wconf 83' lang='grc' dir='ltr'>ὁπόση</span> <span class='ocrx_word' id='word_1_754' title='bbox 2534 4389 2616 4430; x_wconf 90' lang='grc' dir='ltr'><strong>τις</strong></span> <span class='ocrx_word' id='word_1_755' title='bbox 2647 4365 2818 4439; x_wconf 81' lang='grc' dir='ltr'>ἡδονή</span> <span class='ocrx_word' id='word_1_756' title='bbox 2850 4369 2976 4431; x_wconf 73' lang='grc' dir='ltr'>τοὺς</span> <span class='ocrx_word' id='word_1_757' title='bbox 3008 4367 3357 4431; x_wconf 78' lang='grc' dir='ltr'>εὐσεϐοῦντας</span> <span class='ocrx_word' id='word_1_758' title='bbox 3405 4376 3648 4444; x_wconf 79' lang='grc' dir='ltr'>κατεῖχε,</span> <span class='ocrx_word' id='word_1_759' title='bbox 3669 4371 3766 4426; x_wconf 85' lang='grc' dir='ltr'><strong>καὶ</strong></span> 
     </span>
    </p>
   </div>
   <div class='ocr_carea' id='block_1_101' title="bbox 2121 4455 3766 4532">
    <p class='ocr_par' dir='ltr' id='par_1_101' title="bbox 2121 4455 3766 4532">
     <span class='ocr_line' id='line_1_101' title="bbox 2121 4455 3766 4532; baseline 0.002 -22"><span class='ocrx_word' id='word_1_760' title='bbox 2121 4456 2277 4518; x_wconf 77' lang='grc' dir='ltr'>ὅσους</span> <span class='ocrx_word' id='word_1_761' title='bbox 2309 4458 2397 4512; x_wconf 81' lang='grc' dir='ltr'><strong>καὶ</strong></span> <span class='ocrx_word' id='word_1_762' title='bbox 2429 4455 2590 4518; x_wconf 61' lang='grc' dir='ltr'>οτίους</span> <span class='ocrx_word' id='word_1_763' title='bbox 2617 4459 2756 4532; x_wconf 88' lang='grc' dir='ltr'>πρὸς</span> <span class='ocrx_word' id='word_1_764' title='bbox 2786 4461 2914 4511; x_wconf 81' lang='grc' dir='ltr'>Θεὸν</span> <span class='ocrx_word' id='word_1_765' title='bbox 2951 4457 3079 4518; x_wconf 82' lang='grc' dir='ltr'>τοὺς</span> <span class='ocrx_word' id='word_1_766' title='bbox 3125 4463 3349 4520; x_wconf 84' lang='grc' dir='ltr'>παιᾶνας</span> <span class='ocrx_word' id='word_1_767' title='bbox 3390 4459 3587 4532; x_wconf 83' lang='grc' dir='ltr'>ἀνῆγον</span> <span class='ocrx_word' id='word_1_768' title='bbox 3619 4478 3630 4490; x_wconf 81' lang='lat'><strong><em>°</em></strong></span> <span class='ocrx_word' id='word_1_769' title='bbox 3663 4465 3766 4514; x_wconf 89' lang='grc' dir='ltr'><strong>τοῦ</strong></span> 
     </span>
    </p>
   </div>
   <div class='ocr_carea' id='block_1_102' title="bbox 2121 4543 3766 4623">
    <p class='ocr_par' dir='ltr' id='par_1_102' title="bbox 2121 4543 3766 4623">
     <span class='ocr_line' id='line_1_102' title="bbox 2121 4543 3766 4623; baseline 0.002 -24"><span class='ocrx_word' id='word_1_770' title='bbox 2121 4553 2290 4600; x_wconf 74' lang='grc' dir='ltr'>πᾶσαν</span> <span class='ocrx_word' id='word_1_771' title='bbox 2345 4549 2436 4620; x_wconf 71' lang='grc' dir='ltr'><strong>μέν</strong></span> <span class='ocrx_word' id='word_1_772' title='bbox 2491 4545 2682 4622; x_wconf 82' lang='grc' dir='ltr'>σχεδὸν</span> <span class='ocrx_word' id='word_1_773' title='bbox 2716 4543 3032 4618; x_wconf 80' lang='grc' dir='ltr'>κακοδοξίαν</span> <span class='ocrx_word' id='word_1_774' title='bbox 3073 4546 3147 4606; x_wconf 83' lang='grc' dir='ltr'>ὡς</span> <span class='ocrx_word' id='word_1_775' title='bbox 3188 4546 3339 4602; x_wconf 81' lang='grc' dir='ltr'>ἐστὸν</span> <span class='ocrx_word' id='word_1_776' title='bbox 3372 4547 3615 4623; x_wconf 78' lang='grc' dir='ltr'>ἀράχνης</span> <span class='ocrx_word' id='word_1_777' title='bbox 3647 4545 3766 4603; x_wconf 81' lang='grc' dir='ltr'>δια-</span> 
     </span>
    </p>
   </div>
   <div class='ocr_carea' id='block_1_103' title="bbox 2121 4634 3762 4715">
    <p class='ocr_par' dir='ltr' id='par_1_103' title="bbox 2121 4634 3762 4715">
     <span class='ocr_line' id='line_1_103' title="bbox 2121 4634 3762 4715; baseline 0 -25"><span class='ocrx_word' id='word_1_778' title='bbox 2121 4634 2370 4690; x_wconf 88' lang='grc' dir='ltr'>λυθεῖσαν</span> <span class='ocrx_word' id='word_1_779' title='bbox 2413 4636 2641 4709; x_wconf 77' lang='grc' dir='ltr'>ἐκμέσου</span> <span class='ocrx_word' id='word_1_780' title='bbox 2689 4636 2954 4708; x_wconf 87' lang='grc' dir='ltr'>γενέσθαι,</span> <span class='ocrx_word' id='word_1_781' title='bbox 3001 4636 3089 4690; x_wconf 77' lang='grc' dir='ltr'><strong>καὶ</strong></span> <span class='ocrx_word' id='word_1_782' title='bbox 3137 4638 3237 4704; x_wconf 70' lang='grc' dir='ltr'>τὴν</span> <span class='ocrx_word' id='word_1_783' title='bbox 3279 4638 3496 4715; x_wconf 78' lang='grc' dir='ltr'>ἄμαχον</span> <span class='ocrx_word' id='word_1_784' title='bbox 3551 4635 3762 4706; x_wconf 70' lang='grc' dir='ltr'>ἒκείνην</span> 
     </span>
    </p>
   </div>
   <div class='ocr_carea' id='block_1_104' title="bbox 2117 4723 3766 4796">
    <p class='ocr_par' dir='ltr' id='par_1_104' title="bbox 2117 4723 3766 4796">
     <span class='ocr_line' id='line_1_104' title="bbox 2117 4723 3766 4796; baseline 0.002 -18"><span class='ocrx_word' id='word_1_785' title='bbox 2117 4723 2402 4796; x_wconf 76' lang='grc' dir='ltr'>τυραννίδα</span> <span class='ocrx_word' id='word_1_786' title='bbox 2458 4727 2782 4796; x_wconf 79' lang='grc' dir='ltr'>πεπαῦσθαι,</span> <span class='ocrx_word' id='word_1_787' title='bbox 2829 4747 2857 4777; x_wconf 80' lang='grc' dir='ltr'>ι(</span> <span class='ocrx_word' id='word_1_788' title='bbox 2917 4723 3228 4790; x_wconf 84' lang='grc' dir='ltr'>πλανῶσαν,</span> <span class='ocrx_word' id='word_1_789' title='bbox 3287 4725 3332 4780; x_wconf 79' lang='grc' dir='ltr'>εἰ</span> <span class='ocrx_word' id='word_1_790' title='bbox 3392 4723 3630 4794; x_wconf 83' lang='grc' dir='ltr'>δυνατὸν,</span> <span class='ocrx_word' id='word_1_791' title='bbox 3671 4727 3766 4781; x_wconf 83' lang='grc' dir='ltr'><strong>καὶ</strong></span> 
     </span>
    </p>
   </div>
   <div class='ocr_carea' id='block_1_105' title="bbox 2117 4811 3769 4888">
    <p class='ocr_par' dir='ltr' id='par_1_105' title="bbox 2117 4811 3769 4888">
     <span class='ocr_line' id='line_1_105' title="bbox 2117 4811 3769 4888; baseline 0.001 -21"><span class='ocrx_word' id='word_1_792' title='bbox 2117 4815 2242 4876; x_wconf 85' lang='grc' dir='ltr'>τοὺς</span> <span class='ocrx_word' id='word_1_793' title='bbox 2273 4813 2740 4883; x_wconf 76' lang='grc' dir='ltr'>ἐκλεκτοὺς,››τῆν</span> <span class='ocrx_word' id='word_1_794' title='bbox 2770 4811 2826 4868; x_wconf 74' lang='grc' dir='ltr'>δὲ</span> <span class='ocrx_word' id='word_1_795' title='bbox 2855 4819 2934 4886; x_wconf 78' lang='grc' dir='ltr'><strong>τῷ</strong></span> <span class='ocrx_word' id='word_1_796' title='bbox 2969 4835 2993 4868; x_wconf 90' lang='grc'><strong>›)</strong></span> <span class='ocrx_word' id='word_1_797' title='bbox 3029 4813 3214 4886; x_wconf 83' lang='grc' dir='ltr'>οἰκείῳ</span> <span class='ocrx_word' id='word_1_798' title='bbox 3245 4812 3441 4888; x_wconf 70' lang='grc' dir='ltr'>α’ίματι</span> <span class='ocrx_word' id='word_1_799' title='bbox 3474 4835 3769 4888; x_wconf 72' lang='grc' dir='ltr'>περιποιηι</span> 
     </span>
    </p>
   </div>
   <div class='ocr_carea' id='block_1_106' title="bbox 2117 4901 3767 4977">
    <p class='ocr_par' dir='ltr' id='par_1_106' title="bbox 2117 4901 3767 4977">
     <span class='ocr_line' id='line_1_106' title="bbox 2117 4901 3767 4977; baseline 0.001 -21"><span class='ocrx_word' id='word_1_800' title='bbox 2117 4905 2294 4957; x_wconf 87' lang='grc' dir='ltr'>θεῖσαν</span> <span class='ocrx_word' id='word_1_801' title='bbox 2357 4904 2503 4974; x_wconf 82' lang='grc' dir='ltr'>αὐτῴ</span> <span class='ocrx_word' id='word_1_802' title='bbox 2535 4902 2882 4972; x_wconf 84' lang='grc' dir='ltr'>Ἐκκλησίαν,</span> <span class='ocrx_word' id='word_1_803' title='bbox 2918 4926 2944 4954; x_wconf 74' lang='grc' dir='ltr'>ι)</span> <span class='ocrx_word' id='word_1_804' title='bbox 2979 4903 3109 4970; x_wconf 71' lang='grc' dir='ltr'>ὑπὲρ</span> <span class='ocrx_word' id='word_1_805' title='bbox 3147 4905 3213 4971; x_wconf 74' lang='grc' dir='ltr'>ἧς</span> <span class='ocrx_word' id='word_1_806' title='bbox 3261 4923 3400 4957; x_wconf 84' lang='grc' dir='ltr'>απας</span> <span class='ocrx_word' id='word_1_807' title='bbox 3442 4901 3613 4977; x_wconf 84' lang='grc' dir='ltr'>λόγος</span> <span class='ocrx_word' id='word_1_808' title='bbox 3671 4905 3767 4958; x_wconf 84' lang='grc' dir='ltr'><strong>καὶ</strong></span> 
     </span>
    </p>
   </div>
   <div class='ocr_carea' id='block_1_107' title="bbox 2119 4989 3764 5065">
    <p class='ocr_par' dir='ltr' id='par_1_107' title="bbox 2119 4989 3764 5065">
     <span class='ocr_line' id='line_1_107' title="bbox 2119 4989 3764 5065; baseline 0.001 -21"><span class='ocrx_word' id='word_1_809' title='bbox 2119 4993 2254 5044; x_wconf 83' lang='grc' dir='ltr'>ἅπαν</span> <span class='ocrx_word' id='word_1_810' title='bbox 2316 4994 2636 5065; x_wconf 72' lang='grc' dir='ltr'>μυστήριον.</span> <span class='ocrx_word' id='word_1_811' title='bbox 2671 4989 3010 5046; x_wconf 77' lang='grc' dir='ltr'>ἐπιδιδοῦσαν</span> <span class='ocrx_word' id='word_1_812' title='bbox 3063 4990 3145 5045; x_wconf 81' lang='grc' dir='ltr'><strong>ὅτι</strong></span> <span class='ocrx_word' id='word_1_813' title='bbox 3201 4989 3439 5064; x_wconf 71' lang='grc' dir='ltr'>μάλιστα</span> <span class='ocrx_word' id='word_1_814' title='bbox 3487 4993 3574 5045; x_wconf 83' lang='grc' dir='ltr'><strong>καὶ</strong></span> <span class='ocrx_word' id='word_1_815' title='bbox 3630 5011 3764 5065; x_wconf 78' lang='grc' dir='ltr'>κρα-</span> 
     </span>
    </p>
   </div>
   <div class='ocr_carea' id='block_1_108' title="bbox 2115 5079 3766 5156">
    <p class='ocr_par' dir='ltr' id='par_1_108' title="bbox 2115 5079 3766 5156">
     <span class='ocr_line' id='line_1_108' title="bbox 2115 5079 3766 5156; baseline -0.001 -22"><span class='ocrx_word' id='word_1_816' title='bbox 2115 5081 2413 5152; x_wconf 85' lang='grc' dir='ltr'>τυνομένην</span> <span class='ocrx_word' id='word_1_817' title='bbox 2463 5082 2684 5154; x_wconf 78' lang='grc' dir='ltr'>ὁρᾶσθαι</span> <span class='ocrx_word' id='word_1_818' title='bbox 2709 5099 2720 5112; x_wconf 86' lang='grc'><strong>·</strong></span> <span class='ocrx_word' id='word_1_819' title='bbox 2755 5081 2846 5136; x_wconf 82' lang='grc' dir='ltr'><strong>καὶ</strong></span> <span class='ocrx_word' id='word_1_820' title='bbox 2885 5079 3291 5136; x_wconf 85' lang='grc' dir='ltr'>πολλαπλασίω</span> <span class='ocrx_word' id='word_1_821' title='bbox 3337 5081 3528 5149; x_wconf 72' lang='grc' dir='ltr'>ἑαυτῆς</span> <span class='ocrx_word' id='word_1_822' title='bbox 3572 5102 3766 5156; x_wconf 56' lang='grc' dir='ltr'>γιγνοιμ</span> 
     </span>
    </p>
   </div>
   <div class='ocr_carea' id='block_1_109' title="bbox 2123 5169 3766 5243">
    <p class='ocr_par' dir='ltr' id='par_1_109' title="bbox 2123 5169 3766 5243">
     <span class='ocr_line' id='line_1_109' title="bbox 2123 5169 3766 5243; baseline 0.001 -20"><span class='ocrx_word' id='word_1_823' title='bbox 2123 5172 2284 5242; x_wconf 87' lang='grc' dir='ltr'>μένην</span> <span class='ocrx_word' id='word_1_824' title='bbox 2339 5174 2416 5240; x_wconf 83' lang='grc' dir='ltr'>τῷ</span> <span class='ocrx_word' id='word_1_825' title='bbox 2471 5169 2672 5239; x_wconf 75' lang='grc' dir='ltr'>πλήθει</span> <span class='ocrx_word' id='word_1_826' title='bbox 2738 5175 2846 5224; x_wconf 81' lang='grc' dir='ltr'><strong>τῶν</strong></span> <span class='ocrx_word' id='word_1_827' title='bbox 2925 5169 3174 5224; x_wconf 72' lang='grc' dir='ltr'>ἑκάστοτε</span> <span class='ocrx_word' id='word_1_828' title='bbox 3250 5171 3612 5243; x_wconf 81' lang='grc' dir='ltr'>προσιόντων,</span> <span class='ocrx_word' id='word_1_829' title='bbox 3670 5170 3766 5224; x_wconf 84' lang='grc' dir='ltr'><strong>καὶ</strong></span> 
     </span>
    </p>
   </div>
   <div class='ocr_carea' id='block_1_110' title="bbox 2116 5257 3770 5334">
    <p class='ocr_par' dir='ltr' id='par_1_110' title="bbox 2116 5257 3770 5334">
     <span class='ocr_line' id='line_1_110' title="bbox 2116 5257 3770 5334; baseline 0.001 -23"><span class='ocrx_word' id='word_1_830' title='bbox 2116 5258 2213 5321; x_wconf 71' lang='grc' dir='ltr'>τὰς</span> <span class='ocrx_word' id='word_1_831' title='bbox 2269 5259 2361 5330; x_wconf 78' lang='grc' dir='ltr'>μὲν</span> <span class='ocrx_word' id='word_1_832' title='bbox 2419 5259 2668 5329; x_wconf 76' lang='grc' dir='ltr'>ἁλμυρᾶς</span> <span class='ocrx_word' id='word_1_833' title='bbox 2728 5259 2816 5311; x_wconf 82' lang='grc' dir='ltr'>καὶ</span> <span class='ocrx_word' id='word_1_834' title='bbox 2876 5257 3144 5330; x_wconf 83' lang='grc' dir='ltr'>ἀθέσμους</span> <span class='ocrx_word' id='word_1_835' title='bbox 3198 5260 3321 5334; x_wconf 79' lang='grc' dir='ltr'>περὶ</span> <span class='ocrx_word' id='word_1_836' title='bbox 3381 5263 3518 5313; x_wconf 86' lang='grc' dir='ltr'>Θεοῦ</span> <span class='ocrx_word' id='word_1_837' title='bbox 3573 5278 3770 5313; x_wconf 82' lang='grc' dir='ltr'>καινο-</span> 
     </span>
    </p>
   </div>
   <div class='ocr_carea' id='block_1_111' title="bbox 2575 5345 3766 5426">
    <p class='ocr_par' dir='ltr' id='par_1_111' title="bbox 2575 5345 3766 5426">
     <span class='ocr_line' id='line_1_111' title="bbox 2575 5345 3766 5426; baseline 0.001 -26"><span class='ocrx_word' id='word_1_838' title='bbox 2575 5345 2906 5421; x_wconf 80' lang='grc' dir='ltr'>ὑπολήψεις,</span> <span class='ocrx_word' id='word_1_839' title='bbox 2984 5348 3057 5410; x_wconf 79' lang='grc' dir='ltr'>ὡς</span> <span class='ocrx_word' id='word_1_840' title='bbox 3141 5346 3207 5418; x_wconf 78' lang='grc' dir='ltr'>δή</span> <span class='ocrx_word' id='word_1_841' title='bbox 3295 5367 3412 5402; x_wconf 88' lang='grc' dir='ltr'>τινα</span> <span class='ocrx_word' id='word_1_842' title='bbox 3495 5347 3766 5426; x_wconf 83' lang='grc' dir='ltr'>ψυχώλε-</span> 
     </span>
    </p>
   </div>
   <div class='ocr_carea' id='block_1_112' title="bbox 2119 5347 2488 5427">
    <p class='ocr_par' dir='ltr' id='par_1_112' title="bbox 2119 5347 2488 5427">
     <span class='ocr_line' id='line_1_112' title="bbox 2119 5347 2488 5427; baseline -0.003 -26"><span class='ocrx_word' id='word_1_843' title='bbox 2119 5347 2323 5427; x_wconf 70' lang='grc' dir='ltr'>φωνίας</span> <span class='ocrx_word' id='word_1_844' title='bbox 2399 5347 2488 5402; x_wconf 82' lang='grc' dir='ltr'>καὶ</span> 
     </span>
    </p>
   </div>
   <div class='ocr_carea' id='block_1_113' title="bbox 2195 5523 3766 5597">
    <p class='ocr_par' dir='ltr' id='par_1_113' title="bbox 2195 5523 3766 5597">
     <span class='ocr_line' id='line_1_113' title="bbox 2195 5523 3766 5597; baseline 0 -17"><span class='ocrx_word' id='word_1_845' title='bbox 2195 5525 2243 5560; x_wconf 63' lang='grc'><strong>’⁸⁸</strong></span> <span class='ocrx_word' id='word_1_846' title='bbox 2272 5529 2293 5582; x_wconf 92' lang='lat' dir='ltr'><strong>I</strong></span> <span class='ocrx_word' id='word_1_847' title='bbox 2327 5525 2466 5597; x_wconf 83' lang='lat' dir='ltr'><strong>Reg.</strong></span> <span class='ocrx_word' id='word_1_848' title='bbox 2485 5541 2546 5593; x_wconf 83' lang='grc' dir='ltr'><strong>ιι,</strong></span> <span class='ocrx_word' id='word_1_849' title='bbox 2575 5525 2625 5579; x_wconf 80' lang='grc'><strong>4.</strong></span> <span class='ocrx_word' id='word_1_850' title='bbox 2703 5525 2748 5560; x_wconf 80' lang='grc'><strong>³⁷</strong></span> <span class='ocrx_word' id='word_1_851' title='bbox 2780 5525 3150 5594; x_wconf 79' lang='lat' dir='ltr'><strong>Matth.xxw,</strong></span> <span class='ocrx_word' id='word_1_852' title='bbox 3181 5526 3270 5580; x_wconf 79' lang='grc'><strong>24.</strong></span> <span class='ocrx_word' id='word_1_853' title='bbox 3348 5523 3398 5560; x_wconf 79' lang='grc'><strong>³⁸</strong></span> <span class='ocrx_word' id='word_1_854' title='bbox 3425 5524 3766 5593; x_wconf 78' lang='lat' dir='ltr'><strong>Act.xx,‘28.</strong></span> 
     </span>
    </p>
   </div>
  </div>
