4092 6300
298 387 406 449 305

1303 385 1699 449 LAUDATIO
1743 387 1805 446 S.
1856 387 2227 449 GREGORII
2273 390 2691 449 THEOLOGI.

3588 389 3705 449 306

301 522 416 593 θρον
476 519 736 592 καχεξίαν
801 515 1218 584 ἀποκλυζόντων
1278 523 1356 589 τῷ
1411 525 1510 582 τῆς
1589 516 1935 578 διδασκαλίας

2056 524 2325 578 stitutum
2358 522 2463 577 fuit
2494 521 2834 593 mysterium
2868 520 2968 592 (8),
3003 520 3258 575 maxima
3301 520 3549 576 subinde
3601 538 3707 576 ca—

299 610 537 680 ποτίμῳ,
597 609 738 679 πρὸς
797 604 852 660 δὲ
910 609 1008 674 τὴν
1080 605 1345 680 εἰλικρινῆ
1414 608 1499 661 καὶ
1563 609 1796 683 καθαράν
1855 609 1944 662 καὶ

301 695 549 770 ἡδίστην,
598 699 691 752 καὶ
738 701 846 751 τῶν
892 695 1176 768 Ὀλύμπου
1224 698 1560 772 πραγμάτων
1615 697 1942 769 αἰτιωτάτην

299 790 498 855 πίστιν,
539 785 948 860 μεθισταμένων
977 807 1033 840 τε
1063 789 1151 840 καί
1185 788 1616 859 μετατιθεμένων
1650 787 1756 861 ὅλῃ
1790 792 1942 862 ψυχῇ

296 899 353 932 τε
380 879 468 932 καὶ
504 879 728 953 γνώμῃ,
760 877 850 930 καὶ
891 876 1231 948 πειθομένωτ
1262 877 1378 930 ἀντὶ
1418 881 1512 931 τοῦ
1554 885 1768 952 φρονεῖν
1799 878 1830 931 ἆ
1867 881 1940 950 μή

302 962 399 1033 δεῖ,
430 971 650 1042 φρονεῖν
677 967 710 1020 ’ἀ
742 963 842 1020 δεῖο
871 965 961 1019 καὶ
989 970 1068 1038 τῷ
1096 966 1250 1036 καλῷ
1281 967 1369 1019 καὶ
1399 966 1704 1040 γιγνομένῳ
1726 987 1946 1040 προστι-

302 1055 504 1124 θεσθαι,
540 1055 634 1108 καὶ
680 1055 826 1108 τοῦτ’
855 1054 1030 1114 οὕτως
1077 1047 1318 1127 ἀκριϐῶς
1361 1053 1838 1127 ἐνσημαινομένων
1868 1077 1945 1128 τῳ

302 1144 453 1216 βάθει
502 1151 606 1212 τῆς
656 1141 918 1213 διανοίας,
972 1143 1043 1204 ὡς
1108 1144 1184 1214 μή
1247 1144 1408 1216 μόνον
1471 1143 1666 1206 αὐτοὺς
1716 1143 1942 1208 τούτους

300 1229 541 1294 ἆκλινεῖς
574 1232 814 1302 καθάπαξ
859 1231 1068 1286 ἑστάναι
1110 1231 1523 1306 ἐρηρεισμένους
1555 1237 1623 1306 τῇ
1662 1240 1760 1303 τῆς
1794 1260 1821 1288 ιι
1856 1234 1943 1289 πί-

299 1342 464 1382 στεως
497 1321 690 1395 πέτρᾳ,
724 1345 752 1372 ››
801 1318 946 1378 ἀλλὰ
991 1319 1219 1374 καὶτῶν
1269 1321 1390 1394 ἄρτι
1441 1322 1846 1395 καθισταμένων
1888 1322 1940 1377 ἐν

295 1412 534 1479 τούτοις,
569 1407 862 1471 παιδευτὰς
905 1411 1138 1485 ἀγαθοὺς
1177 1412 1493 1466 καθεστάναι
1541 1412 1630 1465 καὶ
1676 1412 1938 1475 πλάστας.

2060 628 2192 682 pere
2221 612 2576 666 incrementa
2616 609 3093 680 corroborarique
3143 615 3466 678 cernerent,
3499 615 3556 664 et
3607 627 3706 665 se-

2057 702 2182 772 ipsa
2216 703 2410 757 multis
2444 701 2707 773 partibus
2740 700 3194 756 numerosiorem
3251 702 3372 755 fieri
3409 717 3510 772 per
3573 700 3705 755 insi-

2056 808 2228 861 gnem
2253 808 2453 847 eorum
2485 807 2796 846 numerum
2859 791 2958 862 qui
2989 807 3096 844 sua
3155 791 3412 860 quotidie
3460 791 3704 845 nomina

2057 880 2300 945 dabant;
2326 881 2424 950 qui
2457 881 2670 935 amaris
2703 896 2768 934 ac
2802 878 3041 933 nefariis
3074 879 3142 933 de
3175 877 3289 933 Deo
3312 894 3520 934 vocum
3545 878 3706 932 novi-

2055 969 2270 1023 tatibus
2303 968 2576 1038 falsisque
2609 968 2979 1039 opinonibus,
3005 968 3157 1022 velut
3179 966 3458 1022 exitiabili
3491 967 3690 1022 animae

2056 1058 2347 1129 languore,
2375 1059 2527 1114 dulci
2561 1063 2841 1130 gratoque
2893 1058 3147 1113 melioris
3193 1057 3580 1113 institutionis
3637 1057 3701 1114 li-

2049 1166 2243 1220 quore,
2276 1148 2494 1214 dilatis,
2530 1153 2804 1218 protenus
2833 1148 2900 1202 ad
2935 1148 3245 1210 sinceram,
3277 1151 3332 1201 et
3374 1162 3606 1217 puram,
3630 1158 3683 1201 et

2055 1238 2477 1306 suavissimam,
2509 1242 2566 1293 et
2597 1253 2716 1308 quae
2748 1252 2938 1292 rerum
2999 1235 3321 1291 caelestium
3366 1235 3701 1306 adipiscen-

2053 1329 2256 1382 darum
2289 1326 2591 1398 potissima
2621 1343 2799 1381 causa
2821 1331 2929 1389 est,
2956 1326 3148 1391 fidem,
3169 1330 3288 1380 toto
3323 1327 3549 1393 pectore
3573 1325 3706 1378 ani-

2056 1432 2267 1486 moque
2318 1432 2380 1470 se
2433 1416 2789 1486 recipiebant
2819 1420 2991 1485 atque
3047 1413 3385 1469 transibant.
3415 1412 3702 1485 Illiusque

294 1505 440 1571 loco,
473 1504 631 1574 quod
689 1503 865 1573 impia
914 1509 970 1559 et
1002 1502 1201 1558 illicita
1259 1504 1417 1573 prius
1468 1510 1792 1572 senserant,
1823 1506 1894 1560 ad
1947 1510 2106 1562 recta
2164 1506 2485 1571 sentienda,
2515 1522 2834 1576 verumque
2883 1510 2938 1560 et
2985 1504 3303 1575 genuinam
3353 1504 3710 1575 amplecten-

295 1595 425 1650 dam
455 1595 814 1662 doctrinam,
843 1595 1299 1662 adducebantur,
1335 1613 1512 1668 quam
1571 1601 1837 1653 accurate
1890 1599 2033 1654 adeo
2084 1599 2314 1670 alteque
2370 1600 2584 1656 animis
2617 1599 2741 1654 suis
2789 1597 3223 1668 imprimebant,
3263 1605 3326 1652 ut
3366 1614 3478 1652 non
3529 1598 3706 1652 modo

294 1686 541 1741 immodi
574 1684 744 1756 plane
775 1689 1118 1756 perstarent,
1153 1685 1403 1742 ﬁrmatis
1436 1687 1492 1741 in
1525 1710 1543 1736 σ
1583 1692 1745 1759 petra
1775 1688 1905 1743 ﬁdei
1930 1711 1956 1738 »
1991 1690 2273 1761 vestigiis,
2305 1692 2404 1746 sed
2458 1706 2650 1746 eorum
2703 1691 2864 1755 item,
2889 1689 2984 1758 qui
3044 1689 3413 1760 postmodum
3462 1687 3533 1742 ad
3588 1687 3709 1742 haec

295 1777 495 1830 eadem
521 1775 892 1841 accedebant,
927 1776 1187 1842 magistri
1222 1776 1568 1848 fictoresque
1600 1777 1804 1847 optimi
1840 1778 2207 1836 exsiterent.

363 1864 494 1918 ΠΘ’.
557 1865 786 1919 ’Έπειτα
838 1867 934 1918 τοῦ
991 1864 1147 1917 πάντ’
1206 1864 1426 1937 ἀρίστου
1482 1865 1572 1918 καὶ
1633 1866 1935 1937 θαυμαστοῐ

2129 1869 2417 1926 LXXXIX.
2453 1872 2600 1926 Tum
2624 1870 2819 1925 deinde
2835 1869 3004 1940 longe
3020 1868 3239 1940 optimo
3267 1865 3702 1922 laudatissima-

300 1951 596 2024 βασιλέως,
628 1950 937 2022 (Θεοδόσιος
968 1950 1025 2007 δὲ
1071 1956 1136 2022 ἦν
1167 1954 1194 2006 6
1244 1956 1412 2028 μέγας
1451 1951 1541 2008 διά
1587 1954 1739 2009 ταυτὶ
1773 1974 1939 2028 προσ-

300 2044 554 2115 ρηθείς
613 2042 703 2096 καὶ
763 2042 852 2096 σύν
910 2063 972 2115 γε
1042 2044 1219 2111 πάσης
1276 2050 1375 2112 τῆς
1452 2039 1776 2112 εὐσεϐούσης
1836 2065 1941 2122 φα-

298 2134 463 2207 τρίας,
517 2138 696 2188 πᾶσαν
756 2132 1020 2203 σπουδήν,
1076 2140 1246 2188 πᾶσαν
1309 2131 1490 2204 δέησιν
1548 2137 1939 2210 προσηχότων,

301 2222 363 2284 ὡς
396 2224 458 2276 ἂν
492 2223 520 2276 ὁ
569 2224 736 2296 μέγας
765 2230 866 2292 τῆς
907 2221 1235 2293 Ἐκκλησίας
1282 2227 1578 2296 προσταίη,
1610 2226 1698 2278 καὶ
1730 2225 1940 2299 πρόμα-

303 2331 389 2386 χος
448 2307 624 2367 ἔπειτ’
683 2312 849 2382 αὐτῆς
904 2311 988 2382 εἷή
1049 2313 1137 2367 καὶ
1196 2309 1474 2385 πρόϐολος
1531 2312 1803 2392 ἀσφαλὴςν
1848 2313 1941 2368 τὸν

307 2406 396 2454 τῶν
457 2401 725 2476 αἱρέσεων
786 2401 948 2457 σάλον
1018 2401 1487 2475 ἀποκρουόμενος,
1547 2404 1574 2457 6
1639 2403 1730 2457 καὶ
1789 2403 1942 2457 πάντ’

313 2493 427 2564 αὖτῇ
463 2496 641 2546 ταῦτα
688 2492 778 2546 καὶ
811 2492 915 2564 πρὸ
959 2498 1058 2560 τῆς
1107 2491 1466 2564 προκλήσεως
1517 2493 1750 2567 γεγονώς
1787 2512 1800 2524 ·
1851 2493 1939 2546 καὶ

317 2581 458 2636 πάλαι
525 2584 824 2656 προσήκων
895 2581 1194 2637 ἐπιστατεῖν
1270 2583 1359 2636 καὶ
1418 2580 1710 2654 δυνάμενος
1779 2583 1944 2655 μόνος

314 2671 373 2732 ὡς
401 2671 635 2740 ἀληθῶς
697 2672 795 2738 τήν
859 2673 954 2745 μὲν
1015 2675 1191 2742 πάσης
1252 2674 1567 2740 ἡστινοσοῦν
1622 2669 1942 2750 δυσχερείας

305 2759 568 2837 ἁνωτέραν
617 2761 918 2816 παντάπασι
973 2759 1187 2831 δεῖξαι·
1239 2766 1410 2816 πᾶσαν
1472 2759 1528 2815 δὲ
1585 2761 1790 2836 ἀγαθὴν
1833 2758 1940 2831 ἕξιν

296 2853 368 2904 καί
421 2848 780 2906 παντοδαποῦ
827 2851 998 2906 καλοῦ
1046 2851 1213 2922 ζῆλον
1255 2856 1374 2914 ταῖς
1427 2853 1671 2907 ἁπάντων
1727 2852 1940 2922 ἐντῆξαι

293 2945 520 3017 ψυχαῖς,
575 2939 768 3011 ἐπειδή
802 2963 900 3014 περ
951 2941 1049 3015 ὀψέ
1098 2961 1230 2996 ποτε
1278 2942 1366 2996 καὶ
1420 2943 1583 3015 μόγις
1633 2939 1852 3009 ἐπείσθη
1885 2962 1942 2994 τε

288 3031 367 3084 καὶ
430 3032 776 3097 κατένευσεν,
821 3027 934 3084 οὔτ’
989 3031 1233 3105 ἀντέχειν
1293 3025 1366 3085 ἐτ’
1426 3030 1586 3100 ἀξιῶν
1644 3029 1733 3084 καὶ
1794 3029 1937 3084 θείαν

287 3121 354 3180 ὡς
383 3119 622 3189 ἀληθῶς
655 3123 835 3197 ψῆφον
862 3119 1062 3189 ταύτην
1096 3121 1364 3192 νομίζων,
1401 3121 1476 3191 μὴ
1513 3117 1568 3174 δὲ
1607 3120 1710 3194 γάρ
1752 3116 1938 3181 ἄλλως

285 3205 547 3280 ἐπιϐῆναι
623 3215 724 3277 τῆς
793 3209 1188 3264 Κωνσταντίνου
1263 3211 1706 3283 χρηματισθῆναι
1777 3229 2017 3310 τοκα-(Ἰ

444 3301 455 3310 .
572 3303 626 3310 .-
706 3301 716 3310 .
854 3301 863 3310 .
1052 3301 1077 3310 ..
1357 3301 1400 3310 ι-
1645 3300 1654 3310 ι
1755 3303 1779 3310 ..
1909 3304 1934 3310 ..
1993 3286 2017 3310 Λ

1993 3298 2019 3311 ’⁸
2047 3303 2328 3372 giumque
2361 3318 2488 3356 esse
2539 3303 2717 3360 ratus,
2754 3315 2884 3354 nam
2945 3298 3162 3367 absque
3211 3314 3277 3352 eo
3325 3300 3502 3360 esset,
3536 3311 3691 3349 nun-

283 3301 515 3377 ταρχάς.
572 3301 721 3356 Ἐπεὶ
781 3301 956 3356 τοίνυν
1017 3301 1191 3362 οὕτως
1253 3301 1520 3372 συνέθετο,
1571 3300 1659 3354 καὶ
1716 3303 1784 3373 τῇ
1840 3304 1937 3354 τοῦ

281 3395 619 3467 κρατοῦντος
671 3386 998 3463 προϐλτςσει,
1047 3392 1330 3463 θαυμαστή
1384 3387 1441 3444 δὲ
1490 3387 1649 3458 αὕτη,
1683 3389 1770 3442 καὶ
1820 3389 1938 3460 μεί-

284 3487 380 3548 ζων
418 3481 458 3549 ἢ
508 3475 986 3553 παραϐάλλεσθαι,
1017 3487 1116 3548 τῆς
1161 3477 1419 3554 καθέδρας
1451 3473 1644 3548 ἐπέϐη,
1687 3477 1776 3532 καὶ
1825 3482 1933 3532 τῶν

279 3577 373 3640 τῆς
457 3566 734 3632 εὐσεϐείας
807 3572 1139 3646 πραγμάτων
1221 3569 1350 3643 μάλ’
1425 3568 1770 3645 ἐρῥωμένως,
1843 3568 1932 3622 καὶ

282 3663 415 3732 μετά
472 3659 741 3728 πλείστης
787 3661 918 3730 ὅσης
969 3660 1305 3715 ἀντεποιεῖτο
1357 3659 1661 3736 ῥᾳστώνης,
1715 3661 1764 3713 οἱ
1813 3661 1933 3731 μὲν,

278 3750 588 3821 ἀμῦνεσθαι
637 3748 764 3812 τοὺς
813 3744 1066 3823 ὑϐριστάς
1116 3750 1359 3822 οἶόμενοι
1406 3747 1536 3817 δεῖν,
1591 3750 1677 3802 καὶ
1731 3750 1803 3802 ὧν
1856 3749 1930 3810 εἷς

278 3838 487 3900 αὐτοὺς
525 3835 966 3910 ἐπλημμέλησαν
1009 3837 1389 3912 εἰσπράξασθαι
1433 3835 1608 3906 δίκην,
1643 3842 1800 3891 πᾶσιν
1844 3840 1931 3901 οἷς

280 3926 460 4002 εἶχον,
510 3925 712 3980 πείθειν
764 3926 929 3981 ταῦτα
957 3932 1044 3982 καὶ
1093 3929 1182 3983 τὸν
1234 3928 1388 4002 ἅγιον
1438 3925 1775 4002 ἐπεχείρουν,
1808 3949 1931 3982 συν-

276 4016 654 4090 ἀγωνίσασθαι
706 4014 921 4076 τούτοις
971 4015 1060 4069 καὶ
1092 4012 1409 4083 συλλαϐεῖν,
1451 4018 1550 4086 τήν
1601 4013 1657 4070 δε
1698 4019 1794 4070 τοῦ
1843 4017 1932 4089 βα-

277 4105 490 4167 σιλέως
531 4105 669 4178 πρὸς
722 4103 880 4158 αὐτὸν
934 4103 1134 4166 εἰδότες
1191 4107 1389 4179 ῥοπήν,
1439 4112 1537 4175 τῆς
1593 4127 1652 4160 τε
1707 4103 1927 4178 καρδίας

273 4194 345 4247 ὧν
379 4192 593 4249 ἔπαθον
647 4195 1002 4267 ζωπυρούσης
1035 4197 1132 4264 τὴν
1187 4197 1433 4266 μνήμην,
1466 4193 1555 4248 καὶ
1607 4194 1704 4248 οὐκ
1751 4193 1925 4263 ἐώσης

271 4284 364 4336 τὸν
415 4282 696 4356 λογισμὸν
746 4283 989 4356 ἠρεμεῖν.
1023 4284 1078 4336 Ὀ
1130 4279 1208 4351 δὲ,
1240 4283 1436 4357 πραέιᾳ
1476 4283 1564 4337 καὶ
1619 4281 1924 4359 φιλανθρώι

271 4391 359 4442 πῳ
411 4373 599 4447 φωνῇ,
648 4374 838 4443 πρῶτα
895 4369 986 4444 μὲν
1044 4368 1293 4444 ἒπειρᾶτο
1351 4372 1449 4440 τὴν
1509 4369 1684 4425 αὐτῶν
1746 4371 1923 4442 ὁρμήν

272 4458 698 4528 καταστέλλειν,
733 4459 908 4535 λέγων
942 4482 954 4492 ·
1006 4487 1032 4512 (ι
1063 4459 1172 4515 Οὐκ
1197 4457 1377 4516 οἷ’δατε
1422 4461 1584 4515 ποίου
1624 4459 1924 4531 πνεύματός

275 4546 414 4618 ἐστε,
457 4573 488 4599 ι»
521 4549 598 4609 ὡς
648 4551 735 4602 καὶ
775 4553 998 4604 τοιαῦτα
1043 4549 1294 4624 πράττειν
1337 4551 1708 4624 προάγεσθαι;
1759 4545 1924 4611 ἔπειθ’

275 4638 346 4700 ὡς
408 4639 734 4710 θαυμαστήν
797 4637 1216 4714 μεγαλοψυχίας
1277 4639 1560 4694 ἀποίσεσθε
1619 4636 1774 4709 δόξαν
1853 4639 1927 4710 μή
1963 4625 2007 4690 D

271 4730 500 4790 τούτοις
542 4726 864 4797 ἐπεξιόντες,
914 4729 1208 4802 ἀρκοῦντος
1257 4729 1422 4801 μόνου
1471 4733 1566 4784 τοῦ
1625 4725 1878 4782 δύνασθαι
1913 4747 1925 4759 ·

271 4820 333 4873 τὸ
385 4817 449 4873 δὲ
508 4817 768 4892 μέγιστον
819 4819 909 4872 καὶ
960 4816 1218 4872 πλείστου
1270 4815 1334 4887 δή
1384 4839 1555 4886 τινος,
1589 4817 1633 4872 εἰ
1693 4818 1786 4891 μὲν
1828 4817 1929 4892 γὰρ

274 4911 726 4987 φιλανθρωπίας,
757 4904 884 4986 ἔφη,
916 4911 1135 4984 τύχοιεν
1185 4912 1308 4984 παρ’
1360 4912 1544 4982 ἡμῶν,
1595 4895 1842 4981 βελτίδυς
1874 4929 1930 4962 τε

274 4996 494 5055 ἔσονται
544 5001 780 5074 τάχιστα
826 5001 920 5061 τὰς
971 5001 1173 5076 ψυχὰς,
1225 4997 1281 5054 εὖ
1341 4997 1485 5065 οἶδα,
1538 4998 1624 5053 καί
1681 4998 1928 5075 φέροντες

275 5096 408 5167 eqvi:
447 5090 649 5150 αὐτοὺς
701 5088 1036 5163 ἐγχειριοῦσι
1066 5094 1134 5163 τῇ
1184 5090 1301 5143 καθ’
1343 5091 1488 5162 ἡμᾶς
1541 5086 1838 5158 Ἐκκλησία
1867 5089 1929 5155 ἧς

275 5187 459 5241 κακῶς
493 5180 876 5255 ἀπερρώγεσαν
910 5201 920 5212 ·
977 5179 1036 5234 ἂν
1072 5179 1139 5249 δ’,
1181 5180 1209 5234 ’ὁ
1245 5182 1321 5253 μή
1374 5181 1627 5254 γένοιτοί
1678 5198 1928 5252 τιμωρη-

276 5269 487 5342 σόμεθα
540 5276 698 5348 σφᾶς,
731 5274 810 5341 τῷ
855 5291 912 5324 τε
962 5265 1235 5324 δυσσεϐεῖν
1288 5267 1363 5323 ἔτι
1421 5267 1632 5341 μᾶλλον
1683 5269 1930 5341 προσθή-

279 5380 487 5426 σονται,
518 5359 607 5415 καὶ
649 5361 982 5415 παντάπασιν
1020 5358 1358 5414 ἀπολοῦνται
1405 5383 1432 5410 ‹‹
1467 5356 1536 5412 δι’
1569 5358 1660 5419 οὓς
1703 5357 1930 5431 Χριστὸς

274 5447 553 5519 ἐτεθνήκει
589 5469 600 5482 ⁸
636 5475 663 5500 ››
699 5448 824 5503 ὅσον
877 5449 968 5504 οὖν
1002 5448 1174 5504 ἐκεῖνο
1224 5447 1419 5503 τούτου
1465 5447 1788 5522 σεμνότερον
1838 5446 1928 5501 καὶ

349 5597 395 5632 ³⁹
421 5597 556 5653 Luc.
591 5615 669 5666 ιι,
689 5599 778 5653 55.

355 5723 439 5794 (8)
459 5722 538 5778 Ex
568 5723 665 5780 Gr.
699 5723 966 5796 Nazianz,
999 5727 1061 5782 in
1092 5724 1488 5797 Epiphaniam,
1520 5725 1658 5780 ﬁne.

2051 1976 2164 2031 que
2193 1962 2534 2031 imperatore
2557 1960 2658 2030 (9),
2685 1975 2915 2028 unaque
2942 1974 3076 2014 cum
3109 1959 3236 2028 ipso
3272 1957 3544 2012 universo
3568 1955 3691 2026 pio-

2049 2066 2178 2104 rum
2237 2055 2408 2117 ccstu,
2463 2065 2634 2105 omne
2665 2048 2924 2104 studium
2974 2062 3322 2117 omnemque
3360 2043 3694 2100 obtestatio-

2054 2154 2186 2193 nem
2219 2137 2553 2205 adbibente,
2587 2144 2648 2192 ut
2679 2137 2766 2191 vir
2797 2137 3091 2192 maximus
3116 2139 3385 2203 suscepto
3431 2132 3696 2189 Ecclesiae

2051 2226 2210 2282 illius
2244 2227 2901 2297 pontificatu,deinceps
2952 2229 3350 2296 propugnatur
3407 2224 3696 2293 ejusdem,

2052 2333 2340 2388 rupesque
2375 2316 2740 2386 ﬁrmissima,
2763 2315 2976 2370 ﬂuctus
3011 2314 3319 2369 haeresium
3345 2313 3593 2368 fractura
3615 2321 3700 2367 at-

2051 2423 2163 2477 que
2185 2407 2521 2478 depulsura,
2554 2413 2745 2462 esset:
2779 2407 2878 2477 qui
2911 2410 3084 2460 antea
3113 2406 3286 2460 etiam
3335 2420 3510 2474 quam
3559 2419 3698 2474 pon-

2053 2496 2189 2551 tifex
2219 2503 2530 2561 crearetur,
2566 2496 2684 2550 haec
2716 2496 2912 2551 omnia
2933 2493 3200 2550 Ecclesiae
3233 2493 3444 2560 fuerat,
3479 2496 3535 2548 et
3567 2492 3692 2561 jam

2051 2586 2275 2656 pridem
2305 2584 2406 2640 illo
2447 2601 2686 2640 munere
2717 2584 3119 2653 dignissimus,
3153 2587 3210 2638 et
3257 2581 3418 2637 solus
3468 2595 3697 2637 revera-

2051 2676 2318 2742 idoneus,
2349 2675 2447 2746 qui
2481 2673 2638 2729 illam
2667 2673 2971 2744 quibusvis
3006 2671 3290 2727 molestiis
3332 2669 3693 2740 superiorem

2052 2762 2223 2833 plane
2269 2769 2559 2833 praestare,
2613 2764 2784 2831 atque
2842 2761 3089 2814 invicem
3148 2758 3366 2813 bonum
3430 2756 3696 2811 habitum

2052 2868 2306 2918 emnem,
2341 2852 2690 2922 virtutisque
2723 2851 3002 2905 universa:
3024 2847 3403 2915 desiderium,
3429 2846 3695 2902 omnium

2051 2942 2266 2998 animis
2282 2939 3262 3010 velutcolliquefactum,infundere
3296 2940 3511 3008 posset.
3539 2937 3698 2990 Post-

2051 3049 2225 3105 quam
2258 3034 2492 3088 tandem
2529 3032 2862 3102 aliquando,
2884 3046 3146 3102 sagreque
3170 3029 3488 3084 admodum
3519 3027 3697 3084 cessit

2048 3126 2386 3195 adnuitque,
2411 3141 2514 3178 nec
2547 3122 2697 3178 ultra
2726 3121 3075 3178 obstinatius
3098 3134 3416 3191 repugnare
3449 3118 3532 3174 fas
3562 3133 3690 3174 esse

2050 3212 2281 3279 statuit,
2314 3211 2488 3266 simul
2529 3210 2790 3266 divinum
2846 3209 3084 3264 omnino
3135 3207 3425 3262 calculum
3477 3205 3692 3261 suifra-

2047 3407 2219 3462 quam
2253 3406 2310 3446 se
2332 3391 2403 3446 ab
2437 3391 2600 3446 initio
2623 3390 2693 3444 de
2723 3388 2990 3444 adeunda
3011 3384 3512 3456 Constantinopoli
3544 3383 3688 3438 divi-

2048 3479 2205 3536 nitus
2245 3481 2610 3536 admonitum
2644 3481 2844 3534 fuisse.
2867 3476 3371 3547 Postquamigitur
3392 3474 3502 3529 hoc
3524 3477 3689 3544 pacto

2045 3587 2317 3624 assensus
2377 3575 2488 3637 est,
2522 3578 2575 3625 et
2620 3566 2982 3640 imperatoris
3041 3581 3214 3637 opera
3271 3570 3448 3635 atque
3478 3563 3688 3617 suffra-

2043 3659 2434 3729 gatione,qua
2457 3675 2689 3714 summa
2719 3673 2860 3712 sane
2897 3664 2950 3712 et
2981 3655 3108 3711 sine
3137 3653 3400 3724 exemplo
3431 3651 3687 3706 maxima

2041 3753 2184 3814 erat,
2216 3748 2546 3804 cathedram
2601 3746 2995 3818 pontificalem
3027 3743 3386 3808 conscendit,
3423 3741 3683 3812 pietatis-

2043 3855 2152 3908 que
2178 3840 2404 3909 negotia
2425 3842 2660 3893 strenue
2693 3836 3050 3906 fortiterque,
3076 3839 3133 3889 et
3176 3831 3388 3888 eximia
3431 3831 3684 3902 quadam

2041 3926 2392 3995 dexteritate,
2426 3925 2835 3983 administrare
2892 3923 3166 3979 instituit.
3214 3923 3342 3977 Mox
3395 3923 3686 3992 quotquot

2039 4020 2321 4092 protervis
2360 4018 2474 4075 illis
2506 4019 2875 4075 velatoribus
2907 4017 3031 4072 suis
3068 4016 3249 4071 vicem
3302 4013 3681 4079 reddendam,

2039 4111 2519 4180 superiorumque
2549 4108 2898 4178 injuriarum
2924 4105 3239 4176 exigendas
3271 4103 3340 4158 ab
3375 4102 3446 4157 iis
3481 4114 3680 4172 poenas

2039 4201 2390 4267 statuebant,
2423 4214 2773 4270 quacunque
2805 4200 3071 4268 poterant
3101 4193 3342 4260 ratione,
3375 4191 3675 4247 sanctissi-

2039 4305 2199 4343 mum
2226 4291 2362 4343 item
2394 4287 2584 4342 virum
2609 4286 2728 4341 suis
2743 4301 3052 4356 aggregare
3075 4284 3358 4354 partibus,
3377 4281 3433 4335 in
3455 4280 3683 4351 operis-

2038 4394 2147 4449 que
2185 4377 2456 4449 pollicere
2504 4377 2855 4443 societatem,
2892 4375 3253 4440 laborabant,
3289 4372 3440 4426 haud
3491 4368 3681 4441 ignari

2038 4484 2211 4539 quem
2243 4467 2336 4522 ille
2367 4469 2566 4538 gratiae
2591 4465 3066 4535 auctoritatisque
3107 4464 3299 4518 locum
3335 4461 3485 4531 apud
3528 4457 3682 4529 prin-

2037 4557 2224 4628 cipem
2259 4556 2570 4624 obtineret,
2602 4556 2774 4612 simul
2808 4559 2865 4610 et
2896 4569 3093 4610 eorum
3127 4568 3252 4622 qua)
3303 4549 3676 4621 pertulerant,

2041 4646 2405 4707 memoriam.
2437 4644 2595 4701 velut
2637 4645 2890 4717 sopitum
2927 4643 3145 4714 ignem,
3177 4655 3328 4711 agro
3361 4637 3683 4692 suscitante

2041 4741 2290 4806 pectore,
2328 4751 2513 4808 neque
2568 4735 2740 4790 istam
2799 4732 2982 4789 animi
3035 4727 3484 4788 commotionem
3545 4741 3681 4780 con-

2041 4827 2337 4897 quiescere
2369 4825 2624 4879 sinente.
2658 4826 2730 4878 At
2760 4822 3071 4892 Gregorius
3095 4817 3216 4873 miti
3255 4821 3430 4886 atque
3477 4815 3682 4869 huma-

2040 4911 2289 4966 nissima
2335 4926 2496 4976 voce,
2549 4909 2797 4978 primum
2840 4923 3038 4963 eorum
3096 4905 3364 4961 cohibere
3414 4902 3679 4955 ardorem

2039 5000 2444 5070 impetumque
2477 4999 2772 5054 tentabat:
2805 5020 2833 5048 ‹‹
2867 4995 3140 5066 Nunquid
3178 4991 3436 5057 nescitis,
3463 4989 3679 5061 inquit,

2040 5091 2210 5159 cujus
2241 5107 2341 5145 vos
2372 5090 2609 5160 spiritus
2639 5090 2781 5145 estis
2810 5087 2874 5150 3°,
2913 5108 2938 5138 ι
2981 5091 3041 5141 ut
3076 5085 3146 5139 ad
3237 5083 3357 5138 haec
3415 5079 3683 5137 audenda

2041 5178 2430 5251 prorumpatis
2451 5179 2632 5234 ?Tum
2649 5181 2930 5250 quantam
2955 5187 3253 5245 quamque
3277 5168 3681 5228 admirabilem

2039 5268 2173 5322 inde
2208 5267 2701 5338 magnanimitatis
2731 5266 2958 5320 laudem
2993 5261 3247 5318 habituri
3299 5261 3443 5328 sitis,
3469 5259 3516 5314 si
3559 5257 3683 5314 sola

2039 5356 2305 5410 vindicta
2339 5356 2609 5412 facultate
2640 5354 2917 5422 contenti,
2950 5352 3288 5408 delictorum
3322 5349 3404 5405 eis
3430 5348 3679 5420 gratiam

2040 5445 2304 5501 faciatis?
2335 5447 2590 5517 Denique
2622 5446 2772 5516 quod
2809 5443 3153 5512 maximum,
3189 5453 3540 5508 summoque
3586 5437 3675 5492 fa-

2010 5721 2087 5794 (9)
2118 5723 2458 5783 Theodosio.
