4092 6300
397 423 515 483 307

1699 427 2098 491 TBEO'DUL-I
2143 425 2496 488 MONACHI

3683 419 3798 487 308

398 557 512 614 cile
568 558 628 615 in
688 559 874 631 pretio
923 560 1253 616 habendum
1303 564 1413 629 est,
1437 562 1486 617 si
1543 560 1811 634 benigne,
1849 563 2020 634 inqui

2153 561 2446 631 θειότερον,
2500 561 2759 614 τοσοῦτον
2814 561 2950 632 ἡμῖν
3010 557 3366 628 ἀντιληπτέον
3425 557 3602 613 αὐτῶν
3651 557 3792 611 ἐστιν

399 647 850 719 humaniterque
871 648 930 703 in
957 648 1087 704 illos
1109 649 1494 715 consulimus,
1509 649 1780 706 meliores
1810 650 2042 708 illimox

399 735 614 792 animis
643 737 763 792 suis
795 741 986 798 erunt,
1009 753 1254 810 seseque
1269 739 1420 796 ultro
1453 744 1662 795 nostra:
1694 739 1984 809 Ecclesiae,
2005 759 2037 796 a

401 839 512 895 qua
558 826 696 880 vitio
755 825 971 882 divulsi
1027 833 1186 894 sunt,
1244 832 1392 885 totos
1433 829 1690 884 dedant:
1743 831 2036 901 sin,quod

401 912 726 984 abominor,
759 915 1016 972 severius
1063 914 1126 972 in
1183 915 1342 988 ipsos
1398 917 1946 985 animadvertimus,
1981 922 2039 974 et

398 1005 560 1058 tanto
609 1003 781 1059 iidem
808 1005 1028 1076 majore
1059 1005 1452 1062 obstinatione
1481 1007 1842 1078 impietatem
1873 1024 2034 1062 suam

399 1089 694 1158 fovebunl,
733 1096 791 1146 et
835 1092 1188 1164 sempiterno
1246 1094 1481 1164 penitus
1524 1093 1696 1150 exitio
1749 1093 2034 1166 peribunt,

399 1201 427 1229 ‹‹
450 1195 701 1250 quorum
733 1197 906 1236 causa
935 1188 1126 1238 tamen
1160 1183 1426 1239 Christus
1473 1190 1736 1240 mortuus
1769 1185 1877 1238 fuit
1904 1183 1970 1239 4°.
2008 1207 2036 1233 »

393 1267 615 1330 Quanto
647 1271 822 1341 igitur
852 1270 996 1327 illud
1028 1272 1292 1328 sanctius
1321 1273 1696 1344 diviniusque
1727 1290 1902 1346 quam
1927 1273 2038 1328 hoc

2151 648 2186 717 ἢ
2247 650 2580 722 παροπτέον,
2629 646 2779 723 εἴπερ
2831 649 2962 721 ὑπὲρ
3012 650 3286 723 σωτηρίας
3343 648 3514 703 αὐτῶν
3575 646 3792 723 φροντί-

2149 743 2308 809 ζομεν
2346 758 2358 768 θ
2391 737 2697 816 φροντίζειν
2732 735 2788 792 δὲ
2820 736 2963 810 ἄξιον
2993 738 3071 798 ὡς
3102 737 3318 792 οἰκείων
3349 735 3526 806 δήπου
3561 734 3744 808 μελῶν
3780 755 3792 768 ·

2147 824 2290 879 οὕτω
2325 826 2401 899 μή
2459 826 2540 879 ὅτι
2571 847 2630 898 γε
2675 830 2784 880 τῶν
2834 827 2994 886 αὖτὸς
3028 825 3212 895 αὐτοῦ,
3241 824 3387 880 ἀλλὰ
3433 823 3522 878 καὶ
3548 827 3656 878 τῶν
3704 821 3797 897 ἐχ-

2149 917 2288 990 θρῷν
2338 915 2514 970 αὐτῶν
2564 918 2660 988 [an
2700 915 2868 971 αὐτοῦ
2887 916 2938 989 (2]
2986 919 3081 970 τοῦ
3131 919 3385 990 Χριστοῦ,
3422 913 3588 991 λόγον
3641 913 3795 974 ὅπως

2148 1005 2390 1074 σιυθεῖεν,
2415 1005 2477 1058 οὗ
2513 1004 2703 1080 μικρὸν
2733 1003 2996 1072 ἐποιεῖτο,
3021 1025 3048 1057 ι
3071 1005 3132 1058 τὸ
3156 1004 3430 1074 πλανηθὲν
3463 997 3736 1078 πρόϐατον
3762 1026 3793 1054 ι)

2145 1093 2374 1156 τούτους
2423 1091 2719 1148 ἀποκαλῶν
2753 1113 2765 1126 ·
2827 1094 2902 1154 ὡς
2957 1093 3190 1167 ἀνάγκην
3253 1092 3415 1147 οὖσαν
3460 1092 3549 1147 καὶ
3609 1095 3790 1160 ζητεῖν

2145 1187 2311 1238 τοῦτο
2361 1183 2450 1237 καὶ
2498 1182 2712 1253 σώζειν,
2751 1183 2842 1237 καὶ
2890 1183 3026 1254 πρὸς
3073 1183 3171 1250 τήν
3226 1181 3456 1256 ἀρχαίαν
3511 1179 3792 1254 ἐπανάγειν

2149 1275 2324 1346 νομήν
2364 1293 2422 1327 τε
2452 1273 2542 1328 καὶ
2575 1271 2836 1346 μάνδραν,
2869 1271 2970 1342 ὅση
3007 1269 3262 1345 δύναμις.

389 1374 556 1427 psum
587 1365 698 1428 est,
756 1366 922 1418 tanto
984 1362 1176 1434 magis
1240 1363 1549 1433 adjuvandi
1584 1362 1775 1430 nobis,
1808 1380 1985 1434 quam
2017 1364 2349 1436 negligendi
2396 1374 2603 1433 erunt;
2645 1365 2692 1420 si
2731 1363 2902 1420 modo
2945 1362 3104 1420 salus
3151 1380 3351 1420 eorum
3410 1379 3562 1419 cura
3619 1363 3791 1419 nobis

386 1452 495 1518 est,
520 1465 649 1520 qua
679 1449 837 1506 haud
869 1451 1034 1508 aliter
1073 1469 1213 1508 sane
1252 1469 1406 1509 cum
1462 1453 1629 1510 nobis
1685 1469 1814 1508 esse
1861 1453 2052 1522 debet,
2090 1470 2268 1526 quam
2327 1461 2390 1508 ut
2438 1457 2622 1511 nostri
2669 1455 2928 1526 corporis
2987 1454 3382 1510 membrorum
3415 1459 3786 1522 artuumque.

389 1537 584 1594 ltaille
615 1556 732 1595 non
763 1556 1001 1598 suorum
1042 1543 1342 1611 duntaxat,
1366 1544 1466 1599 sed
1499 1548 1557 1598 et
1584 1543 1800 1598 Christi
1843 1543 2028 1614 ipsius
2065 1541 2348 1611 hostium,
2375 1550 2435 1598 ut
2475 1543 2620 1598 salvi
2675 1544 2898 1613 fierent,
2935 1544 3247 1598 maximam
3305 1543 3547 1598 ducebat
3606 1541 3789 1596 ratio-

386 1643 538 1694 nem,
574 1645 719 1698 quos
750 1651 780 1679 «
811 1631 1202 1688 errabundam
1253 1635 1538 1688 oviculam
1570 1631 1617 1668 ⁴¹
1653 1655 1679 1681 ››
1713 1633 2003 1704 appellare
2043 1637 2266 1700 snerat;
2292 1634 2504 1704 quippe
2556 1649 2733 1704 quam
2797 1638 2855 1690 et
2909 1632 3031 1688 suis
3079 1632 3341 1704 vestigiis
3407 1647 3686 1704 quaerere,
3727 1637 3789 1686 et

387 1733 638 1796 servare,
661 1725 718 1776 et
742 1723 812 1776 ad
847 1721 1098 1793 pristina
1129 1740 1348 1795 pascua
1383 1725 1702 1794 caulasque
1727 1741 1830 1795 pro
1861 1722 2079 1780 viribus
2111 1723 2390 1779 reducere
2423 1740 2658 1780 necesse
2688 1729 2862 1780 esset.

460 1807 568 1866 XC.
613 1811 719 1874 Qui
768 1811 853 1866 sic
913 1813 1094 1884 igitur
1149 1814 1609 1883 mansuetudini,
1668 1819 1724 1870 et
1772 1816 2020 1870 modera-

2209 1811 2259 1886 LL'
2309 1815 2366 1865 Ὀ
2411 1812 2506 1884 μὲν
2557 1809 2649 1866 οὖν
2696 1813 3006 1885 πραότητος
3053 1811 3144 1868 καὶ
3192 1810 3484 1874 ἐπιεικειας
3532 1810 3624 1866 καὶ
3680 1817 3780 1880 τῆς

391 1898 746 1969 tioni,atqne
775 1901 849 1956 ad
879 1917 1084 1958 omnes
1111 1903 1336 1959 diffusa:
1367 1903 1635 1960 homines
1659 1904 2032 1970 humanitati,

401 1988 694 2056 quomodo
725 1989 818 2043 vix
847 1989 998 2046 alius
1055 1993 1295 2049 omnino
1336 1993 1514 2058 ullus,
1547 1993 1674 2066 ipse
1731 1993 2030 2062 studebat;

392 2075 539 2132 tales
588 2082 642 2132 et
693 2085 929 2134 caeteros
977 2082 1216 2138 monitis
1273 2081 1398 2138 suis
1439 2083 1553 2138 fere
1601 2082 1888 2139 efﬁciebat
1922 2101 1934 2138 :
1963 2099 2034 2139 ne

392 2165 663 2221 videlicet
711 2167 846 2224 dum
910 2169 1136 2240 injuriae
1193 2172 1530 2228 auctoribus
1563 2173 1806 2243 justam,
1831 2176 1896 2228 ut
1924 2172 2034 2228 sibi

392 2255 757 2317 videbantur,
790 2257 1084 2316 exsolvere
1107 2261 1290 2318 vicem
1321 2262 1791 2334 quaererent,ipsi
1826 2263 1882 2316 in
1915 2262 2030 2318 cri-

391 2359 522 2398 men
557 2345 721 2400 nimii
757 2346 1018 2403 vindictae
1041 2348 1222 2404 studii
1248 2350 1655 2406 incurrerent:
1684 2357 1747 2406 ut
1779 2351 1880 2422 qui
1909 2368 2030 2408 ma-

388 2433 507 2488 lum
553 2433 705 2491 malo
735 2435 848 2492 alio
877 2446 1146 2494 sanatum
1170 2441 1342 2510 irent,
1365 2457 1564 2497 verum
1597 2441 1788 2512 potius
1819 2445 1881 2495 ut
1913 2445 2031 2497 ani-

393 2525 470 2578 mi
505 2525 910 2596 magnitudine
938 2547 966 2577 α
989 2527 1210 2584 malum
1234 2529 1384 2586 bono
1409 2531 1702 2586 vincentes
1732 2529 1800 2600 ‘3,
1823 2553 1852 2580 »
1886 2531 2030 2587 bene

389 2611 460 2666 de
491 2613 562 2668 iis
592 2614 690 2684 qui
723 2612 942 2684 injuste
969 2617 1129 2687 ipsos
1148 2616 1415 2674 laeserant
1447 2620 2028 2690 mererentur.Atque

388 2699 498 2757 hoc
528 2718 641 2758 non
671 2718 740 2759 ea
769 2705 939 2760 modo
963 2721 1040 2772 re,
1075 2709 1230 2778 quod
1263 2705 1432 2780 longe
1479 2712 1813 2764 ceterarum
1847 2707 2028 2763 virtu-

321 2855 326 2859 η
391 2797 512 2846 tum
562 2792 834 2864 princeps
896 2792 1154 2850 charitas
1184 2800 1293 2863 est,
1324 2812 1438 2867 qua
1467 2795 1612 2864 sine,
1643 2813 1710 2852 ex
1741 2797 2029 2853 sententia

389 2878 551 2935 Pauli
581 2879 648 2950 ⁸³,
679 2881 899 2936 frustra
928 2886 987 2937 et
1017 2883 1262 2939 inaniter
1282 2883 1525 2955 reliquis
1555 2885 1826 2940 omnibus
1856 2901 2027 2956 opera

383 2972 672 3035 navatur;
719 2971 839 3026 sive
887 2970 1351 3028 misericordiam
1411 2989 1547 3046 erga
1603 2980 1857 3045 egentes,
1907 2974 2028 3030 sive

384 3059 692 3130 profusum
727 3076 831 3131 pro
859 3061 1086 3118 Christo
1116 3068 1462 3136 sanguinem
1488 3065 1672 3133 dicas,
1704 3063 1824 3120 sive
1853 3067 1918 3118 ut
1947 3063 2028 3118 di-

2142 1901 2282 1975 πρὸς
2311 1901 2510 1962 πάντας
2557 1899 2968 1979 φιλανθρωπίας
3007 1902 3082 1964 ὡς
3127 1899 3226 1956 οὒκ
3277 1899 3376 1956 οἶδ’
3424 1899 3476 1955 εἷ’
3517 1919 3600 1962 τις
3651 1898 3784 1977 ἐχό-

2147 2009 2328 2062 μενος,
2361 1989 2642 2052 τοιούτους
2693 1987 2758 2060 315
2810 2011 2960 2053 τινας
2990 1991 3081 2046 καὶ
3127 1990 3323 2054 αὐτοὺς
3367 1988 3574 2046 ἔπειθεν
3624 1989 3783 2056 εἶναι,

2143 2080 2232 2134 καὶ
2293 2082 2368 2153 μή
2426 2078 2718 2144 δοκοῦντας
2775 2082 2958 2137 δίκαια
3011 2083 3262 2157 πράττειν
3340 2081 3390 2136 ἐν
3453 2084 3532 2149 τῷ
3607 2083 3786 2148 ζητεῖν

2141 2167 2436 2242 ἀμύνεσθαι
2512 2171 2640 2232 τοὺς
2731 2171 3080 2246 ὑπάρξαντας,
3159 2168 3344 2226 ἔπειτα
3423 2166 3784 2243 μνησικακίας

2142 2258 2217 2320 είς
2249 2256 2503 2333 ἔγκλημα
2550 2259 2787 2326 πίπτειν,
2819 2263 2972 2334 κακῷ
2999 2263 3062 2317 τὸ
3113 2262 3273 2316 κακὸν
3318 2260 3622 2333 ἰωμήνους,
3654 2257 3782 2314 ἀλλ’

2139 2371 2168 2400 ‹‹
2203 2349 2386 2424 ἀγαθῷ
2415 2351 2477 2404 τὸ
2521 2351 2682 2405 κακὸν
2718 2351 2822 2406 ὑπὸ
2869 2349 3289 2426 μεγαλοψυχίας
3329 2354 3612 2419 νικῶντας,
3647 2371 3674 2399 ››
3722 2346 3782 2402 εὖ

2137 2443 2314 2492 ποιεῖν
2345 2438 2476 2501 τυὺς
2519 2437 2854 2510 ἠδικηκότας
2887 2459 2900 2472 ⁸
2953 2440 3014 2495 οὐ
3050 2440 3213 2512 μόνον
3259 2438 3340 2494 ὅτι
3379 2439 3443 2494 τὸ
3488 2444 3588 2507 τῆς
3638 2438 3785 2514 ἀγά-

2136 2547 2246 2598 πης
2279 2535 2477 2604 χρῆμα
2524 2531 2708 2584 πασῶν
2755 2530 2960 2604 ἀρετῶν
3005 2529 3300 2604 ὑπεραίρει,
3349 2532 3416 2598 ἧς
3467 2526 3613 2595 ἄνευ,
3644 2527 3784 2582 κατά

2135 2619 2235 2686 τήν
2268 2617 2487 2674 Παύλου
2537 2620 2747 2698 φωνην,
2779 2620 2932 2674 πάντ’
2979 2617 3057 2674 ἔτι
3088 2618 3269 2674 τᾶλλα
3317 2615 3566 2686 διακενῆς
3609 2637 3780 2671 σπουο

2137 2709 2434 2784 δαζόμενα,
2489 2710 2577 2766 ἒάν
2633 2732 2693 2766 τε
2750 2713 2838 2766 τὸν
2897 2712 3031 2784 πρὸς
3085 2713 3212 2774 τοὺς
3273 2709 3564 2784 δεομένους
3621 2702 3778 2764 ἔλεον

2135 2801 2260 2878 φὴς,
2297 2799 2384 2854 ἐάν
2422 2821 2479 2855 τε
2526 2801 2626 2869 τὴν
2665 2801 2796 2876 ὑπὲρ
2839 2805 3078 2875 Χριστοῦ
3121 2800 3440 2876 μαρτυρίαν,
3471 2797 3560 2854 ἐάν
3596 2798 3656 2854 τὲ
3694 2819 3782 2860 τις

2133 2887 2170 2962 ᾖ
2196 2893 2304 2943 τῶν
2337 2887 2495 2943 θείων
2523 2887 2852 2964 ἀπορρήτων
2886 2891 3166 2964 τεχνίτης,
3193 2915 3220 2941 ι(
3248 2890 3335 2944 καὶ
3371 2885 3472 2963 ὅρη
3509 2888 3777 2962 μεθιστά-

2134 2997 2219 3031 ναι
2251 2975 2476 3050 δύναμιν
2516 2976 2684 3054 ἔχων,
2720 3003 2746 3030 ››
2779 2978 2924 3034 ἀλλά
2970 2980 3060 3033 καὶ
3109 2978 3172 3034 τὸ
3213 2977 3414 3048 ταύτην
3459 2978 3779 3046 κεκτῆσθαι,

2132 3067 2304 3127 πάσας
2362 3067 2555 3142 ἀρετάς
2613 3065 2722 3121 ἐστι
2780 3069 3090 3136 κεκτῆσθαι.
3148 3069 3353 3141 Ὥσπερ
3420 3065 3520 3142 γὰρ
3587 3063 3642 3120 εἶ’
3689 3086 3777 3128 τις

381 3149 654 3204 vinorum
686 3166 1029 3207 arcanorum
1057 3154 1274 3224 peritus
1300 3155 1584 3226 interpres
1607 3155 1898 3226 quispiam
1923 3155 2016 3222 sit,

2133 3155 2375 3209 ὁντινοῦν
2425 3153 2605 3234 φιλεῖν
2656 3153 2834 3209 οτίοιτο
2884 3151 3018 3224 δεῖν,
3068 3155 3218 3210 πάντ’
3267 3154 3412 3224 αὐτῷ
3456 3151 3778 3227 συνεύχεται

383 3259 411 3288 «
437 3242 735 3309 motasque
760 3239 923 3311 ipsos
952 3242 1077 3298 suis
1106 3243 1442 3298 demovendi
1485 3244 1725 3299 sedibus
1750 3243 2020 3299 facultate

381 3326 617 3398 polleat,
650 3349 680 3377 »
711 3332 809 3384 sed
842 3347 974 3386 vero
993 3331 1170 3388 etiam
1195 3333 1348 3405 quod
1373 3333 1676 3389 charitatis
1707 3333 2014 3405 possessio,

381 3417 807 3489 compendiaria
835 3420 1113 3476 virtutum
1146 3423 1406 3478 omnium
1439 3425 1726 3494 possessio
1741 3429 1846 3479 est.
1882 3427 2014 3478 Per-

377 3505 513 3560 inde
542 3506 696 3562 enim
729 3509 1043 3580 utquicum
1067 3511 1384 3566 amicitiam
1402 3512 1886 3583 sibijungendam
1905 3511 2009 3566 ali-

374 3595 506 3666 quis
537 3598 761 3663 statuit,
793 3599 980 3654 eidem
1015 3599 1202 3655 fausta
1233 3617 1299 3655 ac
1325 3600 1506 3656 felicia
1529 3603 1729 3657 omnia
1760 3619 2014 3672 compre-

373 3691 557 3753 catur,
573 3689 638 3743 ad
671 3689 941 3745 eumdem
975 3691 1176 3760 utique
1190 3691 1450 3759 modum,
1467 3691 1562 3762 qui
1576 3692 2010 3748 convenientem

375 3775 584 3830 animae
614 3793 730 3832 sua
772 3777 1053 3834 rationem
1090 3779 1274 3847 habet,
1307 3796 1554 3852 eamque
1585 3797 1814 3837 summe
1852 3781 2012 3837 aesti-

375 3871 518 3931 mat,
549 3863 713 3920 illum
746 3883 946 3922 omnes
979 3867 1164 3924 colere
1194 3885 1432 3924 necesse
1454 3874 1543 3925 est
1571 3871 1837 3937 virtutes,
1859 3871 2014 3926 scili-

376 3961 464 4008 cet
495 3957 559 4007 ut
586 3970 784 4010 earum
819 3954 1092 4011 beneficio
1115 3957 1317 4013 salutis
1349 3975 1466 4013 sua:
1497 3975 1736 4029 compos
1755 3959 1873 4014 ﬁat.
1896 3959 2012 4014 Ca-

374 4044 559 4096 terum
580 4042 650 4096 ad
682 4041 802 4097 haec
835 4043 1032 4098 omnia
1082 4045 1229 4100 illud
1287 4049 1614 4102 necessario
1672 4049 2010 4114 tenendum,

375 4129 708 4202 quicunque
739 4130 840 4186 Dei
871 4149 996 4188 esse
1027 4135 1210 4204 cupit,
1245 4133 1380 4191 huic
1411 4142 1690 4205 quantum
1711 4140 1914 4204 potest,
1942 4137 2012 4190 ad

371 4218 814 4276 similitudinem
846 4220 943 4277 Dei
975 4223 1215 4278 omnino
1237 4225 1710 4280 enitendumesse
1732 4225 1795 4278 ﬁt
1819 4231 2011 4281 autem

371 4314 497 4363 tum
529 4307 938 4382 Deiquispiam
961 4311 1194 4382 similis,
1228 4328 1356 4369 cum
1391 4313 1728 4370 charitatem
1751 4332 1886 4385 erga
1907 4316 2013 4372 ho-

369 4396 559 4454 mines
615 4399 765 4454 bona
822 4399 934 4455 ﬁde
987 4406 1248 4458 exercet:
1283 4425 1312 4453 α
1351 4402 1544 4459 Estole
1589 4403 1768 4474 enim,
1799 4406 2014 4476 inquit,

370 4487 797 4556 misericordes,
847 4489 1000 4545 sicut
1075 4495 1132 4546 et
1181 4491 1349 4548 Pater
1411 4499 1594 4550 vester
1681 4494 2011 4552 misericors

369 4574 563 4644 est“;
597 4599 625 4627 »
675 4593 791 4647 quo
850 4577 1034 4634 Patris
1108 4579 1340 4636 nomine
1390 4579 1488 4636 ille
1529 4581 1717 4653 magis
1757 4582 2009 4652 profecto

369 4682 543 4738 quam
573 4666 689 4722 ullo
722 4666 836 4723 alio
865 4667 1218 4725 delectatur:
1237 4675 1392 4742 patet
1423 4670 1616 4743 igitur,
1654 4671 1755 4742 qui
1779 4671 2009 4728 miseri-

369 4773 496 4814 cors
526 4773 640 4813 non
662 4761 772 4825 est,
799 4763 928 4814 utut
951 4759 1178 4830 reliqua
1210 4762 1490 4817 virtutum
1519 4761 1710 4818 ofﬁcia
1741 4767 1891 4819 recte
1922 4780 2011 4819 ex-

365 4861 601 4912 secutus
633 4858 759 4922 iuit,
783 4874 816 4913 a
847 4858 960 4914 Deo
985 4869 1176 4914 tamen
1207 4846 1682 4916 exclusissimum
1707 4862 2006 4933 fore,qnod

366 4944 426 5000 in
460 4945 547 4999 his
576 4945 725 5017 ipsis
754 4947 870 5004 Deo
905 4947 1078 5020 plane
1118 4950 1412 5004 contraria
1446 4956 1730 5021 sequatur
1763 4968 1775 5006 :
1815 4972 1840 5002 α
1873 4951 2008 5016 Quae

367 5034 530 5090 enim
565 5037 675 5092 luci
707 5053 839 5093 cum
871 5037 1166 5094 tenebris:
1200 5044 1300 5094 aut
1347 5037 1574 5094 Christo
1628 5056 1756 5095 cum
1797 5039 2008 5096 Beliale

366 5139 496 5178 esse
527 5132 716 5196 potest
745 5131 1078 5184 communio
1108 5127 1194 5183 ‘5?
1217 5151 1245 5178 »
1275 5129 1493 5200 Nempe
1523 5129 1854 5185 immortale
1895 5133 2009 5186 Be-

364 5213 485 5270 iiali
519 5215 578 5271 in
610 5233 715 5273 nos
737 5219 934 5274 odium
966 5225 1071 5276 est.
1105 5218 1268 5276 Unde
1299 5224 1356 5275 et
1409 5235 1622 5276 nomen
1666 5219 1774 5274 hoc
1807 5221 2000 5276 habet.

359 5306 432 5360 At
461 5321 660 5360 amore
683 5309 864 5363 nostri
896 5309 1163 5366 Christus
1192 5309 1253 5366 in
1286 5326 1518 5366 crucem
1577 5313 1743 5366 actus
1795 5310 1924 5366 fuit.
1959 5311 2008 5364 A

362 5394 464 5466 qui
495 5397 648 5466 quod
671 5411 840 5452 nemo
872 5415 985 5454 non
1027 5399 1097 5455 de
1129 5400 1398 5456 hostibus
1431 5401 1574 5470 ipsis
1605 5398 1870 5454 inaudire
1899 5401 2006 5454 ab-

363 5489 506 5540 nuat
535 5489 708 5556 atque
738 5486 1069 5557 detestetur,
1101 5489 1344 5546 hoccine
1381 5490 1543 5545 vobis
1582 5488 1725 5560 ipsis
1784 5494 2008 5559 optare-

364 5573 440 5630 tis
461 5572 490 5630 ‘i
515 5573 661 5630 Tum
693 5589 806 5647 quo
836 5582 1000 5647 pacto
1025 5594 1140 5634 non
1172 5578 1390 5634 ultimae
1420 5578 1566 5635 illud
1595 5579 1872 5635 vecordiae
1887 5577 2010 5634 fue-

439 5739 526 5795 ⁴⁰Ι
559 5739 683 5796 Cor.
715 5756 833 5797 vm.
860 5741 945 5798 11.

367 5828 442 5884 vi,
478 5812 544 5866 14
603 5813 687 5869 15.

1025 5741 1070 5778 ⁴¹
1113 5742 1316 5800 Matth.
1349 5760 1508 5814 xvm,
1543 5743 1628 5800 12.

1704 5742 1750 5778 ⁴²
1783 5741 1947 5799 Rom.
1980 5755 2082 5811 xu,
2104 5739 2194 5796 2t.

2127 3243 2194 3296 τὰ
2247 3242 2474 3316 βελτίω,
2515 3243 2686 3305 οὕτως
2737 3245 2764 3298 ὁ
2813 3247 2912 3308 τῆς
2964 3245 3131 3298 αὐτοῦ
3179 3247 3366 3318 ψυχῆς
3421 3241 3480 3296 ’ὸν
3530 3247 3778 3316 προσῆκε

2125 3331 2452 3405 ποιούμενος
2495 3328 2680 3408 λόγον,
2722 3332 2813 3387 καὶ
2856 3334 2976 3408 περὶ
3024 3332 3286 3388 πλείστου
3334 3333 3534 3404 ταύτην
3576 3335 3770 3400 τιθεὶς,

2125 3427 2296 3476 πᾶσαν
2344 3422 2538 3497 ἀρετήν
2592 3423 2643 3493 ἐξ
2694 3422 2936 3498 ἂνάγκης
2975 3423 3223 3497 ἀσκήσει,
3267 3422 3338 3480 δι’
3387 3426 3459 3479 ὧν
3511 3425 3658 3496 αὐτῷ
3705 3427 3770 3480 τὸ

2125 3514 2390 3567 σεσωσθαι
2449 3515 2762 3587 προσέσθαι.
2827 3515 2977 3586 Παρᾶ
3034 3514 3201 3568 πάντα
3255 3510 3312 3568 δὲ
3365 3515 3530 3568 ταῦτα
3594 3513 3769 3568 ἐκεῖνο

2125 3607 2343 3679 φρονεῖν
2393 3603 2626 3677 ἀνάγκη,
2661 3603 2735 3666 ὡς
2782 3601 2930 3664 ὅστις
2989 3603 3124 3658 εἶναι
3174 3607 3308 3658 Θεοῦ
3368 3601 3651 3678 βούλεται,
3683 3600 3768 3656 δεῖ

2122 3695 2312 3746 τοῦτον
2358 3692 2508 3762 αὐτῷ
2557 3694 2692 3745 κατὰ
2737 3691 2802 3746 τὸ
2852 3689 3098 3762 δυνατὸν,
3142 3690 3465 3762 ἐξισοῦσθαι.
3523 3693 3766 3764 Ἐξισοῦο

2121 3802 2207 3835 ται
2241 3778 2298 3835 δὲ
2336 3802 2418 3842 τις
2459 3781 2600 3852 Θεῷ,
2632 3781 3044 3858 φιλανθρωπίαν
3085 3781 3328 3854 καθάπαξ
3371 3783 3571 3836 ἀσκῶν.
3606 3805 3634 3832 ‹‹
3670 3781 3766 3835 Γί-

2121 3873 2268 3925 νεσθε
2313 3871 2433 3946 γὰρ,
2490 3872 2675 3944 φησὶν,
2709 3869 3056 3944 οἰκτίρμονες
3109 3872 3288 3933 καθὼς
3339 3871 3430 3926 καὶ
3488 3872 3516 3925 6
3576 3872 3767 3946 Πατήρ

2122 3963 2281 4033 ἡμῶν
2340 3962 2440 4034 [ed.
2495 3961 2668 4034 ὑμῶν]
2731 3961 3029 4037 οἰκτίρμων
3076 3959 3234 4016 ἐστί·
3293 3965 3457 4016 τοῦτο
3507 3960 3605 4036 γὰρ
3657 3961 3768 4035 πρὸ

2119 4055 2227 4104 τῶν
2256 4048 2444 4104 ἄλλων
2479 4050 2659 4128 χαίρει
2691 4050 3030 4124 καλούμενος
3067 4070 3080 4082 ·
3115 4053 3142 4105 6
3175 4047 3232 4105 δὶ
3265 4052 3342 4123 μή
3388 4051 3561 4112 οὕτως
3591 4047 3764 4126 ἔχων,

2122 4140 2217 4194 κᾶν
2262 4138 2299 4213 ᾖ
2343 4141 2517 4195 πάντα
2560 4142 2960 4216 κατωρθωκὼς,
2993 4139 3292 4196 ἐκπεσεῖται
3341 4142 3556 4203 πάντως
3606 4148 3766 4211 Θεοῦ,

2122 4230 2195 4292 ὡς
2230 4230 2542 4292 ἀπεναντῖας
2594 4225 2736 4305 ἔχων
2787 4229 2838 4284 ἐν
2866 4231 3081 4291 τούτοις
3129 4235 3262 4302 Θεῷ.
3300 4255 3326 4282 ‹‹
3371 4231 3458 4292 Τίς
3505 4232 3604 4304 γὰρ
3644 4252 3767 4286 κοι-

2119 4319 2282 4374 νωνία
2313 4321 2450 4399 φωτί
2504 4322 2637 4392 πρὸς
2671 4321 2882 4391 σκότος,
2924 4320 2960 4389 ἢ
3009 4327 3226 4395 Χριστῳ
3278 4323 3412 4395 πρὸς
3464 4321 3697 4396 Βελίαρ;
3735 4347 3766 4374 ››

2121 4409 2166 4481 ᾧ
2214 4410 2274 4463 τὸ
2337 4411 2430 4482 μὲν
2493 4408 2852 4483 δυσμεναίνειν
2912 4404 3054 4464 ἔστιν
3113 4409 3217 4464 αἶεὶ
3279 4412 3367 4464 καὶ
3427 4411 3575 4465 τοῦτ’
3630 4411 3764 4466 αὐτὸ

2119 4500 2185 4572 [Γ.
2219 4499 2391 4572 αὐτῷ]
2442 4500 2739 4574 πρόσρημα
2771 4520 2781 4531 ·
2830 4497 2919 4553 διὰ
2967 4495 3023 4552 δὲ
3051 4500 3150 4568 τήν
3193 4500 3310 4573 περὶ
3347 4501 3496 4572 ἡμᾶς
3543 4500 3762 4574 ἀγάπην

2120 4590 2148 4642 6
2191 4589 2417 4664 Χριστὸς
2469 4588 2782 4662 ἐσταυρώθη
2818 4609 2830 4620 ⁸
2865 4589 2962 4642 εἶθ’
3017 4588 3045 4641 ὃ
3096 4585 3226 4661 μηδ’
3263 4585 3352 4642 ἒπί
3393 4593 3501 4642 τῶν
3547 4586 3764 4663 ἐχθρῶν

2120 4679 2388 4752 ἀπεύξαιτ’
2592 4679 2790 4752 ἐπεύξ.]
2850 4678 2910 4733 ἄν
2969 4700 3053 4740 τις
3106 4679 3354 4750 ἀκοῦσαι,
3411 4683 3554 4734 τοῦτ’
3631 4680 3764 4751 ὑμῖν

2117 4767 2302 4831 αὐτοῖς
2330 4766 2544 4823 ἕλοισθε
2591 4764 2692 4838 div;
2741 4769 2832 4822 καὶ
2884 4771 3002 4829 πῶς
3033 4767 3134 4822 οὐκ
3173 4766 3414 4846 ἐσχάτης
3464 4767 3765 4842 παραπλη-

2114 4859 2254 4928 ξίας,
2304 4856 2416 4940 ἐξὸν
2466 4857 2500 4912 ἃ
2544 4854 2625 4912 δεῖ
2667 4857 3022 4933 πεπραχότας
3069 4858 3358 4927 σεσῶσθαι,
3407 4852 3556 4910 ἔπειο
3608 4855 3764 4910 ἑκόν-

2115 4969 2208 5010 τας
2263 4947 2420 5010 ὄντας
2479 4948 2692 5011 ἑαυτοῖς
2751 4948 2955 5022 βρόχον
3006 4945 3270 5016 ἐξάπτειν.
3325 4943 3510 5007 Οὕτως
3562 4945 3760 5009 αὐτοὺς

2114 5039 2249 5112 πρὸς
2307 5039 2432 5099 τοὺς
2507 5034 2888 5107 λελυπηκὸτας
2955 5034 3101 5111 ἔχειν
3161 5035 3606 5109 παρασκευάζων,
3662 5036 3760 5090 καὶ

2112 5133 2230 5190 τοῖς
2261 5134 2360 5197 τῆς
2412 5125 2832 5204 φιλανθρωπίας
2882 5127 3206 5203 φαρμάκοις.
3239 5127 3299 5181 τὸ
3345 5126 3550 5181 τούτων
3597 5145 3764 5180 κατα-

2115 5216 2359 5273 στέλλων
2411 5216 2748 5294 φλεγμαῖνον
2785 5238 2796 5248 ·
2851 5217 2878 5270 ὁ
2930 5213 2985 5270 δὲ
3043 5216 3132 5270 καὶ
3189 5216 3367 5285 πάσης
3419 5214 3596 5285 ἄλλης
3635 5215 3764 5289 ἀρε-

2111 5313 2211 5376 τῆς
2257 5305 2423 5382 λόγον
2471 5307 2742 5360 ποιεῖσθαι
2801 5305 3055 5379 παρῄνει,
3104 5304 3195 5358 καὶ
3256 5302 3493 5377 μηδενὸς
3538 5303 3762 5380 ἀφίστα-

2115 5396 2235 5448 σθαι
2291 5400 2400 5449 τῶν
2457 5393 2756 5470 βελτίστων
2789 5414 2802 5425 ·
2880 5391 3028 5448 ἀλλὰ
3095 5394 3157 5449 τὸ
3238 5395 3333 5466 μὲν
3389 5393 3526 5447 κατά
3601 5393 3759 5470 φύσιν

2113 5489 2316 5560 χωρεῖν
2372 5483 2462 5538 καὶ
2520 5484 2774 5560 πράττειν
2839 5482 2872 5536 ἃ
2929 5481 3030 5555 δεῖ,
3092 5481 3377 5558 προῦργου
3436 5483 3707 5538 ποιεῖσθαι
3743 5500 3758 5514 ⁶

2113 5576 2176 5629 τὸ
2221 5571 2277 5628 δὲ
2320 5573 2481 5645 κακίᾳ
2527 5575 2616 5629 τὸν
2667 5573 2794 5629 νοῦν
2849 5575 3160 5650 προσέχειν,
3211 5574 3356 5642 παρὰ
3401 5573 3556 5653 φύσιν
3609 5592 3668 5627 τε
3697 5571 3758 5629 ὃν

2271 5737 2318 5774 ⁴³
2347 5738 2368 5795 Ι
2399 5739 2523 5798 Cor.
2557 5740 2758 5812 xni,2,
2781 5739 2832 5796 3.
2939 5739 2988 5776 “
3029 5737 3144 5798 Luc
3176 5756 3250 5810 v1,
3280 5738 3371 5798 36.
3446 5735 3497 5774 “
3527 5737 3575 5796 Il
3628 5737 3758 5796 Cor.
