4092 6300
269 352 391 413 309

1274 354 1670 418 LAUDATIO
1715 357 1780 418 S.
1829 356 2205 419 GREGORII
2250 356 2666 418 THEOLOGI.

3558 355 3676 416 310

267 484 354 538 καὶ
412 486 586 555 μόνης
646 484 1011 558 ἑξηοτημένον
1082 493 1178 554 τῆς
1254 488 1643 561 προαιρέσεως,
1711 489 1917 562 χαίρειν

2043 492 2134 558 rit,
2179 507 2314 546 cum
2363 495 2514 546 recte
2564 490 2786 560 agendo
2826 488 2970 545 salvi
3021 504 3143 545 esse
3192 488 3448 560 possitis,
3495 493 3679 544 vestra

265 575 506 643 καθάπαξ
563 575 653 645 ἐᾷν
689 595 700 606 '

753 578 791 646 ᾗ
847 577 1333 651 παραχρησάμενοι
1418 581 1515 648 τὴν
1579 577 1776 652 ἀρχὴν,
1825 586 1924 647 τῆς

270 665 363 733 μὲν
394 664 533 718 κατᾶ
591 665 740 718 θύσιν
791 664 1075 739 ἐξέστημεν
1139 667 1356 740 ἀρετῆς.
1429 669 1774 739 Μετέστημεν
1848 667 1924 737 δὲ,

267 756 402 826 πρὸς
447 755 550 822 τήν
598 757 743 829 παρά
809 757 964 833 φύσιν
1028 756 1239 824 κακίαν,
1296 757 1624 833 ἀφελόμενοι
1680 760 1771 830 μὲν
1831 759 1928 826 τὴν

269 843 470 898 οἰκείαν
531 845 832 918 ἡγεμονίαν
889 848 968 918 τῷ
1009 851 1104 916 νῷ,
1165 847 1305 921 μόνῃ
1341 845 1395 902 δὲ
1441 852 1509 921 τῇ
1558 851 1712 923 σαρκὶ
1747 847 1926 911 δόντες

2039 581 2420 652 vosmetipsos
2453 586 2657 650 sponte
2685 580 2959 652 laqueum
2989 578 3154 635 vobis
3185 577 3434 650 defigere
3455 576 3483 631 ?
3518 578 3681 633 Hunc

2041 675 2104 724 ut
2131 669 2248 726 illis
2279 669 2458 724 animi
2482 686 2723 725 sensum
2754 685 2891 742 erga
2914 675 3167 726 sectores
3191 683 3682 741 Oppressoresque

2041 775 2172 814 suos
2206 759 2544 827 inseruerat,
2568 759 2916 830 lenibusque
2943 757 3326 814 humanitatis
3351 754 3682 811 medicami-

2042 850 2212 904 nibus
2241 865 2440 904 eorum
2470 851 2756 904 retuderat
2787 848 3350 914 excandescentiam,
3385 847 3564 901 etiam
3596 844 3682 900 in-

269 934 329 987 τὸ
388 931 676 1004 δύνασθαι,
717 936 806 990 καὶ
846 935 991 997 ὅλως
1051 935 1274 1011 γεώδεις
1323 938 1410 991 καὶ
1481 939 1657 994 ὑλικοὶ
1715 941 1917 1015 γεγονό·

2041 955 2216 1010 super
2246 939 2475 994 eosdem
2509 939 2577 993 ad
2622 938 2852 1008 reliquas
2898 938 3088 994 omnis
3140 937 3371 992 virtutis
3423 935 3682 990 studium

269 1043 350 1083 τες
386 1043 400 1054 ·
445 1024 574 1078 εἶεν.
2042 1031 2420 1086 hortabatur:
2451 1040 2622 1100 atque
2655 1046 2724 1085 ne
2746 1030 2884 1101 quid
2909 1029 3265 1100 optimarum
3289 1043 3482 1082 rerum
3517 1025 3683 1082 omit-

269 1118 460 1169 terent
495 1115 759 1181 monuit;
795 1116 894 1171 sed
928 1120 988 1170 ut
1023 1133 1300 1188 magnum
1335 1134 1518 1190 operas
1552 1119 1805 1190 pretium
1840 1135 1968 1175 esse
1998 1121 2297 1186 ducerent,
2332 1125 2549 1174 natura:
2582 1119 2768 1190 ipsius
2801 1119 2966 1189 sequi
3001 1118 3256 1188 vestigia,
3279 1120 3338 1172 et
3367 1132 3494 1187 quae
3527 1118 3684 1171 recta

267 1210 405 1258 sunt
437 1220 648 1274 agere;
673 1211 894 1273 contra,
927 1208 998 1262 ad
1032 1207 1482 1278 improbitatem,
1518 1226 1646 1280 qua:
1677 1215 1733 1265 et
1772 1213 1977 1282 praeter
2006 1215 2224 1265 naturas
2256 1211 2518 1266 ordinem
2552 1211 2648 1270 sit,
2681 1217 2733 1264 et
2764 1225 2833 1264 ex
2864 1210 2986 1265 sola
3030 1209 3282 1264 hominis
3332 1207 3516 1262 libera
3576 1221 3679 1260 vo-

267 1290 497 1348 luntate
529 1296 871 1366 dependeat,
903 1295 1161 1352 animum
1192 1297 1518 1368 appellere;
1551 1299 1608 1353 id
1663 1315 1791 1354 vero
1839 1300 2085 1355 missum
2135 1300 2374 1355 omnina
2424 1300 2698 1364 facerent,
2741 1315 2853 1370 quo
2904 1298 3187 1354 nimirum
3235 1296 3552 1352 voluntatis
3585 1311 3677 1349 ar-

267 1380 439 1435 bitrio
474 1397 613 1436 mox
665 1383 737 1436 ab
794 1384 961 1439 initio
1001 1385 1150 1439 male
1200 1386 1310 1452 usi,
1345 1404 1378 1441 a
1417 1397 1804 1443 consentanea
1847 1393 2070 1443 natura:
2115 1392 2326 1442 nostris
2378 1388 2587 1442 virtute
2635 1388 3012 1452 descivimus,
3047 1390 3216 1456 atque
3248 1388 3315 1440 ad
3371 1383 3684 1454 malitiam,

268 1485 390 1538 qua
424 1475 640 1540 preter
668 1476 942 1527 naturam
978 1479 1086 1542 est,
1120 1477 1640 1546 transgressionem
1677 1477 1940 1545 fecimus,
1974 1485 2167 1532 mente
2199 1476 2480 1531 nimirum
2511 1475 2772 1547 legitimo
2807 1493 2910 1531 suo
2945 1475 3192 1546 spoliata
3251 1473 3516 1542 imperio,
3549 1488 3680 1528 car-

267 1560 441 1630 nique
476 1559 589 1615 soli
621 1561 834 1617 tradito
867 1563 1142 1628 dominio,
1173 1565 1325 1620 unde
1354 1569 1411 1620 et
1441 1582 1547 1622 nos
1580 1565 1692 1637 ipsi
1724 1565 1930 1621 terreni
1966 1566 2196 1637 penitus
2238 1566 2393 1633 facti,
2429 1567 2802 1637 materiaeque
2857 1582 3012 1620 omne
3055 1564 3157 1620 toli
3205 1565 3380 1619 mersi
3433 1562 3678 1618 fuimus.

270 1651 370 1704 Sed
407 1652 539 1707 haec
573 1652 879 1710 hactenus.

332 1742 448 1818 ιβ’.
487 1743 547 1809 ⁸0
584 1743 678 1813 μὲν
713 1747 805 1796 οὖν
839 1746 920 1805 οἷς
974 1745 1004 1797 ἃ
1052 1745 1307 1819 παρῄνει,
1357 1748 1507 1801 ταῦτ’
1555 1748 1713 1808 οὗτὸς
1770 1752 1917 1819 πρῶ-

2107 1749 2242 1804 XCI.
2277 1751 2518 1815 Quando
2549 1749 2726 1822 igitur
2757 1749 2983 1819 primus
3023 1748 3128 1802 sibi
3183 1747 3506 1818 prestanda
3540 1761 3684 1800 cen-

268 1852 349 1892 τος
409 1831 673 1905 πράττειν
728 1833 902 1903 ἠξίου.
983 1836 1344 1908 Πειθομένους
1431 1836 1665 1898 ἅπαντας
1758 1834 1921 1911 ἔχων,

271 1925 349 1984 οἷς
406 1922 616 1985 αὐτοὺς
677 1923 852 1988 οὕτως
909 1925 1169 2000 εἶχε,καὶ
1224 1931 1390 1983 ταυτα
1448 1931 1784 2003 πράττοντας
1843 1931 1921 1984 εἶ-

270 2033 351 2086 χεν
388 2034 402 2048 ο
443 2011 510 2067 οὗ
561 2035 614 2067 τι
667 2016 931 2085 καθάπαξ,
967 2015 1090 2071 ἀλλ’
1143 2019 1266 2072 ὅσον
1314 2019 1518 2074 εἰκάσαι
1556 2040 1568 2052 ·
1615 2021 1780 2092 μόνος
1821 2023 1922 2096 γαρ

272 2102 336 2154 ὧν
381 2102 573 2173 ἴσμεν,
608 2104 700 2157 καὶ
755 2103 925 2178 λέγων
983 2105 1071 2160 καὶ
1134 2108 1410 2182 πράττων,
1463 2109 1745 2182 ἀμίμητος
1809 2110 1874 2176 ἦν
1907 2129 1920 2141 ο

277 2193 683 2265 Θαυμαζόμενον
745 2191 802 2248 δὶ
861 2195 949 2268 ὑφ’
998 2196 1246 2251 ἁπάντων
1305 2202 1498 2253 τοῦτον
1562 2201 1701 2274 ὁρῶν
1733 2201 1760 2253 ὁ
1803 2219 1926 2274 κρα-

276 2285 386 2348 τῶν,
442 2282 539 2335 καὶ
599 2285 687 2334 νῦν
759 2283 850 2354 μὲν
912 2307 940 2332 ‹‹
998 2281 1223 2357 ἔρεισμα
1273 2281 1544 2347 εὐσεϐείας
1583 2287 1672 2340 καὶ
1713 2289 1926 2359 θαυμα-

282 2375 388 2440 στήν
416 2394 549 2427 τινα
578 2393 605 2424 ιι
630 2370 967 2443 καλούμενον
988 2395 1012 2425 ι
1049 2371 1203 2442 δόξαν
1227 2393 1240 2405 ο
1269 2400 1289 2428 ιι
1327 2379 1417 2428 νῦν
1453 2374 1509 2430 δὲ
1536 2376 1748 2450 σπέρμα
1779 2378 1920 2430 θεῖον

283 2462 352 2512 καὶ
381 2459 582 2532 δρόσον
613 2464 833 2534 Ἐρμών
879 2457 1306 2518 καταϐαίνουσαν
1337 2464 1423 2519 ἐπὶ
1462 2465 1527 2519 τὰ
1559 2463 1659 2540 ὅρη
1697 2467 1856 2529 Σιὼν,
1895 2490 1922 2516 ››

290 2553 442 2624 ψυχὰς
507 2556 595 2622 τῷ
675 2547 982 2614 δυσσεϐείας
1055 2552 1292 2630 φλογμῷ
1366 2557 1673 2628 τηκομένας
1731 2575 1744 2588 ’
1833 2542 1918 2610 καὶ

289 2643 414 2693 τοέιτσ
479 2642 607 2713 μὲν,
654 2661 675 2688 α
717 2639 972 2716 γνώμονα
1021 2643 1302 2718 θεολογίας
1349 2645 1436 2697 καὶ
1483 2647 1676 2698 κανόνα
1709 2645 1922 2720 δογμά-

283 2749 384 2790 των,
421 2755 451 2781 η
477 2762 550 2772 —-
580 2753 609 2782 α
628 2732 985 2806 καθαιροῦντα
1011 2736 1112 2786 πᾶν
1144 2732 1345 2806 ὕψωμα
1376 2735 1511 2788 κατὰ
1541 2741 1641 2803 τῆς
1671 2735 1924 2810 γνώσεως

275 2819 621 2894 ἐπαιρόμενον
673 2825 771 2875 105
821 2825 973 2879 Θεοῦ.
1031 2847 1057 2873 )›
1107 2827 1268 2878 τοῦτο
1321 2821 1398 2893 δὲ,
1432 2823 1475 2878 εἷ
1528 2823 1610 2879 δεῖ
1642 2822 1921 2897 συντόμως

267 2909 446 2976 sitsi-1,
489 2935 515 2960 ››
540 2913 742 2971 παντὸς
782 2913 986 2985 ἀγαθοῦ
1041 2918 1378 2984 πρυτανεῖον,
1405 2939 1432 2965 ››
1467 2913 1592 2969 πᾶσί
1643 2935 1700 2969 τε
1732 2915 1920 2985 ἁηλῶς

397 3003 525 3054 καθ’
569 2997 663 3054 ἕνα
722 3002 928 3073 ἑκάστῳ
987 3002 1050 3056 τὰ
1110 3005 1406 3079 γιγνὸμενὺ
1481 3002 1756 3076 διανέμον,
1831 3004 1921 3060 καὶ

260 3090 409 3144 παντὶ
477 3089 722 3165 παρέχον
772 3091 840 3145 τὰ
897 3093 1180 3169 πρόσφορα
1221 3111 1234 3124 ’
1287 3097 1480 3147 τοῦτον
1510 3093 1687 3148 τοίνυν
1731 3098 1922 3148 τοιοῦ-

260 3199 344 3233 τον
396 3179 531 3234 ὄντα
584 3177 801 3254 ἐπείπερ
859 3179 1016 3240 αὐτὸς
1078 3181 1220 3254 ἑώρα
1275 3183 1364 3236 καὶ
1435 3184 1650 3237 πάντων
1729 3183 1918 3257 λεγόν-

260 3289 358 3322 των
413 3289 478 3324 τε
534 3268 627 3322 καὶ
687 3269 1024 3342 κροτούντων
1090 3268 1306 3341 ἤκουεν,
1367 3270 1568 3326 οἰκεῖον
1627 3273 1728 3348 γὰρ
1793 3269 1916 3326 ἕκα-

262 3379 380 3422 στος
412 3358 588 3413 ἆθλον
637 3360 703 3413 τὰ
744 3358 886 3413 τοῦδ’
931 3360 1191 3432 ἐποιεῖτο,
1223 3358 1412 3436 ἔχαιρέ
1441 3383 1498 3416 τε
1527 3361 1741 3423 τούτοις
1774 3361 1917 3416 πολὺ

261 3447 504 3517 μᾶλλον,
540 3447 575 3516 i‘,
626 3451 704 3518 τῷ
748 3449 988 3522 περιόντί
1033 3454 1129 3504 105
1177 3451 1432 3522 κράτους,
1463 3451 1554 3505 καὶ
1602 3456 1681 3522 τῷ
1710 3448 1918 3522 τοσῷδε

259 3533 592 3608 διακειμένῳ
645 3544 743 3606 τῆς
800 3539 976 3612 τύχης
1036 3559 1047 3570 ·
1111 3541 1341 3617 χάριτάς
1385 3561 1442 3594 τε
1500 3543 1582 3594 ὅτι
1660 3541 1917 3602 πλείστας

257 3626 542 3700 ὡμολόγει
582 3631 662 3698 τῷ
717 3625 788 3680 δι’
833 3628 999 3682 αὐτοῦ
1049 3633 1240 3684 τοῦτον
1282 3625 1722 3704 τιροϐεόλημένῳ
1753 3637 1866 3702 Θεῷ
1901 3653 1913 3666 ·

256 3714 656 3788 εὐδαιμονίζων
709 3717 803 3788 μὲν
860 3720 957 3786 τὴν
1017 3717 1204 3789 πόλιν,
1262 3724 1380 3790 τοῦ,
1441 3720 1699 3792 ποιμένος
1750 3721 1915 3792 ἠξιῶ-

258 3807 376 3859 σϐαι
409 3804 672 3860 τοιούτου
708 3826 719 3837 ·
756 3807 800 3859 εἱ
857 3803 912 3860 δὲ
963 3807 1174 3880 βούλει,
1224 3810 1311 3863 καὶ
1357 3813 1528 3863 πᾶσαν
1577 3812 1676 3878 τὴν
1737 3809 1918 3864 οἷ’κου-

259 3893 454 3965 μένην.
486 3891 819 3969 Ἐπειδήπερ
861 3920 888 3947 α
936 3897 1010 3958 είς
1070 3901 1238 3951 πᾶσαν
1272 3900 1372 3967 τήν
1434 3906 1535 3971 γῆν
1595 3898 1854 3970 ἐξ).ἦλθεν
1887 3901 1914 3954 ὁ

256 3983 501 4060 ιξσθόγγος
564 3985 752 4050 αὐτοῦ,
783 3985 872 4039 καὶ
921 3985 998 4045 εἷς
1049 3987 1115 4040 τὰ
1157 3987 1360 4060 πέρατα
1419 3995 1518 4056 τῆς
1587 3988 1913 4061 οἷκουμένης

251 4073 314 4126 τὰ
367 4075 599 4146 ῥήματα
659 4075 822 4128 αὑτοῦ
856 4095 867 4106 ·
933 4099 959 4124 ››
1020 4072 1411 4148 εὐδαιμονίζων
1470 4075 1526 4130 δὲ
1582 4077 1672 4131 καί
1721 4078 1913 4132 τοῦτον

253 4163 447 4236 αςτὸν,
483 4163 568 4216 ὅτι
600 4162 854 4222 πλείστας
902 4185 958 4218 τε
1005 4164 1091 4218 καί
1142 4164 1439 4227 καλλίστας
1482 4167 1570 4221 καὶ
1625 4166 1916 4237 καταλλή-

253 4251 384 4313 λους
447 4252 702 4328 ἀφορμὰς
757 4245 887 4327 ἔσχε
943 4256 1010 4326 τῇ
1068 4253 1218 4330 φύσει
1273 4256 1410 4328 πρὸς
1472 4252 1690 4328 ἔνδειξιν
1761 4256 1913 4329 ἐναρ-

254 4349 323 4415 γῆ
352 4344 460 4404 τῆς
492 4339 571 4402 εἷς
616 4340 776 4394 αὐτὸν
827 4342 1075 4416 μεγάλης
1120 4344 1214 4397 105
1265 4346 1572 4417 Πνεύματος
1632 4345 1914 4409 ἐπιπνοίας

249 4451 308 4484 τε
363 4430 458 4484 καὶ
505 4434 702 4505 φορᾶς,
750 4431 839 4484 καὶ
907 4436 1012 4486 τῶν
1086 4432 1369 4488 ἀκενώτων
1441 4435 1724 4509 θησαυρῶν
1811 4443 1910 4504 τῆς

256 4519 466 4595 σοφίας,
529 4519 605 4571 ὢν
658 4519 788 4592 ὑπὲρ
858 4521 1060 4582 πάντας
1148 4521 1345 4577 ἐκεῖθεν
1433 4521 1738 4594 ἐπλούτησε
1823 4523 1913 4578 καί

255 4607 570 4676 πλουτίζειν
595 4603 726 4687 ἔσχε
756 4610 882 4669 τοὺς
915 4607 1144 4673 ἄλλους.

2037 1841 2176 1906 suit,
2203 1856 2450 1910 quorum
2474 1856 2677 1894 suasor
2707 1849 3022 1909 auctorque
3044 1836 3174 1893 aliis
3193 1840 3363 1903 esset,
3392 1835 3530 1890 hinc
3553 1832 3680 1889 uni-

2035 1945 2231 1984 versos
2262 1930 2404 1984 satis
2438 1929 2829 2000 obsequentes
2861 1927 3087 1993 habuit,
3121 1931 3244 1981 tum
3288 1925 3442 1996 quod
3494 1924 3577 1979 sic
3608 1923 3680 1978 ad

2037 2017 2313 2088 obsequia
2332 2023 2630 2089 promptos
2658 2018 2916 2084 haberet,
2939 2017 3135 2073 eadem
3156 2015 3366 2086 pariter
3389 2028 3685 2085 capessen-

2036 2111 2122 2162 tes
2154 2116 2505 2178 agentesque
2530 2107 2771 2162 habuit:
2809 2123 2922 2162 non
2958 2104 3378 2178 perfectissime
3417 2102 3681 2174 quidem,

2037 2197 2135 2252 sed
2163 2196 2464 2263 hactenus,
2492 2202 2557 2252 ut
2578 2197 2830 2268 speciem
2854 2195 3036 2265 ipsius
3060 2195 3314 2266 aliquam
3338 2191 3678 2248 similitudi-

2037 2301 2288 2356 nemque
2321 2287 2636 2342 referrent:
2674 2290 2800 2342 erat
2847 2284 2942 2340 ille
2991 2287 3146 2340 enim
3199 2299 3347 2339 unus
3393 2281 3678 2347 omnium,

2036 2391 2182 2446 quos
2213 2376 2478 2447 cognitos
2511 2375 2818 2442 habemus,
2854 2374 3025 2430 dictis
3060 2373 3342 2444 factisque
3366 2371 3534 2443 plane
3565 2369 3683 2424 ini-

2035 2461 2336 2518 mitabilia.
2369 2463 2548 2527 Quem
2575 2479 2704 2519 cum
2736 2462 3114 2518 admiratione
3135 2461 3398 2516 omnium
3429 2457 3538 2514 coli
3560 2457 3679 2513 Cm-

2035 2569 2132 2608 sar
2179 2553 2686 2618 animadverteret,
2736 2558 2790 2608 et
2823 2568 2977 2608 nunc
3007 2574 3036 2603 ‹‹
3072 2569 3228 2623 purae
3260 2549 3552 2619 religionis
3585 2563 3680 2602 co-

2035 2643 2232 2697 lumen
2265 2659 2331 2698 ac
2363 2643 2543 2697 decus
2590 2643 2876 2714 quoddam
2931 2641 3224 2713 singulare
3255 2661 3283 2690 »
3336 2636 3676 2712 praedicari:

2035 2746 2193 2788 nunc
2207 2753 2235 2783 «
2251 2747 2450 2789 semen
2465 2731 2798 2801 divinum“,
2820 2754 2847 2780 »
2863 2762 2929 2772 --
2946 2754 2972 2780 α
2989 2735 3046 2787 et
3065 2745 3250 2786 rorem
3266 2725 3572 2784 Hermonis
3589 2725 3682 2781 de-

2034 2823 2408 2879 scendentem
2423 2822 2482 2876 in
2499 2829 2722 2878 montes
2735 2821 2996 2889 Sionis",
3013 2842 3040 2870 η
3057 2821 3284 2876 animos
3297 2817 3561 2873 videlicet
3575 2817 3681 2870 im-

2034 2911 2264 2983 pietatis
2298 2912 2501 2968 ardore
2531 2912 2867 2983 liquefactos
2896 2929 2909 2976 ;
2945 2910 3154 2984 partim
3186 2908 3324 2964 item
3379 2930 3406 2958 «
3434 2922 3676 2962 norman

2032 3001 2356 3073 theologia,
2389 3017 2807 3073 sacrorumque
2854 3001 3192 3073 dogmatum
3227 2998 3514 3070 regulam,
3551 3018 3578 3044 »
3613 3025 3680 3036 ——

2035 3089 2401 3147 altitudinem
2434 3108 2832 3162 omnemque
2856 3091 3132 3146 adversus
3151 3088 3250 3145 Dei
3276 3087 3675 3160 cognitionem

2033 3179 2340 3248 attollitur,
2380 3181 2770 3237 destruentem
2804 3179 2872 3247 ‘3,
2909 3202 2936 3229 »
2968 3179 3202 3251 partim,
3235 3181 3297 3234 ut
3335 3173 3676 3248 compendio

2029 3272 2239 3338 dicam,
2270 3292 2303 3322 ‹‹
2336 3271 2472 3326 boni
2504 3271 2692 3325 omnis
2725 3269 3029 3342 publicum
3065 3273 3433 3340 prytaneum,
3471 3288 3499 3315 »
3531 3281 3676 3321 cun-

2027 3360 2134 3414 ctis
2169 3360 2531 3432 singulisque
2563 3360 2964 3416 convenientia
2992 3359 3190 3413 omnia
3211 3357 3595 3422 distribuens,
3619 3358 3676 3410 et

2028 3450 2340 3519 unicuique
2372 3458 2505 3521 apta
2537 3453 2594 3504 et
2618 3449 2826 3505 idonea
2859 3449 3142 3520 prasbens.
3177 3445 3473 3517 Siquidem
3515 3444 3673 3500 hunc

2028 3538 2210 3608 igitur
2238 3539 2414 3593 talem
2447 3544 2792 3611 tantumque
2838 3540 3023 3593 virum
3071 3554 3222 3605 esse,
3254 3542 3311 3591 et
3360 3537 3483 3607 ipse
3534 3549 3672 3606 per-

2029 3633 2317 3698 spexerat,
2351 3633 2406 3683 et
2423 3629 2822 3684 consentiente
2853 3628 3138 3683 bonorum
3162 3625 3424 3681 omnium
3461 3624 3671 3695 pradi-

2029 3721 2249 3773 catione
2280 3717 2608 3789 plausuque
2641 3717 3034 3787 intelligebat:
3071 3733 3208 3771 suas
3241 3715 3393 3771 enim
3426 3716 3672 3785 quisque

2026 3807 2287 3875 adoreas,
2320 3823 2456 3862 suas
2486 3822 2750 3874 coronas,
2785 3824 2912 3878 quae
2945 3805 3125 3862 nostri
3157 3808 3344 3872 erant,
3378 3803 3666 3859 habebat:

2026 3896 2094 3950 iis
2125 3897 2222 3953 ille
2237 3897 2576 3954 rebushaud
2597 3897 2766 3970 paulo
2787 3897 2918 3968 plus
2949 3896 3124 3963 affici,
3142 3911 3315 3966 quam
3339 3897 3670 3965 potentatus

2026 3987 2116 4040 sui
2154 3989 2472 4057 majestate,
2506 3992 2785 4059 tantoque
2810 3985 3132 4058 imperialis
3165 3985 3410 4040 fortuna
3442 3982 3668 4048 habitu,

2027 4082 2200 4148 atque
2235 4079 2365 4146 Deo,
2400 4077 2498 4148 qui
2534 4094 2642 4132 sua
2693 4076 3060 4149 potissimum
3111 4090 3286 4146 opera
3335 4071 3668 4145 pontiﬁcem

2025 4166 2345 4222 maximum
2381 4166 2722 4238 Gregorium
2757 4166 3132 4237 prodidisset,
3173 4163 3458 4219 maximas
3502 4177 3672 4232 agere

2023 4257 2260 4327 gratias.
2295 4257 2444 4322 Quin
2476 4263 2535 4312 et
2567 4259 2721 4323 urbi,
2755 4273 2878 4328 qum
2910 4259 3068 4312 tanto
3101 4255 3340 4326 dignata
3381 4256 3534 4308 esset
3563 4267 3670 4306 an-

2023 4348 2230 4415 tistite,
2264 4352 2365 4404 aut
2395 4348 2441 4402 si
2478 4349 2683 4415 mavis,
2717 4348 2985 4402 universo
3009 4351 3292 4400 terrarum
3326 4344 3473 4410 orbi,
3503 4356 3668 4397 suam

2025 4439 2415 4505 congratulari
2466 4436 2820 4499 felicitatem,
2849 4437 3076 4508 quando
3111 4457 3133 4487 α
3167 4436 3226 4490 ἱιι
3279 4448 3512 4489 omnem
3556 4436 3668 4486 ter-

2029 4541 2152 4580 ram
2187 4524 2382 4580 exibat
2411 4540 2592 4580 sonus
2641 4523 2820 4590 illius,
2853 4527 2911 4578 et
2953 4523 3023 4578 ad
3075 4521 3221 4576 fines
3270 4533 3458 4589 usque
3513 4515 3669 4572 orbis

2025 4619 2188 4669 terra;
2220 4613 2392 4668 verba
2422 4612 2624 4668 illius"
2644 4611 3174 4685 ;»etGregorioipsi
3193 4609 3404 4681 pariter
3423 4621 3666 4677 congra-

257 4699 456 4764 tulari,
489 4698 646 4768 quod
677 4700 1059 4768 uberrimam,
1093 4711 1144 4758 et
1176 4703 1652 4773 pulcherrimam,
1677 4713 1731 4758 et
1760 4711 1980 4759 naturas
2012 4721 2129 4759 suae
2167 4718 2363 4774 parem
2421 4701 2778 4769 facultatem,
2828 4707 2884 4755 et
2926 4700 3228 4756 materiem
3277 4701 3480 4752 nactus
3512 4699 3667 4749 esset

256 4789 580 4858 proferendi
637 4788 696 4843 in
747 4790 1002 4860 apricum
1045 4795 1530 4865 monstrandique
1585 4794 1877 4865 ingentem
1931 4793 2165 4848 afflatus
2227 4797 2283 4847 et
2344 4795 2544 4846 motus
2603 4790 2791 4846 sancti
2848 4790 3124 4863 Spiritus,
3177 4802 3288 4858 quo
3348 4787 3660 4850 ferebatur,

255 4879 394 4946 vim,
427 4883 484 4934 et
511 4879 889 4938 inexhaustas
923 4881 1172 4940 cmlestis
1202 4884 1493 4956 sapientiae
1523 4884 1840 4953 thesauros,
1874 4885 2090 4954 quibus
2133 4883 2417 4938 divinitus
2464 4898 2643 4953 supra
2692 4880 2836 4937 alios
2889 4896 3089 4936 omnes
3129 4874 3480 4939 cumulatus,
3521 4871 3666 4928 alios

257 4970 395 5024 item
430 4970 876 5041 collocupletare
909 4977 1123 5044 posset.

328 5059 434 5133 ιβ’.
488 5059 547 5112 Ὀ
593 5070 708 5126 μὲν,
763 5057 852 5113 οὖν
899 5062 1037 5115 πάνυ
1093 5082 1176 5115 τοι
1218 5068 1406 5117 τοῦτον
1468 5062 1910 5135 ἐκπληττόμενος

259 5148 348 5200 καὶ
379 5149 674 5219 Θαυμάζων
715 5149 849 5222 ὑπὲρ
905 5151 1106 5213 πάντας
1154 5150 1278 5212 τοὺς
1332 5149 1558 5221 ἄλλους,
1619 5153 1709 5206 καὶ
1749 5151 1908 5212 αὐτὸς

261 5235 365 5310 οὐχ
415 5240 577 5305 ἧττον
631 5233 943 5308 αντιόοᾶτο,
977 5241 1066 5294 καὶ
1135 5241 1533 5315 παραπλησίως
1589 5245 1694 5295 τῶν
1743 5242 1912 5294 παιά-

261 5345 367 5378 νων
415 5327 683 5398 μετεῖκεν,
725 5325 908 5403 ὥσπερ
965 5350 1048 5391 τις
1110 5330 1292 5392 κοινὸς
1364 5329 1650 5406 εύεργὲτης
1699 5329 1908 5404 ἀνθρώ.

339 5510 380 5545 ⁴⁶
408 5511 429 5564 Ι
454 5509 620 5568 Joan.
657 5529 742 5580 ιιι,
765 5513 820 5568 9.
933 5513 978 5546 ⁴⁷
1015 5511 1165 5568 Psal.
1199 5529 1432 5584 cxxxiii,
1464 5515 1517 5570 3.

345 5693 457 5766 (10)
495 5695 663 5766 Greg.
698 5694 835 5751 Naz.
865 5694 994 5762 621,
1024 5693 1150 5748 694.

1633 5513 1680 5548 ⁴⁸
1705 5514 1836 5581 Cor,
1867 5529 1926 5583 ι,
1955 5513 2010 5568 5.

2100 5063 2268 5118 XCII.
2301 5063 2433 5117 Jam
2469 5068 2533 5118 ut
2568 5062 2735 5117 unice
2768 5062 2827 5115 in
2859 5059 3131 5129 Gregorio
3159 5060 3359 5112 nostro
3393 5071 3507 5126 prae
3539 5052 3667 5108 aliis

2023 5152 2299 5207 omnibus
2331 5153 2549 5208 deﬁxae
2581 5152 2770 5208 Caesar
2796 5149 3067 5215 haarebat,
3100 5161 3402 5216 unumque
3421 5141 3666 5198 miraba-

2024 5246 2138 5306 tur,
2171 5241 2248 5295 ita
2280 5241 2405 5312 ipse
2448 5258 2563 5296 non
2591 5242 2784 5297 minus
2816 5236 2988 5294 claris
3019 5236 3264 5291 invicem
3298 5232 3668 5288 attollebatur

2026 5330 2351 5402 praeconiis,
2386 5330 2830 5399 cmlestiumque
2859 5328 3076 5399 pariter
3122 5324 3362 5381 laudum
3421 5335 3665 5378 consors

2127 5511 2173 5547 “
2209 5511 2362 5569 Psal.
2394 5529 2510 5575 xu.
2530 5513 2584 5567 5.
