4092 6300
391 317 505 376 311

1691 309 2084 373 THEODULI
2130 310 2483 400 nomen;

3681 310 3796 370 3l2

393 446 742 511 habebatur,
774 445 939 517 quasi
969 446 1069 516 qui
1117 446 1188 498 de
1235 447 1358 500 toto
1407 459 1616 516 genere
1664 443 1926 500 humano
1976 444 2034 499 in

2156 463 2286 508 πων,
2318 441 2407 496 καὶ
2465 445 2571 494 τῶν
2631 443 2943 514 ἁπανταχοῦ
2999 437 3214 494 πάντων
3260 439 3562 513 ταμέγιστα
3637 458 3804 512 χαρι-

394 551 704 591 commune
733 535 879 590 bene
911 533 1150 590 meritus
1172 537 1342 599 esset,
1366 533 1746 602 omniumque
1769 549 1918 604 quos
1937 549 2038 587 us-

394 641 568 698 quam
585 626 772 682 solum
793 623 1122 690 sustineret,
1143 623 1410 678 maximis
1433 623 1699 678 homines
1715 623 2036 678 ornavisset

393 715 692 773 beneﬂciis
717 732 730 782 ;
759 715 920 769 'unde
949 713 1372 784 imperatorum
1397 713 1655 768 omnium
1687 712 2036 783 augustissi-

393 821 529 861 mus
543 805 696 858 idem
710 803 1262 872 sacratissimusque
1275 800 1598 858 celebratur
1615 819 1628 855 :
1646 802 1822 872 idque
1835 818 1946 856 non
1962 801 2036 856 ob

393 909 703 950 numerum
739 893 944 963 magis,
972 897 1028 948 et
1075 891 1542 960 amplitudinem,
1575 901 1628 946 el
1669 891 2034 960 splendorem

395 999 636 1053 operum
667 993 1143 1052 tropaeorumque,
1160 982 1372 1053 quibus
1389 983 1884 1036 orbemterrarum
1908 995 2038 1034 om-

396 1072 665 1126 nifariam
687 1070 1050 1142 impleverat,
1072 1086 1258 1140 neque
1280 1071 1414 1125 item
1439 1070 1512 1124 ob
1531 1085 1655 1124 eam
1683 1086 1797 1140 qua
1818 1069 1886 1123 ad
1911 1085 2040 1124 om-

395 1161 494 1216 nia
521 1162 812 1224 utebatur,
848 1159 1379 1231 magnanimitatem
1429 1165 1601 1230 atque
1649 1158 2037 1226 clementiam,

394 1265 628 1322 unaque
658 1250 923 1304 omnium
952 1265 1090 1304 voce
1111 1264 1454 1304 concessum
1487 1249 1600 1319 ipsi
1620 1249 1896 1302 virtutum
1921 1264 2040 1302 om-

397 1341 557 1394 nium
590 1341 1004 1410 principatum,
1033 1355 1210 1409 quam
1255 1340 1401 1407 quod
1437 1355 1617 1392 unum
1651 1355 1719 1392 ex
1767 1337 2040 1392 omnibus

2148 531 2378 604 σάμενος
2431 551 2443 562 ·
2501 530 2888 605 βασιλεύτατός
2943 532 3071 604 γοῦν
3121 530 3336 583 πάντων
3387 528 3800 604 αὐτοκρατόρων

2145 620 2234 674 καὶ
2285 622 2558 683 θειότατος
2607 619 2854 674 ἐκαλεῖτο
2893 662 2904 674 .
2950 618 3016 672 οὐ
3070 615 3286 690 μᾶλλον
3333 622 3411 689 τῷ
3467 616 3668 688 πλήθει
3717 617 3805 672 καὶ

2153 710 2366 784 μεγέθει
2415 709 2506 764 καὶ
2555 707 2750 762 κάλλει
2798 711 2908 761 τῶν
2957 701 3134 781 ἔργων
3181 728 3240 762 τε
3278 707 3368 761 καὶ
3393 706 3692 779 τροπαίων,
3728 706 3799 760 ὧν

2148 801 2452 874 ἑκασταχοῦ
2511 805 2609 867 τῆς
2669 797 2996 870 οἰκουμένης
3056 795 3340 867 ἐστήσατο,
3373 795 3496 852 οὐδὲ
3545 800 3613 869 τῇ
3672 799 3806 872 πρὸς

2149 889 2356 942 ἅπαντα
2391 887 2780 964 μεγαλοψυχίᾳ
2835 907 2894 941 τε
2941 887 3032 940 καὶ
3078 886 3371 960 πραότητι,
3401 886 3491 941 καὶ
3537 891 3617 960 τῷ
3661 887 3809 962 παρὰ

2147 977 2360 1032 πάντων
2419 976 2470 1032 ἒν
2527 979 2691 1030 ἅπασι
2747 976 3219 1052 συγκεχωρηκότι,
3280 975 3316 1044 ἢ
3377 976 3458 1030 ὅτι
3516 979 3709 1030 τοῦτον
3751 977 3802 1047 ἐξ

2147 1067 2399 1122 ἀπάντων
2433 1065 2634 1132 εἷ’λετο,
2684 1063 3044 1142 δημαγωγὸν,
3077 1067 3152 1127 ὡς
3203 1064 3394 1134 εἰπεῖν,
3427 1065 3516 1121 καὶ
3559 1066 3802 1141 προστά-

2148 1178 2248 1227 την
2297 1161 2405 1212 τῶν
2448 1161 2545 1212 τοῦ
2593 1161 2728 1213 Θεοῦ
2782 1155 3122 1230 μυστηρίων,
3154 1156 3244 1210 καὶ
3295 1159 3392 1210 τοῦ
3427 1154 3672 1231 μεγάλου
3699 1162 3800 1224 τῆς

2149 1246 2482 1316 Ἐκκλησίας
2524 1247 2924 1321 πληρώματος,
2955 1245 3037 1300 ἅτ’
3085 1242 3284 1320 ἔχοντα
3335 1245 3529 1308 παντὸς
3584 1244 3798 1319 μᾶλλον

2148 1335 2560 1404 κατασκευάζειν
2591 1337 2776 1410 Κυρίῳ
2806 1360 2834 1387 ‹‹
2869 1333 3000 1390 λαὸν
3032 1333 3373 1410 περιούσιον.
3408 1357 3436 1386 ιι

397 1427 757 1498 Gregorium,
793 1428 902 1499 pias
925 1427 1108 1496 plebis
1139 1427 1587 1498 antesignanum
1619 1443 1684 1480 ac
1708 1426 2033 1488 tribunum,
2071 1431 2134 1479 ut
2164 1427 2247 1481 sic
2294 1427 2579 1496 dicamus,
2609 1427 3054 1498 divinorumque
3101 1427 3532 1498 mysteriorum,
3565 1429 3622 1480 et
3670 1441 3808 1482 am-

387 1517 643 1590 plissimi
695 1517 962 1571 Ecclesiae
1009 1522 1222 1571 ccertus
1285 1517 1631 1582 antistitem,
1681 1515 1942 1586 legisset,
2007 1531 2122 1586 quo
2175 1515 2454 1570 nimirum
2508 1517 2576 1570 ad
2632 1516 3038 1570 instruendum
3071 1515 3513 1587 parandumque
3557 1513 3806 1570 Domino

395 1626 424 1654 α
459 1605 677 1676 proprii
710 1605 917 1676 peculii
951 1608 1233 1676 p0pulum
1269 1606 1404 1676 (10),
1438 1626 1466 1654 ››
1501 1603 1656 1659 haud
1725 1603 1874 1659 alius
1904 1605 2093 1676 aptior
2124 1605 2428 1676 reperitur.

421 1741 427 1748 .
463 1695 649 1752 XCIII.
683 1695 836 1750 Inter
867 1696 987 1750 hinc
1017 1695 1332 1751 concilium
1372 1700 1605 1750 centum
1635 1699 1693 1750 et
1742 1694 2039 1767 quinqua-

396 1786 558 1858 ginta
589 1785 994 1856 episcoporum
1027 1801 1094 1840 ex
1137 1786 1316 1841 omni.
1352 1785 1490 1840 Asia
1519 1786 1796 1840 adversus
1847 1784 2042 1840 Mace-

2223 1692 2334 1769 ιιΓκ
2395 1693 2722 1768 ’Δρχιερέων
2796 1693 2979 1765 μέντοι
3053 1694 3390 1763 πεντήκοντα
3481 1693 3616 1767 πρὸς
3690 1696 3809 1756 τοῖς

2151 1781 2358 1850 ἑκατὸν,
2433 1781 2482 1854 ἐξ
2570 1781 2672 1857 ἄρα
2741 1783 2920 1852 πάσης
2996 1781 3176 1844 ’Λσίας
3252 1782 3388 1837 κατὰ
3473 1778 3806 1838 Μακεδονίου

395 1877 638 1931 donium
660 1882 948 1943 coactum,
973 1874 1514 1945 Constantinopolin
1535 1875 1880 1946 occupabat,
1908 1891 2041 1945 prae-

2156 1870 2351 1941 ιῷτότε
2407 1873 2507 1938 τὴν
2567 1871 2968 1926 Κωνσταντίνου
3025 1869 3465 1944 κατειληφότων,
3507 1871 3581 1925 ὧν
3627 1871 3656 1924 ὁ
3690 1873 3806 1925 Ἀν-

397 1963 522 2019 side
557 1963 806 2030 Meletio,
839 1965 1276 2036 archiepiscopo
1323 1963 1704 2030 Antiocheno,
1737 1964 1858 2018 viro
1905 1978 2038 2018 cum

397 2053 530 2109 aliis
563 2054 734 2108 rebus
766 2055 1041 2122 maximo,
1077 2061 1200 2110 tum
1252 2071 1396 2126 quas
1446 2071 1549 2126 pro
1600 2054 1806 2124 pietate
1865 2060 2040 2126 atque

395 2142 675 2213 religione
705 2146 1066 2200 sustinuerat
1099 2143 1594 2210 dimicationibus,
1622 2143 1676 2196 in
1703 2143 1910 2214 primis
1933 2158 2038 2196 no-

396 2230 542 2296 bili;
575 2236 769 2302 patres
801 2233 1002 2303 igitur,
1025 2235 1176 2304 quod
1211 2232 1476 2287 Ecclesiae
1509 2229 2037 2300 Constantinopoli-

396 2325 548 2375 tanae
579 2321 965 2390 patrocinium
999 2320 1435 2376 sanctissimum
1470 2320 1659 2374 virum
1689 2320 1808 2389 jam
1839 2335 2038 2373 susce-

396 2408 556 2478 pisse
585 2409 866 2475 viderent,
897 2419 951 2464 et
983 2415 1123 2480 quot
1147 2410 1468 2481 qualesque
1492 2408 1652 2464 illius
1683 2425 1861 2464 causa
1885 2407 2041 2462 labo-

401 2513 492 2552 res
520 2513 584 2550 ac
615 2497 955 2552 discrimina
987 2499 1338 2568 pertulisset,
1373 2503 1431 2552 et
1461 2499 1615 2568 quod
1651 2497 1893 2551 haeresin
1927 2513 2039 2552 om.-

377 2601 531 2641 .nem
551 2585 835 2642 fundibus
859 2586 1123 2654 delesset,
1143 2593 1504 2658 compertum
1531 2587 1832 2652 haberent,
1861 2587 2038 2641 simul

393 2675 532 2730 item
565 2671 928 2746 eloquentiae,
959 2681 1016 2730 et
1045 2692 1187 2730 verte
1209 2678 1482 2731 doctrina:
1506 2679 1582 2742 et,
1606 2681 1670 2730 ut
1689 2676 1860 2732 verbo
1883 2692 2040 2730 com-

395 2762 638 2834 plectar,
672 2780 773 2834 per
802 2764 1050 2835 pulchra
1089 2765 1284 2819 omnia
1314 2764 1658 2835 pertinentis
1707 2764 1898 2828 laudis
1931 2781 2042 2820 no-

306 2841 310 2846 ’
397 2853 575 2922 mine,
607 2853 908 2910 hominem
955 2855 1364 2926 suspicientes,
1397 2854 1763 2926 imperatoris
1814 2855 1884 2910 de
1914 2855 2041 2924 ipso

397 2941 764 3014 suffragium,
809 2944 965 2998 velut
1009 2944 1104 2998 Dei
1156 2943 1326 3014 plane
1375 2943 1740 3015 suﬁ‘ragium,
1775 2948 1928 2998 recte
1976 2959 2042 2998 ac

399 3030 606 3086 merito
637 3031 837 3086 itidem
855 3033 1336 3102 comprobabant,
1351 3031 1409 3086 th
1420 3048 1743 3102 ronumque
1760 3031 2038 3097 huncipsi

399 3118 596 3174 deberi
627 3136 860 3175 summo
890 3121 1082 3176 studio
1113 3122 1516 3176 decernebant.
1551 3121 1666 3192 Ego
1699 3136 1826 3175 vero
1869 3121 2038 3175 etiam

2142 1959 2393 2034 τιυχείας
2452 1959 2716 2022 Μελὲτιος
2773 1958 3040 2036 ἐξηγεῖτο,
3099 1959 3234 2031 ἀνὴρ
3287 1961 3596 2033 θαυμαστὸς
3641 1960 3709 2014 τά
3746 1979 3803 2014 τε

2145 2047 2315 2120 ἄλλα,
2345 2051 2436 2104 καὶ
2489 2047 2555 2120 δὴ
2586 2051 2676 2104 καὶ
2723 2049 2848 2112 τοὺς
2892 2051 3024 2124 ὑπὲρ
3075 2045 3347 2111 εὐσεϐείας
3391 2049 3601 2126 ἀγῶνας
3651 2047 3801 2122 εἶ’περ

2143 2160 2228 2201 τις
2266 2141 2569 2214 περιφανής
2605 2160 2616 2171 ·
2652 2139 2804 2194 οὗτοι
2832 2140 3012 2194 τοίνυν
3043 2139 3157 2192 ἐπεὶ
3182 2141 3281 2204 τῆς
3305 2137 3633 2206 Ἐκκλησίας
3665 2158 3798 2214 προ-

2146 2223 2486 2299 ϐεϐλημένον
2518 2225 2662 2282 εἶδον
2693 2228 2782 2282 τὸν
2817 2229 2990 2302 ἅγιον,
3022 2227 3110 2282 καὶ
3143 2229 3304 2291 ὅσους
3341 2227 3430 2281 καὶ
3466 2225 3618 2290 οἵους
3667 2227 3798 2302 ὑπὲρ

2145 2318 2315 2386 αὐτῆς
2347 2317 2546 2379 πόνους
2589 2317 2680 2371 καὶ
2724 2315 3005 2380 κινδύνους
3047 2317 3281 2388 ὑπάστη,
3310 2316 3400 2372 καὶ
3443 2317 3516 2378 ὡς
3554 2315 3801 2371 καθεῖλεν

2146 2405 2354 2461 ἅπασαν
2415 2404 2612 2481 α’ίρεςιν
2665 2403 2926 2481 ἔγνωσαν,
2997 2407 3369 2479 θαυμάσαντες
3444 2409 3634 2461 τοῦτον
3708 2405 3803 2461 καὶ

2145 2495 2324 2572 λόγων
2350 2495 2438 2570 κρὶ
2471 2497 2670 2570 ἀρετῆς
2701 2495 2790 2550 καὶ
2831 2493 3146 2570 δογμάτων,
3178 2496 3268 2550 καὶ
3310 2499 3407 2550 τοῦ
3455 2492 3544 2550 διὰ
3584 2497 3803 2550 πάντων

2148 2585 2221 2646 ὡς
2281 2584 2474 2651 εἰπεῖν,
2532 2584 2785 2654 ἥκοντος,
2841 2586 2942 2654 τήν
2983 2605 3042 2639 τε
3088 2589 3190 2638 τοῦ
3235 2583 3508 2660 βασιλέως
3533 2583 3620 2638 καὶ
3653 2583 3806 2638 οὗτοι

2145 2675 2267 2747 περὶ
2321 2672 2480 2728 αὐτὸν
2533 2674 2589 2728 εὖ
2639 2677 2917 2736 ποιοῦντες
2961 2671 3318 2748 ἐκρατύναντο
3365 2675 3566 2749 ψῆφον,
3608 2672 3684 2732 ὡς
3737 2669 3804 2739 δὴ

2147 2765 2280 2816 Θεοῦ
2329 2766 2510 2840 ψῆφον
2561 2760 2807 2836 ἄντικρυς
2855 2761 3038 2832 οὖσαν,
3083 2763 3175 2816 τόν
3225 2782 3281 2816 τε
3331 2762 3520 2837 θρόνον
3581 2758 3807 2838 ὀφείλε-

2148 2853 2266 2905 σθαι
2299 2852 2351 2905 o't
2384 2852 2530 2924 μάλα
2563 2850 2835 2925 λαμπρῶς
2879 2850 3220 2908 διετείναντο.
3256 2851 3400 2924 Ἐγὼ
3432 2848 3489 2905 δὲ
3518 2851 3608 2905 καὶ
3639 2849 3803 2904 τοῦτο

2151 2939 2321 3014 λέγω,
2361 2943 2560 3004 παντὸς
2619 2940 2831 3013 μᾶλλον
2883 2939 3146 3009 ἀληθείας
3206 2943 3457 3015 μετέχον,
3514 2938 3602 2993 καὶ
3649 2937 3802 3011 μάλα

2149 3033 2270 3092 ταίς
2309 3031 2622 3105 πράγμασιν
2672 3031 2938 3104 ἀποχρῶν
2988 3048 3000 3060 ·
3055 3029 3149 3097 ὡς,
3202 3031 3247 3082 εἱ
3293 3026 3382 3084 ἕνα
3431 3025 3598 3101 ἄνδρα
3646 3027 3799 3084 Ἀσία

2151 3117 2243 3170 καὶ
2271 3114 2364 3172 ἕνα
2394 3115 2560 3191 ἄνδρα
2588 3113 2762 3188 Λιϐύη
2803 3139 2863 3172 τε
2891 3119 2980 3173 καὶ
3032 3118 3266 3192 Εὐρώπη
3315 3121 3566 3172 τοιοῦτον
3615 3111 3799 3190 ἔσχή-

400 3209 556 3264 naud
587 3210 897 3266 dubitarim
929 3211 1243 3276 afﬁrmare,
1276 3212 1332 3265 id
1371 3213 1525 3281 quod
1568 3210 1738 3281 longe
1789 3213 2040 3281 proiecto

2156 3227 2298 3269 κασι,
2345 3207 2436 3262 καὶ
2479 3206 2622 3262 οὕτω
2692 3205 3041 3276 παντοδαπῆς
3097 3207 3293 3282 ἀρετῆς
3346 3204 3566 3262 εἷσάπαν
3628 3203 3798 3276 ἰόντα,

403 3298 665 3352 omnium
698 3299 945 3354 maxime
976 3299 1233 3354 veritatis
1285 3299 1570 3369 particeps
1601 3305 1711 3364 est,
1753 3301 2046 3369 rebusque

396 3385 544 3456 ipsis
573 3403 746 3459 quam
780 3389 999 3459 Optime
1050 3390 1382 3460 respondet,
1431 3389 1734 3455 nimirum,
1766 3387 1815 3443 si
1861 3405 2044 3443 unum

401 3474 754 3542 ejuscemodi
785 3474 976 3528 virum
1009 3475 1164 3541 Asia,
1200 3490 1380 3528 unum
1417 3475 1551 3529 item
1587 3475 1773 3528 Africa
1833 3480 1888 3529 et
1926 3474 2048 3528 Eu-

2155 3292 2266 3350 οὕτ⁷
2313 3295 2374 3350 ἂν
2422 3293 2744 3366 οὐδητισοῦν
2792 3295 3002 3370 α’ίρεσις
3051 3297 3366 3370 τοπαράπαν
3413 3294 3660 3364 συνέστη,
3705 3295 3798 3349 καὶ

2154 3385 2348 3447 πάντες
2399 3387 2614 3446 πάντως
2663 3385 2858 3461 ἀρετῆς
2916 3387 3054 3455 ἦσαν
3103 3391 3348 3460 τεχνῖται
3404 3384 3494 3440 καὶ
3541 3388 3637 3440 τοῦ
3665 3385 3803 3439 κατὰ

2157 3475 2343 3550 ψυχὴν
2374 3470 2690 3546 εὐδοκίμου.

397 3577 538 3640 ropa
571 3562 916 3618 habuissent
943 3563 1082 3634 (10),
1112 3570 1170 3618 et
1201 3562 1297 3634 qui
1346 3563 1486 3618 adeo
1546 3565 1794 3633 perfecte
1839 3579 2044 3618 omnes
2093 3567 2282 3618 omnis
2330 3565 2557 3620 virtutis
2606 3581 2876 3620 numeros
2929 3566 3245 3636 implesset,
3279 3566 3498 3620 nullam
3547 3579 3803 3634 usquam

399 3651 751 3706 coorituram
781 3651 966 3706 fuisse
997 3652 1287 3720 haeresim,
1321 3667 1634 3723 omnesque
1664 3653 1902 3707 omnino
1948 3651 2206 3718 virtutis,
2257 3656 2498 3724 ejusque
2542 3669 2671 3724 quae
2730 3655 2802 3709 ad
2849 3655 3108 3710 animam
3161 3658 3408 3710 refertur
3455 3653 3674 3727 gloriae,
3709 3668 3807 3725 pe-

408 3741 723 3797 ritissimos
753 3743 983 3797 futuros
1015 3743 1288 3798 cultores.

476 3835 673 3891 XCIV.
708 3833 1218 3891 Verumenimvero
1251 3834 1498 3902 nullum,
1520 3835 1744 3890 invidia
1777 3835 2049 3907 pestilen-

402 3923 523 3979 tius
553 3941 682 3980 esse
713 3941 841 3980 reor
869 3925 1179 3996 ﬂagitium,
1213 3941 1344 3996 quae
1373 3925 1646 3994 quidquid
1689 3924 1964 3980 decorum
1995 3930 2052 3978 et

403 4013 680 4070 eximium
712 4020 990 4086 perpetuo
1027 4015 1268 4081 invadit,
1303 4022 1475 4084 atque
1502 4015 1794 4069 neminem
1821 4015 2050 4082 penitus

407 4100 739 4157 mortalium
769 4103 1068 4158 excellenti
1099 4105 1285 4174 gloria
1316 4103 1426 4158 frui
1459 4104 1636 4170 sinit;
1667 4119 1792 4172 quas
1825 4108 2046 4156 tantum

402 4189 488 4244 illi
517 4191 713 4258 etiam,
747 4191 844 4262 qui
866 4191 1050 4260 ipsam
1065 4191 1258 4258 habet,
1293 4192 1496 4262 objicit
1519 4193 1800 4258 furorem,
1829 4195 1895 4244 ut
1910 4191 2048 4245 alie-

404 4295 539 4334 nam
573 4279 906 4335 felicitatem
939 4297 1102 4336 suam
1133 4281 1421 4336 existimet
1459 4279 2005 4336 essecalamitatem
2035 4295 2048 4332 ε

403 4375 528 4424 tum
554 4385 684 4424 vero
715 4369 991 4424 secundis
1024 4386 1150 4426 esse
1191 4370 1320 4424 vehi
1364 4370 1570 4436 ventis,
1602 4370 1650 4426 si
1707 4368 1856 4424 alius
1887 4369 2051 4440 quis-

405 4458 561 4529 piam
594 4457 869 4514 adversos
899 4459 1132 4524 sentiat,
1165 4461 1314 4530 quod
1341 4459 1388 4513 si
1408 4475 1564 4514 vanae
1596 4459 1792 4530 glorias
1819 4457 2051 4528 cupidi-

408 4555 584 4602 tatem
619 4547 793 4603 homo
823 4548 1176 4617 adjunxerit,
1207 4547 1561 4614 inconsulta,
1594 4546 1904 4618 nullosque
1933 4545 2050 4602 exi-

406 4641 502 4692 tus
518 4642 842 4706 repertura,
859 4652 1006 4691 casco
1020 4637 1172 4690 idem
1189 4638 1408 4709 impetu
1423 4636 1614 4704 audet,
1629 4633 2048 4690 etindomitam

409 4726 580 4797 plane
613 4721 834 4780 malum
867 4731 976 4793 est,
1000 4726 1229 4797 quando
1259 4725 1414 4780 enim
1457 4727 1599 4780 satis
1633 4742 1729 4796 per
1770 4740 1831 4779 se
1878 4738 2049 4794 grave

412 4815 758 4871 utrumlibet
787 4815 992 4870 vitium
1015 4824 1122 4884 est,
1149 4815 1281 4885 quid
1307 4815 1376 4870 de
1395 4815 1622 4884 junctis
1644 4811 2052 4885 copulatisque

410 4907 764 4960 censendum
787 4903 814 4958 ?
837 4903 1006 4975 quale
1029 4903 1308 4974 quiddam
1333 4909 1388 4958 et
1417 4903 1510 4958 hic
1531 4902 1846 4958 accidebat.
1875 4901 2053 4972 Quip-

413 5013 482 5068 pe
513 4999 759 5072 Egyplii
793 4997 1029 5070 quidam
1062 5002 1121 5053 et
1150 4996 1490 5051 Macedones
1529 4995 1810 5066 episCOpi,
1842 4994 1942 5064 qui
1975 4992 2056 5048 rei

407 5087 528 5157 jam
561 5089 725 5142 dictae
755 5088 962 5156 gratia,
988 5093 1119 5158 post
1147 5085 1484 5154 Asiasticos,
1507 5082 2054 5154 Constantinopolin

416 5177 699 5246 adierant,
730 5176 956 5232 levicuh
979 5177 1150 5247 plane
1179 5176 1609 5244 contemptique
1633 5173 1929 5241 homines,
1951 5187 2062 5240 qua

417 5267 702 5331 doctrina,
733 5283 852 5337 qua
897 5266 1162 5322 moribus
1219 5264 1681 5336 actionibusque,
1729 5262 1826 5334 qui
1879 5261 2065 5316 nihil-

417 5372 532 5426 que
563 5372 800 5426 prorsus
832 5356 1001 5412 titulo
1033 5373 1136 5412 suo
1169 5357 1416 5426 dignum
1457 5356 1734 5410 haberent
1767 5366 1782 5406 :
1828 5350 1890 5406 hi
1937 5367 2056 5408 non

486 5499 534 5536 ⁵ο
558 5499 671 5558 Tit.
707 5517 772 5570 II,
805 5501 892 5563 14.

489 5631 603 5705 (10)
633 5630 1062 5687 Adumhratum
1094 5647 1162 5688 ex
1208 5632 1503 5689 Demosth.
1536 5634 1610 5689 De
1652 5646 1874 5702 corona,
1907 5628 2029 5684 195.

2231 3833 2345 3911 ίεΔἍ
2394 3834 2578 3890 Ἀλλὰ
2623 3837 2725 3910 γάρ
2779 3835 3068 3910 βασκανίας
3116 3832 3269 3890 οὐδὲν
3314 3831 3612 3909 δεινότερον
3655 3835 3812 3906 οἶμαι

2158 3927 2265 3976 τῶν
2318 3925 2561 3996 πάντων,
2588 3930 2704 3986 τοῖς
2754 3925 2848 3995 μὲν
2894 3923 3086 3986 καλοῖς
3135 3923 3499 3998 ἐπιφυομὲνης
3543 3923 3650 3993 ἀεὶ,
3681 3927 3813 3979 θαυ-

2163 4012 2420 4083 μάζεσθαι
2481 4012 2536 4068 δὲ
2615 4011 2975 4086 μηδοντινοῦν
3054 4015 3371 4088 τοπαράπαν
3441 4011 3808 4088 ἀνεχομένης,

2161 4100 2304 4156 ἁλλὰ
2349 4104 2436 4158 καὶ
2489 4105 2756 4174 τοσαύτην
2804 4103 3145 4176 ἐμποιούσης
3187 4107 3268 4175 τῷ
3327 4103 3648 4174 κεκτημένῳ
3701 4124 3812 4175 μα-

2158 4192 2300 4260 νίαν,
2332 4193 2406 4254 ὼς
2434 4193 2534 4260 τὴν
2571 4191 2664 4264 μὲν
2712 4191 2964 4268 εὐτυχίαν
3017 4193 3223 4262 ἑτερου,
3259 4189 3550 4266 δυστυχίαν
3602 4191 3806 4246 οἰκείαν

2160 4288 2404 4358 νομίζειν
2437 4304 2450 4316 ι
2483 4283 2538 4336 εὗ
2572 4281 2618 4336 δ’
2645 4282 2814 4351 αὐτην
2851 4283 2986 4336 πάνυ
3035 4303 3121 4338 τοι
3165 4281 3441 4357 πράσσειν,
3484 4281 3570 4335 ἐὰν
3629 4283 3807 4336 ὁστισ·

2161 4377 2251 4427 οῦν
2313 4369 2556 4446 δυστυχῇ
2591 4391 2604 4404 ·
2661 4370 2787 4425 ὅταν
2844 4368 2901 4426 δὲ
2946 4372 3036 4426 καὶ
3091 4367 3394 4444 κενοδοξίαν
3462 4371 3490 4425 ὁ
3564 4374 3812 4431 τοιοῦτος

2159 4458 2472 4538 προσλάϐῃ,
2505 4463 2532 4515 ὁ
2585 4459 2640 4515 δὲ
2681 4461 2768 4516 καὶ
2814 4465 2932 4521 τοῖς
2975 4460 3263 4530 ἀνηνύτοις
3309 4457 3567 4530 ἐπιπηδᾶ,
3598 4461 3693 4513 καὶ
3721 4481 3817 4514 κα-

2157 4553 2249 4606 κὸν
2309 4549 2526 4624 ἄμαχόν
2577 4551 2757 4604 ἐστιν’
2809 4549 2946 4603 ὅπου
2995 4551 3098 4623 γὰρ
3147 4550 3232 4604 καὶ
3293 4548 3502 4604 τούτων
3555 4547 3811 4622 ἑκάτερον

2157 4641 2274 4694 καθ’
2311 4640 2468 4694 ἑαυτὸ
2508 4637 2786 4713 δυσχερὲς.
2845 4639 2898 4693 τί
2955 4635 3038 4692 δεῖ
3064 4637 3155 4692 τὸν
3216 4635 3552 4710 συνδυασμὸν
3600 4636 3811 4691 τούτων

2159 4729 2447 4804 νομίζειν;
2494 4728 2683 4783 ὁποῖόν
2737 4749 2789 4782 τι
2845 4727 3119 4782 κάνταῦθα
3170 4725 3466 4796 ξυνέπεσεν.
3521 4724 3812 4802 Αἰγύπτιοι

2160 4819 2259 4893 γάρ
2317 4839 2456 4880 τινες
2512 4817 2602 4872 καὶ
2653 4813 2953 4877 Μακεδόνες
3004 4815 3315 4886 ἐπίσκοποι,
3375 4812 3444 4869 δι’
3502 4815 3634 4889 ἅπερ
3677 4813 3812 4894 ἔφην

2162 4908 2408 4976 ἐνταῦθα,
2439 4907 2530 4962 καὶ
2579 4905 2728 4960 οὗτοι
2779 4907 2912 4979 μετὰ
2970 4904 3098 4968 τοὺς
3161 4903 3442 4966 Ἀσιανοῦς
3496 4905 3810 4979 ἀφιγμένοι,

2163 4997 2434 5071 ἅνθρωποι
2498 4995 2753 5071 βάναυσοί
2798 5015 2960 5068 τινες,
3019 4995 3108 5050 καὶ
3167 4993 3328 5071 λόγον
3383 4994 3474 5048 καὶ
3531 4993 3666 5062 ἦθος
3718 4995 3810 5048 καί

2161 5088 2376 5162 πρᾶξιν,
2427 5087 2517 5140 καὶ
2579 5083 2747 5160 μηδὲν
2808 5084 2953 5146 ὅλως
3022 5083 3168 5154 ἄξιον
3247 5086 3342 5138 τοῦ
3413 5083 3808 5158 προσρήματος

2162 5170 2411 5252 ἔχοντες,
2442 5175 2506 5229 οὐ
2541 5173 2753 5246 μᾶλλον
2791 5173 3172 5248 βασκαίνοντες
3207 5173 3510 5248 Γρηγορίῳ,
3542 5173 3577 5242 ἢ
3610 5172 3690 5225 δνι
3724 5173 3803 5245 μὴ

2165 5268 2491 5342 συμψήφους
2540 5263 2624 5318 ἐπ’
2675 5263 2822 5336 αὐτῷ
2870 5262 2957 5318 καὶ
3006 5260 3232 5323 τούτους
3282 5255 3622 5337 προσᾶλαὸον
3666 5261 3719 5314 οἱ
3745 5259 3808 5316 ἐκ

2163 5363 2263 5424 τῆς
2315 5355 2523 5425 Ἀσίας,
2555 5354 2617 5410 οὐ
2680 5355 2888 5428 μικρῶς
2943 5349 3354 5428 δυσχεράνατες,
3415 5349 3448 5404 ἃ
3507 5350 3584 5424 μὴ
3672 5369 3809 5426 προ-
