4092 6300
277 372 373 431 313

1280 380 1678 440 LAUDATIO
1723 379 1785 440 S.
1831 381 2198 443 GREGORII
2245 379 2651 441 THEOLOGI.

3549 381 3667 441 314

277 509 380 569 ἧκεν
405 523 417 534 ·
451 502 497 557 ὦ
529 502 656 574 δίκη
695 505 783 560 καῖ
814 508 974 578 νόμοι
1004 509 1092 561 καὶ
1125 508 1297 562 πάντα
1351 507 1643 582 βλέποντες
1693 509 1898 586 ὀφθαλ-

2019 515 2339 570 invidcntia
2365 514 2543 582 magis
2575 514 2848 568 adversus
2879 511 3217 582 Gregorium
3276 512 3439 578 moti,
3487 527 3659 580 quam

278 594 357 663 μοὶ
415 599 513 648 τοῦ
574 600 711 649 Θεοῦ
760 594 1183 669 καταψεύδονται
1233 603 1329 652 τοῦ
1381 601 1558 669 ἁηίου,
1607 602 1909 675 τρισεπί-

272 700 500 734 σκοπον
541 682 948 745 ἀποκαλοῦντες
989 687 1180 739 τοῦτον
1209 687 1296 740 καὶ
1348 685 1448 741 υὺκ
1487 686 1727 762 εὐλόγως
1781 685 1908 742 ουδὲ

269 777 554 832 κανονικῶς
595 774 826 842 ταυτησί
874 781 972 842 τῆς
1021 771 1280 848 καθέδρας
1334 775 1759 849 ἐπειλημμένον.
1797 777 1910 832 Σα-

270 862 527 931 σιμα,καῖ
571 863 895 931 Ναζιανζὸν.
939 864 1024 917 καὶ
1083 864 1387 933 Βυζάντιον,
1437 867 1522 919 καὶ
1574 868 1640 920 τὰ
1686 871 1908 921 τοιαῦτα

271 948 554 1021 ληροῦντες
584 970 597 982 ⁸
633 974 705 1004 ων
750 957 847 1006 τοῦ
892 957 985 1024 μὲν
1027 954 1248 1026 πρώτου
1289 955 1377 1008 καὶ
1416 953 1733 1010 τελευταίου
1774 960 1906 1011 κατὰ

268 1038 382 1099 τοὺς
425 1040 611 1112 ἱεροὺς
657 1037 856 1112 τῳὸντι
898 1042 1170 1114 θεσμοόςσ
1217 1047 1321 1098 τῶν
1377 1044 1554 1116 μέντοι
1598 1048 1908 1117 Ναζιανζη-

269 1131 383 1193 νῶν,
419 1124 532 1181 οὔτ’
577 1126 794 1190 οὐδενὸς
834 1131 1080 1184 τοιούτον
1130 1133 1228 1198 τήν
1270 1131 1447 1207 ἀρχὴν
1500 1154 1904 1209 προσκεχωρη-

267 1215 434 1283 κότος,
483 1217 576 1270 καὶ
622 1224 723 1286 τῆς
781 1227 1048 1292 πατρικῆς
1109 1222 1346 1295 ἀνάγκης
1401 1221 1576 1276 εἶ’νεκα
1619 1223 1862 1298 προῦστη
1891 1243 1901 1254 ·

269 1307 403 1378 γήρᾳ
433 1326 492 1359 τε
531 1306 624 1360 καὶ
666 1311 832 1379 νόσῳ,
882 1310 970 1363 καὶ
1020 1309 1298 1370 πλείστοις
1351 1312 1497 1372 ὅσοις
1543 1309 1904 1384 ἀπειρηκότος

269 1390 499 1455 δεινοῖς’
562 1397 654 1448 καὶ
713 1398 934 1469 προσέτι
1013 1399 1514 1470 παλαμναιοταταις
1594 1401 1753 1455 αὐτὸν
1814 1425 1906 1455 συ-

265 1483 490 1556 σχόντος
559 1485 762 1556 ἀραῖς’
833 1484 907 1539 ’ἕν’
965 1485 1150 1556 ἐπειδὴ
1223 1489 1484 1560 Κασίμοις
1565 1493 1742 1562 μένειν
1810 1493 1907 1544 οὐκ

263 1569 451 1638 ἔπειθε,
511 1570 958 1630 συναντιλάϐοιτο
1008 1582 1139 1652 γοῦν
1178 1579 1328 1649 αὐτῷ
1365 1583 1462 1631 τοῦ
1515 1580 1776 1651 ποιμνίου
1817 1581 1902 1634 καί

259 1669 349 1729 τῆς
381 1667 480 1715 τοῦ
515 1661 651 1716 λαοῦ
682 1666 1034 1736 προστασίας,
1067 1667 1154 1720 καὶ
1207 1672 1312 1721 τῶν
1345 1665 1397 1720 ἓν
1427 1669 1639 1729 τούτοις
1688 1669 1906 1747 φροντί-

265 1745 364 1803 ὅων
426 1755 716 1822 κοινωνὸς,
764 1749 869 1814 ἕως
921 1753 978 1808 ἂν
1027 1759 1186 1828 περιῇ
1219 1756 1514 1826 κατασταίη
1547 1777 1557 1788 ·
1614 1757 1816 1813 ἐκείνου
1848 1756 1904 1812 δὲ

263 1838 681 1914 μετηλλαχότος
727 1843 817 1895 τὸν
865 1843 1005 1914 βίον,
1059 1845 1112 1897 οἴ
1161 1844 1220 1898 ἃν
1263 1847 1423 1899 αὐτὸν
1453 1847 1516 1900 τὸ
1565 1849 1664 1914 τῆς
1716 1849 1900 1920 ψυχῆς

264 1929 581 2002 αἱρούμενον
617 1928 724 2005 ἄγῃ
737 1977 749 1999 ,
785 1932 997 2005 χωροίη
1009 1976 1020 1988 .

2016 605 2169 673 quod
2206 606 2259 656 in
2319 603 2416 657 illo
2448 600 3256 670 conﬁrmandononipsorum
3291 601 3427 655 item
3459 601 3662 656 suffra-

2014 693 2265 764 gatorics
2295 692 2550 746 calculos
2583 690 2820 745 Asiatici
2858 689 3149 744 antistites
3172 689 3656 761 assumpsissent,

2015 783 2168 836 haud
2229 781 2593 837 mediocriter
2641 780 3092 842 stomachantes,
3140 780 3210 832 de
3258 784 3458 834 sancto
3517 780 3660 847 viro,

2016 889 2141 943 quae
2167 872 2406 926 minime
2437 872 2494 924 in
2522 870 2684 924 illum
2705 873 3056 939 quadrarent
3077 869 3381 938 :ojustitia
3404 873 3459 924 et
3480 868 3661 940 lege,

2017 965 2072 1014 et
2103 964 2310 1016 cuncta
2341 963 2678 1015 contuentes
2721 959 2816 1012 Dei
2859 957 3039 1012 oculi!
3071 957 3412 1012 eﬂutiebant
3436 956 3663 1012 mendi-

2017 1050 2128 1112 cia,
2163 1050 2548 1119 tripontiﬁcem
2583 1047 2860 1102 nimirum
2914 1047 3246 1113 vocitantes,
3281 1047 3452 1118 quive
3500 1044 3660 1100 nullo

2020 1139 2168 1194 bono
2194 1140 2350 1208 jure,
2386 1155 2489 1193 nec
2520 1137 2819 1205 canonice,
2856 1137 3003 1190 hanc
3033 1135 3221 1205 ipsam
3256 1135 3657 1206 occupavisset

2018 1229 2378 1292 cathedram,
2412 1227 2662 1293 Sasima,
2687 1232 2744 1280 et
2791 1225 3140 1279 Nazianzum
3187 1229 3244 1279 et
3291 1224 3658 1295 Byzantium,

2017 1321 2068 1370 et
2102 1317 2217 1371 alia
2249 1318 2302 1368 id
2337 1333 2520 1386 genus
2553 1317 2895 1385 garrientes,
2919 1329 3249 1386 quanquam
3287 1313 3542 1384 primum
3569 1311 3664 1366 ille

2021 1417 2492 1476 postremumque
2524 1405 2760 1459 omnino
2781 1403 3202 1474 pontificatum,
3221 1403 3544 1456 secundum
3571 1419 3662 1455 sa-

2017 1511 2112 1548 cra
2145 1495 2410 1549 Ecclesiae
2438 1494 2688 1554 decreta,
2724 1493 2832 1548 rite
2855 1497 3202 1562 susceperat.
3235 1493 3660 1546 Nazianzenum

2015 1587 2227 1649 autem,
2262 1589 2320 1638 et
2348 1585 2497 1654 quod
2535 1598 2704 1637 nemo
2746 1582 2891 1636 satis
2949 1582 3186 1636 idoneus
3236 1596 3368 1635 mox
3416 1594 3661 1633 vacuum

2017 1672 2237 1740 adibat,
2271 1677 2329 1727 et
2360 1677 2530 1726 antea
2563 1677 2814 1742 paterna:
2848 1670 3211 1725 necessitatis
3233 1685 3428 1734 causa,
3450 1667 3663 1722 vicaria

2015 1777 2208 1832 opera,
2240 1762 2616 1834 gubernarat.
2656 1761 2880 1814 Etenim
2931 1766 3087 1832 pater
3147 1763 3410 1828 provecta
3459 1772 3660 1811 senec-

2013 1855 2159 1916 tute,
2195 1867 2346 1922 aagrc
2379 1865 2640 1921 corpore,
2671 1860 2728 1904 et
2778 1849 3104 1904 innumeris
3146 1851 3429 1919 praeterea
3486 1843 3661 1899 malis

2008 1943 2329 2009 quassatus
2349 1937 2548 1993 adhac
2578 1937 2945 2008 gravissimis
2968 1934 3148 1990 tilium
3163 1932 3658 1990 exsecrationibus

257 2021 522 2086 devinxit,
557 2027 621 2075 ut
643 2024 878 2092 quando
910 2024 1152 2080 Sasimis
1180 2041 1476 2080 remanere
1523 2027 1629 2097 ipsi
1671 2029 1727 2081 in
1779 2028 2042 2083 animum
2094 2029 2368 2083 inducere
2427 2028 2726 2098 nequibat,
2764 2025 2984 2094 junctis
3043 2041 3240 2080 secum
3299 2024 3510 2094 cperis,
3542 2023 3663 2078 suis

259 2112 433 2182 gregis
477 2111 799 2183 pcpulique
835 2115 1071 2170 tutelam
1104 2117 1444 2188 susciperet,
1480 2118 1726 2188 sibique,
1760 2119 1900 2174 dum
1934 2119 2052 2173 vita
2077 2124 2353 2183 maneret,
2388 2134 2658 2173 curarum
2715 2117 3102 2187 laborumque
3143 2116 3336 2172 socius
3384 2120 3442 2170 et
3490 2115 3657 2184 adju-

263 2210 331 2254 tor
365 2207 529 2256 esset
559 2220 574 2265 ;
601 2218 718 2272 qua
749 2203 845 2258 ubi
879 2207 1283 2273 concessisset,
1309 2207 1418 2262 iret
1445 2223 1605 2274 sane,
1631 2224 1742 2278 quo
1765 2207 1931 2264 illum
1963 2223 2194 2277 cunque
2223 2207 2403 2261 animi
2434 2207 2688 2278 impetus
2721 2206 2913 2261 ferret.

318 2289 421 2363 ιβ’.
456 2290 598 2350 Τοὺς
654 2290 748 2360 μὶν
799 2291 896 2344 οὗν
944 2286 1087 2366 ἔχων
1137 2293 1348 2369 ἐλέγξαι
1398 2294 1488 2349 καὶ
1535 2295 1890 2373 καταισχύναι

262 2377 333 2428 καὶ
362 2375 556 2450 δεῖξαι,
590 2380 728 2432 κατὰ
761 2380 821 2433 τὸ
854 2378 979 2441 ἔπος
1002 2401 1019 2418 ο
1054 2408 1080 2433 ‹‹
1113 2382 1509 2458 Παγγλωσσίας
1529 2384 1762 2459 κόρακας
1795 2383 1890 2448 ὥς,

270 2463 476 2536 iugata
509 2467 818 2541 γαρόοντας
860 2471 981 2530 Διὸς
1031 2473 1168 2543 πρὸς
1198 2469 1398 2546 ὄρνιχα
1440 2474 1604 2528 θεῖον.
1645 2499 1664 2523 ι
1700 2475 1761 2527 τὸ
1797 2475 1888 2545 μὲν

268 2555 354 2607 οὐκ
400 2556 672 2628 ἠξίωσεν·
736 2559 762 2610 ὁ
822 2555 877 2612 δὲ
934 2557 1229 2615 κάλλιστον
1288 2562 1378 2615 καὶ
1446 2561 1892 2617 λυσιτελέστατον

269 2644 522 2713 ῷετο,καί
581 2647 730 2718 αὐτῷ
764 2647 913 2720 μάλα
961 2650 1096 2722 πρὸς
1150 2650 1378 2723 τρόπου,
1430 2656 1587 2706 τυῦτο
1635 2652 1722 2705 καὶ
1773 2654 1895 2725 βου-

269 2731 452 2789 λεύεται
487 2737 586 2788 καὶ
641 2742 825 2790 ποιεῖ·
878 2742 1035 2792 τοῦτο
1091 2739 1208 2810 μὲν,
1258 2744 1353 2793 τοῦ
1407 2743 1480 2812 μὴ
1517 2738 1690 2794 δοκεῖν
1735 2737 1894 2810 δόξης

254 2820 360 2893 ἐρᾷν
388 2844 399 2854 ·
430 2827 608 2879 τοῦτο
634 2823 710 2891 δὲ,
744 2829 842 2879 τοῦ
877 2833 1052 2896 μισεῖν
1087 2828 1230 2881 οὕτω
1261 2828 1615 2906 φιλονεικίαν,
1653 2855 1671 2878 ι
1709 2829 1784 2892 ὡς
1804 2831 1892 2883 καὶ

247 2916 371 2984 μετὰ
440 2918 556 2967 τῶν
627 2915 926 2986 μισούντων
981 2919 1079 2986 τήν
1132 2918 1354 2991 εἰρήνην
1413 2918 1686 2994 εἰρηνικὸς
1757 2920 1896 2973 εἶναι

245 3003 564 3074 βούλεσθαι,
594 3027 624 3055 ›)
655 3003 981 3061 Καταλείπει
1007 3008 1100 3079 μέν
1128 3026 1140 3039 ·
1169 3028 1230 3080 γε
1257 3007 1302 3061 ὣ
1326 3011 1643 3080 θαυμαστῆς
1661 3009 1751 3063 καὶ
1775 3029 1899 3062 και-

241 3099 330 3159 νῆς
391 3090 848 3171 μεγαλοψυχίας,
903 3095 994 3149 καὶ
1044 3094 1215 3165 ζῆλον
1261 3099 1440 3166 ἥκιστ’
1485 3097 1763 3171 ἐχούσηςι
1810 3100 1900 3153 τὸν

246 3181 722 3254 περισπούδαστον
787 3184 876 3238 καὶ
941 3185 1349 3260 περιμάχητον,
1434 3187 1522 3241 καὶ
1593 3193 1721 3242 πᾶσι
1781 3194 1896 3250 τοῖς

2073 2296 2232 2352 XCV.
2267 2296 2522 2351 Tametsi
2553 2312 2684 2350 vero
2717 2296 2774 2349 in
2809 2293 3050 2366 proclivi
3092 2297 3291 2349 nostro
3326 2293 3511 2348 fuerat
3551 2291 3648 2346 cb-

2002 2391 2335 2441 trectatcres
2366 2401 2506 2440 suos
2559 2386 2920 2455 redarguere,
2953 2388 3008 2438 et
3057 2384 3116 2438 in
3177 2385 3452 2453 pudorem
3485 2381 3648 2445 dare,

2003 2481 2059 2530 et
2089 2477 2394 2530 ostendere
2419 2475 2570 2542 illos,
2603 2475 2928 2530 secundum
2963 2479 3166 2528 notum
3213 2487 3448 2527 versum
3480 2470 3595 2539 (tt)
3626 2488 3640 2535 ;

2015 2587 2043 2614 ‹‹
2103 2564 2288 2620 lnstar
2344 2563 2798 2634 omnilinguium
2848 2577 3148 2618 corvorum
3218 2563 3428 2616 contra
3502 2558 3651 2613 divi-

2007 2670 2144 2709 nam
2195 2653 2354 2708 Jovis
2413 2653 2610 2707 alitem
2668 2669 2817 2706 vana
2868 2657 2924 2706 et
2994 2649 3192 2705 inania
3262 2648 3559 2712 crocitare,
3624 2667 3650 2694 υ

2006 2742 2156 2797 hanc
2177 2741 2271 2796 ille
2288 2747 2482 2796 tamen
2499 2742 2842 2812 repudiabat
2860 2741 3164 2794 rationem.
3181 2735 3650 2806 Casterum,quod

2009 2830 2465 2903 pulcherrimum
2498 2831 2900 2900 optimumque
2933 2830 3082 2883 factu
3117 2825 3652 2896 visum,etingenio

2009 2921 2264 2976 hominis
2293 2920 2914 2976 convenientissimum
2937 2923 3081 2985 erat,
3103 2919 3210 2974 hoc
3241 2918 3445 2988 arripit
3475 2931 3542 2972 ac
3560 2931 3654 2971 se-

2009 3011 2208 3081 quitur
2239 3009 2569 3073 consilium,
2595 3011 2802 3080 partim
2839 3025 2909 3063 ne
2951 3007 3140 3077 gloriae
3183 3006 3503 3078 honorique
3547 3022 3652 3060 suo

2010 3101 2282 3172 cupidius
2313 3098 2589 3154 veliﬁcari
2617 3099 2931 3165 videretur,
2955 3097 3168 3168 partim
3200 3098 3348 3168 quod
3382 3097 3468 3150 sic
3487 3098 3558 3150 ab
3583 3095 3656 3149 ri-

2008 3193 2096 3246 xis
2125 3201 2297 3261 atque
2338 3191 2815 3246 dimicationibus
2847 3191 3200 3256 adbcrreret,
3231 3212 3251 3237 ι
3289 3194 3350 3242 ut
3402 3204 3533 3242 cum
3581 3189 3653 3242 iis

249 3267 441 3331 ἄλλοις
486 3271 774 3342 ἐπίραστον
815 3273 1031 3345 θρόνον,
1086 3273 1282 3346 πολλῷ
1331 3276 1458 3348 ῥᾷον
1508 3277 1597 3330 καὶ
1642 3275 1816 3344 ἣδιον,

2011 3282 2182 3337 etiam
2202 3283 2298 3352 qui
2317 3298 2515 3353 pacem
2537 3282 2800 3336 odissent
2823 3298 3016 3350 pacem
3039 3281 3223 3336 colere
3245 3279 3527 3334 studeret.
3553 3279 3594 3314 ¹¹
3627 3300 3647 3326 ι

248 3354 628 3430 λαμϐάνουσιν
671 3358 890 3434 ἕτεροι·
941 3359 1114 3432 δείξας
1170 3363 1434 3433 ἐντεῦθεν,
1503 3367 1575 3426 ὡς
1630 3364 1756 3420 οὐδὲ
1804 3369 1901 3435 τήν

251 3448 429 3522 ἀρχήν
465 3445 627 3524 ἔρωτι
681 3448 843 3523 δόξης
890 3459 990 3519 τῆς
1039 3452 1301 3527 καθέδρας
1351 3451 1552 3524 ἐπέϐηο
1598 3453 1725 3510 οὐδὲ
1774 3478 1898 3532 φαν-

255 3539 437 3628 τασίας
508 3538 812 3612 ἐπιθυμῶν,
881 3541 1026 3596 ἀλλὰ
1095 3541 1516 3616 πολεμουμένην
1585 3546 1726 3616 ὁρῶν
1796 3547 1894 3614 την

255 3624 449 3700 Τριάδα
517 3631 698 3687 κακῶς
767 3624 1155 3702 διαιρουμένην
1221 3632 1310 3684 καὶ
1397 3632 1894 3709 συνολειφομένην·

260 3715 342 3766 καὶ
394 3717 456 3768 τὸ
504 3717 620 3770 κατ’
670 3715 838 3785 αὖτήν
897 3718 1159 3793 ὖποῤῥέον
1211 3719 1298 3773 ἐὰν
1355 3723 1428 3792 μὴ
1483 3723 1643 3796 χεῖρά
1693 3743 1776 3784 τις
1827 3723 1902 3786 ὼς

262 3803 464 3876 τάχιστ’
498 3806 678 3880 ὀρέξῃ.
717 3805 1048 3862 Καταλείπει
1082 3806 1129 3862 δ’
1167 3808 1231 3863 αὖ
1271 3811 1363 3864 καὶ
1401 3812 1493 3865 τὸν
1531 3813 1900 3884 ποιμανθέντα

267 3887 398 3946 λεὼν
448 3896 513 3949 τὰ
562 3898 681 3949 θεῖα
725 3899 1188 3970 πατηρτισμένον,
1239 3899 1329 3953 καὶ
1381 3902 1505 3974 περί
1563 3904 1661 3970 τὴν
1714 3903 1894 3957 πίστιν

269 3979 318 4033 εὗ
349 3984 493 4053 μάλα
540 3985 814 4060 λαμπρῶς
864 3985 1232 4061 ὠχυρωμένον
1278 3989 1367 4043 καὶ
1421 3988 1757 4065 ἡδρασμένον
1807 3993 1894 4046 καὶ

263 4075 355 4137 τῆς
403 4072 629 4146 Τριάδας
670 4076 895 4149 γνήσιον
943 4075 1264 4152 λατρευτὴν,
1301 4078 1422 4134 ὅσον
1467 4076 1631 4135 ἐνέδει
1671 4083 1735 4134 τὰ
1774 4101 1897 4134 τοι-

264 4160 388 4212 αὖτα
428 4167 630 4236 πρστοῦ
680 4169 861 4227 κακῶς
912 4165 1013 4220 ὑπὸ
1058 4172 1157 4231 τῆς
1210 4173 1316 4223 τῶν
1367 4170 1747 4243 αἱρετιζόντων
1797 4169 1895 4224 πά-

267 4264 410 4321 σχων
438 4252 682 4326 φατρίας.

2011 3371 2141 3427 Mox
2174 3372 2390 3442 itaque,
2422 3389 2453 3424 ο
2486 3370 2884 3426 incredibilem
2925 3378 2980 3425 et
3031 3386 3256 3435 novam,
3281 3367 3654 3423 imitationis-

2011 3477 2123 3530 que
2155 3460 2396 3515 minime
2429 3461 2692 3514 studium
2717 3458 3269 3525 habituram,animi
3299 3455 3656 3528 magnitudi-

2011 3551 2172 3602 nem!
2203 3547 2480 3603 thronum
2513 3548 2984 3618 patriarchalem,
3011 3563 3132 3602 rem
3159 3563 3258 3616 per
3288 3563 3350 3601 se
3379 3550 3656 3615 expeten-

2008 3637 2167 3704 dam,
2190 3640 2246 3691 et
2279 3637 2621 3708 optabilem,
2651 3637 2927 3704 omnique
2959 3637 3089 3690 nisu
3136 3634 3567 3698 vindicandum,
3601 3638 3658 3686 et

2009 3724 2229 3780 ceteris
2261 3723 2534 3779 omnibus
2565 3723 2992 3790 charissimam,
3020 3723 3171 3777 haud
3208 3721 3378 3792 paulo
3423 3719 3658 3790 expedi-

2008 3817 2124 3872 tius
2154 3817 2590 3887 promptiusque
2633 3813 2930 3886 relinquit,
2965 3830 3141 3885 quam
3201 3812 3499 3881 accipiunt
3530 3810 3651 3866 alii.

2008 3906 2128 3970 Quo
2160 3907 2282 3974 ipso
2324 3905 2465 3959 satis
2497 3904 2935 3974 comprobatum
2967 3904 3144 3970 dedit,
3163 3903 3302 3957 sede
3333 3917 3404 3956 ne
3436 3899 3650 3971 princi-

2012 3991 2106 4061 pio
2138 3988 2533 4061 quidem,ullc
2566 3989 2761 4061 glorias
2802 3987 3048 4056 ambitu,
3083 3987 3424 4057 externique
3456 3984 3654 4056 splen-

2009 4079 2168 4136 doris
2191 4079 2596 4148 amore,istam
2629 4079 2960 4134 ascendisse
2983 4079 3344 4140 cathedram,
3362 4077 3458 4131 sed
3493 4074 3649 4146 quod

2007 4170 2390 4226 sanctissimas
2423 4168 2714 4236 Trinitati,
2751 4168 2902 4224 male
2933 4167 3197 4223 videlicet
3226 4172 3351 4222 tum
3385 4166 3648 4231 divulsus,

2003 4265 2131 4316 tum
2164 4259 2442 4325 confusas,
2475 4256 2689 4312 bellum
2738 4257 2960 4311 illatum
3011 4264 3290 4322 cerneret,
3332 4270 3650 4325 veramque

260 4339 398 4394 adeo
428 4341 582 4398 illius
615 4345 768 4400 brevi
817 4345 1173 4417 dilapsuram
1226 4350 1696 4422 intelligentiam,
1723 4350 1834 4406 nisi
1857 4365 2032 4422 quam
2057 4350 2312 4420 primum
2336 4348 2598 4403 subsidio
2623 4346 2914 4418 quispiam
2946 4346 3184 4401 veniret.
3217 4347 3324 4400 Sed
3375 4349 3432 4400 et
3475 4359 3650 4415 quem

256 4436 487 4495 paverat
514 4439 752 4498 emtum,
785 4435 842 4490 in
876 4435 1090 4493 divinis
1122 4439 1597 4509 redintegratum,
1631 4441 2096 4510 instructumque
2127 4442 2184 4492 et
2227 4438 2284 4493 in
2341 4441 2500 4491 recta
2543 4436 2757 4507 pietate
2808 4435 2979 4505 probe
3011 4434 3451 4503 luculenterque
3508 4448 3656 4488 con-

255 4524 539 4584 ﬁrmatum
572 4539 744 4602 atque
775 4535 1229 4602 constabilitum,
1262 4541 1319 4591 et
1343 4541 1555 4593 sancta
1586 4536 1884 4592 Trinitatis
1914 4535 2192 4608 geninum
2221 4535 2501 4589 cultorem
2537 4533 2769 4602 reliquit
2803 4532 2941 4602 (12),
2974 4535 3190 4602 quanto
3257 4531 3408 4586 idem
3457 4534 3648 4597 antea,

257 4615 408 4672 male
433 4619 500 4674 ab
522 4620 928 4678 hareticorum
963 4625 1210 4681 factione
1242 4627 1580 4696 mulctatus,
1605 4627 1698 4682 his
1732 4627 1788 4681 in
1824 4626 1996 4681 rebus
2028 4623 2424 4679 deﬁciebatur.

500 4708 772 4770 Βασιλέως
835 4709 890 4766 δὲ
937 4714 1025 4767 καὶ
1083 4719 1177 4768 τοῦ
1233 4717 1346 4770 κατ’
1401 4715 1558 4770 αὐτὸν
1611 4713 1887 4790 συνεδρίου

2069 4713 2251 4770 XCVI.
2285 4714 2385 4769 Hic
2417 4714 2728 4784 imperator
2759 4729 2899 4768 sane
2922 4728 3038 4767 una
3068 4729 3201 4767 cum
3247 4728 3352 4766 suo
3404 4715 3641 4776 senatu,

256 4798 342 4880 'fai
406 4797 520 4852 ὅσον
577 4804 683 4854 τῶν
745 4799 1050 4878 ἀρχιερέων
1106 4803 1429 4875 ὑγιαίνοντες
1488 4805 1641 4874 ἦσαν,
1693 4803 1886 4880 σχεδὸν

258 4876 302 4968 δ’
335 4885 555 4948 ἅπαντες
595 4891 755 4959 ἦσαν,
796 4885 875 4944 ἔτι
915 4911 974 4945 τε
1013 4893 1209 4954 παντὸς
1253 4899 1359 4947 τῶν
1409 4892 1710 4968 όρθοόόξων
1761 4893 1895 4949 συλ-

257 4966 444 5046 λόγου,
494 4976 983 5050 συναθροισθέντων
1025 4981 1112 5034 καὶ
1153 4980 1363 5036 πλεῖστ’
1412 4983 1580 5038 αὐτοῦ
1622 4981 1890 5055 δεομένων

253 5061 342 5113 καὶ
411 5064 575 5135 μένειν
633 5066 1117 5142 παρακαλούντων,
1172 5073 1259 5125 καὶ
1328 5072 1635 5141 κινηθέντος
1694 5074 1892 5132 παντὸς

255 5143 420 5224 ἔργου
449 5157 531 5210 καὶ
575 5157 766 5232 λόγου,
806 5159 894 5212 καὶ
939 5156 1292 5222 παντοδαπῆς
1334 5158 1574 5228 σπουδῆς
1624 5162 1712 5216 καὶ
1755 5181 1892 5233 προ-

255 5235 520 5310 κλήσεως,
587 5249 674 5301 καὶ
741 5247 1086 5324 πανταχόθεν
1153 5246 1352 5302 πείθειν
1439 5249 1890 5324 ἐπιχειρούντων,

253 5328 343 5382 καὶ
380 5334 508 5387 πάνυ
537 5357 619 5390 τοι
658 5334 1105 5409 διατεινομένων,
1160 5334 1289 5409 μηδ’
1322 5336 1378 5391 ἓν
1409 5337 1510 5393 εἷ’τι
1557 5339 1647 5395 καὶ
1680 5340 1888 5415 γένοιτο

324 5521 374 5558 ει
396 5522 540 5581 Psal.
573 5541 698 5593 cn,
729 5527 784 5598 e,
808 5527 863 5581 7.

315 5704 433 5779 (11)
465 5706 694 5763 Pindari
729 5707 963 5782 Olymp.
999 5708 1224 5779 stropb.
1256 5725 1309 5777 v,
1347 5711 1429 5766 13.

2000 4807 2055 4858 et
2085 4802 2277 4858 sanior
2309 4803 2445 4857 item
2481 4800 2811 4856 antistitum
2845 4817 3001 4872 pars,
3035 4817 3160 4871 quae
3206 4800 3388 4854 multo
3440 4800 3643 4869 utique

2004 4891 2258 4946 maxima
2283 4892 2423 4958 fuit;
2459 4899 2511 4944 et
2545 4891 2847 4945 universus
2898 4891 3140 4961 insuper
3183 4889 3642 4944 orthodoxorum

2002 4985 2208 5048 coetus,
2239 4980 2297 5034 in
2331 4995 2508 5035 unum
2541 4980 2719 5035 coacti
2767 4979 2978 5047 locum,
3010 4979 3366 5050 Gregorium,
3401 4983 3464 5032 ut
3517 4994 3644 5032 ma-

2001 5077 2185 5137 neret,
2224 5070 2470 5125 maximo
2521 5085 2723 5141 rogare
2759 5070 3154 5139 obtestarique
3193 5084 3386 5139 opere,
3420 5069 3647 5123 omnia-

2001 5179 2114 5233 que
2145 5163 2311 5218 dictis
2344 5163 2646 5233 factisque,
2679 5162 2961 5232 omnique
2985 5170 3042 5215 et
3078 5161 3269 5216 studio
3300 5166 3357 5214 et
3385 5162 3646 5217 obstera-

2002 5253 2175 5320 tione,
2209 5252 2411 5307 sedulo
2438 5267 2687 5315 movere,
2717 5257 2773 5304 et
2806 5250 3102 5305 undelibet
3143 5252 3199 5304 in
3251 5267 3416 5306 suam
3476 5251 3641 5305 illum

2001 5342 2069 5396 ad
2103 5342 2313 5396 ducere
2336 5343 2528 5396 conari
2559 5340 2930 5405 sententiam,
2955 5343 3012 5393 et
3041 5340 3440 5396 vehementius
3471 5341 3645 5396 etiam

2113 5717 2228 5789 (t2)
2248 5717 2416 5790 Greg.
2451 5734 2507 5790 ι).
2537 5717 2662 5773 549.
