4092 6300
477 362 592 424 315

1782 362 2183 425 THEODULI
2227 360 2571 425 MONACHI

3769 362 3881 423 316

484 502 1007 573 asseverare,nullo
1036 504 1230 574 ipsum
1262 505 1455 574 pacto,
1479 501 1765 573 quidquid
1789 503 1924 557 inde
1948 520 2085 557 aven

2231 505 2420 555 τοῦτον
2473 502 2753 573 μεθήσειν,
2802 502 2893 555 καὶ
2941 501 3003 556 τὸ
3057 499 3311 573 μέγιστον
3366 501 3678 574 βοήσαντος
3731 501 3880 553 ὁτου-

477 597 672 648 turum
705 597 873 660 esset,
906 608 1033 649 sese
1057 594 1403 648 amissuros:
1431 598 1724 663 postremo
1754 592 1950 660 etiam,
1995 609 2118 648 mas

477 682 632 736 xima
689 684 846 737 vocis
904 683 1295 749 contentione,
1348 698 1504 736 unus
1555 682 1870 753 quispiam,
1924 682 2121 737 nescio

481 772 634 841 quis,
668 772 1025 827 exclamare:
1060 791 1090 821 κ
1114 771 1196 826 Tu
1229 786 1367 826 sane
1399 772 1550 843 quod
1575 771 1712 827 hinc
1740 771 2013 835 discedis,
2038 772 2118 840 ip-

479 876 606 915 sam
639 862 813 916 etiam
844 861 1183 916 Trinitatem
1227 866 1418 915 tecum
1477 861 1736 917 abducis.
1766 884 1795 911 ››
1823 860 2122 915 Verumta-

479 966 612 1004 men
636 949 817 1005 nihilo
837 949 935 1005 ilIe
963 952 1150 1021 magis
1172 951 1242 1004 de
1264 951 1555 1005 obstinato
1577 950 1964 1005 abdicationis
1979 966 2121 1005 con-

470 1037 600 1092 silio
631 1038 926 1102 decedere,
963 1047 1054 1093 aut
1086 1039 1381 1093 tantulum
1413 1039 1483 1094 de
1515 1055 1623 1094 sua
1652 1040 1942 1093 remittere
1974 1053 2115 1109 per-

478 1126 717 1192 vicacia,
749 1143 950 1181 verum
994 1128 1270 1183 immotus
1300 1129 1540 1185 omnino
1572 1128 1902 1197 persistere,
1943 1126 2124 1182 imbe-

478 1214 780 1270 cillitatem
796 1217 1074 1286 corporis,
1090 1232 1384 1288 suumque
1403 1216 1627 1271 senium
1652 1220 1928 1271 causatus
1949 1216 2116 1286 (12'),

476 1320 575 1373 per
605 1322 730 1376 quae
753 1306 1126 1376 capessendis
1153 1306 1213 1361 in
1246 1313 1541 1378 posterum
1561 1307 1923 1377 gravioribus
1946 1321 2119 1376 nego-

477 1393 594 1463 tiis,
649 1395 1020 1468 publicisque
1057 1396 1330 1465 juvandis
1387 1395 1730 1459 commodis,
1780 1394 2059 1450 inhabilis
2104 1411 2118 1461 ;

2233 592 2349 655 οὖν,
2382 613 2410 640 ς(
2454 591 2529 651 ὡς
2557 591 2639 649 οἷς
2676 588 2838 651 αὐτὸς
2867 587 3116 663 ἀπαίρεις
3164 585 3394 657 ἐνθένδε,
3427 588 3517 643 καὶ
3546 589 3647 656 τὴν
3680 585 3881 663 Τριάδα

2231 682 2409 749 σαυτῷ
2448 680 2791 751 συναπάγεις,
2829 702 2857 729 ›)
2909 675 3060 732 οὐδὲν
3104 676 3318 749 μᾶλλον
3369 677 3573 746 ἀπέστη
3608 681 3707 732 τοῦ
3758 676 3880 749 περὶ

2227 767 2326 835 τήν
2388 765 2675 838 ἀπόλειψιν
2719 767 2897 833 τόνου,
2951 763 3064 821 οὐδ’
3110 764 3339 822 ἐνέδωκε
3384 773 3483 835 τῆς
3533 765 3825 826 ένστάσεως
3861 784 3874 795 ⁸

2230 854 2357 911 ἀλλ’
2404 854 2634 923 ἀκλινὴς
2694 856 3025 911 παντάπασιν
3079 854 3172 925 ἦν,
3235 855 3507 909 ἀσθένειαν
3556 849 3877 928 προϐεϐλη-

2233 946 2391 1017 μένος
2420 946 2510 998 καί
2550 952 2746 1019 γῆρας,
2778 945 2867 999 καὶ
2899 947 2959 999 τὸ
2995 946 3185 1016 μηκέθ’
3228 945 3402 999 οἷοστ’
3454 944 3589 998 εἶναι
3620 941 3878 998 διαταῦτα

2227 1033 2512 1109 πράγμασι
2552 1035 2814 1109 χρῆσθαι,
2869 1033 2959 1088 καὶ
3019 1038 3098 1105 τῷ
3155 1038 3323 1104 κοινῷ
3375 1032 3650 1088 λυσιτελεῖ
3697 1034 3881 1102 ξυντε-

2231 1122 2368 1189 λεῖν,
2400 1122 2548 1177 άλλά
2589 1122 2754 1196 μόνου
2792 1127 2892 1177 τοῦ
2930 1124 3065 1177 κατά
3107 1123 3276 1194 μόνας
3318 1122 3450 1176 εἶναι
3503 1122 3773 1197 μετέχειν,
3808 1119 3880 1176 δι’

2229 1212 2261 1266 ἃ
2310 1211 2399 1266 καὶ
2455 1211 2617 1278 μόλις
2669 1213 3030 1288 συνεχωρήθη
3079 1213 3177 1280 τὴν
3238 1207 3423 1284 ἔξοδον
3455 1231 3466 1242 ·
3529 1208 3751 1265 εἰδότων
3804 1212 3882 1275 ὡς

2228 1300 2513 1370 ἀνηνύτοις
2572 1300 2917 1375 ἐπιχειροῦσι
2964 1301 3134 1354 πάντα
3181 1304 3468 1362 ποιοῦντες
3533 1301 3623 1354 καὶ
3676 1298 3878 1374 λέγον-

2230 1411 2337 1453 τες.

476 1485 715 1554 agendae
749 1485 1029 1540 duntaxat
1058 1484 1119 1541 in
1150 1485 1467 1540 solitudine
1498 1485 1625 1539 vitae
1655 1485 1945 1541 consortio
2000 1498 2103 1554 par
2137 1487 2306 1536 esset.
2330 1482 2691 1551 Quapropter
2737 1484 2828 1536 vix
2885 1482 3115 1537 tandem
3160 1482 3333 1538 datus
3384 1482 3469 1536 illi
3514 1491 3879 1538 commeatus

476 1574 606 1638 fuit,
643 1577 872 1644 quando
903 1574 1191 1647 quidquid
1226 1578 1483 1630 facerent
1512 1574 1751 1631 omnino
1784 1574 2179 1643 dicerentque,
2214 1572 2271 1625 in
2295 1571 2526 1625 irritum
2558 1572 2765 1627 cadere
2795 1572 3087 1627 videbant.

542 1663 748 1719 XCVII.
772 1664 920 1732 Mox,
948 1665 1221 1734 quoniam
1250 1681 1319 1719 ne
1340 1669 1553 1733 puncto
1576 1665 1811 1735 quidem
1834 1662 2115 1734 temporis

473 1752 599 1809 sine
614 1758 842 1824 pastore
856 1770 959 1809 suo
977 1771 1105 1809 esse
1118 1759 1341 1826 poterat
1355 1753 1933 1823 Ecclesia,quodipsis
1946 1752 2013 1807 ad
2029 1768 2116 1823 ge-

472 1842 717 1897 nuinam
734 1842 1009 1913 pietatem
1026 1844 1594 1910 recensinformatis,
1618 1842 1932 1913 velutique,
1957 1839 2110 1912 quod

476 1930 689 1985 dicitur
707 1931 774 1998 ⁸³,
808 1953 836 1981 ‹‹
869 1948 938 1986 ex
970 1932 1218 1987 oleastro
1277 1932 1337 1987 in
1382 1948 1570 1987 veram
1611 1931 1799 1988 oleam
1832 1929 2047 1996 insitis,
2083 1948 2109 1981 ›

477 2023 698 2090 majore
728 2021 1184 2093 perfectioreque
1207 2022 1279 2077 ad
1310 2021 1481 2077 ﬁdem
1500 2021 1777 2077 tuendam
1811 2036 1960 2090 opus
1989 2022 2115 2074 erat

477 2111 712 2178 habitu;
735 2116 792 2168 et
808 2113 962 2181 quod
995 2127 1063 2165 ex
1099 2111 1332 2167 insidiis
1363 2111 1739 2166 imminentes
1760 2108 2107 2177 haeretici,in

468 2201 597 2256 illos
625 2203 867 2269 irruere,
889 2206 946 2255 et
973 2201 1244 2271 diripere,
1276 2209 1330 2256 et
1372 2201 1444 2255 ad
1486 2200 1716 2271 pristini
1755 2198 1969 2255 erroris
2018 2200 2108 2253 lu-

470 2294 697 2349 bricum
729 2294 1021 2361 reducere,
1056 2295 1298 2364 prompti
1352 2292 1723 2363 expeditique
1772 2294 1988 2346 essent.
2023 2288 2110 2344 Ibi

470 2391 748 2452 protenus
780 2382 840 2436 in
864 2382 1249 2453 patriarchaie
1279 2386 1510 2437 evectus
1542 2382 1748 2436 solium
1781 2379 2105 2447 Nectarius,

465 2472 770 2544 municeps
800 2472 1124 2539 Tarsensis,
1157 2470 1315 2526 illam
1347 2472 1611 2526 omnium
1637 2468 2105 2532 maximam,Deo

464 2576 577 2632 que
605 2578 781 2632 super
828 2563 1023 2617 omnia
1079 2560 1449 2627 aestimatam,
1485 2560 1812 2615 animarum
1849 2557 2106 2627 suscepit

457 2652 977 2721 procurationem:
1026 2651 1199 2705 homo
1249 2649 1539 2720 sapientia
1586 2654 1641 2703 et
1687 2649 1893 2702 virtute
1940 2652 2103 2701 tanto

464 2739 595 2795 aliis
618 2740 821 2810 major,
847 2746 1135 2811 quantum
1168 2743 1227 2794 et
1255 2738 1348 2793 his
1378 2738 1546 2808 ipsis,
1578 2743 1635 2791 et
1673 2737 1896 2791 caeteris
1927 2737 2103 2790 rebus

461 2830 756 2896 omnibus,
790 2830 954 2884 illum
979 2829 1068 2883 vir
1100 2829 1389 2883 maximus
1434 2827 1729 2894 anteibat;
1761 2831 1818 2880 et
1858 2826 1956 2895 qui
1988 2841 2101 2880 non

464 2918 636 2988 paulo
685 2920 816 2990 plus
874 2919 986 2973 sibi
1035 2919 1105 2973 de
1144 2917 1292 2972 tanti
1348 2917 1454 2971 viri
1502 2915 1888 2975 successione.
1921 2929 2100 2984 quam

460 3007 652 3061 throni
716 3005 996 3077 pontiﬁcii
1051 3005 1353 3074 dignitate,
1407 3002 1827 3074 gratularetur;
1887 3001 2103 3071 quippe

456 3096 609 3149 inter
629 3111 830 3150 omnes
870 3094 1161 3162 convenit,
1192 3093 1372 3148 etiam
1404 3092 1684 3146 thronum
1716 3090 1910 3161 ipsum
1944 3107 1977 3145 a
2007 3106 2102 3144 no-

455 3186 578 3237 stro
608 3182 1010 3255 gloriosiorem
1024 3184 1337 3247 factum,et
1367 3182 1587 3250 majore
1617 3179 1856 3236 omnino
1887 3178 1947 3233 in
1966 3193 2099 3248 pre-

454 3273 534 3328 tio
564 3272 839 3344 deinceps
871 3271 1138 3328 habitum
1164 3271 1364 3326 fuisse.

2297 1657 2403 1734 lLZ'.
2456 1658 2566 1712 Εἶτ’
2600 1655 2891 1732 ἐπειδήπερ
2953 1660 3061 1733 οὐχ
3119 1660 3284 1714 οἷοντ’
3335 1660 3404 1728 ἧΑ
3435 1656 3548 1713 οὐδ’
3598 1654 3875 1733 έπιϐραχὺ

2223 1748 2321 1814 τὴν
2365 1745 2691 1817 Ἐκκλησίαν
2744 1747 3058 1820 ἐστερῆσθαι
3110 1749 3390 1820 ποιμένος,
3428 1752 3537 1801 τῶν
3589 1748 3685 1819 μὲν
3723 1746 3877 1821 ἀρτι-

2223 1841 2409 1910 παγῶν
2440 1838 2575 1909 πρὸς
2617 1833 2884 1892 εὐσέϐειαν
2928 1833 3120 1905 ὄντων,
3152 1838 3242 1891 καὶ
3293 1838 3413 1892 οἷον
3467 1835 3872 1910 έγκεντρισθέν-

2222 1946 2349 1993 των,
2389 1929 2463 1987 ὼς
2509 1927 2693 2001 λόγος,
2738 1950 2762 1980 a
2797 1927 2847 1997 ἐξ
2887 1924 3200 2001 ἀγριελαίου
3240 1928 3374 2000 πρὸς
3421 1924 3802 1996 καλλιέλαιον,
3839 1950 3871 1977 υ

2226 2016 2509 2070 κάντεῦθεν
2559 2014 2803 2087 μείζονος
2856 2017 2946 2070 καὶ
3000 2014 3331 2089 τελειοτέρας
3388 2012 3659 2087 δεομένων
3710 2009 3874 2083 ἕξεως

2224 2105 2356 2178 πρὸς
2388 2106 2484 2172 τήν
2536 2104 2738 2177 πίστιν,
2791 2109 2899 2159 τῶν
2946 2102 2993 2159 δ’
3041 2107 3423 2178 αἱρετιζόντων
3471 2101 3871 2181 ἐφεδρευόντων

2218 2197 2306 2248 καὶ
2349 2191 2514 2249 ὄντων
2571 2196 2806 2267 ἑτοίμων
2855 2195 3072 2257 τούτοις
3117 2194 3449 2250 ἐπεισπεσεῖν
3499 2196 3588 2249 καὶ
3636 2192 3868 2267 σιαρπάο

2219 2305 2304 2338 σαι
2365 2287 2453 2339 καὶ
2511 2286 2645 2359 πρὸς
2704 2286 2795 2340 τὸν
2857 2286 3120 2359 πρότερον
3180 2284 3530 2358 ἐπαναγαγεῖν
3590 2282 3812 2339 ὄλισθον
3846 2303 3865 2316 ·

2217 2372 2470 2447 ἀνάγεται
2525 2375 2619 2443 μὲν
2670 2374 2825 2437 εὐθὺς
2873 2374 2949 2436 εἰς
2998 2375 3088 2428 τὸν
3137 2380 3239 2442 τῆς
3290 2373 3592 2442 ἐπισκοπῆς
3642 2372 3865 2447 θρόνον,

2218 2463 2510 2537 Νεκτάριος
2569 2465 2597 2517 ὁ
2650 2463 2909 2537 Ταρσεὺς,
2969 2465 3056 2517 καὶ
3116 2465 3214 2531 τήν
3264 2468 3373 2518 τῶν
3432 2464 3650 2517 ἀπασῶν
3711 2463 3869 2536 μεγί-

2215 2573 2344 2621 στην
2373 2553 2588 2606 καὶτοῦ
2633 2553 2834 2613 παντὸς
2886 2556 3003 2623 Θεῷ
3048 2551 3367 2625 τιμωμένην
3404 2549 3620 2627 δέχεται
3666 2554 3871 2626 ψυχῶν

2214 2642 2542 2713 προστασίαν
2575 2659 2587 2672 ’
2651 2640 2854 2695 συνέσει
2912 2641 3008 2713 μὲν
3084 2640 3172 2694 καί
3229 2641 3393 2715 ἀρετῇ
3451 2644 3676 2695 τοσοῦτο
3752 2644 3869 2695 τῶν
3939 2670 3945 2678 -

2216 2725 2443 2782 πολλῶν
2496 2724 2788 2804 διαφέρων,
2837 2728 2961 2782 ὅσον
3009 2727 3195 2790 αὐτοῖς
3241 2750 3301 2782 τε
3347 2728 3562 2791 τούτοις
3605 2729 3695 2784 καὶ
3725 2736 3864 2783 πᾶσι

2212 2822 2328 2879 τοῖς
2374 2814 2568 2878 ἄλλοις
2599 2818 2626 2871 ὁ
2658 2817 2824 2891 μέγας
2880 2817 3043 2871 αὐτοῦ
3069 2836 3081 2849 ’
3114 2822 3194 2888 τῷ
3242 2814 3299 2871 δὲ
3331 2814 3593 2892 διάδοχος
3642 2826 3867 2892 γεγενῆ-

2211 2908 2334 2959 σθαι
2365 2905 2640 2975 τοιούτον,
2685 2907 3075 2980 σεμνυνόμενος
3116 2904 3306 2973 πλέον,
3348 2907 3382 2975 ἢ
3413 2912 3493 2978 τῷ
3520 2911 3619 2961 τοῦ
3662 2908 3865 2980 θρόνου

2214 2994 2470 3068 μεγέθει·
2527 2994 2640 3049 ἐπεὶ
2694 2996 2785 3050 καὶ
2842 2996 2936 3049 τὸν
2991 2995 3180 3070 θρόνον
3230 2995 3413 3064 αὐτὸν,
3475 2999 3856 3067 ζηλωτότερον

2208 3084 2260 3154 ἐξ
2294 3084 2517 3155 ἐκείνου,
2568 3084 2657 3139 καὶ
2689 3084 2946 3146 πλείονος
2983 3082 3222 3150 σπουδῆς
3262 3085 3579 3158 ἀξιούμενον
3624 3088 3854 3148 ἅπαντες

2209 3173 2260 3227 ἷ¹σ
2267 3194 2362 3246 μεν
2372 3218 2383 3229 .

524 3361 766 3419 XCVIII.
800 3362 897 3415 llis
928 3361 997 3416 ad
1023 3361 1179 3416 hunc
1228 3360 1468 3416 modum
1520 3359 1791 3431 peractis.
1842 3356 2096 3428 synodo-

2281 3352 2402 3430 LLH'.
2454 3353 2613 3409 Οὕτω
2645 3349 2703 3406 δὲ
2748 3353 2955 3407 τούτων
3002 3354 3427 3427 κεχωρηκότων,
3460 3352 3550 3408 καὶ
3590 3356 3688 3422 τῆς
3717 3354 3857 3410 κατὰ

458 3468 571 3525 que
592 3452 718 3523 jam
751 3450 1047 3515 conclusa,
1072 3467 1194 3521 quaa
1226 3455 1426 3505 contra
1447 3471 1476 3500 «
1505 3449 1758 3519 Spiritus
1784 3447 1972 3504 sancti
1994 3463 2093 3517 op-

457 3548 806 3614 pugnatores
826 3546 882 3596 et
895 3541 1302 3605 semiarianos,
1321 3560 1349 3591 »
1374 3539 1870 3611 quemadmodum
1896 3540 2095 3592 noster

453 3631 727 3706 appellat,
760 3631 1008 3688 conﬂata
1035 3634 1092 3686 et
1120 3630 1390 3686 instituta
1414 3630 1643 3684 fuerat:
1675 3645 1804 3699 quas
1827 3625 2005 3682 simul
2037 3631 2096 3683 et

450 3722 876 3790 Macedonium,
917 3722 1191 3776 vanitatis
1234 3720 1411 3789 hujus
1440 3727 1758 3784 auctorem,
1784 3722 1841 3773 et
1864 3716 2091 3788 Apolli-

451 3812 675 3868 narium
708 3812 941 3883 Syrum,
958 3811 1058 3882 qui
1072 3814 1431 3881 assumptum
1455 3807 1667 3864 Christi
1682 3822 1915 3863 carnem
1929 3822 2090 3861 men-

451 3907 503 3956 ts
534 3918 639 3957 sua
667 3901 1004 3957 destitutam
1036 3900 1213 3956 fuisse
1261 3898 1565 3966 delirabat,
1600 3900 1657 3951 et
1699 3897 1976 3951 adversus
2003 3894 2090 3949 di-

450 3992 830 4047 vinamistam
864 3990 1204 4060 insurgebat
1233 3987 1639 4051 meonomiam,
1663 3984 1829 4054 quasi
1852 3984 1912 4039 in
1933 4000 2091 4038 men-

454 4080 526 4135 tis
558 4079 828 4134 humanae
852 4079 1031 4133 vicem
1056 4093 1163 4133 sua
1191 4076 1416 4131 Christo
1447 4074 1778 4130 suffecisset
1797 4072 2085 4139 divinitas,

451 4169 680 4239 penitus
702 4167 1017 4238 redarguit,
1033 4180 1244 4236 eosque
1259 4163 1605 4220 uthomines
1636 4160 2088 4232 summeimpios

446 4264 504 4311 et
534 4256 957 4312 consceleratos
989 4255 1347 4311 anathemati
1382 4251 1638 4307 tradidit.
1671 4250 1853 4321 Cujus
1883 4251 2087 4322 synodi

446 4358 730 4423 tanquam
763 4354 942 4420 caput
986 4348 1281 4420 quoddam
1340 4344 1650 4416 Gregorius
1694 4344 1834 4410 fuit;
1868 4343 2086 4414 quippe

444 4440 543 4512 qui
572 4438 743 4511 longe
773 4438 1038 4494 omnium
1072 4437 1382 4492 maximam
1415 4434 1683 4490 Patribus
1706 4435 1766 4489 in
1799 4449 1864 4489 eo
1896 4436 2086 4488 certa-

442 4531 599 4585 mine
630 4544 799 4599 Opem
830 4543 1181 4600 operamque
1213 4524 1846 4598 prazstitit,omnesque
1872 4523 1930 4577 in
1961 4528 2087 4577 stu-

447 4635 643 4693 porem
675 4617 1020 4674 eruditionis
1047 4634 1165 4672 sua)
1195 4617 1520 4686 divinaque
1567 4613 1762 4686 gratiae
1797 4612 2077 4678 ubertate,

2208 3467 2235 3494 ‹‹
2258 3447 2368 3497 τῶν
2402 3442 2884 3516 Πνευματομάχων
2913 3463 2970 3497 τε
2999 3443 3090 3497 καὶ
3123 3443 3479 3518 Ἡμιαρείων,
3516 3469 3537 3497 ι
3576 3443 3653 3506 ὡς
3684 3441 3852 3503 αὐτὸς

2206 3532 2362 3594 οὗτος
2412 3531 2580 3607 λέγει,
2641 3533 3097 3605 συγκροτηθείσης
3176 3531 3266 3586 καὶ
3316 3532 3856 3607 παρασκευασθείσης

2205 3617 2450 3691 συνόδου,
2509 3620 2619 3674 τότ’
2677 3618 2786 3690 ἤδη
2845 3622 3012 3695 πέρας
3070 3615 3384 3692 λαϐούσης·
3436 3619 3527 3675 καὶ
3573 3621 3686 3693 ἅμα
3748 3623 3849 3692 μὲν

2204 3706 2560 3779 Μακεδόνων,
2600 3709 2692 3764 τὸν
2738 3708 2967 3779 ταυτησὶ
3019 3716 3118 3779 τῆς
3174 3710 3538 3782 ματαιότητος
3573 3707 3848 3784 ἀρχηγὸν,

2203 3800 2316 3872 ἅμα
2347 3795 2404 3853 δὲ
2432 3799 2519 3853 καὶ
2553 3799 2643 3853 τὸν
2679 3799 2853 3872 Σύρον
2883 3799 3290 3872 Ἀπολινάριον,
3315 3798 3407 3854 τὸν
3432 3796 3589 3854 ἄνουν
3620 3799 3721 3866 τήν
3743 3803 3850 3853 τοῦ

2203 3892 2434 3962 Χριστοῦ
2489 3884 2803 3962 πρόσληψιν
2859 3887 3017 3963 λήρῳ
3072 3884 3287 3958 δοῦντα,
3334 3888 3423 3943 καὶ
3471 3890 3850 3957 κατεξανιστά-

2205 3998 2359 4051 μενον
2389 3981 2489 4042 τῆς
2531 3978 2675 4040 θείας
2717 3976 3052 4051 οἷκονομίας,
3094 3979 3169 4041 ὡς
3213 3977 3332 4032 ἀντὶ
3373 3981 3465 4032 νοῦ
3513 3984 3613 4047 τῆς
3657 3977 3851 4048 θεότη-

2198 4087 2290 4127 τος
2357 4065 2717 4143 ἀποχρώσης,
2811 4065 3082 4141 κατάκρας
3166 4065 3534 4142 έξελεγξάσ-ης,
3604 4067 3697 4121 καὶ
3770 4068 3854 4133 ὡς

2198 4156 2533 4219 ἆθεωτάτους
2594 4178 2652 4212 τε
2707 4156 2796 4212 καὶ
2862 4158 3149 4218 κακίστους
3205 4156 3495 4230 ἀναθέματι
3572 4154 3851 4228 παραδούς

2198 4268 2335 4317 σης·
2395 4248 2595 4317 ταύτης
2626 4247 2857 4322 ὡσπερεί
2905 4248 3198 4323 κεφάλαιον
3247 4247 3547 4323 Γρηγόριος
3594 4248 3706 4315 ἦν’
3758 4269 3856 4303 τα-

2201 4337 2428 4412 μέγιστα
2459 4339 2673 4392 πάντῶν
2729 4338 3089 4413 συναράμενος
3136 4338 3283 4414 σφίσι
3323 4340 3462 4413 πρὸς
3498 4339 3593 4392 τὸν
3635 4338 3850 4414 ἀγῶνα,

2201 4428 2288 4481 καὶ
2320 4429 2523 4489 πάντας
2557 4425 2830 4499 ἐκπλήξας
2881 4425 3047 4502 λόγου
3096 4428 3380 4501 περιουσίᾳ
3430 4428 3520 4483 καὶ
3569 4429 3801 4503 χάριτος
3834 4450 3849 4463 ο

2195 4515 2445 4577 καὶτοὺς
2488 4517 2582 4589 μὲν
2625 4516 2925 4589 ἡμετέρους
2976 4515 3239 4593 εὐφράνας
3283 4538 3341 4573 τε
3381 4517 3471 4573 καὶ
3522 4526 3848 4591 κοσμήσας·

2197 4607 2327 4668 τοὺς
2360 4603 2407 4659 δ’
2437 4603 2794 4677 ἀντιπάλους,
2835 4607 2910 4669 ὡς
2961 4606 3128 4679 εἰκὸς,
3174 4608 3564 4683 καταισχύνας,
3617 4610 3709 4663 καὶ
3744 4608 3854 4665 δεί-

440 4680 621 4776 dedit,
655 4711 712 4763 et
743 4708 841 4778 qui
870 4705 1148 4778 singulari
1172 4705 1380 4776 gaudio
1405 4680 1952 4774 atque'ornamento
1982 4716 2087 4755 no-

2214 4717 2281 4761 ας
2318 4694 2487 4769 μηδὲν
2521 4696 2685 4772 ὑγιές.

435 4799 575 4854 stris
599 4798 707 4853 fuit
740 4814 752 4851 :
787 4794 1132 4853 adversariis
1163 4798 1369 4861 autem,
1405 4796 1471 4848 ut
1509 4806 1739 4863 aequum
1798 4794 1940 4855 erat,
1969 4793 2310 4862 perpetuam
2368 4788 2750 4861 ignominiam
2799 4789 3034 4852 inussit,
3071 4806 3362 4862 memque
3409 4790 3652 4847 insania:
3712 4808 3851 4850 reos

434 4889 672 4957 peregit.

508 4905 567 4944 re
612 4904 672 4943 it.

504 4904 698 5033 XgIX.
730 4977 978 5034 Demum
1013 4977 1112 5032 ubi
1148 4976 1554 5047 imperatorem
1606 4972 1678 5029 ob
1736 4970 2080 5028 acerrimum

429 5084 574 5125 vera:
598 5069 726 5125 fidei
749 5069 1011 5125 ardorem
1038 5067 1417 5137 studiumque
1434 5064 1644 5120 eximie
1675 5063 2079 5128 collaudasset,

438 5164 494 5215 et
530 5159 811 5231 widquid
845 5174 1107 5231 unquam
1144 5160 1368 5229 poterat
1396 5153 1788 5210 maximarum
1837 5152 2079 5209 laudum

432 5251 492 5305 in
514 5248 678 5304 illum
713 5249 1393 5320 congessisset,eumque
1408 5243 1532 5300 suis
1563 5242 1741 5299 simul
1766 5242 1914 5299 votis
1936 5258 2079 5297 con-

429 5344 521 5395 tra
553 5337 810 5394 visibiles
863 5338 1303 5408 invisibilesque
1352 5332 1692 5391 armavisset
1748 5331 1985 5401 hostes;
2020 5334 2077 5385 at

431 5444 544 5503 que
569 5432 805 5487 caeteros
833 5428 969 5485 item
1002 5443 1223 5494 omnes,
1257 5442 1383 5498 qua:
1426 5429 1658 5496 tempus
1715 5419 2072 5494 postulabat.

495 5574 545 5610 ⁵³
565 5573 733 5631 Rom.
766 5590 843 5643 γι,
873 5575 964 5629 24.

490 5704 613 5779 (12)
650 5703 817 5777 Grsg.
847 5701 975 5758 523.

2266 4967 2378 5046 ιβ’.
2411 4970 2516 5026 Τὸν
2555 4969 2649 5043 μὲν
2701 4965 2791 5023 οὖν
2842 4972 3143 5043 κρατοῦντα
3190 4974 3288 5025 τοῦ
3341 4970 3467 5045 περί
3512 4971 3613 5038 τήν
3659 4972 3849 5028 πίστιν

2194 5058 2362 5128 ξήλου
2410 5059 2499 5113 καὶ
2547 5064 2648 5127 τῆς
2698 5055 2940 5123 σπουδῆς
2988 5060 3121 5114 πάνυ
3180 5058 3479 5133 θαυμάσας,
3536 5060 3624 5114 καὶ
3675 5065 3841 5115 πᾶσιν

2191 5151 2273 5209 οἷς
2330 5150 2478 5224 εἶχεν
2532 5148 2832 5224 ἐγκωμίοις
2889 5151 3288 5224 προσειρηκὼς,
3340 5152 3429 5206 καὶ
3479 5151 3569 5205 σύν
3619 5172 3679 5224 γε
3718 5154 3842 5207 καθ’

2190 5239 2397 5313 ὁρατῶν
2452 5259 2510 5293 τε
2561 5239 2649 5292 καὶ
2706 5237 2951 5313 ἀοράτων
3000 5236 3216 5314 ἐχθρῶν
3257 5245 3377 5303 ταῖς
3428 5239 3621 5318 εὐχαῖς
3671 5241 3838 5296 αὐτὸν

2185 5325 2547 5395 καθοπλίσας,
2594 5333 2710 5389 τοῖς
2740 5326 2787 5382 δ’
2828 5325 3022 5390 ἄλλοις
3068 5334 3196 5384 πᾶσι
3246 5330 3310 5384 τὰ
3360 5329 3652 5407 γιγνόμενα
3697 5351 3836 5405 παρ-

2192 5413 2426 5483 αινέσας,
2485 5415 2574 5469 καὶ
2621 5414 2809 5479 πείσας
2867 5414 3086 5472 εἷ’σάπαν
3134 5418 3405 5493 ὁμονοεῖν,
3456 5417 3546 5473 καὶ
3588 5419 3692 5489 τὴν
3734 5425 3836 5492 τῆς
