4092 6300
460 366 579 425 319

1778 366 2178 430 THEODULI
2224 362 2588 425 MONACHI

3752 370 3871 430 320

455 497 653 568 ipsum
665 500 975 555 tenuerant
1001 499 1295 570 planctum
1315 497 1581 567 multum,
1601 499 1964 571 multamque
1985 503 2099 571 ejus

2224 496 2507 574 ἀφικέσθαι
2562 495 2652 549 καὶ
2703 500 2981 567 κοσμῆσαι
3019 495 3084 549 τὰ
3126 492 3274 566 τῇδε,
3308 494 3342 563 ἢ
3387 494 3643 567 μένοντας
3673 496 3869 559 αὐτοὺς

455 586 538 641 rei
570 587 971 657 pmnitentiam
1004 587 1304 657 imposuit,
1344 590 1493 660 quod
1526 606 1659 644 eum
1679 590 1914 645 omnino
1944 590 2107 645 dimi-

457 686 670 741 serant,
698 693 802 732 nec
857 678 916 731 vi
943 678 1127 748 potuit
1159 678 1563 743 retinueranti;
1606 680 1825 750 quippe
1872 680 2105 734 tametsi

459 765 612 820 ultra
643 765 948 821 columnas
995 768 1258 823 Herculis
1309 783 1663 838 amnemque
1695 767 2002 825 Phasidem
2036 769 2107 822 de

2215 589 2312 639 τοῦ
2363 582 2564 637 λοιποῦ
2621 585 2745 657 παρ’
2778 584 2965 656 ἐκείνῳ
3009 589 3115 638 τῶν
3170 584 3242 637 ὧν
3299 585 3429 659 ὑπὲρ
3469 586 3675 645 πάντας
3725 586 3867 659 εἶχεν

2217 674 2571 753 ἐμφορεῖσθαι
2619 672 2891 748 χαρίτων,
2933 671 3402 746 ἐπιλελησμένους
3455 678 3563 729 τῶν
3623 673 3792 745 ο’ίκοι,
3842 676 3871 729 ὃ

2217 762 2471 839 λέγονται
2502 763 2732 837 πάσχειν
2769 766 2820 816 o't
2853 764 3278 837 πεπειρασμένοι
3308 765 3602 834 Σειρήνων.

457 860 639 926 geret,
671 871 873 911 omnes
904 857 1228 927 oportebat,
1262 858 1591 929 oportebat,
1637 858 1900 928 inquam,
1932 873 2160 924 omnes,
2191 856 2405 927 quibus
2438 856 2699 909 sanctius
2732 854 2958 909 vivendi
3013 856 3182 910 ardor
3212 860 3385 921 esset,
3411 856 3561 911 istuc
3583 857 3873 913 curriculo

457 960 708 1013 currere,
733 950 907 1016 atque
935 945 1024 1001 vel
1072 946 1239 1001 illum
1273 946 1523 1017 plurima
1552 948 1968 1015 obsecratione,
2015 951 2080 1002 ut
2108 947 2181 1002 ad
2240 961 2346 1001 nos
2396 945 2694 1011 transiret,
2756 949 3135 1015 nostrumque
3190 955 3483 999 exornaret
3514 947 3731 1014 orbem,
3764 948 3873 1001 ad-

456 1033 687 1100 ducere,
712 1040 812 1089 aut
842 1034 949 1090 bos
982 1035 1038 1089 in
1074 1040 1372 1105 posterum
1405 1037 1479 1091 iis
1537 1037 1597 1092 in
1630 1037 1772 1093 locis
1805 1038 1902 1093 ubi
1936 1039 2062 1107 ipse
2094 1043 2283 1106 ageret
2341 1038 2668 1102 manentes,
2719 1032 2937 1105 quibus
2997 1051 3176 1104 supra
3208 1035 3356 1090 alios
3412 1051 3611 1090 omnes
3644 1036 3872 1091 instru-

455 1127 583 1177 ctus
615 1134 735 1178 erat
767 1125 985 1195 perfrui
1014 1126 1248 1197 gratiis;
1309 1127 1577 1196 deposita
1623 1143 1817 1183 rerum
1851 1127 2305 1183 domesticarum
2367 1124 2673 1193 memoria,
2733 1124 2834 1193 qui
2866 1123 2960 1191 iis,
2996 1124 3148 1195 quod
3178 1123 3450 1180 Sirenum
3488 1125 3873 1197 degustavere

455 1214 960 1282 consuetudinem,
994 1231 1106 1270 usu
1153 1217 1347 1271 venire
1374 1217 1589 1271 ferunt.

528 1301 587 1356 C.
622 1303 764 1358 Exin
786 1304 887 1358 ubi
914 1304 1260 1375 gratissimas
1293 1305 1403 1361 sibi
1438 1305 1812 1377 Cappadocia;
1839 1304 2109 1360 redditus

455 1400 574 1447 erat
606 1392 932 1463 Gregorius,
966 1398 1024 1448 et
1061 1393 1188 1463 jam
1221 1394 1403 1462 patria
1433 1394 1652 1465 ipsum,
1695 1394 1865 1449 dulce
1897 1393 2108 1458 solum,

452 1481 706 1548 tenebat,
766 1481 861 1536 hic
921 1483 1415 1553 quemadmodum
1465 1500 1580 1538 non
1640 1482 1990 1538 mediocrem
2039 1498 2109 1537 ex

452 1585 518 1625 eo
551 1570 906 1642 vuluptatem
956 1572 1239 1642 capiebat,
1270 1573 1422 1643 quod
1454 1572 1622 1641 longo
1665 1572 1900 1641 patriam
1927 1572 2109 1627 inter-

454 1658 603 1715 vallo
658 1665 971 1732 receperat,
1013 1661 1242 1733 sibique
1292 1662 1426 1717 item
1481 1662 1908 1734 gratulabatur,
1942 1664 2108 1717 nata-

453 1748 528 1803 lis
558 1748 770 1803 iterum
806 1749 961 1805 urbis
1007 1755 1307 1821 aspectum
1363 1751 1660 1807 meruisse.
1696 1751 1783 1806 Ita
1831 1749 2108 1821 quoniam

458 1838 718 1893 urbanos
776 1838 1077 1911 strepitus,
1136 1844 1312 1911 atque
1382 1840 1516 1895 inde
1575 1841 1878 1895 exundans
1934 1839 2109 1895 mole-

462 1926 707 1982 stiarum
741 1926 1045 1995 diluvium,
1069 1928 1414 1999 planissime
1446 1944 1685 2000 perosus
1707 1934 1851 1997 erat,
1871 1942 2108 2005 suaeque

464 2014 679 2085 quietis
740 2016 1054 2072 insatiabili
1128 2017 1416 2074 desiderio
1469 2019 1774 2074 tenebatur
1834 2034 1847 2071 :

452 2102 572 2160 imo
631 2104 994 2176 longissime,
1054 2107 1123 2162 eb
1181 2124 1246 2163 eo
1303 2108 1519 2175 aberat,
1582 2115 1643 2163 ut
1672 2105 1942 2163 stabilem
1985 2106 2105 2162 illic

448 2194 649 2248 sedem
681 2193 1045 2261 admitteret;
1078 2211 1184 2251 nec
1213 2195 1450 2251 admisit
1471 2212 1633 2251 sane.
1656 2199 1900 2266 Reperto
1928 2195 2107 2266 igitur

448 2283 700 2352 quodam
723 2283 1096 2354 Cappadociae
1137 2284 1434 2356 oppidulo,
1466 2286 1559 2340 cui
1590 2284 1840 2340 Arianzo
1866 2301 2102 2352 nomen,

446 2370 721 2441 quodque
765 2386 835 2426 ex
862 2380 1103 2443 paterna
1131 2375 1472 2445 cognatione
1513 2373 1780 2429 nonnihil
1824 2374 1896 2428 ad
1930 2374 2098 2428 illum

438 2458 748 2526 attinebat,
799 2465 857 2516 et
886 2460 1165 2533 religiosae
1198 2462 1582 2534 philosOpbise
1614 2478 1727 2517 non
1761 2462 2101 2533 inopportu-

447 2562 586 2602 num
618 2548 954 2616 videbatur;
986 2550 1043 2604 id
1075 2567 1143 2606 ex
1175 2551 1450 2607 omnibus
1476 2550 1761 2619 habitare,
1792 2566 2100 2622 avumque

445 2634 567 2690 illic
598 2635 888 2707 reliquum
919 2640 1289 2705 commorari,
1319 2641 1544 2696 statuit.

517 2725 605 2781 CI.
637 2724 767 2781 Jam
820 2743 988 2796 porro
1020 2733 1086 2783 ut
1135 2728 1316 2785 sacris
1372 2744 1604 2800 semper
1639 2729 1893 2783 animum
1933 2744 2101 2783 com-

442 2814 900 2871 mentationibus
930 2815 1262 2886 intendens,
1296 2818 1363 2873 ad
1395 2834 1461 2874 ea
1490 2834 1613 2873 sese
1644 2817 1892 2888 penibus
1922 2817 2099 2888 appli-

436 2903 669 2971 caverit,
717 2920 1078 2977 quaecunque
1149 2911 1327 2962 Deum
1389 2907 1729 2962 hominibus
1760 2905 2096 2975 conciliare,

438 2995 612 3062 atque
645 2993 945 3049 miriﬁcam
990 2996 1125 3051 inde
1172 2998 1478 3064 quamdam
1530 2997 1789 3067 ipsorum
1859 2993 2096 3065 capula—

2293 1303 2363 1355 P'.
2409 1299 2555 1355 Ἐπεὶ
2616 1296 2673 1354 δὲ
2732 1298 2821 1353 καὶ
2871 1299 2959 1354 καὶ
3007 1302 3104 1369 τῆς
3168 1299 3389 1373 μάλιστ’
3430 1300 3593 1376 αὐτῶν
3642 1320 3870 1376 κεχαρι-

2219 1388 2418 1461 σμένης
2469 1385 2863 1450 Καππαδοκίας
2918 1383 3111 1460 ἐπέϐη,
3142 1390 3233 1443 καὶ
3287 1393 3480 1444 τοῦτον
3527 1390 3672 1465 εἶχεν
3729 1390 3873 1463 ἀμέ-

2220 1476 2304 1532 λει
2360 1477 2423 1531 τὸ
2472 1475 2633 1554 φίλον
2683 1472 2904 1553 ἔδαφος,
2936 1478 2970 1544 ἡ
3002 1477 3221 1551 πατρὶς,
3254 1479 3336 1539 οἷς
3368 1478 3463 1549 μὲν
3515 1476 3604 1534 διὰ
3653 1483 3869 1554 μακροῦ

2216 1566 2419 1634 ταύτην
2483 1559 2756 1620 ἀπέλαϐεν
2829 1558 3056 1643 ἔχαιρε·
3105 1566 3197 1620 καὶ
3280 1565 3589 1641 ξυνέχαιρεν
3667 1568 3870 1639 ἑαυτῷ,

2216 1654 2312 1710 τοῖ’)
2341 1657 2440 1724 τήν
2473 1654 2794 1729 ἐνεγκοῦσαν
2829 1653 2959 1710 ἰδεῖν
2989 1657 3252 1727 ἠξιῶσθαι
3277 1675 3290 1687 ’
3325 1659 3406 1719 οἷς
3455 1656 3511 1713 δὲ
3559 1658 3692 1732 πρὸς
3731 1658 3865 1719 τοὺς

2217 1745 2468 1806 ἀστικοὺς
2529 1742 2707 1814 δήπου
2765 1739 3055 1816 θορύϐους,
3114 1747 3202 1799 καὶ
3269 1750 3360 1800 τὸν
3421 1745 3593 1802 πολὺν
3662 1745 3868 1801 ἐκεῖθεν

2214 1832 2622 1906 κατακλυσμὸν,
2680 1833 2941 1908 ἀπεχθῶς
3004 1834 3334 1889 παντάπασιν
3393 1835 3540 1910 εἷχε”
3598 1837 3689 1890 καὶ
3758 1843 3868 1906 τῆς

2217 1923 2452 1999 ἡσυχίας
2504 1920 2798 1992 ἀπλήστως
2848 1921 3052 1995 εἴχετο.
3086 1924 3164 1991 Τή
3221 1924 3315 1994 μὲν
3378 1922 3602 1978 ἐνταῦθα
3653 1925 3871 1997 διατρι-

1916 2003 2104 2086 longe,
2138 1988 2340 2080 Βϐἠν,
2398 2007 2620 2065 πολλοῦ
2679 2031 2741 2086 γε
2797 2010 2887 2065 καὶ
2933 2014 3029 2065 τοῦ
3086 2011 3287 2072 παντὸς
3359 2009 3464 2067 ἔδει
3532 2014 3826 2087 προσέσθαι
3850 2035 3871 2063 ο.

2216 2100 2410 2155 οὔκουν
2452 2096 2576 2154 οὐδὲ
2620 2101 2976 2175 προσήκατο“
3028 2099 3189 2163 αὐτὸς
3240 2098 3297 2156 δέ
3352 2123 3402 2156 τι
3477 2101 3866 2166 Καππαδοκίας

2210 2189 2422 2262 χωρίον
2482 2188 2677 2262 εὑρὼν,
2725 2189 3004 2263 Ἀριανζὸν
3075 2189 3392 2263 πρόσρημα,
3440 2192 3701 2265 πατρόθεν
3763 2192 3865 2263 μὲν

2207 2278 2355 2349 αὐτῷ
2389 2275 2667 2354 διαφέρον,
2699 2278 2834 2352 πρὸς
2868 2275 2923 2332 δὲ
2973 2277 3296 2358 φιλοσοφίαν
3340 2278 3663 2350 ἐπιτηδείως
3712 2277 3870 2359 ἔχειν

2209 2363 2426 2429 δοκοῦν,
2456 2367 2603 2421 τοῦτ’
2635 2365 2685 2438 ἐξ
2718 2368 2969 2422 ἁπάντων
3002 2365 3178 2422 ε’ίλετο
3230 2371 3492 2442 χρῆσθαι,
3538 2369 3634 2423 κάν
3681 2370 3870 2443 τούτῳ

2215 2458 2394 2528 μένειν
2428 2453 2667 2510 εἰσάπαν.

2276 2731 2400 2782 PA’.
2426 2729 2515 2783 Ὡς
2577 2724 2671 2796 μὲν
2732 2722 2824 2777 οὖν
2872 2723 3125 2779 ἑκάστοτε
3175 2727 3375 2800 θεωρίᾳ
3411 2728 3503 2783 τὸν
3537 2733 3657 2784 νοῦν
3687 2749 3867 2804 προσα

2204 2814 2374 2889 έχων,
2417 2814 2634 2874 τούτοις
2680 2813 2925 2883 καθάπαξ
2972 2810 3176 2883 ἐδίδου,
3222 2814 3323 2870 ὅσα
3366 2818 3493 2871 Θεὸν
3543 2816 3863 2892 ἀνθρώποις

2204 2902 2315 2959 οἶδε
2366 2903 2704 2976 μνηστεύειν,
2764 2902 2854 2956 καὶ
2913 2905 3220 2976 θαυμαστόν
3277 2912 3375 2961 τιν’
3416 2907 3603 2970 αὐτοῖς
3654 2906 3860 2962 ἐκεῖθεν

2201 2990 2522 3065 ἐργάζεσθαι
2551 2990 2650 3057 τὴν
2682 2986 3042 3062 συνδυασμὸν,
3068 2992 3158 3045 καὶ
3199 2992 3273 3052 ὡς
3307 3016 3335 3044 ι(
3366 2987 3651 3057 ἀναϐάσεις
3698 2992 3751 3049 ἓν
3780 2997 3849 3065 τῇ

441 3082 660 3137 tionem
694 3082 942 3151 efﬁcere,
990 3090 1215 3155 queunt
1246 3102 1257 3139 :
1283 3084 1538 3156 itemque
1570 3090 1634 3140 ut
1675 3105 1701 3136 α
1728 3086 2094 3141 escensiones

2214 3078 2397 3154 ιαρδίᾳ
2454 3077 2794 3152 διαθέμενος,
2847 3102 2875 3131 ››
2926 3082 3068 3153 φωτὶ
3125 3078 3553 3156 προσελάμϐανε
3597 3089 3734 3158 φῶς,
3768 3104 3854 3138 κα.

438 3167 499 3222 in
524 3169 695 3222 corde
708 3184 814 3224 suo
828 3169 1218 3240 disponens”,
1238 3193 1265 3220 »
1292 3171 1487 3227 lumen
1508 3187 1682 3242 super
1700 3172 1898 3226 lumen
1935 3187 2093 3226 acce-

438 3253 888 3327 perit,Deusque
925 3259 1355 3328 quodammodo
1387 3276 1455 3314 ex
1474 3257 2087 3329 homine,quotidiano

2201 3171 2352 3237 Θεὸς,
2380 3169 2454 3230 ὡς
2507 3168 2698 3238 εἰπεῖν,
2742 3167 2791 3237 ἐξ
2844 3168 3148 3243 ἀνθρώπων
3298 3171 3610 3247 ἀνθρώπου]
3659 3171 3862 3229 τοκαλ-

2207 3257 2434 3328 εκάστην
2483 3251 2614 3334 ἔχον
2668 3257 2935 3334 ἐγίγνετο,
2983 3256 3136 3312 ’ίσασι
3199 3261 3395 3326 πάντες
3446 3261 3563 3317 ὅσοι
3613 3261 3863 3317 τάκείνου

442 3344 725 3413 profectu,
780 3347 1048 3413 evaserit,
1101 3349 1157 3403 id
1209 3349 1477 3419 equidem
1538 3349 1833 3419 omnibus,
1866 3347 1967 3420 qui
2009 3364 2096 3403 res

2214 3352 2395 3426 σαφῶς
2429 3345 2603 3400 ἴσασιν
2631 3365 2643 3378 ⁸
2680 3347 2763 3400 δτι
2813 3343 2871 3400 δὲ
2912 3347 3002 3401 καὶ
3041 3354 3142 3417 τῆς
3189 3345 3459 3413 εὒσεϐείας
3507 3351 3683 3414 οὕτως
3714 3350 3867 3426 ἔχων

439 3432 603 3488 illius
645 3435 791 3490 satis
840 3442 1074 3503 norunt,
1107 3445 1369 3506 constat;
1403 3439 1555 3509 quod
1603 3454 1737 3494 vero
1767 3437 1925 3493 idem
1976 3436 2094 3504 ille,

441 3522 542 3592 qui
576 3528 803 3580 tantum
835 3526 1035 3596 pietati
1062 3527 1332 3583 addictus
1352 3534 1496 3589 erat.
1528 3528 1928 3584 defensionem
1948 3530 2098 3598 ejus-

439 3611 570 3667 dem
600 3614 1038 3685 suscipiendam
1090 3617 1202 3673 sibi
1253 3623 1555 3686 statueret,
1620 3623 1903 3690 tanquam
1938 3633 2091 3674 com-

2210 3438 2547 3511 ὑπερμαχεῖν
2609 3433 2746 3507 ᾤετο
2795 3432 2924 3504 δεῖν,
2989 3434 3170 3511 ὥσπερ
3230 3461 3313 3501 τις
3365 3441 3542 3495 κοινὸς⁵
3595 3438 3863 3515 πρόδρον,

2207 3526 2299 3581 καὶ
2329 3526 2554 3598 προσέτι
2598 3526 2842 3597 μνήμαις
2873 3518 3013 3580 ἔστιν
3045 3526 3118 3580 ὧν
3166 3526 3620 3606 ἐμπανηγυρίζειν
3662 3530 3862 3607 ἁγίων,

2201 3614 2412 3689 προϊὼν
2449 3614 2477 3668 ὁ
2515 3610 2677 3686 λόγος
2708 3609 2970 3682 δηλώσει.

440 3702 642 3759 munis
673 3705 965 3776 quispiam
999 3706 1265 3763 Ecclesia
1297 3724 1534 3780 praeses,
1592 3707 1789 3764 adhaec
1844 3707 1981 3764 item
2040 3710 2379 3763 sanctorum
2432 3704 2813 3775 quorumdam
2846 3705 3156 3762 memorias
3186 3709 3527 3764 solemniter
3556 3708 3862 3765 celebran-

440 3789 566 3857 das,
598 3792 655 3847 id
690 3793 749 3847 in
785 3810 1099 3867 progressu
1132 3806 1331 3853 nostra
1360 3797 1628 3853 ostendet
1659 3798 1857 3853 oratio.

515 3879 628 3937 CII.
663 3881 921 3940 Primum
952 3886 1142 3955 itaque
1192 3888 1525 3943 unanimem
1556 3894 1729 3959 atque
1759 3885 2092 3942 concordis-

440 3969 662 4025 simum
686 3973 938 4030 sodalem
950 3991 1148 4044 suum,
1164 3975 1641 4044 Basilium,illum
1661 3977 2094 4032 sivesummum

436 4058 671 4115 virtutis
705 4067 1068 4132 certatorem,
1102 4065 1222 4121 sive
1251 4066 1515 4135 ejusdem
1546 4069 1841 4121 certamen
1890 4081 1956 4119 ac
1977 4068 2096 4119 stu-

440 4147 628 4213 dium,
659 4149 779 4206 sive
835 4153 993 4221 item,
1027 4155 1077 4210 si
1117 4154 1224 4209 tibi
1279 4154 1441 4224 libet,
1516 4159 1831 4225 utrumque
1878 4154 2096 4209 dudum

438 4235 558 4291 vita
606 4237 805 4295 relicta
845 4241 902 4296 in
924 4243 1225 4314 antiquam
1266 4259 1594 4316 regressum
1626 4242 1898 4313 patriam,
1951 4241 2098 4297 mul-

440 4329 662 4400 tasque
692 4328 1002 4386 multorum
1026 4330 1413 4400 laudationes,
1433 4333 1534 4404 qui
1566 4330 1795 4404 publice
1824 4337 1880 4387 et
1923 4331 2098 4402 priva-

439 4423 551 4478 tim
584 4436 674 4476 res
726 4420 851 4489 ejus
908 4420 1276 4491 actionesque
1327 4431 1619 4491 ornarent,
1673 4429 2092 4478 consecutum:

443 4510 560 4568 nisi
587 4518 640 4564 et
671 4509 793 4580 ipse
817 4509 940 4579 pari
971 4510 1140 4565 modo
1176 4510 1528 4579 honestaret,
1552 4516 1727 4584 atque
1758 4508 1988 4567 funebri
2010 4509 2098 4565 de-

2275 3882 2391 3938 PB'.
2439 3884 2633 3955 Πρῶτα
2685 3881 2778 3953 μὲν
2823 3880 2925 3957 γὰρ
2973 3881 3256 3939 Βασίλειον
3308 3888 3398 3941 τὸν
3445 3886 3737 3962 ὁμόψυχόν
3796 3907 3859 3942 τε

2203 3971 2293 4026 καὶ
2352 3969 2644 4042 σύμπνεον,
2701 3970 2790 4024 τὸν
2848 3968 2948 4025 ε⁶ίτ’
3007 3973 3172 4047 ἄκρον
3249 3975 3556 4050 ἀγωνιστὴν
3631 3976 3854 4050 ἀρετῆς,

2205 4057 2301 4114 εἶτ’
2330 4058 2501 4130 αὐτῆς
2530 4057 2730 4129 ταύτης
2761 4058 3045 4134 ἀγώνισμα
3073 4065 3349 4140 γεγονότα,
3384 4065 3430 4120 εἷ
3456 4064 3513 4120 δέ
3540 4086 3604 4139 γε
3639 4064 3861 4140 βούλει,

2203 4150 2296 4204 καὶ
2326 4148 2492 4225 ἄμφω
2540 4149 2646 4223 πρὸ
2695 4147 2910 4204 πολλοῦ
2953 4152 3047 4225 μὲν
3074 4153 3165 4208 τὸν
3210 4154 3329 4228 βίον
3366 4155 3731 4222 ἀπολιπόντα,
3763 4157 3863 4209 καὶ

2207 4239 2557 4312 στειλάμενον
2619 4239 2707 4293 ἐπὶ
2759 4240 2857 4309 τὴν
2917 4240 3151 4320 ἀρχαίαν
3201 4242 3473 4319 πατρίδα*
3513 4244 3741 4301 πολλῶν
3801 4242 3866 4300 δὲ

2205 4329 2353 4402 παρὰ
2380 4326 2617 4390 πολλοῖς
2666 4327 2958 4404 ἐγκωμίων
3005 4334 3385 4411 τετυχηκότα⁶
3417 4337 3509 4390 καὶ
3558 4338 3716 4408 κοινῇ
3765 4335 3866 4390 καὶ

2207 4414 2320 4488 ἰδίᾳ
2375 4417 2622 4473 τάκείνου
2679 4420 3009 4492 κοσμήσασι,
3066 4427 3173 4477 τῶν
3233 4422 3604 4479 ἀτοπωτάτων
3662 4425 3867 4498 ἠγεῖτο

2212 4508 2287 4580 μὴ
2337 4507 2427 4561 καὶ
2472 4506 2635 4570 αὐτὸς
2683 4507 2906 4578 ἀξιῶσαι
2952 4514 3058 4565 τῶν
3104 4508 3264 4583 ἵσῶν,
3295 4514 3385 4568 καὶ
3434 4512 3624 4588 λόγοις
3666 4510 3867 4569 ἐπιταο

447 4606 674 4656 coraret
725 4599 1008 4665 oratione,
1076 4599 1130 4655 id
1189 4599 1512 4656 absurdum
1571 4582 1809 4657 omnino
1898 4616 1932 4655 a
1989 4614 2099 4669 que

2214 4595 2357 4673 φίοις
2403 4602 2722 4669 κοσμῆσαι·
2766 4597 2795 4651 ’ὀ
2836 4598 2927 4653 καὶ
2976 4600 3082 4675 πρὸ
3128 4582 3255 4656 τῶν
3283 4599 3469 4659 ἄλλων
3518 4582 3737 4676 ἔδρασεν
3770 4601 3865 4675 ἂν,

444 4688 702 4745 alienum
745 4688 1015 4744 ducebat.
1046 4690 1105 4743 Id
1138 4691 1291 4760 quod
1322 4694 1380 4746 et
1399 4696 1529 4746 ante
1551 4699 1789 4747 ceteros
1811 4689 1970 4745 haud
1991 4688 2098 4743 du-

439 4779 532 4834 bie
561 4783 870 4833 exsecutus
924 4777 1129 4840 fuerat,
1195 4780 1308 4835 nisi
1342 4779 1441 4835 illa
1495 4780 1683 4836 multa
1740 4796 1806 4835 ac
1867 4794 2092 4849 magna,

439 4882 544 4939 pro
559 4867 769 4939 pietate
781 4866 1145 4924 obstitissent
1166 4870 1506 4925 certamina.
1532 4868 1865 4925 Orationem
1888 4868 1970 4923 ita
1983 4882 2094 4938 que

443 4958 516 5012 de
544 4956 645 5011 illo
676 4956 992 5027 componit,
1044 4958 1130 5013 sic
1159 4960 1393 5030 quidem
1429 4959 1497 5013 ad
1533 4975 1831 5015 summum
1863 4958 2094 5012 virtutis

442 5046 710 5102 oratorias
760 5047 1060 5118 fastigium
1104 5051 1483 5119 provectam;
1538 5048 1621 5104 sic
1664 5048 1749 5103 illi
1801 5064 1953 5116 vero,
2000 5049 2094 5103 cui

441 5134 660 5206 scripta
707 5140 853 5204 erat,
884 5141 1084 5207 aptam
1135 5142 1191 5192 et
1236 5138 1760 5203 accommodatam,
1809 5137 2095 5207 rebusque

444 5224 588 5295 ipsis
620 5224 790 5294 plane
819 5230 1327 5296 congruentem,ut
1358 5242 1471 5281 nou
1493 5225 1618 5297 ipsa
1650 5227 1821 5281 modo
1852 5243 1885 5280 a
1912 5225 2096 5281 musis

440 5313 765 5386 gratiisque
798 5319 1050 5385 pertexta
1078 5314 1357 5383 videatur,
1378 5316 1479 5370 sed
1511 5321 1569 5371 et
1597 5314 1816 5371 collatae
1846 5330 1977 5371 cum
2000 5313 2097 5368 illa

440 5405 677 5468 caetera,
709 5418 958 5473 quarum
989 5404 1359 5476 pauloiantca
1390 5404 1785 5473 meminimus,
1803 5404 2094 5476 vitupera-

438 5489 587 5546 tioni
619 5506 796 5564 quam
828 5492 989 5549 laudi
1017 5494 1341 5565 propiores,
1375 5498 1432 5550 et
1486 5492 1667 5551 animi
1697 5494 1886 5565 magis
1918 5508 2095 5549 causa

446 5579 700 5652 scripta,
748 5596 923 5651 quam
989 5582 1141 5639 seria
1193 5582 1501 5641 elaboratas
1546 5599 1707 5650 cura,
1763 5582 2089 5639 videantur.

523 5704 574 5741 ⁵³
603 5706 758 5765 Psal.
788 5722 1015 5778 mam,
1045 5707 1099 5762 6.

2212 4685 2288 4758 μὴ
2348 4687 2458 4739 τῶν
2517 4682 2746 4740 πολλῶν
2791 4685 2881 4741 καὶ
2943 4686 3197 4763 μεγάλων
3259 4688 3476 4746 ἐκείνων
3534 4691 3665 4766 ὑπὲρ
3706 4689 3866 4747 εὗσεο

2205 4768 2357 4835 ϐείας
2409 4772 2633 4849 ἀγώνων
2684 4772 2939 4847 ἐμποδὼν
2987 4776 3135 4849 αὐτῷ
3193 4779 3565 4835 καταστάντων
3599 4801 3611 4813 ·
3658 4778 3863 4852 ἀμέλει

2202 4862 2294 4917 καὶ
2325 4860 2490 4935 λόγον
2521 4861 2609 4918 ἐπὶ
2640 4862 2820 4936 τούτῳ
2851 4864 3081 4938 συνθεὶς,
3114 4865 3260 4922 οὕτω
3297 4868 3393 4942 μὲν
3441 4875 3541 4938 τῆς
3590 4870 3864 4945 γιγνομέ-

2202 4973 2297 5022 νης
2331 4952 2555 5025 ’ἀρετῆς
2605 4950 2952 5009 έπιπλεῖστον
3005 4954 3171 5013 ἲόντα.
3233 4956 3376 5012 οὕτω
3440 4955 3496 5013 δὲ
3558 4964 3860 5037 προσφυῶς

2204 5041 2293 5095 καὶ
2353 5038 2566 5099 οἰκείως
2620 5041 2757 5114 πρὸς
2805 5043 2862 5097 ὃν
2909 5044 3096 5118 γέγονε
3138 5044 3334 5122 ἔχοντα
3381 5048 3471 5101 καὶ
3520 5052 3628 5101 τῶν
3675 5067 3860 5123 πραγ-

2209 5130 2392 5203 μάτων
2423 5127 2670 5205 ἄντικρυς
2704 5130 2851 5203 ὄντα,
2888 5134 2963 5195 ὡς
2998 5136 3072 5207 μή
3129 5136 3292 5207 μόνον
3343 5137 3445 5192 ὑπὸ
3496 5142 3712 5210 μουσῶν
3761 5139 3858 5192 καὶ

2211 5219 2455 5298 χαρίτων
2517 5216 2693 5273 δοκεῖν
2748 5221 2906 5276 αὐτὸν
2982 5221 3302 5303 ἐξυφάνθαι’
3356 5225 3499 5281 ἀλλά
3563 5227 3654 5280 καί
3721 5226 3852 5289 τοὺς

2205 5306 2410 5371 ἄλλους
2453 5311 2526 5364 ὧν
2571 5310 2769 5382 ἀρτίως
2818 5311 3113 5386 ἐμνήσθην,
3163 5318 3365 5390 τουτῳὶ·
3419 5313 3852 5391 παραϐαλλομέ-

2206 5418 2350 5467 νους,
2384 5400 2556 5472 ψόγον
2594 5400 2808 5473 μᾶλλον
2836 5401 2871 5471 ἢ
2902 5398 3120 5460 ἔπαινον
3171 5405 3304 5460 εἶναι
3339 5404 3512 5462 δοκεῖν
3536 5426 3548 5440 ’
3582 5407 3671 5462 καὶ
3723 5429 3846 5462 παι-

2204 5484 2321 5541 διὰν
2350 5488 2385 5558 ἢ
2431 5484 2774 5563 σπούδασμα,
2802 5494 2994 5547 τοῦτον
3043 5492 3221 5549 τοίνυν
3270 5498 3515 5567 τοιοῦτον
3567 5492 3849 5572 δημιουρ-

2203 5578 2396 5652 γήσας,
2444 5576 2721 5651 ἀπελθὼν,
2762 5577 3001 5657 ἐπιλέγει
3049 5583 3145 5638 τοῦ
3203 5583 3468 5662 φιλτάτου
3512 5589 3595 5659 τῷ
3649 5588 3843 5665 τάφῳ·
