4092 6300
199 395 288 456 321
1159 389 1560 460 LAUDATIU
1604 391 1667 449 S.
1715 388 2083 452 GBEGOBII
2131 389 2554 453 THEOLOGI.
3434 387 3552 452 382

203 527 264 582 καὶ
309 523 440 580 οὕτω
485 527 579 594 τὴν
625 523 958 602 γιγνομένην
1006 523 1328 597 ἆᾳοσιοῦται
1367 523 1695 591 συντέλειαν,
1729 525 1794 578 οὐ

1935 526 2025 580 lac
2079 525 2255 596 igitur
2303 524 2646 597 hujusmodi
2693 524 3038 582 concinnata
3093 525 3377 592 oratione,
3409 525 3551 594 abit,

202 615 513 690 χαριζόμενος
569 613 808 692 φίλτρῳ,
850 611 977 670 οὐδὲ
1021 615 1166 688 παρὰ
1196 618 1356 668 τοῦτο
1385 611 1516 674 τοὺς
1547 611 1796 674 ἐπαίνους

1935 630 2156 686 tamque
2185 616 2253 670 ad
2289 615 2578 670 tumulum
2611 614 2780 670 amici
2815 614 3276 684 coniunctissimi
3327 615 3551 684 recitat,

200 704 378 779 ἐξάγων,
426 701 538 758 οὐδ’
607 703 785 780 ἐγγύς.
819 704 1146 760 Τούναντίον
1183 703 1276 774 μὲν
1328 700 1419 757 οὖν
1460 703 1552 757 καὶ
1581 699 1795 757 κωλυό-

1935 712 1961 757 at
1991 704 2100 759 hoc
2133 705 2302 759 modo
2336 720 2436 775 pro
2468 703 2619 758 virili
2653 709 2815 776 parte
2842 703 2998 772 justa
3028 703 3214 760 funeri
3257 703 3551 776 persolvit,

201 813 322 863 μενος
350 793 578 847 ὑπαυτοῦ
604 792 802 847 τούτου
835 790 1089 865 ιμᾶλλον,
1119 791 1208 845 καὶ
1241 791 1372 864 ἅπερ
1405 785 1577 846 ἔνεστι
1629 796 1797 866 φῆσαι

1932 793 2054 848 iihil
2088 794 2360 850 amicitias
2406 795 2572 862 dans,
2609 809 2709 848 nec
2741 793 2868 850 ideo
2921 791 3127 849 laudes
3168 793 3342 850 amici
3373 793 3548 851 altius

197 883 264 936 xz?
296 883 354 936 τὶ
391 877 510 936 ὄντα
549 880 808 954 σημάναι,
860 881 935 943 ὡς
977 878 1038 936 ἂν
1074 883 1148 952 μή
1198 879 1424 960 κᾴκείνῳ
1470 878 1595 950 δόξη
1643 880 1795 955 χαρί.

1933 883 2182 938 ιᾶυοεηε.
2217 882 2456 939 Minime
2501 884 2777 955 profecto.
2823 883 2944 938 Imo
2974 899 3108 939 vero
3139 899 3206 938 ex
3237 885 3549 954 contrario,

198 973 356 1042 ζεσθτι,
385 973 468 1026 καὶ
507 971 568 1026 τὸ
615 971 734 1026 καθ’
765 971 924 1027 αὐτὸν
975 970 1301 1046 ὑπεραίρειν.
1357 969 1420 1024 Ei:
1469 969 1571 1044 γὰρ
1621 968 1794 1032 ἄλλος

1930 988 2004 1027 »ει-
2031 971 2182 1028 hanc
2213 973 2398 1043 ipsam
2431 973 2744 1027 amicitiam
2778 973 2850 1028 ab
2881 971 2952 1027 iis
2986 973 3266 1041 dicendis,
3286 989 3411 1044 quis
3433 973 3546 1028 dici

195 1059 320 1123 αὐτὸς
370 1061 611 1138 ἱκάτερτς
669 1061 900 1123 τούτων,
959 1057 1194 1131 εὔδηλον
1268 1058 1500 1128 πάντως,
1558 1060 1632 1121 ὡς
1709 1062 1792 1121 οἷς

1929 1064 2196 1126 ιοίθτεοῐ,
2249 1062 2448 1131 eisque
2495 1077 2623 1132 qum
2679 1066 2864 1128 erant,
2926 1059 3093 1132 plene
3149 1061 3545 1133 exprimendis

193 1149 353 1212 ἐκεῖνος
396 1155 700 1224 κοσμεῖται,
758 1156 848 1205 καί
906 1149 1068 1214 αὐτὸς
1125 1147 1301 1220 δήπου
1346 1152 1654 1221 κοσμεῖται,
1703 1149 1792 1203 καὶ

1930 1151 2094 1206 ιοιὶυε
2123 1153 2434 1220 deductus,
2461 1169 2529 1207 ne
2563 1151 2828 1206 videlicet
2845 1167 2976 1207 cum
2999 1152 3312 1224 gratiﬁcari
3334 1151 3546 1219 amico,

193 1243 274 1292 τῶν
306 1236 424 1292 ἴσων
472 1239 716 1314 μετέχει,
767 1239 855 1300 οἷς
906 1237 1103 1298 ἐκεῖνος
1144 1237 1364 1312 ἄριστος
1397 1233 1664 1291 δείκνυται
1699 1253 1711 1266 ·
1747 1235 1792 1291 εἰ

1935 1253 2025 1294 um
2057 1241 2127 1294 de
2167 1240 2361 1312 seipso
2392 1240 2563 1296 etiam
2599 1239 2908 1308 gloriosius
2940 1240 3100 1312 loqui
3121 1239 3431 1296 videretur.
3460 1243 3551 1298 Et-

195 1324 237 1381 δὶ
275 1329 338 1399 μή
375 1327 432 1382 τὸ
480 1326 712 1405 φίλτρον
759 1333 959 1402 παρῆν,
1007 1331 1243 1382 τοσαῦτα
1290 1323 1352 1380 ἂν
1414 1325 1544 1398 ὑπὲρ
1595 1324 1790 1380 τούτου

1931 1329 2080 1395 ηοίω,
2113 1329 2159 1384 si
2195 1329 2340 1384 alter
2367 1329 2490 1400 ipse
2519 1333 2763 1400 uterque
2791 1345 2987 1385 eorum
3021 1334 3162 1396 erat,
3193 1329 3328 1386 inde
3368 1330 3547 1401 liquet

196 1413 436 1488 3:15:58”
475 1417 618 1478 εἰκὸς
665 1417 758 1471 τὸν
809 1415 1049 1490 μάλιστα
1095 1416 1308 1471 πάντων
1355 1414 1512 1469 αὐτὸν
1563 1413 1784 1469 ἐπιστά-

1923 1433 2060 1484 iane,
2083 1417 2300 1489 quibus
2332 1418 2428 1472 ille
2465 1424 2734 1484 ornatur,
2764 1423 2821 1472 et
2849 1418 3004 1474 hunc
3073 1419 3263 1489 ipsum
3321 1421 3539 1488 ornari,

199 1526 339 1576 μενον.
1897 1523 2212 1580 paremque
2233 1509 2579 1580 participare
2599 1509 2866 1582 gloriam,
2890 1509 2949 1564 in
2971 1509 3186 1580 quibus
3204 1509 3370 1565 alteri
3395 1527 3550 1566 sum-

199 1613 318 1652 mum
346 1599 620 1654 astruitur
668 1599 866 1652 decus.
900 1598 1060 1664 Quod
1093 1597 1142 1651 si
1186 1612 1346 1653 amor
1369 1613 1481 1651 non
1516 1597 1743 1661 fuisset,
1777 1601 1899 1653 tam
1931 1597 2114 1654 multa
2153 1599 2354 1670 utique
2395 1599 2466 1654 de
2506 1597 2721 1655 Basilio
2755 1598 3092 1669 protulisset
3120 1607 3336 1667 noster,
3371 1615 3546 1670 quam

199 1686 330 1740 multa
355 1687 422 1742 ab
447 1703 513 1742 eo
539 1685 792 1758 proferri
823 1693 1280 1742 consentaneum
1305 1690 1451 1751 erat,
1485 1685 1582 1756 qui
1619 1700 1769 1740 unus
1801 1685 2066 1742 omnium
2099 1687 2509 1758 perfectissime
2539 1687 2837 1743 hominem
2870 1691 3084 1744 nosset.

245 1775 336 1829 PI".
389 1776 590 1830 Ἐπειτ’
644 1773 1034 1849 Ἀπολιναρίου
1077 1777 1174 1828 τοῦ
1218 1796 1244 1824 ‹‹
1288 1770 1628 1842 λαλήσαντος
1689 1772 1784 1843 μὲν
1819 1776 1861 1841 Ε

1971 1776 2109 1832 CIII.
2142 1777 2292 1832 Tum
2325 1777 2540 1845 deinde,
2576 1777 2668 1832 ubi
2703 1776 3111 1846 Apollinariue,
3159 1797 3185 1829 ι
3216 1779 3314 1850 qui
3346 1778 3403 1833 in
3439 1779 3543 1834 Ex-

203 1859 353 1918 ἀδικίαν
377 1863 446 1926 εἰς
475 1863 641 1938 ὕψος,
673 1887 702 1915 »
731 1863 962 1926 ἀπάσαις
1025 1883 1086 1938 γε
1137 1864 1244 1936 μ’ἶιν
1287 1863 1459 1937 ἱεραῖς
1510 1862 1790 1934 ἀποκηρυ-

1930 1865 2126 1921 slsum
2160 1865 2526 1937 iniquitatem
2557 1865 2909 1939 loquebatur
2929 1865 2995 1932 ⁸⁴,
3029 1889 3057 1917 ››
3091 1867 3271 1923 sacris
3309 1867 3546 1924 calculis

204 1953 365 2023 χθέντος
402 1959 516 2018 ταῖς
565 1955 746 2027 ψῆφοι
804 1955 895 2008 καὶ
951 1959 1053 2022 τῆς
1089 1953 1388 2020 καθολικῆς
1435 1949 1790 2021 Ἐκκλησίας,

1928 1957 2172 2013 mnibus
2200 1973 2230 2012 e
2268 1958 2678 2014 communione
2735 1958 2973 2029 ejectus,
3005 1975 3074 2013 ex
3119 1956 3404 2014 catholica
3433 1958 3544 2027 igi-

208 2039 240 2093 ἒι
271 2040 348 2116 ἴσῳ
384 2040 436 2098 δὲ
485 2044 666 2098 εἰπεῖν
707 2046 804 2098 τοῦ
863 2046 1018 2110 Θεοῦ,
1081 2041 1408 2102 παντάπαςιν
1460 2039 1790 2114 ἐξεληλαμέ-

1937 2063 2014 2113 ar,
2047 2045 2158 2102 etsi
2193 2046 2528 2118 hujusmodi
2553 2063 2748 2102 rerum
2770 2045 3435 2119 suarumhahitu,prout
3457 2063 3553 2119 per

211 2133 434 2194 πλοῦτος
490 2132 678 2188 τοίνυν
735 2134 819 2195 οἷς
872 2133 1044 2193 οὕτως
1084 2128 1213 2205 ἔσχε
1263 2126 1544 2206 δυσχερῶς
1583 2132 1656 2192 ὡς
1685 2125 1789 2185 ἔοι-

1935 2139 2034 2204 rat,
2076 2137 2329 2209 graviter
2375 2137 2722 2208 angebatur,
2757 2135 2962 2191 ulcisci
3006 2152 3150 2200 sese,
3185 2145 3241 2193 et
3273 2145 3551 2208 apertum

215 2237 268 2271 κεν
305 2215 447 2296 ἔχων,
474 2223 538 2277 τὸ
594 2222 696 2295 μὲν
737 2221 1036 2294 ἀμύνασθαι
1084 2220 1175 2274 καὶ
1223 2223 1466 2298 φανερῶς
1524 2218 1789 2292 πολεμεῖν

1924 2241 2084 2281 renuo
2113 2226 2262 2282 ciere
2293 2225 2536 2294 bellum,
2560 2226 2714 2296 quod
2745 2225 2933 2295 impar
2949 2229 3122 2294 esset,
3147 2226 3305 2282 haud
3336 2243 3540 2294 ausus,

220 2306 314 2370 536::
357 2313 648 2387 αἱρεῖσθαι,
681 2309 898 2385 ἐπείπερ
931 2308 1038 2384 οὐχ
1084 2310 1204 2370 οἷός
1261 2329 1317 2362 τε
1372 2309 1440 2377 ἦν
1481 2307 1590 2363 οὐδ’
1639 2308 1789 2385 ἐθάρ-

1927 2315 1992 2370 ed
2027 2314 2387 2385 improbum,
2421 2330 2642 2385 suoque
2665 2314 2908 2385 dignum
2932 2314 3188 2386 ingenio,
3214 2313 3325 2370 init
3345 2315 3543 2371 consi-

221 2395 317 2466 ῥησι,
340 2401 650 2474 βουλεύεται
699 2396 756 2454 δὲ
815 2398 1022 2474 βουλὴν
1071 2399 1331 2474 πονηρὰν,
1363 2399 1454 2453 καί
1492 2405 1591 2468 τῆς
1623 2398 1787 2453 αὐτοῦ

1923 2403 2056 2460 lum.
2080 2403 2367 2460 Nimirum
2401 2405 2642 2476 proinde
2669 2408 2732 2458 ut
2755 2403 2996 2475 pessimi
3022 2419 3376 2460 venenorum
3404 2405 3539 2461 arti-

220 2488 371 2559 γνώμης
401 2492 571 2564 ἀξίαν.
633 2492 838 2562 ’Ὠσπερ
868 2489 974 2563 γὰρ
1005 2489 1056 2543 οἱ
1111 2492 1358 2544 κάκιστοι
1414 2493 1520 2543 τῶν
1569 2509 1786 2562 φαρμα-

1925 2509 2050 2561 :ces,
2091 2510 2224 2550 oras
2263 2494 2454 2566 poculi
2489 2492 2657 2549 melle
2680 2493 3170 2564 primnmlinunt,
3189 2498 3313 2549 tum
3339 2500 3541 2565 postea

219 2578 292 2627 κῶν
325 2577 470 2648 μέλιτι
528 2581 640 2648 τὴν
713 2577 912 2633 κύλικα
987 2575 1297 2656 χρίσαντες,
1371 2573 1536 2632 ἔπειθ’
1611 2576 1787 2640 οὕτως

1923 2583 2254 2639 ὐὶδυειίοοι
2299 2587 2590 2638 veratrum
2655 2582 3002 2654 porrigunt:
3058 2583 3140 2638 ita
3197 2585 3410 2653 pariter
3439 2585 3539 2656 qui

214 2661 406 2738 ὀρέγουσεν
443 2671 532 2729 οἷς
580 2665 883 2743 βούλονται
922 2667 1014 2722 τὸν
1047 2661 1302 2740 ἐλέϐορον
1336 2686 1349 2699 ο
1384 2665 1556 2730 οὕτως
1586 2667 1636 2720 οἱ
1667 2673 1782 2730 τοῖς

1931 2672 1999 2727 iri
2035 2673 2210 2744 hujus
2269 2673 2650 2738 carminibus,
2700 2689 2799 2742 per
2854 2689 2981 2728 eam
3013 2689 3138 2744 qua;
3195 2671 3308 2728 illis
3368 2673 3547 2740 inest,

205 2749 490 2814 Emme-3100
541 2756 644 2813 διὰ
691 2758 789 2824 τήν
849 2755 1068 2811 ἐνοῦσαν
1113 2754 1297 2818 αὐτοῖς
1357 2755 1646 2828 εὐμουσίαν
1692 2757 1782 2814 καὶ

1935 2766 2253 2818 enustatem
2287 2771 2341 2818 et
2388 2763 2638 2834 gratiam
2671 2763 3006 2833 capiuntur,
3029 2777 3214 2834 eaque
3253 2762 3551 2833 lectitant,

197 2843 307 2914 χάριν
343 2845 681 2918 κηλούμενοι
740 2844 827 2898 καὶ
887 2843 1396 2918 περιτυγχάνοντες,
1433 2843 1778 2900 λανθάνουσιν

1931 2850 2200 2922 :nprovidi
2234 2851 2412 2908 simul
2445 2850 2886 2923 hlaSphemiam,
2912 2867 3090 2923 quam
3123 2867 3190 2906 ea
3228 2851 3547 2920 continent,

193 2931 380 2996 ἧςτιῦτ⁹
404 2933 514 3011 ἔχει
583 2934 909 3008 μετέχοντες
973 2931 1345 3008 βλασφημίας.
1383 2933 1481 2988 Καὶ
1537 2934 1604 3002 ἧν
1647 2933 1778 2990 ἰδεῖν

1924 2942 2193 2998 ιαυιοὶυηι.
2233 2943 2426 3014 Itaque
2440 2957 2559 2998 rem
2583 2942 2982 2998 tristissimam
3010 2941 3202 2998 videre
3223 2945 3368 3008 erat,
3387 2943 3540 2998 furto

189 3024 359 3094 πρᾶγμα
407 3020 578 3078 δεινὸν
645 3024 743 3090 τὴν
794 3021 1053 3091 ἀλήθειαν
1109 3020 1508 3094 κλεπτομὲνην,
1540 3022 1630 3076 καὶ
1665 3044 1782 3078 κιν-

1930 3029 2110 3102 urripi
2153 3031 2477 3100 veritatem,
2538 3030 2960 3102 hominumque
3013 3031 3263 3100 animas,
3322 3031 3541 3102 quibus

187 3103 450 3178 δννευοῦσας
481 3114 695 3188 ψυχὰς,
731 3113 802 3165 ὥν
838 3109 991 3166 οὐδὲν
1021 3115 1130 3165 τῶν
1161 3110 1372 3165 πάντων
1405 3109 1733 3185 ἀντίρροπον
1768 3134 1779 3146 ·

1928 3118 2058 3174 ιυΙΙο
2098 3119 2268 3192 plane
2291 3119 2533 3192 aequalis
2564 3135 2658 3175 res
2687 3119 2801 3176 alia
2829 3127 2936 3189 est,
2971 3121 3027 3174 in
3061 3120 3402 3176 discrimine
3422 3137 3544 3176 ver-

186 3199 244 3259 οἷς
267 3199 556 3276 ἐπιθέμενος
591 3204 623 3256 ὁ
673 3203 849 3274 μάγας
899 3201 1056 3261 οὗτος
1109 3205 1206 3268 τῆς
1257 3195 1527 3262 εὐσεϐείας
1587 3203 1788 3275 ἀγωνι-

1930 3209 2040 3263 .ari.
2075 3208 2208 3265 Suis
2237 3209 2432 3280 itaque
2459 3208 2824 3265 carminibus
2853 3210 2912 3264 in
2956 3209 3076 3265 haec
3113 3210 3396 3280 impetum
3423 3226 3546 3266 ma-

187 3287 386 3356 misse
428 3291 574 3346 ἐπῶν
613 3289 856 3358 οἰκείων,
907 3288 968 3344 ἐκ
1024 3286 1382 3344 παντοδαπῶν
1429 3290 1526 3359 μὶν
1577 3311 1788 3364 συγκει-

1932 3313 2052 3362 :nus
2109 3297 2339 3369 pietatis
2387 3308 2784 3369 propugnator
2832 3297 2979 3364 fecit,
3042 3297 3158 3353 illis
3216 3303 3339 3354 tum
3381 3299 3548 3354 omni

188 3375 321 3444 μένων
344 3384 442 3434 τῶν
479 3380 724 3454 μέτρων,
755 3376 1056 3454 ἀπορρήτῳ
1105 3375 1161 3432 δὲ
1209 3377 1402 3432 κάλλει
1445 3379 1533 3434 καὶ
1577 3381 1786 3450 θαυμα-

1926 3390 2217 3442 netrorum
2250 3402 2462 3458 genere
2508 3386 2892 3452 concinnatis,
2925 3391 3047 3441 tum
3083 3387 3457 3442 inenarrabili
3489 3395 3542 3443 et

185 3470 267 3536 στῷ
305 3469 684 3544 κεχρημένων,
718 3467 784 3523 τὰ
825 3467 944 3540 μὶν,
999 3464 1152 3522 οὐδὲν
1210 3464 1390 3542 ἕτερον
1437 3469 1512 3529 ὡς
1565 3467 1787 3539 ἀληθῶς

1929 3474 2148 3530 nirifioa
2177 3474 2462 3544 elegantia
2517 3475 2784 3540 imbutis,
2815 3479 2989 3546 atque
3039 3475 3152 3531 ista
3199 3475 3545 3546 Apollinarii

184 3550 334 3626 ἔδειξεν
363 3561 508 3631 ὄντα,
558 3556 714 3626 πλὴν
755 3555 1114 3630 κομμωτικύν
1159 3577 1282 3611 τινα
1328 3555 1520 3630 λῆρον,
1555 3556 1606 3612 ἐν
1649 3556 1786 3627 ἠδο-

1929 3579 2096 3619 evera
2125 3563 2264 3618 nihil
2308 3562 2464 3618 aliud
2497 3579 2622 3618 esse
2651 3563 2914 3629 docebat,
2948 3579 3122 3633 quam
3159 3579 3342 3635 nugas
3365 3581 3544 3636 quas-

181 3653 250 3715 νῆς
300 3651 598 3728 ὑποκρίσει,
633 3647 855 3719 πολλὴν
911 3647 1243 3722 ἐμποιοΰντα
1298 3655 1416 3714 τοῖς
1448 3649 1786 3726 περιτυγχά-

1924 3653 2032 3707 lam
2064 3652 2193 3708 fuco
2233 3655 2408 3722 atque
2455 3649 2739 3706 lenocinio
2788 3650 3162 3715 veliﬁcantes,
3209 3667 3331 3721 quis
3381 3651 3540 3707 inani

183 3755 296 3792 voset
326 3735 530 3811 βλάϐην
566 3759 582 3773 ο
619 3737 842 3793 πέπεικε
889 3735 946 3792 δὲ
1001 3738 1306 3793 παντάπασι
1353 3741 1580 3806 πάντας,
1613 3739 1787 3794 ἐκεῖνα

1927 3740 2212 3812 'oluptatis
2241 3740 2431 3811 specie
2463 3739 2776 3811 plurimum
2807 3739 3141 3795 detrimenti
3172 3740 3293 3795 suis
3317 3740 3543 3796 lectori-

184 3825 250 3894 μὲν
283 3824 458 3900 λώϐην
511 3833 706 3904 ψυχῆς
752 3829 843 3882 καὶ
899 3828 1261 3902 νεωτερισμὸν
1310 3828 1444 3900 πρὸς
1501 3829 1564 3882 τὸ
1607 3833 1782 3896 Θεῖον,

1926 3848 2010 3888 ius
2040 3830 2440 3902 importarent.
2475 3845 2661 3901 eoque
2691 3845 2894 3886 omnes
2924 3831 2981 3884 in
3033 3830 3190 3886 illam
3234 3831 3407 3902 plane
3438 3831 3542 3886 ad-

181 3915 244 3968 ιιιιί
277 3917 542 3980 κολάσεως
595 3917 856 3990 ἀφορμήν
888 3917 977 3970 καὶ
1035 3916 1100 3970 τὰ
1141 3919 1364 3970 τοιαῦτα
1393 3915 1638 3990 νομίζειν
1676 3936 1686 3948 ·
1720 3917 1788 3971 τὰ

1927 3921 2148 3976 lucebat
2168 3917 2542 3988 sententiam,
2598 3923 2661 3972 ut
2700 3919 2810 3974 ista
2852 3917 3055 3974 animis
3085 3919 3415 3990 perniciem,
3440 3936 3543 3976 no-

181 3998 236 4070 δέ,
271 4005 654 4080 περιπλείστου
700 4006 990 4072 ποιεῖσθαι,
1025 4005 1111 4060 καὶ
1165 4011 1398 4059 συνεῖναι
1442 4007 1532 4060 καί
1579 4012 1787 4080 κεχρῆ-

1926 4026 2120 4078 νιεαιιο
2151 4009 2220 4064 de
2248 4008 2364 4064 Deo
2394 4008 2784 4079 opinationes,
2817 4016 2869 4064 et
2911 4008 3101 4081 impiae
3153 4007 3542 4066 mutilationis

181 4092 290 4160 σθαι,
337 4095 422 4150 καὶ
487 4094 704 4152 τούτων
774 4091 1064 4154 διαπαντὸς
1139 4091 1454 4162 ἀπολαύειν,
1514 4091 1788 4168 ἐπέσχατκ

1938 4099 2220 4164 iateriem,
2251 4103 2310 4153 et
2337 4096 2453 4152 alia
2499 4097 2554 4151 id
2597 4112 2804 4167 genus,
2836 4112 2958 4152 esse
3015 4097 3318 4165 ducerent,
3351 4103 3554 4154 contra

178 4177 318 4252 τὰσης
368 4183 564 4258 ἀρετῆς
614 4181 946 4261 ἀφιγμένων,
983 4181 1080 4251 ὅση
1126 4183 1185 4237 τε
1219 4181 1400 4256 λόγων
1431 4182 1520 4238 καὶ
1559 4182 1658 4252 ὅση
1690 4186 1787 4237 τοῦ

1929 4187 2248 4260 ἰιιθεοι-ἰωια
2289 4186 2524 4257 plurimi
2567 4185 2840 4253 facerent,
2873 4190 2929 4240 et
2957 4185 3018 4241 in
3051 4186 3326 4242 manibus
3356 4185 3545 4243 habe-

177 4273 464 4344 πνεύματος,
525 4274 604 4335 ὡς
667 4272 991 4345 ἑκατέρωθεν
1056 4266 1203 4350 ἔχειν
1269 4272 1394 4332 τοὺς
1465 4273 1788 4348 χρωμένους

1933 4286 2047 4342 snt,
2088 4281 2146 4333 et
2176 4280 2496 4342 uterentur,
2528 4273 2978 4345 fruerenturque
3003 4279 3302 4348 perpetuo,
3327 4276 3549 4348 quippe

177 4364 472 4432 χειροῦσθαι.
538 4363 606 4420 Εἰ
687 4361 789 4437 γὰρ
847 4361 1023 4415 ἐκεῖνα
1094 4364 1282 4436 ψυχῆς
1366 4360 1589 4435 δλεθρος
1661 4355 1789 4416 ὄντα

177 4445 382 4472 L-.-.-l_\1
445 4451 458 4472 ἱ
510 4450 532 4472 Χ
614 4451 753 4472 κκιηκ
820 4450 885 4472 κηὲ
923 4450 1144 4472 _.!_-,_A,
1196 4451 1281 4472 ,’,_
1326 4448 1489 4472 ,Ἵνημν
1534 4471 1542 4472 κ
1607 4449 1641 4472 Ῑγ
1677 4447 1740 4472 ,I‘

1942 4383 2027 4421 uie
2045 4365 2114 4420 ad
2131 4380 2426 4420 summum
2440 4379 2532 4420 om
2543 4364 2633 4419 nis
2645 4363 2870 4419 virtutis
2887 4364 3165 4435 aspicem,
3180 4381 3465 4437 quacunq
3480 4380 3551 4420 ue

175 4445 297 4514 ὁμῶς
317 4447 382 4505 δι’
409 4450 755 4526 εὐγλωττίας
799 4450 886 4504 καὶ
923 4450 1147 4525 χάριτος
1189 4451 1288 4504 οὐκ
1317 4448 1544 4524 ὀλίγους
1603 4447 1784 4527 ἐφείλ-

1941 4459 2000 4510 ut
2029 4455 2392 4526 eloquentiae.
2443 4457 2544 4508 aut
2600 4452 2840 4522 spiritus
2887 4454 3072 4508 virtus
3121 4457 3228 4520 est,
3262 4454 3551 4510 ascende-

175 4551 291 4606 πετο,
331 4540 478 4604 τίνας
538 4540 646 4595 οὐκ
701 4538 764 4592 ἃν
821 4535 1174 4593 ἐπισπάσαιτο
1243 4543 1408 4592 ταῦτα
1477 4543 1586 4592 τῶν
1650 4539 1786 4592 πάν-

1933 4548 2056 4612 ant,
2089 4543 2172 4598 ita
2204 4546 2264 4598 ut
2307 4541 2582 4613 utrinque
2612 4556 2815 4612 capere
2843 4550 2898 4596 et
2937 4556 3272 4613 expugnare
3305 4543 3546 4602 lectores

176 4641 280 4694 των,
307 4629 422 4683 ὅταν
470 4629 612 4704 πρὸς
657 4631 737 4699 τῷ
780 4627 1128 4702 γαργαλίζειν
1165 4625 1312 4702 ἔχειν
1349 4628 1416 4682 τὰ
1445 4625 1576 4698 ὦτα,
1608 4627 1698 4681 καὶ
1728 4627 1790 4682 τὸ

1933 4639 2152 4688 .ossent.
2177 4631 2399 4702 Quippe
2423 4630 2471 4685 si
2501 4629 2637 4696 ista,
2691 4646 2820 4701 quas
2880 4631 3086 4686 animus
3114 4635 3232 4685 tam
3290 4631 3461 4686 noxia
3491 4639 3549 4688 et

181 4713 398 4782 ςώζεσθαι
455 4722 721 4789 μνῶνται,
749 4717 988 4790 καθάπερ
1042 4737 1125 4778 τις
1168 4715 1312 4771 οἰκία
1369 4717 1425 4771 εὐ
1483 4737 1541 4771 τε
1585 4710 1789 4791 ἔχουσα

1933 4720 2174 4774 .estil'era
2195 4723 2377 4785 erant,
2411 4717 2796 4772 nihilominus
2820 4717 3106 4789 elegantia
3137 4723 3193 4772 et
3217 4733 3419 4772 venere
3440 4734 3549 4774 sua

178 4799 377 4868 κάλλους
406 4809 496 4863 καὶ
527 4804 857 4886 φιλοσοφίαν
888 4805 1149 4860 ἀσκοῦσα.

1942 4823 2015 4862 on
2045 4823 2259 4878 paucos
2286 4805 2642 4870 alliciebant,
2677 4822 2820 4876 quos
2852 4821 2966 4860 non
3004 4805 3118 4860 haec
3157 4822 3224 4861 ex
3278 4807 3554 4863 omnibus

182 4893 312 4950 idae
337 4899 712 4966 attraherent,
744 4900 976 4969 quando
1008 4902 1220 4970 printer
1267 4895 1426 4952 illam
1479 4895 1756 4952 titillandi
1815 4897 2044 4952 aurium
2112 4898 2249 4963 vim,
2311 4895 2482 4951 etiam
2551 4896 2759 4950 animai
2817 4895 3062 4951 salutem
3112 4897 3552 4967 comparabant,

181 4978 332 5039 instar
357 4989 564 5044 domus
593 4988 928 5058 cujusdam,
959 4991 1086 5042 tum
1119 4987 1336 5042 alfabre
1367 4992 1694 5053 exstructa),
1721 4993 1842 5042 tum
1882 4985 2262 5058 philosophia:
2293 4984 2617 5041 tractationi
2649 4984 2855 5041 deditas
2877 4985 2906 5039 ?

239 5077 334 5130 PA‘.
363 5073 439 5132 Οὐ
465 5076 574 5148 μὴν
615 5073 762 5130 ἀλλὰ
791 5075 1010 5130 κάκεῖνο
1044 5078 1260 5129 σκοπεῖν
1296 5070 1395 5144 δεῖ,
1427 5073 1500 5136 ὡς
1539 5074 1648 5149 οὐχ
1677 5075 1792 5147 ἅμα

1971 5075 2110 5130 CIV.
2143 5075 2315 5145 Atqui
2347 5079 2404 5129 et
2443 5074 2589 5130 illud
2621 5073 2914 5130 observari
2959 5073 3248 5137 convenit.
3301 5090 3413 5130 non
3448 5091 3559 5132 eo-

185 5157 326 5215 πάντα
349 5163 414 5218 τὰ
463 5162 593 5235 ἔπη,
625 5161 740 5219 οὐδ’
793 5162 1069 5238 ἀχομοίας
1101 5159 1166 5234 δή
1198 5183 1344 5225 τινος
1374 5163 1465 5217 καὶ
1515 5168 1640 5236 μιᾶς
1688 5169 1788 5229 τῆς

1941 5179 2032 5218 em
2065 5168 2344 5232 tempore,
2381 5179 2482 5217 nec
2515 5161 2691 5216 simili
2723 5162 2974 5231 quadam
3009 5177 3241 5233 unaque
3273 5161 3444 5233 plane
3477 5165 3550 5221 de

187 5243 331 5311 αἰτίας
375 5252 696 5308 συντέθειται
738 5256 819 5324 τῷ
866 5251 1005 5327 ἁγίῳ
1035 5271 1049 5285 ο
1097 5250 1242 5306 ἀλλὰ
1261 5251 1326 5306 τὰ
1368 5251 1487 5326 μὶν,
1521 5250 1668 5322 αὐτῷ
1699 5248 1788 5305 ἐπὶ

1935 5268 2098 5316 ausa,
2149 5251 2519 5307 sanctissimo
2578 5250 2694 5305 viro
2774 5249 2890 5304 haec
2947 5253 3144 5304 omnia
3205 5253 3551 5324 consignata

180 5339 254 5388 τοῦ
279 5339 476 5394 πάντων
509 5341 767 5416 ἒχθίστου
797 5341 890 5394 καὶ
949 5336 1141 5412 μηδενὶ
1198 5339 1594 5402 καταλιπόντος
1633 5338 1787 5395 κακίδ

1929 5342 2076 5398 uisse
2107 5341 2387 5411 carmina,
2417 5341 2514 5397 sed
2540 5339 2748 5412 partim
2787 5344 3049 5412 tempore
3081 5339 3246 5411 longe
3275 5344 3545 5399 omnium

181 5425 331 5488 ζισθαι
379 5428 588 5501 μᾶλλον
637 5428 947 5486 Ἰουλιανοῦ
995 5428 1371 5485 κεκωλυκότος
1430 5428 1786 5505 Χριστιανοὺς

1927 5429 2276 5495 ›ἀίοεὶεείωἱ,
2311 5429 2574 5501 nullique
2605 5426 2939 5483 mortalium
2965 5429 3207 5498 majoris
3231 5431 3543 5502 reprehen-

180 5511 256 5578 τὴν
276 5514 506 5588 Ἕλληνα
531 5517 692 5596 λόγον
731 5520 934 5587 ἀσκεῖν,
965 5517 1055 5572 καὶ
1106 5521 1410 5594 κεχρῆσθαι
1467 5523 1731 5594 ποιητικῇ
1767 5537 1780 5550 ·

1941 5523 2078 5578 ζοηίε
2109 5521 2298 5578 locum
2335 5516 3083 5592 relinquentisJuliani,qui
3116 5519 3305 5578 edicto
3341 5536 3557 5579 sanxe-

237 5686 280 5725 “
301 5690 436 5752 Psal.
469 5711 656 5772 mm,
689 5697 743 5754 8.
