  <div class='ocr_page' id='page_1' title='image "/cluster/home/n/w/nwhite01/storage/ocr_20150623/145/mdp.39015061167048/169.png"; bbox 0 0 4092 6300; ppageno 0'>
   <div class='ocr_carea' id='block_1_1' title="bbox 502 405 625 466">
    <p class='ocr_par' dir='ltr' id='par_1_1' title="bbox 502 405 625 466">
     <span class='ocr_line' id='line_1_1' title="bbox 502 405 625 466; baseline -0.016 0"><span class='ocrx_word' id='word_1_1' title='bbox 502 405 625 466; x_wconf 70' lang='lat'><strong>323</strong></span> 
     </span>
    </p>
   </div>
   <div class='ocr_carea' id='block_1_2' title="bbox 1808 392 2605 458">
    <p class='ocr_par' dir='ltr' id='par_1_2' title="bbox 1808 392 2605 458">
     <span class='ocr_line' id='line_1_2' title="bbox 1808 392 2605 458; baseline -0.003 -2"><span class='ocrx_word' id='word_1_2' title='bbox 1808 397 1910 456; x_wconf 86' lang='grc' dir='ltr'><strong>ΤΗ</strong></span> <span class='ocrx_word' id='word_1_3' title='bbox 1920 395 2206 458; x_wconf 81' lang='lat' dir='ltr'><strong>EODULI</strong></span> <span class='ocrx_word' id='word_1_4' title='bbox 2251 392 2605 455; x_wconf 78' lang='lat' dir='ltr'><strong>MONACHI</strong></span> 
     </span>
    </p>
   </div>
   <div class='ocr_carea' id='block_1_3' title="bbox 3773 399 3882 460">
    <p class='ocr_par' dir='ltr' id='par_1_3' title="bbox 3773 399 3882 460">
     <span class='ocr_line' id='line_1_3' title="bbox 3773 399 3882 460; baseline -0.009 0"><span class='ocrx_word' id='word_1_5' title='bbox 3773 399 3882 460; x_wconf 71' lang='grc'><strong>324</strong></span> 
     </span>
    </p>
   </div>
   <div class='ocr_carea' id='block_1_4' title="bbox 505 524 2158 607">
    <p class='ocr_par' dir='ltr' id='par_1_4' title="bbox 505 527 2147 607">
     <span class='ocr_line' id='line_1_4' title="bbox 505 527 2147 607; baseline -0.007 -14"><span class='ocrx_word' id='word_1_6' title='bbox 505 540 617 606; x_wconf 89' lang='lat' dir='ltr'><strong>rat,</strong></span> <span class='ocrx_word' id='word_1_7' title='bbox 641 551 713 593; x_wconf 90' lang='lat' dir='ltr'><strong>ne</strong></span> <span class='ocrx_word' id='word_1_8' title='bbox 729 533 862 607; x_wconf 86' lang='lat' dir='ltr'><strong>quis</strong></span> <span class='ocrx_word' id='word_1_9' title='bbox 891 531 1263 589; x_wconf 85' lang='lat' dir='ltr'><strong>Christianus</strong></span> <span class='ocrx_word' id='word_1_10' title='bbox 1295 530 1365 586; x_wconf 93' lang='lat' dir='ltr'><strong>ad</strong></span> <span class='ocrx_word' id='word_1_11' title='bbox 1391 529 1584 586; x_wconf 85' lang='lat' dir='ltr'><strong>studia</strong></span> <span class='ocrx_word' id='word_1_12' title='bbox 1607 527 1814 585; x_wconf 85' lang='lat' dir='ltr'><strong>veteris</strong></span> <span class='ocrx_word' id='word_1_13' title='bbox 1835 527 2147 584; x_wconf 67' lang='lat' dir='ltr'><strong>Graecanici</strong></span> 
     </span>
    </p>
   </div>
   <div class='ocr_carea' id='block_1_5' title="bbox 2273 524 3883 607">
    <p class='ocr_par' dir='ltr' id='par_1_5' title="bbox 2273 524 3883 603">
     <span class='ocr_line' id='line_1_5' title="bbox 2273 524 3883 603; baseline 0.004 -24"><span class='ocrx_word' id='word_1_14' title='bbox 2273 525 2336 586; x_wconf 67' lang='grc' dir='ltr'>ὦς</span> <span class='ocrx_word' id='word_1_15' title='bbox 2369 524 2448 586; x_wconf 75' lang='grc' dir='ltr'><strong>εἷς</strong></span> <span class='ocrx_word' id='word_1_16' title='bbox 2497 525 2733 600; x_wconf 79' lang='grc' dir='ltr'>ἀνάγκην</span> <span class='ocrx_word' id='word_1_17' title='bbox 2785 531 3112 595; x_wconf 83' lang='grc' dir='ltr'>καταστῆναι</span> <span class='ocrx_word' id='word_1_18' title='bbox 3163 526 3256 582; x_wconf 85' lang='grc' dir='ltr'>τὸν</span> <span class='ocrx_word' id='word_1_19' title='bbox 3301 528 3466 603; x_wconf 83' lang='grc' dir='ltr'><strong>μέγαν</strong></span> <span class='ocrx_word' id='word_1_20' title='bbox 3514 526 3615 601; x_wconf 80' lang='grc' dir='ltr'>ἔπη</span> <span class='ocrx_word' id='word_1_21' title='bbox 3663 533 3883 586; x_wconf 84' lang='grc' dir='ltr'><strong>συνθῑναι</strong></span> 
     </span>
    </p>
   </div>
   <div class='ocr_carea' id='block_1_6' title="bbox 506 616 2151 690">
    <p class='ocr_par' dir='ltr' id='par_1_6' title="bbox 506 616 2151 690">
     <span class='ocr_line' id='line_1_6' title="bbox 506 616 2151 690; baseline -0.007 -7"><span class='ocrx_word' id='word_1_22' title='bbox 506 627 792 684; x_wconf 83' lang='lat' dir='ltr'><strong>sermonis</strong></span> <span class='ocrx_word' id='word_1_23' title='bbox 808 621 1188 689; x_wconf 93' lang='lat' dir='ltr'><strong>incumberet,</strong></span> <span class='ocrx_word' id='word_1_24' title='bbox 1213 637 1323 676; x_wconf 90' lang='lat' dir='ltr'><strong>neu</strong></span> <span class='ocrx_word' id='word_1_25' title='bbox 1351 624 1532 676; x_wconf 84' lang='lat' dir='ltr'><strong>artem</strong></span> <span class='ocrx_word' id='word_1_26' title='bbox 1553 621 1830 674; x_wconf 72' lang='lat' dir='ltr'><strong>tractaret</strong></span> <span class='ocrx_word' id='word_1_27' title='bbox 1844 616 2151 690; x_wconf 84' lang='lat' dir='ltr'><strong>poeticam;</strong></span> 
     </span>
    </p>
   </div>
   <div class='ocr_carea' id='block_1_7' title="bbox 503 706 2152 788">
    <p class='ocr_par' dir='ltr' id='par_1_7' title="bbox 503 706 2152 788">
     <span class='ocr_line' id='line_1_7' title="bbox 503 706 2152 788; baseline -0.007 -15"><span class='ocrx_word' id='word_1_28' title='bbox 503 718 696 788; x_wconf 77' lang='lat' dir='ltr'><strong>itaque</strong></span> <span class='ocrx_word' id='word_1_29' title='bbox 729 711 1158 770; x_wconf 77' lang='lat' dir='ltr'><strong>necessitudine</strong></span> <span class='ocrx_word' id='word_1_30' title='bbox 1186 717 1448 766; x_wconf 84' lang='lat' dir='ltr'><strong>coactum</strong></span> <span class='ocrx_word' id='word_1_31' title='bbox 1479 709 1666 765; x_wconf 87' lang='lat' dir='ltr'><strong>virum</strong></span> <span class='ocrx_word' id='word_1_32' title='bbox 1696 707 2039 774; x_wconf 83' lang='lat' dir='ltr'><strong>maximum,</strong></span> <span class='ocrx_word' id='word_1_33' title='bbox 2077 706 2152 761; x_wconf 90' lang='lat' dir='ltr'><strong>ad</strong></span> 
     </span>
    </p>
   </div>
   <div class='ocr_carea' id='block_1_8' title="bbox 506 795 2148 871">
    <p class='ocr_par' dir='ltr' id='par_1_8' title="bbox 506 795 2148 871">
     <span class='ocr_line' id='line_1_8' title="bbox 506 795 2148 871; baseline -0.007 -10"><span class='ocrx_word' id='word_1_34' title='bbox 506 806 663 861; x_wconf 83' lang='lat' dir='ltr'><strong>varia</strong></span> <span class='ocrx_word' id='word_1_35' title='bbox 692 802 889 859; x_wconf 80' lang='lat' dir='ltr'><strong>omnia</strong></span> <span class='ocrx_word' id='word_1_36' title='bbox 917 799 1144 871; x_wconf 83' lang='lat' dir='ltr'><strong>generis</strong></span> <span class='ocrx_word' id='word_1_37' title='bbox 1171 797 1452 866; x_wconf 89' lang='lat' dir='ltr'><strong>carmina,</strong></span> <span class='ocrx_word' id='word_1_38' title='bbox 1484 804 1538 853; x_wconf 88' lang='lat' dir='ltr'><strong>et</strong></span> <span class='ocrx_word' id='word_1_39' title='bbox 1571 795 1754 852; x_wconf 88' lang='lat' dir='ltr'><strong>multa</strong></span> <span class='ocrx_word' id='word_1_40' title='bbox 1794 795 2014 867; x_wconf 91' lang='lat' dir='ltr'><strong>ubique</strong></span> <span class='ocrx_word' id='word_1_41' title='bbox 2052 811 2148 850; x_wconf 88' lang='lat' dir='ltr'><strong>ve-</strong></span> 
     </span>
    </p>
   </div>
   <div class='ocr_carea' id='block_1_9' title="bbox 506 888 2151 961">
    <p class='ocr_par' dir='ltr' id='par_1_9' title="bbox 506 888 2151 961">
     <span class='ocr_line' id='line_1_9' title="bbox 506 888 2151 961; baseline -0.007 -10"><span class='ocrx_word' id='word_1_42' title='bbox 506 899 736 952; x_wconf 87' lang='lat' dir='ltr'><strong>nustate</strong></span> <span class='ocrx_word' id='word_1_43' title='bbox 787 891 1010 958; x_wconf 79' lang='lat' dir='ltr'><strong>referta,</strong></span> <span class='ocrx_word' id='word_1_44' title='bbox 1073 889 1396 961; x_wconf 81' lang='lat' dir='ltr'><strong>pangenda,</strong></span> <span class='ocrx_word' id='word_1_45' title='bbox 1445 888 1760 957; x_wconf 89' lang='lat' dir='ltr'><strong>eademque</strong></span> <span class='ocrx_word' id='word_1_46' title='bbox 1819 890 2151 940; x_wconf 87' lang='lat' dir='ltr'><strong>nostrarum</strong></span> 
     </span>
    </p>
   </div>
   <div class='ocr_carea' id='block_1_10' title="bbox 505 974 2152 1056">
    <p class='ocr_par' dir='ltr' id='par_1_10' title="bbox 505 974 2152 1056">
     <span class='ocr_line' id='line_1_10' title="bbox 505 974 2152 1056; baseline -0.007 -16"><span class='ocrx_word' id='word_1_47' title='bbox 505 983 758 1056; x_wconf 89' lang='lat' dir='ltr'><strong>partium</strong></span> <span class='ocrx_word' id='word_1_48' title='bbox 790 979 1183 1036; x_wconf 88' lang='lat' dir='ltr'><strong>sectatoribus</strong></span> <span class='ocrx_word' id='word_1_49' title='bbox 1212 976 1510 1040; x_wconf 86' lang='lat' dir='ltr'><strong>omnibus,</strong></span> <span class='ocrx_word' id='word_1_50' title='bbox 1551 974 1879 1032; x_wconf 87' lang='lat' dir='ltr'><strong>communis</strong></span> <span class='ocrx_word' id='word_1_51' title='bbox 1910 974 2152 1030; x_wconf 86' lang='lat' dir='ltr'><strong>institu-</strong></span> 
     </span>
    </p>
   </div>
   <div class='ocr_carea' id='block_1_11' title="bbox 504 1063 2149 1140">
    <p class='ocr_par' dir='ltr' id='par_1_11' title="bbox 504 1063 2149 1140">
     <span class='ocr_line' id='line_1_11' title="bbox 504 1063 2149 1140; baseline -0.006 -12"><span class='ocrx_word' id='word_1_52' title='bbox 504 1072 680 1130; x_wconf 89' lang='lat' dir='ltr'><strong>tionis</strong></span> <span class='ocrx_word' id='word_1_53' title='bbox 731 1069 1118 1140; x_wconf 85' lang='lat' dir='ltr'><strong>utilitatisque</strong></span> <span class='ocrx_word' id='word_1_54' title='bbox 1174 1083 1372 1134; x_wconf 82' lang='lat' dir='ltr'><strong>causa,</strong></span> <span class='ocrx_word' id='word_1_55' title='bbox 1433 1066 1830 1138; x_wconf 86' lang='lat' dir='ltr'><strong>proponenda.</strong></span> <span class='ocrx_word' id='word_1_56' title='bbox 1885 1063 2149 1120; x_wconf 85' lang='lat' dir='ltr'><strong>Aliorum</strong></span> 
     </span>
    </p>
   </div>
   <div class='ocr_carea' id='block_1_12' title="bbox 502 1153 2152 1226">
    <p class='ocr_par' dir='ltr' id='par_1_12' title="bbox 502 1153 2152 1226">
     <span class='ocr_line' id='line_1_12' title="bbox 502 1153 2152 1226; baseline -0.006 -8"><span class='ocrx_word' id='word_1_57' title='bbox 502 1177 710 1219; x_wconf 86' lang='lat' dir='ltr'><strong>rursus</strong></span> <span class='ocrx_word' id='word_1_58' title='bbox 748 1175 1010 1224; x_wconf 86' lang='lat' dir='ltr'><strong>causam,</strong></span> <span class='ocrx_word' id='word_1_59' title='bbox 1043 1162 1109 1213; x_wconf 90' lang='lat' dir='ltr'><strong>ut</strong></span> <span class='ocrx_word' id='word_1_60' title='bbox 1139 1155 1415 1220; x_wconf 81' lang='lat' dir='ltr'><strong>diximus,</strong></span> <span class='ocrx_word' id='word_1_61' title='bbox 1455 1154 1703 1225; x_wconf 67' lang='lat' dir='ltr'><strong>praebuit</strong></span> <span class='ocrx_word' id='word_1_62' title='bbox 1733 1153 2152 1226; x_wconf 85' lang='lat' dir='ltr'><strong>Apollinarius,</strong></span> 
     </span>
    </p>
   </div>
   <div class='ocr_carea' id='block_1_13' title="bbox 2261 612 3885 694">
    <p class='ocr_par' dir='ltr' id='par_1_13' title="bbox 2261 612 3885 694">
     <span class='ocr_line' id='line_1_13' title="bbox 2261 612 3885 694; baseline 0.005 -26"><span class='ocrx_word' id='word_1_63' title='bbox 2261 619 2507 675; x_wconf 86' lang='grc' dir='ltr'><strong>παντοῖα,</strong></span> <span class='ocrx_word' id='word_1_64' title='bbox 2547 612 2693 668; x_wconf 75' lang='grc' dir='ltr'>πολὺ</span> <span class='ocrx_word' id='word_1_65' title='bbox 2731 614 2795 668; x_wconf 86' lang='grc' dir='ltr'><strong>τὸ</strong></span> <span class='ocrx_word' id='word_1_66' title='bbox 2828 615 3015 689; x_wconf 85' lang='grc' dir='ltr'>χάριεν</span> <span class='ocrx_word' id='word_1_67' title='bbox 3055 612 3358 671; x_wconf 86' lang='grc' dir='ltr'>διαπάντων</span> <span class='ocrx_word' id='word_1_68' title='bbox 3387 614 3586 694; x_wconf 81' lang='grc' dir='ltr'><strong>ἔχοντα</strong></span> <span class='ocrx_word' id='word_1_69' title='bbox 3619 638 3633 652; x_wconf 79' lang='lat'><strong><em>°</em></strong></span> <span class='ocrx_word' id='word_1_70' title='bbox 3665 620 3751 675; x_wconf 82' lang='grc' dir='ltr'><strong>καὶ</strong></span> <span class='ocrx_word' id='word_1_71' title='bbox 3780 629 3885 684; x_wconf 80' lang='grc' dir='ltr'>τοῖς</span> 
     </span>
    </p>
   </div>
   <div class='ocr_carea' id='block_1_14' title="bbox 2261 707 3886 786">
    <p class='ocr_par' dir='ltr' id='par_1_14' title="bbox 2261 707 3886 786">
     <span class='ocr_line' id='line_1_14' title="bbox 2261 707 3886 786; baseline 0.006 -27"><span class='ocrx_word' id='word_1_72' title='bbox 2261 707 2376 760; x_wconf 81' lang='grc' dir='ltr'><strong>καθ’</strong></span> <span class='ocrx_word' id='word_1_73' title='bbox 2409 707 2556 778; x_wconf 78' lang='grc' dir='ltr'>ἡμᾶς</span> <span class='ocrx_word' id='word_1_74' title='bbox 2597 709 2724 759; x_wconf 71' lang='grc' dir='ltr'><strong>πᾶσι</strong></span> <span class='ocrx_word' id='word_1_75' title='bbox 2756 711 2924 760; x_wconf 79' lang='grc' dir='ltr'>ταῦτα</span> <span class='ocrx_word' id='word_1_76' title='bbox 2954 709 3233 782; x_wconf 76' lang='grc' dir='ltr'>προθεῖναι</span> <span class='ocrx_word' id='word_1_77' title='bbox 3281 709 3464 764; x_wconf 86' lang='grc' dir='ltr'><strong>κοινὸν</strong></span> <span class='ocrx_word' id='word_1_78' title='bbox 3519 708 3781 786; x_wconf 79' lang='grc' dir='ltr'><strong>παίδευμα</strong></span> <span class='ocrx_word' id='word_1_79' title='bbox 3807 713 3886 768; x_wconf 85' lang='grc' dir='ltr'><strong>καὶ</strong></span> 
     </span>
    </p>
   </div>
   <div class='ocr_carea' id='block_1_15' title="bbox 2260 793 3888 876">
    <p class='ocr_par' dir='ltr' id='par_1_15' title="bbox 2260 793 3888 876">
     <span class='ocr_line' id='line_1_15' title="bbox 2260 793 3888 876; baseline 0.005 -28"><span class='ocrx_word' id='word_1_80' title='bbox 2260 796 2445 864; x_wconf 71' lang='grc' dir='ltr'><strong>κοινήν</strong></span> <span class='ocrx_word' id='word_1_81' title='bbox 2495 793 2697 864; x_wconf 75' lang='grc' dir='ltr'><strong>ὄνησιν,</strong></span> <span class='ocrx_word' id='word_1_82' title='bbox 2740 793 2901 849; x_wconf 84' lang='grc' dir='ltr'>τῶνδ’</span> <span class='ocrx_word' id='word_1_83' title='bbox 2952 795 3148 864; x_wconf 81' lang='grc' dir='ltr'><strong>αἶ’τιος,</strong></span> <span class='ocrx_word' id='word_1_84' title='bbox 3190 797 3264 858; x_wconf 88' lang='grc' dir='ltr'><strong>ὡς</strong></span> <span class='ocrx_word' id='word_1_85' title='bbox 3314 796 3471 875; x_wconf 82' lang='grc' dir='ltr'><strong>ἔφην,</strong></span> <span class='ocrx_word' id='word_1_86' title='bbox 3527 800 3888 876; x_wconf 84' lang='grc' dir='ltr'>’Δπολινάριος</span> 
     </span>
    </p>
   </div>
   <div class='ocr_carea' id='block_1_16' title="bbox 2261 882 3890 964">
    <p class='ocr_par' dir='ltr' id='par_1_16' title="bbox 2261 882 3890 964">
     <span class='ocr_line' id='line_1_16' title="bbox 2261 882 3890 964; baseline 0.004 -26"><span class='ocrx_word' id='word_1_87' title='bbox 2261 882 2532 959; x_wconf 75' lang='grc' dir='ltr'><strong>ἐγεγόνει,</strong></span> <span class='ocrx_word' id='word_1_88' title='bbox 2559 909 2585 934; x_wconf 90' lang='grc'><strong>‹‹</strong></span> <span class='ocrx_word' id='word_1_89' title='bbox 2624 884 2755 938; x_wconf 89' lang='grc' dir='ltr'>Οεὸν</span> <span class='ocrx_word' id='word_1_90' title='bbox 2785 890 2904 939; x_wconf 88' lang='grc' dir='ltr'><strong>κατ’</strong></span> <span class='ocrx_word' id='word_1_91' title='bbox 2952 883 3258 960; x_wconf 81' lang='grc' dir='ltr'><strong>Αἰσχύλον,</strong></span> <span class='ocrx_word' id='word_1_92' title='bbox 3307 888 3506 958; x_wconf 81' lang='grc' dir='ltr'><strong>ἀτίζων</strong></span> <span class='ocrx_word' id='word_1_93' title='bbox 3555 891 3890 964; x_wconf 79' lang='grc' dir='ltr'><strong>κᾴπογυμνά-</strong></span> 
     </span>
    </p>
   </div>
   <div class='ocr_carea' id='block_1_17' title="bbox 2263 969 3888 1054">
    <p class='ocr_par' dir='ltr' id='par_1_17' title="bbox 2263 969 3888 1054">
     <span class='ocr_line' id='line_1_17' title="bbox 2263 969 3888 1054; baseline 0.004 -26"><span class='ocrx_word' id='word_1_94' title='bbox 2263 979 2365 1042; x_wconf 81' lang='grc' dir='ltr'><strong>ζων</strong></span> <span class='ocrx_word' id='word_1_95' title='bbox 2417 974 2612 1046; x_wconf 87' lang='grc' dir='ltr'><strong>στόμα,</strong></span> <span class='ocrx_word' id='word_1_96' title='bbox 2675 973 2867 1044; x_wconf 79' lang='grc' dir='ltr'>θνητὸς</span> <span class='ocrx_word' id='word_1_97' title='bbox 2899 969 3017 1028; x_wconf 79' lang='grc' dir='ltr'><strong>ὤν·</strong></span> <span class='ocrx_word' id='word_1_98' title='bbox 3079 976 3152 1029; x_wconf 84' lang='grc' dir='ltr'><strong>ὧν</strong></span> <span class='ocrx_word' id='word_1_99' title='bbox 3213 977 3461 1032; x_wconf 85' lang='grc' dir='ltr'>ἁπάντων</span> <span class='ocrx_word' id='word_1_100' title='bbox 3512 979 3631 1053; x_wconf 79' lang='grc' dir='ltr'>πέρι</span> <span class='ocrx_word' id='word_1_101' title='bbox 3681 980 3888 1054; x_wconf 78' lang='grc' dir='ltr'><strong>πρόσθεν</strong></span> 
     </span>
    </p>
   </div>
   <div class='ocr_carea' id='block_1_18' title="bbox 2261 1060 3888 1142">
    <p class='ocr_par' dir='ltr' id='par_1_18' title="bbox 2261 1060 3888 1142">
     <span class='ocr_line' id='line_1_18' title="bbox 2261 1060 3888 1142; baseline 0.006 -26"><span class='ocrx_word' id='word_1_102' title='bbox 2261 1060 2539 1134; x_wconf 83' lang='grc' dir='ltr'><strong>ἐμνήσθην</strong></span> <span class='ocrx_word' id='word_1_103' title='bbox 2590 1061 2927 1138; x_wconf 71' lang='grc' dir='ltr'><strong>μακρότερον</strong></span> <span class='ocrx_word' id='word_1_104' title='bbox 2976 1063 3063 1117; x_wconf 85' lang='grc' dir='ltr'>καὶ</span> <span class='ocrx_word' id='word_1_105' title='bbox 3117 1063 3240 1118; x_wconf 78' lang='grc' dir='ltr'><strong>ὅσον</strong></span> <span class='ocrx_word' id='word_1_106' title='bbox 3290 1065 3434 1128; x_wconf 80' lang='grc' dir='ltr'>εἰκὸς</span> <span class='ocrx_word' id='word_1_107' title='bbox 3477 1069 3566 1138; x_wconf 76' lang='grc' dir='ltr'><strong>ἦν,</strong></span> <span class='ocrx_word' id='word_1_108' title='bbox 3598 1069 3670 1130; x_wconf 83' lang='grc' dir='ltr'>ὥς</span> <span class='ocrx_word' id='word_1_109' title='bbox 3713 1090 3768 1142; x_wconf 85' lang='grc' dir='ltr'><strong>γε</strong></span> <span class='ocrx_word' id='word_1_110' title='bbox 3796 1066 3888 1142; x_wconf 76' lang='grc' dir='ltr'><strong>ἓγὼ</strong></span> 
     </span>
    </p>
   </div>
   <div class='ocr_carea' id='block_1_19' title="bbox 2259 1150 2488 1222">
    <p class='ocr_par' dir='ltr' id='par_1_19' title="bbox 2259 1150 2488 1222">
     <span class='ocr_line' id='line_1_19' title="bbox 2259 1150 2488 1222; baseline 0.009 -18"><span class='ocrx_word' id='word_1_111' title='bbox 2259 1150 2488 1222; x_wconf 81' lang='grc' dir='ltr'><strong>νομίζω.</strong></span> 
     </span>
    </p>
   </div>
   <div class='ocr_carea' id='block_1_20' title="bbox 501 1241 3889 1322">
    <p class='ocr_par' dir='ltr' id='par_1_20' title="bbox 501 1241 3889 1322">
     <span class='ocr_line' id='line_1_20' title="bbox 501 1241 3889 1322; baseline -0 -19"><span class='ocrx_word' id='word_1_112' title='bbox 501 1275 532 1303; x_wconf 76' lang='grc' dir='ltr'><strong>α</strong></span> <span class='ocrx_word' id='word_1_113' title='bbox 562 1267 760 1309; x_wconf 78' lang='lat' dir='ltr'><strong>vecors</strong></span> <span class='ocrx_word' id='word_1_114' title='bbox 791 1249 888 1306; x_wconf 92' lang='lat' dir='ltr'><strong>Dei</strong></span> <span class='ocrx_word' id='word_1_115' title='bbox 917 1251 1283 1318; x_wconf 85' lang='lat' dir='ltr'><strong>contemptor</strong></span> <span class='ocrx_word' id='word_1_116' title='bbox 1310 1251 1370 1302; x_wconf 87' lang='lat' dir='ltr'><strong>et</strong></span> <span class='ocrx_word' id='word_1_117' title='bbox 1398 1243 1599 1300; x_wconf 85' lang='lat' dir='ltr'><strong>laxans</strong></span> <span class='ocrx_word' id='word_1_118' title='bbox 1630 1244 1879 1316; x_wconf 84' lang='lat' dir='ltr'><strong>probris,</strong></span> <span class='ocrx_word' id='word_1_119' title='bbox 1916 1241 2182 1299; x_wconf 87' lang='lat' dir='ltr'><strong>mortalia</strong></span> <span class='ocrx_word' id='word_1_120' title='bbox 2207 1257 2330 1308; x_wconf 92' lang='lat' dir='ltr'><strong>ora,</strong></span> <span class='ocrx_word' id='word_1_121' title='bbox 2357 1263 2382 1292; x_wconf 75' lang='grc' dir='ltr'><strong><em>ι</em></strong></span> <span class='ocrx_word' id='word_1_122' title='bbox 2410 1246 2473 1298; x_wconf 89' lang='lat' dir='ltr'><strong>ut</strong></span> <span class='ocrx_word' id='word_1_123' title='bbox 2501 1259 2636 1298; x_wconf 90' lang='lat' dir='ltr'><strong>cum</strong></span> <span class='ocrx_word' id='word_1_124' title='bbox 2657 1242 2928 1316; x_wconf 65' lang='lat' dir='ltr'><strong>Eschylo</strong></span> <span class='ocrx_word' id='word_1_125' title='bbox 2958 1242 3164 1316; x_wconf 89' lang='lat' dir='ltr'><strong>loquar</strong></span> <span class='ocrx_word' id='word_1_126' title='bbox 3183 1246 3319 1318; x_wconf 82' lang='grc'><strong>(14).</strong></span> <span class='ocrx_word' id='word_1_127' title='bbox 3352 1247 3491 1310; x_wconf 70' lang='lat' dir='ltr'><strong>Quae</strong></span> <span class='ocrx_word' id='word_1_128' title='bbox 3513 1248 3705 1304; x_wconf 89' lang='lat' dir='ltr'><strong>omnia</strong></span> <span class='ocrx_word' id='word_1_129' title='bbox 3726 1248 3889 1322; x_wconf 87' lang='lat' dir='ltr'><strong>pluri-</strong></span> 
     </span>
    </p>
   </div>
   <div class='ocr_carea' id='block_1_21' title="bbox 502 1329 2909 1412">
    <p class='ocr_par' dir='ltr' id='par_1_21' title="bbox 502 1329 2909 1412">
     <span class='ocr_line' id='line_1_21' title="bbox 502 1329 2909 1412; baseline -0.005 -14"><span class='ocrx_word' id='word_1_130' title='bbox 502 1343 634 1410; x_wconf 87' lang='lat' dir='ltr'><strong>bus,</strong></span> <span class='ocrx_word' id='word_1_131' title='bbox 669 1346 727 1396; x_wconf 92' lang='lat' dir='ltr'><strong>et</strong></span> <span class='ocrx_word' id='word_1_132' title='bbox 755 1347 1038 1412; x_wconf 89' lang='lat' dir='ltr'><strong>quantum</strong></span> <span class='ocrx_word' id='word_1_133' title='bbox 1070 1339 1530 1392; x_wconf 86' lang='lat' dir='ltr'><strong>consentaneum</strong></span> <span class='ocrx_word' id='word_1_134' title='bbox 1563 1338 1688 1390; x_wconf 87' lang='lat' dir='ltr'><strong>erat</strong></span> <span class='ocrx_word' id='word_1_135' title='bbox 1719 1338 1909 1399; x_wconf 88' lang='lat' dir='ltr'><strong>antea,</strong></span> <span class='ocrx_word' id='word_1_136' title='bbox 1945 1339 2004 1387; x_wconf 88' lang='lat' dir='ltr'><strong>ut</strong></span> <span class='ocrx_word' id='word_1_137' title='bbox 2033 1329 2304 1396; x_wconf 83' lang='lat' dir='ltr'><strong>arbitror,</strong></span> <span class='ocrx_word' id='word_1_138' title='bbox 2337 1331 2717 1402; x_wconf 85' lang='lat' dir='ltr'><strong>exposuimus</strong></span> <span class='ocrx_word' id='word_1_139' title='bbox 2745 1332 2909 1404; x_wconf 66' lang='grc' dir='ltr'><strong>(Μ’).</strong></span> 
     </span>
    </p>
   </div>
   <div class='ocr_carea' id='block_1_22' title="bbox 572 1422 2152 1487">
    <p class='ocr_par' dir='ltr' id='par_1_22' title="bbox 572 1422 2152 1487">
     <span class='ocr_line' id='line_1_22' title="bbox 572 1422 2152 1487; baseline -0.006 -1"><span class='ocrx_word' id='word_1_140' title='bbox 572 1430 682 1486; x_wconf 90' lang='lat' dir='ltr'><strong>CV.</strong></span> <span class='ocrx_word' id='word_1_141' title='bbox 717 1433 884 1484; x_wconf 81' lang='lat' dir='ltr'><strong>Hunc</strong></span> <span class='ocrx_word' id='word_1_142' title='bbox 916 1425 1012 1482; x_wconf 91' lang='lat' dir='ltr'><strong>ille</strong></span> <span class='ocrx_word' id='word_1_143' title='bbox 1039 1425 1100 1480; x_wconf 89' lang='lat' dir='ltr'><strong>in</strong></span> <span class='ocrx_word' id='word_1_144' title='bbox 1151 1424 1414 1487; x_wconf 89' lang='lat' dir='ltr'><strong>modum,</strong></span> <span class='ocrx_word' id='word_1_145' title='bbox 1447 1439 1583 1479; x_wconf 87' lang='lat' dir='ltr'><strong>cum</strong></span> <span class='ocrx_word' id='word_1_146' title='bbox 1614 1423 1860 1479; x_wconf 90' lang='lat' dir='ltr'><strong>dicendo</strong></span> <span class='ocrx_word' id='word_1_147' title='bbox 1892 1422 2152 1478; x_wconf 89' lang='lat' dir='ltr'><strong>scriben-</strong></span> 
     </span>
    </p>
   </div>
   <div class='ocr_carea' id='block_1_23' title="bbox 501 1511 2151 1592">
    <p class='ocr_par' dir='ltr' id='par_1_23' title="bbox 501 1511 2151 1592">
     <span class='ocr_line' id='line_1_23' title="bbox 501 1511 2151 1592; baseline -0.007 -16"><span class='ocrx_word' id='word_1_148' title='bbox 501 1522 714 1592; x_wconf 87' lang='lat' dir='ltr'><strong>doque,</strong></span> <span class='ocrx_word' id='word_1_149' title='bbox 729 1524 855 1574; x_wconf 90' lang='lat' dir='ltr'><strong>tum</strong></span> <span class='ocrx_word' id='word_1_150' title='bbox 877 1521 1009 1572; x_wconf 85' lang='lat' dir='ltr'><strong>ante</strong></span> <span class='ocrx_word' id='word_1_151' title='bbox 1025 1515 1143 1570; x_wconf 58' lang='lat' dir='ltr'><strong>haec</strong></span> <span class='ocrx_word' id='word_1_152' title='bbox 1166 1515 1422 1586; x_wconf 89' lang='lat' dir='ltr'><strong>itemque</strong></span> <span class='ocrx_word' id='word_1_153' title='bbox 1445 1529 1579 1568; x_wconf 90' lang='lat' dir='ltr'><strong>cum</strong></span> <span class='ocrx_word' id='word_1_154' title='bbox 1604 1511 1695 1568; x_wconf 89' lang='lat' dir='ltr'><strong>bis</strong></span> <span class='ocrx_word' id='word_1_155' title='bbox 1715 1511 1858 1582; x_wconf 86' lang='lat' dir='ltr'><strong>ipsis</strong></span> <span class='ocrx_word' id='word_1_156' title='bbox 1876 1511 2151 1567; x_wconf 69' lang='lat' dir='ltr'><strong>universa</strong></span> 
     </span>
    </p>
   </div>
   <div class='ocr_carea' id='block_1_24' title="bbox 502 1600 2152 1678">
    <p class='ocr_par' dir='ltr' id='par_1_24' title="bbox 502 1600 2152 1678">
     <span class='ocr_line' id='line_1_24' title="bbox 502 1600 2152 1678; baseline -0.006 -13"><span class='ocrx_word' id='word_1_157' title='bbox 502 1609 735 1666; x_wconf 85' lang='lat' dir='ltr'><strong>virtutis</strong></span> <span class='ocrx_word' id='word_1_158' title='bbox 765 1605 1063 1678; x_wconf 85' lang='lat' dir='ltr'><strong>exemplar</strong></span> <span class='ocrx_word' id='word_1_159' title='bbox 1089 1603 1470 1674; x_wconf 82' lang='lat' dir='ltr'><strong>semetipsum</strong></span> <span class='ocrx_word' id='word_1_160' title='bbox 1523 1601 1869 1670; x_wconf 90' lang='lat' dir='ltr'><strong>exhibendo,</strong></span> <span class='ocrx_word' id='word_1_161' title='bbox 1902 1601 2044 1656; x_wconf 87' lang='lat' dir='ltr'><strong>bene</strong></span> <span class='ocrx_word' id='word_1_162' title='bbox 2082 1600 2152 1654; x_wconf 92' lang='lat' dir='ltr'><strong>de</strong></span> 
     </span>
    </p>
   </div>
   <div class='ocr_carea' id='block_1_25' title="bbox 502 1690 2154 1764">
    <p class='ocr_par' dir='ltr' id='par_1_25' title="bbox 502 1690 2154 1764">
     <span class='ocr_line' id='line_1_25' title="bbox 502 1690 2154 1764; baseline -0.007 -8"><span class='ocrx_word' id='word_1_163' title='bbox 502 1699 624 1756; x_wconf 90' lang='lat' dir='ltr'><strong>vita</strong></span> <span class='ocrx_word' id='word_1_164' title='bbox 647 1698 910 1754; x_wconf 92' lang='lat' dir='ltr'><strong>humana</strong></span> <span class='ocrx_word' id='word_1_165' title='bbox 941 1693 1162 1760; x_wconf 82' lang='lat' dir='ltr'><strong>mereri,</strong></span> <span class='ocrx_word' id='word_1_166' title='bbox 1200 1709 1448 1764; x_wconf 86' lang='lat' dir='ltr'><strong>eamque</strong></span> <span class='ocrx_word' id='word_1_167' title='bbox 1496 1692 1846 1748; x_wconf 87' lang='lat' dir='ltr'><strong>ornatiorem</strong></span> <span class='ocrx_word' id='word_1_168' title='bbox 1891 1690 2154 1756; x_wconf 88' lang='lat' dir='ltr'><strong>reddere,</strong></span> 
     </span>
    </p>
   </div>
   <div class='ocr_carea' id='block_1_26' title="bbox 505 1777 2156 1856">
    <p class='ocr_par' dir='ltr' id='par_1_26' title="bbox 505 1777 2156 1856">
     <span class='ocr_line' id='line_1_26' title="bbox 505 1777 2156 1856; baseline -0.005 -14"><span class='ocrx_word' id='word_1_169' title='bbox 505 1789 838 1842; x_wconf 87' lang='lat' dir='ltr'><strong>constanter</strong></span> <span class='ocrx_word' id='word_1_170' title='bbox 869 1783 1117 1856; x_wconf 87' lang='lat' dir='ltr'><strong>perrexit</strong></span> <span class='ocrx_word' id='word_1_171' title='bbox 1150 1798 1163 1835; x_wconf 93' lang='lat'>:</span> <span class='ocrx_word' id='word_1_172' title='bbox 1195 1786 1250 1838; x_wconf 91' lang='lat' dir='ltr'><strong>et</strong></span> <span class='ocrx_word' id='word_1_173' title='bbox 1281 1779 1606 1852; x_wconf 84' lang='lat' dir='ltr'><strong>spiritualis</strong></span> <span class='ocrx_word' id='word_1_174' title='bbox 1634 1777 1930 1834; x_wconf 81' lang='lat' dir='ltr'><strong>felicitatis</strong></span> <span class='ocrx_word' id='word_1_175' title='bbox 1952 1781 2156 1833; x_wconf 87' lang='lat' dir='ltr'><strong>auctor</strong></span> 
     </span>
    </p>
   </div>
   <div class='ocr_carea' id='block_1_27' title="bbox 505 1868 2153 1949">
    <p class='ocr_par' dir='ltr' id='par_1_27' title="bbox 505 1868 2153 1949">
     <span class='ocr_line' id='line_1_27' title="bbox 505 1868 2153 1949; baseline -0.005 -16"><span class='ocrx_word' id='word_1_176' title='bbox 505 1875 836 1949; x_wconf 65' lang='lat' dir='ltr'><strong>praecipuus</strong></span> <span class='ocrx_word' id='word_1_177' title='bbox 865 1872 1207 1932; x_wconf 89' lang='lat' dir='ltr'><strong>hominibus</strong></span> <span class='ocrx_word' id='word_1_178' title='bbox 1235 1876 1380 1938; x_wconf 91' lang='lat' dir='ltr'><strong>erat,</strong></span> <span class='ocrx_word' id='word_1_179' title='bbox 1415 1879 1476 1926; x_wconf 92' lang='lat' dir='ltr'><strong>ut</strong></span> <span class='ocrx_word' id='word_1_180' title='bbox 1507 1870 1606 1940; x_wconf 89' lang='lat' dir='ltr'><strong>qui</strong></span> <span class='ocrx_word' id='word_1_181' title='bbox 1638 1869 1827 1924; x_wconf 89' lang='lat' dir='ltr'><strong>modis</strong></span> <span class='ocrx_word' id='word_1_182' title='bbox 1861 1868 2153 1936; x_wconf 90' lang='lat' dir='ltr'><strong>omnibus,</strong></span> 
     </span>
    </p>
   </div>
   <div class='ocr_carea' id='block_1_28' title="bbox 2336 1418 3890 1502">
    <p class='ocr_par' dir='ltr' id='par_1_28' title="bbox 2336 1418 3890 1502">
     <span class='ocr_line' id='line_1_28' title="bbox 2336 1418 3890 1502; baseline 0.005 -30"><span class='ocrx_word' id='word_1_183' title='bbox 2336 1420 2448 1473; x_wconf 68' lang='lat' dir='ltr'><strong>PE‘.</strong></span> <span class='ocrx_word' id='word_1_184' title='bbox 2481 1419 2640 1475; x_wconf 76' lang='grc' dir='ltr'>Οὕτω</span> <span class='ocrx_word' id='word_1_185' title='bbox 2670 1420 2760 1474; x_wconf 83' lang='grc' dir='ltr'><strong>καὶ</strong></span> <span class='ocrx_word' id='word_1_186' title='bbox 2790 1418 2964 1494; x_wconf 82' lang='grc' dir='ltr'><strong>λέγων</strong></span> <span class='ocrx_word' id='word_1_187' title='bbox 2997 1421 3086 1476; x_wconf 71' lang='grc' dir='ltr'><strong>καὶ</strong></span> <span class='ocrx_word' id='word_1_188' title='bbox 3110 1423 3334 1502; x_wconf 77' lang='grc' dir='ltr'><strong>γράφων</strong></span> <span class='ocrx_word' id='word_1_189' title='bbox 3362 1423 3451 1479; x_wconf 83' lang='grc' dir='ltr'><strong>καὶ</strong></span> <span class='ocrx_word' id='word_1_190' title='bbox 3473 1425 3578 1499; x_wconf 86' lang='grc' dir='ltr'><strong>πρό</strong></span> <span class='ocrx_word' id='word_1_191' title='bbox 3608 1446 3668 1500; x_wconf 86' lang='grc' dir='ltr'><strong>γε</strong></span> <span class='ocrx_word' id='word_1_192' title='bbox 3697 1426 3890 1480; x_wconf 74' lang='grc' dir='ltr'>τούτων</span> 
     </span>
    </p>
   </div>
   <div class='ocr_carea' id='block_1_29' title="bbox 2261 1509 3888 1588">
    <p class='ocr_par' dir='ltr' id='par_1_29' title="bbox 2261 1509 3888 1588">
     <span class='ocr_line' id='line_1_29' title="bbox 2261 1509 3888 1588; baseline 0.005 -26"><span class='ocrx_word' id='word_1_193' title='bbox 2261 1509 2351 1562; x_wconf 86' lang='grc' dir='ltr'><strong>καὶ</strong></span> <span class='ocrx_word' id='word_1_194' title='bbox 2413 1510 2548 1582; x_wconf 81' lang='grc' dir='ltr'>μετά</span> <span class='ocrx_word' id='word_1_195' title='bbox 2587 1509 2820 1579; x_wconf 89' lang='grc' dir='ltr'>τούτων,</span> <span class='ocrx_word' id='word_1_196' title='bbox 2853 1514 2934 1574; x_wconf 82' lang='grc' dir='ltr'>οἷς</span> <span class='ocrx_word' id='word_1_197' title='bbox 2976 1514 3172 1586; x_wconf 75' lang='grc' dir='ltr'>ἀρετῆς</span> <span class='ocrx_word' id='word_1_198' title='bbox 3230 1516 3511 1588; x_wconf 76' lang='grc' dir='ltr'><strong>ξυμπάσης</strong></span> <span class='ocrx_word' id='word_1_199' title='bbox 3566 1517 3750 1572; x_wconf 73' lang='grc' dir='ltr'><strong>ἑαυτὸν</strong></span> <span class='ocrx_word' id='word_1_200' title='bbox 3805 1518 3888 1572; x_wconf 78' lang='grc' dir='ltr'>τύ-</span> 
     </span>
    </p>
   </div>
   <div class='ocr_carea' id='block_1_30' title="bbox 2261 1600 3889 1678">
    <p class='ocr_par' dir='ltr' id='par_1_30' title="bbox 2261 1600 3889 1678">
     <span class='ocr_line' id='line_1_30' title="bbox 2261 1600 3889 1678; baseline 0.006 -26"><span class='ocrx_word' id='word_1_201' title='bbox 2261 1619 2362 1652; x_wconf 87' lang='grc' dir='ltr'><strong>πον</strong></span> <span class='ocrx_word' id='word_1_202' title='bbox 2391 1604 2644 1678; x_wconf 84' lang='grc' dir='ltr'><strong>παρεῖχε,</strong></span> <span class='ocrx_word' id='word_1_203' title='bbox 2684 1600 2775 1654; x_wconf 87' lang='grc' dir='ltr'><strong>τὸν</strong></span> <span class='ocrx_word' id='word_1_204' title='bbox 2805 1601 3142 1676; x_wconf 84' lang='grc' dir='ltr'><strong>ἀνθρώπινον</strong></span> <span class='ocrx_word' id='word_1_205' title='bbox 3183 1603 3302 1676; x_wconf 82' lang='grc' dir='ltr'><strong>βίον</strong></span> <span class='ocrx_word' id='word_1_206' title='bbox 3349 1605 3406 1658; x_wconf 85' lang='grc' dir='ltr'><strong>εὗ</strong></span> <span class='ocrx_word' id='word_1_207' title='bbox 3452 1610 3624 1660; x_wconf 89' lang='grc' dir='ltr'>ποιῶν</span> <span class='ocrx_word' id='word_1_208' title='bbox 3671 1607 3756 1660; x_wconf 82' lang='grc' dir='ltr'><strong>καὶ</strong></span> <span class='ocrx_word' id='word_1_209' title='bbox 3801 1626 3889 1660; x_wconf 85' lang='grc' dir='ltr'><strong>κο-</strong></span> 
     </span>
    </p>
   </div>
   <div class='ocr_carea' id='block_1_31' title="bbox 2261 1687 3892 1770">
    <p class='ocr_par' dir='ltr' id='par_1_31' title="bbox 2261 1687 3892 1770">
     <span class='ocr_line' id='line_1_31' title="bbox 2261 1687 3892 1770; baseline 0.003 -27"><span class='ocrx_word' id='word_1_210' title='bbox 2261 1693 2417 1761; x_wconf 78' lang='grc' dir='ltr'>ομῶν</span> <span class='ocrx_word' id='word_1_211' title='bbox 2475 1687 2723 1747; x_wconf 76' lang='grc' dir='ltr'><strong>διετὲλει.</strong></span> <span class='ocrx_word' id='word_1_212' title='bbox 2784 1691 2886 1748; x_wconf 80' lang='grc' dir='ltr'><strong>Καὶ</strong></span> <span class='ocrx_word' id='word_1_213' title='bbox 2941 1698 3042 1762; x_wconf 84' lang='grc' dir='ltr'>τῆς</span> <span class='ocrx_word' id='word_1_214' title='bbox 3100 1694 3234 1747; x_wconf 70' lang='grc' dir='ltr'>κατὰ</span> <span class='ocrx_word' id='word_1_215' title='bbox 3291 1696 3478 1770; x_wconf 71' lang='grc' dir='ltr'>ψυχὴν</span> <span class='ocrx_word' id='word_1_216' title='bbox 3558 1693 3892 1768; x_wconf 74' lang='grc' dir='ltr'><strong>εὐδαιμονίας</strong></span> 
     </span>
    </p>
   </div>
   <div class='ocr_carea' id='block_1_32' title="bbox 2261 1777 3890 1860">
    <p class='ocr_par' dir='ltr' id='par_1_32' title="bbox 2261 1777 3890 1860">
     <span class='ocr_line' id='line_1_32' title="bbox 2261 1777 3890 1860; baseline 0.004 -28"><span class='ocrx_word' id='word_1_217' title='bbox 2261 1777 2478 1840; x_wconf 85' lang='grc' dir='ltr'>τούτοις</span> <span class='ocrx_word' id='word_1_218' title='bbox 2532 1779 2853 1842; x_wconf 76' lang='grc' dir='ltr'><strong>αἲτιώτκτος</strong></span> <span class='ocrx_word' id='word_1_219' title='bbox 2906 1783 2973 1850; x_wconf 78' lang='grc' dir='ltr'>ἦν</span> <span class='ocrx_word' id='word_1_220' title='bbox 3011 1801 3026 1814; x_wconf 79' lang='grc'><strong>’</strong></span> <span class='ocrx_word' id='word_1_221' title='bbox 3083 1782 3340 1838; x_wconf 73' lang='grc' dir='ltr'><strong>πάντοθεν</strong></span> <span class='ocrx_word' id='word_1_222' title='bbox 3398 1781 3600 1846; x_wconf 85' lang='grc' dir='ltr'>πάντας</span> <span class='ocrx_word' id='word_1_223' title='bbox 3669 1784 3793 1860; x_wconf 78' lang='grc' dir='ltr'>πρός</span> <span class='ocrx_word' id='word_1_224' title='bbox 3835 1785 3890 1838; x_wconf 85' lang='grc' dir='ltr'>τὸ</span> 
     </span>
    </p>
   </div>
   <div class='ocr_carea' id='block_1_33' title="bbox 2269 1865 3890 1952">
    <p class='ocr_par' dir='ltr' id='par_1_33' title="bbox 2269 1865 3890 1952">
     <span class='ocr_line' id='line_1_33' title="bbox 2269 1865 3890 1952; baseline 0.004 -31"><span class='ocrx_word' id='word_1_225' title='bbox 2269 1865 2550 1942; x_wconf 67' lang='grc' dir='ltr'><strong>βέλτιστον</strong></span> <span class='ocrx_word' id='word_1_226' title='bbox 2605 1867 2812 1944; x_wconf 81' lang='grc' dir='ltr'>ἐνάγων</span> <span class='ocrx_word' id='word_1_227' title='bbox 2867 1870 2956 1925; x_wconf 87' lang='grc' dir='ltr'><strong>καὶ</strong></span> <span class='ocrx_word' id='word_1_228' title='bbox 3019 1872 3270 1935; x_wconf 87' lang='grc' dir='ltr'>καθιστάς</span> <span class='ocrx_word' id='word_1_229' title='bbox 3305 1894 3318 1906; x_wconf 76' lang='grc' dir='ltr'><strong>ο</strong></span> <span class='ocrx_word' id='word_1_230' title='bbox 3389 1872 3476 1928; x_wconf 78' lang='grc' dir='ltr'><strong>καὶ</strong></span> <span class='ocrx_word' id='word_1_231' title='bbox 3536 1879 3681 1952; x_wconf 76' lang='grc' dir='ltr'>σφῶν</span> <span class='ocrx_word' id='word_1_232' title='bbox 3732 1875 3890 1929; x_wconf 81' lang='grc' dir='ltr'>αὐτῶν</span> 
     </span>
    </p>
   </div>
   <div class='ocr_carea' id='block_1_34' title="bbox 509 1957 2158 2042">
    <p class='ocr_par' dir='ltr' id='par_1_34' title="bbox 509 1961 2156 2036">
     <span class='ocr_line' id='line_1_34' title="bbox 509 1961 2156 2036; baseline -0.004 -15"><span class='ocrx_word' id='word_1_233' title='bbox 509 1968 577 2021; x_wconf 86' lang='lat' dir='ltr'><strong>ad</strong></span> <span class='ocrx_word' id='word_1_234' title='bbox 609 1965 667 2020; x_wconf 88' lang='lat' dir='ltr'><strong>id</strong></span> <span class='ocrx_word' id='word_1_235' title='bbox 701 1963 859 2036; x_wconf 90' lang='lat' dir='ltr'><strong>quod</strong></span> <span class='ocrx_word' id='word_1_236' title='bbox 889 1967 978 2018; x_wconf 90' lang='lat' dir='ltr'><strong>est</strong></span> <span class='ocrx_word' id='word_1_237' title='bbox 1007 1962 1288 2033; x_wconf 91' lang='lat' dir='ltr'><strong>optimum</strong></span> <span class='ocrx_word' id='word_1_238' title='bbox 1324 1961 1625 2017; x_wconf 88' lang='lat' dir='ltr'><strong>induceret</strong></span> <span class='ocrx_word' id='word_1_239' title='bbox 1654 1975 1858 2016; x_wconf 89' lang='lat' dir='ltr'><strong>omnes</strong></span> <span class='ocrx_word' id='word_1_240' title='bbox 1893 1975 1960 2015; x_wconf 91' lang='lat' dir='ltr'><strong>ac</strong></span> <span class='ocrx_word' id='word_1_241' title='bbox 2004 1975 2156 2017; x_wconf 87' lang='lat' dir='ltr'><strong>com-</strong></span> 
     </span>
    </p>
   </div>
   <div class='ocr_carea' id='block_1_35' title="bbox 2273 1957 3892 2042">
    <p class='ocr_par' dir='ltr' id='par_1_35' title="bbox 2273 1958 3892 2042">
     <span class='ocr_line' id='line_1_35' title="bbox 2273 1958 3892 2042; baseline 0.003 -28"><span class='ocrx_word' id='word_1_242' title='bbox 2273 1958 2722 2034; x_wconf 70' lang='grc' dir='ltr'><strong>σπουδαιοτέρους</strong></span> <span class='ocrx_word' id='word_1_243' title='bbox 2773 1961 2876 2016; x_wconf 74' lang='grc' dir='ltr'><strong>αἰεὶ</strong></span> <span class='ocrx_word' id='word_1_244' title='bbox 2936 1959 3164 2026; x_wconf 84' lang='grc' dir='ltr'>δεικνύς,</span> <span class='ocrx_word' id='word_1_245' title='bbox 3237 1965 3440 2039; x_wconf 85' lang='grc' dir='ltr'>Ὥσπερ</span> <span class='ocrx_word' id='word_1_246' title='bbox 3507 1967 3607 2042; x_wconf 82' lang='grc' dir='ltr'>γάρ</span> <span class='ocrx_word' id='word_1_247' title='bbox 3661 1967 3892 2039; x_wconf 76' lang='grc' dir='ltr'>ὕπαρχος</span> 
     </span>
    </p>
   </div>
   <div class='ocr_carea' id='block_1_36' title="bbox 505 2047 2164 2126">
    <p class='ocr_par' dir='ltr' id='par_1_36' title="bbox 505 2047 2164 2126">
     <span class='ocr_line' id='line_1_36' title="bbox 505 2047 2164 2126; baseline -0.002 -17"><span class='ocrx_word' id='word_1_248' title='bbox 505 2059 767 2126; x_wconf 88' lang='lat' dir='ltr'><strong>poneret,</strong></span> <span class='ocrx_word' id='word_1_249' title='bbox 795 2057 854 2108; x_wconf 91' lang='lat' dir='ltr'><strong>et</strong></span> <span class='ocrx_word' id='word_1_250' title='bbox 885 2050 1152 2107; x_wconf 87' lang='lat' dir='ltr'><strong>meliores</strong></span> <span class='ocrx_word' id='word_1_251' title='bbox 1182 2050 1393 2122; x_wconf 87' lang='lat' dir='ltr'><strong>seipsis</strong></span> <span class='ocrx_word' id='word_1_252' title='bbox 1421 2065 1658 2121; x_wconf 89' lang='lat' dir='ltr'><strong>semper</strong></span> <span class='ocrx_word' id='word_1_253' title='bbox 1687 2047 1960 2106; x_wconf 84' lang='lat' dir='ltr'><strong>efﬁceret.</strong></span> <span class='ocrx_word' id='word_1_254' title='bbox 1984 2049 2164 2106; x_wconf 89' lang='lat' dir='ltr'><strong>Nimi-</strong></span> 
     </span>
    </p>
   </div>
   <div class='ocr_carea' id='block_1_37' title="bbox 509 2138 2160 2213">
    <p class='ocr_par' dir='ltr' id='par_1_37' title="bbox 509 2138 2160 2213">
     <span class='ocr_line' id='line_1_37' title="bbox 509 2138 2160 2213; baseline -0.002 -13"><span class='ocrx_word' id='word_1_255' title='bbox 509 2159 641 2200; x_wconf 90' lang='lat' dir='ltr'><strong>rum</strong></span> <span class='ocrx_word' id='word_1_256' title='bbox 670 2144 825 2198; x_wconf 85' lang='lat' dir='ltr'><strong>velut</strong></span> <span class='ocrx_word' id='word_1_257' title='bbox 854 2141 952 2213; x_wconf 90' lang='lat' dir='ltr'><strong>qui</strong></span> <span class='ocrx_word' id='word_1_258' title='bbox 1013 2141 1112 2197; x_wconf 91' lang='lat' dir='ltr'><strong>Dei</strong></span> <span class='ocrx_word' id='word_1_259' title='bbox 1163 2139 1393 2212; x_wconf 88' lang='lat' dir='ltr'><strong>optimi,</strong></span> <span class='ocrx_word' id='word_1_260' title='bbox 1459 2138 1714 2210; x_wconf 81' lang='lat' dir='ltr'><strong>Maximi,</strong></span> <span class='ocrx_word' id='word_1_261' title='bbox 1775 2139 2031 2212; x_wconf 80' lang='lat' dir='ltr'><strong>legatus,</strong></span> <span class='ocrx_word' id='word_1_262' title='bbox 2062 2149 2160 2196; x_wconf 87' lang='lat' dir='ltr'><strong>aut</strong></span> 
     </span>
    </p>
   </div>
   <div class='ocr_carea' id='block_1_38' title="bbox 512 2227 2153 2307">
    <p class='ocr_par' dir='ltr' id='par_1_38' title="bbox 512 2227 2153 2307">
     <span class='ocr_line' id='line_1_38' title="bbox 512 2227 2153 2307; baseline -0.002 -19"><span class='ocrx_word' id='word_1_263' title='bbox 512 2233 902 2307; x_wconf 86' lang='lat' dir='ltr'><strong>propinquus,</strong></span> <span class='ocrx_word' id='word_1_264' title='bbox 933 2237 1029 2285; x_wconf 81' lang='lat' dir='ltr'><strong>aut</strong></span> <span class='ocrx_word' id='word_1_265' title='bbox 1077 2229 1447 2286; x_wconf 84' lang='lat' dir='ltr'><strong>oraculorum</strong></span> <span class='ocrx_word' id='word_1_266' title='bbox 1505 2229 1693 2300; x_wconf 88' lang='lat' dir='ltr'><strong>ipsius</strong></span> <span class='ocrx_word' id='word_1_267' title='bbox 1741 2227 2040 2302; x_wconf 88' lang='lat' dir='ltr'><strong>popularis</strong></span> <span class='ocrx_word' id='word_1_268' title='bbox 2095 2229 2153 2284; x_wconf 92' lang='lat' dir='ltr'><strong>in</strong></span> 
     </span>
    </p>
   </div>
   <div class='ocr_carea' id='block_1_39' title="bbox 513 2317 2157 2390">
    <p class='ocr_par' dir='ltr' id='par_1_39' title="bbox 513 2317 2157 2390">
     <span class='ocr_line' id='line_1_39' title="bbox 513 2317 2157 2390; baseline -0.003 -11"><span class='ocrx_word' id='word_1_269' title='bbox 513 2331 665 2379; x_wconf 87' lang='lat' dir='ltr'><strong>terra</strong></span> <span class='ocrx_word' id='word_1_270' title='bbox 693 2320 980 2390; x_wconf 88' lang='lat' dir='ltr'><strong>interpres</strong></span> <span class='ocrx_word' id='word_1_271' title='bbox 1029 2323 1228 2374; x_wconf 86' lang='lat' dir='ltr'><strong>esset:</strong></span> <span class='ocrx_word' id='word_1_272' title='bbox 1287 2317 1370 2374; x_wconf 91' lang='lat' dir='ltr'><strong>ita</strong></span> <span class='ocrx_word' id='word_1_273' title='bbox 1419 2317 1592 2390; x_wconf 87' lang='lat' dir='ltr'><strong>plane</strong></span> <span class='ocrx_word' id='word_1_274' title='bbox 1646 2318 1918 2374; x_wconf 92' lang='lat' dir='ltr'><strong>omnibus</strong></span> <span class='ocrx_word' id='word_1_275' title='bbox 1975 2318 2157 2375; x_wconf 86' lang='lat' dir='ltr'><strong>habe-</strong></span> 
     </span>
    </p>
   </div>
   <div class='ocr_carea' id='block_1_40' title="bbox 513 2407 2155 2482">
    <p class='ocr_par' dir='ltr' id='par_1_40' title="bbox 513 2407 2155 2482">
     <span class='ocr_line' id='line_1_40' title="bbox 513 2407 2155 2482; baseline -0.002 -14"><span class='ocrx_word' id='word_1_276' title='bbox 513 2413 704 2480; x_wconf 89' lang='lat' dir='ltr'><strong>batur,</strong></span> <span class='ocrx_word' id='word_1_277' title='bbox 740 2409 797 2465; x_wconf 91' lang='lat' dir='ltr'><strong>in</strong></span> <span class='ocrx_word' id='word_1_278' title='bbox 856 2425 1040 2482; x_wconf 88' lang='lat' dir='ltr'><strong>eoque</strong></span> <span class='ocrx_word' id='word_1_279' title='bbox 1079 2425 1302 2472; x_wconf 88' lang='lat' dir='ltr'><strong>omnes,</strong></span> <span class='ocrx_word' id='word_1_280' title='bbox 1364 2413 1641 2479; x_wconf 84' lang='lat' dir='ltr'><strong>tanquam</strong></span> <span class='ocrx_word' id='word_1_281' title='bbox 1699 2407 1760 2463; x_wconf 93' lang='lat' dir='ltr'><strong>in</strong></span> <span class='ocrx_word' id='word_1_282' title='bbox 1819 2409 2155 2481; x_wconf 84' lang='lat' dir='ltr'><strong>archetypo,</strong></span> 
     </span>
    </p>
   </div>
   <div class='ocr_carea' id='block_1_41' title="bbox 513 2497 2163 2570">
    <p class='ocr_par' dir='ltr' id='par_1_41' title="bbox 513 2497 2163 2570">
     <span class='ocr_line' id='line_1_41' title="bbox 513 2497 2163 2570; baseline -0.002 -13"><span class='ocrx_word' id='word_1_283' title='bbox 513 2509 612 2558; x_wconf 89' lang='lat' dir='ltr'><strong>aut</strong></span> <span class='ocrx_word' id='word_1_284' title='bbox 641 2516 792 2570; x_wconf 89' lang='lat' dir='ltr'><strong>arce,</strong></span> <span class='ocrx_word' id='word_1_285' title='bbox 827 2507 926 2554; x_wconf 90' lang='lat' dir='ltr'><strong>aut</strong></span> <span class='ocrx_word' id='word_1_286' title='bbox 951 2497 1202 2555; x_wconf 88' lang='lat' dir='ltr'><strong>sacrario</strong></span> <span class='ocrx_word' id='word_1_287' title='bbox 1233 2497 1424 2553; x_wconf 90' lang='lat' dir='ltr'><strong>omnis</strong></span> <span class='ocrx_word' id='word_1_288' title='bbox 1455 2497 1700 2568; x_wconf 88' lang='lat' dir='ltr'><strong>pulchri,</strong></span> <span class='ocrx_word' id='word_1_289' title='bbox 1726 2497 1988 2553; x_wconf 88' lang='lat' dir='ltr'><strong>obtutum</strong></span> <span class='ocrx_word' id='word_1_290' title='bbox 2016 2497 2163 2568; x_wconf 83' lang='lat' dir='ltr'><strong>ﬁge-</strong></span> 
     </span>
    </p>
   </div>
   <div class='ocr_carea' id='block_1_42' title="bbox 513 2586 2158 2660">
    <p class='ocr_par' dir='ltr' id='par_1_42' title="bbox 513 2586 2158 2660">
     <span class='ocr_line' id='line_1_42' title="bbox 513 2586 2158 2660; baseline -0.002 -13"><span class='ocrx_word' id='word_1_291' title='bbox 513 2592 676 2660; x_wconf 90' lang='lat' dir='ltr'><strong>bant,</strong></span> <span class='ocrx_word' id='word_1_292' title='bbox 707 2591 952 2660; x_wconf 87' lang='lat' dir='ltr'><strong>ejusque</strong></span> <span class='ocrx_word' id='word_1_293' title='bbox 984 2587 1172 2649; x_wconf 82' lang='lat' dir='ltr'><strong>verba,</strong></span> <span class='ocrx_word' id='word_1_294' title='bbox 1236 2603 1348 2642; x_wconf 88' lang='lat' dir='ltr'><strong>non</strong></span> <span class='ocrx_word' id='word_1_295' title='bbox 1381 2587 1640 2642; x_wconf 88' lang='lat' dir='ltr'><strong>hominis</strong></span> <span class='ocrx_word' id='word_1_296' title='bbox 1688 2586 1936 2657; x_wconf 87' lang='lat' dir='ltr'><strong>alicujus</strong></span> <span class='ocrx_word' id='word_1_297' title='bbox 1967 2589 2158 2656; x_wconf 91' lang='lat' dir='ltr'><strong>verba,</strong></span> 
     </span>
    </p>
   </div>
   <div class='ocr_carea' id='block_1_43' title="bbox 511 2676 2160 2748">
    <p class='ocr_par' dir='ltr' id='par_1_43' title="bbox 511 2676 2160 2748">
     <span class='ocr_line' id='line_1_43' title="bbox 511 2676 2160 2748; baseline -0.002 -11"><span class='ocrx_word' id='word_1_298' title='bbox 511 2679 616 2737; x_wconf 88' lang='lat' dir='ltr'><strong>sed</strong></span> <span class='ocrx_word' id='word_1_299' title='bbox 639 2677 980 2734; x_wconf 87' lang='lat' dir='ltr'><strong>admiranda</strong></span> <span class='ocrx_word' id='word_1_300' title='bbox 1012 2677 1112 2732; x_wconf 91' lang='lat' dir='ltr'><strong>Dei</strong></span> <span class='ocrx_word' id='word_1_301' title='bbox 1133 2676 1306 2734; x_wconf 81' lang='lat' dir='ltr'><strong>etl&#39;ata</strong></span> <span class='ocrx_word' id='word_1_302' title='bbox 1335 2677 1662 2745; x_wconf 86' lang='lat' dir='ltr'><strong>etoracula,</strong></span> <span class='ocrx_word' id='word_1_303' title='bbox 1689 2676 1904 2748; x_wconf 88' lang='lat' dir='ltr'><strong>quibus</strong></span> <span class='ocrx_word' id='word_1_304' title='bbox 1925 2682 2160 2733; x_wconf 70' lang='lat' dir='ltr'><strong>contra~</strong></span> 
     </span>
    </p>
   </div>
   <div class='ocr_carea' id='block_1_44' title="bbox 511 2765 2160 2838">
    <p class='ocr_par' dir='ltr' id='par_1_44' title="bbox 511 2765 2160 2838">
     <span class='ocr_line' id='line_1_44' title="bbox 511 2765 2160 2838; baseline -0.002 -13"><span class='ocrx_word' id='word_1_305' title='bbox 511 2771 704 2826; x_wconf 89' lang='lat' dir='ltr'><strong>dicere</strong></span> <span class='ocrx_word' id='word_1_306' title='bbox 730 2767 894 2823; x_wconf 80' lang='lat' dir='ltr'><strong>nefas</strong></span> <span class='ocrx_word' id='word_1_307' title='bbox 925 2766 1097 2838; x_wconf 84' lang='lat' dir='ltr'><strong>plane</strong></span> <span class='ocrx_word' id='word_1_308' title='bbox 1126 2775 1298 2831; x_wconf 89' lang='lat' dir='ltr'><strong>esset,</strong></span> <span class='ocrx_word' id='word_1_309' title='bbox 1347 2765 1656 2822; x_wconf 73' lang='lat' dir='ltr'><strong>ducebant.</strong></span> <span class='ocrx_word' id='word_1_310' title='bbox 1711 2765 1921 2821; x_wconf 70' lang='lat' dir='ltr'><strong>Adhec</strong></span> <span class='ocrx_word' id='word_1_311' title='bbox 1969 2765 2160 2822; x_wconf 85' lang='lat' dir='ltr'><strong>verbis</strong></span> 
     </span>
    </p>
   </div>
   <div class='ocr_carea' id='block_1_45' title="bbox 512 2854 2158 2930">
    <p class='ocr_par' dir='ltr' id='par_1_45' title="bbox 512 2854 2158 2930">
     <span class='ocr_line' id='line_1_45' title="bbox 512 2854 2158 2930; baseline -0.002 -16"><span class='ocrx_word' id='word_1_312' title='bbox 512 2860 638 2930; x_wconf 90' lang='lat' dir='ltr'><strong>ejus</strong></span> <span class='ocrx_word' id='word_1_313' title='bbox 678 2857 824 2912; x_wconf 85' lang='lat' dir='ltr'><strong>ﬁdes</strong></span> <span class='ocrx_word' id='word_1_314' title='bbox 849 2861 906 2910; x_wconf 90' lang='lat' dir='ltr'><strong>et</strong></span> <span class='ocrx_word' id='word_1_315' title='bbox 949 2854 1333 2926; x_wconf 86' lang='lat' dir='ltr'><strong>probabilitas</strong></span> <span class='ocrx_word' id='word_1_316' title='bbox 1362 2855 1533 2927; x_wconf 90' lang='lat' dir='ltr'><strong>plane</strong></span> <span class='ocrx_word' id='word_1_317' title='bbox 1579 2855 1908 2911; x_wconf 88' lang='lat' dir='ltr'><strong>necessario</strong></span> <span class='ocrx_word' id='word_1_318' title='bbox 1938 2855 2158 2922; x_wconf 86' lang='lat' dir='ltr'><strong>aderat,</strong></span> 
     </span>
    </p>
   </div>
   <div class='ocr_carea' id='block_1_46' title="bbox 511 2943 2160 3017">
    <p class='ocr_par' dir='ltr' id='par_1_46' title="bbox 511 2943 2160 3017">
     <span class='ocr_line' id='line_1_46' title="bbox 511 2943 2160 3017; baseline -0.003 -13"><span class='ocrx_word' id='word_1_319' title='bbox 511 2947 737 3005; x_wconf 87' lang='lat' dir='ltr'><strong>scilicet</strong></span> <span class='ocrx_word' id='word_1_320' title='bbox 791 2945 1072 3017; x_wconf 88' lang='lat' dir='ltr'><strong>quoniam</strong></span> <span class='ocrx_word' id='word_1_321' title='bbox 1123 2961 1250 3016; x_wconf 73' lang='lat' dir='ltr'><strong>quae</strong></span> <span class='ocrx_word' id='word_1_322' title='bbox 1308 2944 1441 3000; x_wconf 85' lang='lat' dir='ltr'><strong>aliis</strong></span> <span class='ocrx_word' id='word_1_323' title='bbox 1497 2945 1788 3012; x_wconf 90' lang='lat' dir='ltr'><strong>suaderet,</strong></span> <span class='ocrx_word' id='word_1_324' title='bbox 1821 2960 1890 2999; x_wconf 89' lang='lat' dir='ltr'><strong>ea</strong></span> <span class='ocrx_word' id='word_1_325' title='bbox 1936 2943 2160 3016; x_wconf 87' lang='lat' dir='ltr'><strong>primus</strong></span> 
     </span>
    </p>
   </div>
   <div class='ocr_carea' id='block_1_47' title="bbox 513 3033 2154 3108">
    <p class='ocr_par' dir='ltr' id='par_1_47' title="bbox 513 3033 2154 3108">
     <span class='ocr_line' id='line_1_47' title="bbox 513 3033 2154 3108; baseline -0.001 -17"><span class='ocrx_word' id='word_1_326' title='bbox 513 3036 936 3108; x_wconf 79' lang='lat' dir='ltr'><strong>perfectissime</strong></span> <span class='ocrx_word' id='word_1_327' title='bbox 982 3035 1444 3106; x_wconf 84' lang='lat' dir='ltr'><strong>exsequebatur;</strong></span> <span class='ocrx_word' id='word_1_328' title='bbox 1476 3038 1714 3106; x_wconf 90' lang='lat' dir='ltr'><strong>eratque</strong></span> <span class='ocrx_word' id='word_1_329' title='bbox 1745 3042 1865 3088; x_wconf 89' lang='lat' dir='ltr'><strong>tum</strong></span> <span class='ocrx_word' id='word_1_330' title='bbox 1887 3033 2154 3106; x_wconf 88' lang='lat' dir='ltr'><strong>loquens,</strong></span> 
     </span>
    </p>
   </div>
   <div class='ocr_carea' id='block_1_48' title="bbox 515 3121 2156 3196">
    <p class='ocr_par' dir='ltr' id='par_1_48' title="bbox 515 3121 2156 3196">
     <span class='ocr_line' id='line_1_48' title="bbox 515 3121 2156 3196; baseline -0.002 -14"><span class='ocrx_word' id='word_1_331' title='bbox 515 3132 642 3182; x_wconf 89' lang='lat' dir='ltr'><strong>tum</strong></span> <span class='ocrx_word' id='word_1_332' title='bbox 673 3127 852 3181; x_wconf 90' lang='lat' dir='ltr'><strong>tacita</strong></span> <span class='ocrx_word' id='word_1_333' title='bbox 882 3125 1146 3196; x_wconf 72' lang='lat' dir='ltr'><strong>quaedam</strong></span> <span class='ocrx_word' id='word_1_334' title='bbox 1180 3121 1522 3188; x_wconf 86' lang='lat' dir='ltr'><strong>exhortatio,</strong></span> <span class='ocrx_word' id='word_1_335' title='bbox 1555 3122 1609 3176; x_wconf 92' lang='lat' dir='ltr'><strong>id</strong></span> <span class='ocrx_word' id='word_1_336' title='bbox 1669 3121 1752 3176; x_wconf 92' lang='lat' dir='ltr'><strong>illi</strong></span> <span class='ocrx_word' id='word_1_337' title='bbox 1801 3122 2052 3178; x_wconf 83' lang='lat' dir='ltr'><strong>maximo</strong></span> <span class='ocrx_word' id='word_1_338' title='bbox 2085 3124 2156 3178; x_wconf 92' lang='lat' dir='ltr'><strong>ad</strong></span> 
     </span>
    </p>
   </div>
   <div class='ocr_carea' id='block_1_49' title="bbox 510 3211 2158 3287">
    <p class='ocr_par' dir='ltr' id='par_1_49' title="bbox 510 3211 2158 3287">
     <span class='ocr_line' id='line_1_49' title="bbox 510 3211 2158 3287; baseline -0.002 -16"><span class='ocrx_word' id='word_1_339' title='bbox 510 3215 975 3287; x_wconf 88' lang='lat' dir='ltr'><strong>persuadendum</strong></span> <span class='ocrx_word' id='word_1_340' title='bbox 1025 3213 1386 3284; x_wconf 81' lang='lat' dir='ltr'><strong>adiumento,</strong></span> <span class='ocrx_word' id='word_1_341' title='bbox 1448 3227 1769 3283; x_wconf 87' lang='lat' dir='ltr'><strong>omnesque</strong></span> <span class='ocrx_word' id='word_1_342' title='bbox 1825 3211 2158 3268; x_wconf 88' lang='lat' dir='ltr'><strong>voluntaria</strong></span> 
     </span>
    </p>
   </div>
   <div class='ocr_carea' id='block_1_50' title="bbox 510 3300 2228 3392">
    <p class='ocr_par' dir='ltr' id='par_1_50' title="bbox 510 3300 2228 3392">
     <span class='ocr_line' id='line_1_50' title="bbox 510 3300 2228 3392; baseline -0.001 -33"><span class='ocrx_word' id='word_1_343' title='bbox 510 3303 854 3361; x_wconf 77' lang='lat' dir='ltr'><strong>necessitate</strong></span> <span class='ocrx_word' id='word_1_344' title='bbox 883 3302 1384 3392; x_wconf 85' lang='lat' dir='ltr'><strong>constringendos,</strong></span> <span class='ocrx_word' id='word_1_345' title='bbox 1419 3301 1527 3356; x_wconf 85' lang='lat' dir='ltr'><strong>fuit</strong></span> <span class='ocrx_word' id='word_1_346' title='bbox 1557 3300 1769 3374; x_wconf 88' lang='lat' dir='ltr'><strong>quippe</strong></span> <span class='ocrx_word' id='word_1_347' title='bbox 1790 3301 1889 3374; x_wconf 92' lang='lat' dir='ltr'><strong>qui</strong></span> <span class='ocrx_word' id='word_1_348' title='bbox 1914 3319 2026 3358; x_wconf 93' lang='lat' dir='ltr'><strong>non</strong></span> <span class='ocrx_word' id='word_1_349' title='bbox 2053 3304 2155 3374; x_wconf 87' lang='lat' dir='ltr'><strong>ju-</strong></span> <span class='ocrx_word' id='word_1_350' title='bbox 2183 3325 2228 3392; x_wconf 67' lang='grc' dir='ltr'><strong>ρ</strong></span> 
     </span>
    </p>
   </div>
   <div class='ocr_carea' id='block_1_51' title="bbox 507 3391 2153 3462">
    <p class='ocr_par' dir='ltr' id='par_1_51' title="bbox 507 3391 2153 3462">
     <span class='ocr_line' id='line_1_51' title="bbox 507 3391 2153 3462; baseline 0 -12"><span class='ocrx_word' id='word_1_351' title='bbox 507 3393 759 3450; x_wconf 88' lang='lat' dir='ltr'><strong>cundius</strong></span> <span class='ocrx_word' id='word_1_352' title='bbox 792 3393 864 3449; x_wconf 92' lang='lat' dir='ltr'><strong>ad</strong></span> <span class='ocrx_word' id='word_1_353' title='bbox 894 3391 1188 3448; x_wconf 89' lang='lat' dir='ltr'><strong>hominem</strong></span> <span class='ocrx_word' id='word_1_354' title='bbox 1222 3391 1584 3461; x_wconf 84' lang='lat' dir='ltr'><strong>ventitarent,</strong></span> <span class='ocrx_word' id='word_1_355' title='bbox 1608 3407 1783 3462; x_wconf 87' lang='lat' dir='ltr'><strong>quam</strong></span> <span class='ocrx_word' id='word_1_356' title='bbox 1801 3392 2006 3462; x_wconf 65' lang='lat' dir='ltr'><strong>agrius</strong></span> <span class='ocrx_word' id='word_1_357' title='bbox 2029 3394 2153 3450; x_wconf 88' lang='lat' dir='ltr'><strong>dis-</strong></span> 
     </span>
    </p>
   </div>
   <div class='ocr_carea' id='block_1_52' title="bbox 509 3481 2150 3555">
    <p class='ocr_par' dir='ltr' id='par_1_52' title="bbox 509 3481 2150 3555">
     <span class='ocr_line' id='line_1_52' title="bbox 509 3481 2150 3555; baseline 0 -16"><span class='ocrx_word' id='word_1_358' title='bbox 509 3483 798 3551; x_wconf 88' lang='lat' dir='ltr'><strong>cederent,</strong></span> <span class='ocrx_word' id='word_1_359' title='bbox 831 3486 934 3538; x_wconf 90' lang='lat' dir='ltr'><strong>aut</strong></span> <span class='ocrx_word' id='word_1_360' title='bbox 964 3481 1158 3537; x_wconf 89' lang='lat' dir='ltr'><strong>verius</strong></span> <span class='ocrx_word' id='word_1_361' title='bbox 1195 3497 1284 3550; x_wconf 90' lang='lat' dir='ltr'><strong>eo,</strong></span> <span class='ocrx_word' id='word_1_362' title='bbox 1315 3481 1467 3553; x_wconf 89' lang='lat' dir='ltr'><strong>quod</strong></span> <span class='ocrx_word' id='word_1_363' title='bbox 1521 3481 1628 3536; x_wconf 90' lang='lat' dir='ltr'><strong>hoc</strong></span> <span class='ocrx_word' id='word_1_364' title='bbox 1676 3482 1969 3552; x_wconf 88' lang='lat' dir='ltr'><strong>posterius</strong></span> <span class='ocrx_word' id='word_1_365' title='bbox 1998 3498 2150 3555; x_wconf 71' lang='lat' dir='ltr'><strong>aegre</strong></span> 
     </span>
    </p>
   </div>
   <div class='ocr_carea' id='block_1_53' title="bbox 2273 2047 3892 2129">
    <p class='ocr_par' dir='ltr' id='par_1_53' title="bbox 2273 2047 3892 2129">
     <span class='ocr_line' id='line_1_53' title="bbox 2273 2047 3892 2129; baseline 0.002 -27"><span class='ocrx_word' id='word_1_366' title='bbox 2273 2047 2347 2103; x_wconf 83' lang='grc' dir='ltr'><strong>ὥν</strong></span> <span class='ocrx_word' id='word_1_367' title='bbox 2376 2051 2410 2120; x_wconf 77' lang='grc' dir='ltr'>ἧ</span> <span class='ocrx_word' id='word_1_368' title='bbox 2459 2049 2716 2126; x_wconf 70' lang='grc' dir='ltr'><strong>ξυγγενὴς</strong></span> <span class='ocrx_word' id='word_1_369' title='bbox 2765 2054 2858 2106; x_wconf 75' lang='grc' dir='ltr'><strong>τοῦ</strong></span> <span class='ocrx_word' id='word_1_370' title='bbox 2911 2051 3154 2126; x_wconf 79' lang='grc' dir='ltr'><strong>μεγάλου</strong></span> <span class='ocrx_word' id='word_1_371' title='bbox 3202 2057 3336 2108; x_wconf 77' lang='grc' dir='ltr'><strong>Θεοῦ</strong></span> <span class='ocrx_word' id='word_1_372' title='bbox 3377 2053 3412 2122; x_wconf 76' lang='grc' dir='ltr'><strong>ἢ</strong></span> <span class='ocrx_word' id='word_1_373' title='bbox 3453 2051 3786 2129; x_wconf 86' lang='grc' dir='ltr'><strong>δημαγωγὸς</strong></span> <span class='ocrx_word' id='word_1_374' title='bbox 3814 2051 3892 2107; x_wconf 83' lang='grc' dir='ltr'><strong>ἐπὶ</strong></span> 
     </span>
    </p>
   </div>
   <div class='ocr_carea' id='block_1_54' title="bbox 2271 2139 3894 2214">
    <p class='ocr_par' dir='ltr' id='par_1_54' title="bbox 2271 2139 3894 2214">
     <span class='ocr_line' id='line_1_54' title="bbox 2271 2139 3894 2214; baseline 0.002 -22"><span class='ocrx_word' id='word_1_375' title='bbox 2271 2145 2372 2212; x_wconf 78' lang='grc' dir='ltr'>γῆς</span> <span class='ocrx_word' id='word_1_376' title='bbox 2429 2143 2534 2193; x_wconf 91' lang='grc' dir='ltr'><strong>τῶν</strong></span> <span class='ocrx_word' id='word_1_377' title='bbox 2585 2139 2754 2194; x_wconf 74' lang='grc' dir='ltr'>αὐτοῦ</span> <span class='ocrx_word' id='word_1_378' title='bbox 2798 2141 3202 2214; x_wconf 76' lang='grc' dir='ltr'><strong>θεσπισμάτων,</strong></span> <span class='ocrx_word' id='word_1_379' title='bbox 3251 2141 3394 2197; x_wconf 74' lang='grc' dir='ltr'><strong>οὕτω</strong></span> <span class='ocrx_word' id='word_1_380' title='bbox 3465 2144 3703 2213; x_wconf 76' lang='grc' dir='ltr'><strong>καθάπαξ</strong></span> <span class='ocrx_word' id='word_1_381' title='bbox 3752 2147 3894 2197; x_wconf 80' lang='grc' dir='ltr'>πᾶσιν</span> 
     </span>
    </p>
   </div>
   <div class='ocr_carea' id='block_1_55' title="bbox 2274 2223 3891 2307">
    <p class='ocr_par' dir='ltr' id='par_1_55' title="bbox 2274 2223 3891 2307">
     <span class='ocr_line' id='line_1_55' title="bbox 2274 2223 3891 2307; baseline 0.002 -26"><span class='ocrx_word' id='word_1_382' title='bbox 2274 2223 2471 2294; x_wconf 76' lang='grc' dir='ltr'><strong>ἐδόκει,</strong></span> <span class='ocrx_word' id='word_1_383' title='bbox 2529 2229 2614 2283; x_wconf 76' lang='grc' dir='ltr'><strong>καὶ</strong></span> <span class='ocrx_word' id='word_1_384' title='bbox 2657 2230 2846 2290; x_wconf 79' lang='grc' dir='ltr'>πάντες</span> <span class='ocrx_word' id='word_1_385' title='bbox 2904 2229 2980 2293; x_wconf 82' lang='grc' dir='ltr'><strong>εἷς</strong></span> <span class='ocrx_word' id='word_1_386' title='bbox 3038 2230 3195 2286; x_wconf 79' lang='grc' dir='ltr'>αὐτὸν</span> <span class='ocrx_word' id='word_1_387' title='bbox 3250 2231 3433 2306; x_wconf 83' lang='grc' dir='ltr'><strong>ὥσπερ</strong></span> <span class='ocrx_word' id='word_1_388' title='bbox 3509 2233 3808 2307; x_wconf 69' lang='grc' dir='ltr'>ἀρχέτυπον</span> <span class='ocrx_word' id='word_1_389' title='bbox 3861 2232 3891 2300; x_wconf 70' lang='grc' dir='ltr'><strong>ἢ</strong></span> 
     </span>
    </p>
   </div>
   <div class='ocr_carea' id='block_1_56' title="bbox 2274 2317 3895 2400">
    <p class='ocr_par' dir='ltr' id='par_1_56' title="bbox 2274 2317 3895 2400">
     <span class='ocr_line' id='line_1_56' title="bbox 2274 2317 3895 2400; baseline 0.002 -29"><span class='ocrx_word' id='word_1_390' title='bbox 2274 2318 2637 2392; x_wconf 83' lang='grc' dir='ltr'>ὁρμητήριον,</span> <span class='ocrx_word' id='word_1_391' title='bbox 2669 2319 2702 2388; x_wconf 72' lang='grc' dir='ltr'>ἢ</span> <span class='ocrx_word' id='word_1_392' title='bbox 2736 2320 2911 2374; x_wconf 74' lang='grc' dir='ltr'><strong>ἑστίαν</strong></span> <span class='ocrx_word' id='word_1_393' title='bbox 2961 2317 3134 2375; x_wconf 82' lang='grc' dir='ltr'>καλοῦ</span> <span class='ocrx_word' id='word_1_394' title='bbox 3165 2321 3366 2381; x_wconf 80' lang='grc' dir='ltr'>παντὸς</span> <span class='ocrx_word' id='word_1_395' title='bbox 3395 2321 3660 2400; x_wconf 74' lang='grc' dir='ltr'>ἀφεώρων</span> <span class='ocrx_word' id='word_1_396' title='bbox 3693 2340 3706 2354; x_wconf 67' lang='grc' dir='ltr'><strong>θ</strong></span> <span class='ocrx_word' id='word_1_397' title='bbox 3745 2319 3895 2394; x_wconf 86' lang='grc' dir='ltr'><strong>νομί-</strong></span> 
     </span>
    </p>
   </div>
   <div class='ocr_carea' id='block_1_57' title="bbox 2275 2407 3895 2486">
    <p class='ocr_par' dir='ltr' id='par_1_57' title="bbox 2275 2407 3895 2486">
     <span class='ocr_line' id='line_1_57' title="bbox 2275 2407 3895 2486; baseline 0.004 -26"><span class='ocrx_word' id='word_1_398' title='bbox 2275 2411 2453 2476; x_wconf 84' lang='grc' dir='ltr'>ζοντες</span> <span class='ocrx_word' id='word_1_399' title='bbox 2482 2407 2610 2470; x_wconf 80' lang='grc' dir='ltr'>τοὺς</span> <span class='ocrx_word' id='word_1_400' title='bbox 2668 2407 2832 2463; x_wconf 79' lang='grc' dir='ltr'>αὐτοῦ</span> <span class='ocrx_word' id='word_1_401' title='bbox 2893 2407 3110 2483; x_wconf 78' lang='grc' dir='ltr'>λόγους,</span> <span class='ocrx_word' id='word_1_402' title='bbox 3171 2409 3269 2464; x_wconf 84' lang='grc' dir='ltr'><strong>ούκ</strong></span> <span class='ocrx_word' id='word_1_403' title='bbox 3316 2411 3604 2486; x_wconf 85' lang='grc' dir='ltr'>ἀνθρώπου</span> <span class='ocrx_word' id='word_1_404' title='bbox 3655 2409 3720 2482; x_wconf 83' lang='grc' dir='ltr'>δή</span> <span class='ocrx_word' id='word_1_405' title='bbox 3760 2431 3895 2472; x_wconf 89' lang='grc' dir='ltr'>τινος</span> 
     </span>
    </p>
   </div>
   <div class='ocr_carea' id='block_1_58' title="bbox 2274 2493 3894 2578">
    <p class='ocr_par' dir='ltr' id='par_1_58' title="bbox 2274 2493 3894 2578">
     <span class='ocr_line' id='line_1_58' title="bbox 2274 2493 3894 2578; baseline -0.006 -24"><span class='ocrx_word' id='word_1_406' title='bbox 2274 2493 2498 2570; x_wconf 75' lang='grc' dir='ltr'><strong>λόγους,</strong></span> <span class='ocrx_word' id='word_1_407' title='bbox 2531 2495 2680 2551; x_wconf 84' lang='grc' dir='ltr'><strong>ἀλλά</strong></span> <span class='ocrx_word' id='word_1_408' title='bbox 2711 2499 3023 2569; x_wconf 81' lang='grc' dir='ltr'><strong>θαυμαστάς</strong></span> <span class='ocrx_word' id='word_1_409' title='bbox 3054 2519 3201 2561; x_wconf 89' lang='grc' dir='ltr'><strong>τινας</strong></span> <span class='ocrx_word' id='word_1_410' title='bbox 3233 2499 3265 2554; x_wconf 84' lang='grc' dir='ltr'><strong>ἀ</strong></span> <span class='ocrx_word' id='word_1_411' title='bbox 3301 2500 3552 2578; x_wconf 76' lang='grc' dir='ltr'>τοφάσεις</span> <span class='ocrx_word' id='word_1_412' title='bbox 3599 2505 3755 2570; x_wconf 74' lang='grc' dir='ltr'><strong>Θεοῦ,</strong></span> <span class='ocrx_word' id='word_1_413' title='bbox 3798 2523 3894 2573; x_wconf 77' lang='grc' dir='ltr'><strong>μη.</strong></span> 
     </span>
    </p>
   </div>
   <div class='ocr_carea' id='block_1_59' title="bbox 2273 2582 3898 2667">
    <p class='ocr_par' dir='ltr' id='par_1_59' title="bbox 2273 2582 3898 2667">
     <span class='ocr_line' id='line_1_59' title="bbox 2273 2582 3898 2667; baseline 0.002 -28"><span class='ocrx_word' id='word_1_414' title='bbox 2273 2582 2560 2656; x_wconf 78' lang='grc' dir='ltr'>δηντινοῦν</span> <span class='ocrx_word' id='word_1_415' title='bbox 2592 2583 2864 2661; x_wconf 82' lang='grc' dir='ltr'>δεχομένα</span> <span class='ocrx_word' id='word_1_416' title='bbox 2905 2589 3206 2667; x_wconf 76' lang='grc' dir='ltr'><strong>ἆντιιρασιν.</strong></span> <span class='ocrx_word' id='word_1_417' title='bbox 3243 2589 3346 2645; x_wconf 80' lang='grc' dir='ltr'><strong>Καὶ</strong></span> <span class='ocrx_word' id='word_1_418' title='bbox 3397 2597 3606 2665; x_wconf 76' lang='grc' dir='ltr'>προσῆν</span> <span class='ocrx_word' id='word_1_419' title='bbox 3657 2592 3717 2646; x_wconf 81' lang='grc' dir='ltr'>τὸ</span> <span class='ocrx_word' id='word_1_420' title='bbox 3765 2585 3898 2644; x_wconf 75' lang='grc' dir='ltr'><strong>εἱκό-</strong></span> 
     </span>
    </p>
   </div>
   <div class='ocr_carea' id='block_1_60' title="bbox 2271 2675 3896 2754">
    <p class='ocr_par' dir='ltr' id='par_1_60' title="bbox 2271 2675 3896 2754">
     <span class='ocr_line' id='line_1_60' title="bbox 2271 2675 3896 2754; baseline 0.002 -25"><span class='ocrx_word' id='word_1_421' title='bbox 2271 2695 2382 2736; x_wconf 88' lang='grc' dir='ltr'>τως</span> <span class='ocrx_word' id='word_1_422' title='bbox 2431 2675 2522 2730; x_wconf 81' lang='grc' dir='ltr'><strong>καὶ</strong></span> <span class='ocrx_word' id='word_1_423' title='bbox 2575 2677 2712 2748; x_wconf 86' lang='grc' dir='ltr'><strong>μετά</strong></span> <span class='ocrx_word' id='word_1_424' title='bbox 2753 2677 2932 2748; x_wconf 81' lang='grc' dir='ltr'>πάσης</span> <span class='ocrx_word' id='word_1_425' title='bbox 2991 2676 3229 2753; x_wconf 75' lang='grc' dir='ltr'>ἀνάγκης</span> <span class='ocrx_word' id='word_1_426' title='bbox 3265 2695 3278 2708; x_wconf 85' lang='grc'><em>’</em></span> <span class='ocrx_word' id='word_1_427' title='bbox 3315 2679 3377 2732; x_wconf 86' lang='grc' dir='ltr'>τὸ</span> <span class='ocrx_word' id='word_1_428' title='bbox 3423 2677 3525 2753; x_wconf 79' lang='grc' dir='ltr'><strong>γὰρ</strong></span> <span class='ocrx_word' id='word_1_429' title='bbox 3575 2678 3609 2732; x_wconf 76' lang='grc' dir='ltr'>ἃ</span> <span class='ocrx_word' id='word_1_430' title='bbox 3659 2679 3896 2754; x_wconf 77' lang='grc' dir='ltr'><strong>παρῄνει,</strong></span> 
     </span>
    </p>
   </div>
   <div class='ocr_carea' id='block_1_61' title="bbox 2271 2764 3917 2843">
    <p class='ocr_par' dir='ltr' id='par_1_61' title="bbox 2271 2764 3917 2843">
     <span class='ocr_line' id='line_1_61' title="bbox 2271 2764 3917 2843; baseline 0.001 -23"><span class='ocrx_word' id='word_1_431' title='bbox 2271 2765 2423 2820; x_wconf 82' lang='grc' dir='ltr'>ταῦτ’</span> <span class='ocrx_word' id='word_1_432' title='bbox 2453 2764 2611 2821; x_wconf 86' lang='grc' dir='ltr'>αύτὸν</span> <span class='ocrx_word' id='word_1_433' title='bbox 2643 2771 2864 2836; x_wconf 84' lang='grc' dir='ltr'>πηῶτον</span> <span class='ocrx_word' id='word_1_434' title='bbox 2903 2765 3043 2838; x_wconf 87' lang='grc' dir='ltr'><strong>μετᾶ</strong></span> <span class='ocrx_word' id='word_1_435' title='bbox 3071 2765 3288 2822; x_wconf 79' lang='grc' dir='ltr'>πολλοῦ</span> <span class='ocrx_word' id='word_1_436' title='bbox 3335 2772 3431 2822; x_wconf 74' lang='grc' dir='ltr'>τοῦ</span> <span class='ocrx_word' id='word_1_437' title='bbox 3474 2768 3757 2843; x_wconf 82' lang='grc' dir='ltr'>περιόντος</span> <span class='ocrx_word' id='word_1_438' title='bbox 3803 2767 3917 2839; x_wconf 82' lang='grc' dir='ltr'><strong>εἰρ-</strong></span> 
     </span>
    </p>
   </div>
   <div class='ocr_carea' id='block_1_62' title="bbox 2269 2854 3895 2933">
    <p class='ocr_par' dir='ltr' id='par_1_62' title="bbox 2269 2854 3895 2933">
     <span class='ocr_line' id='line_1_62' title="bbox 2269 2854 3895 2933; baseline 0.001 -24"><span class='ocrx_word' id='word_1_439' title='bbox 2269 2855 2466 2929; x_wconf 89' lang='grc' dir='ltr'><strong>γάσθαι</strong></span> <span class='ocrx_word' id='word_1_440' title='bbox 2514 2857 2604 2910; x_wconf 77' lang='grc' dir='ltr'><strong>καὶ</strong></span> <span class='ocrx_word' id='word_1_441' title='bbox 2651 2854 3020 2931; x_wconf 72' lang='grc' dir='ltr'><strong>φθεγγομένην</strong></span> <span class='ocrx_word' id='word_1_442' title='bbox 3054 2856 3192 2910; x_wconf 80' lang='grc' dir='ltr'><strong>εἶναι</strong></span> <span class='ocrx_word' id='word_1_443' title='bbox 3231 2857 3320 2911; x_wconf 83' lang='grc' dir='ltr'><strong>καὶ</strong></span> <span class='ocrx_word' id='word_1_444' title='bbox 3381 2863 3673 2913; x_wconf 76' lang='grc' dir='ltr'><strong>σιωπῶσαν</strong></span> <span class='ocrx_word' id='word_1_445' title='bbox 3721 2856 3895 2933; x_wconf 79' lang='grc' dir='ltr'><strong>παραί-</strong></span> 
     </span>
    </p>
   </div>
   <div class='ocr_carea' id='block_1_63' title="bbox 2268 2943 3892 3020">
    <p class='ocr_par' dir='ltr' id='par_1_63' title="bbox 2268 2943 3892 3020">
     <span class='ocr_line' id='line_1_63' title="bbox 2268 2943 3892 3020; baseline 0.001 -23"><span class='ocrx_word' id='word_1_446' title='bbox 2268 2965 2433 3014; x_wconf 89' lang='grc' dir='ltr'><strong>νεσιν,</strong></span> <span class='ocrx_word' id='word_1_447' title='bbox 2486 2943 2736 3020; x_wconf 80' lang='grc' dir='ltr'><strong>μέγιστον</strong></span> <span class='ocrx_word' id='word_1_448' title='bbox 2781 2945 2847 3012; x_wconf 83' lang='grc' dir='ltr'><strong>ἦν</strong></span> <span class='ocrx_word' id='word_1_449' title='bbox 2911 2943 3055 3016; x_wconf 82' lang='grc' dir='ltr'><strong>αὐτῷ</strong></span> <span class='ocrx_word' id='word_1_450' title='bbox 3106 2945 3243 3017; x_wconf 87' lang='grc' dir='ltr'>πρὸς</span> <span class='ocrx_word' id='word_1_451' title='bbox 3297 2946 3361 3001; x_wconf 84' lang='grc' dir='ltr'>τὸ</span> <span class='ocrx_word' id='word_1_452' title='bbox 3415 2947 3646 3018; x_wconf 79' lang='grc' dir='ltr'><strong>πείθειν,</strong></span> <span class='ocrx_word' id='word_1_453' title='bbox 3694 2947 3782 3002; x_wconf 79' lang='grc' dir='ltr'><strong>καὶ</strong></span> <span class='ocrx_word' id='word_1_454' title='bbox 3831 2944 3892 3000; x_wconf 85' lang='grc' dir='ltr'><strong>δι’</strong></span> 
     </span>
    </p>
   </div>
   <div class='ocr_carea' id='block_1_64' title="bbox 2267 3032 3883 3110">
    <p class='ocr_par' dir='ltr' id='par_1_64' title="bbox 2267 3032 3883 3110">
     <span class='ocr_line' id='line_1_64' title="bbox 2267 3032 3883 3110; baseline 0 -23"><span class='ocrx_word' id='word_1_455' title='bbox 2267 3033 2506 3109; x_wconf 81' lang='grc' dir='ltr'>ἀνάγκης</span> <span class='ocrx_word' id='word_1_456' title='bbox 2565 3032 2880 3088; x_wconf 86' lang='grc' dir='ltr'><strong>ἐθελουσίου</strong></span> <span class='ocrx_word' id='word_1_457' title='bbox 2935 3035 3134 3096; x_wconf 85' lang='grc' dir='ltr'>πάντας</span> <span class='ocrx_word' id='word_1_458' title='bbox 3191 3038 3528 3110; x_wconf 73' lang='grc' dir='ltr'><strong>χειροῦσθαι,</strong></span> <span class='ocrx_word' id='word_1_459' title='bbox 3572 3037 3638 3092; x_wconf 80' lang='grc' dir='ltr'><strong>οὐ</strong></span> <span class='ocrx_word' id='word_1_460' title='bbox 3698 3035 3883 3110; x_wconf 80' lang='grc' dir='ltr'>μᾶλλον</span> 
     </span>
    </p>
   </div>
   <div class='ocr_carea' id='block_1_65' title="bbox 2267 3121 3886 3199">
    <p class='ocr_par' dir='ltr' id='par_1_65' title="bbox 2267 3121 3886 3199">
     <span class='ocr_line' id='line_1_65' title="bbox 2267 3121 3886 3199; baseline 0 -21"><span class='ocrx_word' id='word_1_461' title='bbox 2267 3121 2443 3192; x_wconf 71' lang='grc' dir='ltr'><strong>ἥδέως</strong></span> <span class='ocrx_word' id='word_1_462' title='bbox 2495 3122 2642 3196; x_wconf 75' lang='grc' dir='ltr'><strong>αὒτῷ</strong></span> <span class='ocrx_word' id='word_1_463' title='bbox 2699 3123 3181 3199; x_wconf 76' lang='grc' dir='ltr'><strong>προσχωροῦντας,</strong></span> <span class='ocrx_word' id='word_1_464' title='bbox 3231 3127 3265 3196; x_wconf 73' lang='grc' dir='ltr'>ἢ</span> <span class='ocrx_word' id='word_1_465' title='bbox 3323 3123 3508 3196; x_wconf 80' lang='grc' dir='ltr'>ἀηδῶς</span> <span class='ocrx_word' id='word_1_466' title='bbox 3556 3126 3886 3185; x_wconf 79' lang='grc' dir='ltr'>ἀπαλλάττον</span> 
     </span>
    </p>
   </div>
   <div class='ocr_carea' id='block_1_66' title="bbox 2265 3211 3890 3296">
    <p class='ocr_par' dir='ltr' id='par_1_66' title="bbox 2265 3211 3890 3296">
     <span class='ocr_line' id='line_1_66' title="bbox 2265 3211 3890 3296; baseline 0.002 -29"><span class='ocrx_word' id='word_1_467' title='bbox 2265 3235 2358 3274; x_wconf 88' lang='grc' dir='ltr'><strong>τας</strong></span> <span class='ocrx_word' id='word_1_468' title='bbox 2394 3232 2408 3247; x_wconf 87' lang='grc'><strong>·</strong></span> <span class='ocrx_word' id='word_1_469' title='bbox 2446 3213 2659 3287; x_wconf 76' lang='grc' dir='ltr'>μᾶλλον</span> <span class='ocrx_word' id='word_1_470' title='bbox 2691 3211 2748 3270; x_wconf 75' lang='grc' dir='ltr'>δὲ</span> <span class='ocrx_word' id='word_1_471' title='bbox 2779 3217 2862 3278; x_wconf 84' lang='grc' dir='ltr'>οἷς</span> <span class='ocrx_word' id='word_1_472' title='bbox 2883 3212 3162 3289; x_wconf 81' lang='grc' dir='ltr'><strong>δυσχερῶς</strong></span> <span class='ocrx_word' id='word_1_473' title='bbox 3193 3217 3331 3291; x_wconf 88' lang='grc' dir='ltr'>πρὸς</span> <span class='ocrx_word' id='word_1_474' title='bbox 3357 3217 3504 3272; x_wconf 78' lang='grc' dir='ltr'>τοῦτ’</span> <span class='ocrx_word' id='word_1_475' title='bbox 3551 3217 3735 3296; x_wconf 77' lang='grc' dir='ltr'><strong>εἶχον,</strong></span> <span class='ocrx_word' id='word_1_476' title='bbox 3767 3235 3890 3292; x_wconf 87' lang='grc' dir='ltr'><strong>μαρ-</strong></span> 
     </span>
    </p>
   </div>
   <div class='ocr_carea' id='block_1_67' title="bbox 2264 3303 3892 3380">
    <p class='ocr_par' dir='ltr' id='par_1_67' title="bbox 2264 3303 3892 3380">
     <span class='ocr_line' id='line_1_67' title="bbox 2264 3303 3892 3380; baseline -0.001 -22"><span class='ocrx_word' id='word_1_477' title='bbox 2264 3307 2548 3376; x_wconf 71' lang='grc' dir='ltr'>τυροῦντες</span> <span class='ocrx_word' id='word_1_478' title='bbox 2594 3324 2728 3370; x_wconf 86' lang='grc' dir='ltr'>ησαν</span> <span class='ocrx_word' id='word_1_479' title='bbox 2770 3303 3013 3378; x_wconf 75' lang='grc' dir='ltr'><strong>ἑκάτερα,</strong></span> <span class='ocrx_word' id='word_1_480' title='bbox 3053 3305 3268 3360; x_wconf 79' lang='grc' dir='ltr'>κάκεῖνο</span> <span class='ocrx_word' id='word_1_481' title='bbox 3319 3305 3441 3380; x_wconf 84' lang='grc' dir='ltr'><strong>περῖ</strong></span> <span class='ocrx_word' id='word_1_482' title='bbox 3493 3305 3750 3370; x_wconf 87' lang='grc' dir='ltr'>πλείονος</span> <span class='ocrx_word' id='word_1_483' title='bbox 3779 3307 3892 3360; x_wconf 81' lang='grc' dir='ltr'>ὅτου</span> 
     </span>
    </p>
   </div>
   <div class='ocr_carea' id='block_1_68' title="bbox 2265 3391 3894 3474">
    <p class='ocr_par' dir='ltr' id='par_1_68' title="bbox 2265 3391 3894 3474">
     <span class='ocr_line' id='line_1_68' title="bbox 2265 3391 3894 3474; baseline 0.003 -27"><span class='ocrx_word' id='word_1_484' title='bbox 2265 3393 2348 3454; x_wconf 84' lang='grc' dir='ltr'>τίς</span> <span class='ocrx_word' id='word_1_485' title='bbox 2391 3391 2450 3447; x_wconf 82' lang='grc' dir='ltr'>ἂν</span> <span class='ocrx_word' id='word_1_486' title='bbox 2512 3391 2654 3448; x_wconf 79' lang='grc' dir='ltr'><strong>εἷ’ποι</strong></span> <span class='ocrx_word' id='word_1_487' title='bbox 2705 3394 2974 3448; x_wconf 87' lang='grc' dir='ltr'><strong>ποιεῖσθαι</strong></span> <span class='ocrx_word' id='word_1_488' title='bbox 3009 3412 3022 3424; x_wconf 84' lang='grc'><em>’</em></span> <span class='ocrx_word' id='word_1_489' title='bbox 3072 3395 3162 3448; x_wconf 81' lang='grc' dir='ltr'><strong>καὶ</strong></span> <span class='ocrx_word' id='word_1_490' title='bbox 3209 3398 3372 3450; x_wconf 82' lang='grc' dir='ltr'>τοῦτο</span> <span class='ocrx_word' id='word_1_491' title='bbox 3422 3392 3770 3474; x_wconf 75' lang='grc' dir='ltr'>διαφερόντος</span> <span class='ocrx_word' id='word_1_492' title='bbox 3812 3415 3894 3468; x_wconf 85' lang='grc' dir='ltr'><strong>μι-</strong></span> 
     </span>
    </p>
   </div>
   <div class='ocr_carea' id='block_1_69' title="bbox 2264 3479 3444 3558">
    <p class='ocr_par' dir='ltr' id='par_1_69' title="bbox 2264 3479 3444 3558">
     <span class='ocr_line' id='line_1_69' title="bbox 2264 3479 3444 3558; baseline 0.004 -22"><span class='ocrx_word' id='word_1_493' title='bbox 2264 3487 2396 3553; x_wconf 84' lang='grc' dir='ltr'><strong>σεῖν,</strong></span> <span class='ocrx_word' id='word_1_494' title='bbox 2430 3479 2519 3536; x_wconf 83' lang='grc' dir='ltr'>διὰ</span> <span class='ocrx_word' id='word_1_495' title='bbox 2549 3484 2649 3552; x_wconf 79' lang='grc' dir='ltr'>τήν</span> <span class='ocrx_word' id='word_1_496' title='bbox 2682 3483 2816 3558; x_wconf 88' lang='grc' dir='ltr'>πρὸς</span> <span class='ocrx_word' id='word_1_497' title='bbox 2847 3482 3020 3538; x_wconf 78' lang='grc' dir='ltr'><strong>ἐκεῖνο</strong></span> <span class='ocrx_word' id='word_1_498' title='bbox 3050 3484 3444 3558; x_wconf 79' lang='grc' dir='ltr'><strong>προσπάθειαν.</strong></span> 
     </span>
    </p>
   </div>
   <div class='ocr_carea' id='block_1_70' title="bbox 512 3569 3897 3648">
    <p class='ocr_par' dir='ltr' id='par_1_70' title="bbox 512 3569 3897 3648">
     <span class='ocr_line' id='line_1_70' title="bbox 512 3569 3897 3648; baseline 0.001 -21"><span class='ocrx_word' id='word_1_499' title='bbox 512 3573 790 3634; x_wconf 79' lang='lat' dir='ltr'><strong>ferebant,</strong></span> <span class='ocrx_word' id='word_1_500' title='bbox 823 3579 1136 3642; x_wconf 89' lang='lat' dir='ltr'><strong>utrumque</strong></span> <span class='ocrx_word' id='word_1_501' title='bbox 1165 3569 1628 3642; x_wconf 87' lang='lat' dir='ltr'><strong>comprobarent,</strong></span> <span class='ocrx_word' id='word_1_502' title='bbox 1663 3571 1940 3627; x_wconf 88' lang='lat' dir='ltr'><strong>nimirum</strong></span> <span class='ocrx_word' id='word_1_503' title='bbox 1973 3574 2126 3644; x_wconf 90' lang='lat' dir='ltr'><strong>quod</strong></span> <span class='ocrx_word' id='word_1_504' title='bbox 2159 3579 2216 3630; x_wconf 91' lang='lat' dir='ltr'><strong>et</strong></span> <span class='ocrx_word' id='word_1_505' title='bbox 2237 3573 2384 3630; x_wconf 86' lang='lat' dir='ltr'><strong>illud</strong></span> <span class='ocrx_word' id='word_1_506' title='bbox 2439 3575 2602 3646; x_wconf 83' lang='lat' dir='ltr'><strong>prius</strong></span> <span class='ocrx_word' id='word_1_507' title='bbox 2657 3573 2865 3645; x_wconf 90' lang='lat' dir='ltr'><strong>pluris,</strong></span> <span class='ocrx_word' id='word_1_508' title='bbox 2921 3591 3098 3646; x_wconf 90' lang='lat' dir='ltr'><strong>quam</strong></span> <span class='ocrx_word' id='word_1_509' title='bbox 3155 3576 3436 3648; x_wconf 88' lang='lat' dir='ltr'><strong>quidquid</strong></span> <span class='ocrx_word' id='word_1_510' title='bbox 3495 3577 3708 3634; x_wconf 83' lang='lat' dir='ltr'><strong>dixerit</strong></span> <span class='ocrx_word' id='word_1_511' title='bbox 3743 3575 3897 3648; x_wconf 89' lang='lat' dir='ltr'><strong>quis-</strong></span> 
     </span>
    </p>
   </div>
   <div class='ocr_carea' id='block_1_71' title="bbox 511 3661 3900 3736">
    <p class='ocr_par' dir='ltr' id='par_1_71' title="bbox 511 3661 3900 3736">
     <span class='ocr_line' id='line_1_71' title="bbox 511 3661 3900 3736; baseline 0 -17"><span class='ocrx_word' id='word_1_512' title='bbox 511 3665 687 3736; x_wconf 84' lang='lat' dir='ltr'><strong>piam.</strong></span> <span class='ocrx_word' id='word_1_513' title='bbox 724 3664 1015 3732; x_wconf 82' lang='lat' dir='ltr'><strong>facerent;</strong></span> <span class='ocrx_word' id='word_1_514' title='bbox 1046 3667 1101 3718; x_wconf 91' lang='lat' dir='ltr'><strong>et</strong></span> <span class='ocrx_word' id='word_1_515' title='bbox 1132 3661 1240 3717; x_wconf 90' lang='lat' dir='ltr'><strong>hoc</strong></span> <span class='ocrx_word' id='word_1_516' title='bbox 1299 3661 1588 3734; x_wconf 83' lang='lat' dir='ltr'><strong>posterius</strong></span> <span class='ocrx_word' id='word_1_517' title='bbox 1647 3663 1926 3732; x_wconf 84' lang='lat' dir='ltr'><strong>majorem</strong></span> <span class='ocrx_word' id='word_1_518' title='bbox 1976 3663 2033 3718; x_wconf 89' lang='lat' dir='ltr'><strong>in</strong></span> <span class='ocrx_word' id='word_1_519' title='bbox 2080 3664 2317 3720; x_wconf 89' lang='lat' dir='ltr'><strong>modum</strong></span> <span class='ocrx_word' id='word_1_520' title='bbox 2378 3663 2658 3730; x_wconf 90' lang='lat' dir='ltr'><strong>odissent,</strong></span> <span class='ocrx_word' id='word_1_521' title='bbox 2718 3663 2848 3720; x_wconf 91' lang='lat' dir='ltr'><strong>ideo</strong></span> <span class='ocrx_word' id='word_1_522' title='bbox 2888 3664 3174 3732; x_wconf 89' lang='lat' dir='ltr'><strong>videlicet,</strong></span> <span class='ocrx_word' id='word_1_523' title='bbox 3237 3666 3517 3736; x_wconf 90' lang='lat' dir='ltr'><strong>quoniam</strong></span> <span class='ocrx_word' id='word_1_524' title='bbox 3571 3666 3676 3724; x_wconf 89' lang='lat' dir='ltr'><strong>illo</strong></span> <span class='ocrx_word' id='word_1_525' title='bbox 3733 3665 3900 3722; x_wconf 89' lang='lat' dir='ltr'><strong>altero</strong></span> 
     </span>
    </p>
   </div>
   <div class='ocr_carea' id='block_1_72' title="bbox 510 3753 1294 3812">
    <p class='ocr_par' dir='ltr' id='par_1_72' title="bbox 510 3753 1294 3812">
     <span class='ocr_line' id='line_1_72' title="bbox 510 3753 1294 3812; baseline -0.006 -1"><span class='ocrx_word' id='word_1_526' title='bbox 510 3755 879 3812; x_wconf 88' lang='lat' dir='ltr'><strong>vehementer</strong></span> <span class='ocrx_word' id='word_1_527' title='bbox 908 3753 1294 3810; x_wconf 79' lang='lat' dir='ltr'><strong>afficerentur.</strong></span> 
     </span>
    </p>
   </div>
   <div class='ocr_carea' id='block_1_73' title="bbox 584 3843 2163 3914">
    <p class='ocr_par' dir='ltr' id='par_1_73' title="bbox 584 3843 2163 3914">
     <span class='ocr_line' id='line_1_73' title="bbox 584 3843 2163 3914; baseline -0.001 -12"><span class='ocrx_word' id='word_1_528' title='bbox 584 3845 715 3903; x_wconf 85' lang='lat' dir='ltr'><strong>CVI.</strong></span> <span class='ocrx_word' id='word_1_529' title='bbox 751 3843 1264 3900; x_wconf 86' lang='lat' dir='ltr'><strong>Verumenimvero</strong></span> <span class='ocrx_word' id='word_1_530' title='bbox 1295 3847 1526 3914; x_wconf 89' lang='lat' dir='ltr'><strong>tempus</strong></span> <span class='ocrx_word' id='word_1_531' title='bbox 1567 3860 1724 3900; x_wconf 90' lang='lat' dir='ltr'><strong>nunc</strong></span> <span class='ocrx_word' id='word_1_532' title='bbox 1773 3844 2005 3900; x_wconf 85' lang='lat' dir='ltr'><strong>tandem</strong></span> <span class='ocrx_word' id='word_1_533' title='bbox 2035 3845 2163 3900; x_wconf 88' lang='lat' dir='ltr'><strong>fue-</strong></span> 
     </span>
    </p>
   </div>
   <div class='ocr_carea' id='block_1_74' title="bbox 511 3931 2152 4006">
    <p class='ocr_par' dir='ltr' id='par_1_74' title="bbox 511 3931 2152 4006">
     <span class='ocr_line' id='line_1_74' title="bbox 511 3931 2152 4006; baseline -0.002 -15"><span class='ocrx_word' id='word_1_534' title='bbox 511 3937 608 4002; x_wconf 88' lang='lat' dir='ltr'><strong>rit,</strong></span> <span class='ocrx_word' id='word_1_535' title='bbox 641 3939 767 3990; x_wconf 91' lang='lat' dir='ltr'><strong>tum</strong></span> <span class='ocrx_word' id='word_1_536' title='bbox 794 3933 960 4006; x_wconf 83' lang='lat' dir='ltr'><strong>legis,</strong></span> <span class='ocrx_word' id='word_1_537' title='bbox 997 3950 1123 4004; x_wconf 72' lang='lat' dir='ltr'><strong>quas</strong></span> <span class='ocrx_word' id='word_1_538' title='bbox 1153 3933 1247 3989; x_wconf 89' lang='lat' dir='ltr'><strong>his</strong></span> <span class='ocrx_word' id='word_1_539' title='bbox 1275 3931 1336 3988; x_wconf 91' lang='lat' dir='ltr'><strong>in</strong></span> <span class='ocrx_word' id='word_1_540' title='bbox 1384 3933 1560 3988; x_wconf 89' lang='lat' dir='ltr'><strong>rebus</strong></span> <span class='ocrx_word' id='word_1_541' title='bbox 1613 3933 1840 4005; x_wconf 89' lang='lat' dir='ltr'><strong>pridem</strong></span> <span class='ocrx_word' id='word_1_542' title='bbox 1909 3933 2152 4001; x_wconf 89' lang='lat' dir='ltr'><strong>obtinet,</strong></span> 
     </span>
    </p>
   </div>
   <div class='ocr_carea' id='block_1_75' title="bbox 517 4023 2158 4096">
    <p class='ocr_par' dir='ltr' id='par_1_75' title="bbox 517 4023 2158 4096">
     <span class='ocr_line' id='line_1_75' title="bbox 517 4023 2158 4096; baseline -0.002 -13"><span class='ocrx_word' id='word_1_543' title='bbox 517 4043 714 4096; x_wconf 89' lang='lat' dir='ltr'><strong>causa,</strong></span> <span class='ocrx_word' id='word_1_544' title='bbox 747 4033 866 4081; x_wconf 89' lang='lat' dir='ltr'><strong>tum</strong></span> <span class='ocrx_word' id='word_1_545' title='bbox 899 4025 1054 4096; x_wconf 89' lang='lat' dir='ltr'><strong>quod</strong></span> <span class='ocrx_word' id='word_1_546' title='bbox 1080 4025 1300 4096; x_wconf 87' lang='lat' dir='ltr'><strong>optima</strong></span> <span class='ocrx_word' id='word_1_547' title='bbox 1328 4023 1505 4080; x_wconf 89' lang='lat' dir='ltr'><strong>etiam</strong></span> <span class='ocrx_word' id='word_1_548' title='bbox 1537 4025 1858 4095; x_wconf 65' lang='lat' dir='ltr'><strong>saepissime</strong></span> <span class='ocrx_word' id='word_1_549' title='bbox 1884 4040 2024 4080; x_wconf 89' lang='lat' dir='ltr'><strong>sane</strong></span> <span class='ocrx_word' id='word_1_550' title='bbox 2053 4024 2158 4080; x_wconf 89' lang='lat' dir='ltr'><strong>ile-</strong></span> 
     </span>
    </p>
   </div>
   <div class='ocr_carea' id='block_1_76' title="bbox 519 4113 2161 4186">
    <p class='ocr_par' dir='ltr' id='par_1_76' title="bbox 519 4113 2161 4186">
     <span class='ocr_line' id='line_1_76' title="bbox 519 4113 2161 4186; baseline -0.002 -14"><span class='ocrx_word' id='word_1_551' title='bbox 519 4116 702 4172; x_wconf 87' lang='lat' dir='ltr'><strong>randa</strong></span> <span class='ocrx_word' id='word_1_552' title='bbox 722 4119 882 4182; x_wconf 90' lang='lat' dir='ltr'><strong>sunt,</strong></span> <span class='ocrx_word' id='word_1_553' title='bbox 897 4131 1020 4186; x_wconf 67' lang='lat' dir='ltr'><strong>qua:</strong></span> <span class='ocrx_word' id='word_1_554' title='bbox 1034 4113 1302 4185; x_wconf 89' lang='lat' dir='ltr'><strong>pluribus</strong></span> <span class='ocrx_word' id='word_1_555' title='bbox 1319 4113 1488 4168; x_wconf 89' lang='lat' dir='ltr'><strong>modo</strong></span> <span class='ocrx_word' id='word_1_556' title='bbox 1513 4118 1966 4169; x_wconf 90' lang='lat' dir='ltr'><strong>commemorata</strong></span> <span class='ocrx_word' id='word_1_557' title='bbox 1982 4115 2161 4179; x_wconf 86' lang='lat' dir='ltr'><strong>fuere,</strong></span> 
     </span>
    </p>
   </div>
   <div class='ocr_carea' id='block_1_77' title="bbox 519 4199 2163 4274">
    <p class='ocr_par' dir='ltr' id='par_1_77' title="bbox 519 4199 2163 4274">
     <span class='ocr_line' id='line_1_77' title="bbox 519 4199 2163 4274; baseline -0.001 -13"><span class='ocrx_word' id='word_1_558' title='bbox 519 4207 719 4262; x_wconf 86' lang='lat' dir='ltr'><strong>eadem</strong></span> <span class='ocrx_word' id='word_1_559' title='bbox 754 4219 907 4260; x_wconf 88' lang='lat' dir='ltr'><strong>nunc</strong></span> <span class='ocrx_word' id='word_1_560' title='bbox 930 4203 1118 4258; x_wconf 91' lang='lat' dir='ltr'><strong>denuo</strong></span> <span class='ocrx_word' id='word_1_561' title='bbox 1133 4203 1378 4258; x_wconf 88' lang='lat' dir='ltr'><strong>orationi</strong></span> <span class='ocrx_word' id='word_1_562' title='bbox 1403 4199 1772 4274; x_wconf 85' lang='lat' dir='ltr'><strong>indulgendi,</strong></span> <span class='ocrx_word' id='word_1_563' title='bbox 1799 4202 2163 4274; x_wconf 86' lang='lat' dir='ltr'><strong>breviterque</strong></span> 
     </span>
    </p>
   </div>
   <div class='ocr_carea' id='block_1_78' title="bbox 518 4291 2163 4367">
    <p class='ocr_par' dir='ltr' id='par_1_78' title="bbox 518 4291 2163 4367">
     <span class='ocr_line' id='line_1_78' title="bbox 518 4291 2163 4367; baseline -0.001 -17"><span class='ocrx_word' id='word_1_564' title='bbox 518 4293 910 4367; x_wconf 83' lang='lat' dir='ltr'><strong>percurrendi.</strong></span> <span class='ocrx_word' id='word_1_565' title='bbox 945 4291 1150 4364; x_wconf 86' lang='lat' dir='ltr'><strong>Ecquis</strong></span> <span class='ocrx_word' id='word_1_566' title='bbox 1197 4291 1353 4348; x_wconf 89' lang='lat' dir='ltr'><strong>enim</strong></span> <span class='ocrx_word' id='word_1_567' title='bbox 1388 4307 1570 4364; x_wconf 87' lang='lat' dir='ltr'><strong>usque</strong></span> <span class='ocrx_word' id='word_1_568' title='bbox 1614 4292 1754 4347; x_wconf 89' lang='lat' dir='ltr'><strong>adeo</strong></span> <span class='ocrx_word' id='word_1_569' title='bbox 1785 4291 2163 4348; x_wconf 85' lang='lat' dir='ltr'><strong>admirabiles</strong></span> 
     </span>
    </p>
   </div>
   <div class='ocr_carea' id='block_1_79' title="bbox 517 4381 2161 4454">
    <p class='ocr_par' dir='ltr' id='par_1_79' title="bbox 517 4381 2161 4454">
     <span class='ocr_line' id='line_1_79' title="bbox 517 4381 2161 4454; baseline -0.002 -14"><span class='ocrx_word' id='word_1_570' title='bbox 517 4385 575 4439; x_wconf 89' lang='lat' dir='ltr'><strong>in</strong></span> <span class='ocrx_word' id='word_1_571' title='bbox 607 4383 783 4440; x_wconf 87' lang='lat' dir='ltr'><strong>vitam</strong></span> <span class='ocrx_word' id='word_1_572' title='bbox 814 4383 1110 4454; x_wconf 76' lang='lat' dir='ltr'><strong>ingressus</strong></span> <span class='ocrx_word' id='word_1_573' title='bbox 1137 4381 1363 4448; x_wconf 90' lang='lat' dir='ltr'><strong>habuit,</strong></span> <span class='ocrx_word' id='word_1_574' title='bbox 1389 4386 1452 4436; x_wconf 92' lang='lat' dir='ltr'><strong>ut</strong></span> <span class='ocrx_word' id='word_1_575' title='bbox 1481 4397 1594 4436; x_wconf 90' lang='lat' dir='ltr'><strong>non</strong></span> <span class='ocrx_word' id='word_1_576' title='bbox 1621 4381 1792 4437; x_wconf 88' lang='lat' dir='ltr'><strong>modo</strong></span> <span class='ocrx_word' id='word_1_577' title='bbox 1819 4381 2161 4452; x_wconf 87' lang='lat' dir='ltr'><strong>priusquam</strong></span> 
     </span>
    </p>
   </div>
   <div class='ocr_carea' id='block_1_80' title="bbox 517 4471 2162 4547">
    <p class='ocr_par' dir='ltr' id='par_1_80' title="bbox 517 4471 2162 4547">
     <span class='ocr_line' id='line_1_80' title="bbox 517 4471 2162 4547; baseline -0.002 -16"><span class='ocrx_word' id='word_1_578' title='bbox 517 4479 832 4547; x_wconf 87' lang='lat' dir='ltr'><strong>conceptus</strong></span> <span class='ocrx_word' id='word_1_579' title='bbox 864 4477 1020 4530; x_wconf 88' lang='lat' dir='ltr'><strong>esset</strong></span> <span class='ocrx_word' id='word_1_580' title='bbox 1045 4475 1155 4528; x_wconf 91' lang='lat' dir='ltr'><strong>Deo</strong></span> <span class='ocrx_word' id='word_1_581' title='bbox 1187 4471 1456 4546; x_wconf 83' lang='lat' dir='ltr'><strong>religiose</strong></span> <span class='ocrx_word' id='word_1_582' title='bbox 1485 4471 1873 4536; x_wconf 88' lang='lat' dir='ltr'><strong>dedicaretur,</strong></span> <span class='ocrx_word' id='word_1_583' title='bbox 1907 4473 2007 4526; x_wconf 90' lang='lat' dir='ltr'><strong>sed</strong></span> <span class='ocrx_word' id='word_1_584' title='bbox 2029 4487 2162 4527; x_wconf 91' lang='lat' dir='ltr'><strong>vero</strong></span> 
     </span>
    </p>
   </div>
   <div class='ocr_carea' id='block_1_81' title="bbox 515 4559 2160 4635">
    <p class='ocr_par' dir='ltr' id='par_1_81' title="bbox 515 4559 2160 4635">
     <span class='ocr_line' id='line_1_81' title="bbox 515 4559 2160 4635; baseline -0.003 -14"><span class='ocrx_word' id='word_1_585' title='bbox 515 4565 686 4621; x_wconf 89' lang='lat' dir='ltr'><strong>etiam</strong></span> <span class='ocrx_word' id='word_1_586' title='bbox 719 4568 882 4620; x_wconf 87' lang='lat' dir='ltr'><strong>ortus</strong></span> <span class='ocrx_word' id='word_1_587' title='bbox 913 4561 1002 4620; x_wconf 90' lang='lat' dir='ltr'><strong>sui</strong></span> <span class='ocrx_word' id='word_1_588' title='bbox 1032 4562 1300 4635; x_wconf 85' lang='lat' dir='ltr'><strong>angelum</strong></span> <span class='ocrx_word' id='word_1_589' title='bbox 1335 4561 1576 4618; x_wconf 87' lang='lat' dir='ltr'><strong>haberet</strong></span> <span class='ocrx_word' id='word_1_590' title='bbox 1597 4576 1940 4634; x_wconf 66' lang='lat' dir='ltr'><strong>praeconem,</strong></span> <span class='ocrx_word' id='word_1_591' title='bbox 1969 4559 2160 4632; x_wconf 87' lang='lat' dir='ltr'><strong>qualis</strong></span> 
     </span>
    </p>
   </div>
   <div class='ocr_carea' id='block_1_82' title="bbox 516 4651 2164 4730">
    <p class='ocr_par' dir='ltr' id='par_1_82' title="bbox 516 4651 2164 4730">
     <span class='ocr_line' id='line_1_82' title="bbox 516 4651 2164 4730; baseline -0.004 -18"><span class='ocrx_word' id='word_1_592' title='bbox 516 4659 885 4730; x_wconf 88' lang='lat' dir='ltr'><strong>quantusque</strong></span> <span class='ocrx_word' id='word_1_593' title='bbox 913 4654 1286 4726; x_wconf 86' lang='lat' dir='ltr'><strong>postmodum</strong></span> <span class='ocrx_word' id='word_1_594' title='bbox 1309 4667 1611 4718; x_wconf 85' lang='lat' dir='ltr'><strong>evasurus,</strong></span> <span class='ocrx_word' id='word_1_595' title='bbox 1635 4655 1690 4706; x_wconf 87' lang='lat' dir='ltr'><strong>et</strong></span> <span class='ocrx_word' id='word_1_596' title='bbox 1711 4651 1865 4722; x_wconf 89' lang='lat' dir='ltr'><strong>quod</strong></span> <span class='ocrx_word' id='word_1_597' title='bbox 1891 4651 2164 4706; x_wconf 86' lang='lat' dir='ltr'><strong>omnibus</strong></span> 
     </span>
    </p>
   </div>
   <div class='ocr_carea' id='block_1_83' title="bbox 515 4718 2243 4816">
    <p class='ocr_par' dir='ltr' id='par_1_83' title="bbox 515 4718 2243 4816">
     <span class='ocr_line' id='line_1_83' title="bbox 515 4718 2243 4816; baseline -0.004 -15"><span class='ocrx_word' id='word_1_598' title='bbox 515 4718 575 4801; x_wconf 66' lang='lat' dir='ltr'><strong>in</strong></span> <span class='ocrx_word' id='word_1_599' title='bbox 609 4745 804 4812; x_wconf 88' lang='lat' dir='ltr'><strong>rebus,</strong></span> <span class='ocrx_word' id='word_1_600' title='bbox 832 4742 1002 4816; x_wconf 82' lang='lat' dir='ltr'><strong>longe</strong></span> <span class='ocrx_word' id='word_1_601' title='bbox 1037 4746 1172 4798; x_wconf 85' lang='lat' dir='ltr'><strong>ante</strong></span> <span class='ocrx_word' id='word_1_602' title='bbox 1203 4741 1348 4797; x_wconf 88' lang='lat' dir='ltr'><strong>alios</strong></span> <span class='ocrx_word' id='word_1_603' title='bbox 1407 4741 1763 4796; x_wconf 87' lang='lat' dir='ltr'><strong>emicaturus</strong></span> <span class='ocrx_word' id='word_1_604' title='bbox 1800 4747 1974 4809; x_wconf 89' lang='lat' dir='ltr'><strong>esset,</strong></span> <span class='ocrx_word' id='word_1_605' title='bbox 2008 4740 2164 4795; x_wconf 86' lang='lat' dir='ltr'><strong>matri</strong></span> <span class='ocrx_word' id='word_1_606' title='bbox 2197 4718 2243 4784; x_wconf 81' lang='lat' dir='ltr'><strong>D</strong></span> 
     </span>
    </p>
   </div>
   <div class='ocr_carea' id='block_1_84' title="bbox 519 4819 2166 4908">
    <p class='ocr_par' dir='ltr' id='par_1_84' title="bbox 519 4819 2166 4908">
     <span class='ocr_line' id='line_1_84' title="bbox 519 4819 2166 4908; baseline -0.001 -20"><span class='ocrx_word' id='word_1_607' title='bbox 519 4832 862 4908; x_wconf 88' lang='lat' dir='ltr'><strong>planissime</strong></span> <span class='ocrx_word' id='word_1_608' title='bbox 893 4831 1298 4904; x_wconf 64' lang='lat' dir='ltr'><strong>praadicentsm</strong></span> <span class='ocrx_word' id='word_1_609' title='bbox 1321 4829 1348 4883; x_wconf 85' lang='lat'><strong>‘?</strong></span> <span class='ocrx_word' id='word_1_610' title='bbox 1375 4830 1522 4885; x_wconf 90' lang='lat' dir='ltr'><strong>Tum</strong></span> <span class='ocrx_word' id='word_1_611' title='bbox 1557 4819 1686 4901; x_wconf 87' lang='lat' dir='ltr'><strong>quis</strong></span> <span class='ocrx_word' id='word_1_612' title='bbox 1735 4829 1931 4902; x_wconf 90' lang='lat' dir='ltr'><strong>priora</strong></span> <span class='ocrx_word' id='word_1_613' title='bbox 1970 4837 2166 4902; x_wconf 84' lang='lat' dir='ltr'><strong>poste-</strong></span> 
     </span>
    </p>
   </div>
   <div class='ocr_carea' id='block_1_85' title="bbox 519 4918 2167 4992">
    <p class='ocr_par' dir='ltr' id='par_1_85' title="bbox 519 4918 2167 4992">
     <span class='ocr_line' id='line_1_85' title="bbox 519 4918 2167 4992; baseline -0.002 -14"><span class='ocrx_word' id='word_1_614' title='bbox 519 4923 774 4980; x_wconf 84' lang='lat' dir='ltr'><strong>rioribus</strong></span> <span class='ocrx_word' id='word_1_615' title='bbox 801 4921 862 4976; x_wconf 91' lang='lat' dir='ltr'><strong>in</strong></span> <span class='ocrx_word' id='word_1_616' title='bbox 889 4925 1118 4977; x_wconf 89' lang='lat' dir='ltr'><strong>tantum</strong></span> <span class='ocrx_word' id='word_1_617' title='bbox 1152 4919 1449 4992; x_wconf 69' lang='lat' dir='ltr'><strong>praeteriit,</strong></span> <span class='ocrx_word' id='word_1_618' title='bbox 1482 4923 1544 4974; x_wconf 88' lang='lat' dir='ltr'><strong>ut</strong></span> <span class='ocrx_word' id='word_1_619' title='bbox 1575 4918 1677 4974; x_wconf 91' lang='lat' dir='ltr'><strong>illa</strong></span> <span class='ocrx_word' id='word_1_620' title='bbox 1705 4935 1838 4974; x_wconf 87' lang='lat' dir='ltr'><strong>cum</strong></span> <span class='ocrx_word' id='word_1_621' title='bbox 1871 4918 1964 4975; x_wconf 89' lang='lat' dir='ltr'><strong>his</strong></span> <span class='ocrx_word' id='word_1_622' title='bbox 2000 4935 2167 4975; x_wconf 86' lang='lat' dir='ltr'><strong>com-</strong></span> 
     </span>
    </p>
   </div>
   <div class='ocr_carea' id='block_1_86' title="bbox 520 5008 2170 5085">
    <p class='ocr_par' dir='ltr' id='par_1_86' title="bbox 520 5008 2170 5085">
     <span class='ocr_line' id='line_1_86' title="bbox 520 5008 2170 5085; baseline -0.002 -17"><span class='ocrx_word' id='word_1_623' title='bbox 520 5017 722 5084; x_wconf 88' lang='lat' dir='ltr'><strong>parata</strong></span> <span class='ocrx_word' id='word_1_624' title='bbox 752 5027 928 5085; x_wconf 90' lang='lat' dir='ltr'><strong>prope</strong></span> <span class='ocrx_word' id='word_1_625' title='bbox 959 5009 1128 5066; x_wconf 92' lang='lat' dir='ltr'><strong>nihili</strong></span> <span class='ocrx_word' id='word_1_626' title='bbox 1176 5009 1312 5077; x_wconf 87' lang='lat' dir='ltr'><strong>sint,</strong></span> <span class='ocrx_word' id='word_1_627' title='bbox 1346 5009 1579 5080; x_wconf 85' lang='lat' dir='ltr'><strong>quando</strong></span> <span class='ocrx_word' id='word_1_628' title='bbox 1621 5008 1788 5076; x_wconf 90' lang='lat' dir='ltr'><strong>adeo,</strong></span> <span class='ocrx_word' id='word_1_629' title='bbox 1837 5009 1989 5081; x_wconf 91' lang='lat' dir='ltr'><strong>quod</strong></span> <span class='ocrx_word' id='word_1_630' title='bbox 2036 5026 2170 5079; x_wconf 89' lang='lat' dir='ltr'><strong>pro-</strong></span> 
     </span>
    </p>
   </div>
   <div class='ocr_carea' id='block_1_87' title="bbox 521 5097 2166 5171">
    <p class='ocr_par' dir='ltr' id='par_1_87' title="bbox 521 5097 2166 5171">
     <span class='ocr_line' id='line_1_87' title="bbox 521 5097 2166 5171; baseline -0.002 -14"><span class='ocrx_word' id='word_1_631' title='bbox 521 5101 714 5158; x_wconf 89' lang='lat' dir='ltr'><strong>verbio</strong></span> <span class='ocrx_word' id='word_1_632' title='bbox 763 5101 946 5169; x_wconf 87' lang='lat' dir='ltr'><strong>aiunt,</strong></span> <span class='ocrx_word' id='word_1_633' title='bbox 1005 5103 1284 5171; x_wconf 89' lang='lat' dir='ltr'><strong>praestant</strong></span> <span class='ocrx_word' id='word_1_634' title='bbox 1351 5097 1690 5168; x_wconf 81' lang='lat' dir='ltr'><strong>posteriora,</strong></span> <span class='ocrx_word' id='word_1_635' title='bbox 1748 5103 1805 5154; x_wconf 91' lang='lat' dir='ltr'><strong>et</strong></span> <span class='ocrx_word' id='word_1_636' title='bbox 1865 5097 2166 5170; x_wconf 85' lang='lat' dir='ltr'><strong>plusquam</strong></span> 
     </span>
    </p>
   </div>
   <div class='ocr_carea' id='block_1_88' title="bbox 521 5186 2166 5264">
    <p class='ocr_par' dir='ltr' id='par_1_88' title="bbox 521 5186 2166 5264">
     <span class='ocr_line' id='line_1_88' title="bbox 521 5186 2166 5264; baseline -0.002 -18"><span class='ocrx_word' id='word_1_637' title='bbox 521 5194 802 5264; x_wconf 65' lang='lat' dir='ltr'><strong>prestant</strong></span> <span class='ocrx_word' id='word_1_638' title='bbox 819 5189 849 5246; x_wconf 87' lang='lat'><strong>?</strong></span> <span class='ocrx_word' id='word_1_639' title='bbox 883 5189 978 5246; x_wconf 89' lang='lat' dir='ltr'><strong>cui</strong></span> <span class='ocrx_word' id='word_1_640' title='bbox 1010 5189 1142 5246; x_wconf 89' lang='lat' dir='ltr'><strong>item</strong></span> <span class='ocrx_word' id='word_1_641' title='bbox 1160 5187 1227 5244; x_wconf 84' lang='lat' dir='ltr'><strong>ad</strong></span> <span class='ocrx_word' id='word_1_642' title='bbox 1247 5186 1608 5258; x_wconf 69' lang='lat' dir='ltr'><strong>utraquehac</strong></span> <span class='ocrx_word' id='word_1_643' title='bbox 1631 5203 1689 5243; x_wconf 82' lang='lat' dir='ltr'><strong>re</strong></span> <span class='ocrx_word' id='word_1_644' title='bbox 1712 5188 2166 5259; x_wconf 83' lang='lat' dir='ltr'><strong>majorunquam</strong></span> 
     </span>
    </p>
   </div>
   <div class='ocr_carea' id='block_1_89' title="bbox 525 5276 2169 5355">
    <p class='ocr_par' dir='ltr' id='par_1_89' title="bbox 525 5276 2169 5355">
     <span class='ocr_line' id='line_1_89' title="bbox 525 5276 2169 5355; baseline -0.002 -21"><span class='ocrx_word' id='word_1_645' title='bbox 525 5280 720 5355; x_wconf 62' lang='lat' dir='ltr'><strong>gloria</strong></span> <span class='ocrx_word' id='word_1_646' title='bbox 763 5280 1032 5336; x_wconf 88' lang='lat' dir='ltr'><strong>materies</strong></span> <span class='ocrx_word' id='word_1_647' title='bbox 1080 5277 1444 5350; x_wconf 88' lang='lat' dir='ltr'><strong>suppetebat,</strong></span> <span class='ocrx_word' id='word_1_648' title='bbox 1477 5276 1647 5333; x_wconf 92' lang='lat' dir='ltr'><strong>etiam</strong></span> <span class='ocrx_word' id='word_1_649' title='bbox 1694 5294 1806 5348; x_wconf 73' lang='lat' dir='ltr'><strong>pra:</strong></span> <span class='ocrx_word' id='word_1_650' title='bbox 1857 5276 1926 5332; x_wconf 92' lang='lat' dir='ltr'><strong>iis</strong></span> <span class='ocrx_word' id='word_1_651' title='bbox 1969 5277 2070 5348; x_wconf 89' lang='lat' dir='ltr'><strong>qui</strong></span> <span class='ocrx_word' id='word_1_652' title='bbox 2102 5279 2169 5331; x_wconf 91' lang='lat' dir='ltr'><strong>de</strong></span> 
     </span>
    </p>
   </div>
   <div class='ocr_carea' id='block_1_90' title="bbox 527 5365 2172 5441">
    <p class='ocr_par' dir='ltr' id='par_1_90' title="bbox 527 5365 2172 5441">
     <span class='ocr_line' id='line_1_90' title="bbox 527 5365 2172 5441; baseline -0.002 -15"><span class='ocrx_word' id='word_1_653' title='bbox 527 5370 812 5427; x_wconf 88' lang='lat' dir='ltr'><strong>alterutra</strong></span> <span class='ocrx_word' id='word_1_654' title='bbox 841 5384 902 5424; x_wconf 90' lang='lat' dir='ltr'><strong>se</strong></span> <span class='ocrx_word' id='word_1_655' title='bbox 931 5369 1146 5441; x_wconf 79' lang='lat' dir='ltr'><strong>iactant</strong></span> <span class='ocrx_word' id='word_1_656' title='bbox 1174 5365 1202 5422; x_wconf 67' lang='grc'><strong><em>2</em></strong></span> <span class='ocrx_word' id='word_1_657' title='bbox 1250 5367 1424 5423; x_wconf 89' lang='lat' dir='ltr'><strong>Porro</strong></span> <span class='ocrx_word' id='word_1_658' title='bbox 1465 5367 1595 5438; x_wconf 89' lang='lat' dir='ltr'><strong>quis</strong></span> <span class='ocrx_word' id='word_1_659' title='bbox 1639 5366 1718 5420; x_wconf 91' lang='lat' dir='ltr'><strong>ita</strong></span> <span class='ocrx_word' id='word_1_660' title='bbox 1763 5367 2172 5422; x_wconf 89' lang='lat' dir='ltr'><strong>convenienter</strong></span> 
     </span>
    </p>
   </div>
   <div class='ocr_carea' id='block_1_91' title="bbox 527 5455 2172 5532">
    <p class='ocr_par' dir='ltr' id='par_1_91' title="bbox 527 5455 2172 5532">
     <span class='ocr_line' id='line_1_91' title="bbox 527 5455 2172 5532; baseline -0.002 -17"><span class='ocrx_word' id='word_1_661' title='bbox 527 5458 774 5532; x_wconf 88' lang='lat' dir='ltr'><strong>propriis</strong></span> <span class='ocrx_word' id='word_1_662' title='bbox 811 5458 982 5514; x_wconf 89' lang='lat' dir='ltr'><strong>bonis</strong></span> <span class='ocrx_word' id='word_1_663' title='bbox 1021 5459 1166 5526; x_wconf 83' lang='lat' dir='ltr'><strong>suis,</strong></span> <span class='ocrx_word' id='word_1_664' title='bbox 1201 5457 1445 5529; x_wconf 85' lang='lat' dir='ltr'><strong>patriam</strong></span> <span class='ocrx_word' id='word_1_665' title='bbox 1481 5455 1658 5512; x_wconf 90' lang='lat' dir='ltr'><strong>simul</strong></span> <span class='ocrx_word' id='word_1_666' title='bbox 1690 5466 1862 5527; x_wconf 81' lang='lat' dir='ltr'><strong>atque</strong></span> <span class='ocrx_word' id='word_1_667' title='bbox 1900 5459 2172 5528; x_wconf 87' lang='lat' dir='ltr'><strong>parentes</strong></span> 
     </span>
    </p>
   </div>
   <div class='ocr_carea' id='block_1_92' title="bbox 527 5544 2173 5617">
    <p class='ocr_par' dir='ltr' id='par_1_92' title="bbox 527 5544 2173 5617">
     <span class='ocr_line' id='line_1_92' title="bbox 527 5544 2173 5617; baseline -0.004 -11"><span class='ocrx_word' id='word_1_668' title='bbox 527 5549 772 5606; x_wconf 89' lang='lat' dir='ltr'><strong>sortitus</strong></span> <span class='ocrx_word' id='word_1_669' title='bbox 792 5546 901 5603; x_wconf 86' lang='lat' dir='ltr'><strong>fuit</strong></span> <span class='ocrx_word' id='word_1_670' title='bbox 919 5548 1231 5617; x_wconf 87' lang='lat' dir='ltr'><strong>?parentes</strong></span> <span class='ocrx_word' id='word_1_671' title='bbox 1249 5545 1550 5616; x_wconf 87' lang='lat' dir='ltr'><strong>nimirum,</strong></span> <span class='ocrx_word' id='word_1_672' title='bbox 1569 5544 1866 5610; x_wconf 85' lang='lat' dir='ltr'><strong>omnibus,</strong></span> <span class='ocrx_word' id='word_1_673' title='bbox 1883 5548 2173 5616; x_wconf 90' lang='lat' dir='ltr'><strong>quotquot</strong></span> 
     </span>
    </p>
   </div>
   <div class='ocr_carea' id='block_1_93' title="bbox 597 5722 1668 5805">
    <p class='ocr_par' dir='ltr' id='par_1_93' title="bbox 597 5722 1668 5805">
     <span class='ocr_line' id='line_1_93' title="bbox 597 5722 1668 5805; baseline -0.005 -16"><span class='ocrx_word' id='word_1_674' title='bbox 597 5733 714 5805; x_wconf 75' lang='grc'><strong>(14)</strong></span> <span class='ocrx_word' id='word_1_675' title='bbox 743 5728 944 5787; x_wconf 86' lang='grc' dir='ltr'>Ἐπτά</span> <span class='ocrx_word' id='word_1_676' title='bbox 985 5725 1089 5782; x_wconf 68' lang='grc' dir='ltr'><strong>ἐπὶ</strong></span> <span class='ocrx_word' id='word_1_677' title='bbox 1133 5722 1406 5796; x_wconf 78' lang='grc' dir='ltr'><strong>Θήϐαις.</strong></span> <span class='ocrx_word' id='word_1_678' title='bbox 1439 5728 1505 5782; x_wconf 80' lang='grc' dir='ltr'><strong>ν.</strong></span> <span class='ocrx_word' id='word_1_679' title='bbox 1539 5729 1668 5784; x_wconf 73' lang='grc'><strong>447.</strong></span> 
     </span>
    </p>
   </div>
   <div class='ocr_carea' id='block_1_94' title="bbox 2344 3841 3904 3918">
    <p class='ocr_par' dir='ltr' id='par_1_94' title="bbox 2344 3841 3904 3918">
     <span class='ocr_line' id='line_1_94' title="bbox 2344 3841 3904 3918; baseline -0.001 -18"><span class='ocrx_word' id='word_1_680' title='bbox 2344 3844 2491 3918; x_wconf 64' lang='grc' dir='ltr'><strong>Ρς”.</strong></span> <span class='ocrx_word' id='word_1_681' title='bbox 2526 3844 2723 3918; x_wconf 79' lang='grc' dir='ltr'>Καιρὸς</span> <span class='ocrx_word' id='word_1_682' title='bbox 2743 3841 2787 3898; x_wconf 86' lang='grc' dir='ltr'>δ’</span> <span class='ocrx_word' id='word_1_683' title='bbox 2821 3843 2880 3897; x_wconf 79' lang='grc' dir='ltr'>ἂν</span> <span class='ocrx_word' id='word_1_684' title='bbox 2916 3843 2999 3915; x_wconf 71' lang='grc' dir='ltr'><strong>εἴη</strong></span> <span class='ocrx_word' id='word_1_685' title='bbox 3035 3843 3256 3910; x_wconf 74' lang='grc' dir='ltr'><strong>λοιπόν,</strong></span> <span class='ocrx_word' id='word_1_686' title='bbox 3289 3842 3379 3900; x_wconf 84' lang='grc' dir='ltr'><strong>διά</strong></span> <span class='ocrx_word' id='word_1_687' title='bbox 3406 3867 3466 3900; x_wconf 86' lang='grc' dir='ltr'>τε</span> <span class='ocrx_word' id='word_1_688' title='bbox 3505 3847 3595 3901; x_wconf 87' lang='grc' dir='ltr'><strong>τὸν</strong></span> <span class='ocrx_word' id='word_1_689' title='bbox 3651 3846 3738 3902; x_wconf 79' lang='grc' dir='ltr'><strong>ἐπὶ</strong></span> <span class='ocrx_word' id='word_1_690' title='bbox 3783 3847 3904 3899; x_wconf 80' lang='grc' dir='ltr'><strong>τοῦ·</strong></span> 
     </span>
    </p>
   </div>
   <div class='ocr_carea' id='block_1_95' title="bbox 2270 3929 3904 4010">
    <p class='ocr_par' dir='ltr' id='par_1_95' title="bbox 2270 3929 3904 4010">
     <span class='ocr_line' id='line_1_95' title="bbox 2270 3929 3904 4010; baseline 0.003 -24"><span class='ocrx_word' id='word_1_691' title='bbox 2270 3952 2385 3995; x_wconf 90' lang='grc' dir='ltr'>τοις</span> <span class='ocrx_word' id='word_1_692' title='bbox 2423 3929 2524 4004; x_wconf 68' lang='grc' dir='ltr'>ἤδη</span> <span class='ocrx_word' id='word_1_693' title='bbox 2557 3935 2898 4008; x_wconf 72' lang='grc' dir='ltr'><strong>κρατήσαντα</strong></span> <span class='ocrx_word' id='word_1_694' title='bbox 2917 3934 3108 4006; x_wconf 87' lang='grc' dir='ltr'><strong>νόμον,</strong></span> <span class='ocrx_word' id='word_1_695' title='bbox 3145 3935 3232 3988; x_wconf 73' lang='grc' dir='ltr'><strong>καὶ</strong></span> <span class='ocrx_word' id='word_1_696' title='bbox 3264 3935 3327 3990; x_wconf 86' lang='grc' dir='ltr'>τὸ</span> <span class='ocrx_word' id='word_1_697' title='bbox 3357 3937 3422 3990; x_wconf 74' lang='grc' dir='ltr'><strong>τὰ</strong></span> <span class='ocrx_word' id='word_1_698' title='bbox 3474 3935 3733 4010; x_wconf 72' lang='grc' dir='ltr'><strong>βέλτιστα</strong></span> <span class='ocrx_word' id='word_1_699' title='bbox 3765 3940 3904 4010; x_wconf 80' lang='grc' dir='ltr'><strong>χσῆ-</strong></span> 
     </span>
    </p>
   </div>
   <div class='ocr_carea' id='block_1_96' title="bbox 2270 4019 3902 4096">
    <p class='ocr_par' dir='ltr' id='par_1_96' title="bbox 2270 4019 3902 4096">
     <span class='ocr_line' id='line_1_96' title="bbox 2270 4019 3902 4096; baseline 0.001 -22"><span class='ocrx_word' id='word_1_700' title='bbox 2270 4042 2353 4075; x_wconf 88' lang='grc' dir='ltr'><strong>ναι</strong></span> <span class='ocrx_word' id='word_1_701' title='bbox 2385 4021 2474 4075; x_wconf 74' lang='grc' dir='ltr'>καὶ</span> <span class='ocrx_word' id='word_1_702' title='bbox 2507 4022 2642 4076; x_wconf 87' lang='grc' dir='ltr'>πάνυ</span> <span class='ocrx_word' id='word_1_703' title='bbox 2690 4043 2777 4076; x_wconf 76' lang='grc' dir='ltr'><strong>τοι</strong></span> <span class='ocrx_word' id='word_1_704' title='bbox 2829 4019 3102 4084; x_wconf 83' lang='grc' dir='ltr'>πολλάκις</span> <span class='ocrx_word' id='word_1_705' title='bbox 3162 4022 3430 4096; x_wconf 78' lang='grc' dir='ltr'><strong>εἰρῆσθαι,</strong></span> <span class='ocrx_word' id='word_1_706' title='bbox 3463 4024 3534 4078; x_wconf 81' lang='grc' dir='ltr'><strong>ὧν</strong></span> <span class='ocrx_word' id='word_1_707' title='bbox 3583 4019 3674 4078; x_wconf 79' lang='grc' dir='ltr'>διὰ</span> <span class='ocrx_word' id='word_1_708' title='bbox 3723 4020 3902 4079; x_wconf 85' lang='grc' dir='ltr'><strong>πλειό-</strong></span> 
     </span>
    </p>
   </div>
   <div class='ocr_carea' id='block_1_97' title="bbox 2271 4109 3906 4186">
    <p class='ocr_par' dir='ltr' id='par_1_97' title="bbox 2271 4109 3906 4186">
     <span class='ocr_line' id='line_1_97' title="bbox 2271 4109 3906 4186; baseline -0.001 -20"><span class='ocrx_word' id='word_1_709' title='bbox 2271 4133 2374 4166; x_wconf 91' lang='grc' dir='ltr'><strong>νων</strong></span> <span class='ocrx_word' id='word_1_710' title='bbox 2407 4109 2734 4184; x_wconf 79' lang='grc' dir='ltr'><strong>ἐμεμνήμην</strong></span> <span class='ocrx_word' id='word_1_711' title='bbox 2769 4113 2987 4186; x_wconf 85' lang='grc' dir='ltr'><strong>ἀρτίως,</strong></span> <span class='ocrx_word' id='word_1_712' title='bbox 3022 4112 3172 4166; x_wconf 80' lang='grc' dir='ltr'>ταῦτ’</span> <span class='ocrx_word' id='word_1_713' title='bbox 3203 4113 3305 4186; x_wconf 83' lang='grc' dir='ltr'><strong>ἄρα</strong></span> <span class='ocrx_word' id='word_1_714' title='bbox 3335 4113 3424 4167; x_wconf 85' lang='grc' dir='ltr'><strong>καὶ</strong></span> <span class='ocrx_word' id='word_1_715' title='bbox 3471 4116 3561 4166; x_wconf 79' lang='grc' dir='ltr'>νῦν</span> <span class='ocrx_word' id='word_1_716' title='bbox 3604 4111 3788 4168; x_wconf 80' lang='grc' dir='ltr'><strong>δοῦναι</strong></span> <span class='ocrx_word' id='word_1_717' title='bbox 3833 4115 3906 4180; x_wconf 81' lang='grc' dir='ltr'>τῷ</span> 
     </span>
    </p>
   </div>
   <div class='ocr_carea' id='block_1_98' title="bbox 2277 4199 3905 4279">
    <p class='ocr_par' dir='ltr' id='par_1_98' title="bbox 2277 4199 3905 4279">
     <span class='ocr_line' id='line_1_98' title="bbox 2277 4199 3905 4279; baseline -0.002 -23"><span class='ocrx_word' id='word_1_718' title='bbox 2277 4200 2451 4278; x_wconf 80' lang='grc' dir='ltr'><strong>λόγῳ,</strong></span> <span class='ocrx_word' id='word_1_719' title='bbox 2491 4201 2579 4254; x_wconf 80' lang='grc' dir='ltr'>καί</span> <span class='ocrx_word' id='word_1_720' title='bbox 2614 4199 2844 4256; x_wconf 86' lang='grc' dir='ltr'>διελθεῖν</span> <span class='ocrx_word' id='word_1_721' title='bbox 2876 4200 2926 4255; x_wconf 85' lang='grc' dir='ltr'><strong>ἐν</strong></span> <span class='ocrx_word' id='word_1_722' title='bbox 2964 4201 3180 4279; x_wconf 87' lang='grc' dir='ltr'><strong>βραχεῖ.</strong></span> <span class='ocrx_word' id='word_1_723' title='bbox 3223 4201 3311 4262; x_wconf 88' lang='grc' dir='ltr'><strong>Τίς</strong></span> <span class='ocrx_word' id='word_1_724' title='bbox 3347 4202 3440 4274; x_wconf 76' lang='grc' dir='ltr'><strong>μὲν</strong></span> <span class='ocrx_word' id='word_1_725' title='bbox 3473 4202 3575 4276; x_wconf 80' lang='grc' dir='ltr'>γὰρ</span> <span class='ocrx_word' id='word_1_726' title='bbox 3607 4201 3752 4256; x_wconf 77' lang='grc' dir='ltr'>οὕτω</span> <span class='ocrx_word' id='word_1_727' title='bbox 3783 4202 3905 4255; x_wconf 80' lang='grc' dir='ltr'><strong>θαυο</strong></span> 
     </span>
    </p>
   </div>
   <div class='ocr_carea' id='block_1_99' title="bbox 2278 4288 3902 4368">
    <p class='ocr_par' dir='ltr' id='par_1_99' title="bbox 2278 4288 3902 4368">
     <span class='ocr_line' id='line_1_99' title="bbox 2278 4288 3902 4368; baseline 0 -24"><span class='ocrx_word' id='word_1_728' title='bbox 2278 4289 2482 4363; x_wconf 85' lang='grc' dir='ltr'>μαστάς</span> <span class='ocrx_word' id='word_1_729' title='bbox 2503 4311 2645 4352; x_wconf 88' lang='grc' dir='ltr'>τινας</span> <span class='ocrx_word' id='word_1_730' title='bbox 2678 4288 2806 4368; x_wconf 81' lang='grc' dir='ltr'><strong>ἔσχε</strong></span> <span class='ocrx_word' id='word_1_731' title='bbox 2831 4301 2928 4351; x_wconf 76' lang='grc' dir='ltr'><strong>τας</strong></span> <span class='ocrx_word' id='word_1_732' title='bbox 2963 4288 3037 4351; x_wconf 83' lang='grc' dir='ltr'><strong>είς</strong></span> <span class='ocrx_word' id='word_1_733' title='bbox 3087 4291 3180 4344; x_wconf 87' lang='grc' dir='ltr'>τὸν</span> <span class='ocrx_word' id='word_1_734' title='bbox 3234 4289 3351 4365; x_wconf 81' lang='grc' dir='ltr'><strong>βίον</strong></span> <span class='ocrx_word' id='word_1_735' title='bbox 3399 4288 3692 4362; x_wconf 85' lang='grc' dir='ltr'>προόδους,</span> <span class='ocrx_word' id='word_1_736' title='bbox 3725 4291 3798 4352; x_wconf 85' lang='grc' dir='ltr'><strong>ὡς</strong></span> <span class='ocrx_word' id='word_1_737' title='bbox 3833 4289 3902 4362; x_wconf 80' lang='grc' dir='ltr'><strong>μὴ</strong></span> 
     </span>
    </p>
   </div>
   <div class='ocr_carea' id='block_1_100' title="bbox 2277 4376 3906 4457">
    <p class='ocr_par' dir='ltr' id='par_1_100' title="bbox 2277 4376 3906 4457">
     <span class='ocr_line' id='line_1_100' title="bbox 2277 4376 3906 4457; baseline -0.002 -23"><span class='ocrx_word' id='word_1_738' title='bbox 2277 4381 2440 4453; x_wconf 87' lang='grc' dir='ltr'><strong>μόνον</strong></span> <span class='ocrx_word' id='word_1_739' title='bbox 2473 4379 2596 4452; x_wconf 81' lang='grc' dir='ltr'><strong>πρὶν</strong></span> <span class='ocrx_word' id='word_1_740' title='bbox 2629 4380 2664 4450; x_wconf 76' lang='grc' dir='ltr'>ἤ</span> <span class='ocrx_word' id='word_1_741' title='bbox 2717 4377 3072 4457; x_wconf 74' lang='grc' dir='ltr'><strong>συνειλῆφθαι</strong></span> <span class='ocrx_word' id='word_1_742' title='bbox 3111 4376 3358 4450; x_wconf 77' lang='grc' dir='ltr'>ἀνάθημα</span> <span class='ocrx_word' id='word_1_743' title='bbox 3407 4385 3521 4450; x_wconf 83' lang='grc' dir='ltr'><strong>Θεῷ</strong></span> <span class='ocrx_word' id='word_1_744' title='bbox 3571 4380 3906 4455; x_wconf 77' lang='grc' dir='ltr'><strong>γεγενῆσθαι,</strong></span> 
     </span>
    </p>
   </div>
   <div class='ocr_carea' id='block_1_101' title="bbox 2273 4466 3908 4544">
    <p class='ocr_par' dir='ltr' id='par_1_101' title="bbox 2273 4466 3908 4544">
     <span class='ocr_line' id='line_1_101' title="bbox 2273 4466 3908 4544; baseline -0.002 -21"><span class='ocrx_word' id='word_1_745' title='bbox 2273 4466 2422 4524; x_wconf 72' lang='grc' dir='ltr'>ἀλλὰ</span> <span class='ocrx_word' id='word_1_746' title='bbox 2459 4467 2546 4522; x_wconf 79' lang='grc' dir='ltr'>καὶ</span> <span class='ocrx_word' id='word_1_747' title='bbox 2578 4471 2790 4543; x_wconf 86' lang='grc' dir='ltr'><strong>κήρυκα</strong></span> <span class='ocrx_word' id='word_1_748' title='bbox 2817 4473 2916 4537; x_wconf 81' lang='grc' dir='ltr'><strong>τῆς</strong></span> <span class='ocrx_word' id='word_1_749' title='bbox 2947 4468 3204 4542; x_wconf 70' lang='grc' dir='ltr'><strong>γενέσεως</strong></span> <span class='ocrx_word' id='word_1_750' title='bbox 3247 4466 3472 4544; x_wconf 79' lang='grc' dir='ltr'><strong>ἄγγελον</strong></span> <span class='ocrx_word' id='word_1_751' title='bbox 3515 4473 3690 4542; x_wconf 80' lang='grc' dir='ltr'><strong>σχεῖν,</strong></span> <span class='ocrx_word' id='word_1_752' title='bbox 3724 4469 3908 4526; x_wconf 87' lang='grc' dir='ltr'>ὁποῖος</span> 
     </span>
    </p>
   </div>
   <div class='ocr_carea' id='block_1_102' title="bbox 2274 4552 3910 4632">
    <p class='ocr_par' dir='ltr' id='par_1_102' title="bbox 2274 4552 3910 4632">
     <span class='ocr_line' id='line_1_102' title="bbox 2274 4552 3910 4632; baseline -0.002 -22"><span class='ocrx_word' id='word_1_753' title='bbox 2274 4553 2356 4632; x_wconf 72' lang='grc' dir='ltr'><strong>ἄρ’</strong></span> <span class='ocrx_word' id='word_1_754' title='bbox 2409 4555 2574 4611; x_wconf 75' lang='grc' dir='ltr'><strong>ἔπειτ’</strong></span> <span class='ocrx_word' id='word_1_755' title='bbox 2633 4554 2802 4626; x_wconf 81' lang='grc' dir='ltr'><strong>ἔσται,</strong></span> <span class='ocrx_word' id='word_1_756' title='bbox 2862 4557 2951 4610; x_wconf 83' lang='grc' dir='ltr'><strong>καὶ</strong></span> <span class='ocrx_word' id='word_1_757' title='bbox 3011 4555 3159 4617; x_wconf 79' lang='grc' dir='ltr'>ὅπως</span> <span class='ocrx_word' id='word_1_758' title='bbox 3219 4555 3353 4630; x_wconf 82' lang='grc' dir='ltr'><strong>ὑπερ</strong></span> <span class='ocrx_word' id='word_1_759' title='bbox 3419 4557 3619 4618; x_wconf 88' lang='grc' dir='ltr'>πάντος</span> <span class='ocrx_word' id='word_1_760' title='bbox 3691 4552 3910 4610; x_wconf 79' lang='grc' dir='ltr'>διαπαν-</span> 
     </span>
    </p>
   </div>
   <div class='ocr_carea' id='block_1_103' title="bbox 2275 4642 3911 4722">
    <p class='ocr_par' dir='ltr' id='par_1_103' title="bbox 2275 4642 3911 4722">
     <span class='ocr_line' id='line_1_103' title="bbox 2275 4642 3911 4722; baseline -0.002 -22"><span class='ocrx_word' id='word_1_761' title='bbox 2275 4666 2382 4700; x_wconf 89' lang='grc' dir='ltr'><strong>των</strong></span> <span class='ocrx_word' id='word_1_762' title='bbox 2417 4643 2710 4720; x_wconf 66' lang='grc' dir='ltr'>ἐκλάμψει,</span> <span class='ocrx_word' id='word_1_763' title='bbox 2748 4643 3020 4718; x_wconf 75' lang='grc' dir='ltr'>μηνύοντα</span> <span class='ocrx_word' id='word_1_764' title='bbox 3068 4649 3253 4722; x_wconf 71' lang='grc' dir='ltr'>σαφῶς</span> <span class='ocrx_word' id='word_1_765' title='bbox 3280 4649 3350 4717; x_wconf 76' lang='grc' dir='ltr'>τῇ</span> <span class='ocrx_word' id='word_1_766' title='bbox 3384 4645 3550 4720; x_wconf 82' lang='grc' dir='ltr'><strong>μητρί</strong></span> <span class='ocrx_word' id='word_1_767' title='bbox 3585 4664 3597 4715; x_wconf 89' lang='grc'><strong>;</strong></span> <span class='ocrx_word' id='word_1_768' title='bbox 3628 4644 3718 4707; x_wconf 89' lang='grc' dir='ltr'><strong>Τίς</strong></span> <span class='ocrx_word' id='word_1_769' title='bbox 3754 4642 3810 4698; x_wconf 76' lang='grc' dir='ltr'>δὲ</span> <span class='ocrx_word' id='word_1_770' title='bbox 3850 4644 3911 4698; x_wconf 76' lang='grc' dir='ltr'>τὰ</span> 
     </span>
    </p>
   </div>
   <div class='ocr_carea' id='block_1_104' title="bbox 2276 4730 3911 4812">
    <p class='ocr_par' dir='ltr' id='par_1_104' title="bbox 2276 4730 3911 4812">
     <span class='ocr_line' id='line_1_104' title="bbox 2276 4730 3911 4812; baseline -0.002 -24"><span class='ocrx_word' id='word_1_771' title='bbox 2276 4735 2501 4809; x_wconf 87' lang='grc' dir='ltr'><strong>πρόσθεν</strong></span> <span class='ocrx_word' id='word_1_772' title='bbox 2531 4739 2648 4797; x_wconf 82' lang='grc' dir='ltr'>τοῖς</span> <span class='ocrx_word' id='word_1_773' title='bbox 2695 4733 2884 4812; x_wconf 77' lang='grc' dir='ltr'><strong>ἐφεξῆς</strong></span> <span class='ocrx_word' id='word_1_774' title='bbox 2918 4731 3063 4788; x_wconf 79' lang='grc' dir='ltr'>οὕτω</span> <span class='ocrx_word' id='word_1_775' title='bbox 3111 4730 3408 4808; x_wconf 82' lang='grc' dir='ltr'>παρῆλθεν,</span> <span class='ocrx_word' id='word_1_776' title='bbox 3442 4735 3515 4795; x_wconf 89' lang='grc' dir='ltr'>ὡς</span> <span class='ocrx_word' id='word_1_777' title='bbox 3565 4732 3746 4789; x_wconf 70' lang='grc' dir='ltr'><strong>ε’ίνεκα</strong></span> <span class='ocrx_word' id='word_1_778' title='bbox 3786 4731 3911 4788; x_wconf 88' lang='grc' dir='ltr'>τού-</span> 
     </span>
    </p>
   </div>
   <div class='ocr_carea' id='block_1_105' title="bbox 2277 4819 3908 4900">
    <p class='ocr_par' dir='ltr' id='par_1_105' title="bbox 2277 4819 3908 4900">
     <span class='ocr_line' id='line_1_105' title="bbox 2277 4819 3908 4900; baseline -0.004 -22"><span class='ocrx_word' id='word_1_779' title='bbox 2277 4845 2385 4878; x_wconf 89' lang='grc' dir='ltr'>των</span> <span class='ocrx_word' id='word_1_780' title='bbox 2415 4820 2585 4898; x_wconf 72' lang='grc' dir='ltr'>μηδὲν</span> <span class='ocrx_word' id='word_1_781' title='bbox 2618 4821 2789 4878; x_wconf 77' lang='grc' dir='ltr'><strong>ὄντων</strong></span> <span class='ocrx_word' id='word_1_782' title='bbox 2833 4821 3074 4893; x_wconf 80' lang='grc' dir='ltr'><strong>ἐκείνων,</strong></span> <span class='ocrx_word' id='word_1_783' title='bbox 3107 4819 3370 4896; x_wconf 82' lang='grc' dir='ltr'><strong>δευτέρων</strong></span> <span class='ocrx_word' id='word_1_784' title='bbox 3409 4823 3564 4900; x_wconf 77' lang='grc' dir='ltr'><strong>φασὶν</strong></span> <span class='ocrx_word' id='word_1_785' title='bbox 3617 4822 3908 4894; x_wconf 84' lang='grc' dir='ltr'><strong>ἀμεινόνων</strong></span> 
     </span>
    </p>
   </div>
   <div class='ocr_carea' id='block_1_106' title="bbox 2277 4909 3910 4991">
    <p class='ocr_par' dir='ltr' id='par_1_106' title="bbox 2277 4909 3910 4991">
     <span class='ocr_line' id='line_1_106' title="bbox 2277 4909 3910 4991; baseline -0.004 -21"><span class='ocrx_word' id='word_1_786' title='bbox 2277 4921 2366 4970; x_wconf 80' lang='grc' dir='ltr'><strong>καί</strong></span> <span class='ocrx_word' id='word_1_787' title='bbox 2417 4912 2495 4970; x_wconf 81' lang='grc' dir='ltr'><strong>ἔτι</strong></span> <span class='ocrx_word' id='word_1_788' title='bbox 2553 4935 2612 4991; x_wconf 90' lang='grc' dir='ltr'><strong>γε</strong></span> <span class='ocrx_word' id='word_1_789' title='bbox 2669 4915 2805 4988; x_wconf 85' lang='grc' dir='ltr'><strong>πρὸς</strong></span> <span class='ocrx_word' id='word_1_790' title='bbox 2861 4913 2964 4968; x_wconf 80' lang='grc' dir='ltr'><strong>τίνι</strong></span> <span class='ocrx_word' id='word_1_791' title='bbox 3016 4911 3060 4968; x_wconf 85' lang='grc' dir='ltr'>δ’</span> <span class='ocrx_word' id='word_1_792' title='bbox 3132 4911 3184 4968; x_wconf 80' lang='grc' dir='ltr'><strong>ὲν</strong></span> <span class='ocrx_word' id='word_1_793' title='bbox 3257 4911 3531 4987; x_wconf 72' lang='grc' dir='ltr'>ἑκατέροις</span> <span class='ocrx_word' id='word_1_794' title='bbox 3605 4909 3910 4986; x_wconf 76' lang='grc' dir='ltr'>εὐδοκιμεῖν</span> 
     </span>
    </p>
   </div>
   <div class='ocr_carea' id='block_1_107' title="bbox 2282 4997 3914 5078">
    <p class='ocr_par' dir='ltr' id='par_1_107' title="bbox 2282 4997 3914 5078">
     <span class='ocr_line' id='line_1_107' title="bbox 2282 4997 3914 5078; baseline -0.004 -19"><span class='ocrx_word' id='word_1_795' title='bbox 2282 5003 2494 5078; x_wconf 80' lang='grc' dir='ltr'>μᾶλλον</span> <span class='ocrx_word' id='word_1_796' title='bbox 2552 5004 2756 5078; x_wconf 71' lang='grc' dir='ltr'>ὑπῆρξε</span> <span class='ocrx_word' id='word_1_797' title='bbox 2801 5007 2908 5058; x_wconf 88' lang='grc' dir='ltr'><strong>τῶν</strong></span> <span class='ocrx_word' id='word_1_798' title='bbox 2968 5001 3178 5077; x_wconf 78' lang='grc' dir='ltr'><strong>θατέρῳ</strong></span> <span class='ocrx_word' id='word_1_799' title='bbox 3227 5000 3674 5076; x_wconf 78' lang='grc' dir='ltr'><strong>σεμνυνομέμων.</strong></span> <span class='ocrx_word' id='word_1_800' title='bbox 3713 5001 3806 5063; x_wconf 87' lang='grc' dir='ltr'><strong>Τίς</strong></span> <span class='ocrx_word' id='word_1_801' title='bbox 3861 4997 3914 5054; x_wconf 73' lang='grc' dir='ltr'>δὲ</span> 
     </span>
    </p>
   </div>
   <div class='ocr_carea' id='block_1_108' title="bbox 2278 5089 3912 5170">
    <p class='ocr_par' dir='ltr' id='par_1_108' title="bbox 2278 5089 3912 5170">
     <span class='ocr_line' id='line_1_108' title="bbox 2278 5089 3912 5170; baseline -0.002 -22"><span class='ocrx_word' id='word_1_802' title='bbox 2278 5098 2394 5156; x_wconf 85' lang='grc' dir='ltr'>τοῖς</span> <span class='ocrx_word' id='word_1_803' title='bbox 2425 5097 2688 5170; x_wconf 80' lang='grc' dir='ltr'><strong>προσοῦσι</strong></span> <span class='ocrx_word' id='word_1_804' title='bbox 2718 5091 2910 5153; x_wconf 81' lang='grc' dir='ltr'>καλοῖς</span> <span class='ocrx_word' id='word_1_805' title='bbox 2943 5091 3033 5146; x_wconf 81' lang='grc' dir='ltr'><strong>καὶ</strong></span> <span class='ocrx_word' id='word_1_806' title='bbox 3072 5089 3442 5162; x_wconf 84' lang='grc' dir='ltr'>καταλλήλως</span> <span class='ocrx_word' id='word_1_807' title='bbox 3475 5091 3616 5146; x_wconf 77' lang='grc' dir='ltr'><strong>οὕτω</strong></span> <span class='ocrx_word' id='word_1_808' title='bbox 3667 5089 3912 5166; x_wconf 72' lang='grc' dir='ltr'><strong>μετέσχε,</strong></span> 
     </span>
    </p>
   </div>
   <div class='ocr_carea' id='block_1_109' title="bbox 2278 5179 3912 5258">
    <p class='ocr_par' dir='ltr' id='par_1_109' title="bbox 2278 5179 3912 5258">
     <span class='ocr_line' id='line_1_109' title="bbox 2278 5179 3912 5258; baseline -0.002 -22"><span class='ocrx_word' id='word_1_809' title='bbox 2278 5186 2376 5248; x_wconf 80' lang='grc' dir='ltr'>τῆς</span> <span class='ocrx_word' id='word_1_810' title='bbox 2426 5203 2484 5237; x_wconf 87' lang='grc' dir='ltr'>τε</span> <span class='ocrx_word' id='word_1_811' title='bbox 2531 5180 2789 5258; x_wconf 80' lang='grc' dir='ltr'>πατρίδος</span> <span class='ocrx_word' id='word_1_812' title='bbox 2838 5185 2944 5235; x_wconf 88' lang='grc' dir='ltr'><strong>τῶν</strong></span> <span class='ocrx_word' id='word_1_813' title='bbox 2994 5201 3054 5234; x_wconf 88' lang='grc' dir='ltr'>τε</span> <span class='ocrx_word' id='word_1_814' title='bbox 3105 5179 3332 5248; x_wconf 75' lang='grc' dir='ltr'><strong>τοκέων,</strong></span> <span class='ocrx_word' id='word_1_815' title='bbox 3390 5184 3496 5234; x_wconf 89' lang='grc' dir='ltr'><strong>τῶν</strong></span> <span class='ocrx_word' id='word_1_816' title='bbox 3569 5180 3662 5254; x_wconf 76' lang='grc' dir='ltr'><strong>μὶν</strong></span> <span class='ocrx_word' id='word_1_817' title='bbox 3716 5181 3912 5237; x_wconf 83' lang='grc' dir='ltr'>πάντας</span> 
     </span>
    </p>
   </div>
   <div class='ocr_carea' id='block_1_110' title="bbox 2279 5269 3912 5346">
    <p class='ocr_par' dir='ltr' id='par_1_110' title="bbox 2279 5269 3912 5346">
     <span class='ocr_line' id='line_1_110' title="bbox 2279 5269 3912 5346; baseline -0.005 -18"><span class='ocrx_word' id='word_1_818' title='bbox 2279 5274 2406 5336; x_wconf 84' lang='grc' dir='ltr'>τοὺς</span> <span class='ocrx_word' id='word_1_819' title='bbox 2472 5273 2636 5346; x_wconf 80' lang='grc' dir='ltr'>ταύτῃ</span> <span class='ocrx_word' id='word_1_820' title='bbox 2723 5271 3192 5346; x_wconf 81' lang='grc' dir='ltr'>προσειρημὲνους</span> <span class='ocrx_word' id='word_1_821' title='bbox 3259 5271 3689 5346; x_wconf 84' lang='grc' dir='ltr'><strong>παρενεγκόντων</strong></span> <span class='ocrx_word' id='word_1_822' title='bbox 3755 5269 3912 5340; x_wconf 75' lang='grc' dir='ltr'>ἀρετῇ</span> 
     </span>
    </p>
   </div>
   <div class='ocr_carea' id='block_1_111' title="bbox 2278 5355 3914 5434">
    <p class='ocr_par' dir='ltr' id='par_1_111' title="bbox 2278 5355 3914 5434">
     <span class='ocr_line' id='line_1_111' title="bbox 2278 5355 3914 5434; baseline -0.006 -18"><span class='ocrx_word' id='word_1_823' title='bbox 2278 5382 2338 5416; x_wconf 88' lang='grc' dir='ltr'>τε</span> <span class='ocrx_word' id='word_1_824' title='bbox 2388 5361 2476 5416; x_wconf 80' lang='grc' dir='ltr'><strong>καί</strong></span> <span class='ocrx_word' id='word_1_825' title='bbox 2527 5365 2605 5432; x_wconf 80' lang='grc' dir='ltr'>τῷ</span> <span class='ocrx_word' id='word_1_826' title='bbox 2658 5362 2970 5432; x_wconf 79' lang='grc' dir='ltr'><strong>θαυμαστοῦ</strong></span> <span class='ocrx_word' id='word_1_827' title='bbox 3013 5359 3104 5414; x_wconf 86' lang='grc' dir='ltr'><strong>καὶ</strong></span> <span class='ocrx_word' id='word_1_828' title='bbox 3149 5359 3281 5434; x_wconf 72' lang='grc' dir='ltr'>ὑπὲρ</span> <span class='ocrx_word' id='word_1_829' title='bbox 3331 5361 3530 5420; x_wconf 87' lang='grc' dir='ltr'>πάντας</span> <span class='ocrx_word' id='word_1_830' title='bbox 3569 5355 3761 5418; x_wconf 85' lang='grc' dir='ltr'>παιδὸς</span> <span class='ocrx_word' id='word_1_831' title='bbox 3805 5357 3914 5426; x_wconf 75' lang='grc' dir='ltr'><strong>ἠξι-</strong></span> 
     </span>
    </p>
   </div>
   <div class='ocr_carea' id='block_1_112' title="bbox 2283 5443 3915 5519">
    <p class='ocr_par' dir='ltr' id='par_1_112' title="bbox 2283 5443 3915 5519">
     <span class='ocr_line' id='line_1_112' title="bbox 2283 5443 3915 5519; baseline -0.006 -13"><span class='ocrx_word' id='word_1_832' title='bbox 2283 5453 2474 5519; x_wconf 88' lang='grc' dir='ltr'><strong>ῶσθαι,</strong></span> <span class='ocrx_word' id='word_1_833' title='bbox 2525 5451 2615 5504; x_wconf 89' lang='grc' dir='ltr'><strong>καὶ</strong></span> <span class='ocrx_word' id='word_1_834' title='bbox 2666 5451 2801 5504; x_wconf 81' lang='grc' dir='ltr'><strong>εἶναι</strong></span> <span class='ocrx_word' id='word_1_835' title='bbox 2853 5453 3050 5504; x_wconf 79' lang='grc' dir='ltr'>τοῦτον</span> <span class='ocrx_word' id='word_1_836' title='bbox 3085 5449 3362 5510; x_wconf 74' lang='grc' dir='ltr'>κάκείνους</span> <span class='ocrx_word' id='word_1_837' title='bbox 3413 5448 3719 5514; x_wconf 75' lang='grc' dir='ltr'>τοιούτους,</span> <span class='ocrx_word' id='word_1_838' title='bbox 3771 5443 3915 5503; x_wconf 67' lang='grc' dir='ltr'>οἵους</span> 
     </span>
    </p>
   </div>
   <div class='ocr_carea' id='block_1_113' title="bbox 2283 5531 3918 5612">
    <p class='ocr_par' dir='ltr' id='par_1_113' title="bbox 2283 5531 3918 5612">
     <span class='ocr_line' id='line_1_113' title="bbox 2283 5531 3918 5612; baseline -0.005 -18"><span class='ocrx_word' id='word_1_839' title='bbox 2283 5536 2573 5608; x_wconf 75' lang='grc' dir='ltr'>ἀλλήλους</span> <span class='ocrx_word' id='word_1_840' title='bbox 2603 5540 2916 5612; x_wconf 81' lang='grc' dir='ltr'><strong>προσήκειν,</strong></span> <span class='ocrx_word' id='word_1_841' title='bbox 2951 5538 3038 5592; x_wconf 82' lang='grc' dir='ltr'><strong>καὶ</strong></span> <span class='ocrx_word' id='word_1_842' title='bbox 3074 5535 3242 5612; x_wconf 70' lang='grc' dir='ltr'>μηδὲν</span> <span class='ocrx_word' id='word_1_843' title='bbox 3278 5535 3424 5598; x_wconf 78' lang='grc' dir='ltr'>ὅλως</span> <span class='ocrx_word' id='word_1_844' title='bbox 3477 5533 3664 5604; x_wconf 69' lang='grc' dir='ltr'><strong>ἐνδεῖν,</strong></span> <span class='ocrx_word' id='word_1_845' title='bbox 3694 5540 3792 5603; x_wconf 82' lang='grc' dir='ltr'>τῆς</span> <span class='ocrx_word' id='word_1_846' title='bbox 3843 5531 3918 5598; x_wconf 73' lang='grc' dir='ltr'><strong>δὲ,</strong></span> 
     </span>
    </p>
   </div>
   <div class='ocr_carea' id='block_1_114' title="bbox 2349 5724 3041 5798">
    <p class='ocr_par' dir='ltr' id='par_1_114' title="bbox 2349 5724 3041 5798">
     <span class='ocr_line' id='line_1_114' title="bbox 2349 5724 3041 5798; baseline -0.006 -18"><span class='ocrx_word' id='word_1_847' title='bbox 2349 5725 2483 5797; x_wconf 72' lang='grc'><strong>(14⁸)</strong></span> <span class='ocrx_word' id='word_1_848' title='bbox 2511 5725 2596 5782; x_wconf 83' lang='lat' dir='ltr'><strong>Cf.</strong></span> <span class='ocrx_word' id='word_1_849' title='bbox 2629 5741 2797 5798; x_wconf 89' lang='lat' dir='ltr'><strong>capp.</strong></span> <span class='ocrx_word' id='word_1_850' title='bbox 2829 5724 2922 5792; x_wconf 86' lang='lat'><strong>29,</strong></span> <span class='ocrx_word' id='word_1_851' title='bbox 2954 5725 3041 5779; x_wconf 89' lang='lat'><strong>30.</strong></span> 
     </span>
    </p>
   </div>
  </div>
