4092 6300
210 439 333 498 325

1233 431 1630 494 LAUDATIO
1673 433 1738 494 S.
1787 432 2158 496 GBEGORII
2200 431 2612 494 THEOLOGI.

3506 429 3623 492 326

213 565 527 623 διαπάντων
587 567 666 619 ὧν
711 567 1074 637 θαυμάζονται
1137 561 1327 624 πόλεις
1379 562 1596 632 ἰούσης,
1647 560 1864 618 κάντιῦ-

2000 583 2089 621 mc
2125 565 2393 638 appellati
2426 567 2661 622 nomine
2707 566 2885 632 fuere,
2917 569 2972 621 et
3024 581 3128 620 sua
3165 564 3379 621 virtute
3407 579 3621 636 super—

216 661 304 712 θεν
338 657 600 736 μεγίστας
651 655 798 727 παρὰ
835 658 960 708 πᾶσι
995 654 1300 730 φερομένης
1343 653 1438 714 τὰς
1491 655 1744 727 ψήφους;
1775 652 1868 716 Τίς

217 747 274 802 δὲ
313 743 580 800 τοσοῦτον
621 741 684 798 ἐκ
721 740 930 796 παίδων
963 741 1157 816 ἀρετῆς
1209 741 1298 795 καὶ
1350 739 1532 817 λόγων
1583 739 1753 809 έαλω,
1794 743 1867 802 ὡς

221 836 370 908 μόνα
433 839 604 888 ταῦτα
670 832 947 906 ῥᾳστώνην
1009 833 1278 906 ἡγεῖσθαι,
1337 830 1425 884 καὶ
1487 829 1719 903 μελέτην
1773 835 1872 886 τοῦ

221 927 356 1000 βίου
379 946 396 994 ς

1975 659 2186 715 vectos.
2228 660 2285 710 et
2327 655 2478 726 quod
2523 653 2854 710 admirabili
2885 653 3132 724 aliisque
3161 652 3438 708 omnibus
3477 668 3619 724 pra-

1979 744 2263 800 stantiore
2291 742 2516 816 dignati
2545 749 2743 799 essent
2773 742 2912 808 tilio,
2937 747 2995 797 et
3023 742 3178 814 quod
3212 742 3326 814 ipsi
3345 741 3622 814 illiusque

1982 833 2266 904 ejusmodi
2298 837 2510 900 essent,
2542 832 2639 904 qui
2691 847 2887 886 secum
2924 832 3168 886 invicem
3211 831 3448 899 palchre
3478 849 3624 886 con-

1981 926 2270 992 gruerent,
2289 938 2391 980 nec
2413 922 2735 994 quidquam
2765 921 2936 992 plane
2950 921 3397 991 desideraretur,
3416 936 3626 976 rursus

218 1016 504 1090 patriam,
537 1015 696 1070 unde
727 1013 1026 1087 pradicari
1058 1013 1232 1070 urbes
1262 1029 1389 1071 mos
1420 1021 1528 1082 est,
1570 1017 1802 1070 nactam
1852 1013 2071 1085 omnia,
2124 1014 2376 1086 indeque
2426 1015 2710 1068 maximas
2757 1012 3023 1068 omnium
3082 1012 3284 1068 laudes
3341 1028 3624 1069 consecu-

217 1107 398 1164 tam?
427 1106 571 1171 Quis
600 1105 849 1174 denique
878 1122 912 1159 a
941 1120 1119 1174 puero
1151 1104 1232 1158 ita
1281 1103 1509 1160 virtutis
1538 1103 2008 1176 optimarumque
2053 1104 2378 1160 litterarum
2431 1109 2637 1176 captus
2685 1119 2878 1159 amore
2911 1103 3039 1172 fuit,
3086 1110 3149 1159 ut
3207 1104 3326 1160 hac
3377 1104 3500 1160 sola
3531 1121 3629 1161 re-

223 1199 432 1270 quiem
467 1211 638 1252 suem
668 1193 916 1267 vitaque
947 1193 1380 1250 meditationem
1411 1193 1697 1250 haberet?

303 1287 422 1340 PZ'.
455 1285 530 1339 Τὸ
563 1281 609 1339 δ’
639 1284 945 1357 ἑκασταχοῦ
979 1281 1073 1356 μὶν
1105 1279 1350 1344 παιδείας
1383 1283 1544 1361 χάριν
1597 1289 1874 1358 φοιτῆσαι,

223 1377 411 1429 πάντα
444 1370 502 1428 δὲ
547 1373 615 1428 τά
665 1369 924 1447 βέλτιστα
951 1371 1291 1446 πανταχόθεν
1338 1372 1512 1442 ἑαυτῴ
1563 1372 1874 1446 συνηχέναι,

223 1463 323 1519 καὶ
376 1463 762 1534 θαυμασθῆναι
823 1462 916 1533 μὲν
979 1461 1064 1536 ὑφ’
1121 1461 1392 1528 ἂπάντων,
1468 1464 1614 1536 παρα
1679 1463 1877 1523 πάντας

225 1553 360 1612 τους
393 1550 628 1622 ἄλλους,
656 1548 744 1604 διὰ
770 1551 868 1618 τήν
900 1549 951 1604 ἐν
986 1555 1145 1604 πᾶσιν
1194 1551 1412 1624 ἀγαθοῖς
1455 1549 1772 1622 εὐκληρίαν,
1805 1551 1878 1612 ὡς

227 1643 319 1697 καὶ
378 1643 534 1717 παρὰ
592 1641 770 1716 σφίσιν
826 1639 1014 1701 αὐτοῖς
1073 1643 1263 1694 τοῦτον
1330 1645 1618 1714 κατασχεῖν
1678 1639 1878 1709 ἀξιοῦν,

230 1733 324 1793 τὰς
352 1729 585 1804 πρώτας
613 1727 703 1782 καὶ
755 1728 1004 1804 μεγίστας
1053 1728 1238 1800 τιμὰς,
1293 1729 1386 1788 τὰς
1445 1729 1538 1799 μὲν
1591 1725 1876 1789 διδόντας³

233 1822 321 1882 τὰς
372 1818 426 1874 δ’
470 1815 989 1893 ἐπαγγελλομένους
1016 1835 1031 1850 ⁸
1077 1816 1245 1889 μηδὲν
1297 1815 1352 1872 δὲ
1390 1821 1494 1870 τῶν
1545 1817 1755 1872 πάντων
1803 1816 1878 1872 ἔτι

2020 1287 2371 1344 C\’II.Porro
2382 1290 2535 1360 quod
2551 1304 2702 1359 quoq
2712 1305 2782 1344 uo
2796 1304 3016 1344 versum
3032 1291 3312 1343 terrarum
3326 1286 3632 1343 erudiendi

1983 1377 2982 1449 gratiaGregoriusitarit,omniaque
2995 1377 3204 1447 optima
3217 1377 3633 1433 undelibetsibi

1985 1467 2341 1534 conduxerit,
2377 1467 2531 1537 quod
2563 1470 2672 1522 etsi
2705 1467 3090 1522 admiratione
3133 1465 3420 1534 omnium,
3453 1482 3632 1537 supra

1989 1555 2134 1610 alios
2162 1570 2386 1622 omnes,
2429 1557 2500 1610 ob
2530 1554 2833 1625 praclaras
2869 1555 2926 1609 in
2981 1553 3148 1610 bonis
3198 1553 3474 1610 omnibus
3498 1570 3630 1622 pro-

1987 1643 2316 1715 gressiones
2344 1650 2617 1716 exceptus
2665 1645 2876 1701 fuerit:
2926 1645 3006 1700 ita
3051 1648 3116 1699 ut
3168 1642 3335 1698 illum
3382 1644 3538 1716 apud
3569 1657 3633 1698 se

1989 1734 2236 1788 retinere
2264 1735 2584 1803 studerent,
2644 1735 2863 1807 primos
2922 1734 3322 1804 maximosque
3364 1733 3630 1800 honores,

1990 1821 2198 1892 partim
2236 1838 2368 1878 mox
2392 1824 2708 1891 oﬂ'erendo,
2743 1824 2955 1894 partim
3006 1821 3396 1896 promittendo
3431 1840 3444 1877 :
3487 1822 3634 1878 nihil

237 1910 471 1983 πρόσθεν
551 1909 823 1962 ποιεῖσθαι
889 1913 989 1976 τῆς
1075 1907 1209 1980 πρὸς
1277 1908 1402 1962 Θεὸν
1469 1905 1756 1982 ἐνεργείας,
1813 1906 1877 1975 ἣν

2000 1909 2091 1966 ille
2120 1917 2320 1967 tamen
2368 1929 2564 1968 rerum
2622 1913 2884 1968 omnium
2927 1911 3296 1968 tendentibus
3346 1912 3418 1967 ad
3451 1913 3636 1967 Deum

236 2001 445 2078 ἡσυχία
492 2001 749 2075 παρέχει,
780 1999 869 2054 καὶ
917 2001 982 2054 τὸ
1042 1999 1179 2053 κατὰ
1233 2003 1354 2053 νοῦν
1414 1998 1720 2054 πολιτεύειν
1765 1998 1884 2053 ἀεί’

243 2097 400 2146 ταῦτα
464 2087 514 2144 δ’
576 2089 720 2144 οὕτω
783 2088 1199 2162 κατωρθωκέναι
1257 2089 1346 2142 καὶ
1408 2088 1540 2159 μετὰ
1615 2089 1886 2154 τοσαύτης

248 2174 585 2258 ὃπερόολῆς,
643 2177 718 2238 ὡς
764 2181 881 2238 τοῖς
929 2179 1033 2248 πρὸ
1093 2176 1256 2230 αὐτοῦ
1318 2182 1631 2250 κορυφαῖον,
1678 2181 1796 2239 τοῖς
1842 2175 1888 2230 δ’

251 2267 425 2346 issi-ﬁ;
486 2288 550 2323 τε
606 2268 698 2322 καὶ
762 2266 875 2338 μετ’
935 2265 1134 2335 αὐτῶν,
1212 2266 1515 2340 ἀρχέτυπον
1569 2265 1747 2320 αὐτῶν
1798 2265 1886 2320 καὶ

254 2361 433 2414 κανόνα
463 2359 571 2426 τῆς
619 2355 746 2431 περὶ
793 2355 942 2409 ταῦτ’
985 2351 1263 2429 ἀκριϐείας
1309 2353 1592 2430 γενέσθαι·
1638 2355 1886 2416 καὶτοὺς

260 2451 335 2518 μὲν
389 2445 860 2522 γεννησαμένους,
910 2443 1128 2519 ἐπείπερ
1179 2443 1288 2522 οὔχ
1319 2443 1436 2505 οἷός
1465 2447 1513 2500 τ’
1542 2445 1609 2514 ἦν
1636 2450 1752 2506 τοῖς
1789 2444 1887 2499 ac"

260 2543 358 2599 τοῖς
403 2534 780 2608 δεδωρῆσθαι,
813 2535 842 2588 ὅ
869 2533 1065 2590 τούτου
1102 2554 1162 2609 γε
1209 2531 1366 2588 οὐδὲν
1415 2534 1600 2602 ἧττον,
1629 2534 1674 2588 εἰ
1716 2536 1792 2605 μή
1823 2534 1886 2588 τὸ

268 2633 428 2695 μεῖζον
460 2624 620 2681 εἷ’ποι
669 2645 750 2685 τις
802 2623 886 2692 ἂν,
915 2627 1076 2678 τοῦτο
1123 2621 1392 2678 κάλλιστα
1435 2623 1647 2678 πάντων
1700 2623 1884 2686 αὐτοῖς

258 2713 604 2789 ἐνδεδεῖχθαι,
661 2717 740 2784 τῷ
795 2713 842 2766 θ’
897 2711 1025 2787 ὑπὲρ
1078 2711 1204 2773 τοὺς
1270 2712 1666 2785 νομιζομένους
1725 2713 1883 2787 ὅρους

245 2802 416 2860 ἐνθάδε
470 2823 736 2859 τουτουσι
793 2804 1115 2874 θεραπεῦσαι
1169 2801 1260 2856 καὶ
1317 2799 1604 2875 παρελθεῖν
1678 2803 1884 2856 παντά-

239 2916 356 2950 πασι
387 2893 456 2950 τὸ
489 2893 665 2961 εἰκὸς,
691 2895 772 2963 τῷ
797 2892 845 2947 τ’
870 2890 934 2946 αὖ
969 2893 1196 2967 λογικήν
1235 2912 1356 2946 τινα
1386 2889 1594 2962 στήλην
1644 2891 1711 2946 τὰ
1746 2912 1882 2946 του-

231 3007 332 3039 των
401 2982 715 3060 εἰργάσθαι,
784 2981 1120 3042 καταπαντὸς
1179 2979 1472 3053 ἱσταμένην
1531 2985 1627 3035 τοῦ
1675 2981 1882 3056 χρύνου

228 3075 312 3129 καὶ
343 3079 465 3134 τοῖς

232 3187 335 3220 των
385 3159 717 3234 ὑπεριδόντα
754 3164 861 3215 τῶν
904 3157 1112 3227 ἄλλων,
1159 3160 1322 3232 μόνου
1365 3158 1604 3234 γενέσθαι
1645 3165 1742 3213 τοῦ
1779 3163 1877 3229 τήν

528 3066 717 3126 ἔπειτα
765 3072 1155 3143 παραπέμῴαυ
1211 3068 1386 3124 αὐτῶν
1438 3069 1596 3124 αὐτὸν
1645 3068 1701 3124 δὲ
1747 3069 1882 3124 πάν-

227 3249 510 3309 εὐσέϐειαν
546 3247 740 3322 ἀμέλει
770 3249 948 3303 πολὺν
975 3246 1084 3319 ἤδη
1128 3250 1326 3322 χρόνον
1384 3251 1486 3303 ὑπὸ
1513 3254 1622 3304 τῶν
1673 3250 1880 3304 κάκιστ’

228 3340 634 3413 ἀπολουμένων
698 3335 1102 3392 δυσσεόούντων
1149 3338 1577 3412 τυραννουμένην
1636 3338 1725 3392 καὶ
1777 3359 1880 3410 μο-

225 3431 392 3486 νονοὺ
433 3429 740 3496 κλιθεῖσαν,
794 3427 868 3488 ὡς
912 3425 1104 3504 λόγος,
1148 3426 1224 3488 εἷς
1261 3427 1412 3502 γόνυ,
1449 3422 1739 3481 ἀναλαϐεῖν
1779 3430 1892 3482 οἷον

225 3524 319 3578 καὶ
380 3520 798 3594 ἀνορθώσασθαι
835 3537 847 3548 ·
907 3518 997 3572 καὶ
1047 3518 1282 3591 κρείττω
1341 3522 1450 3572 τῶν
1499 3517 1891 3592 πολεμούντων

227 3610 543 3666 παντάπασι
623 3605 817 3677 δειξαι,
890 3607 1170 3662 κάντεῦθεν
1237 3606 1311 3666 ὡς
1373 3605 1596 3680 ἔρεισμα
1654 3609 1891 3667 πίστεως

229 3700 366 3756 ὄντα
411 3701 508 3752 καὶ
571 3697 770 3771 βάθρον
828 3693 1052 3770 πιρῥὸν
1111 3693 1458 3765 Ἐκκλησίας,
1508 3697 1593 3750 καὶ
1647 3701 1754 3751 τῶν
1801 3697 1896 3769 ὀρ-

231 3793 342 3844 θῶν
373 3787 469 3842 καὶ
492 3785 848 3862 ὑγιαινόντων
875 3783 1166 3860 δογμάτων
1190 3809 1212 3838 α
1239 3782 1482 3857 ἀστραϐῆ
1505 3788 1659 3840 κίονα
1687 3811 1713 3836 υ
1759 3785 1894 3840 κατά

236 3875 671 3951 Πίνδαροτ,τῆς
718 3875 812 3946 μὶν
868 3873 1116 3949 μεγάλης
1167 3875 1256 3928 καὶ
1306 3875 1452 3946 ἱερᾶς
1503 3871 1756 3933 ἐπιϐῆναι
1806 3896 1896 3929 κα-

234 3964 433 4040 θέδρας
461 3984 475 3997 ⁸
509 3963 611 4018 οὐκ
659 3963 771 4042 ἰφῷ
800 3969 1003 4037 τρυφᾷν
1051 3961 1220 4035 ἔχειν,
1267 3963 1357 4016 καὶ
1405 3963 1653 4036 ῥᾳστώνῃ
1699 3968 1894 4042 κεχρῇ.

233 4058 387 4124 σθαι,
423 4053 552 4110 ἀλλ’
603 4053 740 4109 ὥστε
788 4051 1070 4125 ξύμπασαν
1121 4050 1326 4125 αἶ’ρεσιν
1362 4050 1420 4107 ἐκ
1455 4053 1766 4126 περιουσίας
1805 4073 1896 4107 τε-

236 4150 390 4218 μεῖν,
461 4143 552 4198 καὶ
623 4141 797 4216 ῥίζαις
863 4142 1053 4201 αὐταῖς
1135 4141 1472 4196 παντάπασιν
1540 4139 1737 4214 ἐξελεῖν
1806 4143 1896 4195 καὶ

235 4234 391 4295 ὅλως
426 4232 489 4287 ἐκ
532 4235 697 4304 μέσου
744 4231 1120 4300 ποιήσασθαιο
1179 4226 1496 4305 μεταεραχυ
1551 4231 1732 4302 μέντοι
1783 4237 1897 4292 τοῖς

236 4323 618 4399 βουλομένοις
673 4321 875 4390 ταύτης
931 4319 1208 4386 ἐκστάντα,
1277 4318 1392 4374 ἐπεὶ
1465 4318 1606 4391 μηδὲ
1653 4323 1752 4389 τήν
1802 4320 1896 4394 ἂρ-

235 4413 354 4488 χῆν
392 4407 596 4480 ἡδέως,
629 4407 777 4464 ἀλλὰ
823 4406 1141 4482 παντοδαπῇ
1191 4410 1368 4463 πειθοὶ
1416 4429 1474 4462 τε
1521 4413 1610 4462 καί
1667 4410 1759 4482 βίᾳ
1809 4411 1897 4462 καὶ

243 4504 368 4575 μεθ’
401 4499 490 4556 ὅτι
521 4497 781 4560 πλείστας
829 4496 1041 4568 δεήσεις
1087 4499 1286 4568 ταύτην
1338 4496 1535 4564 εἷσέδυ,
1585 4501 1684 4567 τὴν
1738 4498 1899 4553 πλεί-

242 4611 376 4646 στου
439 4587 588 4658 ἂξίαν
647 4588 882 4662 ἡσυχίαν
941 4585 1090 4649 αὖθις
1149 4587 1535 4664 κατειληφέναι
1575 4605 1589 4618 °

247 4681 520 4753 ἂκραιφνῆ
554 4676 828 4748 ξυνουσίαν
862 4681 1018 4731 Θεοῦ.

1649 4588 1741 4642 καὶ
1797 4589 1899 4655 τήν

1997 1999 2285 2057 exercitiis
2316 2001 2732 2073 anteposuerit,
2765 2017 2889 2074 qua
2911 2001 3183 2074 religiosa
3207 2002 3395 2074 quies,
3428 2007 3485 2056 et
3514 2017 3640 2072 per-

1997 2094 2174 2160 petua
2219 2091 2541 2146 secundum
2594 2096 2849 2147 mentem
2899 2091 3108 2164 agendi
3158 2090 3326 2147 ratio.
3361 2089 3640 2163 suppedi-

1997 2182 2119 2246 tat;
2151 2177 2233 2234 ita
2267 2181 2515 2248 perfecta
2545 2180 2666 2235 hac
2696 2197 2848 2246 vero,
2889 2184 2946 2234 et
2998 2185 3160 2236 tanta
3212 2195 3346 2236 cum
3380 2179 3641 2236 excileu-

1996 2268 2078 2323 tia
2096 2267 2294 2324 omnia
2317 2268 2674 2340 prastiterit,
2703 2273 2767 2324 ut
2794 2269 2866 2324 iis
2899 2268 2998 2338 qui
3043 2269 3239 2340 ipsum
3273 2274 3436 2325 atate
3474 2275 3639 2325 ante-

1998 2357 2330 2426 cessissent,
2378 2357 2541 2414 chori
2584 2359 2757 2428 hujus
2789 2359 2943 2424 dux;
2975 2359 3075 2430 qui
3105 2357 3380 2430 deinceps
3411 2362 3468 2414 et
3515 2365 3644 2429 post

1997 2447 2189 2520 ipsum
2221 2447 2488 2516 vixerint,
2520 2447 2813 2518 exemplar
2859 2453 2916 2503 et
2941 2463 3148 2504 norma
3197 2448 3548 2519 usurpanda
3581 2449 3637 2502 in

1997 2536 2218 2592 talibus
2247 2537 2566 2592 exactionis
2590 2537 2780 2592 fuerit.
2808 2537 2960 2593 Tum
2993 2536 3270 2608 quoniam
3293 2537 3498 2594 eodem
3521 2537 3642 2608 qui-

1997 2627 2122 2682 dem
2165 2626 2334 2699 plane
2361 2627 2682 2684 ofﬁciorum
2711 2643 2919 2699 genere
2959 2631 3230 2698 parentes
3277 2628 3639 2682 remunerari

1995 2717 2272 2788 nequibat
2313 2733 2326 2770 :
2359 2717 2512 2788 quod
2549 2717 2605 2772 id
2634 2722 2849 2782 tamen,
2893 2717 3047 2789 quod
3082 2717 3191 2772 hoc
3222 2715 3406 2772 nihilo
3435 2716 3636 2772 estin-

1995 2805 2198 2870 furius,
2224 2805 2333 2860 nisi
2382 2806 2428 2861 si
2488 2808 2682 2876 majus
2730 2805 2904 2861 etiam
2965 2805 3256 2878 quispiam
3288 2821 3415 2861 esse
3461 2805 3634 2870 dicat,

1993 2894 2381 2966 pulcherrime
2410 2898 2675 2951 omnium
2725 2897 3172 2967 reprasentarit,
3213 2893 3436 2950 scilicet
3483 2895 3636 2966 quod

1989 2989 2046 3040 et
2077 2985 2268 3041 adhuc
2298 2986 2530 3040 interris
2561 2990 2818 3056 agentes,
2863 2985 3016 3040 ultra
3042 2999 3384 3041 communes
3414 2990 3638 3040 suetos-

1992 3089 2104 3144 que
2125 3074 2358 3146 pietatis
2389 3073 2532 3130 ﬁnes
2563 3073 2824 3140 coluerit,
2856 3080 2913 3130 et
2943 3081 3142 3146 postea
3181 3075 3327 3130 vitas
3373 3073 3633 3146 ipsorum

1990 3162 2309 3234 laudesque
2365 3164 2676 3218 oratoriam
2732 3166 3199 3236 quamdam,per
3247 3181 3433 3219 avum
3465 3181 3636 3220 omne

1993 3261 2404 3325 perstaturam,
2460 3253 2793 3310 columnam
2844 3254 3112 3320 effecerit,
3155 3259 3209 3308 et
3252 3253 3324 3310 ad
3377 3259 3638 3323 posteros

1995 3343 2406 3398 transmiserit.
2440 3343 2587 3410 Quid
2627 3343 2752 3414 ipse
2813 3359 2966 3403 vero.
3027 3343 3239 3411 spretis
3295 3342 3427 3398 aliis
3468 3343 3640 3398 rebus

1993 3431 2288 3496 omnibus,
2321 3433 2374 3486 id
2411 3433 2578 3487 unice
2616 3447 2847 3498 operam
2880 3431 3122 3497 dederit,
3157 3447 3268 3502 quo
3319 3446 3512 3486 veram
3543 3431 3642 3485 ni-

1995 3521 2209 3574 mirum
2255 3521 2544 3590 pietatem,
2578 3521 2748 3592 longo
2771 3522 2895 3590 jam
2952 3527 3210 3588 tempore
3241 3520 3312 3574 ab
3359 3518 3645 3590 impiissi-

1997 3611 2106 3664 mis
2136 3609 2661 3680 perditissimisque
2709 3609 2996 3664 hareticis
3040 3609 3166 3662 dira
3197 3609 3502 3680 tyrannide
3539 3625 3644 3678 op-

1998 3705 2355 3768 pressam,et
2385 3705 2614 3754 tantum
2650 3715 2787 3765 non,
2819 3699 2974 3768 quod
3007 3698 3188 3766 aiunt,
3222 3698 3278 3752 in
3311 3714 3498 3770 genus
3522 3714 3650 3766 pro-

1998 3794 2267 3854 stratam,
2300 3787 2559 3842 reﬁceret
2591 3804 2654 3841 ac
2685 3789 2950 3858 erigeret,
2996 3803 3356 3858 suorumque
3388 3786 3647 3842 hostium

1997 3875 2289 3930 victricem
2324 3875 2562 3931 omnino
2595 3882 2915 3946 praeteret.
2948 3876 3108 3938 Quod
3137 3883 3193 3931 et
3223 3875 3374 3930 hanc
3405 3876 3478 3930 ob
3509 3891 3648 3931 cau-

2001 3981 2158 4034 sum,
2191 3972 2256 4020 ut
2285 3965 2385 4037 qui
2418 3966 2672 4021 fulcrum
2707 3964 2864 4032 fidei,
2895 3973 2952 4019 et
2984 3966 3152 4020 ﬁrma
3177 3964 3434 4020 Ecclesia
3466 3965 3650 4034 basis,

2000 4062 2057 4111 et
2087 4062 2374 4110 rectorum
2395 4055 2862 4126 salutariumque
2882 4056 3223 4125 dogmatum
3251 4077 3278 4105 «
3301 4053 3652 4111 inconcussa

2001 4145 2270 4199 columna
2331 4165 2360 4193 ››
2447 4149 2624 4212 esset,
2685 4149 2749 4198 ut
2822 4143 3112 4198 Pindarus
3199 4143 3456 4214 loquitur
3509 4144 3648 4213 (15),

2002 4249 2269 4305 magnam
2306 4231 2462 4286 illam
2497 4237 2554 4287 et
2583 4248 2799 4288 sacram
2825 4231 3266 4302 patriarchalem
3298 4233 3655 4288 conscende-

2003 4323 2075 4376 rit
2103 4320 2457 4376 cathedram.
2506 4319 2746 4376 Minime
2784 4321 2883 4376 ille
2924 4321 3194 4392 profecto,
3227 4337 3342 4391 quo
3387 4319 3653 4374 mollitiis

2003 4411 2283 4481 segnique
2311 4409 2427 4465 otio
2458 4409 2568 4463 frui
2618 4415 2834 4480 posset,
2864 4410 2960 4464 sed
3014 4413 3076 4462 ut
3125 4408 3365 4463 haresin
3419 4409 3652 4462 univer-

2005 4516 2128 4555 eam
2162 4500 2498 4570 plenissime
2555 4497 2946 4570 facillimeque
2995 4498 3658 4569 exscinderet.ipsisque

2011 4589 2253 4645 omnino
2284 4603 2413 4643 cum
2445 4585 2735 4642 radicibus
2765 4599 3088 4653 eruncaret,
3111 4590 3167 4641 et
3200 4586 3432 4655 penitus
3453 4587 3522 4640 de
3545 4601 3658 4642 me-

1932 4647 1978 4711 D
2011 4678 2106 4732 dio
2127 4675 2381 4732 tolleret.
2413 4675 2589 4731 Paulo
2622 4681 2818 4730 tamen
2853 4679 2985 4746 post
3009 4647 3116 4730 hac
3133 4647 3332 4729 eadem
3361 4674 3658 4738 cathedra,

239 4771 410 4827 illius
437 4769 661 4840 cupidis
689 4766 1206 4840 relictazquando
1236 4768 1464 4838 quidem
1522 4784 1628 4824 nec
1683 4767 1849 4824 initio
1893 4769 2019 4838 ipso
2080 4767 2396 4821 admodum
2458 4764 2726 4831 libenter,
2787 4767 2885 4820 sed
2939 4765 3174 4819 admota
3235 4762 3540 4833 multiplici
3599 4767 3659 4817 et

245 4861 552 4925 suasione,
573 4863 632 4912 et
662 4858 739 4925 vi,
780 4864 836 4912 et
875 4864 1006 4929 post
1044 4857 1331 4930 plurimas
1361 4859 1804 4926 obtestationes,
1864 4857 2022 4914 illam
2072 4856 2314 4912 adiisset
2365 4871 2378 4910 :

2439 4856 2628 4910 denuo
2686 4855 2757 4910 ad
2820 4853 3282 4910 laudatissimam
3343 4852 3662 4924 pulcherri'

255 4964 543 5020 memque
571 4947 828 5018 quietem
862 4964 1056 5015 suam,
1086 4955 1140 5003 et
1172 4947 1538 5004 verissimum
1573 4947 1673 5003 Dei
1705 4947 2063 5004 consortium
2098 4963 2160 5002 se
2188 4943 2488 5016 receperit.

324 5038 455 5096 ΡΗ.
488 5034 608 5092 Τίνι
652 5038 808 5091 ταῦτ’
857 5030 1020 5090 ἔνεστι
1071 5035 1241 5090 πάντα
1290 5030 1649 5110 παραϐαλεῖν,
1681 5035 1772 5089 καὶ
1821 5035 1905 5098 τίς

247 5127 393 5182 οὕτω
448 5123 768 5180 διαπάντων
828 5122 949 5191 ἰὼν,
1002 5121 1055 5178 ἐν
1097 5130 1226 5179 πᾶσι
1274 5125 1474 5185 πάντας
1528 5123 1826 5196 παρῆλθεν,
1881 5125 1910 5178 ὁ

254 5219 428 5280 αὐτὸς
455 5215 546 5270 καὶ
576 5215 733 5270 πάνθ’
765 5216 906 5287 ὁμοῦ
941 5215 1034 5269 καὶ
1069 5217 1184 5287 μεθ’
1227 5209 1539 5288 ὑπερϐολῆς
1585 5210 1906 5292 ξυλλαϐών;

247 5309 382 5366 Ἐάο
420 5307 516 5376 μὲν
551 5305 653 5381 γὰρ
687 5307 867 5383 φήσῃς
901 5304 1027 5365 τοὺς
1059 5302 1278 5376 λόγους.
1314 5301 1499 5359 οὐδένα
1529 5304 1620 5359 τὸν
1655 5301 1911 5375 ἁμιλλώ-

254 5415 424 5469 μενον
457 5392 624 5469 ῗσχει,
675 5393 824 5450 ἀλλὰ
873 5393 1010 5466 πρὸς
1060 5391 1218 5448 αὐτὸν
1272 5389 1434 5454 αὒτὸς
1485 5391 1686 5462 ταύτην
1735 5396 1912 5446 ποιεῖ-

251 5506 366 5553 ται,
413 5479 594 5556 ὥσπερ
655 5479 984 5557 φιλονεικῶν
1030 5482 1060 5535 ὃ
1111 5481 1270 5542 αὐτὸς
1317 5477 1410 5536 διὰ
1455 5479 1673 5536 πάντων
1734 5481 1908 5535 εἶναι’

253 5577 425 5628 νικῶν
461 5572 553 5644 μὶν
585 5571 713 5633 τοὺς
755 5568 962 5634 ἄλλους
1013 5570 1240 5632 άπάσαις
1286 5576 1404 5632 ταῖς
1433 5574 1540 5624 τῶν
1579 5569 1759 5644 λόγων
1805 5567 1913 5622 ἰδέη

329 5766 448 5839 (15)
479 5766 694 5838 Olymp.
721 5765 790 5834 II,
820 5763 1048 5836 stroph.
1083 5764 1137 5820 5.

2083 5034 2278 5091 CVIII.
2312 5033 2504 5098 Eccui,
2529 5049 2744 5105 quaso,
2778 5032 2899 5088 hac
2921 5029 3243 5102 comparari
3269 5034 3520 5102 possunt
3541 5045 3662 5085 om-

2022 5124 2166 5180 nia?
2195 5124 2534 5194 ecquisnam
2565 5121 2663 5176 ille
2695 5121 2910 5192 pariter
2949 5121 3218 5176 universa
3267 5134 3610 5189 permensus
3638 5120 3668 5172 ?

2022 5229 2231 5283 nempe
2261 5211 2361 5282 qui
2389 5228 2592 5268 omnes
2620 5212 2680 5266 in
2720 5210 2996 5266 omnibus
3038 5219 3503 5280 praetergressus,
3535 5224 3664 5263 om-

2025 5303 2122 5358 nia
2149 5303 2301 5356 idem
2333 5299 2508 5355 simul
2539 5306 2598 5356 et
2644 5298 3126 5353 excellentissime
3163 5295 3502 5368 complexus
3533 5297 3664 5351 fuit.

2021 5391 2244 5462 Quippe
2278 5397 2339 5443 ut
2395 5386 2785 5458 eloquentiam
2841 5392 2899 5440 et
2955 5385 3246 5440 orationes
3286 5387 3539 5453 nomine,
3575 5384 3664 5439 hic

2024 5479 2232 5550 palma
2260 5476 2532 5532 amulum
2569 5475 2745 5530 habet
2775 5473 2871 5529 ille
2911 5474 3165 5544 profecto
3197 5475 3488 5528 neminem
3517 5499 3532 5540 ;
3565 5475 3666 5528 sed

2026 5573 2148 5640 ipse
2178 5583 2372 5622 secum
2399 5566 2505 5622 hoc
2535 5566 2794 5620 decertat
2822 5568 3133 5633 certamen,
3167 5564 3304 5619 dum
3337 5562 3497 5619 velut
3524 5577 3669 5619 con-
