4092 6300
452 425 568 485 327

1738 416 1743 423 ’
1762 419 2153 481 THEODULI
2198 419 2549 483 MONACHI

3730 428 3845 488 328

451 557 640 617 tendit
668 556 824 612 idem
854 570 979 610 esse
1005 553 1221 623 ubique
1255 569 1268 607 :
1302 551 1480 607 victor
1526 552 1801 607 nimirum
1852 550 2102 608 aliorum

2223 549 2406 617 ἰδέαις,
2462 557 2624 607 νικῶν
2657 550 2704 606 δ’
2736 550 2916 628 ὥσπερ
2965 555 3056 609 καὶ
3106 554 3293 610 ἑαυτὸν
3337 558 3415 628 τῷ
3460 556 3670 611 τούτων
3726 559 3845 613 ἐκά-

452 665 556 723 per
585 662 783 703 omnes
814 642 1095 700 orationis
1126 642 1364 709 formas,
1396 644 1453 697 et
1481 639 1637 696 idem
1690 641 1777 697 sui
1812 642 2102 711 quodam-

454 739 627 794 modo
659 736 857 801 victor,
884 732 1036 805 quod
1076 732 1320 787 formam
1352 729 1692 801 quamlibet,
1720 746 1819 801 per
1850 747 1911 785 se
1934 747 2103 803 spec-

451 833 657 893 tatam,
690 823 857 881 facile
888 820 1107 878 cesteris
1138 824 1415 892 praestare
1445 835 1684 876 censeas
1720 836 1733 875 :
1782 824 1841 875 at
1872 820 2102 875 univer-

454 934 548 974 sas
575 913 751 972 simul
776 911 1194 978 consideratas,
1222 926 1405 965 unum
1430 910 1708 981 quiddam
1731 926 1931 966 omnes
1953 926 2103 980 esse,

451 1026 652 1066 verum
687 1008 743 1062 in
785 1005 1046 1060 oratione
1093 1002 1277 1069 omni,
1313 1018 1677 1074 quascunque
1713 1002 1811 1071 sit,
1844 1002 2100 1076 singula-

454 1116 575 1156 rem
618 1105 670 1153 et
701 1094 995 1169 propriam
1039 1107 1332 1165 quamque
1378 1096 1676 1163 reportare
1724 1091 2017 1164 palmam;
2050 1096 2105 1148 et

452 1189 625 1261 longo
678 1197 1032 1258 praecurrere
1080 1180 1401 1249 intervallo,
1452 1184 1579 1236 tum
1630 1180 1900 1236 acumine
1930 1184 2105 1251 atque

454 1275 791 1349 sagacitate,
842 1277 969 1327 tum
1026 1270 1154 1325 fusa
1185 1285 1284 1341 per
1340 1268 1536 1324 omnia
1591 1267 1815 1338 gratia;
1846 1272 1904 1324 et
1947 1269 2100 1339 quod

453 1366 710 1437 primum
742 1364 849 1430 est,
884 1360 1038 1431 quod
1065 1358 1153 1413 ha
1186 1374 1302 1413 non
1334 1374 1429 1413 ars
1461 1357 1632 1412 modo
1675 1356 1801 1429 ipsa
1829 1358 2103 1425 oratoria,

452 1456 550 1511 sed
584 1457 641 1509 et
672 1468 847 1522 supra
866 1455 1045 1506 artem
1093 1447 1231 1517 sint,
1263 1463 1446 1518 eaque
1478 1447 1616 1502 item
1669 1463 1730 1501 re
1761 1464 1941 1518 supra
1970 1447 2107 1501 imi-

453 1542 688 1601 tationis
712 1556 872 1611 spem
905 1544 1237 1610 assurgant.
1265 1538 1326 1591 In
1356 1535 1449 1591 his
1473 1535 1725 1607 primum
1754 1535 2107 1591 maximum-

454 1650 611 1706 que«
627 1628 989 1687 admirabilis
1013 1627 1219 1682 divinas
1240 1630 1463 1682 natura»
1484 1624 1807 1697 explicatio,
1835 1648 1854 1672 ιι
1882 1630 1939 1680 et
1954 1626 2105 1697 quod

454 1738 545 1778 res
578 1718 917 1791 hujusmodi
958 1717 1099 1772 adeo
1142 1731 1279 1770 sane
1309 1713 1666 1782 cautissime,
1700 1721 1756 1768 et
1786 1712 2103 1787 elegantis-

453 1811 623 1877 sime,
678 1816 735 1863 et
783 1806 1126 1863 beatissima
1170 1803 1523 1859 fecunditate
1570 1806 1816 1859 tractare
1857 1807 2103 1873 poterat,

2213 662 2364 711 στην,
2397 641 2520 697 ὅταν
2565 641 2657 714 μέν
2699 664 2783 705 τις
2835 640 2926 716 ἴδῃ
2970 644 3088 698 καθ’
3140 644 3352 717 ἑαυτὸν,
3406 643 3606 719 βελτίω
3652 647 3849 717 ταύτην

2214 730 2602 807 ἀποφαίνεσθαι
2639 737 2746 787 τῶν
2793 731 3005 788 λοιπῶν
3032 751 3043 765 ·
3080 734 3205 789 ὅταν
3258 731 3315 788 δὲ
3359 736 3639 808 ξυμπάσας
3688 737 3854 810 ὁμοῦ,

2210 815 2264 874 ἓν
2311 822 2405 893 μὲν
2448 820 2578 875 εἶναι
2620 821 2714 882 τὰς
2765 822 2956 890 πάσας,
2999 824 3134 877 κατὰ
3176 823 3373 886 παντὸς
3422 822 3469 878 δ’
3501 825 3726 880 ὁτουοῦν
3759 823 3855 880 λό-

2214 930 2312 985 γου
2358 906 2652 982 μοναδικὸν
2703 910 3000 988 φερομένας
3046 913 3107 967 τὸ
3137 914 3336 988 κράτος
3373 914 3462 968 καὶ
3512 912 3709 987 πολλῶ
3750 935 3857 969 πα-

2216 1002 2434 1073 ριοῦσας
2474 1002 2553 1071 τῷ
2597 999 2767 1072 μέσῳ,
2823 1001 3041 1073 ὁξοότητί
3073 1022 3131 1056 τε
3175 1001 3266 1056 καὶ
3315 1003 3591 1081 ἀγχινοίᾳ,
3638 1005 3732 1059 καὶ
3779 1009 3854 1077 τῷ

2217 1084 2306 1140 διὰ
2361 1084 2573 1142 πάντων
2622 1090 3042 1162 κεχαρισμένῳ·
3095 1090 3182 1144 καὶ
3233 1092 3296 1145 τὸ
3349 1090 3623 1166 μέγιστον,
3652 1098 3733 1164 τῷ
3776 1094 3850 1166 μὴ

2217 1175 2301 1229 ὅτι
2341 1197 2399 1249 γε
2452 1175 2670 1250 τέχνην,
2720 1175 2864 1233 ἀλλὰ
2910 1179 2998 1234 καὶ
3052 1179 3182 1253 ὑπὲρ
3227 1179 3427 1255 τέχνην
3481 1181 3647 1244 αὐτάς
3697 1183 3851 1249 εἶναι,

2213 1265 2495 1319 κάντεῦθεν
2556 1265 2937 1341 ὑπερκειμένας
2999 1271 3321 1342 μιμήσεωςο
3376 1271 3448 1324 ὢν
3497 1275 3712 1346 πρῶτον
3765 1273 3852 1327 καὶ

2219 1356 2472 1431 μέγιστον
2506 1380 2534 1407 ‹‹
2567 1357 2602 1425 ἡ
2636 1358 2917 1429 θαυμαστή
2951 1358 3207 1434 θεολογία
3228 1379 3238 1390 ·
3269 1382 3294 1412 »
3329 1361 3504 1415 καὶτὰ
3521 1361 3645 1435 περί
3671 1362 3851 1417 τοιοῦ-

2213 1464 2324 1498 των
2385 1443 2558 1507 οὕτως
2617 1444 2996 1519 ἀσφαλέστατα
3060 1449 3150 1502 καὶ
3225 1448 3497 1506 κάλλιστα
3572 1451 3662 1505 καὶ
3721 1453 3852 1524 μετὰ

2214 1534 2408 1594 παντὸς
2464 1538 2562 1588 τυῦ
2609 1534 2839 1608 γονίμου
2897 1533 3140 1609 διεξιέναι
3192 1535 3469 1607 δύνασθαι,
3511 1540 3585 1602 ὡς
3640 1543 3716 1611 μὴ
3755 1541 3852 1613 μό-

2214 1646 2305 1680 νον
2337 1629 2527 1680 τοῦτον
2574 1628 2709 1700 μετά
2745 1629 2836 1680 τὸν
2879 1629 3166 1702 πάμμεγαν
3210 1630 3469 1701 Ἰωάννην
3516 1631 3612 1685 τοῦ
3654 1632 3854 1686 Θεολό-

2217 1737 2317 1792 γου
2374 1718 2726 1791 προσρήσεως
2775 1717 3060 1787 ἠξιῶσθαι,
3112 1719 3201 1774 καὶ
3249 1721 3394 1774 τοῦτ’
3444 1718 3663 1795 ἐναργὲς
3713 1721 3850 1794 σύμ-

2219 1801 2387 1861 ϐολον
2445 1811 2597 1880 σχεῖν
2656 1810 2753 1861 τοῦ
2809 1803 3023 1861 πάντων
3098 1807 3257 1863 αὑτὸν
3318 1809 3370 1863 ἐν
3422 1809 3638 1872 τοότοις
3698 1831 3852 1865 πεπι-

458 1904 522 1956 ut
554 1917 670 1955 non
705 1898 876 1953 modo
911 1899 1041 1968 post
1072 1893 1390 1950 maximum
1423 1892 1584 1947 illum
1607 1891 1894 1947 Joannem
1923 1893 2107 1948 Evan-

2223 1896 2429 1949 στεῦθαι
2487 1893 2769 1970 προέχειν,
2820 1893 2967 1952 ἀλλά
3014 1895 3103 1951 καὶ
3148 1902 3265 1959 τοῖς
3331 1896 3497 1953 ἔπειτ’
3543 1897 3844 1971 ἐσομένοις,

456 1985 1036 2065 gelistam.‘l‘beologi
1064 1986 1443 2055 cognomento
1464 1981 1878 2038 cohonestatus
1910 1982 2103 2050 fuerit,

458 2084 515 2136 et
533 2078 644 2133 hoc
667 2075 1063 2132 clarissimum
1088 2073 1322 2145 signum
1341 2071 1631 2137 habuerit,
1650 2072 1802 2142 quod
1819 2071 1928 2127 hac
1948 2076 2105 2142 parte

458 2169 633 2241 longe
681 2167 939 2223 omnium
995 2164 1261 2237 princeps
1311 2162 1640 2217 crederetur
1674 2179 1687 2216 :
1720 2162 1821 2217 sed
1868 2168 1925 2217 et
1954 2162 2106 2232 quod

466 2260 699 2315 futurus
732 2261 863 2327 post
893 2271 951 2310 se
970 2253 1304 2310 hominibus
1338 2251 1612 2306 miriﬁcus
1631 2252 1911 2323 quasdam
1943 2250 2104 2307 hole—

466 2348 629 2420 poles
662 2363 726 2402 ac
759 2344 1082 2411 machinas,
1115 2341 1446 2414 quatiendis
1467 2340 1919 2412 dejiciendisque
1952 2357 2112 2397 erro-

471 2454 601 2495 rum
630 2435 900 2502 castellis,
955 2434 1172 2503 scripta
1229 2449 1335 2488 sua
1393 2431 1709 2505 reliquerit.
1770 2431 1915 2486 Tum
1976 2447 2110 2486 vero

479 2528 755 2599 deinceps
776 2526 844 2581 ad
874 2524 1145 2579 diffusam
1173 2522 1489 2577 ubertatem
1514 2522 1965 2593 varietatemque
1984 2536 2114 2575 sen-

470 2619 807 2682 tentiarum,
842 2616 913 2670 ad
946 2613 1201 2670 solutum
1256 2629 1324 2667 ac
1381 2611 1647 2678 liberum,
1701 2616 1758 2667 et
1806 2612 2110 2682 invictum,

471 2717 522 2766 et
554 2707 777 2764 crebris
808 2705 1115 2761 verborum
1147 2703 1386 2758 ﬂoribus
1409 2702 1745 2757 distinctum
1768 2701 1982 2774 linguai
2005 2703 2111 2758 im-

471 2802 691 2870 petum,
717 2797 997 2852 accedens
1028 2794 1209 2849 sancti
1236 2792 1488 2863 Spiritus
1510 2792 1995 2863 gratia,«omnem
2019 2809 2113 2848 su-

468 2903 676 2961 perans
694 2881 1664 2954 intellectum”,»jucundissimum
1685 2881 1960 2937 omnibus
1974 2881 2112 2937 Gre-

467 2975 695 3049 gorium
727 2977 784 3029 et
821 2969 1334 3038 amabilissimum,
1368 2968 1427 3024 in
1461 2968 1870 3040 congressibus
1901 2970 2117 3040 pariter

468 3081 531 3120 ac
589 3060 1086 3128 institutionibus,
1151 3058 1416 3128 faciebat,
1450 3062 1506 3112 et
1544 3057 1641 3128 qui
1696 3062 1816 3113 tum
1867 3061 2113 3129 Graecos,

467 3158 591 3210 tum
623 3152 930 3219 Barbaros,
964 3149 1022 3204 in
1055 3153 1345 3217 stuporem
1399 3146 1567 3219 plane
1615 3147 1774 3217 dare,
1808 3150 1979 3218 atque
2006 3163 2112 3204 ex-

466 3258 719 3316 pugnare
750 3246 965 3312 posset,
987 3238 1141 3295 visos
1159 3253 1405 3308 nemque
1419 3237 1555 3304 sibi,
1580 3259 1607 3288 ‹‹
1633 3238 1752 3307 Dei,
1778 3253 1892 3292 non
1915 3236 2112 3293 homi-

2215 1984 2524 2063 θαυμαστάς
2590 2004 2735 2045 τινας
2818 1981 3102 2046 ἑλεπόλεις
3170 1986 3304 2060 πρὸς
3372 1986 3686 2059 καθαίρεσιν
3743 1992 3848 2044 τῶν

2213 2079 2315 2142 τῆς
2352 2071 2567 2142 πλάνης
2607 2073 3011 2151 ὀχυρωμάτων,
3053 2076 3179 2136 τοὺς
3227 2075 3393 2130 αὐτοῦ
3442 2074 3640 2151 λόγους
3692 2098 3851 2133 κατα-

2216 2162 2396 2217 λιπεῖν
2430 2182 2442 2193 ·
2503 2160 2687 2217 ἔπειτα
2745 2167 2823 2235 τῷ
2884 2162 3214 2236 παντοδαπῷ
3278 2165 3368 2220 καὶ
3443 2166 3687 2240 ποικίλῳ
3744 2173 3846 2223 τῶν

2216 2252 2507 2324 νοημάτων
2537 2253 2627 2306 καῖ
2665 2257 2733 2326 τῇ
2782 2257 2879 2318 τῆς
2930 2252 3185 2329 γλώττης
3245 2255 3461 2331 ἀσχέτῳ
3510 2256 3598 2311 καὶ
3651 2258 3849 2334 ἀμάχῳ

2219 2341 2304 2395 καὶ
2367 2337 2718 2416 διηνθισμένῃ
2780 2347 2941 2419 φορᾷ,
2993 2343 3027 2412 ἢ
3088 2346 3257 2399 πάντα
3313 2349 3439 2399 νοῦν
3493 2345 3850 2421 ὑπερέχουσα,

2219 2429 2315 2483 τοῦ
2357 2428 2671 2502 Πνεῦματος
2720 2429 2882 2505 χάρις
2931 2438 3350 2507 προσγεγονυῦι,
3402 2431 3623 2502 ἣδιστον
3671 2433 3857 2489 τοῦτον

2222 2524 2352 2572 πᾶσι
2392 2519 2481 2573 καὶ
2531 2520 2912 2574 ποθεινότατον
2960 2517 3015 2575 ἕν
3062 2541 3118 2574 τε
3164 2527 3280 2583 ταῖς
3337 2521 3589 2593 ἐντεύξεσι
3640 2525 3731 2579 καὶ
3781 2522 3858 2579 δι·

2224 2605 2539 2669 δασκαλίαις
2597 2608 2791 2677 ἐποίει,
2849 2611 2935 2664 καὶ
2981 2611 3092 2664 οἷον
3136 2611 3223 2665 καὶ
3265 2610 3539 2683 Ἕλληνας
3597 2613 3692 2667 καὶ
3735 2616 3864 2688 βαρ-

2226 2692 2425 2771 ϐάρους
2456 2698 2695 2767 καθάπαξ
2729 2694 3050 2768 ἐκπλήττειν
3083 2719 3141 2753 τε
3165 2699 3253 2753 καὶ
3300 2703 3637 2775 χειροῦσθαι,
3677 2726 3705 2753 ‹‹
3738 2705 3867 2758 Θεοῦ

2229 2790 2413 2856 φωνῆς
2447 2786 2628 2842 ἀκούει
2662 2786 2755 2842 λαὶ
2784 2787 2881 2843 οὐκ
2910 2787 3225 2863 ἀνθρώπου,
3263 2813 3288 2839 ››
3345 2787 3637 2853 δοκοῦντας
3668 2810 3680 2822 ·
3713 2792 3790 2863 τῷ
3819 2792 3862 2846 θ’

2226 2875 2258 2929 ἃ
2309 2878 2538 2950 παρῄνει
2584 2881 2774 2931 τοῦτον
2817 2875 2996 2952 ’ίσχειν
3053 2878 3143 2933 τὸν
3191 2878 3432 2953 τρόπον’
3482 2884 3560 2951 τῷ
3604 2882 3657 2935 τ’
3712 2880 3867 2937 αὐτὸν

2226 2965 2421 3040 ἀρετῆς
2480 2965 2694 3037 ἁπάσης
2738 2968 2826 3022 καὶ
2875 2972 2982 3022 τῶν
3036 2968 3195 3022 θείων
3261 2967 3643 3045 ἐπιταγμάτων
3691 2970 3866 3047 τεχνί-

2224 3077 2322 3126 την
2362 3057 2495 3111 εἶναι
2544 3058 2742 3118 παντὸς
2795 3056 3009 3130 μᾶλλον
3060 3064 3147 3114 καί
3208 3056 3586 3129 σπουδαστήν’
3637 3060 3731 3114 καὶ
3783 3058 3859 3114 διὰ

2225 3148 2384 3199 τοῦτο
2442 3145 2530 3199 καὶ
2589 3145 2790 3200 πείθειν
2847 3141 3078 3222 ἔχοντα·
3140 3146 3266 3202 ὥσθ’
3330 3147 3359 3202 δ
3417 3169 3548 3224 φησι
3607 3148 3854 3217 Πλάτων,

2232 3259 2250 3283 ι
2289 3232 2505 3289 παιδιὰν
2539 3235 2674 3289 εἶναι
2714 3232 2889 3291 δοκεῖν
2923 3236 2988 3291 τὰ
3027 3234 3079 3290 ἐν
3119 3242 3235 3301 τοῖς
3271 3237 3557 3313 γράμμασι
3602 3241 3745 3316 πρὸς
3773 3240 3860 3299 τὰς

468 3333 562 3390 nis
580 3331 782 3387 audire
803 3327 1107 3385 vocem“.»
1128 3327 1361 3383 Scilicet
1381 3326 1660 3398 quoniam
1685 3325 1965 3398 quidquid
1992 3343 2111 3382 mo-

2223 3323 2447 3397 ὀμιλιας
2482 3324 2642 3389 αὐτὰς
2671 3330 2779 3381 τῶν
2815 3330 2997 3401 σοφῶν
3028 3323 3261 3400 ἀνδρῶν,
3294 3349 3322 3379 ι)
3354 3330 3503 3382 τοῦτ’
3550 3326 3611 3383 ἐκ
3642 3349 3856 3402 περιου-

468 3426 652 3491 neret,
681 3420 738 3475 id
774 3417 1012 3475 omnino
1043 3417 1200 3472 illius
1236 3417 1386 3472 modi
1412 3420 1535 3472 erat
1562 3434 1575 3471 :
1607 3418 1839 3488 etquod
1864 3416 1986 3488 ispe
2011 3417 2114 3472 vir-

470 3512 610 3568 tutis
641 3510 856 3578 omnis,
914 3516 970 3564 et
1026 3506 1355 3562 divinorum
1416 3510 1858 3577 praeceptorum,
1908 3522 2114 3576 supra-

468 3601 650 3657 alium
684 3597 1028 3671 quemlibet,
1061 3597 1296 3652 effector
1338 3594 1695 3665 industrius,
1725 3600 2112 3651 consectator-

468 3709 580 3764 que
610 3689 1094 3763 diligentissimus
1150 3690 1324 3757 esset,
1356 3686 1603 3759 ideoque
1650 3686 1824 3742 etiam
1889 3702 2118 3758 persua-

467 3784 641 3841 dendi
674 3782 917 3856 polleret
947 3779 1326 3848 auctoritate;
1368 3779 1451 3835 ita
1484 3786 1566 3848 ut,
1600 3779 1748 3850 quod
1782 3779 1863 3834 ait
1902 3778 2064 3834 Plato
2101 3796 2114 3834 :

2222 3414 2339 3477 σίας
2397 3414 2614 3470 ἔντεῦθα
2666 3412 3044 3487 παρίστασθαι,
3114 3413 3332 3470 παιδιάν
3379 3417 3515 3472 εἶναι
3577 3415 3757 3473 δοκεῖν
3801 3417 3861 3471 τὰ

2219 3511 2327 3562 τῶν
2379 3505 2567 3560 ἄλλων
2624 3503 3022 3578 συγγράμματα
3071 3507 3206 3579 πρὸς
3255 3505 3348 3569 τάς
3393 3504 3618 3579 ὁμιλίας
3682 3509 3861 3563 αὐτοῦ.

2230 3597 2289 3653 Εἰ
2320 3595 2378 3651 δὲ
2406 3596 2552 3650 τοῦθ’
2584 3594 2779 3667 οὕτως,
2813 3595 2994 3668 ὥσπερ
3036 3593 3126 3651 οῦν
3168 3594 3301 3666 ἐστι,
3350 3596 3517 3653 πόσον
3549 3618 3603 3653 τι
3634 3599 3748 3675 χρὴ
3779 3616 3862 3650 v0-

2230 3686 2410 3761 μίζειν
2464 3684 2770 3760 ὑπεραίρειν
2814 3686 2913 3753 τήν
2956 3684 3007 3739 ἐν
3050 3686 3367 3760 γράμμασιν
3414 3687 3705 3761 εὐμουσίαν
3753 3685 3866 3741 τοῦ·

2225 3797 2321 3831 του
2352 3776 2442 3831 καὶ
2475 3776 2659 3853 χάριν,
2700 3775 2773 3828 ὧν
2803 3773 2979 3849 ἕτεροι
3012 3776 3305 3853 γράφουσι,

469 3894 494 3926 ‹
531 3874 730 3929 ludum
759 3872 1075 3943 jocumque
1104 3869 1302 3938 videri,
1337 3886 1463 3942 quae
1495 3869 1705 3925 litteris
1737 3868 1958 3941 prodita
1989 3872 2148 3937 sunt,
2182 3868 2253 3923 ad
2290 3868 2440 3940 ipsos
2473 3867 2799 3937 sapientum
2831 3868 3083 3924 virorum
3107 3885 3443 3939 sermones;
3474 3888 3502 3921 »
3529 3869 3587 3925 id
3616 3884 3752 3925 cum
3783 3884 3869 3924 ex-

467 3978 634 4021 cessu
669 3963 923 4033 quodam
975 3959 1070 4016 hic
1127 3960 1315 4016 locum
1375 3960 1597 4028 habeat,
1657 3958 1854 4014 lusum
1912 3974 2123 4031 nempe
2179 3958 2398 4030 scripta
2456 3956 2705 4013 aliorum
2766 3957 2966 4025 videri,
3021 3974 3153 4013 cum
3217 3958 3584 4014 sermonibus
3636 3957 3866 4030 Gregori

465 4052 694 4108 collata.
726 4051 890 4114 Quod
921 4049 970 4107 si
1002 4049 1082 4105 ita
1115 4057 1515 4122 comparatum
1547 4056 1653 4119 est,
1691 4052 1757 4103 ut
1808 4051 1897 4103 est
1927 4063 2086 4115 sane,
2140 4052 2354 4118 quanto
2411 4045 2713 4102 intervallo
2797 4048 3249 4103 existimandum
3303 4053 3415 4114 est,
3446 4046 3703 4119 leporem
3736 4065 3868 4103 mu-

468 4142 660 4197 sicum
689 4143 1187 4211 vanustatemque.
1213 4155 1335 4211 quae
1358 4139 1414 4193 in
1451 4137 1605 4193 illius
1636 4137 1872 4208 scriptis
1898 4141 2216 4208 comparet,
2244 4137 2314 4192 iis
2344 4136 2642 4202 antistare,
2677 4153 2801 4207 quae
2826 4135 2917 4190 alii
2952 4136 3327 4206 scriptitant?

541 4230 686 4287 CIX.
718 4231 894 4286 Porro
927 4230 1211 4285 malitiam
1262 4244 1494 4284 omnem
1530 4227 1759 4299 penitus
1796 4226 1987 4282 odisse
2018 4242 2119 4281 no-

474 4318 683 4391 sirum,
703 4325 763 4375 ut
776 4319 1195 4376 aberrationem
1224 4317 1294 4372 ab
1312 4317 1556 4372 honesto
1576 4319 1631 4372 et
1662 4316 1832 4385 bono,
1853 4314 2119 4387 nullique

474 4410 709 4484 propria
739 4408 1118 4466 subsistentia
1150 4408 1446 4481 praeditam
1476 4422 1489 4472 ;
1515 4405 1716 4477 nequit
1741 4404 1896 4460 enim
1921 4405 2117 4476 (Deus)

473 4509 681 4557 natura
711 4500 923 4568 bonus,
958 4499 1089 4556 mali
1125 4503 1324 4554 auctor
1346 4513 1493 4565 esse,
1519 4495 1625 4551 hoc
1650 4493 1730 4550 illi
1753 4494 1953 4567 utique
1983 4510 2117 4550 cum

472 4591 741 4647 omnibus
778 4588 1014 4645 virtutis
1045 4587 1363 4643 cultoribus
1395 4600 1702 4643 commune
1719 4592 1805 4639 est
1839 4601 1851 4638 :
1886 4584 1968 4640 sic
1990 4600 2119 4640 vero

2298 4230 2411 4280 ΡΘ’.
2443 4225 2511 4279 Τὸ
2565 4226 2659 4296 μὲν
2713 4224 2801 4278 οῦν
2851 4223 3091 4294 καθάπαξ
3143 4224 3331 4279 κακίαν
3386 4230 3560 4297 μισεῖν
3603 4227 3679 4287 ὡς
3733 4226 3866 4279 ἀπο-

2227 4313 2419 4388 τυχίαν
2451 4311 2624 4367 καλοῦ
2663 4313 2750 4367 καὶ
2804 4311 2934 4386 μηδ’
2973 4315 3224 4383 ἡντινοῦν
3282 4314 3571 4369 ὑπόστασιν
3606 4312 3861 4393 ἔχουσαν,

2229 4404 2256 4458 ὁ
2295 4404 2394 4477 γάρ
2452 4403 2550 4471 τήν
2612 4404 2766 4479 φύσιν
2819 4402 3034 4477 ἀγαθὸς,
3095 4403 3194 4458 οὐκ
3250 4403 3310 4474 ᾅν
3366 4424 3498 4458 ποτε
3553 4409 3731 4459 κακῶν
3788 4402 3867 4472 εἵη

2229 4491 2587 4566 δημιουργὸς,
2620 4492 2796 4547 κοινὸν
2830 4489 2896 4562 δή
2930 4512 3034 4547 που
3073 4497 3201 4553 πᾶσι
3233 4498 3351 4555 τοῖς
3397 4495 3592 4567 ἀρετὴν
3648 4496 3867 4566 μετιοῦ-

2233 4604 2281 4636 σι
2309 4600 2322 4613 ·
2354 4582 2422 4636 τὰ
2453 4579 2508 4636 δὲ
2538 4580 2887 4657 καταδρομὴν
2919 4583 3146 4652 ταυτησὶ
3198 4586 3551 4653 πεποιῆσθαι,
3604 4585 3693 4638 καὶ
3724 4582 3870 4642 ὅπως

472 4679 680 4735 acriter
705 4677 989 4735 malitiam
1013 4677 1363 4745 incursasse,
1380 4690 1566 4748 quave
1586 4671 1876 4746 quispiam
1902 4672 2111 4728 ratione

2232 4671 2293 4727 ὂίν
2323 4693 2404 4733 τις
2446 4670 2644 4740 ταύτην
2687 4671 2933 4750 ἐκφύγοι,
2964 4670 2999 4740 ἢ
3031 4672 3120 4726 καὶ
3150 4674 3249 4741 τὴν
3287 4672 3467 4748 ἀρχὴν
3509 4673 3583 4746 μὴ
3627 4671 3746 4744 ἁλῷ
3786 4692 3871 4725 σα-

471 4768 631 4823 illam
661 4766 919 4840 ell'ugiat,
950 4771 1052 4822 aut
1085 4784 1153 4821 ne
1174 4765 1412 4838 quidem
1446 4765 1518 4819 ab
1538 4767 1617 4830 fea
1649 4778 1910 4834 unquam
1934 4762 2124 4831 capia-

471 4861 587 4928 tur,
622 4857 773 4914 clare
807 4860 1189 4913 monstraret:
1226 4855 1406 4910 nostri
1440 4854 1495 4909 id
1522 4848 1697 4908 unius
1720 4853 2119 4923 cpusejusque

475 4949 657 5004 animi
690 4946 880 5002 fuerit.
916 4946 1059 5001 Tum
1095 4945 1235 5017 quid
1285 4959 1412 4999 esse
1443 4944 1602 4999 dices
1650 4941 1812 4997 illius
1844 4942 2119 4997 adversus

473 5050 618 5089 verae
655 5034 784 5090 fidei
814 5033 1211 5099 insidiatores,
1245 5035 1299 5087 et
1328 5031 1428 5102 qui
1465 5030 1650 5085 modis
1690 5028 1963 5084 omnibus
1985 5027 2118 5084 veli-

474 5127 654 5179 tatem
684 5127 1005 5193 pervertere
1049 5122 1402 5186 nitebantur,
1443 5120 1700 5174 divinam
1732 5119 1911 5174 animi
1949 5118 2118 5173 forti-

473 5212 760 5280 tudinem,
785 5216 844 5267 et
872 5211 1066 5282 praelia
1124 5216 1181 5265 et
1212 5213 1405 5265 erecta
1430 5210 1499 5264 de
1529 5208 1603 5263 iis
1634 5209 1894 5279 tropaea?
1931 5209 2116 5263 Tanto

473 5302 595 5357 hac
625 5302 856 5372 quidem
886 5306 1036 5357 certe
1101 5299 1481 5357 Marathoniis
1537 5297 1657 5352 illis
1719 5303 1777 5352 et
1806 5297 2117 5353 Salaminis

474 5392 715 5462 majora,
748 5392 900 5461 quod
934 5390 1032 5446 illa
1064 5391 1122 5447 in
1155 5389 1423 5447 cernendi
1456 5402 1695 5444 sensum
1730 5388 1944 5442 cadunt
1968 5387 2117 5454 ;haec

480 5481 723 5537 rationis
752 5497 920 5553 opera
954 5486 1109 5551 sunt,
1135 5481 1232 5537 illa
1252 5486 1485 5554 tempus
1509 5480 1703 5552 ipsum
1722 5478 1928 5533 invasit
1949 5478 2119 5533 etob-

478 5573 674 5631 trivit:
708 5572 827 5627 hac
884 5588 1002 5628 aevo
1048 5573 1205 5628 omni
1255 5574 1587 5627 constatura
1634 5573 1794 5633 sunt,
1826 5567 1925 5623 illa
1945 5567 2118 5623 Athe-

552 5752 597 5789 ⁸⁸
628 5750 879 5823 Philipp.
912 5766 988 5821 ιν,
1020 5748 1073 5804 7.
1148 5747 1196 5783 ⁵⁸
1226 5750 1351 5805 Act.
1381 5762 1482 5813 xu,
1512 5747 1603 5802 22.

2234 4762 2348 4839 φῶς
2411 4758 2710 4831 ὑποδεῖξαι,
2768 4763 2931 4817 αὐτοῦ
2993 4763 3157 4836 μόνου
3206 4765 3353 4818 τοῦτ’
3404 4762 3463 4817 ἄν
3524 4761 3607 4833 ε’ίη
3657 4762 3873 4829 καὶτῆς

2228 4850 2392 4906 αὐτοῦ
2444 4849 2725 4915 διανοίας’
2759 4854 2811 4907 τί
2846 4850 2892 4907 δ’
2944 4852 3006 4908 ἂν
3056 4852 3228 4917 εἴποις
3278 4855 3369 4909 καὶ
3417 4856 3515 4922 τήν
3567 4855 3701 4931 πρὸς
3748 4850 3870 4912 τοὺς

2226 4939 2566 5006 ἐπιϐούλους
2606 4950 2707 5013 τῆς
2746 4943 3001 5011 πίστεως,
3042 4944 3132 4999 καὶ
3173 4965 3345 5000 πάντα
3391 4945 3592 5020 τρόπον
3642 4942 3869 5013 τάληθὲς

2227 5029 2562 5110 διαστρέφειν
2621 5032 3052 5111 ἐπιχειροῦντας,
3101 5029 3277 5090 ἔνθεον
3348 5033 3611 5110 εὐψυχίαν
3680 5032 3869 5088 τούτου

2226 5122 2316 5175 καὶ
2353 5122 2540 5201 μάχην
2573 5121 2661 5176 καὶ
2693 5123 2759 5176 τὰ
2801 5123 2918 5177 κατ’
2954 5123 3130 5178 αὐτῶν
3172 5124 3405 5198 τρόπαια
3430 5144 3442 5156 ·
3484 5127 3709 5179 τοσοῦτο
3755 5118 3868 5195 μεί-

2230 5216 2308 5281 ζω
2341 5216 2450 5266 τῶν
2494 5212 2893 5286 Μαραθωνείων
2942 5233 2999 5267 τε
3050 5212 3138 5269 καὶ
3184 5211 3591 5288 Σαλαμιντίων,
3644 5214 3765 5267 ὅσον
3807 5207 3871 5263 τά

2229 5299 2323 5371 μὲν
2386 5298 2630 5369 αἰσθητά,
2689 5297 2805 5355 τάδ’
2862 5298 2969 5356 ἔστι
3029 5300 3227 5377 λογικά
3261 5322 3273 5335 ·
3330 5301 3420 5356 καὶ
3477 5303 3595 5357 κατ’
3660 5300 3866 5356 ἐκείνων

2230 5388 2333 5459 μέν
2365 5389 2392 5443 ὁ
2426 5390 2626 5464 χρόνος
2680 5387 2932 5465 ἐχώρησε
2961 5409 2972 5422 ·
3008 5390 3073 5446 τὰ
3122 5389 3413 5466 δέ,’ἦκατὰξ
3429 5393 3627 5453 παντὸς
3672 5388 3870 5459 ἑστήξει

2227 5475 2327 5531 τοῦ
2379 5477 2582 5553 χρόνου
2610 5497 2620 5509 ·
2656 5479 2745 5533 καὶ
2786 5480 2850 5534 τὰ
2906 5482 3039 5552 μὲν.
3094 5479 3394 5546 Ἀθηναίως
3443 5481 3577 5535 κατὰ
3624 5483 3870 5555 nepa-Enr

2230 5564 2297 5620 τὰ
2336 5563 2393 5621 δὲ
2431 5569 2566 5621 κατὰ
2612 5569 2972 5645 τῶνζέχθρῶν
3019 5573 3117 5625 τοῦ
3165 5573 3399 5645 Χριστοῦ
3446 5571 3623 5643 τούτῳ
3667 5566 3873 5642 κατώρ-
