4092 6300
223 373 343 436 329

1243 370 1645 445 LAUDATIO
1691 368 1752 432 S.
1801 368 2173 435 GREGORI]
2219 365 2640 430 THEOLOGI.

3525 369 3646 434 830

221 510 389 563 θωται
411 526 424 539 ·
459 506 593 581 ὅσγε
642 505 734 560 καὶ
786 508 912 568 τοὺς
962 510 1062 574 τῆς
1101 499 1371 565 εὐσεϐείας
1399 503 1759 569 ὑπασπιστὰς,
1790 503 1879 559 καὶ

2016 504 2308 562 nieusibus
2337 504 2408 560 de
2436 503 2629 560 Persis
2672 508 2896 561 statura
2945 505 3143 573 fuere;
3175 506 3297 562 huc
3343 510 3545 563 nostro
3575 509 3648 565 de

223 599 421 672 μέχρις
499 594 754 668 αἱμάτων
833 592 1266 670 ἠγωνισμένους,
1343 596 1428 655 οἷς
1510 594 1880 667 προσειρήκει,

216 692 321 741 τῶν
383 684 616 740 εἰκότων
677 683 877 746 αὐτοὺς
937 684 1193 753 ἀξιώσας,
1228 686 1311 745 οἷς
1366 682 1572 737 τούτων
1632 682 1883 755 ἠξίωσεν,

218 775 302 830 ἐπὶ
363 775 437 830 τὰ
484 773 578 829 ἴσα
626 775 718 828 καὶ
767 775 896 836 τοὺς
935 771 1145 836 ἄλλους
1178 772 1539 848 προτρέπεται
1570 792 1582 803 '
1613 776 1783 828 ταῦτα
1814 769 1882 841 δή

215 868 385 919 ταῦτα
414 864 554 919 κάπὶ
578 868 689 918 τῶν
722 868 825 917 τοῦ
872 867 1106 937 Χριστοῦ
1157 861 1479 937 μυστηρίων
1528 860 1668 916 ἔστιν
1716 863 1882 936 ὁρᾷν·

216 956 439 1015 τούτοις
488 974 549 1009 τε
596 954 700 1030 γὰρ
763 954 862 1022 τήν
911 950 1243 1029 γιγνομένην
1306 949 1645 1007 ἀποδεδώκει
1701 949 1886 1020 ξυντέ-

220 1043 394 1115 λειαν,
428 1041 608 1117 α’ἷρων
708 1042 864 1114 θὲμις
895 1045 971 1113 τῷ
1002 1039 1158 1117 λόγῳ
1208 1042 1296 1095 καὶ
1346 1041 1484 1113 πρὸς
1522 1042 1621 1109 τὴν
1671 1040 1879 1096 τούτων

218 1135 474 1213 κατοχὴν
532 1132 626 1186 καὶ
688 1129 951 1206 βακχείαν
1010 1131 1100 1185 τὸν
1175 1130 1450 1205 ἀκροατὴν
1528 1129 1890 1202 ξυνεπαίρων,

222 1223 317 1279 καὶ
364 1226 529 1276 πᾶσιν
573 1220 837 1291 ἐξεκείνου
887 1218 1053 1294 μέχρι
1102 1223 1204 1274 τοῦ
1245 1215 1402 1294 δεῦρο
1427 1222 1730 1294 παρεγγυᾷ,
1760 1238 1883 1272 τοι-

223 1313 423 1375 ούτους
453 1306 521 1379 δή
553 1330 705 1373 τινας
744 1307 1039 1369 εἶναιτοὺς
1086 1309 1210 1382 περὶ
1256 1312 1389 1363 Θεοῦ
1438 1307 1528 1362 καὶ
1580 1312 1686 1363 τῶν
1727 1307 1884 1363 θείων

225 1402 411 1478 λέγειν
444 1398 773 1473 τολμῶντας
799 1417 813 1429 ⁸
854 1401 943 1454 καὶ
977 1403 1168 1453 σιωπῶ
1200 1399 1299 1467 τὴν
1344 1392 1543 1471 ἀκριϐῆ
1593 1402 1700 1452 τῶν
1750 1403 1885 1473 Γρα-

222 1497 340 1570 ςιῶν
374 1488 624 1565 ἔρευναν,
652 1488 744 1542 καὶ
787 1489 886 1555 τὴν
939 1486 999 1542 ἐκ
1038 1486 1238 1562 βάθους
1274 1487 1361 1542 καὶ
1416 1486 1665 1555 σκότους,
1700 1487 1773 1549 ὡς
1825 1488 1886 1541 ἄν

224 1602 308 1640 τις
360 1577 540 1645 εἴποι,
579 1577 715 1651 πρὸς
762 1580 874 1653 φῶς
934 1578 1161 1652 τρισσὴν
1212 1576 1496 1644 ἀνάπτυξιν
1545 1575 1752 1629 τούτων
1797 1575 1887 1629 καὶ

227 1668 482 1742 θεωρίαν,
517 1667 593 1730 ὡς
639 1665 979 1740 πανταχόθεν
1028 1664 1191 1726 αὐτας
1237 1664 1448 1735 ξυνετὰς
1502 1665 1696 1719 ἅπασιν
1730 1665 1887 1721 εἶναι.

230 1760 297 1814 Τὰ
342 1760 448 1831 μὶν
498 1753 569 1824 δή
615 1755 751 1809 κατὰ
791 1753 919 1816 τοὺς
962 1752 1159 1829 λόγους
1208 1753 1387 1826 τούτῳ
1435 1751 1655 1809 τοιάδε·
1688 1754 1778 1809 καὶ
1823 1754 1890 1807 τὰ

233 1848 402 1903 κλείω
466 1852 711 1919 παρῆκεν
758 1845 786 1898 ὁ
845 1844 1029 1917 λόγος,
1089 1841 1348 1898 ἐκκλίνων
1403 1844 1497 1897 τὸν
1554 1844 1740 1917 κόρον,
1800 1844 1886 1899 καὶ

238 1940 338 2010 ἅμα
392 1937 578 1990 πάντα
631 1934 844 1988 πάντων
902 1929 1142 2001 εἰδότων,
1194 1930 1291 1987 κᾶν
1352 1933 1517 2005 ἡμεῖς
1566 1935 1643 2004 μὴ
1705 1931 1887 2008 λέγω-

244 2048 345 2096 μεν.

1996 594 2209 651 Christi
2250 594 2318 648 de
2361 592 2756 664 perduellibus
2807 593 3050 650 feliciter
3080 604 3287 652 erecta.
3320 596 3425 661 Qui
3466 597 3642 653 etiam

1993 685 2135 739 dum
2158 683 2390 755 pietatis
2411 686 2745 755 armigeros,
2763 705 2792 734 ‹‹
2818 684 2981 752 etqui
3003 686 3073 740 ad
3093 687 3437 758 sanguinem
3459 702 3650 759 usque

1996 773 2368 830 decertarunt
2388 772 2456 837 ⁵⁸,
2478 793 2502 823 ι
2529 774 2653 828 suis
2676 772 3116 829 laudationibus
3146 792 3215 830 ex
3246 776 3448 833 merito
3472 777 3653 832 bono-

1996 864 2179 930 rabat,
2202 863 2311 918 hoc
2333 862 2461 932 ipso
2481 863 2635 934 quod
2658 862 2791 918 illos
2814 862 2897 920 sic
2925 864 3275 931 honestaret,
3304 865 3549 922 aliorum
3574 866 3648 922 ad

1997 952 2158 1025 paria
2180 950 2491 1006 certamina
2503 951 2729 1007 animos
2742 953 3007 1008 acuebat.
3022 952 3153 1009 Haec
3172 955 3371 1009 eadem
3392 956 3451 1010 in
3467 956 3650 1011 sacris

1994 1040 2170 1096 etiam
2203 1039 2416 1096 Christi
2458 1039 2750 1112 mysteriis
2799 1040 2994 1097 videre
3040 1041 3215 1109 licet;
3265 1059 3403 1099 nam
3433 1050 3492 1098 et
3532 1043 3647 1111 bis,

1996 1145 2174 1203 quam
2223 1130 2483 1186 conferre
2527 1130 2768 1185 decebat
2815 1135 3033 1202 partem
3084 1132 3351 1199 reddidit,
3394 1149 3511 1204 qua
3561 1133 3648 1189 fas

1996 1220 2273 1291 piumque
2294 1224 2407 1286 est,
2428 1218 2617 1274 verbis
2638 1218 2938 1289 extollens,
2958 1225 3013 1275 et
3035 1222 3107 1276 ad
3131 1236 3328 1277 eorum
3361 1222 3646 1291 afﬂatum,

1995 1309 2371 1380 divinumque
2406 1308 2681 1377 furorem,
2715 1325 2828 1363 una
2859 1310 3176 1366 auditorem
3212 1311 3491 1368 excitans.
3526 1313 3647 1377 Quo

1994 1399 2148 1455 idem
2201 1398 2499 1467 omnibus,
2549 1416 2617 1454 ex
2666 1398 2765 1454 illo
2815 1408 3068 1471 tempore
3115 1401 3183 1455 ad
3218 1401 3325 1457 hoc
3371 1417 3651 1474 presens,

1997 1487 2324 1555 denuntiat,
2357 1488 2618 1559 ejusdem
2655 1488 2807 1545 modi
2838 1505 2964 1545 esse
3003 1489 3233 1558 debere,
3266 1490 3367 1563 qui
3416 1493 3488 1548 de
3531 1491 3648 1548 Deo

1998 1579 2289 1650 rebusque
2320 1578 2535 1634 divinis
2565 1578 2741 1634 verba
2784 1580 2972 1635 facere
3020 1580 3289 1637 audeant.
3322 1582 3509 1638 Taceo
3540 1599 3653 1639 au-

1997 1674 2116 1725 tem
2137 1684 2293 1724 nunc
2316 1668 2827 1726 accuratissimam
2852 1674 3180 1726 sanctarum
3214 1672 3648 1744 Scripturarum

1999 1757 2568 1829 pervestigationem,
2610 1762 2668 1813 et
2714 1758 2784 1814 de
2834 1757 3141 1815 altitudine
3188 1767 3363 1832 atque
3409 1762 3653 1834 caligine

2000 1860 2127 1911 sua,
2162 1847 2224 1900 ut
2252 1842 2337 1899 sio
2365 1842 2697 1916 loquamur,
2728 1845 2801 1901 ad
2851 1844 3067 1915 lucem,
3116 1846 3399 1918 triplicem
3449 1865 3651 1906 earum

1999 1932 2444 2005 explicationem
2501 1933 3191 2007 contemplationemque,
3251 1940 3317 1991 ut
3375 1936 3649 1994 nimirum

1997 2020 2158 2079 omni
2214 2037 2284 2077 ex
2336 2025 2499 2093 parte
2558 2022 2821 2079 omnium
2891 2028 3160 2096 parerent
3234 2024 3652 2097 intelligentia,

247 2120 425 2189 Atque
459 2116 587 2171 hec
621 2112 758 2169 talia
789 2112 1024 2184 quidem
1060 2113 1130 2169 de
1161 2112 1519 2169 orationibus
1552 2112 1735 2169 nostri
1767 2112 1919 2169 dicta
1948 2118 2138 2168 sunto.
2172 2110 2447 2183 Pleraque
2476 2110 2634 2167 enim
2666 2111 2725 2168 in
2756 2128 3016 2183 pri-assus
3047 2129 3240 2170 sermo
3281 2120 3497 2183 noster,
3541 2132 3660 2188 quo

250 2208 568 2263 satietatem
605 2203 823 2269 vitaret,
854 2203 1074 2267 omisit,
1111 2205 1427 2273 praesrtim
1462 2204 1763 2276 quoniam,
1800 2202 1885 2258 vel
1920 2202 2091 2259 nobis
2120 2201 2473 2270 tacentibus,
2508 2205 2647 2257 nota
2675 2203 2950 2258 omnibus
2981 2208 3140 2258 sunt.

310 2296 404 2350 Pl'.
442 2293 582 2369 Περὶ
620 2290 803 2366 μέντοι
832 2295 930 2346 τοῦ
965 2291 1083 2365 βίοο
1114 2289 1285 2345 ἐκεῖνο
1319 2290 1482 2366 λέγω.
1516 2291 1636 2346 Ἐάν
1685 2312 1742 2346 τε
1786 2291 1889 2368 γάρ

261 2384 362 2454 βίαν
413 2383 669 2454 ζητήσῃς
737 2380 994 2435 πάντοθεν
1058 2379 1576 2454 συγκεκρετημένον,
1628 2380 1728 2434 οὐκ
1786 2381 1890 2434 ἀπὸ

266 2472 460 2545 μέρους,
524 2467 661 2525 ἀλλ’
718 2467 768 2538 ἐξ
833 2466 1150 2543 ὁλοκλήρου
1220 2467 1309 2522 καὶ
1367 2472 1466 2522 τοῦ
1524 2470 1744 2538 παντὸς,
1801 2470 1888 2524 καὶ

266 2560 623 2632 θαυμασθέντα
672 2558 768 2632 μὲν
818 2557 906 2630 ὑφ’
954 2558 1232 2626 ἁπάντων,
1278 2556 1651 2629 θαυμασθέντα
1700 2555 1744 2610 δ’
1796 2556 1896 2611 οὐ-

263 2645 333 2703 δὲν
357 2648 603 2721 μᾶλλον,
636 2644 784 2701 αλλὰ
818 2646 987 2718 μόνον
1009 2649 1117 2699 τῶν
1150 2646 1365 2700 πάντων
1399 2647 1523 2720 περὶ
1563 2645 1691 2711 τοὺς
1740 2644 1894 2700 ἐπαί-

258 2759 360 2800 voe;
408 2735 767 2812 ἠτυχηκότα,
818 2734 907 2790 ἐάν
964 2755 1023 2789 τε
1088 2733 1255 2809 ἄκραν
1332 2733 1596 2811 εὐγὲνείαν
1671 2736 1898 2811 γνώμης

250 2829 354 2900 μετ’
413 2824 743 2891 ἰπιεικείας,
790 2823 880 2879 καὶ
959 2823 1149 2901 φρένας
1230 2825 1542 2900 ὑπερφυεῖς,
1594 2824 1683 2878 καὶ
1742 2823 1901 2896 λῆμα

245 2915 459 2990 diu;le
521 2914 612 2969 καὶ
669 2915 926 2975 καθεστὸς
988 2912 1077 2968 καὶ
1138 2918 1405 2989 γενναῖον,
1466 2913 1555 2967 καὶ
1613 2913 1743 2968 ὅλον
1801 2918 1901 2968 τοῦ

243 3007 592 3079 Πνεύματος,
624 2997 704 3058 ἔτι
759 3024 817 3057 τε
873 3001 1113 3077 τρόπους
1172 3003 1312 3057 πάνυ
1367 3024 1452 3057 τοι
1510 3002 1768 3065 πιθανοὺς
1813 3003 1903 3057 καὶ

232 3100 356 3155 τοῖς
411 3097 548 3146 πᾶσι
600 3090 1053 3168 κεχαρισμένους,
1099 3091 1191 3145 καὶ
1258 3090 1506 3167 ἀγωγοὺς
1560 3088 1779 3165 μάλιστ’
1822 3090 1904 3146 ἐν·

2069 2292 2186 2349 CX.
2222 2292 2300 2346 De
2338 2291 2461 2347 vita
2506 2292 2686 2346 nostri
2718 2309 2852 2348 vero
2885 2292 3028 2349 illud
3065 2294 3247 2350 habeo
3278 2293 3490 2352 dicere.
3530 2296 3661 2352 Sive

2003 2381 2155 2438 enim
2191 2380 2386 2449 vitam,
2421 2380 2705 2452 undique,
2738 2397 2851 2437 non
2885 2399 2951 2438 ex
2985 2388 3167 2454 parte,
3200 2384 3296 2438 sed
3331 2400 3399 2439 ex
3430 2389 3571 2451 toto,
3604 2392 3665 2444 et

2002 2473 2064 2528 in
2112 2470 2390 2537 solidum,
2433 2472 2779 2527 instructam
2829 2487 2898 2528 ac
2944 2471 3383 2543 cousolidatam,
3418 2476 3657 2546 quieris,

2004 2575 2250 2631 eamque
2281 2576 2633 2633 magnopere
2662 2561 2900 2632 quidem
2950 2561 3414 2617 concelebratam
3468 2563 3659 2618 omni-

2007 2649 2135 2716 bus,
2169 2666 2353 2721 neque
2383 2666 2449 2705 eo
2482 2650 2669 2721 magis
2699 2655 2887 2706 tamen
2915 2650 3287 2719 celebratam,
3309 2666 3511 2708 verum
3545 2650 3653 2707 hac

2010 2756 2129 2795 una
2186 2741 2469 2794 duntaxat
2527 2740 2588 2795 in
2650 2755 2729 2807 re,
2791 2755 2999 2811 nempe
3064 2740 3421 2809 laudatione,
3462 2742 3659 2797 minus

2011 2830 2387 2885 fortunatam.
2436 2829 2560 2883 Sive
2609 2828 2659 2885 si
2710 2844 3011 2885 summam
3060 2831 3240 2885 animi
3275 2829 3659 2899 nobilitatem,

2013 2919 2442 2989 siquanimitate
2488 2920 2884 2990 oonjunctam,
2916 2922 2972 2976 et
3002 2920 3245 2991 spiritus
3289 2919 3573 2989 heroicos,
3606 2926 3664 2977 et

2016 3008 2194 3062 robur
2224 3007 2403 3064 animi
2435 3006 2750 3077 excelsum,
2782 3012 2839 3064 et
2870 3014 3168 3075 constans,
3200 3014 3258 3065 et
3288 3024 3661 3081 generosum,

2017 3101 2073 3152 et
2102 3100 2288 3152 totum
2322 3099 2502 3151 sancti
2536 3097 2810 3168 Spiritus,
2844 3097 3054 3168 qumris
3082 3114 3095 3165 ;
3129 3098 3327 3154 adhaec
3359 3098 3498 3154 item
3532 3115 3664 3154 mo-

236 3184 470 3253 τεῦξεις,
526 3181 618 3236 καὶ
667 3159 1029 3255 ’άναχῶρησιν
1086 3159 1317 3236 ἐκεῖθεν,
1348 3159 1409 3235 ad
1466 3159 1712 3258 φορητήν
1741 3202 1754 3214 ·
1813 3181 1901 3236 καὶ

2018 3201 2112 3242 res
2154 3187 2224 3241 ad
2258 3186 2726 3256 persuadendum
2767 3187 3430 3256 accommodatissimas,
3463 3188 3662 3244 omni-

234 3270 394 3332 ὅλως
446 3271 509 3325 τὸ
556 3269 764 3330 πάντας
813 3270 1151 3344 ἀνθρώπους,
1184 3269 1228 3324 εἰ
1262 3267 1343 3324 δεῖ
1388 3272 1673 3342 συντόμως
1708 3269 1907 3338 εἰπεῖν,

236 3362 295 3418 ἐν
356 3365 440 3431 τῷ
490 3361 837 3435 παραχρῆμα
890 3366 992 3428 τῆς
1050 3359 1191 3427 θέας,
1245 3359 1323 3421 εἷς
1388 3356 1649 3429 ἔκπληξιν
1704 3360 1908 3431 θαυμα-

236 3452 382 3520 στὴν
413 3448 468 3518 ἐξ
498 3448 741 3523 ἀνάγκης
772 3444 898 3521 ἄγον
949 3448 1040 3503 καὶ
1091 3447 1339 3524 φίλτρον,
1369 3450 1497 3523 παρ’
1560 3445 1738 3505 οὐδενὶ
1796 3453 1905 3504 τῶν

237 3540 473 3595 ¹πάντων
526 3534 581 3592 ’ἐν
630 3557 690 3610 γε
736 3536 824 3591 καὶ
876 3538 1060 3592 eum
1108 3537 1316 3592 τούτων
1371 3537 1448 3599 εἰς
1504 3536 1711 3611 ἄκρον·
1761 3539 1905 3613 παρὰ

239 3627 293 3683 δ’
359 3626 511 3697 αὖτῷ
565 3626 745 3697 τούτῳ
823 3626 912 3680 καὶ
990 3629 1271 3699 ξύμπαντα
1332 3630 1520 3694 ταῦτα,
1578 3628 1665 3682 καὶ
1723 3633 1908 3697 μεῖζον

239 3722 349 3794 [an
404 3715 577 3792 μείζω
596 3718 646 3789 ?]
699 3713 1014 3789 ὑπερϐολῆς
1074 3715 1284 3787 ἁπάσης
1352 3715 1595 3778 κατεῖδες
1643 3716 1703 3772 ἃν
1755 3717 1907 3772 ἐντυ-

238 3829 377 3884 χων
386 3850 398 3862 .

2017 3276 2246 3347 busque
2267 3276 2729 3347 acceptissimos,
2745 3283 2798 3330 et
2819 3291 3166 3348 congressus
3179 3277 3439 3348 apprime
3459 3294 3666 3334 suaves

2015 3370 2072 3420 et
2088 3363 2496 3436 sspectabiles,
2516 3368 2572 3419 et
2588 3380 2879 3420 recessum
2899 3365 2971 3419 ab
3002 3365 3238 3420 homins
3268 3367 3661 3438 aegerrimum,

2015 3457 2190 3525 atque
2218 3454 2287 3509 ad
2330 3469 2648 3522 summum,
2679 3452 2824 3509 illud
2860 3453 3054 3510 nescio
3084 3454 3249 3526 quid,
3276 3456 3427 3528 quod
3460 3471 3666 3512 omnes

2015 3541 2305 3605 homines.
2340 3547 2405 3597 ut
2446 3558 2562 3599 uno
2593 3558 2714 3598 rem
2764 3542 2937 3599 verbo
2973 3543 3346 3615 complectar,
3390 3544 3665 3617 Gregorio

2017 3632 2285 3704 protinus
2323 3634 2653 3701 conspecto,
2698 3630 2759 3685 in
2804 3631 3119 3688 miriﬁcum
3168 3638 3471 3704 stuporem
3503 3649 3665 3688 amo-

2020 3735 2274 3791 remque,
2308 3721 2633 3775 uecessario
2664 3720 2984 3776 deducebat
3017 3737 3030 3775 :
3063 3719 3276 3776 horum
3309 3737 3494 3777 unum
3523 3738 3669 3778 sane

2020 3809 2338 3883 quoddam,
2369 3814 2427 3864 et
2457 3808 2511 3865 id
2543 3810 2956 3882 quodcunque,
2980 3826 3155 3880 penes
3186 3811 3481 3867 nemiuem
3515 3828 3666 3868 mor-

240 3898 489 3965 talium,
554 3895 842 3952 altissimo
894 3896 954 3951 in
1012 3898 1221 3970 gradu,
1282 3915 1457 3970 penes
1522 3898 1676 3954 hunc
1735 3899 1931 3971 ipsum
1986 3916 2140 3966 vero,
2211 3902 2267 3955 et
2322 3900 2597 3955 universa
2656 3900 2798 3969 hoc,
2858 3904 2915 3956 et
2972 3916 3144 3972 supra
3192 3917 3428 3957 omnem
3486 3900 3670 3973 posita

241 4000 592 4047 excessum,
628 4000 761 4039 mox
790 4000 924 4040 cum
956 3985 1056 4042 illo
1087 4002 1456 4057 congressus,
1486 3988 1896 4059 perspexisses.

330 4076 490 4130 PlA"
521 4071 612 4133 Τίς
649 4072 745 4145 μὶν
771 4070 866 4127 οὖν
899 4072 1047 4128 οὕτω
1083 4074 1218 4147 μετὰ
1241 4080 1343 4143 τῆς
1393 4074 1552 4145 ὕλης,
1586 4076 1662 4136 ὡς
1712 4075 1771 4129 ἂν
1831 4097 1911 4137 τις

248 4163 534 4235 ἆνώτερος
585 4160 748 4231 ὕλης,
794 4162 1032 4237 ὑπερῆρε
1088 4169 1189 4231 τῆς
1233 4162 1394 4231 ὅλης,
1448 4163 1565 4237 ὅλῳ
1608 4166 1693 4219 καὶ
1754 4165 1915 4219 παντὶ

246 4261 342 4328 τῷ
389 4259 471 4327 νῷ
515 4260 633 4317 τοῖς
678 4261 895 4325 νοητοῖς
928 4256 1002 4316 ὡς
1041 4255 1324 4328 αἰσθητοῖς
1374 4256 1684 4335 ἐντρυφῶν;
1717 4258 1808 4319 Τίς
1859 4254 1915 4312 δὶ

248 4351 381 4406 τοῖς
416 4347 655 4417 παροῦσι
700 4345 790 4397 καὶ
848 4346 1039 4416 μηκέτ’
1086 4343 1362 4419 ἐσομένοις
1413 4347 1626 4425 χαίρειν
1675 4348 1913 4420 καθάπαξ

251 4435 458 4503 εἰπὼν,
498 4432 687 4488 ἔπειτα
720 4438 840 4495 τοῖς
891 4434 1141 4505 ἀποῦσιν,
1189 4435 1265 4498 ὡς
1308 4433 1416 4506 ἤδη
1466 4440 1698 4511 παροῦσι
1746 4456 1916 4510 προσ-

2096 4079 2242 4135 CXI.
2277 4079 2419 4146 Quis
2469 4083 2559 4135 est
2602 4079 2802 4152 igitur,
2853 4080 2951 4152 qui
3005 4079 3241 4152 pariter,
3290 4081 3428 4136 dum
3487 4080 3673 4137 adhuc

2025 4184 2160 4223 cum
2212 4168 2450 4224 materie
2489 4172 2703 4240 ageret,
2734 4184 2910 4239 supra
2943 4169 3234 4224 materiem
3266 4172 3501 4225 evectus
3530 4176 3674 4240 erat,

2025 4257 2183 4313 velut
2213 4257 2505 4329 quispiam
2530 4258 2789 4313 materiei
2821 4259 3111 4314 consortio
3143 4258 3425 4313 excelsior
3451 4275 3462 4311 :
3496 4258 3680 4312 nimi-

2028 4365 2157 4403 rum
2190 4353 2306 4403 toto
2340 4353 2399 4404 et
2426 4349 2586 4404 omni
2620 4348 2814 4405 animo
2865 4347 3293 4420 spiritualibus,
3323 4347 3472 4403 haud
3510 4346 3678 4403 aliter

2028 4452 2203 4508 quam
2223 4435 2296 4491 iis
2311 4453 2437 4509 qua;
2460 4436 2570 4491 sub
2595 4452 2804 4492 sensus
2818 4439 3053 4507 cadunt,
3070 4436 3322 4492 suaviter
3337 4435 3639 4508 perfruens
3653 4434 3682 4489 ?

257 4524 387 4597 εἶχε
415 4541 430 4590 ;
461 4521 551 4582 Τίς
599 4522 628 4575 ὁ
677 4525 895 4576 τοιοῦτο
940 4522 1036 4595 μὲν
1087 4523 1364 4595 ὁμιλήσας
1411 4530 1528 4586 τοῖς
1582 4526 1751 4594 κάτω,
1796 4525 1901 4580 ὅσοι

2030 4527 2169 4592 Quis
2218 4542 2350 4582 vero
2392 4526 2531 4581 item
2578 4526 2985 4597 praesulibus,
3028 4542 3134 4581 nec
3176 4526 3347 4596 paulo
3395 4533 3518 4595 post
3548 4540 3681 4578 am-

258 4612 397 4668 αὖτὸ
467 4611 618 4664 τοῦτ’
678 4607 1013 4687 ἐνδεδεῖχθαι
1083 4612 1458 4687 περικείμενος
1516 4619 1696 4686 σῶμα,
1756 4612 1808 4668 ἐν
1862 4611 1920 4668 8‘s

262 4705 336 4775 τῇ
365 4700 506 4754 κατὰ
543 4703 671 4754 νοῦν
722 4699 977 4773 ἐνεργείᾳ,
1005 4700 1069 4755 τὸ
1116 4706 1221 4755 πᾶν
1266 4701 1564 4774 ἀπονείμας
1611 4708 1726 4765 τοῖς
1775 4702 1919 4772 ἄνως

262 4790 418 4851 Τίςὸ
451 4788 543 4843 τὸν
600 4783 704 4857 ἔξω
761 4786 953 4851 τὲλους
1013 4791 1339 4864 θησαυρίσας
1400 4791 1590 4863 αἰῶνα,
1628 4789 1918 4866 ἐπειδήπερ

264 4878 358 4933 καὶ
392 4878 502 4952 πρὸ
535 4880 633 4932 τοῦ
664 4874 881 4946 τέλους,
915 4878 1233 4935 ἐκλείποντα
1262 4880 1353 4934 τὸν
1385 4884 1475 4933 νῦν
1516 4885 1709 4935 τοῦτον
1740 4881 1918 4953 ὲώρα;

266 4968 383 5023 Τίνι
441 4964 657 5039 μᾶλλον
710 4966 953 5028 πλοῦτος
1006 4974 1318 5041 παρῶπται,
1349 4970 1408 5023 ’ὀν
1460 4970 1489 5023 ὁ
1520 4969 1688 5023 τεκὼν
1723 4970 1921 5043 χρόνος

268 5058 476 5126 ἀνεῖλε,
522 5059 690 5131 μόνος
741 5056 787 5113 δ’
835 5059 1035 5121 ἐκεῖνος
1082 5059 1231 5132 αὐτῷ
1266 5065 1362 5115 τοῦ
1419 5061 1616 5123 παντός
1673 5061 1922 5136 ἐτιμᾶτο,

270 5148 335 5203 οὗ
364 5174 395 5200 ς(
437 5150 512 5219 μή
546 5168 680 5203 ποτε
707 5148 771 5203 τὸ
800 5147 959 5209 κλέος
995 5148 1237 5218 ὀλεῖται;
1273 5175 1298 5201 n
1324 5149 1413 5213 Τίς
1443 5145 1677 5206 ἀϐίωτον
1710 5150 1926 5224 ἐνόμισε

271 5238 393 5299 βίον
439 5237 502 5291 τὸ
554 5238 714 5313 βιοῦν
751 5239 888 5293 κατὰ
940 5238 1162 5312 σάρκας,
1193 5240 1281 5295 καὶ
1336 5242 1411 5312 μὴ
1468 5241 1619 5315 βιοῦν
1651 5242 1726 5303 ὡς
1759 5241 1927 5297 εἰπεῖν

267 5324 375 5395 ἔξω
428 5326 591 5398 βίου·
643 5323 784 5398 μηδὲ
835 5327 954 5401 βίον
1007 5327 1203 5399 τῳόντι
1267 5332 1458 5384 τοῦτον
1536 5330 1752 5403 ἄριστον
1805 5330 1926 5405 κρί-

266 5437 410 5481 νειν,
470 5416 532 5471 τὸ
588 5417 839 5487 θνήσκειν
898 5415 957 5473 δὲ
1015 5419 1106 5475 καὶ
1180 5420 1427 5475 τεθνᾶναι
1506 5420 1735 5494 μελετᾷν
1807 5420 1926 5475 ὅσαι

273 5506 421 5580 ὧραι
445 5522 458 5573 ;

352 5689 401 5725 ⁸³
436 5689 611 5746 Hebr.
648 5708 749 5759 ιιι,
784 5692 834 5745 Ιι.

608 5791 872 5851 Panos.
920 5793 1032 5852 Ga.
1078 5790 1302 5855 CXLV.

2031 4615 2207 4685 plius,
2228 4615 2461 4683 futuris,
2489 4630 2582 4670 res
2601 4615 2711 4670 sibi
2739 4632 2877 4670 suas
2900 4615 3053 4670 bona
3074 4614 3188 4670 fide
3212 4613 3423 4669 habere
3444 4612 3635 4684 jussis
3661 4628 3674 4666 :

2030 4710 2226 4777 postea
2256 4705 2619 4771 absentibus,
2645 4704 2803 4760 velut
2825 4705 2948 4775 jam
2977 4703 3379 4775 praesentibus,
3413 4702 3677 4756 animum

2030 4811 2201 4849 suum
2225 4792 2543 4866 applicuit?
2564 4795 2705 4860 Quis
2728 4793 2844 4859 ille,
2869 4795 2968 4865 qui
2997 4794 3273 4849 hactenus
3296 4791 3579 4846 duntaxat
3599 4789 3687 4844 in-

2032 4883 2340 4939 ferioribus
2359 4882 2515 4938 hisce
2548 4898 2671 4938 sese
2695 4884 2877 4951 daret,
2903 4891 3192 4954 quatenus
3215 4882 3267 4935 id
3292 4880 3484 4951 ipsum
3514 4879 3685 4933 modo

2034 4973 2374 5037 adstrueret,
2413 4972 2567 5043 quod
2600 4987 2836 5043 corpore
2870 4972 3111 5026 vestitus
3142 4974 3334 5025 esset:
3369 4984 3566 5024 verum
3597 4983 3684 5023 se-

2036 5066 2192 5116 creta
2224 5063 2434 5116 mentis
2465 5061 2784 5131 agitatione
2828 5060 3028 5116 omnia
3071 5058 3299 5129 superis
3330 5074 3394 5111 ac
3434 5056 3685 5111 scelesti-

2037 5152 2147 5205 bus
2179 5148 2569 5205 attribueret?
2601 5150 2742 5216 Quis
2777 5148 3224 5204 interminatum
3263 5146 3403 5200 illud
3439 5163 3470 5199 a
3503 5149 3688 5200 morte

2039 5256 2245 5306 savum,
2278 5239 2534 5295 thesauri
2567 5241 2622 5294 in
2658 5240 2893 5294 modum
2929 5237 3040 5292 sibi
3092 5235 3459 5305 recondebat,
3506 5235 3687 5305 siqui-

2038 5333 2163 5385 dem
2191 5345 2443 5400 prmsens
2467 5329 2802 5394 hocasvum,
2833 5326 3007 5382 etiam
3034 5330 3343 5396 antequam
3378 5325 3690 5379 terminum

2039 5436 2212 5476 suum
2246 5419 2515 5490 attingat,
2536 5418 2776 5474 deﬁcere
2796 5415 3105 5471 cerneret?
3141 5415 3243 5471 Cui
3271 5420 3479 5486 spretae
3503 5413 3691 5484 magis

2041 5525 2179 5581 opes
2211 5508 2391 5574 fuere,
2426 5524 2570 5578 quas
2598 5507 2745 5563 idem
2776 5505 2928 5577 quod
2961 5504 3181 5576 peperit
3212 5508 3445 5576 tempus
3474 5518 3692 5558 consu-

3299 5787 3369 5844 11
