4092 6300
495 369 610 434 331

1804 374 2206 441 THEODULI
2251 376 2603 439 MONACHI

3786 378 3903 446 382

496 523 661 565 mere
682 508 863 567 solet:
888 514 946 566 et
969 508 1063 569 cui
1093 506 1229 567 solae
1254 506 1368 563 illa:
1419 506 1676 565 maximo
1717 508 1776 564 in
1828 509 2015 580 pretio
2061 508 2297 578 habito,
2326 525 2576 582 quarum
2609 531 2638 559 «
2670 509 2832 567 nullo
2860 510 3040 569 decus
3083 515 3169 567 est
3213 510 3458 569 delebile
3487 511 3657 569 saele
3686 511 3847 584 (16)?
3876 532 3903 566 ι

493 598 636 664 Quis
679 598 853 655 vitam
902 598 1143 655 minime
1189 596 1424 653 vitalem
1469 596 1584 653 sibi
1633 613 1762 655 esse
1806 599 1975 655 duxit
2018 599 2344 660 secundum
2392 615 2627 657 carnem
2680 599 2887 666 vivere,
2940 607 2997 658 et
3044 617 3161 658 non
3210 604 3435 669 contra,
3464 606 3531 659 ut
3578 602 3665 658 sic
3694 601 3904 667 dicam,

493 692 659 746 extra
707 689 854 745 hanc
901 689 1078 747 vitam
1127 687 1340 753 vivere,
1386 702 1633 759 eamque
1688 703 1887 744 revera
1930 689 2434 762 vitam’optimarn
2482 706 2745 761 censere,
2793 690 2942 749 mori
3003 690 3248 760 scilicet,
3299 696 3658 763 mortemque
3702 692 3761 747 in
3800 691 3906 748 ho-

492 793 588 835 ras
619 779 888 834 meditari
916 777 945 833 τ

562 867 725 926 CXII.
773 869 918 934 Quis
961 868 1382 940 jusjurandum
1432 871 1557 924 tum
1611 866 1773 937 dare,
1829 871 1956 925 tum
1999 867 2130 925 sccl

2340 869 2480 926 PIB'.
2527 867 2615 930 Τίς
2662 869 2824 943 ὅρκον
2878 866 3022 923 οὕτω
3064 865 3272 925 διδόναι
3338 890 3398 925 τι
3453 870 3544 925 καὶ
3609 865 3907 943 λαμϐάνειν

492 974 652 1034 pere,
691 958 932 1032 perinde
978 958 1165 1015 vetuit
1222 957 1490 1025 omnino,
1540 973 1607 1015 eo
1658 957 1817 1029 quod
1873 958 2153 1030 utrinque

491 1047 792 1105 reddenda
835 1047 1031 1105 veniat
1075 1047 1226 1104 ratio
1251 1046 1281 1103 ‘2
1309 1047 1449 1113 Quis
1491 1046 1574 1103 ita
1604 1054 1860 1104 remotus
1890 1046 1962 1104 ab
1992 1048 2150 1103 omni

488 1137 791 1196 mundana
818 1137 1005 1212 gloria
1033 1153 1291 1209 unquam
1322 1137 1454 1205 fuit,
1487 1141 1552 1193 ut
1579 1139 1799 1193 donum
1831 1138 2009 1194 etiam
2041 1154 2148 1209 pa-

490 1228 829 1286 trandorum
860 1228 1282 1285 miraculorum
1321 1226 1607 1285 divinitus
1642 1227 1898 1299 recipere
1928 1226 2105 1283 nollet
2131 1244 2145 1281 :

388 1328 391 1329 '
488 1317 645 1390 quod
677 1317 955 1373 nimirum
979 1317 1245 1374 videntes
1267 1316 1402 1372 inde
1423 1315 1483 1372 in
1515 1314 1717 1372 laudes
1747 1316 2034 1385 patrantis
2058 1317 2148 1372 Iu-

486 1424 618 1465 rore
672 1408 926 1479 quodam
984 1407 1232 1465 ruunt?
1290 1406 1430 1472 Quis
1477 1406 1841 1463 iracundiam
1902 1406 2149 1478 ejusque

484 1496 742 1569 impetus
790 1496 1135 1570 simpliciter
1180 1496 1240 1552 in
1290 1502 1573 1568 potestate
1617 1494 1845 1563 habuit,
1878 1495 2147 1566 concupi-

485 1584 724 1643 scentia
781 1602 916 1644 vero
973 1587 1205 1660 Optime
1285 1588 1517 1658 Deoque
1586 1588 1835 1656 acceptas
1910 1599 2144 1642 omnem

484 1692 727 1749 prorsus
746 1676 1029 1732 rationem
1051 1675 1237 1743 duxit,
1263 1680 1326 1731 at
1350 1672 1760 1747 perditissimo
1784 1673 1946 1730 illius
1975 1673 2145 1744 plane

486 1763 751 1821 nullam?
800 1765 942 1830 Quis
999 1765 1150 1821 risus
1208 1764 1349 1821 item
1404 1770 1459 1821 et
1512 1763 1799 1833 maeroris,
1859 1767 2142 1834 quantum

480 1869 713 1927 equum
763 1858 910 1925 erat,
958 1856 1282 1926 assumpto,
1332 1869 1402 1910 eo
1449 1854 1602 1924 quod
1640 1852 1928 1925 quidquid
1959 1850 2054 1909 his
2080 1852 2141 1910 in

481 1945 598 2001 oris
626 1946 734 2012 est,
764 1943 823 2000 id
855 1946 1096 2001 omnino
1119 1943 1333 2016 partim
1367 1942 1663 2015 lacrymis,
1686 1955 1793 1998 nec
1824 1942 2140 2010 immerito,

481 2031 694 2104 partim
724 2033 938 2097 derisu,
974 2030 1288 2103 plusquam
1331 2029 1589 2087 celebres
1635 2028 1723 2086 illi
1752 2034 1976 2087 veteres
2004 2029 2142 2102 phi—

478 2120 704 2193 losophi
725 2120 967 2193 dignum
1011 2122 1304 2178 haberet:
1335 2120 1492 2194 quod
1522 2120 1761 2177 noxium
1792 2119 2026 2191 utrique
2051 2119 2140 2175 af-

480 2211 655 2267 tectui
707 2211 928 2280 aderat,
978 2226 1046 2268 eo
1097 2211 1180 2266 ita
1237 2224 1656 2283 usquequaque
1694 2209 2040 2278 abstinebat,
2072 2215 2138 2265 ut

484 2316 674 2374 neque
726 2316 985 2373 unquam
1034 2302 1107 2357 ad
1150 2299 1490 2359 solutiorem
1534 2301 1721 2356 risum
1762 2299 2005 2367 veniret,
2036 2316 2139 2355 ne-

487 2405 598 2462 que
627 2387 901 2447 humanis
930 2395 985 2447 et
1020 2390 1356 2457 ﬂuentibus,
1388 2398 1442 2445 et
1481 2405 1608 2460 qua
1639 2388 1785 2444 nihil
1816 2404 2014 2444 revera
2042 2404 2141 2447 ee-

479 2484 608 2537 sent
653 2479 1012 2552 illacrymari
1053 2496 1241 2552 operte
1285 2479 1536 2551 pretium
1583 2479 1843 2545 duceret,
1875 2479 1972 2535 sed
2025 2495 2141 2535 uno

476 2572 538 2626 et
563 2575 846 2641 perpetuo
879 2570 1035 2624 luctu
1081 2575 1394 2636 teneretur,
1428 2583 1638 2640 nempe
1684 2568 1894 2625 divinae
1940 2583 2142 2624 conso.

472 2658 718 2715 'lationis
749 2658 1018 2731 parat-io?
1038 2658 1256 2714 Sensus
1285 2673 1415 2715 vero
1439 2674 1579 2713 suos
1608 2657 1738 2727 quis
1761 2672 1925 2728 teque
1946 2657 2144 2714 mode-

480 2747 739 2811 rabatur,
772 2752 839 2804 ut
866 2749 938 2803 ad
969 2747 1425 2803 decentissiman
1466 2746 1723 2803 indolem
1757 2745 2142 2817 habitumque

2171 2254 2218 2323 ’Β
2234 2294 2235 2297 η

2244 956 2459 1012 ἀπεῖπε
2514 958 2777 1028 καθάπαξ,
2837 957 2912 1020 ὡς
2968 958 3294 1032 ἑκατέρωθεν
3364 959 3689 1030 ἀπαντώσης
3746 959 3907 1014 εὐθύ-

2254 1066 2398 1117 νης,
2447 1049 2538 1110 Τίς
2597 1047 2807 1119 ἀπάσης
2855 1056 3130 1123 κοσμικῆς
3172 1047 3420 1122 εὐδοξίας
3462 1054 3718 1106 τοσοῦτον
3768 1049 3907 1106 ἀπέ-

2259 1157 2382 1208 στη,
2434 1138 2510 1199 ὡς
2553 1136 2694 1209 μηδὲ
2742 1138 3030 1210 θαυμάτων
3080 1139 3244 1214 χάριν
3283 1137 3543 1208 ἱθελῆσαι
3590 1138 3766 1195 θεόθεν
3810 1137 3905 1194 δε-

2260 1224 2473 1300 δόχθαι,
2515 1224 2606 1281 διὰ
2644 1227 2706 1281 τὸ
2748 1226 2875 1289 τοὺς
2926 1228 3170 1302 ὁρῶντας
3206 1229 3345 1302 πρὸς
3393 1224 3608 1283 ἔπαινον
3659 1227 3898 1284 ἐντεῦθεν

2256 1313 2638 1387 ἑκμαίνεσθαι;
2697 1315 2787 1377 Τίς
2839 1315 3103 1391 ἐκράτησε
3162 1317 3258 1388 μὶν
3320 1315 3543 1371 είσάπαν
3594 1317 3773 1389 θυμοῦ
3811 1316 3903 1371 καὶ

2254 1408 2363 1461 τῶν
2402 1410 2499 1459 τοῦ
2560 1407 2735 1478 θυμοῦ
2801 1407 3141 1478 κινημάτων,
3193 1404 3486 1479 ἐπιθυμίας
3543 1402 3603 1460 δὲ
3654 1412 3753 1475 τῆς
3808 1407 3902 1478 μὶν

2253 1494 2479 1569 ἀρίστης
2538 1493 2627 1548 καὶ
2684 1493 2970 1572 θεοφιλοῦς
3014 1494 3178 1568 λόγον
3227 1494 3524 1565 ἐποιήσατο
3567 1495 3761 1564 πάντα,
3791 1503 3898 1564 τῆς

2257 1581 2315 1638 δὲ
2338 1582 2546 1637 κάκιστ’
2576 1579 2964 1654 ἀπολουμένης
2993 1580 3106 1638 οὐδ’
3138 1584 3379 1640 ὁντινοῦν
3404 1604 3417 1653 ;
3439 1582 3530 1645 Τίς
3563 1581 3622 1639 δὲ
3651 1580 3899 1658 γέλωτος

2253 1672 2347 1726 καὶ
2392 1670 2618 1735 πένθους
2667 1672 2792 1727 ὅσον
2842 1678 3085 1746 προσῆκε
3115 1668 3326 1742 λαϐὼν,
3357 1676 3437 1745 τῷ
3464 1674 3641 1728 πάντα
3669 1676 3733 1727 τα
3765 1669 3898 1745 τῇδε

2253 1761 2516 1831 καθάπαξ,
2571 1760 2639 1816 τὰ
2698 1763 2792 1835 μὲν
2851 1760 3075 1823 εἰκότως
3144 1759 3418 1837 δακρύων,
3471 1761 3539 1816 τὰ
3594 1758 3670 1831 δὲ,
3729 1782 3897 1817 κατα-

2250 1848 2493 1925 γέλωτος
2540 1850 2724 1920 ἆξιοῦν
2796 1851 2930 1925 ὑπὲρ
3005 1852 3131 1913 τοὺς
3208 1849 3377 1906 πάλαι
3450 1851 3897 1928 φιλοσοφοῦντας

2248 1938 2502 2007 ἐκείνους,
2536 1940 2564 1994 ὃ
2612 1935 2882 2014 βλαϐερὸν
2940 1939 3174 2014 ἑκατέρῳ
3231 1947 3465 2011 προσῆν,
3498 1940 3641 1995 οὕτω
3694 1939 3895 1995 τούτου

2248 2030 2493 2098 καθάπαξ
2536 2029 2831 2104 ἀπέσχετο,
2863 2030 2937 2091 ὡς
2990 2030 3130 2102 μήτε
3172 2029 3308 2105 πρὸς
3357 2029 3572 2107 γέλωτα
3610 2021 3895 2104 προῆχθαί

2249 2138 2400 2186 ποτε,
2463 2120 2597 2191 μήθ’
2628 2119 2760 2193 ὑπὲρ
2821 2119 3175 2194 ἀνθρωπίνων
3231 2140 3290 2174 τε
3347 2140 3438 2175 και
3496 2120 3750 2193 ῥεόντων,
3803 2121 3895 2175 καὶ

2253 2202 2423 2277 μηδὲν
2481 2202 2671 2272 ὄντων,
2730 2205 2927 2278 τῳόντι
2982 2205 3191 2262 κλαίειν
3249 2201 3485 2277 ἑλέσθαι,
3542 2206 3691 2262 ἀλλά
3739 2209 3896 2279 μόνῳ

2246 2294 2337 2348 καὶ
2386 2291 2624 2363 διηνεκεῖ
2671 2293 2849 2350 πένθει
2895 2297 3220 2370 κεχρῆσθαι,
3250 2299 3330 2367 τῷ
3386 2297 3488 2365 τήν
3538 2296 3681 2351 θείαν
3738 2317 3897 2368 μνω-

2252 2385 2397 2458 μένῳ
2445 2385 2825 2456 παράκλησιν;
2859 2387 3151 2457 Αἰσθήσεις
3198 2384 3242 2440 δ’
3274 2385 3340 2441 αὖ
3381 2386 3463 2448 τίς
3515 2386 3691 2451 οὕτως
3736 2385 3897 2443 ἔπαι-

2248 2470 2584 2549 δαγώγησεν,
2641 2475 2714 2535 ὡς
2783 2476 2920 2530 πάνυ
2996 2494 3083 2530 τοι
3160 2475 3407 2546 κοσμίως
3490 2476 3896 2551 παρασκευάσαι

2247 2564 2468 2618 ταυτασὶ
2529 2562 2850 2631 διακεῖσθαι,
2906 2565 2997 2618 καὶ
3052 2562 3324 2619 κάλλιστα
3380 2559 3552 2640 ἔχειν,
3607 2564 3703 2619 καὶ
3756 2570 3898 2621 κατὰ

2250 2653 2405 2729 φύσιν
2440 2658 2671 2726 χωρεῖν,
2702 2652 2792 2707 καὶ
2823 2653 2960 2707 εἶναι
2989 2653 3263 2723 τοιαύτας,
3296 2651 3441 2716 οἵαις
3489 2653 3582 2709 τὸν
3630 2654 3738 2728 πρὸ
3790 2662 3895 2724 τῆς

2250 2737 2606 2818 παραϐάσεως
2639 2740 2919 2816 ἄνθρωπον
2949 2739 3052 2797 ἔδει
3084 2744 3384 2817 κεχρῆσθαι
3412 2762 3426 2810 ;

478 2836 955 2908 pulcherrimum‘
984 2852 1383 2908 componerer,
1433 2843 1489 2892 et
1538 2840 1761 2892 natura;
1791 2836 2056 2893 ordinem
2108 2834 2295 2906 sequi,
2327 2832 2589 2906 talesque
2629 2832 2799 2906 plane
2843 2849 2972 2890 esse
3011 2835 3423 2905 assuefaceret,
3454 2833 3731 2905 qualibus
3764 2835 3890 2907 pri-

474 2943 643 2984 mum
673 2927 966 2984 hominem
1000 2931 1135 2983 ante
1166 2927 1393 2998 lapsum
1427 2927 1513 2982 uti
1544 2927 1799 2997 Oportuit
1820 2926 1848 2980 ?

546 3016 739 3074 CXIII.
787 3016 918 3074 Cui.
946 3033 1117 3089 porro
1167 3017 1249 3073 ita
1292 3017 1538 3073 virtutes
1577 3015 1883 3085 universe,
1918 3020 1983 3071 ut
2014 3031 2131 3071 una

473 3105 692 3178 aliqua,
725 3123 877 3163 cura:
907 3108 1219 3178 studioque
1250 3105 1452 3162 fuere?
1482 3106 1604 3161 sive
1632 3105 1850 3177 potius,
1881 3105 2015 3177 quis
2050 3105 2131 3161 ita

473 3195 781 3261 virtutum,
812 3200 938 3252 tum
982 3196 1369 3269 singularum,
1402 3199 1522 3250 tum
1556 3194 1844 3263 omnium,
1875 3194 2127 3251 admira-

474 3284 609 3340 bilis
637 3282 828 3340 cultor
857 3289 1007 3354 erat,
1049 3291 1112 3341 ut
1140 3284 1241 3357 qui
1273 3284 1537 3357 singulas
1575 3299 1837 3356 quasque
1865 3283 2128 3341 excolue-

473 3378 629 3442 raut,
660 3389 729 3429 eo
770 3379 1091 3446 superaret,
1120 3375 1273 3445 quod
1312 3373 1438 3445 ipse
1478 3373 1658 3430 simul
1686 3377 1928 3430 cunctas
1957 3387 2128 3430 exco-

472 3461 677 3520 luisset
709 3479 722 3516 :
761 3479 962 3519 rursus
1009 3463 1110 3535 qui
1140 3462 1468 3528 universas,
1500 3463 1658 3534 quod
1704 3464 1828 3533 ipse
1856 3463 1916 3519 in
1947 3479 2126 3520 cacu-

2312 3016 2452 3070 PII".
2490 3014 2722 3085 ’Δρετῶν
2780 3010 2837 3067 δὲ
2892 3013 2998 3067 τίνι
3057 3017 3243 3068 πασῶν
3273 3011 3563 3087 ἐμέλησεν,
3596 3014 3671 3074 ὡς
3734 3019 3880 3087 μιᾶς,

2245 3101 2456 3176 μᾶλλον
2502 3100 2560 3156 δὲ
2587 3102 2688 3165 -τίς
2736 3101 2910 3164 οὕτως
2949 3101 3121 3157 αὐτῶν
3151 3102 3242 3156 καὶ
3282 3103 3419 3158 κατὰ
3452 3105 3583 3175 μίαν
3627 3106 3716 3158 καὶ
3751 3105 3877 3159 κατὰ

2236 3192 2411 3252 πάσας
2459 3192 2766 3264 θαυμαστὸς
2814 3189 3157 3261 mecastor-31¢
3197 3190 3460 3268 ἐγεγόνει,
3493 3192 3569 3254 ὡς
3624 3196 3734 3248 τῶν
3788 3194 3878 3264 μὶν

2238 3282 2465 3348 ἑκάστην
2529 3282 2709 3336 αὐτῶν
2793 3281 3226 3355 κατορθούντων,
3296 3280 3718 3357 περιγεγονέναι,
3804 3288 3885 3353 τῷ

2236 3373 2408 3432 πάσας
2453 3376 2643 3427 τοῦτον
2704 3372 2868 3444 ὁμοῦ,
2898 3375 3005 3426 τῶν
3039 3367 3086 3426 δ’
3134 3370 3200 3425 αὖ
3256 3372 3492 3435 ἁπάσας,
3548 3375 3628 3443 τῷ
3683 3375 3881 3426 τοῦτον

2236 3461 2311 3522 εἰς
2343 3463 2504 3536 ἄκρον
2531 3488 2545 3528 ς
2576 3460 2668 3522 Τίς
2701 3460 2843 3515 οὕτω
2892 3457 3063 3522 δεινὸς
3110 3460 3177 3516 τὰ
3224 3459 3408 3516 δέοντα
3459 3459 3695 3533 μάλιστα
3745 3460 3882 3516 πάν-

468 3568 605 3609 men
637 3552 847 3609 enixus
875 3552 1076 3609 esset?
1106 3553 1248 3619 Quis
1268 3553 1351 3609 ita
1384 3551 1646 3626 capitalis
1673 3556 1732 3609 et
1761 3551 1966 3620 solere,
1998 3557 2127 3608 tum

2242 3570 2340 3604 των
2388 3549 2619 3604 συνιδεῖν
2666 3571 2723 3604 τε
2769 3549 2861 3603 καὶ
2900 3549 3271 3624 καταπρᾶξαι;
3301 3549 3391 3612 Τίς
3436 3550 3524 3604 καὶ
3578 3549 3746 3604 εἰπεῖν
3783 3551 3879 3604 καὶ

469 3643 860 3714 pervidendis,
909 3645 1038 3698 tum
1092 3642 1482 3713 perficiendis,
1513 3658 1646 3714 qum
1676 3642 1821 3699 facto
1849 3658 2000 3714 opus
2026 3658 2122 3700 ee-

471 3737 624 3799 seut,
670 3748 825 3790 unus
873 3748 991 3804 pra
1040 3732 1171 3789 aliis
1218 3731 1492 3789 omnibus
1536 3732 1706 3789 erat?
1730 3732 1875 3800 Quis
1922 3737 1981 3788 et
2023 3749 2121 3789 ore

466 3821 684 3895 eloqui,
734 3826 793 3880 et
839 3822 1083 3880 auribus
1128 3822 1393 3893 accipere
1439 3822 1711 3895 paratior,
1738 3838 1868 3893 qua:
1908 3838 1976 3878 ex
2007 3838 2117 3878 usu

464 3916 682 3979 essent,
718 3915 778 3967 et
816 3913 1052 3983 quando
1092 3912 1344 3970 maxime
1381 3913 1627 3970 essent?
1668 3913 1807 3978 Quis
1838 3912 1994 3968 fandi
2022 3916 2117 3967 ta-

464 3999 751 4071 cendique
799 4004 1092 4071 tempora,
1135 4005 1435 4072 artemque
1481 3999 1725 4056 tacendo
1765 4000 1939 4055 etiam
1972 4016 2116 4055 non-

463 4103 765 4160 nunquam
791 4104 912 4145 rem
941 4088 1278 4146 felicissime
1309 4089 1567 4161 gerendi,
1591 4089 1807 4145 rectius
1835 4089 2071 4144 tsnebet
2089 4088 2117 4142 ?

464 4177 604 4245 Quis
638 4192 899 4248 unquam
930 4195 996 4235 eo
1037 4180 1193 4251 quod
1239 4177 1385 4235 nihil
1437 4176 1688 4243 haberet,
1738 4181 1946 4234 cuncta
1988 4191 2117 4234 sese

2230 3638 2458 3694 ἀκοῦσαι
2507 3639 2540 3692 ἃ
2589 3635 2689 3708 δεῖ,
2722 3638 2813 3693 καὶ
2861 3637 2951 3692 ὅτε
2992 3636 3230 3711 μάλιστα
3277 3635 3402 3709 δεῖ;
3430 3639 3524 3700 Τίς
3563 3637 3737 3711 λόγου
3782 3638 3879 3693 καὶ

2229 3734 2442 3796 σιωπῆς
2496 3725 2690 3782 εἱδέναι
2747 3726 2992 3800 καιροὺς,
3025 3727 3116 3782 καὶ
3175 3725 3243 3780 δι’
3274 3728 3448 3796 αὐτῆς
3500 3726 3613 3783 ἔσθ’
3641 3726 3729 3782 ὅτε
3783 3747 3881 3781 τα-

2232 3817 2454 3891 μέγιστα
2511 3819 2847 3892 κατορθοῦνς
2889 3818 2978 3878 Τίς
3038 3816 3091 3872 ἐν
3142 3821 3222 3888 τῷ
3272 3816 3440 3890 μηδὲν
3486 3817 3629 3893 ἔχειν
3684 3821 3875 3892 ἡγεῖτο

2227 3908 2313 3962 καὶ
2356 3909 2671 3981 θαυμαστήν
2726 3928 2842 3961 τινα
2898 3908 2987 3961 καὶ
3045 3906 3244 3962 ἄτοπον
3274 3907 3527 3981 εὐπορίαν
3577 3910 3679 3976 τὴν
3722 3909 3881 3962 ἀπο-

2227 3996 2344 4070 ρίαν
2375 3999 2685 4068 κεκτῆσθαι,
2719 3994 2787 4051 δι’
2817 3998 2883 4067 ἧς
2910 3990 3023 4052 ἔστι
3052 3999 3189 4050 πάνυ
3219 4018 3305 4052 τοι
3337 3997 3508 4073 ῥᾷστα
3538 4021 3567 4048 ι(
3612 3998 3712 4067 τὴν
3740 4018 3876 4052 στε-

2222 4087 2322 4154 νὴν
2382 4083 2637 4153 διελθεῖν,
2674 4109 2701 4137 ι)
2732 4085 2823 4141 καὶ
2871 4085 3010 4140 πάνυ
3066 4106 3151 4141 τοι
3208 4087 3427 4162 κούφως
3484 4086 3560 4148 εἰς
3601 4086 3879 4161 οὐρανοὺς

2225 4176 2542 4245 ἀναπτῆναι,
2577 4173 2768 4247 μηδενὶ
2800 4175 3133 4250 βαρούμενον
3169 4193 3182 4231 :
3226 4177 3318 4240 Τίς
3348 4178 3375 4230 ὁ
3406 4176 3566 4237 αὐτὸς
3612 4176 3703 4231 καὶ
3733 4177 3877 4230 πάν-

462 4265 698 4333 habere,
730 4270 789 4322 et
820 4267 1001 4323 mirae
1021 4267 1460 4338 immensasque
1480 4281 1616 4339 opes
1645 4265 1903 4338 inopiam
1922 4266 2113 4337 ipsam

2242 4286 2329 4320 ξων
2375 4262 2427 4318 ἒν
2479 4265 2641 4320 ἅπασι
2691 4262 2976 4340 προῦχων,
3007 4266 3098 4319 καὶ
3143 4265 3345 4328 πάντας
3391 4266 3586 4320 ἑαυτοῦ
3633 4269 3713 4336 τῷ
3763 4286 3876 4337 με-

457 4354 763 4429 possidere
791 4371 918 4411 sese
945 4355 1240 4413 credidit?
1280 4372 1379 4428 per
1408 4372 1584 4427 quam
1641 4355 1898 4426 inopiam
1943 4355 2114 4428 longe

2242 4357 2356 4429 τρίῳ
2385 4364 2483 4427 τῆς
2515 4358 2745 4433 γνώμης
2774 4354 3120 4435 προῦχοντας
3150 4350 3333 4431 ἔχωνς

461 4444 898 4518 expeditissime
936 4467 966 4495 «
999 4449 1310 4518 angustam
1351 4444 1513 4501 illam
1539 4445 1788 4501 transire
1814 4448 2041 4515 portam
2076 4445 2142 4513 ⁸³,
2177 4468 2206 4498 ››
2236 4448 2564 4520 pennisque
2594 4444 2946 4520 prmpetibus
2973 4448 3032 4503 in
3062 4448 3241 4504 oculos
3269 4446 3494 4504 evolare
3525 4450 3731 4519 potest,
3762 4449 3879 4519 qui

461 4552 523 4592 re
568 4534 841 4592 videlicet
887 4535 1051 4591 nulla
1099 4539 1373 4607 gravatus
1422 4539 1532 4591 est.
1565 4533 1705 4602 Quis
1744 4534 1920 4590 simul
1949 4539 2006 4593 et
2047 4537 2334 4608 omnium,
2374 4538 2769 4611 omnibusque
2825 4537 2884 4594 in
2925 4538 3101 4594 rebus
3146 4536 3663 4608 praetentissimus
3712 4537 3876 4595 idem

460 4625 591 4692 fuit,
626 4628 682 4680 et
709 4640 946 4682 summa
977 4633 1168 4680 tamen
1199 4624 1381 4680 animi
1412 4623 1702 4681 modestia
1730 4639 1932 4681 omnes
1963 4625 2156 4697 seipse
2188 4628 2618 4697 praestantiores
2655 4627 2908 4684 habuit?

525 4715 712 4770 CXIV.
765 4714 906 4781 Quis
964 4732 1030 4771 eo
1088 4731 1350 4788 unquam
1404 4720 1757 4787 pervenerat,
1813 4725 1874 4771 ut
1934 4716 2107 4773 Deum

2288 4719 2427 4773 PIA'.
2475 4717 2564 4778 Τίς
2624 4715 2713 4771 ἐπὶ
2787 4720 3047 4770 τοσοῦτον
3106 4714 3318 4794 ἀφῖκτο,
3373 4716 3448 4771 ὡς
3507 4716 3719 4791 ἀγαπᾷν
3772 4719 3880 4773 τὸν

455 4809 676 4861 amaret
704 4804 895 4876 magis
926 4821 1103 4877 quam
1137 4809 1392 4876 paveret,
1416 4805 1693 4861 nimirum
1725 4806 1999 4877 quoniam
2032 4804 2104 4860 le-

451 4909 553 4966 ges
583 4893 772 4965 ipsius
802 4896 1050 4965 perfecte
1099 4892 1396 4950 servaret?
1424 4896 1576 4964 quod
1620 4894 1719 4950 ubi
1770 4895 1956 4961 adest,
2000 4911 2100 4949 su-

451 4998 773 5054 pervacuus
813 4983 1012 5055 utique
1056 5000 1236 5056 pavor
1275 4989 1383 5040 est.
1430 4984 1579 5038 Tum
1625 4984 1719 5040 cui
1767 5003 1793 5036 ε
1840 4988 2002 5041 tanta
2031 4985 2102 5040 ad

453 5076 637 5127 Deum
668 5071 881 5129 ﬁducia
912 5073 1039 5141 fuit,
1072 5079 1137 5128 ut
1163 5072 1266 5145 qui
1296 5087 1404 5127 nec
1434 5089 1466 5128 a
1496 5073 1666 5129 corde
1696 5089 1803 5130 suo
1835 5090 2096 5146 unquam

449 5160 763 5216 damnatus
785 5162 1021 5232 esset“,
1042 5184 1072 5213 ››
1092 5167 1149 5221 et
1172 5178 1345 5234 super
1362 5161 1782 5219 determinatas
1795 5170 2100 5235 praecepto-

2216 4804 2343 4860 Θεὸν
2378 4804 2589 4877 μᾶλλον
2691 4803 2942 4871 δεδίεναι,
2973 4808 3052 4876 τῷ
3098 4804 3226 4867 τοὺς
3256 4804 3423 4860 αὐτοῦ
3452 4806 3656 4877 νόμους
3707 4806 3879 4861 καθά-

2214 4894 2315 4965 παξ
2350 4895 2637 4971 φυλάττειν
2668 4915 2681 4965 ;
2712 4895 2780 4948 οὗ
2811 4896 3104 4967 παρόντος,
3135 4894 3388 4969 περιττὸν
3417 4896 3479 4949 τὸ
3526 4892 3623 4949 τοῦ
3667 4892 3831 4957 δέους
3861 4916 3874 4929 ·

2215 4984 2324 5038 τίνι
2357 4982 2415 5038 δὲ
2446 5010 2473 5036 ‹‹
2505 4984 2738 5055 τοσαύτη
2770 5005 2854 5045 τις
2884 4986 3020 5059 πρὸς
3067 4984 3197 5038 Θεὸν
3250 4982 3550 5059 παῤῥησία,
3584 4980 3709 5039 οὔτε
3760 4986 3874 5054 τήν

2207 5071 2435 5149 καρδίαν
2496 5075 2688 5129 ἑαυτοῦ
2742 5078 3111 5148 καταγνοῦσαν
3163 5072 3428 5149 ἐσχηκότι
3485 5074 3640 5139 ποτὲ,
3684 5097 3713 5124 ››
3768 5076 3872 5130 καὶ

2215 5163 2348 5236 ὑπὲρ
2395 5165 2462 5223 τᾶι
2504 5163 2814 5237 ἐσκαμμένα
2866 5167 2975 5218 τῶν
3036 5161 3269 5218 ἐντολῶν
3323 5163 3649 5238 ὡρμηκότι;
3695 5163 3871 5235 μόνος

450 5264 581 5305 rum
614 5251 798 5306 fossas
828 5253 1252 5323 procurrisset;
1290 5250 1451 5308 solus
1490 5251 1670 5320 enim,
1700 5260 1762 5307 ul
1791 5253 1961 5309 verbo
2007 5255 2099 5310 di-

2242 5252 2327 5327 ἀρ,
2361 5254 2436 5315 ὼς
2496 5252 2688 5323 εἰπεῖν,
2724 5251 3009 5330 διαγίγονε
3062 5252 3198 5326 πρὸς
3238 5250 3301 5307 τὸ
3349 5252 3451 5320 τήν
3497 5252 3686 5321 κοινὴν
3744 5257 3865 5308 τῶν

449 5355 675 5408 camus,
708 5342 765 5395 in
811 5358 877 5398 eo
919 5343 1324 5415 perseveravit,
1372 5345 1439 5398 ut
1468 5358 1843 5400 communem
1875 5348 2100 5401 morta-

2242 5344 2506 5416 νθρώπων
2550 5343 2706 5420 φύσιν
2761 5336 3164 5418 ὑπερϐαλέσθαι
3209 5338 3511 5397 διαπάντων
3559 5345 3664 5395 τῶν
3722 5340 3874 5398 καλ-

512 5523 559 5559 ⁸³
586 5525 786 5581 Matth.
821 5545 919 5595 vn,
955 5528 1041 5595 l3,
1077 5530 1139 5583 14
1173 5548 1185 5596 ;
1222 5530 1355 5585 Luc.
1391 5546 1511 5599 xm,
1542 5530 1632 5583 24.
1665 5529 1709 5564 “
1744 5531 1786 5597 I,
1819 5529 1987 5584 Joan.
2016 5543 2105 5597 ιιι,
2133 5527 2227 5581 21.

510 5708 623 5782 (16)
654 5708 813 5765 Iliad.
850 5709 922 5775 II,
952 5710 1075 5764 325.
