4092 6300
300 395 412 456 333

1304 392 1708 474 LAUDATIO
1750 394 1816 456 S.
1861 387 2232 453 GREGORII
2273 387 2692 451 THEOLOGI.

3577 405 3695 469 334

302 525 496 580 λίστων
548 522 900 602 φιλονεικῶν,
933 527 1022 581 καὶ
1070 529 1170 592 τῆς
1200 527 1325 603 περὶ
1373 527 1502 582 Θεὸν
1552 527 1791 600 ἑταιρίας
1837 545 1933 580 τα-

2048 522 2195 580 lium
2227 527 2496 580 naturam
2525 523 2586 579 in
2626 524 3034 596 pulcherrimis
3062 531 3238 589 rebus
3275 535 3558 595 omnibus
3587 557 3694 598 au-

297 619 481 680 πρῶτα
529 613 787 692 φέρεσθαι
821 634 834 646 ·
887 611 1074 680 διττῆς
1123 613 1179 671 δὲ
1225 617 1430 686 ταύτης
1481 613 1651 686 οὔσης
1709 617 1796 671 καὶ
1852 613 1934 668 ἐπ’

295 703 458 779 ἄμφω
505 704 826 782 χωρούσης,
875 703 950 765 εἵς
1007 725 1065 759 τε
1108 705 1205 767 τὰς
1257 702 1368 760 ἄνω
1423 706 1740 782 ταξιαρχίας
1771 725 1786 738 ·
1845 705 1936 758 καὶ

294 797 401 847 τῶν
451 792 758 864 ἀνθρώπων
803 793 922 848 ὅσοι
953 792 1228 868 θεοφιλεῖς
1269 796 1360 850 καὶ
1403 797 1529 871 παρ’
1568 795 1718 867 αὐτῷ
1769 792 1938 849 δυνα-

295 882 596 949 στεύοντες,
629 888 741 938 τῶν
795 883 909 956 μὶν,
953 883 1079 938 ὅσον
1135 881 1331 953 ἡττᾶτο
1373 881 1464 939 διὰ
1507 885 1570 939 τὸ
1619 889 1800 956 σῶμα,
1848 903 1937 938 το-

295 973 454 1025 σοῦτο
495 971 725 1033 τούτους
771 969 1041 1045 παρῆλθε,
1071 977 1179 1028 τῶν
1226 995 1286 1028 τε
1332 974 1467 1046 μετὰ
1511 979 1610 1042 τῆς
1657 971 1796 1044 ὕλης
1847 973 1937 1027 καὶ

291 1063 387 1114 τοῦ
416 1064 674 1114 ταπεινοῦ
723 1065 820 1115 τοῦ
869 1059 927 1116 δὲ
967 1063 1054 1116 καὶ
1103 1061 1340 1136 γεώδους
1373 1063 1621 1140 φορτίου,
1676 1064 1742 1118 τά
1790 1065 1935 1136 σφῶν

295 1148 629 1224 ἐνδεδεῖχθαι
672 1149 764 1204 καὶ
802 1151 922 1205 κατ’
978 1151 1170 1214 αὐτοὺς
1227 1150 1652 1208 πολιτεύσασθαι
1683 1169 1698 1182 ·
1757 1155 1836 1224 τῷ
1879 1153 1938 1206 τε

293 1239 416 1312 περὲ
469 1241 600 1293 Θεὸν
663 1239 828 1312 μόνον
876 1237 1096 1294 ἐκείνων
1155 1240 1417 1315 ἐχόντων,
1449 1240 1609 1302 αὐτὸς
1667 1241 1757 1296 καὶ
1804 1245 1940 1295 Θεοῦ

292 1327 378 1380 καί
409 1327 742 1398 ἀνθρώπιον,
773 1332 880 1382 τῶν
935 1329 1053 1398 μὲν,
1085 1328 1234 1390 ὅπως
1285 1331 1529 1396 σωθεῖεν,
1557 1333 1656 1384 τοῦ
1705 1325 1782 1398 δὲ,
1835 1329 1940 1384 ὑπὸ

290 1417 397 1469 τῶν
455 1417 850 1491 πονηροτάτων
909 1418 1440 1497 βλασφημουμένου,
1503 1419 1773 1488 τοσαύτην
1852 1423 1942 1473 περ

291 1507 582 1575 ποιῆσθαι,
633 1503 912 1581 φροντίδα,
945 1507 1020 1568 ὠς
1071 1531 1099 1560 ‹‹
1135 1511 1212 1580 μὴ
1263 1510 1426 1582 μόνον
1479 1507 1614 1583 πρὸς
1663 1509 1804 1580 αἷμα
1850 1509 1941 1563 καὶ

292 1596 516 1670 σάρκας,
549 1594 697 1650 ἀλλὰ
747 1597 838 1652 καὶ
869 1598 1005 1671 πρὸς
1036 1597 1131 1658 τὰς
1177 1597 1351 1673 ἀρχὰς
1393 1599 1482 1654 καὶ
1530 1599 1626 1660 τὰς
1675 1597 1941 1670 ἐξουσίας,

291 1688 374 1740 καὶ
406 1685 540 1746 τοὺς
570 1688 1017 1760 κοσμοκράτορας
1047 1689 1144 1741 τοῦ
1184 1687 1380 1749 αἰῶνος
1419 1686 1672 1755 τούτου,»
1712 1684 1936 1757 διηνεκῆ

290 1776 378 1828 τὸν
421 1774 698 1846 πόλεμιον
749 1775 1073 1850 ἀνῃρῆσθαι.
1107 1776 1263 1832 Οὕτω
1313 1773 1369 1832 δὲ
1416 1776 1506 1831 καὶ
1554 1775 1682 1838 τοὺς
1734 1773 1941 1838 ἄλλους

2044 611 2267 678 derare,
2290 609 2594 684 Deumque
2622 612 2895 684 stipantis
2911 617 3241 678 odalitatis
3258 623 3514 694 primum
3535 631 3697 686 tene-

2047 705 2136 758 ret
2151 700 2368 768 locum,
2390 703 2786 759 contenderet.
2821 706 2960 771 Quae
3001 725 3136 764 cum
3168 712 3381 784 duplex
3411 716 3504 784 sit,
3536 721 3595 774 et
3623 721 3696 776 ad

2047 795 2364 863 utrumque
2390 792 2699 864 pertineat,
2731 793 3013 853 nimirum
3049 801 3122 854 ad
3167 817 3409 875 superas
3456 806 3698 880 angelo-

2047 897 2178 938 rum
2209 881 2449 953 classes,
2483 887 2539 939 et
2565 884 2637 938 ad
2679 883 2988 942 hominum
3033 887 3186 959 illos,
3219 894 3318 964 qui
3368 894 3700 954 charissimi

2046 973 2162 1028 Deo
2193 977 2354 1039 sunt,
2389 971 2832 1046 plurimumque
2851 977 3006 1046 apud
3055 995 3190 1036 eum
3224 989 3494 1054 possunt,
3516 1003 3698 1057 quan-

2047 1065 2172 1116 tum
2204 1061 2353 1117 infra
2385 1061 2620 1132 angelos
2659 1067 2884 1144 noster,
2915 1082 3016 1136 per
3062 1083 3400 1143 compagem
3442 1077 3700 1148 corporis

2046 1154 2189 1218 erat,
2221 1152 2452 1206 tantum
2483 1151 2721 1208 eosdem
2754 1151 2892 1210 item
2924 1156 3204 1222 anteibat,
3233 1164 3359 1217 tum
3383 1165 3540 1234 quod
3565 1181 3700 1222 ma-

2044 1239 2208 1309 terie,
2240 1242 2298 1296 et
2325 1239 2426 1295 vili
2453 1255 2521 1296 ac
2551 1239 2708 1296 luteo
2759 1241 2870 1298 hoc
2907 1261 3080 1302 onere
3129 1265 3390 1320 pressus,
3433 1253 3698 1324 ipsorum

2048 1333 2212 1386 actus
2240 1332 3008 1406 representaret,vitamque
3039 1353 3272 1395 omnem
3302 1342 3700 1413 aemularetur,

2047 1423 2168 1472 tum
2203 1419 2359 1490 quod
2404 1435 2538 1474 cum
2569 1419 2683 1491 ipsi
2731 1419 2848 1477 Deo
2898 1423 3066 1481 unice
3113 1427 3449 1498 inserviant,
3498 1432 3598 1490 ille
3643 1438 3704 1492 et

2050 1507 2144 1562 Dei
2166 1511 2223 1562 et
2245 1507 2554 1565 hominum
2586 1527 2601 1564 :
2635 1507 2965 1581 hominum,
3001 1529 3118 1586 quo
3149 1525 3544 1592 servarentur,
3571 1524 3696 1591 Dei,

2049 1596 2122 1652 ab
2160 1596 2618 1669 improbissimis
2657 1599 3000 1670 blaspheme
3043 1621 3141 1661 ore
3189 1605 3444 1672 lacerati,
3474 1615 3698 1670 tantam

2049 1685 2285 1742 haberet
2306 1691 2612 1756 curam,ut
2632 1687 2854 1745 bellum
2882 1689 2969 1745 illi
2999 1693 3426 1764 sempiternum
3456 1715 3699 1774 suscep-

2049 1776 2173 1830 tum
2204 1778 2379 1842 esset,
2402 1795 2433 1826 «
2456 1790 2570 1832 non
2600 1777 2773 1833 modo
2807 1777 3087 1838 adversus
3115 1799 3348 1841 carnem
3380 1791 3438 1844 et
3457 1791 3697 1864 sangui-

295 1860 698 1939 ὁπερϐάλλετο,
729 1863 819 1919 καὶ
879 1865 1011 1928 μετᾶ
1037 1865 1310 1936 τοσαύτης
1361 1863 1553 1938 ἂμέλει
1598 1872 1933 1940 παρασκευῆς

2051 1879 2208 1934 nem,
2239 1864 2343 1920 sed
2372 1869 2430 1919 et
2457 1865 2736 1922 adversus
2765 1867 3147 1942 principatus,
3180 1876 3238 1928 et
3274 1860 3612 1945 potestates,
3642 1884 3702 1936 et

293 1954 416 2008 ὥσθ’
462 1954 499 2008 ’ἆ
557 1959 689 2008 πᾶσι
735 1955 950 2016 τούτοις
1005 1956 1096 2008 καὶ
1152 1959 1310 2028 κοινῇ
1371 1956 1462 2010 καὶ
1520 1957 1640 2010 καθ’
1696 1951 1790 2010 ἕνα
1836 1959 1942 2010 τῶν

295 2042 599 2116 βελτίστων
632 2046 862 2118 προσῆν,
894 2043 1050 2097 πάνθ’
1090 2044 1247 2106 οὗτος
1291 2044 1456 2116 μόνος
1495 2044 1584 2098 καὶ
1621 2046 1734 2116 μεθ’
1776 2045 1938 2119 ὑπερ-

294 2129 470 2202 ϐολῆς
507 2127 827 2206 ξυλλαϐὼν,
870 2131 1079 2195 δίκαιος
1109 2133 1366 2188 εἶναικαὶ
1414 2135 1586 2190 πάντα
1615 2134 1706 2188 τὸν
1757 2133 1942 2189 ἐντεῦ-

296 2225 371 2278 θεν
432 2221 662 2279 ἔπαινον
719 2221 897 2298 ἴσχειν
929 2239 943 2252 ·
999 2226 1228 2294 νικήσας
1291 2225 1383 2296 μὲν
1446 2243 1576 2284 τους
1639 2225 1941 2298 προγόνους

298 2313 426 2384 ἕ)μοῦ
485 2313 583 2367 καὶ
645 2315 970 2384 κοσμήσαςο
1019 2313 1098 2384 τῷ
1155 2333 1214 2368 τε
1273 2313 1348 2384 μή
1403 2313 1565 2384 μόνον
1621 2314 1783 2374 αὐτὸς
1837 2313 1936 2380 τήν

301 2401 522 2472 ἐντολήν
554 2401 798 2473 καθάπαξ
848 2400 1101 2478 φυλάξαι,
1133 2401 1280 2457 ἀλλὰ
1325 2402 1418 2457 καὶ
1449 2407 1564 2464 τοῖς
1615 2399 1809 2464 ἄλλοις
1850 2399 1939 2456 διὰ

305 2491 410 2563 βίου
465 2493 677 2554 παντὸς
719 2491 812 2545 καὶ
861 2489 1032 2566 λέγων
1081 2491 1170 2546 καὶ
1226 2492 1446 2566 γράφων
1503 2491 1655 2546 ταῦτ’
1705 2491 1935 2566 εἰσηγεῖ-

309 2581 422 2650 σθαι,
465 2581 562 2636 καὶ
617 2581 677 2635 ’ὀν
727 2575 970 2636 ἔκλεισαν
1001 2581 1171 2635 οὗτοι
1213 2577 1564 2654 παράδεισον,
1613 2585 1808 2636 τοῦτσν
1855 2579 1934 2635 εί-

307 2671 507 2726 σιτττὸν
557 2675 679 2732 τοῖς
731 2669 1094 2746 βουλομένοις
1141 2673 1564 2744 παρασκευάσαι,
1609 2673 1685 2742 τῷ
1734 2691 1792 2724 τε
1833 2671 1932 2740 τήν

294 2759 506 2816 ἐκείνων
556 2762 724 2828 ἧτταν
775 2758 1220 2828 ἀνακαλέσασθαι,
1273 2761 1363 2814 καὶ
1405 2760 1472 2814 τά
1525 2765 1751 2838 τροφεῖα
1796 2761 1932 2815 τού-

287 2873 390 2912 τοις
443 2849 674 2906 καλλίω
728 2855 829 2919 τῆς
886 2848 1142 2926 γενέσεως
1201 2846 1497 2905 ἀποδοῦναι
1528 2869 1541 2882 ·
1593 2851 1818 2920 νικήσας
1873 2846 1931 2905 δὶ

281 2942 362 2996 καὶ
391 2939 606 3001 πάντας
629 2939 758 3002 τοὺς
784 2939 994 3016 ἐφεξῆς.

2055 1953 2259 2009 mundi
2282 1955 2340 2009 in
2361 1955 2472 2010 hoc
2492 1955 2707 2011 seculo
2729 1956 2999 2014 dominos
3020 1959 3084 2012 ⁸⁸.
3115 1983 3142 2010 υ
3163 1961 3392 2020 Rursus
3413 1967 3556 2023 adeo
3587 1968 3700 2040 piis

2050 2043 2383 2114 quibusque
2414 2043 2751 2101 hominibus
2801 2048 3134 2118 prasstabat,
3185 2055 3242 2107 et
3289 2056 3452 2111 tanto
3497 2057 3696 2127 utique

2049 2139 2334 2204 apparatu
2357 2131 2789 2206 instruotuque,
2823 2140 2886 2191 ut
2917 2152 3279 2211 quaecunque
3305 2141 3376 2198 iis
3399 2145 3693 2208 omnibus,

2049 2225 2105 2276 et
2133 2220 2540 2290 communiter,
2565 2225 2623 2278 et
2644 2222 3010 2296 singulatim,
3033 2228 3388 2299 optimarum
3409 2235 3698 2292 virtutum

2048 2310 2444 2382 decorumque
2491 2312 2783 2380 adessent,
2825 2329 2895 2370 ea
2939 2331 3092 2372 unus
3147 2327 3344 2376 noster
3392 2323 3607 2389 omnia,
3637 2328 3697 2380 et

2047 2398 2422 2456 excellentem
2455 2399 2515 2456 in
2549 2401 2813 2470 modum,
2845 2404 3198 2476 complexus,
3227 2409 3359 2479 jure
3388 2427 3456 2470 ac
3486 2414 3694 2470 merito

2049 2507 2300 2552 omnem.
2337 2508 2463 2563 quas
2493 2491 2632 2548 inde
2667 2495 2886 2564 existit,
2923 2496 3150 2554 laudem
3186 2501 3448 2572 accipere
3479 2504 3695 2576 dignus

2045 2586 2240 2649 esset;
2273 2581 2490 2652 quippe
2519 2581 2620 2653 qui
2652 2598 2786 2638 eum
2819 2585 2978 2655 ipsos
3004 2588 3234 2658 generis
3265 2589 3510 2646 humani
3556 2607 3696 2648 auc-

2043 2675 2198 2726 tores
2227 2669 2493 2725 vincebat
2521 2669 2736 2742 pariter
2782 2673 3158 2746 ornabatque.
3202 2675 3506 2744 Vincebat,
3537 2681 3696 2750 quod

2043 2773 2155 2812 non
2189 2754 2384 2812 solum
2408 2756 2593 2828 legem
2618 2757 2874 2815 divinam
2899 2761 3332 2822 studiosissime
3345 2769 3694 2837 custodiret,

2042 2849 2139 2906 sed
2175 2847 2378 2904 eadem
2409 2848 2592 2904 etiam
2623 2848 2755 2906 aliis
2789 2855 2906 2907 toto
2937 2851 3068 2909 vitae
3099 2871 3215 2911 suae
3247 2859 3462 2930 spatio,
3503 2861 3697 2919 verbis

2041 2935 2408 3009 scriptisque,
2455 2935 2822 3008 inculcaret;
2871 2944 2928 2996 et
2973 2957 3144 3012 quem
3196 2943 3281 3000 illi
3329 2946 3699 3006 oocluserant

277 3031 654 3104 paradisum,
705 3029 872 3086 illum
935 3029 1163 3101 ingredi
1211 3029 1548 3088 volentibus
1591 3033 1882 3102 patentem
1933 3028 2206 3086 efficeret.
2260 3023 2532 3095 Ornabat,
2583 3027 2736 3098 quod
2778 3032 2836 3084 et
2888 3036 3182 3102 acceptam
3233 3033 3306 3090 ab
3345 3035 3420 3091 iis
3466 3035 3692 3094 cladem

277 3122 548 3186 sarciret,
580 3126 638 3176 et
657 3119 1020 3176 educationis
1053 3119 1307 3192 premis,
1329 3121 1452 3192 ipsa
1473 3121 1870 3193 procreatione
1903 3118 2205 3183 nobiliora,
2239 3111 2358 3169 illis
2389 3114 2658 3173 redderet
2686 3137 2703 3188 ;
2733 3125 2853 3176 tum
2885 3123 2942 3176 et
2971 3127 3231 3193 posteros
3263 3140 3463 3183 eorum
3485 3144 3693 3186 omnes

275 3211 432 3267 idem
469 3209 761 3265 vincebat.

341 3300 504 3356 PIE’.
553 3301 614 3354 Ὀ
668 3299 770 3374 γὰρ
826 3297 1094 3369 τοσαύτην
1159 3300 1252 3372 μὶν
1312 3294 1521 3355 εὔνοιαν
1577 3301 1716 3375 πρὸς
1772 3298 1924 3367 Θεὸν,

2111 3299 2270 3358 CXV.
2305 3301 2454 3358 Nam
2485 3299 2585 3372 qui
2616 3303 2783 3356 tanta
2810 3316 2949 3374 erga
2991 3302 3170 3359 Deum
3205 3305 3505 3376 charitate,
3537 3309 3697 3380 spei-

271 3389 551 3460 τοσαύτην
613 3387 672 3444 δέ
726 3390 1055 3462 κεκτημένος
1112 3387 1327 3453 ἐλπίδα,
1385 3389 1460 3453 ὡς
1523 3387 1687 3446 εἵνεκ’
1761 3389 1926 3446 αὐτοῦ

269 3482 357 3536 καὶ
388 3486 500 3548 τῆς
548 3480 677 3554 παρ’
709 3478 854 3551 αὐτῷ
902 3477 1087 3549 δόξης,
1124 3481 1199 3552 μή
1253 3479 1415 3552 μόνον
1465 3479 1640 3534 πάντα
1689 3481 1756 3534 τὰ
1797 3477 1927 3553 τῇδε

266 3576 366 3627 τοῦ
437 3567 678 3643 μηδενὸς
748 3566 868 3643 ἄξια
921 3569 1103 3643 κρίνας
1157 3570 1460 3624 παντάπασι
1511 3567 1778 3646 παριδεῖν,
1836 3571 1926 3625 καὶ

271 3659 438 3731 δίκην
496 3654 787 3714 σκυϐάλων
869 3655 1164 3732 ὑπεριδεῖν,
1221 3657 1367 3714 ἀλλά
1418 3659 1508 3714 καὶ
1583 3661 1683 3729 τήν
1741 3661 1925 3735 ψυχὴν

269 3751 408 3825 ὑπὲρ
447 3747 615 3804 αὐτοῦ
657 3747 934 3822 μυριάκις,
965 3745 1113 3823 εἷ’περ
1152 3748 1266 3803 οἷόν
1297 3749 1343 3802 τ’
1381 3747 1472 3816 ἦν,
1505 3747 1680 3816 ἡδέως
1712 3747 1773 3803 ἃν
1806 3747 1928 3804 ἒλὲ-

272 3841 400 3894 σθαι
467 3835 752 3914 προέσθαι,
811 3837 900 3892 καὶ
956 3841 1124 3892 τοῦτο
1184 3837 1279 3908 μὲν
1333 3837 1436 3904 τὴν
1512 3837 1750 3908 παντελῆ
1827 3843 1930 3908 τῆς

270 3928 483 4004 σαρκὸς
532 3924 819 4000 νέκρωσιν,
867 3922 1046 3998 ὥσπερ
1095 3925 1214 3979 τινὰ
1259 3921 1481 3995 διηνεκῆ
1543 3926 1728 3980 θυσίαν
1779 3925 1930 3998 αύτῷ

268 4015 666 4093 προσενέγκαι,
724 4017 885 4069 τοῦτο
945 4011 1002 4070 δὲ
1067 4012 1248 4090 λέγειν
1317 4013 1607 4090 ἐσχηκέναι
1682 4013 1931 4092 θαρρούν-

267 4129 410 4178 τως,
467 4129 496 4156 ‹‹
531 4106 724 4177 μηκέτ’
754 4103 913 4158 αὑτὸν
959 4100 1227 4174 δήπουθεν
1277 4107 1394 4178 ζῇν,
1430 4107 1526 4175 ζῇν
1573 4103 1631 4158 δὲ
1681 4104 1732 4158 ἐν
1779 4104 1929 4178 αὐτῷ

267 4197 363 4252 τὸν
406 4194 674 4268 Χριστὸν,
709 4217 738 4243 »
777 4197 894 4254 πῶς
928 4193 1025 4246 οὐκ
1065 4193 1123 4246 ἂν
1165 4191 1408 4266 ἀτεχνῶς
1448 4193 1650 4256 παντὸς
1679 4189 1932 4267 ’Δϐραὰμ

266 4286 360 4341 καὶ
417 4283 632 4349 Ἰσαὰκ,
661 4283 750 4336 καὶ
810 4276 1031 4350 Ἰακὼϐ,
1079 4280 1171 4335 καὶ
1229 4283 1448 4355 προσίτ⁷
1503 4283 1683 4357 Ἑνώχ
1738 4303 1794 4337 τε
1838 4282 1928 4336 καὶ

265 4369 456 4432 ’Ἅϐελ
499 4371 760 4447 κρείττων
807 4371 868 4426 ἂν
928 4368 1016 4440 ε’ίη
1075 4371 1254 4444 τούτῳ
1305 4375 1386 4443 τῷ
1447 4371 1620 4444 μέρει,
1652 4369 1774 4426 ἄνευ
1824 4374 1931 4426 τῶν

269 4463 474 4524 ἇλλῶς
536 4459 684 4534 αὒτῷ
738 4461 1054 4536 προσόντων
1115 4458 1346 4514 πολλῶν
1403 4459 1492 4514 καὶ
1546 4458 1794 4535 μεγάλων
1839 4461 1928 4514 καὶ

268 4552 614 4631 κρειττόνων
648 4551 683 4618 ἢ
725 4544 1212 4625 παραϐάλλεσθαις
1255 4545 1391 4604 Οὐδὲ
1429 4547 1532 4624 γάρ
1576 4571 1605 4600 ‹‹
1643 4549 1732 4603 τὸν
1766 4549 1931 4604 αὑτοῦ

272 4642 476 4713 παῖδα,
511 4666 541 4693 ››
574 4637 701 4695 οὐδὲ
741 4664 769 4692 ‹‹
801 4641 901 4710 τὴν
934 4637 994 4693 ἐκ
1032 4638 1268 4693 στεάτων
1308 4637 1511 4704 θυσίαν,
1548 4660 1573 4691 ι
1615 4637 1744 4693 ἀλλ’
1775 4636 1929 4707 ἑκὼν,

271 4735 360 4790 καὶ
423 4689 547 4786 ούδ²
593 4753 622 4782 ‹‹
680 4688 900 4802 ἕνδειξίν
945 4729 1164 4802 ἀγάπης
1216 4750 1244 4779 ››
1293 4725 1718 4802 ἑπηγγελμένος,
1770 4727 1798 4781 ὁ
1842 4688 1932 4782 καί
1962 4688 2008 4752 D

272 4821 480 4883 ἄλλως
531 4817 948 4896 ἐπηγγελμένος
985 4818 1089 4872 ὑπὸ
1142 4814 1349 4890 μητρός
1379 4835 1437 4870 τε
1483 4814 1574 4870 καὶ
1623 4815 1814 4870 ἑαυτοῦ
1842 4816 1933 4894 φέ-

274 4933 390 4984 ρων
429 4909 646 4976 hut-6v,
696 4906 786 4961 καὶ
835 4905 1082 4968 πολλοὺς
1132 4903 1338 4967 ἄλλους
1386 4903 1801 4978 προσενηνόχει,
1840 4905 1930 4959 καὶ

270 5006 368 5057 νῦν
430 5025 460 5052 ‹‹
499 4998 772 5075 προσάγει
808 5021 836 5049 ›)
877 4999 994 5069 Θεῷ
1031 4995 1215 5050 θυσίαν
1259 4997 1431 5064 ζῶσαν
1475 5017 1504 5046 «
1537 4993 1816 5067 εὐάρεστον
1853 5013 1866 5026 ·
1902 5017 1930 5046 ››

277 5091 547 5161 θεότητος
579 5085 862 5142 κοινωνίαν
905 5089 1034 5140 πᾶσι
1077 5081 1283 5152 διδοὺς,
1323 5082 1412 5137 ἐὰν
1455 5081 1588 5156 μετᾶ
1619 5080 1929 5138 καλλίστων

271 5186 390 5237 τῶν
425 5175 598 5256 ἔργων
638 5176 730 5232 καὶ
760 5177 857 5238 τὰς
890 5172 1100 5245 δεήσεις
1127 5177 1410 5228 ποιῶνται.

2043 3406 2152 3463 que
2203 3391 2418 3446 ﬁducia
2475 3391 2800 3446 instructus
2857 3395 3000 3460 erat,
3059 3399 3126 3450 ut
3161 3393 3265 3452 Dei
3319 3401 3494 3468 atque
3549 3399 3700 3456 obti-

2037 3483 2242 3537 nendas
2272 3481 2427 3554 apud
2457 3479 2644 3536 Deum
2675 3479 2870 3552 gloria
2901 3496 3080 3538 causa
3112 3500 3226 3547 non
3271 3487 3444 3542 modo
3491 3491 3692 3545 omnia

2043 3585 2167 3640 qua
2199 3571 2259 3626 in
2291 3573 2487 3626 nostro
2517 3567 2626 3625 hoc
2655 3569 2795 3626 orbe
2844 3576 3004 3638 sunt,
3039 3572 3205 3628 nihili
3252 3575 3519 3632 facienda
3569 3582 3696 3634 sta-

2041 3667 2232 3726 tuens,
2285 3658 2518 3730 penitus
2561 3662 2977 3725 contemneret,
3028 3665 3085 3716 et
3140 3663 3303 3719 velut
3357 3664 3696 3723 retrimenta

2043 3749 2392 3820 despiceret,
2425 3747 2524 3801 sed
2565 3751 2624 3802 et
2671 3747 2930 3804 animam
2981 3748 3139 3806 illiu
3187 3753 3244 3807 in
3298 3757 3567 3827 gratiam,
3599 3757 3694 3813 vel

2043 3837 2275 3906 millies,
2309 3838 2354 3892 si
2401 3835 2523 3892 ﬁeri
2553 3841 2799 3907 poterat,
2843 3837 3232 3898 libentissime
3275 3849 3502 3916 optaret
3551 3862 3694 3918 pro-

2042 3927 2288 3984 fundere
2320 3947 2336 3999 ;
2368 3931 2425 3984 et
2457 3928 2670 4002 partim
2707 3927 2937 4000 plenam
2987 3930 3423 4006 perfectamque
3469 3934 3696 3992 vitiosa

2039 4016 2234 4074 carnis
2265 4017 2762 4089 exstirpationem,
2785 4019 2942 4074 velut
2971 4019 3110 4090 juge
3129 4021 3420 4093 quoddam
3463 4025 3697 4082 sacrifi-

2040 4107 2223 4176 cium,
2255 4106 2341 4162 illi
2363 4107 2614 4176 oil'erret,
2639 4105 2852 4180 partim
2874 4109 3030 4179 quod
3061 4125 3275 4184 magna
3305 4129 3437 4168 cum
3477 4111 3699 4170 fiducia

2041 4195 2234 4252 dicere
2259 4200 2470 4266 posset,
2495 4215 2530 4248 ι(
2554 4213 2669 4251 non
2693 4197 2955 4268 seipsum
2996 4198 3262 4256 videlicet
3311 4199 3562 4274 amplius
3609 4204 3692 4258 vi-

2038 4301 2193 4354 vere,
2216 4285 2315 4341 sed
2341 4285 2630 4341 Christum
2653 4287 2714 4342 in
2737 4301 2864 4343 sese
2887 4287 3072 4344 vivere
3091 4287 3139 4324 ⁵⁸
3163 4305 3176 4345 :
3210 4311 3238 4339 »
3283 4307 3398 4364 quo
3444 4293 3681 4348 tandem

2041 4374 2154 4443 hic,
2185 4375 2448 4448 inquam,
2472 4380 2659 4446 pacto,
2683 4393 2799 4433 non
2821 4377 3006 4434 cuivis
3026 4379 3691 4449 Abrahamo,et1saaco,

2038 4470 2094 4520 et
2121 4467 2354 4534 Iacobo,
2377 4470 2435 4522 et
2459 4467 2690 4524 Euocho
2713 4469 2975 4542 insuper,
2995 4475 3053 4525 et
3083 4469 3269 4538 Abeli,
3312 4471 3396 4528 vel
3441 4472 3551 4530 hac
3580 4488 3696 4529 una

2045 4571 2114 4610 ex
2144 4560 2305 4626 parte
2327 4555 2498 4629 plane
2519 4557 2912 4627 antecelleret,
2948 4563 3011 4614 ut
3040 4559 3262 4631 reliqua
3291 4561 3544 4625 omittas,
3565 4579 3693 4634 qua

2039 4642 2100 4700 in
2149 4646 2276 4715 ipso
2326 4647 2579 4714 inerant,
2611 4655 2666 4701 et
2705 4646 2916 4713 multa,
2967 4655 3020 4702 et
3068 4650 3366 4720 prmelara,
3413 4654 3470 4704 et
3516 4665 3695 4722 supra

2043 4733 2534 4804 comparationem
2578 4740 2777 4791 evecta
2803 4736 2832 4790 ?
2873 4735 3074 4808 Neque
3121 4737 3276 4793 enim
3331 4760 3359 4788 «
3387 4737 3568 4793 ﬁlium
3597 4738 3694 4795 ille

2045 4838 2222 4879 suum
2251 4823 2318 4889 ⁸⁷,
2356 4843 2382 4874 ι
2414 4839 2520 4880 nec
2546 4846 2574 4874 «
2608 4825 2960 4881 sacriﬁcium
2991 4827 3062 4882 de
3105 4827 3305 4899 pingui
3336 4826 3536 4882 arvina
3561 4826 3628 4895 ⁵⁸,
3663 4852 3686 4882 ι

2043 4911 2144 4967 sed
2181 4910 2332 4966 uitro
2363 4912 2642 4980 omnino;
2678 4929 2867 4985 neque
2898 4915 2980 4970 ita
3002 4919 3221 4984 tamen,
3253 4913 3408 4971 velut
3455 4936 3482 4966 ‹‹
3509 4917 3696 4990 speci-

2039 5016 2173 5056 men
2195 5002 2488 5072 quoddam
2515 5001 2814 5059 charitatis
2834 5001 2925 5066 ‘3',
2944 5023 2969 5056 ι
2994 5003 3430 5076 professus,qui
3455 5013 3690 5064 caetero-

2041 5089 2140 5160 qui
2185 5105 2316 5146 cum
2361 5108 2396 5146 a
2441 5098 2680 5162 parente
2726 5109 2848 5159 sua,
2899 5096 3026 5148 tum
3075 5093 3411 5164 semetipso,
3463 5095 3690 5152 dudum

2037 5178 2154 5236 Deo
2185 5180 2511 5252 promissus
2539 5188 2595 5237 et
2623 5183 2862 5236 devotus
2901 5189 3042 5246 erat,
3076 5197 3288 5254 magno
3336 5181 3555 5254 impetu
3604 5200 3686 5252 se,

273 5273 543 5342 aliosque
573 5269 926 5340 complures,
959 5265 1267 5331 obtulerat,
1300 5274 1353 5321 et
1385 5279 1539 5320 nunc
1578 5264 1755 5321 etiam
1787 5264 1904 5321 Deo
1937 5265 2182 5325 hostiam
2213 5269 2518 5337 viventem,
2573 5291 2598 5323 α
2634 5277 2950 5342 acceptam,
2996 5271 3234 5326 adducit
3275 5271 3362 5340 59;
3399 5293 3424 5324 ι
3475 5275 3690 5346 quippe

279 5360 610 5418 divinitatis
641 5357 1116 5416 communionem
1147 5355 1420 5412 omnibus
1451 5355 1827 5426 impertiens:
1861 5355 1906 5410 si
1939 5357 2112 5413 modo
2159 5375 2277 5414 una
2315 5375 2451 5416 cum
2483 5359 2893 5433 pulcherrimis
2923 5359 3194 5431 operibus
3225 5363 3492 5418 assiduas
3520 5361 3688 5418 adhi—

273 5453 465 5507 beant
493 5466 713 5523 preces.

352 5653 409 5688 ⁵⁶
440 5655 670 5728 Ερὶιοε.
728 5673 807 5728 v1,
867 5657 954 5712 12.
1015 5654 1060 5690 ⁸⁸
1117 5651 1304 5708 Galat.
1371 5666 1436 5721 ιι,
1489 5649 1582 5704 20.
1631 5648 1674 5684 ⁸⁷
1733 5647 1876 5704 Gen.
1932 5669 1933 5700 :

2044 5666 2068 5708 :.
2126 5651 2176 5687 ⁵⁸
2232 5653 2373 5710 Gen.
2436 5671 2510 5725 iv,
2567 5657 2622 5711 4.
2681 5653 2830 5712 ⁵⁸⁹ῙΙ
2886 5654 3014 5712 Cor.
3065 5673 3186 5726 vm,
3244 5656 3350 5712 ult.
3411 5654 3458 5691 ‘9
3514 5655 3675 5711 Rom.

279 5741 393 5795 xu,
427 5726 479 5786 1.
