4092 6300
399 325 519 387 335

1687 317 2087 382 THEODULI
2133 314 2483 381 ΜΟΝΑοΗί

3679 322 3793 382 336

472 461 656 519 CXVI.
689 462 821 518 Jam
877 477 1005 518 vero
1063 475 1193 516 cum
1250 459 1552 515 beatorum
1587 459 1801 515 sortem
1849 459 1906 512 et
1951 469 2044 510 se-

2228 450 2391 525 Ριςν.
2425 452 2587 505 Ὅταν
2620 447 2676 505 δὲ
2726 451 2816 508 καὶ
2869 451 3022 521 λῆξιν
3072 455 3179 507 τῶν
3227 452 3556 527 σωζομένων
3611 479 3639 506 ιι
3671 453 3793 516 τοὺς

401 552 530 608 dem
563 574 591 602 «
627 553 794 608 sinus
824 550 1137 616 Abraham,
1158 571 1186 598 ι)
1215 546 1431 603 dixeris
1460 546 1526 614 ⁸⁸,
1549 545 1637 601 vel
1671 546 1777 602 hoc
1808 545 2044 600 nomine

399 643 654 714 palmam
681 641 846 697 nobis
869 644 1114 695 astrues.
1147 637 1646 703 Quemadmodum
1695 635 1852 691 enim
1892 634 2047 689 beati

401 730 637 804 gremiis
671 730 799 785 illos
849 727 1261 800 recipientibus
1306 729 1630 798 praestant;
1690 724 1933 797 proinde
1980 738 2046 779 ac

401 817 625 877 nummi
658 819 811 873 ﬁscis
836 816 1183 887 loculisque,
1217 815 1383 885 queis
1414 815 1787 870 continentur
1806 812 2042 877 (etenim

401 909 572 979 cujus
602 909 788 980 gratia
819 906 1036 977 aliquid
1068 909 1178 971 est,
1203 905 1257 959 id
1299 920 1366 959 eo
1398 903 1554 975 quod
1593 903 1833 959 alterius
1863 902 2046 974 gratia

400 1002 508 1063 est,
542 996 798 1053 nobilius
818 1011 944 1052 esse
963 995 1169 1065 aiunl),
1198 995 1281 1048 sic
1312 993 1614 1051 beatorum
1656 992 1793 1047 item
1828 992 2042 1049 exerci-

402 1091 636 1154 tatores,
668 1086 817 1141 inter
863 1084 1021 1157 ipsos
1062 1082 1503 1140 eminentiorem
1544 1080 1745 1137 merito
1785 1084 2047 1136 tenentes

402 1175 612 1242 locum,
635 1175 792 1230 hunc
810 1189 926 1230 non
949 1172 1123 1245 paulo
1141 1171 1362 1243 justius
1393 1172 1629 1227 sinuum
1662 1170 1921 1242 ipsorum
1962 1185 2047 1225 re-

403 1269 603 1337 spectu
636 1264 871 1328 habent,
905 1261 1091 1333 queis,
1126 1268 1187 1315 ut
1234 1260 1509 1328 diximus,
1563 1260 1810 1329 majores
1856 1259 2046 1315 ceteri

405 1354 550 1410 beati
584 1357 723 1409 sunt
753 1372 768 1421 ;
803 1351 1008 1424 ecquis
1058 1354 1256 1407 autem
1298 1348 1631 1421 diligentior
1659 1350 1729 1404 ad
1778 1348 2046 1404 virtutem

404 1443 682 1514 magister
711 1441 1158 1512 cohortatorque
1180 1438 1473 1509 Gregorio,
1509 1442 1567 1493 et
1603 1437 1811 1503 verbis,
1842 1443 1898 1493 et
1928 1438 2049 1492 fac—

404 1532 499 1599 tis,
531 1536 591 1587 et
620 1536 825 1601 suopte
866 1529 1152 1601 exemplo,
1210 1543 1468 1600 unquam
1518 1527 1672 1582 fuit?
1721 1527 1867 1582 Cum
1915 1543 2049 1582 vero

404 1635 575 1693 porro
609 1622 946 1691 perpetuam
977 1617 1085 1673 viri
1126 1616 1564 1673 translationem
1597 1615 2048 1672 traductionem-

407 1727 521 1783 que
553 1709 760 1781 cogito,
793 1713 849 1765 et
880 1709 1032 1782 quod
1060 1708 1253 1765 adhuc
1278 1711 1601 1780 superstes,
1629 1711 1684 1762 et
1716 1708 1919 1763 mundi
1943 1707 2049 1762 hu-

2151 544 2248 595 τοῦ
2278 534 2528 615 ’Δϐραᾶμ
2557 539 2800 604 κόλπους
2831 564 2859 593 ››
2893 542 3092 619 φήσῃς,
3127 540 3219 597 καὶ
3252 540 3425 605 οὕτως
3458 546 3596 617 ἡμῖν
3627 564 3795 600 κατα-

2154 630 2428 691 σκευάσεις
2458 630 2520 684 τὸ
2572 629 2818 704 προῦχον
2851 651 2864 663 ·
2914 630 2991 691 ὡς
3030 631 3133 707 γὰρ
3183 631 3438 704 ἀμείνους
3490 633 3642 687 οὗτοι
3687 637 3790 687 τῶν

2153 724 2287 797 σφᾶς
2318 714 2747 794 ὑποδεχομένων
2774 718 3001 775 κόλπων
3032 719 3158 792 εἶσὶ,
3189 720 3424 795 καθάπερ
3454 726 3562 778 τῶν
3591 724 3800 793 θησαυ-

2155 808 2345 883 ρῶντᾶ
2366 809 2551 864 ἐνόντα
2582 810 2695 887 χρή
2707 830 2847 880 ματα
2872 828 2885 842 ⁸
2918 809 2983 865 τὸ
3001 811 3103 883 γὰρ
3135 811 3198 864 οὗ
3220 806 3374 866 ἕνεκα
3402 815 3498 865 τοῦ
3520 809 3675 867 ἕνεκα
3702 817 3801 866 τοῦ

2158 897 2342 972 μεῖζύν
2376 919 2553 974 φασιν,
2587 899 2762 962 οὕτως
2814 899 2867 954 οἱ
2894 900 3101 954 τούτων
3149 898 3405 955 ἀλεῖπται
3439 919 3452 933 ·
3504 902 3566 955 τὸ
3614 907 3801 972 μεῖζον

2157 984 2381 1047 εἰκότως
2426 986 2478 1041 ἐν
2529 988 2715 1050 αὐτοῖς
2764 988 3112 1060 κεκτημένοι,
3144 986 3345 1061 πολλῷ
3400 989 3611 1063 μᾶλλον
3652 993 3802 1045 τοῦτ’

2156 1073 2378 1151 ἔχουσιν
2410 1076 2460 1131 ἐν
2509 1076 2754 1142 ἐκείνοις,
2785 1078 2860 1131 ὦν
2893 1078 3045 1133 οὗτοι
3098 1079 3339 1151 μείζους,
3372 1078 3448 1140 ὡς
3496 1074 3629 1152 ἔφην
3663 1099 3677 1112 ·
3720 1079 3807 1143 τίς

2158 1162 2215 1220 δὲ
2257 1166 2556 1242 Γρηγορίου
2597 1168 2733 1241 πρὸς
2775 1165 2970 1242 ἂρετήν
3021 1166 3236 1238 μᾶλλον
3276 1166 3544 1237 ἀλείπτης
3574 1167 3663 1222 καὶ
3702 1168 3804 1224 λό-

2156 1275 2279 1331 γοις
2327 1255 2419 1309 καὶ
2475 1254 2651 1332 ἔργοις
2702 1255 2792 1311 καὶ
2844 1261 2923 1326 τῷ
2968 1258 3089 1311 καθ’
3146 1255 3304 1311 αὑτὸν
3364 1254 3803 1332 παραδείγματις

2158 1351 2255 1400 Και
2313 1347 2419 1418 μὴν
2461 1346 2549 1401 καὶ
2603 1347 2701 1414 τήν
2752 1343 2838 1399 διὰ
2899 1344 3019 1418 βίου
3074 1346 3274 1409 παντὸς
3335 1336 3616 1419 μετάθεσιν
3674 1349 3803 1403 ὅταν

2156 1430 2446 1506 ἐνθυμηθῶ
2498 1432 2595 1489 τοῦ
2652 1431 2870 1509 ἀνδρὸς,
2901 1435 2991 1489 καὶ
3050 1434 3133 1489 ὅτι
3193 1436 3392 1509 περιὼν
3441 1430 3519 1491 ἔτι
3568 1435 3657 1490 καὶ
3706 1442 3805 1492 τοῦ

2155 1525 2367 1597 κόσμου
2422 1525 2666 1600 μετέχων
2711 1522 2863 1580 οὐδὲν
2916 1523 3129 1597 μᾶλλον
3178 1525 3387 1598 κόσμου
3448 1531 3719 1602 μετεῖχεν,
3768 1526 3803 1596 ἢ

2156 1614 2381 1691 ἄγγελοι
2415 1618 2522 1668 τῶν
2556 1610 2765 1679 ἐνθάδε,
2798 1614 2944 1669 ἀλλὰ
2973 1615 3233 1675 κοινωνὸς
3263 1614 3328 1681 ἦν
3368 1620 3474 1670 τῶν
3518 1614 3803 1690 Ὀλύμπου

2157 1704 2516 1779 πραγμάτων,
2567 1703 2655 1758 καὶ
2710 1705 2825 1758 οἷον
2882 1703 3017 1775 μετᾶ
3061 1710 3164 1771 τῆς
3208 1702 3346 1774 ὕλης
3396 1704 3664 1775 σύσκηνος
3706 1710 3807 1760 τοῦ

398 1801 499 1871 jus
532 1800 858 1868 municeps,
879 1796 1269 1854 nihilotamen
1301 1797 1490 1869 magis
1523 1796 1725 1851 mundi
1759 1798 2049 1869 particeps

2160 1797 2317 1856 Θεοῦ,
2348 1791 2560 1847 ἐλάσσω
2606 1793 2908 1847 παντάπασι
2942 1793 3031 1846 τὸν
3077 1794 3260 1869 Ἐνὼχ
3299 1795 3496 1849 τούτου
3544 1796 3752 1868 νομίζω
3789 1816 3801 1828 ·

406 1893 579 1959 esset,
635 1904 807 1959 quam
855 1903 1057 1944 eorum
1098 1903 1223 1955 quae
1271 1886 1400 1943 heic
1438 1887 1589 1942 fiunt
1633 1885 1824 1959 angeli
1869 1893 2051 1957 sunt;

407 1993 662 2047 namque
687 1992 879 2033 rerum
912 1974 1007 2031 ille
1038 1975 1267 2048 Olympi
1288 1991 1525 2031 consors
1558 1979 1700 2043 erat,
1724 1980 1780 2031 et
1808 1976 2052 2047 quamli-

408 2068 504 2122 bet
553 2066 792 2121 materie
837 2065 1147 2129 obductus,
1198 2080 1345 2136 pene
1390 2064 1826 2120 contubernalis
1864 2064 2052 2137 ipsius

406 2156 510 2213 Dei
544 2173 556 2209 :
588 2156 646 2211 in
679 2171 806 2210 eam
847 2154 1092 2210 inducor
1124 2153 1497 2220 sententiam,
1530 2157 1596 2207 ut
1634 2168 2052 2226 usquequaque

408 2245 692 2301 minorem
733 2244 1008 2315 Gregorio
1047 2243 1346 2298 Encchum
1388 2241 1617 2307 faciam,
1656 2245 1783 2298 tum
1818 2242 2050 2312 virtute,

408 2335 670 2405 inquam,
698 2338 839 2389 tunc
869 2332 1084 2388 cmlesti
1112 2332 1211 2387 illa
1243 2331 1626 2388 translatione
1652 2331 1721 2398 σί,
1753 2335 1812 2387 et
1833 2337 2051 2403 quanto

407 2424 562 2479 idem
594 2439 712 2478 mvo
744 2423 900 2493 prior
937 2425 1051 2489 est,
1083 2425 1243 2477 tanto
1266 2426 1324 2477 et
1346 2424 1507 2492 parto
1540 2437 1642 2492 per
1674 2422 1792 2476 haec
1823 2421 2050 2490 decore,

405 2519 462 2570 et
490 2513 621 2569 vitae
668 2512 998 2580 sanctitate,
1031 2511 1406 2581 posteriorem
1458 2526 1604 2564 esse.
1643 2513 1777 2575 Quae
1818 2509 1961 2581 ipsa,
1994 2516 2051 2565 et

404 2601 619 2674 aliquid
670 2602 841 2657 etiam
894 2599 1169 2670 amplius.
1223 2600 1294 2655 de
1344 2598 1592 2665 Noacho,
1645 2614 1846 2669 eoque,
1897 2599 2046 2668 quod

404 2688 565 2745 illius
598 2695 762 2745 aetate
805 2689 1066 2760 contigit,
1100 2687 1336 2753 diluvio,
1387 2689 1670 2743 dixerim:
1711 2703 2048 2760 quanquam

324 2812 328 2816 -
408 2779 561 2834 enim
594 2783 781 2833 terras
814 2779 922 2834 sub
954 2776 1095 2833 ccelo
1136 2776 1327 2832 omnis
1369 2776 1576 2831 invasit
1623 2777 1930 2846 hausitque
1960 2777 2050 2831 di-

407 2868 624 2923 luvium
654 2885 666 2922 :
700 2867 932 2923 Noacho
963 2884 1094 2922 vero
1124 2883 1243 2921 una
1271 2882 1400 2922 cum
1439 2866 1593 2931 ﬁliis,
1617 2867 1674 2920 in
1699 2868 2052 2935 cujusmodi-

408 2973 638 3027 cunque
668 2956 888 3024 arcula,
920 2956 1075 3010 velut
1103 2955 1285 3011 fomes
1314 2960 1370 3010 et
1403 2954 1837 3011 suscitabulum
1870 2957 2051 3026 quod-

407 3047 538 3101 dam
574 3048 672 3101 ιενὶ
706 3047 940 3102 secundi
974 3046 1254 3100 universas
1294 3045 1568 3101 animalis
1601 3049 1826 3101 naturae
1857 3046 2047 3101 subsi-

407 3134 590 3189 diaria
634 3134 880 3201 semina,
926 3135 1142 3189 credita
1185 3134 1382 3200 fuere;
1437 3137 1827 3190 verumtanem
1864 3134 1962 3187 ubi
1995 3138 2051 3189 et

2159 1882 2250 1938 καὶ
2301 1880 2496 1956 ἀρετῆς
2548 1880 2720 1935 ε’ίνεκα
2772 1880 2920 1955 λέγω
2967 1881 3057 1936 καὶ
3111 1884 3441 1953 μετατὲσεως
3474 1904 3484 1915 ·
3541 1884 3630 1938 καὶ
3677 1885 3802 1938 ὅσον

2158 1969 2360 2032 ἐκεῖνος
2390 1975 2621 2046 προεῖχε
2658 1973 2725 2042 τῇ
2768 1972 2979 2046 χρόνῳ,
3011 1975 3267 2026 τοσοῦτον
3310 1971 3535 2026 ὕστατον
3573 1977 3640 2046 τῇ
3680 1972 3808 2045 περὶ

2154 2064 2323 2116 ταῦτα
2365 2064 2502 2132 τιμῇ
2556 2061 2647 2114 καὶ
2678 2063 2758 2131 τῷ
2812 2061 2933 2133 βίῳ.
2975 2060 3155 2115 Ταύτά
3201 2058 3260 2115 8t
3305 2065 3475 2116 ταῦτα
3521 2060 3667 2136 λέγω
3714 2062 3809 2115 καὶ

2156 2145 2299 2224 ἔτιγε
2347 2150 2505 2223 πρὸς,
2553 2150 2676 2223 περί
2726 2154 2872 2217 Νῶε,
2920 2150 3010 2202 καὶ
3058 2154 3155 2204 τοῦ
3208 2152 3323 2204 κατ’
3381 2150 3582 2205 ἐκεῖνον
3633 2172 3809 2205 κατα-

2156 2237 2425 2310 κλυσμοῦ.
2457 2235 2522 2291 Εἰ
2569 2238 2670 2312 γὰρ
2725 2237 2751 2289 6
2795 2238 2890 2308 μὲν
2923 2241 3094 2291 πᾶσαν
3144 2238 3243 2307 τὴν
3293 2238 3382 2293 ὑπ’
3430 2238 3651 2312 οὐρανὸν
3703 2260 3809 2293 κα-

2155 2324 2413 2382 τάκλυσιν
2470 2324 2660 2393 ἐπιὼν,
2720 2329 2798 2395 τῷ
2856 2322 2913 2379 δὲ
2991 2325 3205 2399 συνάμα
3263 2326 3613 2382 πεπίστευται
3685 2333 3804 2389 τοῖς

2157 2415 2339 2471 παισὶν
2393 2415 2442 2467 ἐν
2486 2412 2806 2485 ὁτῳδήποτε
2853 2409 3120 2486 κιϐωτίῳ,
3161 2414 3400 2489 καθάπερ
3450 2437 3501 2471 τι
3553 2417 3807 2490 ζώπυρον

2160 2504 2283 2579 βίου
2315 2502 2566 2576 δευτέρου
2618 2502 2902 2575 ξυμπάσης
2934 2506 3033 2569 τῆς
3079 2501 3338 2577 ἐμψύχου
3387 2506 3594 2583 φύσεως
3634 2504 3808 2583 ἀφορ-

2159 2595 2277 2666 μαὶ,
2326 2592 2452 2647 ἀλλ’
2500 2590 2601 2665 ἄρα
2649 2593 2741 2647 τὸν
2796 2592 2887 2663 μὲν
2935 2596 3012 2663 τῷ
3063 2591 3285 2667 μεγάλῳ
3335 2588 3692 2667 “Nam”
3732 2601 3810 2668 τῇ

2157 2680 2213 2739 δὲ
2260 2684 2376 2736 καθ’
2428 2682 2587 2752 ἡμῶν
2648 2678 2864 2755 ἆσχέτῳ
2915 2684 3021 2734 τῶν
3069 2680 3452 2753 αἱρετιζόντων
3510 2687 3650 2756 φορᾷ
3707 2684 3807 2738 τὸν

2151 2770 2273 2826 τότε
2302 2767 2702 2842 κατακλυσμὸν,
2735 2770 3005 2842 εὑρήσεις,
3039 2769 3114 2833 ὡς
3144 2769 3249 2843 ἐγὼ
3283 2769 3451 2847 λέγω,
3490 2772 3553 2825 τὸ
3589 2774 3803 2843 μεῖζονο

2155 2858 2310 2933 ε’ίπερ
2345 2859 2372 2914 ὀ
2417 2860 2509 2931 μὲν
2540 2884 2567 2910 (ι
2610 2858 2662 2912 ἐν
2702 2862 2769 2931 τῇ
2799 2858 2916 2912 κατ’
2946 2856 3106 2912 αὐτὸν
3144 2863 3303 2934 γενεᾷ
3343 2856 3551 2921 δίκαιος
3591 2859 3675 2929 ἦν,
3711 2884 3739 2910 ››
3776 2862 3807 2916 6

2156 2947 2203 3004 δ’
2233 2948 2283 3004 ἐν
2332 2947 2476 3023 πέσῃ
2524 2953 2681 3022 γενεᾷ
2728 2947 2788 3001 ού
2843 2947 3006 3018 μόνον
3050 2945 3354 3002 διαπάντων
3402 2949 3464 3003 ἃν
3514 2948 3598 3019 εἴη
3652 2953 3808 3005 τοῦτ’

2154 3034 2299 3114 ἕχῶν
2353 3039 2489 3112 μετὰ
2538 3034 2739 3098 παντός
2798 3041 2893 3092 τοῦ
2952 3035 3253 3111 βελτιόνος,
3307 3036 3452 3093 ἀλλὰ
3510 3040 3600 3094 καὶ
3652 3040 3804 3095 πάνθ’

2162 3130 2304 3200 ὁμοῦ
2333 3133 2440 3182 τῶν
2490 3127 2904 3202 προσρημάτων
2934 3127 2999 3180 τὰ
3053 3125 3324 3181 κάλλιστα
3352 3146 3363 3158 ·
3400 3124 3523 3181 ἄνευ
3574 3125 3631 3182 δὲ
3674 3128 3805 3183 τού-

407 3224 577 3278 illum
609 3240 740 3278 cum
775 3223 894 3278 viro
926 3223 1201 3287 maximo,
1225 3226 1283 3276 et
1304 3239 1436 3278 cum
1468 3222 1821 3278 ineluctabili
1854 3223 1913 3278 in
1945 3240 2050 3278 nos

2160 3240 2289 3286 των,
2338 3222 2443 3271 ποῦ
2486 3218 2606 3270 ποτ’
2658 3214 2777 3270 ⁹ίσον
2827 3216 2862 3284 ἢ
2923 3215 3138 3286 ὅμοιον,
3198 3223 3268 3291 γῆ
3324 3215 3808 3290 κατακλυζομὲνη,

407 3312 809 3368 hereticorum
846 3312 1200 3378 incursione,
1234 3312 1382 3382 quod
1418 3316 1542 3367 tum
1586 3310 1692 3366 fuit.
1740 3311 2048 3380 diluvium,

409 3400 829 3473 composueris,
865 3400 1047 3464 facile.
1081 3405 1147 3455 ut
1175 3402 1267 3455 aio
1299 3416 1426 3470 ego,
1467 3400 1521 3455 id
1565 3401 1717 3468 quod
1745 3401 1936 3471 majus
1965 3405 2053 3457 est

409 3490 824 3564 deprehendes.
850 3489 1083 3545 Scilicet
1126 3512 1153 3539 ‹‹
1174 3507 1281 3545 suo
1312 3488 1518 3546 saeculo
1540 3490 1628 3544 vir
1660 3492 1854 3561 justus
1902 3490 2051 3545 Noa-

408 3581 554 3637 cbus
585 3584 711 3635 erat
737 3579 785 3616 ⁸³
815 3598 830 3647 ;
867 3600 894 3629 »
944 3584 1004 3634 at
1053 3584 1249 3633 noster
1289 3595 1638 3650 quocunque
1666 3580 1899 3647 smculo,
1934 3596 2049 3635 non

408 3667 581 3721 modo
610 3666 671 3721 in
694 3664 968 3721 omnibus
991 3667 1129 3735 jure
1158 3666 1377 3736 optimo
1408 3666 1563 3722 hunc
1594 3664 1899 3721 habiturus
1930 3670 2053 3722 erat

406 3754 661 3821 titulum,
714 3755 813 3811 sed
867 3760 1141 3824 praeterea
1191 3754 1475 3826 quidquid
1525 3754 2047 3825 pulcherrimarum

407 3844 650 3900 laudum
680 3843 1105 3915 titulorumque
1154 3853 1243 3898 est
1290 3843 1489 3900 simul.
1522 3845 1661 3898 Tum
1710 3860 1841 3898 vero
1881 3860 2053 3912 super

409 3934 555 3999 hac,
587 3933 865 4004 quidnam
902 3950 1003 4004 par
1030 3950 1095 3989 ac
1118 3933 1312 3988 simile
1344 3934 1535 4001 habet,
1568 3942 1722 3989 terra
1753 3934 1919 4003 aquis
1948 3950 2049 3987 co-

410 4024 631 4092 operta,
663 4037 845 4087 eaque
869 4022 955 4076 vel
992 4023 1298 4089 universa;
1352 4028 1408 4076 et
1447 4038 1735 4077 concussa
1776 4040 1843 4077 ac
1892 4022 2049 4076 labe-

407 4112 619 4164 factata
648 4109 939 4177 divinitas,
960 4119 1011 4165 et
1044 4111 1103 4165 in
1140 4111 1532 4182 propinquum
1566 4112 1816 4166 adducta
1847 4111 2048 4166 discri-

2163 3306 2258 3362 κᾶν
2293 3308 2434 3361 πᾶσά
2474 3327 2555 3368 τις
2606 3305 2738 3360 οὖσα
2785 3304 3049 3380 τυγχάνῃ,
3082 3305 3170 3359 καὶ
3220 3306 3415 3375 θεότης
3457 3304 3805 3378 κλονουμένη

2161 3398 2250 3451 καὶ
2304 3394 2708 3465 κινδυνεύουσα,
2757 3395 2791 3464 ἢ
2856 3395 3047 3465 μηκέτ’
3105 3394 3232 3449 εἶναι
3292 3393 3381 3450 διὰ
3435 3400 3543 3451 τῶν
3604 3396 3806 3451 ἀνίσων

2158 3491 2367 3558 τομῶν,
2400 3487 2435 3556 ἢ
2485 3489 2663 3546 κακῶς
2714 3485 2884 3552 εἶναι;
2918 3485 2979 3552 ἣν
3029 3483 3073 3537 εἰ
3121 3484 3196 3556 μή
3246 3484 3358 3538 τόθ’
3409 3484 3565 3546 οὗτος
3618 3484 3806 3561 ὥσπερ

2158 3576 2269 3630 τισὶ
2318 3579 2599 3649 κραταιοῖς
2644 3573 2969 3652 ὀχυρώμασι
3020 3577 3134 3635 τοῖς
3185 3571 3349 3627 αὐτοῦ
3399 3573 3583 3649 λόγοις
3641 3595 3804 3649 περι·

2163 3658 2371 3730 λαϐὼν,
2423 3663 2512 3715 καὶ
2562 3664 2677 3715 οἷον
2727 3661 3127 3734 κρατυνάμενος
3179 3662 3266 3715 καὶ
3316 3662 3567 3736 στηρίξας
3619 3663 3672 3718 ἐν
3709 3664 3803 3718 εύ-

2165 3748 2380 3806 σεϐοὖσι
2413 3757 2529 3811 τοῖς
2572 3750 2742 3824 ὅροις⁹
2786 3748 2971 3804 ἔπειτα
3007 3751 3097 3804 τὸν
3141 3751 3447 3824 θαυμαστὸν
3493 3752 3624 3826 ὑπὲρ
3663 3759 3807 3808 Θεοῦ

2158 3846 2347 3895 τοῦτον
2403 3839 2588 3911 ἀγῶνα
2641 3839 2879 3912 καθάπερ
2934 3839 3053 3893 τινα
3107 3840 3340 3913 κλῆρον,
3389 3839 3424 3908 ἢ
3483 3859 3810 3914 παρακατα-

2161 3931 2333 3999 θήκην
2394 3934 2510 3988 τοῖς
2569 3928 2757 4000 ἐφεξῆς
2821 3925 3020 3982 δέδωκε
3074 3930 3335 4002 χρῆσθαι,
3365 3930 3455 3983 καὶ
3513 3928 3810 4007 φυλάττειν

2159 4018 2235 4075 εἷς
2268 4016 2444 4087 τέλος,
2493 4043 2510 4067 ι
2549 4015 2630 4071 ἐπ’
2661 4017 2916 4076 ἀσθενοῦς
2948 4015 3005 4071 ἂν
3037 4023 3138 4086 τῆς
3172 4017 3387 4091 ῥώμης,
3424 4040 3449 4071 ι
3484 4022 3598 4072 κατ’
3630 4016 3814 4094 Εὔρι-

2158 4106 2345 4177 πίδην,
2378 4107 2443 4162 τὰ
2470 4111 2575 4160 τῶν
2607 4112 2934 4180 Χριστιανῶν
2966 4101 3156 4162 ἅπαντ’
3187 4106 3413 4185 ὠχεῖτο.

408 4218 567 4271 men,
598 4207 799 4256 autut
846 4217 960 4256 non
1011 4202 1282 4270 amplius,
1317 4218 1419 4271 per
1468 4200 1779 4271 inaequales
1828 4204 1918 4256 sui
1978 4201 2278 4266 sectiones,
2332 4206 2507 4263 esset,
2560 4205 2658 4253 aut
2710 4198 2857 4251 male
2914 4200 3154 4254 omnino
3212 4206 3537 4270 comparata
3592 4206 3745 4256 esset
3780 4202 3814 4257 τ

407 4306 585 4361 quam
617 4290 728 4345 nisi
759 4295 883 4344 tum
913 4296 1109 4344 noster
1139 4291 1262 4345 suis
1295 4289 1548 4360 scriptis,
1585 4289 1734 4345 velut
1768 4290 2150 4346 munimentis
2183 4289 2530 4360 quibusdam
2586 4287 2976 4354 validissimis,
3006 4287 3430 4357 circumplexus
3473 4289 3698 4357 fuisset,
3738 4307 3817 4349 ac

407 4380 573 4452 quasi
623 4379 1068 4434 communiisset
1116 4380 1627 4448 conﬁrmassetque
1674 4380 1731 4433 in
1784 4379 2069 4449 piissimis
2115 4379 2384 4432 terminis
2432 4377 2577 4437 suis.
2631 4382 2947 4446 posteaque
2993 4376 3337 4431 admirabile
3386 4377 3495 4433 hoc
3541 4394 3639 4447 pro
3684 4378 3814 4437 Deo

406 4476 725 4532 certamen,
781 4472 1060 4539 tanquam
1113 4485 1342 4524 sacrum
1393 4469 1684 4540 quoddam
1735 4467 2176 4538 patrimonium,
2229 4471 2331 4521 aut
2379 4466 2730 4535 depositum,
2781 4467 3064 4521 utendum
3118 4466 3384 4537 posteris,
3433 4474 3490 4521 et
3518 4468 3582 4522 ad
3622 4468 3813 4526 ﬁnem

406 4572 591 4629 usque
625 4573 813 4612 rerum
850 4558 1051 4612 sedulo
1081 4559 1517 4625 asservandum,
1551 4558 1908 4614 tradidisset.
1942 4578 1969 4606 ιι
2003 4556 2292 4613 imbecillo
2324 4557 2639 4611 admodum
2688 4556 2914 4616 robore,
2948 4576 2976 4606 »
3010 4560 3074 4612 ut
3103 4557 3185 4613 ait
3212 4555 3520 4629 Euripides
3551 4556 3664 4630 (17)
3710 4575 3817 4617 res

405 4648 860 4704 Christianorum
896 4662 1099 4701 omnes
1131 4654 1302 4702 vectae
1335 4649 1603 4703 fuissent.

476 4736 685 4792 CXVII.
721 4736 865 4799 Quid
902 4738 969 4790 ad
1005 4736 1133 4802 hoc,
1168 4753 1382 4807 quaeso,
1416 4753 1582 4809 opus,
1621 4737 1787 4802 scalas
1820 4737 2043 4807 Jacobi,
2079 4743 2130 4806 1)

405 4835 452 4878 et
489 4825 626 4895 pila.
655 4832 868 4880 etcum
906 4825 1019 4880 Deo
1050 4825 1309 4891 luctatio,
1345 4832 1400 4881 et
1432 4828 1754 4900 magnificae
1803 4827 1918 4882 illa
1962 4827 2049 4879 vi-

406 4915 597 4969 siones
629 4914 814 4970 sunt?
841 4930 971 4985 quae
994 4913 1225 4985 quando
1251 4914 1390 4969 nihil
1417 4915 1569 4970 aliud
1605 4923 1788 4984 erant,
1824 4915 1933 4971 nisi
1970 4932 2048 4971 re-

408 5019 535 5055 rum
561 5002 918 5059 occultarum
953 5003 1170 5076 figures,
1194 5008 1250 5058 et
1280 5020 1502 5059 arcanas
1538 5004 1805 5075 quedam
1840 5004 2050 5059 adum-

407 5090 723 5154 brationes.
755 5092 1249 5157 nibiladmodum,
1272 5094 1318 5146 si
1348 5109 1646 5163 nunquam
1678 5093 2046 5157 accidissent,

410 5179 639 5247 pietatis
669 5182 895 5252 negotio
928 5182 1199 5236 nociluraa
1226 5198 1238 5235 :
1272 5189 1472 5237 contra
1516 5198 1650 5237 vero
1680 5182 1800 5237 haec
1832 5187 2045 5248 nostra,

410 5272 680 5323 accurata
711 5269 1045 5339 dogmatum
1094 5287 1389 5326 sacrorum
1421 5271 1771 5342 explanatio,
1805 5277 1862 5327 et
1912 5270 2051 5325 reli-

407 5355 736 5429 giosissima
761 5358 1149 5431 philosOphia,
1175 5376 1536 5433 quaecunque
1558 5361 1643 5416 fas
1675 5366 1766 5418 eet
1790 5376 1959 5418 nosse
1980 5360 2052 5415 de

478 5536 524 5572 ⁸⁰
557 5539 688 5596 Luc.
720 5555 832 5608 xvr,
864 5540 953 5607 22,
986 5542 1073 5596 23.
1150 5542 1193 5579 σί
1225 5543 1395 5599 Hebr.
1427 5560 1508 5610 x1,
1538 5544 1592 5599 5.

2239 4737 2375 4790 PIZ'.
2409 4735 2469 4787 Τί
2520 4735 2655 4807 πρὸς
2704 4738 2863 4787 τοῦτο
2894 4733 2957 4787 τὸ
3005 4730 3188 4810 ἔργον,
3221 4736 3255 4803 ἡ
3305 4739 3401 4789 τοῦ
3432 4729 3625 4790 Ἰακὼϐ
3669 4735 3817 4794 κλί-

2163 4825 2262 4897 μαξ
2296 4824 2385 4877 καὶ
2420 4821 2622 4893 στήλη,
2722 4843 2779 4878 τε
2818 4822 2952 4892 πρὸς
2986 4824 3115 4878 Θεὸν
3153 4821 3328 4893 πάλη,
3359 4824 3448 4878 καὶ
3487 4830 3553 4877 τά
3586 4824 3817 4901 μεγάλα

2156 4919 2319 4968 ταῦτα
2391 4914 2669 4985 θεάματα;
2736 4911 2859 4965 ὅταν
2923 4913 3025 4984 γὰρ
3083 4911 3260 4967 ἐκεῖνα
3319 4914 3412 4983 μὶν
3470 4914 3601 4968 αὐτὸ
3652 4915 3816 4973 τοῦτ’

2156 5005 2195 5075 ᾖ
2255 5002 2436 5074 μόνον,
2500 5000 2834 5074 πραγμάτων
2892 4999 3219 5076 ἀπορῥήτιυν
3280 4998 3416 5056 ἰδέαι
3466 5002 3551 5055 καῖ
3616 5024 3815 5076 μυστι-

2157 5095 2247 5147 καί
2298 5112 2438 5153 τινες
2498 5091 2776 5169 ἐμφάσεις,
2820 5088 2971 5144 οὐδὲν
3024 5090 3065 5144 εἰ
3130 5092 3205 5162 μή
3261 5090 3516 5168 γεγόνασι
3570 5096 3651 5164 τῷ
3698 5101 3810 5164 τῆς

2158 5177 2430 5243 εὐσεϐείας
2475 5181 2868 5252 λυμαινόμεναι
2907 5178 3059 5254 λόγῳ
3094 5200 3108 5213 ·
3151 5181 3217 5235 τὰ
3256 5177 3303 5235 δ’
3333 5182 3571 5255 ἡμέτερα
3609 5186 3815 5244 ταῦτα,

2162 5267 2453 5344 δογμάτων
2500 5265 2742 5343 ἃκρίϐεια
2772 5269 2860 5321 καὶ
2913 5266 3214 5347 φιλοσοφία
3244 5269 3341 5323 ὅσα
3390 5290 3447 5324 τε
3476 5267 3643 5339 ἔξεστι
3677 5272 3816 5345 περὶ

2160 5363 2315 5427 Θεοῦ,
2358 5362 2489 5412 πᾶσι
2547 5357 2789 5427 καθάπαξ
2848 5354 3053 5424 ἔκδηλα
3108 5359 3422 5430 καθιστᾶσα,
3480 5359 3567 5413 καὶ
3626 5364 3812 5414 πᾶσαν
