4092 6300
272 429 378 489 337

1279 437 1679 498 LAUDATIO
1726 442 1788 498 S.
1839 439 2206 500 GItEGORlI
2254 439 2656 500 THEOLOGL

3559 439 3675 498 338

271 557 467 632 αἳρεσιν
526 560 948 631 στηλιτεύουσα,
1009 564 1081 616 ὧν
1142 563 1258 618 ἄνευ
1318 567 1415 620 οὐκ
1472 563 1547 620 ἔνι
1612 569 1762 640 βιοῦν
1821 569 1908 622 τὸν

2057 573 2168 637 )eo,
2193 572 2518 627 clarissima
2539 571 2811 628 omnibus
2835 571 3290 644 inluceponens,
3318 584 3676 642 omnemque

270 650 338 711 ὡς
420 648 647 719 ἀληθῶς
741 653 891 726 βιοῦν
975 655 1270 728 ᾑρημένον,
1357 661 1613 711 τοσοῦτον
1701 659 1914 712 ἐκείνων

268 744 433 792 ταῦτα
458 740 760 812 περίεστιν,
792 742 914 796 ὅσον
961 745 1021 797 τὸ
1062 748 1220 817 κοινῇ
1268 743 1612 813 λυσιτελοῦν,
1652 751 1747 801 τοῦ
1800 769 1916 817 μη-

271 825 351 882 δέν
385 850 437 881 τι
468 833 812 902 κεκτημένου
859 837 1116 888 τοσοῦτον
1149 853 1160 864 ·
1221 835 1330 906 ἅμα
1364 833 1422 889 δὲ
1469 836 1556 890 καὶ
1603 839 1668 904 ἧς
1720 836 1920 899 ἐκεῖνος

269 918 508 972 τεθέαται
541 918 839 991 κλίμακος,
873 920 971 976 οὔκ
1018 919 1184 994 ἐπέϐη
1217 947 1226 956 ·
1265 926 1290 978 ὁ
1324 922 1368 978 δ’
1420 927 1495 986 εἷς
1538 924 1697 1001 ἄκρον
1755 925 1914 1002 φιλο-

272 1010 465 1083 σοφίας
500 1008 666 1071 αὐτός
694 1031 751 1064 τε
783 1013 902 1078 ἧκε,
942 1011 1030 1065 καὶ
1081 1019 1196 1073 τοῖς
1229 1012 1425 1076 ἄλλοις
1475 1021 1603 1069 πᾶσι
1656 1013 1918 1089 θαρρούν-

267 1102 372 1156 τῶς
428 1091 724 1152 ἐπιϐαίνειν
762 1099 1030 1175 παρέσχεν
1068 1119 1079 1130 ⁸
1133 1103 1205 1156 ὼν
1249 1102 1472 1158 εἰδότων
1525 1105 1585 1158 τὸ
1636 1103 1776 1173 δέον,
1826 1105 1916 1158 καὶ

270 1185 396 1258 περὶ
453 1190 565 1239 τῶν
635 1185 951 1257 μελλόντων
1009 1190 1212 1263 ἀγαθᾶς
1279 1191 1512 1246 ἐντεῦθεν
1574 1193 1918 1267 κεκτημένων

272 1273 518 1344 ἐλπίδας,
549 1275 763 1348 μᾶλλον
794 1277 852 1333 ἔν
886 1301 967 1342 τις
1004 1281 1295 1355 Γρηγορίῳ
1329 1283 1617 1356 συγχαίροι
1649 1284 1681 1351 ἢ
1714 1288 1794 1354 τῷ
1822 1286 1918 1338 τοῦ

275 1365 455 1418 Ἰσαὰκ
480 1365 574 1419 καὶ
609 1363 807 1422 Ἰακὼϐ
855 1374 961 1424 τῶν
1002 1369 1256 1446 ἐγγόνων,
1291 1372 1369 1432 οἷς
1419 1371 1622 1433 ἐκεῖνος
1665 1373 1734 1427 τὰ
1785 1372 1920 1445 μέλ-

275 1451 437 1507 λοντα
469 1453 762 1530 προῦλεγε.

2027 662 2273 718 heresin
2309 661 2537 732 publica
2571 663 2988 733 proscriptione
3019 663 3339 734 conﬁgens,
3368 662 3495 716 sine
3535 658 3667 732 qui-

2032 753 2138 806 bus
2188 751 2377 806 vivere
2427 751 2648 821 nequit,
2699 751 2970 823 quisqnis
3020 768 3207 806 veram
3261 751 3452 806 vivere
3496 749 3674 804 vitam

2027 841 2350 905 constituit,
2387 845 2541 910 patet
2573 855 2708 896 sane
2741 847 2964 896 tantum
3017 841 3137 896 haec
3189 840 3321 895 istis
3376 847 3672 911 praestare,

2030 935 2247 999 quanto
2279 928 2432 999 quod
2465 931 2696 1000 egregio
2730 929 2960 999 publico
2984 931 3390 998 inservit,ante
3414 928 3554 984 illud
3581 933 3669 984 est

2028 1019 2182 1088 quod
2215 1019 2343 1086 ejus
2375 1018 2601 1087 generis
2641 1017 2816 1074 habet
2848 1018 3012 1074 nihil.
3043 1019 3254 1074 Adhan
3288 1035 3390 1075 nec
3408 1033 3554 1089 quas
3585 1016 3677 1074 vi-

2029 1108 2203 1162 debat
2246 1106 2434 1161 scalas
2486 1108 2823 1162 conscendit
2866 1107 3141 1164 Jacobus.
3189 1107 3398 1162 Noster
3453 1109 3672 1174 autem,

2027 1213 2162 1252 cum
2205 1195 2326 1267 ipse
2376 1212 2673 1251 summum
2723 1197 3032 1252 sanctioris
3092 1195 3471 1267 philosophias
3537 1210 3677 1265 gra-

2028 1288 2164 1341 durn
2187 1294 2494 1340 assecutus
2523 1289 2632 1353 est,
2675 1292 2795 1341 tum
2839 1287 2969 1342 aliis
2987 1287 3262 1342 omnibus
3304 1284 3457 1340 haud
3507 1285 3674 1340 dubi-

2029 1378 2217 1428 tanter
2249 1374 2596 1429 ascendendi
2632 1374 2965 1430 facultatem
3000 1376 3174 1439 dedit,
3216 1391 3364 1445 quos
3395 1378 3451 1430 et
3496 1372 3672 1428 officii

2028 1463 2117 1517 sui
2141 1463 2265 1532 jam
2292 1461 2702 1533 intelligentes,
2730 1466 2786 1518 et
2818 1480 2887 1519 ea
2910 1479 2969 1518 re
2999 1463 3247 1534 optimas
3274 1462 3481 1517 futuras
3524 1459 3679 1517 salu-

275 1545 347 1601 tis
401 1563 541 1617 spes
599 1549 1106 1619 adeptos,justiue
1139 1553 1352 1623 aliquis
1382 1554 1655 1625 Gregorio
1691 1553 2054 1624 gratuletur;
2114 1568 2289 1623 quam
2330 1553 2610 1624 quiquam
2664 1553 2734 1608 de
2785 1552 2966 1609 lsaaci
3012 1558 3068 1608 et
3115 1551 3313 1608 Jacobi
3361 1551 3670 1623 nepotibus

278 1651 406 1704 qua:
431 1636 576 1706 ipsis
611 1638 728 1693 fata
755 1638 1008 1696 Jacobus
1041 1641 1342 1696 cecinerat.

351 1729 505 1779 PIH'.
549 1727 643 1778 Καὶ
702 1729 810 1796 μὴν
842 1728 887 1781 εί
935 1729 1022 1782 καὶ
1075 1730 1387 1800 θαυμαστήν
1438 1728 1556 1802 ἔχει
1601 1729 1919 1807 φιλοτιμίαν

2105 1730 2339 1788 CXVlll.
2371 1731 2503 1787 Jam
2537 1736 2599 1786 ut
2647 1730 3048 1786 incredibilem
3083 1730 3198 1786 filio
3246 1731 3372 1800 ejus
3422 1729 3674 1800 Josepho

282 1814 483 1888 Ἰωσήφ
529 1819 608 1886 τῷ
668 1815 873 1870 ἐκείνου
913 1815 1089 1886 παιδί,
1147 1819 1207 1873 τό
1258 1821 1314 1874 τέ
1375 1823 1425 1873 οὶ
1475 1827 1576 1888 τῆς
1633 1817 1921 1888 δεσποίνης

282 1901 665 1973 έπιμανείσης,
725 1906 987 1980 ἀνώτερον
1047 1913 1235 1962 τοῦτον
1297 1909 1495 1985 ὦφθαι,
1549 1910 1638 1964 καὶ
1698 1909 1925 1980 κρείττω

282 1995 383 2044 τῶν
417 1991 624 2046 ἐκεῖθεν
675 1995 853 2065 βελῶν
891 2015 901 2026 ·
951 1999 1013 2050 τό
1065 1999 1109 2050 τ’
1158 1997 1222 2051 αὖ
1278 1996 1364 2052 διὰ
1410 2001 1500 2053 τὸν
1552 2004 1657 2053 τῶν
1707 1999 1928 2071 ὀνείρων

286 2080 605 2152 ἑρμηνείαν,
649 2084 858 2153 ἀπάσης
915 2086 1191 2160 Αἰγύπτου
1238 2087 1438 2166 τροφέα
1481 2088 1568 2142 καὶ
1621 2085 1929 2161 μελεδωνὸν

287 2177 643 2238 καταστῆναι,
685 2175 772 2226 καὶ
817 2174 1084 2249 γεγονέναι
1131 2182 1245 2237 τοῖς
1286 2179 1596 2249 πράγμασιν
1637 2176 1695 2231 ἐκ
1733 2180 1928 2249 καιρῷ,

290 2259 424 2324 ἦπου
479 2258 697 2332 κομιδῇ
757 2267 926 2317 πᾶσαν
980 2263 1212 2319 ἐπαίνων
1267 2262 1576 2338 ὑπερϐολὴν
1624 2261 1931 2340 ὑπερϐαίνει

294 2347 348 2400 τὰ
373 2347 541 2402 τοῦδε
577 2369 589 2380 ·
625 2351 770 2405 οὕτω
806 2353 901 2424 μέν
933 2354 1220 2427 παρθενίαν
1255 2351 1342 2408 διὰ
1379 2356 1500 2429 βίου
1530 2353 1726 2415 παντὸς
1751 2355 1931 2427 ίσΧΊΓ

291 2435 546 2510 κότος
608 2439 960 2512 ἠσκηκότος],
1005 2443 1078 2503 ὼς
1131 2441 1194 2496 ἄν
1237 2463 1381 2504 τινος
1429 2440 1554 2512 ἤτοι
1603 2445 1933 2498 παντάπασιν

307 2519 736 2599 ὓπερϐεϐηκότος
768 2529 829 2581 τὸ
854 2533 1034 2601 σῶμα,
1066 2531 1099 2598 ἢ
1138 2535 1297 2602 σῶμα
1327 2553 1387 2604 γε
1418 2530 1605 2600 ἄυλον,
1633 2532 1705 2593 ὡς
1739 2532 1932 2600 εἰπεῖν,

308 2614 662 2687 κτησαμένου,
720 2617 1066 2674 ἐπιτοσοῦτον
1120 2617 1176 2673 δὲ
1233 2620 1421 2696 σοφίας
1482 2622 1682 2691 ἰόντος,
1728 2623 1802 2683 ὡς
1853 2622 1928 2693 μὴ

306 2702 371 2755 ὁτι
416 2727 479 2778 γε
540 2705 638 2766 τὰς
697 2710 803 2760 τῶν
850 2708 1229 2782 αἱρετιζόντων
1284 2707 1492 2771 πλοκὰς
1534 2711 1622 2764 καὶ
1675 2710 1934 2784 στροφὰς,

297 2790 570 2862 διαλῦσαι,
611 2795 702 2848 καὶ
750 2801 854 2849 πᾶν
904 2795 952 2850 ε⁹ί
1001 2819 1054 2851 τι
1102 2804 1347 2852 τοιοῦτον
1401 2798 1613 2852 σκῶλον
1661 2801 1718 2853 ἐκ
1771 2798 1936 2870 μέσου

290 2884 374 2935 καί
427 2880 626 2950 πάλαι,
677 2885 762 2937 καὶ
816 2888 904 2938 νῦν
956 2889 1304 2956 πεποιῆσθαι,
1350 2886 1493 2942 ἀλλὰ
1544 2890 1631 2942 καὶ
1689 2893 1795 2942 τῶν
1856 2888 1938 2942 ἆν-

291 2971 529 3043 θρώπων
587 2972 846 3034 ἑκάστους
905 2981 1282 3047 πνευματικῶς
1341 2975 1640 3053 διατρέψειν
1687 2979 1938 3031 ἑκάστοτε

288 3058 569 3116 δύνασθαι.

363 3331 521 3387 ΡΙΘ’.
582 3334 734 3386 Ἐπεί
794 3333 883 3388 καὶ
939 3336 1031 3389 τὸν
1091 3334 1224 3389 κατᾶ
1281 3336 1427 3409 γένος
1483 3335 1664 3407 inf-np
1730 3338 1942 3410 προσή-

286 3439 465 3474 κοντα
499 3415 625 3474 Ἰώό
674 3444 820 3500 φημι
867 3424 958 3477 τὸν
1011 3425 1268 3494 Δύσίτην,
1319 3427 1458 3478 πάνυ
1507 3428 1794 3497 θαυμάζων
1843 3431 1942 3493 τῆς

285 3510 612 3583 καρτερίας,
664 3509 770 3584 ἐγὼ
822 3511 876 3565 δὲ
921 3513 1011 3566 καὶ
1059 3518 1253 3568 τοῦτον
1301 3513 1445 3568 πολὺ
1500 3513 1712 3585 μᾶλλον
1761 3516 1813 3568 ἐν
1853 3513 1948 3568 αὖ·

286 3602 421 3658 τοῖς
473 3599 689 3661 τοῦτοις
750 3603 782 3668 ἢ
861 3600 1061 3656 ἐκεῖνον
1129 3601 1244 3677 ἔχω
1311 3605 1620 3676 θαυμάζειν.
1679 3608 1770 3658 Ὧν
1847 3603 1947 3678 γὰρ

289 3688 512 3748 ἰκεῖνος
592 3687 739 3743 ἄκων
813 3687 1095 3765 ἐστέρητο,
1155 3691 1397 3746 πλούτου
1471 3693 1561 3746 καὶ
1627 3690 1785 3762 δόξης
1861 3693 1950 3746 καὶ

289 3779 528 3832 πάντων
579 3778 666 3839 οἷς
728 3776 1006 3852 ἄνθρωποι
1070 3780 1348 3855 χαίρουσι,
1397 3783 1544 3835 ταῦθ’
1606 3779 1760 3842 οὗτος
1815 3782 1950 3835 ἑκὼν

293 3866 395 3922 διὰ
460 3868 689 3942 Χριστὸν
749 3869 1051 3939 ἀπηξίωσεν
1107 3867 1334 3945 ’ίσχεινο
1401 3872 1643 3930 κάκεῖνος
1717 3871 1810 3941 μὲν
1866 3871 1952 3931 οἷς

291 3958 450 4033 πρὸς
507 3959 601 4019 τὰς
662 3957 802 4020 θείας
860 3961 1074 4035 ψήφους
1127 3959 1392 4014 ἀντειπεῖν
1450 3959 1593 4020 ὅλως
1657 3959 1762 4034 οὐχ
1838 3961 1954 4022 οἷός

295 4070 358 4104 τε
427 4044 521 4115 ὣν,
580 4047 718 4120 πρὸς
775 4048 1190 4124 μεγαλοψυχίαν
1248 4049 1299 4119 ἐξ
1361 4051 1596 4124 ἀνάγκης
1653 4049 1955 4127 ἐχώρησεν,

296 4135 512 4204 ἔδειξεν
554 4137 626 4197 ὡς
659 4137 722 4191 τὸ
764 4139 840 4210 μὴ
887 4142 1054 4193 ταῦτα
1103 4141 1312 4206 παθεῖν,
1356 4141 1478 4214 περῖ
1510 4137 1761 4200 πλείονος
1805 4138 1953 4212 ἦγεν.

297 4230 360 4281 '0
421 4222 500 4293 δὲ,
560 4224 798 4297 μάλιστα
854 4228 1068 4282 πάντων
1124 4225 1270 4306 ἔχων
1324 4230 1412 4282 καί
1469 4229 1720 4302 χρήμασι
1779 4225 1960 4301 περιρ-

300 4315 530 4389 ῥεῖσθαι
568 4315 655 4376 καὶ
716 4312 991 4385 δυναστείᾳ
1049 4317 1303 4391 προέχειν
1347 4319 1434 4370 καὶ
1494 4314 1749 4370 πάντοθεν
1808 4335 1960 4386 περι-

301 4400 639 4474 ϐλέπεσθαι,
670 4405 878 4460 τούτων
933 4402 1089 4459 οὐδὲν
1133 4402 1245 4460 οὐδ’
1296 4401 1447 4478 ὄναρ,
1499 4405 1571 4466 ὡς
1623 4404 1814 4478 λόγος,
1847 4405 1964 4472 ἠνέ-

2035 1820 2226 1891 glorias
2257 1823 2552 1876 materiem
2586 1821 2854 1892 prebeat,
2887 1825 3012 1875 tum
3038 1818 3194 1891 quod
3226 1819 3442 1875 furiose
3483 1818 3677 1890 ipsum

2036 1907 2387 1978 depereunte
2418 1908 2577 1972 hera,
2613 1909 2880 1979 superior
2906 1908 3220 1980 fortiorque
3241 1905 3676 1978 conjectisindi-

2037 1996 2169 2051 dem
2202 1997 2331 2052 telis
2362 1998 2653 2069 apparuit,
2685 2006 2809 2054 tum
2842 1999 2994 2069 quod
3040 2014 3138 2070 per
3178 1997 3539 2053 somniorum
3585 1995 3680 2051 in-

2038 2086 2509 2156 terpretationem
2560 2087 2752 2142 omnis
2784 2087 3012 2159 Egypti
3117 2086 3263 2142 altor
3338 2089 3681 2156 cnratorque

2039 2175 2391 2230 constitutus
2423 2175 2546 2243 fuit,
2581 2177 2826 2248 ipsoque
2858 2193 3052 2231 rerum
3090 2176 3326 2230 cardine
3373 2174 3684 2245 sospitator

2041 2262 2257 2319 affulsit
2285 2281 2296 2317 :
2334 2270 2734 2320 verumtamen
2760 2266 2930 2335 longe
2962 2280 3197 2320 omnem
3231 2265 3469 2318 laudum
3501 2278 3679 2318 exsu-

2043 2352 2360 2424 perantiam
2421 2371 2511 2409 res
2561 2355 2743 2409 nostri
2769 2355 3067 2418 excedunt,
3119 2354 3220 2424 qui
3271 2353 3348 2408 ita
3398 2352 3682 2407 illibatam

2043 2442 2393 2512 virginitatis
2414 2441 2705 2497 aureolam
2739 2447 2857 2498 toto
2897 2443 3022 2497 vitae
3073 2440 3362 2496 curriculo
3413 2439 3680 2506 servavit,

2046 2538 2108 2586 ut
2147 2531 2441 2602 quispiam
2474 2540 2573 2586 aut
2601 2548 2842 2602 corpore
2872 2532 3110 2586 omnino
3135 2531 3421 2601 superior,
3453 2537 3551 2584 aut
3574 2528 3683 2582 im-

2045 2620 2349 2684 materiali,
2382 2625 2446 2675 ut.
2468 2622 2549 2676 sic
2593 2621 2919 2692 loquamur,
2965 2637 3199 2687 corpore
3240 2620 3550 2691 praditns;
3587 2617 3684 2688 qui

2047 2715 2271 2765 tantum
2315 2710 2488 2765 etiam
2532 2710 2586 2764 in
2647 2727 2776 2764 vera
2824 2708 3104 2779 sapientia
3159 2709 3419 2780 profecit,
3453 2712 3519 2762 ut
3569 2721 3681 2762 non

2047 2799 2234 2853 solum
2281 2798 2682 2869 perplexabilis
2714 2800 3117 2854 haereticorum
3167 2795 3572 2870 captiunculas
3632 2798 3688 2849 et

2048 2887 2317 2960 strophas
2345 2887 2486 2943 scite
2515 2887 2865 2956 disolverit,
2907 2893 2965 2943 et
3019 2903 3191 2944 omne
3241 2883 3681 2951 otl'endiculum,

2049 2978 2097 3034 si
2129 2979 2282 3048 quod
2329 2994 2575 3048 nquam
2599 2983 2945 3045 occurreret,
2993 2977 3062 3032 de
3088 2977 3298 3039 medio,
3353 2984 3406 3030 et
3437 2973 3598 3040 olim,
3633 2978 3689 3028 et

2050 3067 2158 3122 hoc
2187 3068 2361 3124 etiam
2382 3071 2660 3139 tempore,
2693 3066 3015 3132 sustulerit,
3031 3068 3129 3121 sed
3152 3070 3209 3121 et
3240 3063 3506 3137 singulos
3528 3079 3691 3120 mor-

1968 3119 2010 3184 C
2049 3119 3174 3229 ἶᾶιίυῌξῖιιῌιῗιξιέρῦἷὲξἶῌίὶῖιῌαιι
3209 3119 3420 3226 pumilio
3454 3119 3689 3209 ‘aﬁ'atim

2052 3262 2284 3315 pascere
2325 3245 2589 3318 potuerit.

2122 3335 2302 3392 CXIX.
2356 3336 2528 3392 Porro
2593 3335 2857 3407 quamvis
2916 3335 3314 3406 propinquum
3379 3332 3578 3389 Jacobi
3639 3337 3694 3388 et

2052 3430 2385 3496 cognatum.
2433 3426 2647 3480 Jobum
2701 3425 2862 3479 illum
2924 3424 3184 3488 Ausitnn,
3229 3423 3299 3477 ob
3354 3421 3689 3490 patientiam

2056 3531 2408 3585 magnopere
2451 3514 2726 3580 admirer,
2788 3514 2942 3568 hunc
2996 3526 3258 3568 nostrum
3320 3521 3536 3578 tamen,
3588 3511 3696 3566 hoc

2056 3610 2252 3660 eodem
2286 3604 2541 3672 nomine,
2575 3603 2725 3658 haud
2754 3601 2921 3672 paulo
2955 3603 3082 3671 plus
3105 3617 3280 3672 quam
3305 3600 3471 3656 illum
3504 3600 3699 3656 admi-

2060 3694 2174 3748 rari
2205 3694 2389 3748 habeo
2423 3709 2590 3763 :qum
2619 3691 2798 3748 Jobus
2855 3693 3012 3747 enim
3044 3692 3167 3744 suis
3210 3690 3379 3761 plane
3427 3688 3699 3761 ingratiis

2060 3783 2281 3848 amisit,
2313 3781 2642 3848 facultates,
2686 3783 2953 3847 honores,
3008 3780 3229 3850 reliqua
3263 3779 3484 3848 omnia,
3535 3777 3700 3850 queis

2061 3871 2215 3927 afﬁci
2248 3871 2551 3927 hominum
2577 3870 2753 3928 animi
2785 3869 2994 3934 solent,
3027 3887 3092 3924 ea
3124 3873 3319 3924 noster
3342 3867 3514 3935 ultra,
3545 3865 3702 3922 Chri-

2063 3961 2136 4016 sti
2165 3978 2362 4026 causa,
2409 3977 2515 4016 nec
2574 3959 2787 4015 habere
2841 3975 3102 4030 unquam
3143 3958 3341 4013 voluit.
3392 3957 3541 4012 Tum
3574 3970 3706 4010 vero

2065 4055 2344 4121 pratersa
2371 4049 2492 4118 ille,
2525 4047 2800 4120 quoniam
2831 4063 2965 4102 cum
2997 4046 3142 4103 nihil
3173 4047 3491 4118 quidquam
3513 4043 3707 4102 divino

2065 4155 2354 4212 opponere
2394 4146 2594 4210 posset
2636 4138 2884 4210 judicio,
2936 4137 3365 4193 necessitudine
3416 4139 3606 4204 actus,
3638 4135 3704 4189 ad

2067 4228 2610 4300 magnanimitatem
2647 4226 2881 4282 tandem
2913 4225 3176 4281 veniebat
3239 4243 3251 4281 :
3321 4241 3385 4280 eo
3460 4222 3711 4280 ostendit

2069 4318 2231 4384 satis,
2265 4317 2450 4389 pluris
2467 4333 2530 4372 se
2549 4316 2786 4372 omnino
2807 4315 3011 4384 facere,
3036 4315 3165 4370 siin
3216 4315 3358 4370 istas
3410 4327 3707 4384 nunquam

2067 4407 2366 4462 incidisset
2431 4422 2740 4461 aerumnas.
2801 4407 2874 4459 At
2952 4409 3168 4469 noster,
3255 4403 3492 4460 tametsi
3561 4417 3712 4456 unus

305 4512 514 4570 σχέτο,
547 4491 691 4548 ἄλλα
720 4495 820 4561 τὴν
868 4500 966 4563 τῆς
1000 4494 1323 4572 φιλοσοφίας
1378 4496 1546 4566 μάζαν
1577 4494 1664 4548 καὶ
1711 4499 1773 4548 τὸ
1824 4493 1941 4549 λαν-

2071 4497 2334 4554 omnium
2367 4495 2637 4560 maxime,
2670 4499 2724 4549 et
2756 4492 3158 4549 circumfluere
3191 4491 3421 4564 opibus,
3452 4497 3509 4546 et
3531 4490 3714 4545 excel-

307 4586 504 4639 θάνειν
533 4583 623 4636 καὶ
660 4579 829 4656 μηδὲν
863 4581 1009 4657 ἔχειν
1042 4587 1139 4638 τοῦ
1170 4583 1365 4645 παντὸς
1397 4582 1640 4655 ἐτιμᾶτο.

396 5131 524 5186 PK'.
581 5132 772 5185 Μωσεῖ
831 5130 925 5203 μὲν
999 5126 1090 5182 οὗν
1147 5132 1226 5200 τῷ
1295 5126 1582 5200 νομοθέτῃ,
1640 5125 1730 5180 καὶ
1802 5120 1966 5180 Δαϐὶδ

311 5224 405 5291 τῷ
450 5223 550 5275 τοῦ
609 5219 826 5288 Ἰεσσαὶ,
883 5220 971 5273 καὶ
1029 5215 1175 5273 ἀλλὰ
1229 5218 1323 5290 μὲν
1386 5215 1562 5286 δήπου
1618 5235 1971 5291 προσμαρτυ-

324 5313 504 5382 ρεῖται
559 5312 670 5363 τῶν
725 5308 964 5382 ἀγαθῶν.
1023 5308 1086 5361 Ὀ
1144 5303 1200 5360 δὲ
1258 5304 1469 5360 πάντων
1537 5304 1801 5378 ἐξαίρετον
1881 5305 1971 5358 καὶ

325 5397 506 5452 οἱονεὶ
565 5395 845 5471 κολοφὼν,
921 5395 1182 5451 ἐπιείκεια
1247 5395 1336 5449 καὶ
1405 5395 1691 5468 πραότης·
1753 5395 1844 5448 καὶ
1909 5393 1974 5447 τὸ

329 5487 471 5540 κατᾶ
512 5489 606 5559 μὶν
655 5487 755 5556 τήν
803 5485 900 5541 τοῦ
932 5489 1066 5542 Θεοῦ
1113 5482 1334 5558 καρδίαν
1383 5481 1770 5544 πολιτεύοντας
1815 5481 1971 5549 εἶναι,

335 5576 473 5651 ὑπὲρ
516 5572 572 5632 δὲ
609 5581 718 5633 τῶν
778 5575 1079 5654 ὁμοφύλων
1135 5575 1235 5642 τὴν
1296 5575 1479 5647 ψυχὴν
1536 5573 1770 5646 δτοίμως
1829 5568 1976 5645 ἔχειν

335 5667 618 5739 προέσθαι.
665 5669 722 5721 ’0
773 5663 849 5735 δὲ,
899 5669 1062 5720 τοῦτο
1106 5660 1296 5736 μηδὲν,
1347 5665 1506 5730 ἧττον
1556 5662 1728 5717 αὐτῶν
1784 5683 1979 5732 κεκτη-

415 5844 462 5880 ⁶³
490 5845 514 5900 Ι
545 5847 686 5917 Reg.
710 5860 836 5913 xm,
861 5844 926 5901 14
949 5860 964 5914 ;
999 5849 1124 5900 Act.
1149 5859 1268 5912 xm,
1299 5841 1388 5898 23.

2073 4586 2189 4643 lere
2219 4583 2497 4658 potentia,
2530 4589 2587 4640 et
2621 4583 2989 4639 omnifariam
3023 4583 3227 4638 beatus
3259 4581 3569 4650 clarusque
3608 4579 3717 4634 ha-

2073 4675 2197 4730 beri
2226 4680 2464 4745 poterat,
2497 4673 2740 4730 istorum
2773 4676 2968 4728 tamen
3020 4670 3188 4739 nihil,
3249 4686 3322 4726 ne
3363 4669 3427 4725 in
3471 4667 3719 4725 somniis

2077 4764 2339 4838 quidem,
2368 4761 2613 4836 quodin
2663 4761 2966 4834 proverbio
3010 4765 3121 4826 est,
3171 4760 3319 4817 ferre
3367 4757 3574 4829 potuit,
3616 4757 3716 4814 sed

2078 4871 2241 4912 mus
2269 4852 2695 4926 philosophica,
2745 4851 2845 4909 sed
2897 4849 3148 4908 olitudo
3177 4856 3232 4906 et
3281 4862 3560 4914 recessus,
3619 4846 3719 4903 sed

2078 4945 2160 5002 rei
2191 4943 2410 5001 nullius
2457 4943 2694 5016 propria
2742 4942 3056 5016 possessio,
3109 4939 3194 4995 illi
3243 4937 3518 4996 omnibus
3568 4935 3721 4993 anti-

2082 5035 2286 5107 quiora
2317 5033 2496 5090 fuere.

2152 5124 2306 5181 CXX.
2332 5123 2478 5179 Mosi
2508 5139 2640 5179 vero
2671 5121 3003 5190 legislatori,
3037 5122 3092 5174 et
3132 5117 3355 5184 Davidi,
3403 5117 3603 5173 Jessmi
3651 5116 3726 5172 ii-

2084 5213 2184 5279 lio,
2213 5229 2345 5271 cum
2375 5213 2501 5268 aliis
2532 5212 2772 5267 virtutes
2803 5211 3122 5280 (sacrarum
3155 5206 3520 5275 Litterarum)
3555 5206 3724 5262 testi-

2085 5303 2281 5356 monio
2313 5301 2673 5366 tribuuntur,
2710 5304 2834 5353 tum
2867 5297 3018 5369 quod
3047 5297 3405 5368 pracipnum
3437 5295 3726 5358 omnium,

2086 5395 2140 5446 et
2171 5391 2332 5447 velut
2363 5390 2645 5462 colophon
2675 5393 2765 5444 est
2797 5386 3116 5443 moderatio
3151 5389 3207 5442 et
3235 5385 3466 5452 lenitas,
3493 5389 3548 5440 et
3573 5382 3725 5456 quod

2089 5504 2117 5532 «
2152 5481 2476 5539 secundum
2506 5496 2604 5538 cor
2634 5477 2734 5535 Dei
2754 5477 2822 5544 ⁵³,
2847 5497 2870 5528 υ
2906 5477 3063 5533 dicta
3077 5494 3187 5533 sua
3217 5476 3485 5547 factaque
3533 5472 3729 5530 omnia

2090 5575 2523 5642 componerent,
2546 5571 2603 5623 et
2633 5567 2822 5638 ipsam
2854 5564 3032 5622 etiam
3055 5565 3308 5622 animam
3349 5566 3559 5620 civium
3594 5577 3730 5618 suo-

2095 5679 2224 5717 rum
2257 5677 2435 5717 causa
2468 5659 2813 5732 profundere
2847 5660 3030 5728 parati
3053 5664 3267 5722 essent,
3303 5657 3429 5727 jam
3481 5664 3540 5710 ut
3584 5654 3732 5715 hanc
