4092 6300
445 413 561 473 339

1736 416 2139 485 THEODULI
2184 423 2236 482 Μ
2245 423 2539 487 ONACHI

3711 436 3813 496 340

446 580 565 621 non
598 564 792 622 minus
823 582 997 638 quam
1027 565 1113 622 illi
1144 569 1342 623 noster
1380 565 1656 623 virtutem
1689 567 1955 640 habebat,
2005 572 2075 628 ita

2202 555 2385 627 μενος,
2446 555 2595 612 δυοῖν
2652 563 2768 613 τοῖν
2834 560 3109 638 μεγίστοιν
3177 562 3240 617 τὸ
3305 566 3500 638 κράτος
3548 563 3816 640 λαμϐάνει,

443 655 711 713 maximis
739 657 969 713 duabus
993 657 1174 713 victor
1212 660 1300 713 est
1332 674 1347 711 :
1398 656 1728 728 virginitate
1758 659 2001 731 scilicet,
2031 667 2088 720 et

444 745 598 818 quod
632 746 915 805 adversus
952 745 1332 802 ambitionem
1382 747 1632 804 invictus
1669 749 1848 812 stetit,
1902 751 2085 806 animi

444 839 637 893 autem
684 836 989 892 affectibus
1058 836 1361 907 brutisque
1438 837 1717 906 motibus,
1774 838 2081 911 plusquam

442 923 591 980 alius
621 924 913 996 quispiam
942 926 1318 997 imperitavit,
1360 942 1576 997 suaque
1615 929 1864 1000 quadam
1897 930 2082 1002 impe-

442 1014 656 1070 ratoria
700 1012 1018 1071 calliditate
1066 1015 1429 1086 spiritualem
1483 1015 1650 1071 illum
1701 1016 2082 1091 Pharaonem,

443 1118 765 1175 omnesque
790 1103 950 1160 illius
984 1105 1181 1176 copias
1210 1104 1538 1173 debellavit,
1561 1122 1736 1178 quem
1766 1123 1871 1179 ego
1904 1126 2081 1167 unum

439 1192 803 1250 verissimum
830 1194 1194 1252 fortitudinis
1235 1193 1630 1267 principatum
1660 1199 1867 1255 merito
1897 1200 2085 1271 appel-

440 1280 703 1338 laverim.

509 1369 707 1427 CXXI.
740 1370 862 1435 Quo
911 1376 1105 1428 autem
1154 1372 1280 1429 loco
1320 1372 1576 1446 Gregorii
1626 1376 1812 1432 nostri
1858 1376 2079 1435 theolo-

434 1459 589 1531 giam
619 1458 979 1517 collocabis?
1010 1477 1126 1517 rem
1161 1477 1301 1518 sane
1334 1468 1575 1533 tantam,
1607 1468 1665 1519 et
1711 1469 1868 1520 tanto
1917 1481 2080 1521 com-

437 1547 770 1605 mendatam
800 1563 973 1620 opere
1003 1554 1067 1604 ut
1095 1551 1167 1606 ad
1200 1549 1349 1606 hanc
1394 1549 1540 1607 nihil
1589 1552 2078 1609 decantatissimae

436 1633 617 1690 Mosis
646 1635 860 1691 tabulas
891 1637 1030 1692 sint.
1074 1636 1210 1700 Quae
1246 1638 1573 1708 quamlibet
1599 1640 1852 1695 maximo
1901 1656 1969 1695 ex
2016 1658 2079 1696 se

434 1725 494 1780 in
527 1725 712 1798 pretio
760 1725 1049 1796 habenda,
1101 1727 1316 1800 quippe
1367 1728 1644 1786 divinitus
1690 1735 1746 1785 et
1797 1730 2077 1787 ineffabili

435 1814 690 1886 quodam
719 1824 958 1873 exaratis
998 1818 1190 1885 modo,
1242 1818 1628 1889 corporalium
1683 1823 1878 1875 tamen
1932 1836 2075 1892 pm-

433 1908 736 1977 ceptorum
765 1905 1099 1963 sanctiones
1119 1914 1325 1976 erant;
1350 1913 1407 1965 at
1436 1908 1616 1965 nostri
1641 1907 2075 1981 theologia,non
2109 1932 2154 1994 Β

434 1994 712 2051 divinitus
742 1998 912 2053 modo
942 1997 1201 2069 aspirata
1227 2006 1373 2066 erat,
1400 1999 1502 2055 sed
1542 2003 1600 2055 et
1638 1998 1822 2055 Deum
1856 1999 2075 2069 ipsum,

434 2087 501 2139 ut
530 2085 704 2140 verbo
733 2085 951 2154 dicam,
970 2086 1244 2142 omnibus
1264 2087 1632 2143 commendat
1657 2091 1715 2143 et
1742 2087 2074 2156 confirmat,

431 2175 489 2229 et
510 2189 638 2244 quae
658 2172 730 2229 de
759 2173 876 2231 Deo
909 2174 1126 2231 sentire
1172 2176 1496 2243 conveniat,
1539 2178 1870 2232 communis
1919 2191 2076 2246 quai-

433 2260 568 2318 dam
614 2262 897 2333 legislatio
952 2266 1013 2318 et
1065 2263 1201 2319 finis
1259 2270 1368 2330 est,
1422 2263 1648 2322 scilicet
1702 2264 2079 2322 exactissima

432 2352 591 2407 omni
621 2350 913 2408 elaborata
941 2368 1104 2422 cura,
1136 2369 1335 2424 quave
1364 2353 1587 2411 nullam
1619 2353 1913 2424 cuiquam,
1957 2352 2077 2410 ulla

432 2456 501 2495 ex
549 2448 728 2511 parte,
785 2442 1254 2513 reprehensionis
1294 2459 1498 2500 ansam
1570 2443 1842 2515 prebeat,
1878 2458 2074 2499 verum

433 2531 554 2585 tuta
586 2530 842 2600 undique
869 2537 924 2586 et
954 2530 1415 2603 impenetrabilis
1466 2532 1557 2601 sit,
1592 2533 1830 2603 perinde
1869 2548 1936 2588 ac
1985 2531 2077 2587 di-

429 2617 632 2674 vinum
659 2620 955 2690 quoddam
984 2620 1308 2688 oraculum,
1340 2628 1439 2678 aut
1469 2621 1664 2678 delata
1691 2621 1832 2678 ccelo
1846 2625 2078 2678 senteno

431 2707 531 2776 tia,
564 2712 622 2763 et
649 2707 767 2764 vim
798 2708 936 2765 inde
965 2710 1487 2782 auctoritatemque
1516 2726 1684 2767 suam
1735 2712 1963 2782 adepta.

501 2797 718 2855 CXXII.
760 2798 1077 2871 Gregorius
1107 2816 1298 2871 porro,
1332 2801 1487 2871 quod
1529 2816 1716 2871 usque
1759 2801 1903 2856 adeo
1957 2799 2076 2854 hu-

430 2901 636 2944 manus
664 2893 722 2944 et
756 2887 1096 2960 benevolus,
1137 2895 1195 2945 et
1218 2889 2075 2962 misericorsergacmnsserat,

431 2979 496 3032 ut
525 2992 592 3032 ea
623 2996 652 3027 «
675 2993 735 3034 re
764 2999 793 3027 ‹‹
818 2976 1034 3034 viscera
1064 2977 1382 3047 charitatis,
1405 3000 1435 3030 ‹‹
1480 2979 1826 3035 vocitaretur
1858 2994 1874 3034 :
1918 2978 2073 3049 quod

428 3064 568 3123 item
597 3065 657 3122 in
689 3066 913 3123 deliciis
939 3066 1120 3123 vitam
1153 3083 1322 3138 agere
1337 3083 1472 3124 cum
1496 3071 1710 3140 posset,
1729 3068 2073 3130 nollet.ccn-

428 3159 517 3208 tra
547 3168 678 3210 vero
702 3154 830 3226 ,ἱυεί
866 3160 1167 3227 metasque
1197 3172 1397 3212 omnes
1426 3173 1673 3228 egressas
1714 3156 1920 3212 inediae
1951 3173 2076 3213 sese

428 3243 685 3311 dederet,
717 3243 807 3297 his
835 3242 931 3299 ille
964 3244 1139 3300 rebus
1176 3251 1491 3316 utrumque
1552 3261 1986 3314 praecursorem,
2017 3249 2073 3300 et

423 3333 701 3388 Joannem
723 3333 1012 3389 Zacharias
1045 3334 1228 3395 filium
1260 3340 1317 3391 et
1342 3334 1521 3391 Eliam
1548 3336 1880 3402 Thesbilen,
1907 3341 2070 3391 ante-

428 3422 570 3479 ibat.
613 3421 821 3488 Eliam,
855 3423 1035 3478 nimio
1068 3425 1317 3494 quodam
1355 3424 1477 3480 zelo
1522 3441 1586 3479 eo
1629 3425 1955 3496 abreptum,
2014 3430 2079 3479 ut

429 3511 923 3567 cemmiserationi
954 3514 1190 3567 clausus
1215 3518 1402 3579 esset;
1437 3512 1778 3584 Baptistam,
1832 3514 2073 3585 penuria

432 3600 581 3655 alius
611 3600 805 3656 idonei
837 3601 1094 3656 alimenti
1117 3603 1186 3655 ad
1211 3601 1462 3658 locustae
1487 3602 1673 3658 etmel
1695 3602 1963 3660 silvestre
1980 3602 2078 3658 ad-

428 3693 645 3744 actum.
661 3692 815 3753 Quod
841 3694 1033 3745 autem
1050 3692 1367 3762 «majorem
1381 3692 1507 3762 ipso
1524 3691 2078 3760 exortumfuisse“,»

431 3785 620 3847 negat,
652 3777 709 3833 id
737 3779 881 3833 nihil
913 3780 985 3835 ad
1019 3780 1170 3836 hanc
1195 3797 1317 3836 rem
1342 3781 1478 3836 facit
1509 3798 1524 3835 :
1558 3798 1673 3837 non
1724 3782 1880 3837 enim
1916 3782 2075 3836 futu-

434 3884 559 3922 rum
593 3867 852 3924 exclusit.
888 3868 1113 3925 Rursus
1145 3870 1300 3940 quod
1333 3868 1417 3924 illi
1448 3872 1621 3926 ambo
1669 3887 1772 3941 pro
1822 3870 1894 3925 iis
1943 3886 2071 3941 quo

428 3955 688 4026 legitima
715 3963 772 4011 et
815 3958 972 4027 justa
1024 3962 1241 4023 essent,
1294 3958 1527 4014 heroica
1585 3959 1836 4028 quadam
1894 3958 2074 4015 liber-

430 4052 541 4099 tate
563 4044 680 4100 oris
702 4044 775 4115 ad
800 4045 1089 4115 principes
1120 4063 1258 4102 suos
1283 4047 1373 4101 usi
1407 4047 1564 4102 fuere
1589 4064 1602 4113 ;
1637 4052 1835 4101 noster
1879 4052 2071 4102 autem

429 4151 529 4202 pro
560 4134 863 4190 divinitate
891 4135 1039 4205 ipsa,
1071 4137 1349 4192 adversus
1390 4145 1687 4208 protervos
1742 4137 2068 4192 divinitatis

428 4222 901 4292 calumniatores,
932 4226 1136 4280 eadem
1169 4242 1313 4281 usus
1331 4233 1421 4282 est
1444 4243 1459 4293 ;
1483 4230 1609 4281 tum
1635 4226 1789 4297 quod
1814 4224 1896 4281 illi
1928 4226 2073 4281 nihil

426 4312 745 4382 quidquam
774 4327 973 4369 eorum
1007 4331 1134 4385 qua:
1165 4315 1600 4371 destinaverant
1640 4315 1952 4385 perfecere,
1974 4332 2074 4371 no-

2194 647 2481 719 παρθενεία
2530 668 2588 702 τε
2633 649 2726 703 καὶ
2777 654 2855 721 τῷ
2912 652 2988 723 μὴ
3040 648 3198 721 δόξης
3243 654 3524 723 ἡττᾶσθαι,
3566 653 3703 711 ἀλλὰ
3733 658 3818 732 βα-

2195 732 2424 788 σιλεύειν
2458 737 2552 808 μὲν
2603 741 2709 791 τῶν
2762 741 2947 794 παθῶν
2979 739 3067 794 καὶ
3117 744 3222 795 τῶν
3276 742 3493 818 ἀλόγων
3524 751 3619 813 τῆς
3647 748 3815 820 ψυχῆς

2191 825 2509 895 κινημάτων
2557 827 2753 887 παντὸς
2806 825 3042 900 μᾶλλον,
3094 839 3554 908 καταστρατηγεῖν
3628 832 3681 888 δὲ
3732 840 3819 889 τοῦ

2192 916 2393 979 νοητοῦ
2438 913 2663 983 Φαραὼ,
2714 914 2804 968 καὶ
2856 921 2957 981 τῆς
3006 915 3170 969 αὐτοῦ
3225 920 3500 992 στρατιὰς,
3534 920 3596 990 ἢν
3656 921 3813 993 μόνην

2189 994 2354 1075 ἔγωγ’
2384 1000 2443 1054 ἂν
2473 1000 2635 1077 φαίην
2668 1003 2741 1065 ὡς
2773 1001 2998 1074 άληθῶς
3034 1005 3330 1078 ἀριστείαν.

2259 1360 2428 1414 ΡΚΑ’.
2496 1361 2605 1413 Ποῦ
2646 1354 2723 1414 ’δὲ
2783 1362 2965 1430 θήσεις
3024 1363 3123 1432 τὴν
3164 1362 3359 1418 τούτου
3409 1363 3687 1439 θεολογίαν
3726 1388 3816 1422 το-

2190 1449 2378 1501 σοῦτον
2421 1444 2581 1502 οὖσαν
2637 1449 2727 1502 καὶ
2778 1448 2920 1504 οὓτω
2975 1451 3418 1524 θαυμαζομένην,
3469 1454 3544 1514 ὡς
3599 1455 3685 1510 καὶ
3730 1455 3816 1518 τὰς

2189 1533 2521 1607 ὑμνουμένας
2578 1536 2785 1592 ἐκείνου
2817 1536 3050 1608 ιπλάκας
3105 1541 3166 1595 τὸ
3247 1539 3414 1613 μηδὲν
3489 1542 3621 1598 εἶναι
3690 1542 3817 1617 πρὸς

2186 1623 2424 1693 ταύτην;
2486 1624 2636 1701 εἶ’περ
2679 1627 2734 1680 αἱ
2779 1629 2896 1700 μὲν,
2946 1628 2990 1682 εἰ
3038 1629 3127 1684 καὶ
3168 1629 3385 1686 πολλοῦ
3452 1653 3601 1695 τινος
3664 1631 3813 1702 ἄξιαι,

2184 1717 2264 1785 τῷ
2311 1716 2469 1776 θείως
2524 1717 2613 1770 καὶ
2655 1714 2908 1792 ἀρρήτως
2946 1717 3372 1795 ἐγκεχαράχθαι,
3417 1720 3546 1776 ἀλλ’
3586 1721 3687 1797 ἄρα
3716 1743 3814 1775 σω-

2189 1808 2429 1873 ματικῶν
2469 1805 2605 1874 ἦσαν
2654 1803 3032 1880 ἐπιταγμάτων
3083 1808 3271 1880 θεσμοί
3309 1828 3322 1841 ·
3373 1808 3462 1879 ἥδ’
3512 1811 3622 1885 οὐχ
3677 1810 3816 1870 ὅπως

2185 1891 2363 1945 θεόθεν
2410 1894 2509 1960 τὴν
2569 1892 2848 1949 ἐπίπνοιαν
2902 1892 3079 1972 ἔσχεν,
3131 1895 3278 1953 ἀλλὰ
3354 1899 3443 1952 καὶ
3484 1901 3612 1955 Θεὸν
3666 1899 3814 1954 αὐτὸν

2187 1981 2261 2044 ὡς
2306 1982 2477 2037 εἰπεῖν
2525 1985 2830 2054 συνίστησιν
2880 1988 3045 2042 ἅπασι
3105 1992 3194 2044 καί
3257 1990 3526 2062 κρατύνει,
3582 1989 3671 2045 καὶ
3724 1993 3813 2043 τοῦ

2187 2076 2407 2146 φρονεῖν
2439 2072 2473 2125 ἃ
2500 2073 2695 2128 τούτου
2726 2075 2849 2148 πέρι
2880 2082 3125 2148 προσῆκε
3159 2096 3173 2145 ;
3223 2080 3380 2147 κοινή
3440 2077 3523 2141 τίς
3573 2076 3681 2133 ἐστι
3734 2097 3813 2131 νο-

2189 2160 2411 2231 μοθεσία
2469 2161 2559 2215 καὶ
2618 2162 2741 2233 ὅρος
2798 2167 2876 2234 τῷ
2932 2161 3021 2218 διὰ
3060 2165 3235 2234 πάσης
3277 2162 3527 2239 άκριϐεία
3569 2167 3812 2243 ἀφῖχθαι,

2183 2248 2273 2302 καὶ
2316 2244 2511 2322 μηδενὶ
2554 2249 2684 2323 μηδ’
2741 2252 2992 2319 ἡντινοῦν
3046 2252 3109 2307 τὸ
3156 2253 3403 2327 παράπαν
3462 2253 3550 2308 ἐπὶ
3629 2251 3813 2327 μηδενὶ

2186 2333 2393 2393 διδόναι
2427 2332 2627 2408 λαϐὴν,
2666 2336 2794 2394 ἀλλ’
2841 2341 3252 2420 ἀνεπιχείρητον
3293 2345 3630 2400 παντάπασιν
3661 2345 3813 2412 εἶναι,

2185 2426 2419 2503 καθάπερ
2476 2430 2597 2484 τινὰ
2653 2431 2794 2484 θεῖον
2859 2433 3115 2505 χρησμὸν
3183 2434 3219 2503 ἢ
3276 2437 3458 2508 ψῆφον
3538 2433 3812 2513 οὐρανόθεν

2184 2519 2611 2592 κατενεχθεῖσαν,
2645 2518 2928 2595 καὶταύτῃ
2961 2520 3023 2575 τὸ
3051 2523 3252 2595 κράτος
3286 2520 3539 2598 ἔχουσαν.

2257 2791 2421 2847 ΡΚΒ’.
2461 2792 2553 2852 Ὃς
2603 2791 2689 2852 οἷς
2740 2791 2834 2863 μὲν
2886 2790 3030 2848 οὕτω
3078 2792 3479 2867 φιλανθρώπως
3531 2796 3653 2869 εἶχε
3693 2795 3818 2869 πρὸς

2184 2879 2385 2942 πάντας
2432 2880 2518 2934 καὶ
2590 2881 2910 2953 συμπαθῶς,
2956 2904 2984 2932 ‹‹
3047 2880 3124 2942 ὡς
3175 2880 3465 2958 σπλάγχνα
3517 2884 3821 2959 χρηστότη-

2183 2988 2275 3031 τος
2306 2992 2334 3022 ››
2377 2968 2737 3041 ὀνομάζεσθαι
2769 2986 2783 3001 ·
2828 2969 2906 3032 οἷς
2955 2966 3013 3024 δὲ
3060 2974 3261 3047 τρυφᾷν
3309 2969 3532 3027 ἐδύνατο
3585 2974 3702 3046 μὲν,
3730 2973 3820 3027 οὐκ

2184 3052 2442 3113 ἐϐούλετο
2495 3054 2571 3127 δὲ,
2622 3057 2767 3113 ἀλλὰ
2817 3056 3056 3128 διηνεκεῖ
3092 3060 3185 3113 καὶ
3237 3056 3666 3136 ὑπερϐαλλούσῃ
3704 3062 3817 3123 τοὺς

2185 3142 2345 3220 ὅρους
2403 3146 2625 3218 νηστείᾳ
2680 3152 2987 3222 προσεῖχεν,
3066 3146 3300 3221 ἑκατέρω
3368 3150 3447 3204 τὼ
3524 3149 3814 3226 προδρόμω

2184 3235 2382 3310 παρῄει
2435 3255 2447 3267 ’
2498 3238 2588 3290 τόν
2648 3257 2705 3291 τε
2759 3240 2853 3290 τοῦ
2902 3238 3196 3310 Ζαχαρίου,
3243 3240 3329 3292 καὶ
3380 3240 3472 3293 τὸν
3520 3235 3776 3309 Θεσϐίτην
3806 3256 3817 3269 ·

2184 3328 2277 3383 τὸν
2332 3327 2449 3397 μὲν,
2498 3326 2726 3401 ἀμετρίᾳ
2772 3330 2867 3380 τοῦ
2923 3324 3116 3396 ζήλου,
3152 3328 3287 3401 πρὸς
3327 3330 3389 3383 τὸ
3430 3331 3507 3400 μὴ
3552 3329 3821 3403 συμπαθὲς

2188 3415 2482 3492 ἐξαχθέντα
2533 3436 2546 3449 ·
2595 3415 2687 3470 τὸν
2718 3412 2814 3486 ξὸὲ,
2851 3413 2919 3468 δι’
2950 3415 3194 3489 (ἀπορίαν
3250 3418 3562 3491 βρωμάτων
3612 3419 3819 3491 ἑτέρων,

2188 3507 2325 3579 πρὸς
2374 3504 2596 3579 ἀκρίδας
2630 3504 3077 3580 καταπεφευγότα
3105 3504 3194 3559 καὶ
3247 3503 3394 3577 μέλι.
3438 3506 3500 3561 Εἰ
3536 3506 3615 3578 δὲ,
3650 3532 3678 3559 (ι
3718 3505 3822 3563 Οὐκ

2190 3594 2503 3668 ἐγήγερται,
2528 3594 2685 3671 φησί,
2720 3593 2945 3665 μείζων,
2981 3615 3006 3646 s
3042 3591 3192 3648 οὐδὲν
3225 3595 3360 3668 πρὸς
3393 3595 3582 3671 λόγον.
3608 3597 3687 3653 Ού
3728 3594 3822 3669 γὰρ

2187 3685 2424 3762 ἐπεῖρξαι
2457 3687 2716 3759 [ἄπεῖρξε]
2748 3686 2809 3741 τὸ
2843 3684 3048 3757 μέλλον
3081 3705 3093 3718 ·
3145 3686 3233 3740 καὶ
3287 3688 3417 3759 μὴν,
3448 3688 3512 3742 τὸ
3550 3690 3677 3751 τοὺς
3712 3687 3821 3760 μὲν,

2191 3776 2320 3850 ὑπὲρ
2370 3780 2468 3831 τοῦ
2512 3774 2753 3847 νομίμου
2800 3795 2859 3829 τε
2913 3774 3002 3829 καὶ
3071 3772 3306 3844 δικαίου,
3369 3778 3657 3850 θαυμαστῇ
3723 3796 3821 3829 τινι

2186 3862 2463 3940 παρῥησίᾳ
2523 3863 2908 3942 χρησαμένους
2968 3863 3106 3937 πρὸς
3172 3868 3299 3927 τους
3339 3866 3687 3934 κθατοῦντας,
3737 3865 3822 3918 τὸν

2188 3951 2235 4008 δ’
2270 3954 2402 4026 ὑπὲρ
2450 3954 2548 4020 τῆς
2597 3953 2852 4021 θεότητος
2900 3950 3090 4022 αὐτῆς,
3130 3953 3264 4026 πρὸς
3308 3952 3436 4016 τοὺς
3470 3961 3574 4025 τῆς
3632 3953 3821 4021 θεότη-

2186 4062 2279 4103 τος
2312 4037 2587 4117 ὑῦριστᾶς,
2631 4042 2757 4103 τοὺς
2793 4042 2907 4113 μὶν,
2940 4042 3013 4095 ὧν
3061 4035 3358 4097 ἐϐούλοντο
3402 4040 3703 4113 μηὸοτιοῦν
3736 4063 3822 4096 το-

2188 4135 2438 4207 παράπαν
2484 4131 2781 4207 εἷργάσθαι,
2837 4131 2929 4185 τὸν
2980 4128 3055 4198 δὲ,
3124 4131 3340 4207 μεγάλα
3402 4134 3490 4187 καὶ
3548 4130 3827 4206 θαυμαστᾶ

2187 4224 2482 4294 στήσασθαι
2511 4220 2768 4296 τρόπαια,
2799 4219 2850 4272 τί
2887 4240 2968 4279 τις
3016 4218 3077 4273 ἂν
3128 4219 3271 4275 εἴποι
3307 4246 3321 4290 ς
3352 4221 3425 4277 Ἦ
3483 4218 3677 4292 δῆλον,
3720 4218 3823 4292 ὅπῃ

2182 4314 2245 4369 τὸ
2275 4310 2496 4386 κράτος,
2527 4306 2621 4364 κᾶν
2651 4310 2811 4381 ἡμεῖς
2844 4310 2919 4380 μή
2954 4307 3230 4384 λέγωμεν.

427 4410 546 4458 ster
573 4408 776 4458 contra
807 4402 1061 4459 maxima
1089 4412 1142 4459 et
1174 4403 1604 4477 gloriosissima
1632 4404 1932 4461 statuebat
1963 4405 2244 4476 trophaea,
2290 4403 2427 4475 quid
2489 4401 2697 4456 dixerit
2753 4399 3093 4471 quispiam?
3149 4416 3222 4456 an
3283 4417 3414 4457 vero
3473 4407 3634 4473 patet
3694 4400 3831 4457 satis

428 4506 547 4560 qua
585 4495 749 4560 parte
779 4491 1020 4546 victoria
1048 4492 1270 4557 sedeat,
1300 4492 1534 4548 tametsi
1572 4509 1680 4548 nos
1709 4491 1858 4548 nulli
1889 4491 2155 4549 dicamus
2174 4492 2201 4547 ?

496 4579 747 4635 CXXIII.
785 4584 1082 4636 Postremo
1114 4583 1183 4636 de
1207 4580 1370 4637 Petro
1409 4586 1467 4638 et
1505 4581 1704 4650 Paulo,
1747 4588 1802 4637 et
1848 4581 1948 4638 illo
1977 4586 2066 4637 to-

2247 4580 2413 4636 PKI".
2459 4578 2670 4650 Πέτρου
2727 4572 2783 4629 δὲ
2839 4574 2965 4648 πέρι
3011 4576 3100 4630 καὶ
3159 4575 3376 4633 Παύλου
3426 4577 3516 4632 καὶ
3567 4583 3666 4633 τοῦ
3706 4580 3828 4634 υἷοῦ

428 4668 604 4723 nitrui
645 4668 784 4733 filio,
830 4671 884 4724 id
940 4674 1165 4725 tantum
1225 4671 1465 4727 dixerim
1525 4672 1675 4742 quod
1726 4670 2071 4726 laudaturus

427 4755 558 4813 illos
589 4756 877 4831 quispiam
903 4758 1088 4820 dicat;
1114 4760 1255 4814 adeo
1274 4775 1487 4831 magna
1508 4759 1589 4815 illi
1610 4760 1864 4831 profecto
1886 4759 2070 4815 virtu-

423 4845 499 4901 tis
528 4846 949 4918 probitatisque
979 4849 1276 4903 confecere
1316 4848 1527 4919 spatia,
1569 4853 1625 4904 et
1674 4864 1776 4919 per
1824 4846 2072 4918 pulchra

424 4935 619 4990 omnia
649 4935 897 5006 pervecti
954 4936 1135 4992 tuere.
1182 4936 1521 5007 Gregorium
1584 4947 1798 4996 tamen.
1863 4937 2071 5006 ingens

425 5021 567 5076 illud
600 5029 817 5080 naturae
849 5024 1120 5081 humana:
1161 5026 1364 5091 instar,
1396 5034 1450 5080 et
1501 5035 1850 5095 postremam
1882 5023 2074 5080 virtu-

425 5115 550 5165 tum
597 5110 868 5181 feturam,
929 5132 1042 5170 non
1104 5115 1274 5171 modo
1313 5114 1375 5170 in
1423 5114 1593 5185 ipsis,
1644 5130 1843 5169 verum
1896 5113 2067 5168 etiam

425 5216 602 5270 supra
648 5203 829 5274 ipsos,
894 5205 1271 5261 meritissimo
1316 5203 1725 5260 collocandum
1776 5217 2067 5265 censeam.

425 5290 639 5361 quippe
667 5293 767 5363 qui
799 5294 950 5349 Petri
989 5295 1202 5363 zelum,
1235 5298 1293 5349 et
1318 5292 1867 5350 constantissimum
1900 5289 2064 5347 Pauli

426 5380 600 5436 robur
625 5382 757 5453 (18),
788 5387 842 5440 et
878 5383 1168 5440 sublimen
1210 5382 1452 5441 Joannis
1491 5381 1871 5454 theologiam,
1913 5395 2072 5452 quas-

424 5484 536 5540 que
575 5468 689 5525 illis
719 5470 844 5526 aliae
876 5472 1200 5545 complures
1248 5473 1488 5529 aderant
1538 5470 1724 5541 dotes,
1779 5470 1862 5527 ita
1902 5467 2068 5540 plene

421 5563 479 5615 et
534 5558 781 5631 perfecte
835 5562 1137 5632 expressit,
1197 5567 1264 5619 ut
1323 5561 1415 5619 his
1502 5560 1563 5617 in
1646 5559 1822 5617 rebus
1881 5556 2064 5615 nihilo

495 5700 542 5738 ⁶⁶
571 5701 774 5758 Matth.
808 5718 885 5770 XI,
922 5703 1008 5758 11.

494 5830 607 5902 (18)
634 5829 801 5901 Greg.
837 5829 975 5889 Nu.
1004 5828 1067 5886 in
1095 5827 1391 5895 Basiliam.
1419 5844 1550 5902 pag.
1580 5828 1684 5883 287
1715 5827 1844 5883 Ald.
1876 5824 2015 5881 edit.

2179 4674 2280 4737 τῆς
2314 4668 2571 4743 βροντῆς,
2601 4669 2856 4720 τοσοῦτον
2891 4665 2949 4719 ἂν
2990 4663 3224 4738 εἷ’ποιμι,
3257 4666 3287 4721 8
3326 4687 3377 4720 τι
3416 4668 3651 4730 τούτους
3681 4670 3830 4724 ἐπαι-

2178 4761 2288 4811 νεῖν
2329 4778 2411 4819 τις
2456 4753 2680 4824 ἒθέλων,
2730 4754 3081 4809 έπιτοσοῦτον
3142 4754 3337 4824 ἥκουσι
3394 4755 3828 4831 καλοκάγαθίας,

2179 4846 2271 4901 καὶ
2326 4849 2421 4899 τοῦ
2472 4842 2561 4898 διὰ
2605 4844 2819 4898 πάντων
2874 4843 3088 4903 ἐλάσαι.
3122 4843 3294 4899 Ἀλλᾶ
3322 4846 3410 4899 καὶ
3456 4849 3761 4923 Γρηγόριος
3792 4850 3825 4917 ἡ

2183 4934 2391 5009 μεγάλη
2449 4940 2549 5002 τῆς
2609 4932 2817 5009 φύσεως
2876 4930 3121 5005 ἔνδειξις,
3178 4935 3268 4987 καὶ
3332 4936 3368 5003 ἡ
3443 4940 3551 4989 τῶν
3612 4934 3822 5010 ἀγαθῶν

2176 5018 2459 5075 τελευταία
2510 5020 2671 5098 φορὰ.
2720 5019 2831 5093 οὐχ
2878 5020 3025 5081 ὅπως
3071 5021 3205 5092 μετὰ
3251 5019 3481 5093 τούτων,
3529 5021 3679 5078 ἀλλὰ
3730 5023 3818 5077 καί

2180 5111 2311 5185 ὑπὲρ
2358 5110 2582 5169 τούτους
2633 5105 2841 5170 δίκαιος
2891 5107 2949 5162 ἂν
3012 5107 3095 5180 εἴη
3137 5108 3413 5188 τετάχθαι.
3468 5112 3676 5181 Πέτρου
3722 5112 3823 5184 γάρ

2177 5200 2268 5255 τὸν
2323 5199 2516 5267 ζῆλον,
2548 5198 2636 5251 καὶ
2688 5197 2910 5252 Παύλου
2950 5197 3041 5253 τὸν
3087 5197 3266 5263 τόνον,
3299 5200 3385 5253 καὶ
3435 5201 3533 5268 τὴν
3569 5201 3825 5256 Ἰωάννου

2180 5285 2486 5362 θεολογίαν,
2517 5285 2607 5340 καὶ
2647 5283 2680 5340 ἃ
2727 5285 2895 5341 πόλλ’
2924 5282 3077 5357 ἕτερα
3125 5287 3342 5352 τούτοις
3391 5295 3627 5362 προσῆν,
3651 5288 3824 5349 οῧτως

2179 5377 2256 5439 εἰς
2310 5376 2474 5451 ἄκρον
2520 5375 2919 5449 κατωρθωκὼς,
2971 5375 3045 5439 ὡς
3107 5373 3278 5449 μηδὲν
3346 5376 3515 5433 ἒνὸεῖν
3592 5377 3826 5434 τουτωνὶ

2174 5465 2289 5540 τερὶ
2348 5463 2516 5520 ταῦτα
2557 5481 2571 5494 ⁸
2635 5462 2715 5519 ὅδ’
2773 5457 2914 5519 ἔστιν
2984 5465 3071 5527 οἷς
3130 5464 3325 5529 αὐτοὺς
3379 5467 3468 5521 καὶ
3507 5466 3818 5541 παρήλασε,

2176 5552 2376 5628 Πέτρον
2415 5554 2531 5626 μὶν,
2561 5554 2643 5614 οἷς
2692 5551 2799 5629 οὐχ
2838 5550 3093 5628 ὡμίλησε
3144 5552 3333 5629 γάμῳ,
3366 5553 3511 5611 ἀλλὰ
3554 5556 3821 5631 παρθενίᾳ
