4092 6300
226 393 316 450 341
1204 381 1595 445 LAUDATIO
1637 381 1701 442 S.
1748 381 1834 441 GP

1948 381 2111 442 OH"
2157 383 2574 443 THEOLOGI.

3467 383 3583 444 342

229 523 391 590 συνέζη
420 542 431 553 ·
487 521 698 576 Παῦλον
750 519 827 585 δὲ,
876 524 950 590 τῷ
995 521 1093 586 τὴν
1144 516 1414 572 εὐσέϐειαν
1457 516 1516 571 ἐκ
1544 515 1826 590 προγόνων

1948 517 2085 586 ipsis
2113 517 2351 573 inferior
2383 520 2556 574 esset.
2594 517 2718 573 lmo
2748 533 2880 574 vero
2912 526 2966 573 et
3003 518 3110 574 hos
3138 519 3402 590 partibus
3450 521 3583 594 qui-

227 606 436 684 ακριϐᾧς
473 611 804 682 μεμυῆσθαι,
843 609 937 681 μαὶ
974 610 1048 679 μὴ
1080 608 1179 674 τήν
1217 609 1310 679 μὲν
1360 606 1538 678 ἀρχὴν
1590 606 1663 664 εὶς
1703 601 1834 657 διώ-

224 721 328 761 κτας
378 699 574 763 τελεῖν,
637 697 816 752 ἔπειτα
874 695 943 752 δι’
1012 695 1304 772 ἐμφανείας
1379 691 1686 772 φρικώδους
1757 697 1838 764 τῷ

224 795 411 864 Χριστῷ
466 787 785 862 προσελθεῖν
821 807 832 820 ·
896 786 1044 842 ἀλλά
1106 789 1213 859 μὴν
1272 787 1357 840 καὶ
1430 781 1690 852 Ἰωάννην
1743 783 1834 837 τὸν

226 875 504 945 Ζεϐεδαίου,
553 882 632 948 τῷ
681 879 756 950 μή
805 875 890 931 διὰ
942 876 1191 952 βραχέων
1245 873 1372 949 μηδ’
1420 873 1616 937 ἁπλῶς
1672 873 1839 926 οὑτω-

226 971 309 1034 σὶν,
347 967 486 1022 ἀλλά
539 966 922 1040 δαῴιλὲστερτν
968 967 1058 1020 καὶ
1105 962 1548 1037 σπουδαιότερον,
1593 963 1680 1016 καὶ
1722 965 1835 1015 οἷον

225 1058 721 1131 ἀγωνιστικώτερον,
777 1057 861 1111 καὶ
905 1058 1047 1129 πρὸς
1114 1054 1352 1127 ἅμιλλαν
1421 1055 1589 1126 ἧφθαι
1649 1051 1837 1106 θεολο-

223 1147 320 1222 γίας
354 1167 365 1176 ·
411 1148 498 1201 καὶ
545 1149 631 1201 ὅτι
684 1148 792 1224 οὐχ
822 1147 982 1216 ἅπαξ,
1031 1143 1174 1200 ἀλλά
1222 1143 1492 1205 πολλάκις
1537 1141 1669 1197 Θεοῦ
1712 1143 1833 1215 πὲρι

1344 1255 1431 1289 και
1495 1254 1685 1287 σιωπω
1741 1252 1836 1294 τας

1671 1321 1834 1394 ἐπαγ-

224 1238 336 1309 πρὸς
385 1237 511 1298 τοὺς
574 1238 905 1310 αἱρετικοὺς]
934 1233 1236 1290 ἀπεδύσατο
1271 1253 1283 1264 ·

225 1325 490 1400 ἐξαιρέτους
558 1325 757 1380 τούτου
814 1326 994 1400 γονὰς,
1043 1325 1132 1379 καὶ
1190 1325 1284 1384 τὰς
1342 1322 1592 1397 ἑκατέρας

223 1413 397 1489 γελῖας,
425 1423 522 1485 τῆς
560 1437 622 1470 τε
675 1416 884 1489 μητρὸς
937 1415 1069 1489 ὑπὲρ
1118 1415 1285 1468 αὐτοῦ
1332 1414 1468 1486 πρὸς
1515 1412 1664 1478 Θεὸν,
1698 1410 1832 1484 πρός

222 1507 256 1558 τ’
294 1505 442 1573 αὐτὴν
493 1511 596 1560 106
629 1510 784 1573 Θεοῦ,
819 1506 889 1559 ὧν
923 1502 1075 1559 οὐδὲν
1117 1503 1341 1565 ἐκείνοις
1390 1508 1601 1576 προσῆν
1641 1521 1652 1532 ·
1687 1499 1833 1554 οὕτω

224 1596 322 1656 τοὺς
351 1594 698 1670 προῦχοντας
741 1594 829 1648 καὶ
879 1595 946 1650 τὰ
999 1593 1205 1668 μεγάλα
1252 1593 1396 1665 παρά
1441 1596 1556 1660 Θεῷ
1601 1587 1834 1660 δυναμε-

227 1706 322 1746 νους
352 1687 421 1746 οἷς
463 1681 603 1762 ἔρην
639 1687 984 1761 παρενεγκὼν
1019 1704 1032 1716 ·
1089 1686 1116 1738 ὁ
1167 1681 1244 1750 δὲ,
1291 1683 1380 1736 καὶ
1432 1683 1564 1754 πρὸς
1607 1683 1699 1736 τὸν
1743 1685 1834 1741 Δε·

230 1774 395 1841 σπότην
448 1773 525 1836 ὼς
585 1771 769 1834 εὔνους
826 1778 892 1840 τῇ
953 1773 1070 1827 καθ’
1117 1769 1297 1845 ἕτερον
1359 1771 1558 1844 τρόπον
1603 1771 1831 1841 μιμήσει

227 1860 616 1935 παῤῥθσιάζεται
668 1883 680 1893 ·
745 1861 892 1936 εἷ’περ
951 1862 1150 1916 ἐκείνου
1213 1862 1352 1933 μήτε
1405 1867 1503 1928 τῆς
1574 1859 1830 1928 θεότητος

231 1950 467 2013 ἐκστάντος
517 1953 614 2008 καῖ
669 1950 737 2006 δι’
767 1955 913 2024 ἡμᾶς
963 1953 1080 2005 καθ’
1122 1953 1268 2022 ἡμᾶς
1317 1949 1633 2023 γενομένου,
1673 1949 1834 2011 αὐτὸς

233 2035 294 2091 δυὶ
317 2040 370 2092 τὸ
405 2042 540 2113 πρὸς
610 2039 810 2094 ἐκεῖνον
859 2037 1156 2094 ἐσπούδακε
1213 2036 1463 2116 φίλτρον,
1524 2034 1836 2109 τοῦμπαλιν

235 2126 269 2196 ἐξ
299 2129 566 2202 ἀνθρώπου
627 2130 757 2190 Θεὸς
808 2129 1150 2204 γεγενῆσθαι,
1203 2127 1290 2182 καὶ
1334 2134 1434 2193 τῆς
1483 2128 1838 2198 προσρήσεως

239 2215 342 2284 τὸτῷ
375 2226 733 2288 κοινωνῆσαι,
795 2219 1029 2289 καθάπερ
1081 2219 1162 2279 οἷς
1381 2211 1582 2290 ἔχομεν
1632 2214 1836 2276 ἐκεῖνος

243 2308 265 2370 ἢ
273 2311 336 2374 μῖν
343 2351 354 2362 ,

1947 605 2190 662 busdam
2250 607 2640 676 praecucurrit,
2674 606 2930 676 Petrum,
2961 609 3112 679 quod
3174 609 3409 680 nuptias
3465 625 3583 667 non

1944 696 2153 768 attigit,
2186 713 2383 752 verum
2416 698 2475 752 in
2509 702 2786 770 perpetua
2824 698 3164 771 virginitate
3194 699 3370 769 vixit;
3433 702 3583 756 Pau-

1944 786 2088 852 lum,
2150 785 2303 857 quod
2361 786 2420 841 in
2486 803 2617 842 vera
2675 788 2890 859 pietate
2969 805 3004 843 a
3071 789 3394 860 majoribus
3456 789 3584 847 suis

1945 875 2380 931 accuratissime
2440 876 2742 933 institutus
2820 877 3199 949 initiatusque
3258 881 3418 945 erat;
3479 894 3586 937 nec

1946 965 2215 1035 primitus
2268 966 2414 1021 inter
2443 970 2692 1022 sectores
2739 966 2900 1023 illius
2922 972 3332 1040 vexatoresque
3373 985 3582 1026 nomen

1945 1071 2118 1108 suum
2169 1055 2490 1126 professus,
2539 1055 2909 1126 postmodum
2942 1057 3179 1112 terribili
3221 1058 3584 1130 apparitione

1945 1145 2244 1216 perculsus
2305 1146 2376 1200 ad
2430 1144 2725 1201 Christum
2781 1148 3066 1213 accessit;
3124 1149 3376 1220 denique
3406 1149 3582 1204 etiam

1940 1235 2247 1301 Joannem,
2297 1233 2553 1291 Zebedasi
2602 1235 2810 1304 ﬁlium,
2861 1238 3012 1308 quod
3056 1253 3169 1293 non
3202 1237 3285 1292 ita
3330 1237 3586 1293 breviter

1941 1329 1998 1380 et
2027 1325 2392 1395 simpliciter,
2426 1325 2527 1379 sed
2569 1325 2806 1380 uberius
2829 1330 2886 1381 et
2914 1325 3586 1398 diligentius,etaccom-

1943 1415 2260 1469 modatiore
2290 1414 2541 1484 quadam
2604 1414 2825 1470 ratione
2854 1416 2925 1469 ad
2960 1415 3241 1470 forensem
3286 1415 3583 1487 discepta—

1943 1505 2155 1558 tionem
2181 1506 2239 1558 et
2270 1502 2593 1575 legitimum
2627 1507 2942 1574 certamen,
2983 1504 3335 1577 theologiam
3367 1510 3583 1560 tracta-

1943 1593 2025 1648 vit
2057 1609 2069 1646 :
2103 1596 2229 1646 tum
2260 1593 2436 1648 etiam
2469 1593 2623 1663 quod
2657 1609 2770 1649 non
2803 1593 2980 1649 semel
3011 1593 3347 1665 aliquando,
3378 1609 3580 1650 verum

1941 1680 2283 1752 saepiuecule
2322 1681 2382 1736 in
2433 1683 2531 1737 Dei
2589 1699 2760 1738 causa
2807 1698 2938 1739 cum
2991 1681 3272 1738 haereticis
3319 1687 3584 1753 prompte

1939 1770 2318 1842 expediteque
2350 1787 2702 1842 congressus
2735 1771 2863 1827 fuit.
2905 1771 3103 1844 Neque
3128 1789 3261 1829 vero
3313 1772 3586 1844 singula-

1948 1876 2069 1916 rem
2101 1861 2285 1916 nostri
2313 1861 2587 1916 nascendi
2621 1862 2884 1931 modum,
2918 1865 2974 1917 et
3020 1866 3257 1919 mutuas
3307 1863 3583 1934 utrinque

1950 1949 2388 2022 promissiones,
2449 1956 2575 2007 tum
2626 1952 2830 2008 matris
2897 1969 2998 2024 pro
3065 1953 3193 2025 ipo
3251 1953 3322 2009 ad
3375 1952 3579 2019 Deum,

1946 2044 2069 2095 tum
2101 2041 2168 2094 ad
2204 2044 2448 2096 matrem
2481 2040 2604 2112 Dei,
2646 2056 2802 2098 nunc
2849 2045 3104 2114 tangam,
3156 2058 3410 2114 quorum
3468 2041 3586 2099 illis

1947 2129 2148 2184 aderat
2178 2128 2416 2185 omnino
2467 2129 2634 2185 nihil.
2674 2129 2804 2186 Jam
2847 2133 2907 2186 ut
2955 2131 3275 2202 pracipuos
3325 2147 3588 2202 quosque

1945 2222 2002 2273 et
2051 2218 2406 2290 potentiores
2454 2219 2872 2291 propioresque
2913 2221 3010 2276 Dei
3069 2220 3308 2288 amicos,
3342 2219 3433 2276 his
3459 2237 3582 2292 quas

1945 2306 2202 2362 diximus
2273 2307 2611 2362 nominibus
2689 2316 2983 2380 tantopere
3067 2309 3428 2374 anteoelluit,
3502 2309 3584 2363 ita

244 2393 352 2451 idem
378 2399 699 2454 Dominum
725 2399 941 2468 ipsum,
964 2407 1026 2453 ut
1056 2396 1518 2464 amantissimus,
1549 2395 1855 2450 aliusmodi
1889 2394 2144 2466 quadam
2175 2395 2518 2462 imitatione,
2553 2397 2975 2469 propemodum
3015 2398 3303 2468 equabat.
3337 2397 3583 2460 Quando

240 2482 474 2554 illeenlm,
505 2504 630 2544 nec
679 2505 714 2542 a
746 2487 1044 2544 divinitate
1089 2503 1195 2542 sua
1245 2486 1503 2551 recessit,
1560 2489 1617 2540 et
1685 2488 1881 2540 nostra
1935 2487 2130 2540 tamen
2190 2500 2388 2550 causa,
2445 2487 2627 2542 nostri
2687 2486 2899 2543 similis
2933 2487 3120 2542 factus
3171 2491 3261 2542 est

3320 2505 3332 2542 :
3385 2490 3586 2542 contra

244 2571 470 2644 Gregorius
532 2592 747 2633 amore
812 2576 1044 2633 Domini
1120 2577 1393 2648 ﬂagrans,
1451 2591 1518 2629 ex
1577 2575 1810 2629 homine
1868 2575 2012 2630 Deus
2071 2574 2218 2640 fieri,
2269 2580 2326 2630 et
2381 2576 2462 2631 ita
2518 2576 2576 2631 in
2638 2575 2889 2632 nominis
2933 2575 3115 2631 divini
3154 2575 3582 2632 consortionem

246 2677 322 2718 na
341 2682 445 2723 cum
479 2668 731 2723 Christo
763 2668 954 2723 venire
975 2665 1263 2732 studebat,
1295 2664 1789 2736 quemadmodum
1812 2661 1909 2719 ille
1941 2663 2124 2720 nostri
2156 2664 2462 2720 nobiscum
2498 2665 2787 2736 particeps
2818 2668 2926 2720 est.

289 2751 406 2812 PKA'.
461 2759 718 2811 T060610
777 2752 834 2809 δὲ
873 2755 936 2808 τὸ
985 2756 1127 2827 παρὰ
1183 2755 1399 2808 πάντων
1450 2752 1748 2826 ἀφεστηκὸς
1780 2750 1830 2804 ἐν

235 2841 379 2896 ἔπεσιν
443 2842 666 2920 ἔχοντι,
720 2845 809 2898 καὶ
873 2843 1216 2912 τηλικούτων
1277 2837 1574 2916 πρεσϐείων
1661 2839 1835 2909 ἀξιου-

227 2932 356 3002 μὲνῳ,
385 2936 472 2988 καῖ
523 2933 688 2989 τοῦτ’
736 2933 957 2988 εἰκότως
1004 2931 1055 3001 ἐξ
1085 2932 1343 3006 ’ἀνάγκης
1382 2930 1592 2999 ἀπήντα
1643 2947 1654 2960 ·
1708 2931 1836 2982 θαυ-

224 3019 441 3089 μάζεσθαι
496 3025 610 3095 μὲν
673 3023 761 3097 ὑφ’
833 3021 1105 3088 ἁπάντων,
1194 3019 1556 3091 θαυμάζεσθαι
1641 3014 1697 3071 δὲ
1773 3017 1836 3072 o6

218 3112 327 3162 κατά
352 3114 473 3172 τοὺς
507 3109 729 3172 ἄλλους
764 3127 779 3141 ⁶
811 3108 925 3165 οὐδ’
974 3109 1112 3164 ὥστε
1158 3114 1272 3170 τοῖς
1331 3108 1568 3166 ἐπαίνοις
1615 3107 1838 3177 ὁρίζειν,

219 3196 336 3252 ἀλλὰ
377 3202 462 3255 καὶ
507 3199 748 3262 τούτους
801 3199 998 3260 αὐτοὺς
1044 3202 1136 3272 [an
1189 3198 1349 3252 αὐτὸν
1380 3199 1427 3269 ?]
1480 3191 1838 3269 ὑπερϐαίνειν,

218 3289 286 3340 καὶ
333 3287 494 3361 μηδὲν
549 3289 709 3350 ὅλως
767 3295 866 3357 τῆς
936 3287 1167 3343 ἐντεῦθεν
1217 3287 1532 3361 συμμαχθτςς
1594 3281 1840 3356 τροπδεῖ-

2013 2752 2262 2808 CXXIV.
2316 2755 2422 2818 Qui
2480 2759 2642 2810 tanto
2690 2755 2888 2826 itaque
2961 2756 3234 2811 omnibus
3283 2755 3341 2809 in
3393 2753 3568 2810 rebus

1945 2845 2180 2898 cateros
2244 2858 2446 2898 omnes
2486 2843 2863 2899 antecedebat
2916 2843 3238 2911 intervallo,
3284 2843 3578 2912 tantisque

1948 2929 2154 2986 merito
2211 2930 2488 2986 virtutum
2538 2930 2948 3002 praeminebat
3022 2930 3291 3002 fastigiis,
3348 2929 3434 2984 illi
3483 2928 3589 2984 hoc

1948 3020 2087 3076 item
2128 3020 2479 3090 necessario,
2526 3025 2591 3076 ut
2635 3035 2867 3092 aequum
2918 3025 3064 3087 erat,
3113 3019 3470 3092 obtingebat,
3523 3023 3589 3073 ut

1949 3108 2020 3164 ab
2053 3109 2340 3166 universis
2385 3109 2759 3171 laudaretur;
2832 3110 3166 3166 laudaretur
3224 3114 3413 3166 autem
3473 3123 3589 3166 non

1952 3213 2108 3253 more
2164 3198 2436 3264 aliorum,
2498 3215 2684 3272 neque
2750 3201 2830 3256 ita
2879 3203 2943 3255 ut
3001 3199 3244 3254 laudum
3307 3198 3479 3253 modo
3536 3204 3592 3251 et

1953 3285 2215 3342 terminis
2270 3288 2868 3355 circuinscriberetur,
2925 3288 3028 3344 sed
3080 3291 3144 3342 ut
3187 3287 3389 3343 laudes
3430 3286 3590 3357 ipsas

218 3353 342 3444 σθαι,
388 3353 475 3433 θιὰ
533 3379 610 3434 τὸ
667 3353 845 3447 πάσης
923 3372 1236 3450 ὑπερϐολῆς
1287 3353 1662 3450 ἀπειλῆφθαι,
1746 3372 1834 3427 καὶ

1951 3377 2409 3444 transcenderet,
2445 3377 2704 3447 nihilque
2753 3393 2950 3431 earum
3001 3376 3282 3446 indigeret
3330 3373 3590 3442 auxiliis,

215 3465 328 3535 πρὸς
372 3469 538 3536 αὐτὴν
591 3467 747 3534 ἤκειν
793 3467 892 3534 τὴν
940 3465 1201 3534 τελευτήν
1235 3483 1247 3496 ·
1301 3464 1451 3534 ὥσθ’,
1503 3464 1633 3535 ὅπερ
1673 3458 1842 3537 ἔφθην

218 3551 380 3625 εἰπὼν,
427 3557 527 3611 κᾶν
593 3555 788 3616 πάντες
839 3556 1009 3609 πάντα
1065 3557 1264 3607 ποιῶσι
1317 3553 1405 3607 καὶ
1461 3550 1680 3624 λέγωσι,
1735 3572 1838 3622 μη-

215 3636 282 3696 δὶν
311 3645 471 3707 αὐτὸς
606 3643 778 3716 αὐτῷ]
826 3643 961 3698 εἶναι
1005 3643 1195 3710 πλέον,
1246 3646 1341 3696 σοῦ
1396 3643 1580 3713 μόνου,
1635 3640 1839 3713 μέγιστ’

213 3728 514 3807 ἀνθρώπων,
561 3734 789 3802 καὶτῆς
835 3735 1037 3794 ἱκανῶς
1081 3731 1167 3786 ἐπὶ
1215 3730 1387 3786 πάντα
1436 3730 1842 3806 ἆφικνουμὲνης

210 3819 446 3895 γλώττης
484 3831 600 3894 τῆς
651 3829 751 3892 σῆς
811 3820 1109 3895 δυναμένης
1164 3821 1310 3875 ταῦτ’
1357 3819 1516 3889 ἀξίως
1547 3817 1836 3891 περαίνειν.

1951 3478 2018 3520 so
2049 3465 2202 3537 quod
2234 3480 2528 3521 summam
2561 3481 2798 3522 omnem
2847 3466 3115 3536 attigerat
3161 3463 3586 3524 excellentiam.

1950 3557 2008 3610 et
2027 3555 2096 3609 ad
2130 3555 2307 3610 ﬁnem
2335 3555 2532 3626 ipsum
2567 3554 3000 3626 terminumque
3031 3557 3388 3626 pervenerat,
3447 3553 3590 3608 adeo

1952 3647 2016 3701 ut
2043 3644 2199 3716 quod
2225 3645 2345 3715 jam
2378 3646 2656 3716 occupavi
2690 3644 2878 3700 dicere
2925 3643 3060 3713 (19),
3108 3642 3340 3698 tametsi
3389 3655 3589 3698 omnes

1949 3734 2148 3792 omnia
2176 3739 2232 3790 et
2262 3735 2502 3791 fecerint
2539 3738 2597 3790 et
2645 3734 2918 3800 dixerint,
2970 3733 3154 3789 nihilo
3203 3732 3341 3788 inde
3388 3737 3587 3787 tamen

1951 3817 2077 3887 plus
2105 3818 2178 3873 ad
2219 3816 2466 3890 gloriam
2514 3817 2698 3889 ipsius
2739 3831 3111 3872 accessurum
3157 3815 3255 3870 sit.
3307 3812 3479 3870 Solus
3524 3815 3587 3866 tu

209 3911 341 3968 enim
373 3913 721 3972 mortalium
754 3911 1023 3980 maxime,
1053 3915 1274 3984 tuaque
1300 3911 1435 3980 ista,
1467 3910 1536 3964 ad
1569 3909 1767 3965 omnia
1799 3905 2028 3962 abunde
2070 3906 2364 3977 pertinens
2414 3910 2472 3962 et
2519 3904 2904 3979 suppeditans
2959 3904 3174 3975 lingua,
3224 3904 3404 3974 digno
3464 3900 3588 3956 haec

209 4001 483 4062 absolvam
527 4004 709 4060 modo
737 4007 952 4076 posset.

269 4102 421 4158 PKE'.
451 4099 639 4158 Ἀλλά
694 4099 794 4174 γάρ
853 4097 974 4153 οὕτε
1013 4098 1186 4153 πάντα
1231 4099 1298 4152 τὰ
1344 4093 1501 4152 τοῦδε
1549 4094 1835 4168 διεξελθεῖν

210 4189 307 4251 οἶός
335 4211 392 4246 τε
451 4190 556 4257 ὢν,
593 4186 705 4244 οὔθ’
758 4190 890 4263 ἅπερ
941 4185 1107 4258 ἔξεστι
1138 4188 1285 4241 ταῦτ’
1314 4185 1476 4256 ἀξίως
1514 4187 1838 4258 μνησθῆναι,

210 4276 337 4333 ἀλλά
381 4281 473 4336 καὶ
519 4280 590 4334 τὸ
635 4279 772 4332 κατά
826 4281 1016 4352 μικρὸν
1067 4276 1280 4330 τούτων
1329 4274 1570 4350 ἐφῖχθαι,
1618 4279 1708 4328 καῖ
1759 4274 1835 4344 μή

207 4370 292 4420 τοῦ
343 4370 549 4428 παντὸς
611 4365 849 4421 ἐκπεσεῖν
904 4365 1162 4420 πλείστου
1218 4363 1459 4436 νομίζειν
1528 4361 1836 4435 [νομίζων],

209 4452 359 4512 ἐκεῖνο
414 4458 569 4530 λέγω
613 4498 626 4511 .
679 4454 762 4509 ὅτι
818 4454 907 4509 τὸν
967 4453 1317 4508 ἐπιτοσοῦτον
1384 4451 1554 4519 ἰόντα,
1605 4450 1694 4504 καὶ
1750 4447 1839 4503 06-

209 4564 301 4608 τως
350 4548 545 4601 ἑαυτὸν
605 4543 1060 4619 παρεσκευακότα,
1096 4544 1168 4599 ὡς
1222 4541 1329 4616 οὐχ
1385 4541 1533 4602 ὅπως
1583 4541 1738 4595 θείων
1779 4560 1837 4594 τε

210 4640 289 4687 καῖ
336 4636 704 4711 ἀνθρωπίνων
764 4633 1120 4709 πραγμάτων,
1166 4633 1210 4686 εἰ
1268 4629 1348 4686 δεῖ
1404 4632 1680 4702 συντόμως
1741 4649 1837 4700 φα-

210 4743 301 4793 ναι,
354 4724 644 4799 τεχνίτην,
680 4721 806 4778 ἀλλ’
863 4721 964 4796 ἄρα
1029 4722 1115 4775 καὶ
1170 4720 1296 4774 Θεὸν
1343 4721 1640 4794 γεγονέναι,
1682 4723 1760 4789 τῷ
1787 4719 1835 4772 τ’

2021 4092 2229 4152 CXXV.
2261 4093 2774 4150 Verumenimvero
2840 4092 3070 4163 quando
3146 4105 3336 4163 neque
3399 4087 3592 4145 omnia

1949 4181 2058 4239 viri
2086 4185 2288 4240 decora
2308 4199 2662 4254 percensere,
2705 4185 2922 4239 nostras
2980 4181 3108 4253 opis
3151 4183 3258 4245 est,
3302 4192 3408 4236 nec
3454 4193 3588 4250 qua!

1949 4275 2041 4328 est
2069 4273 2337 4340 fortasse,
2364 4287 2432 4329 ea
2461 4273 2638 4346 digna
2659 4273 2804 4329 satis
2823 4269 3377 4330 commemoratione
3393 4282 3587 4340 prose-

1951 4362 2050 4434 qui
2082 4379 2422 4436 possumus,
2445 4380 2688 4437 quorum
2718 4363 2805 4420 vel
2822 4363 3088 4436 exiguam
3111 4366 3441 4417 assecutum
3457 4373 3586 4416 esse

1949 4457 2196 4524 partem,
2217 4470 2322 4510 nec
2353 4453 2668 4528 propositio
2700 4453 2933 4526 penitus
2955 4449 3225 4517 exidisse,
3267 4449 3583 4504 maximum

1950 4540 2093 4597 mihi
2123 4558 2309 4614 opere
2338 4542 2588 4600 habetur
2616 4543 2908 4616 pretium;
2945 4540 3085 4597 illud
3118 4540 3269 4606 dico,
3311 4538 3466 4610 quod
3497 4537 3589 4609 ip-

1948 4645 2096 4697 sum,
2139 4632 2240 4703 qui
2272 4636 2466 4688 tantos
2497 4632 2708 4689 fecerat
2754 4645 3120 4704 progressus,
3142 4633 3199 4684 et
3247 4629 3328 4684 ita
3379 4630 3589 4686 semet-

1946 4719 2141 4790 ipsum
2173 4725 2630 4792 comparaverat,
2660 4729 2721 4777 ut
2753 4736 2868 4778 non
2899 4719 3072 4776 modo
3102 4717 3435 4774 divinarum
3467 4714 3585 4771 hu-

214 4808 255 4864 tv
303 4813 601 4886 ἀσωμάτου
648 4811 791 4880 τάξει
849 4808 1290 4876 πεπολιτεῦσθαι,
1321 4811 1400 4879 τῷ
1456 4828 1512 4862 τε
1559 4812 1688 4861 πᾶσι
1740 4827 1834 4861 σω-

1948 4824 2369 4881 manarumque
2399 4826 2613 4878 rerum,
2639 4809 2688 4866 si
2718 4809 3060 4883 compendio
3103 4823 3195 4864 res
3225 4807 3354 4878 ipsa
3392 4804 3586 4875 expri-

211 4901 386 4973 τηρίας
429 4901 606 4957 αἴτιον
655 4898 984 4968 καταστῆναί
1030 4919 1090 4953 τε
1130 4899 1220 4952 καὶ
1261 4898 1630 4952 καθίστασθαι.
1667 4901 1836 4968 Προσ-

209 4989 388 5044 κείσθω
410 4988 469 5045 δὲ
489 4991 581 5045 καὶ
605 4989 808 5064 χρόνος
839 4988 1020 5063 τρίτος
1039 4985 1110 5042 δι’
1141 4987 1213 5041 ὧν
1245 4985 1609 5042 καταλέλοιπε
1631 4980 1832 5060 λόγων.

209 5079 386 5131 Τοῦτον
412 5078 597 5132 τοίνυν
627 5076 722 5132 τὸν
741 5074 1010 5146 τοιούτον,
1043 5075 1133 5129 τὸν
1165 5075 1325 5145 πάνυ,
1349 5074 1438 5128 τὸν
1469 5073 1567 5127 οὐκ
1597 5071 1708 5126 οἶδ’
1727 5075 1832 5141 ὅτι,

206 5164 284 5216 καὶ
314 5166 498 5242 φήσω,
532 5165 706 5240 ἐχρῆν
730 5165 862 5237 μὴν,
893 5163 1064 5238 ἐχρῆν
1082 5162 1170 5218 καὶ
1200 5162 1308 5231 πρὸ
1329 5166 1434 5217 τῶν
1460 5159 1646 5216 ἄλλων
1666 5162 1830 5216 ἀπάν-

204 5268 298 5304 των
328 5252 597 5324 ὁμιλῆσαι
630 5257 711 5325 τῷ
743 5251 869 5328 βίῳ,
919 5252 1009 5306 καὶ
1049 5253 1123 5324 μὴ
1159 5250 1294 5304 κατά
1322 5249 1450 5310 τούς
1483 5246 1688 5310 ἄλλους
1747 5248 1832 5302 ἐν·-

202 5340 366 5395 τεῦθεν
425 5342 654 5414 ἀπάραι,
713 5339 860 5396 ἆλλά
916 5339 1433 5415 συμπαραμείναντα
1508 5343 1586 5411 τῷ
1672 5340 1826 5394 παντὶ

204 5422 376 5484 ἒπειτα
399 5433 468 5503 τῇ
523 5427 684 5486 τοῦδε
741 5428 916 5501 λήξει,
948 5429 1037 5485 καὶ
1095 5429 1257 5484 αὐτὸν
1287 5434 1384 5482 106
1433 5434 1694 5501 περιεῖναι
1736 5448 1828 5482 πε-

204 5520 445 5587 παῦσθαι,
487 5521 560 5582 ὡς
619 5519 748 5575 ὅντα
806 5521 990 5595 ψυχὴν
1043 5523 1151 5572 τῶν
1209 5519 1564 5592 πραγμάτων,
1595 5517 1686 5572 καὶ
1745 5522 1826 5580 οἷς

206 5601 482 5662 ἒποίεικαὶ
539 5612 617 5672 οἷς
678 5604 884 5684 ἔλεγεν.
931 5607 1081 5664 Ἐπεὶ
1115 5605 1162 5660 δ’
1220 5605 1358 5661 οὕτω
1417 5604 1533 5661 δὲον
1561 5605 1825 5678 γενέσθαι,

266 5783 375 5855 (19)
405 5785 488 5844 Gl.
519 5803 692 5862 supra
721 5800 848 5859 cap.
878 5785 970 5841 61.

1945 4899 2158 4955 menda
2187 4903 2296 4966 est,
2329 4915 2599 4956 summus
2629 4898 2855 4968 artifex,
2888 4899 2989 4955 sed
3020 4901 3078 4954 et
3111 4895 3262 4952 Deus
3282 4896 3406 4966 jam
3439 4908 3585 4965 pene

1949 4985 2138 5043 factus
2164 4991 2337 5055 esset,
2359 4992 2481 5044 tum
2511 4989 2666 5061 quod
2698 4988 2882 5044 instar
2910 4985 3234 5057 incorporei
3277 4983 3584 5055 cujusdam

1943 5077 2098 5147 genii
2130 5076 2307 5132 vitam
2345 5078 2579 5149 agebat;
2607 5085 2730 5133 tum
2761 5077 2913 5148 quod
2959 5076 3234 5131 omnibus
3283 5088 3463 5129 causa
3489 5087 3586 5126 sa-

1943 5163 2080 5221 lutis
2110 5170 2166 5223 et
2190 5165 2322 5236 fuit,
2352 5170 2410 5222 et
2437 5170 2564 5235 est;
2598 5167 2698 5222 sed
2730 5174 2782 5222 et
2814 5166 3050 5221 tertium
3084 5165 3316 5220 accedat
3345 5166 3583 5233 tempus

1939 5254 2114 5324 (erit),
2165 5271 2268 5328 per
2315 5272 2381 5311 ea
2427 5273 2554 5330 quis
2604 5254 2841 5326 reliquit
2878 5255 3118 5326 scripta.
3179 5254 3344 5309 Hunc
3401 5252 3584 5324 igitur

1941 5343 2134 5411 talem,
2197 5345 2350 5401 hunc
2409 5347 2730 5402 maximum
2781 5345 2991 5412 virum,
3041 5344 3220 5412 hunc,
3271 5341 3372 5397 sed
3425 5339 3583 5412 quod

1939 5433 2247 5489 adhibeam
2276 5435 2624 5491 vocabulum
2657 5433 2874 5501 nescio,
2897 5433 3155 5506 oportuit
3196 5447 3360 5498 sane,
3413 5445 3580 5501 opor-

1937 5522 2066 5587 tuit,
2093 5524 2359 5596 inquam,
2390 5529 2448 5582 et
2501 5528 2634 5582 ante
2671 5528 2908 5584 ceteros
2967 5521 3237 5580 mortales
3278 5521 3584 5577 universos

1936 5614 2125 5667 ortum
2167 5611 2226 5668 in
2274 5612 2384 5670 hac
2441 5612 2654 5670 versari
2695 5611 2824 5668 luce
2870 5627 2934 5669 ac
2981 5612 3114 5677 vita,
3157 5614 3212 5665 et
3262 5625 3377 5665 non
3410 5608 3582 5678 juxta
