4092 6300
428 334 545 393 343

1728 333 2123 396 THEODULI
2168 338 2516 398 MONACHI

3706 331 3821 388 3M

429 481 560 522 cum
595 463 728 521 aliis
759 465 1068 536 emigrare,
1091 479 1291 519 verum
1325 463 1540 534 pariter
1559 480 1691 519 cum
1734 482 1848 521 tevc
1878 469 2069 524 omni-

2206 469 2243 524 τὸ
2280 471 2373 542 μὲν
2409 470 2509 522 οὐκ
2538 465 2748 540 ἐγένετο
2784 483 2796 495 ·
2834 465 2896 518 οὐ
2928 464 3033 537 γάρ
3074 462 3233 522 οὗτος
3287 460 3583 534 ἀνθρώπων
3609 461 3777 531 νόμος
3807 501 3824 516 .

429 557 766 626 perdurare,
800 569 981 624 eoque
1012 553 1249 608 demum
1275 552 1373 607 ﬁni
1406 570 1512 609 suo
1537 555 2071 628 admoto,etipsum

434 663 548 701 non
573 643 828 716 amplius
860 659 1182 715 superesse,
1227 646 1438 715 quippe
1489 647 1586 715 qui
1646 661 1834 700 reram
1870 648 2075 703 buma-

433 750 662 800 narum,
713 750 815 804 per
862 750 926 788 ea
988 749 1113 804 quae
1164 733 1410 788 faciebat
1465 733 1828 805 dicebatque,
1881 739 2076 793 anima

432 823 604 896 plane
633 828 804 878 esset.
838 822 1133 892 Siquidem
1165 839 1320 889 vero,
1352 824 1460 877 etsi
1521 824 1630 878 hoc
1673 824 1750 880 ita
1781 826 2078 896 fiericpor-

431 913 613 980 tebat,
645 929 756 967 non
792 913 1010 966 factum
1045 918 1236 966 tamen
1270 918 1381 975 est,
1413 929 1516 966 nec
1547 913 1700 967 enim
1745 915 1863 968 haec
1916 932 2079 970 mor-

434 1000 632 1055 talium
664 1005 755 1055 est
785 1001 893 1054 lex.
936 1001 1149 1055 Contra
1193 1017 1349 1068 vero,
1381 1003 1706 1055 secundum
1765 1005 2076 1060 maximam

437 1090 531 1144 Dei
555 1090 708 1144 circa
739 1107 843 1144 nos
883 1107 1084 1144 curam
1135 1096 1192 1143 et
1222 1091 1664 1158 providentiam,
1719 1091 2075 1160 Gregorium,

440 1197 552 1234 non
579 1179 770 1233 solum
805 1185 866 1232 ut
920 1195 1236 1233 commune
1283 1180 1579 1248 quoddam
1635 1182 1878 1246 bonum,
1929 1183 2081 1238 inter

441 1270 708 1324 homines
738 1270 962 1324 censeri
997 1269 1274 1339 oportuit,
1310 1269 1409 1323 sed
1448 1272 1503 1324 et
1553 1273 1848 1326 communi
1896 1274 2080 1328 homi-

437 1376 577 1414 num
611 1374 767 1412 more
791 1359 966 1413 ﬁnem
1000 1375 1172 1412 suum
1206 1359 1472 1428 eXperiri.
1529 1380 1556 1408 ‹‹
1608 1360 1730 1414 Non
1787 1362 1942 1416 enim
1993 1367 2082 1418 est

437 1449 536 1519 qui
579 1447 752 1512 vivet,
805 1453 861 1500 et
916 1455 1158 1500 mortem
1213 1464 1327 1501 non
1358 1447 1574 1502 videbit
1619 1448 1683 1501 “.
1744 1470 1770 1496 ››
1812 1451 1974 1512 Quod
2026 1456 2081 1505 et

437 1543 749 1606 utrumque
781 1538 996 1590 factum
1029 1541 1134 1591 est.
1171 1542 1358 1606 Atque
1392 1535 1536 1590 illud
1584 1536 1719 1591 item
1771 1538 1884 1594 huc
1917 1555 2080 1594 acce-

437 1627 631 1692 debat,
668 1628 734 1678 ut
763 1632 818 1679 et
847 1632 1146 1695 superstes
1176 1625 1329 1678 idem
1365 1629 1429 1678 ut
1459 1633 1673 1695 ageret,
1693 1633 1749 1682 et
1779 1644 1890 1680 non
1927 1633 2082 1684 esset

438 1715 716 1786 amplius,
751 1713 1074 1767 secundum
1109 1713 1308 1768 solitas
1339 1719 1557 1768 natura;
1587 1715 1744 1786 leges
1775 1734 1790 1768 :
1817 1716 1987 1771 ﬁebat
2021 1717 2079 1771 id

441 1820 593 1864 vero,
627 1819 742 1856 non
774 1801 1027 1872 simplici
1058 1803 1310 1870 quodam
1351 1803 1544 1868 modo,
1597 1819 1720 1870 nec,
1756 1815 1812 1857 ut
1875 1805 2081 1861 dixerit

441 1894 751 1962 quispiam,
779 1908 913 1945 casu
945 1896 1001 1944 et
1033 1898 1200 1946 sueto
1241 1892 1371 1947 aliis
1412 1909 1591 1958 more,
1615 1910 1815 1948 verum
1850 1901 2081 1950 utrum-

443 1997 553 2051 que
584 1983 724 2035 adeo
777 1981 940 2035 bonis
995 1979 1324 2048 dextrisque
1372 1981 1654 2051 auguriis,
1698 1989 1762 2036 ut
1817 1987 2082 2050 alterum,

445 2087 575 2124 cum
630 2070 880 2123 maxime
930 2071 1204 2139 Oportuit,
1256 2069 1526 2134 alterum,
1575 2078 1638 2122 ut
1697 2073 2087 2140 pulcherrime

449 2162 723 2229 oportuit,
755 2161 934 2213 fieret.
978 2158 1219 2220 Quando
1253 2159 1406 2214 enim
1433 2159 1606 2214 rebus
1661 2162 1930 2217 Ecclesiae
1967 2164 2085 2218 viro

449 2264 596 2320 opus
626 2255 767 2312 erat,
802 2248 900 2317 qui
932 2253 1056 2302 tum
1089 2250 1491 2305 incumbentes
1524 2253 1773 2307 haereses
1806 2252 2090 2321 dissipare

450 2336 680 2407 penitus
719 2344 773 2390 et
802 2341 1072 2403 evertere,
1106 2343 1162 2391 et
1194 2338 1253 2393 in
1279 2339 1527 2394 nihilum
1563 2341 1820 2411 redigere
1851 2343 2085 2410 valeret,

449 2433 575 2480 tum
610 2426 834 2494 piorum
869 2434 1052 2480 coetus
1073 2427 1418 2483 conﬁrmare
1449 2438 1504 2482 et
1532 2432 1927 2496 corroborare,
1961 2432 2087 2486 etin

449 2521 744 2586 posterum
762 2516 933 2584 plane
956 2519 1369 2571 inconcussum
1385 2520 2088 2589 efﬁcere,hoctemporum

449 2609 637 2660 tractu
667 2611 885 2669 noster,
918 2606 1080 2659 velut
1111 2609 1439 2662 communis
1470 2611 1704 2678 quidam
1748 2615 2086 2680 procurator

448 2692 646 2748 salutis
682 2694 815 2747 vitae
853 2695 1122 2747 humanas
1164 2695 1444 2750 divinitus
1501 2713 1832 2765 concessus,
1863 2703 1920 2753 et
1961 2714 2090 2753 om-

449 2799 552 2837 nes
583 2784 640 2836 in
672 2785 935 2854 ipsorum
964 2784 1386 2838 beatitudinem
1419 2788 1771 2856 gubernans,
1804 2793 1859 2842 et
1916 2788 1998 2842 ita
2028 2793 2088 2842 ut

450 2873 701 2927 nesciam
737 2889 808 2926 an
845 2871 994 2926 alius
1025 2887 1191 2942 aeque
1241 2874 1397 2927 ullus
1437 2891 1500 2928 ex
1553 2875 1625 2930 iis
1671 2878 1767 2946 qui
1832 2893 2089 2945 unquam

452 2962 632 3026 fuere,
665 2961 1324 3028 admirationeafl‘ectus,
1360 2964 1516 3017 itaut
1551 2979 1733 3033 genus
1768 2966 2090 3021 humanum

453 3071 481 3099 ‹‹
512 3050 923 3120 exsuperantia
946 3050 1184 3104 virtutis
1207 3066 1320 3105 suae
1344 3053 1658 3122 obtegeret,
1682 3070 1904 3124 suaque
1929 3055 2096 3121 plane

2179 557 2287 613 ἔδει
2342 556 2399 612 δὲ
2446 560 2637 610 τοῦτον
2696 553 2831 608 κατὰ
2889 554 2987 619 τὴν
3039 549 3289 626 μεγάλην
3347 553 3441 604 τοῦ
3500 552 3634 603 Θεοῦ
3703 550 3824 622 περὶ

2183 650 2330 720 ἡμᾶς
2362 644 2687 717 κηδεμονίαν
2732 644 2822 697 καὶ
2872 642 3149 715 πρόνοιαν,
3184 639 3246 694 οὐ
3305 639 3462 710 μόνον
3511 638 3584 700 ὡς
3627 657 3827 691 κοινω-

2290 740 2304 756 \
2395 737 2407 752 1
2532 738 2544 752 ε
2657 734 2671 754 τ
2761 735 2774 750 Ἰ
2908 734 2919 752 Ι
3397 729 3411 748 9
3509 727 3522 744 λ
3651 727 3667 746 \
3812 728 3827 746 9

2186 737 2344 810 φελες
2385 739 2582 810 αγαθον
2628 756 2704 795 εις
2752 735 3069 806 ανθρωπους
3115 730 3351 792 τελέσαι,
3388 726 3532 783 αλλα
3576 749 3669 782 και
3712 749 3808 782 κατ

2187 800 2379 886 άῦτοῦς
2433 826 2657 884 τούτους
2731 821 2989 890 τελευτῆς
3064 821 3438 891 πεπειρᾶσθαι.
3498 842 3523 866 κ
3583 816 3664 872 Οὔ
3723 817 3824 889 γάρ

2188 916 2329 970 ἐστιν
2370 916 2427 974 ὃς
2479 917 2694 983 ζήσεται
2724 913 2813 966 καὶ
2855 912 2956 965 οὐκ
3003 908 3191 982 ὄψεται
3238 908 3462 962 θάνατον
3497 927 3510 939 ·
3544 929 3572 958 »
3623 905 3827 978 γίνεται

2191 1007 2286 1078 μὶν
2317 1005 2404 1059 καὶ
2463 1002 2627 1077 ἄμφω
2692 1000 2844 1056 ταυτί
2879 1020 2891 1032 ·
2951 1000 3038 1054 καὶ
3094 1001 3155 1053 τό
3195 1019 3254 1073 γε
3311 995 3378 1066 δὴ
3439 1000 3701 1071 περιεῖναι
3736 995 3826 1048 καὶ

2189 1097 2250 1150 τὸ
2307 1093 2494 1166 μηκέτ’
2546 1095 2677 1146 εἶναι
2727 1090 2861 1145 κατὰ
2911 1091 3038 1146 τοὺς
3085 1095 3184 1156 τῆς
3237 1086 3447 1162 φύσεως
3491 1083 3828 1159 προσγίγνε-

2186 1206 2271 1238 ται
2305 1186 2507 1256 νόμους
2545 1202 2557 1213 ·
2609 1181 2850 1258 γίγνεται
2899 1177 2957 1232 δὲ
3001 1179 3110 1256 οὐχ
3149 1175 3364 1244 ἅπλῶς,
3399 1172 3510 1229 οὐδ’
3549 1175 3623 1235 ὡς
3657 1171 3717 1227 ἅν
3747 1193 3826 1232 τις

2189 1279 2285 1350 φῇ,
2311 1273 2445 1326 κατᾶ
2476 1269 2666 1340 avi-rw:
2699 1268 3003 1342 ξυντυχίαν,
3036 1267 3124 1321 καὶ
3158 1267 3232 1326 ὡς
3284 1264 3403 1325 ἔθος
3450 1269 3564 1323 τοῖς
3609 1261 3826 1329 ἄλλοις,

2190 1361 2319 1416 ἀλλ’
2349 1360 2489 1414 οῧτω
2526 1365 2639 1430 μετ’
2683 1359 2891 1432 ἀγαθῶν
2952 1377 3009 1410 τε
3065 1354 3154 1409 καὶ
3215 1353 3398 1422 δεξιῶν
3456 1352 3679 1426 ἑκάτερα
3725 1354 3830 1403 τῶν

2191 1445 2498 1522 ξυμϐόλων,
2534 1450 2605 1508 ὡς
2659 1447 2721 1502 τὸ
2775 1448 2886 1519 μὲν,
2923 1444 3081 1514 ἡνίκα
3141 1442 3362 1516 μάλιστ’
3414 1441 3614 1517 ἐχρῆν,
3666 1436 3828 1505 τὸδ’,

2191 1541 2263 1600 ὡς
2287 1537 2537 1593 κάλλιστ’
2569 1537 2762 1610 ἐχρῆν,
2794 1536 3133 1609 γεγενῆσθαι.
3167 1534 3298 1588 "Ore
3335 1531 3438 1605 γὰρ
3488 1527 3680 1601 ἀνδρὸς
3726 1524 3832 1582 ἔδει

2189 1633 2303 1688 τοῖς
2342 1627 2646 1699 πράγμασιν
2700 1624 2817 1678 οἳου
2871 1624 2966 1696 μὶν
3033 1619 3372 1692 ἐπικειμένας
3431 1619 3661 1692 αἱρέσεις
3717 1614 3832 1670 δια-

2193 1717 2348 1772 λῦσαι
2408 1715 2646 1784 καθάπαξ
2717 1717 2806 1767 καί
2880 1708 3368 1784 καταστρέψασθαι,
3425 1708 3516 1762 καὶ
3600 1726 3831 1780 προστο-

2201 1805 2367 1878 μηδὶν
2427 1810 2778 1870 καταστῆσαι,
2825 1803 2922 1867 την
2983 1797 3040 1854 δὲ
3113 1804 3220 1853 τῶν
3290 1793 3656 1852 εὐσεϐούντων
3735 1815 3832 1870 φα-

2195 1898 2347 1970 τρίαν
2409 1892 2704 1966 ὲπιρῥῶσαί
2763 1913 2820 1945 τε
2876 1890 2964 1944 καὶ
3032 1892 3311 1962 κρατῦναι,
3390 1887 3481 1940 καὶ
3558 1886 3694 1958 πρὸς
3772 1883 3830 1937 τὸ

2200 1984 2402 2056 μέλλον
2480 1981 2778 2050 ἀκλόνητον
2875 1980 3010 2033 εἶναι
3091 1977 3327 2045 καθάπαξ
3413 1974 3831 2050 παρασκευάσαι,

2194 2076 2307 2128 τόθ’
2357 2074 2512 2133 οὗτος
2573 2073 2754 2144 ὥσπερ
2799 2070 2882 2130 τίς
2952 2069 3130 2127 κοινὸς
3203 2062 3506 2139 μελεδωνὸς
3565 2060 3833 2136 σωτηρίας

2195 2165 2371 2218 θεόθεν
2403 2166 2481 2231 τῷ
2541 2159 2644 2233 βίῳ
2703 2156 2917 2218 δοθείς’
2970 2158 3055 2211 καὶ
3122 2155 3332 2210 πάντων
3391 2153 3471 2207 ἔπ’
3515 2151 3835 2222 εὐδαιμονίᾳ

2196 2251 2454 2326 προστὰς,
2489 2249 2578 2302 καὶ
2611 2249 2683 2308 ὡς
2710 2247 2812 2300 οὐκ
2861 2244 2961 2299 οἶδ’
3010 2244 3061 2300 εἷ’
3096 2265 3182 2304 τις
3210 2248 3316 2297 τῶν
3354 2261 3576 2296 πωποτε
3626 2242 3837 2312 θαυμα-

2197 2342 2363 2410 σθεῖς,
2419 2339 2492 2399 ὡς
2535 2336 2661 2397 τοὺς
2717 2339 2809 2409 μὲν
2860 2334 3177 2408 ἀνθρώπους
3225 2360 3250 2384 υ
3302 2336 3380 2403 τῷ
3432 2331 3678 2403 περιόντι
3743 2348 3838 2380 κα-

2197 2429 2364 2502 λύψαι
2414 2433 2512 2494 τῆς
2558 2425 2777 2498 ἀρετῆς,
2829 2423 2994 2477 αὐτοῦ
3046 2443 3105 2495 γε
3157 2423 3262 2494 μὴν
3310 2426 3409 2486 τῆς
3456 2419 3710 2478 αἰνέσεως
3741 2419 3840 2468 πᾶ-

2199 2542 2291 2574 σαν
2331 2515 2756 2591 πεπληρωκέναι
2804 2516 2903 2582 τήν
2963 2520 3085 2587 γῆν,
3128 2535 3153 2567 ι
3213 2511 3329 2566 ἐπεὶ
3379 2511 3468 2565 καὶ
3500 2509 3677 2582 αὖμὸν
3708 2507 3840 2566 εἰκὸς

2196 2610 2261 2677 ἦν
2294 2609 2425 2677 εἶξαι
2481 2609 2548 2678 τῇ
2608 2605 2761 2682 φύσει
2792 2605 2881 2658 καὶ
2936 2600 3099 2674 δεῖξαι
3156 2601 3248 2656 τὸν
3299 2601 3611 2673 ἄνθρωπον,
3642 2596 3838 2667 καὶμῆ

2196 2703 2273 2768 τῷ
2320 2704 2420 2765 τῆς
2468 2694 2748 2755 πολιτείας
2798 2694 3077 2768 ὑπερφυεῖ,
3118 2691 3208 2744 καὶ
3260 2697 3359 2758 τῆς
3410 2689 3661 2742 ἁπάντων
3710 2687 3840 2756 ὁμοῦ

2195 2790 2306 2840 τῶν
2371 2781 2670 2858 βελτίστων
2737 2781 3044 2854 ἐπιτυχίας,
3107 2778 3250 2833 θείαν
3331 2777 3450 2831 τινὰ
3523 2777 3841 2848 νομισθῆναι

2196 2879 2387 2930 τοῦτον
2422 2872 2602 2926 οὐσίαν
2654 2871 2739 2924 ἐπὶ
2788 2875 2868 2940 τῷ
2919 2869 2984 2923 τὰ
3026 2865 3160 2940 τῇδε
3206 2873 3480 2940 κοσμῆσαι
3522 2865 3842 2936 σωματικῶς

2208 2963 2617 3036 φαντασθεῖσαν,
2649 2959 2701 3014 ἓν
2739 2957 3021 3034 βαθυτάτῳ
3055 2982 3082 3006 ‹‹
3124 2956 3212 3010 καὶ
3259 2953 3404 3024 μάλα
3439 2953 3590 3008 πίονι
3629 2954 3784 3027 γήρᾳ,
3814 2971 3837 2998 ››

2206 3051 2464 3107 καταλόει
2497 3052 2587 3104 τὸν
2624 3049 2764 3122 βίον.

453 3139 623 3194 laude
652 3143 838 3193 terras
874 3155 1087 3194 omnes
1111 3140 1380 3211 impleret
1407 3141 1495 3196 ⁸⁵⁸.
1538 3162 1562 3192 ε
1596 3143 1895 3213 Siquidem
1929 3151 1986 3198 et
2013 3148 2205 3214 ipsum
2241 3159 2454 3214 aquum
2488 3147 2612 3196 erat
2652 3145 2869 3194 natura:
2917 3137 3228 3208 aliquando
3277 3135 3618 3199 concedere,
3669 3128 3836 3186 homi-

457 3243 702 3298 nemque
735 3245 796 3282 se
825 3244 952 3283 esse
995 3233 1417 3299 demonstrare,
1467 3249 1570 3286 nec
1620 3232 1768 3300 vitae,
1802 3238 1858 3286 et
1934 3234 2114 3288 felicis
2165 3239 2506 3288 cunctarum
2572 3229 2744 3284 simul
2815 3229 3169 3299 optimarum
3244 3241 3432 3280 rerum
3497 3220 3840 3317 adeptionis,

455 3318 750 3372 immeno
804 3317 1132 3387 splendore,
1184 3321 1439 3374 divinam
1500 3321 1740 3386 forsitan
1791 3325 2106 3393 quamdam
2131 3323 2296 3377 illum
2357 3320 2673 3375 existimari
2733 3318 3062 3382 essentiam,
3124 3314 3405 3370 ornandis
3448 3313 3614 3366 orbis
3674 3312 3840 3363 nostri

456 3409 652 3473 rebus,
685 3407 1013 3478 aspectabili
1037 3411 1295 3478 corporis
1337 3412 1526 3480 specie
1569 3418 1993 3481 apparentem:
2054 3414 2288 3468 tandem
2343 3412 2400 3466 in
2467 3408 2942 3481 profundissima,
3002 3411 3057 3461 et
3107 3428 3134 3454 ‹‹
3195 3403 3362 3458 valde
3420 3401 3632 3472 pingui
3686 3412 3840 3454 sene-

456 3501 548 3551 cta
587 3495 655 3563 3‘,
691 3518 719 3546 ››
751 3497 925 3551 vitam
959 3499 1231 3552 demittit.

527 3585 767 3642 CXXVI.
798 3586 1156 3642 Perlibenter
1186 3589 1287 3642 ille
1331 3591 1566 3660 quidem
1617 3601 1766 3647 certe
1823 3609 1947 3664 quas
2007 3592 2101 3648 hic
2135 3595 2174 3659 C

459 3681 616 3738 sunt,
633 3691 872 3745 quaeque
895 3676 987 3732 hic
1004 3677 1320 3734 viventium
1341 3689 1494 3748 sunt,
1516 3683 1710 3736 omnia
1737 3681 2094 3752 relinquens,

461 3765 672 3835 quippe
692 3783 724 3818 a
754 3765 968 3834 quibus
999 3771 1064 3821 ut
1093 3767 1744 3837 digredereturomnino
1779 3771 1996 3826 conciti
2021 3773 2101 3824 vi-

460 3870 559 3907 sus
597 3860 706 3917 est,
750 3871 814 3910 ex
865 3856 958 3908 bis
1011 3861 1320 3927 postquam
1365 3861 1615 3924 emersit,
1671 3862 1723 3915 id
1774 3861 1834 3916 in
1908 3861 2097 3917 maxi-

463 3941 570 3994 mis
591 3941 833 4009 ponebat
868 3943 1048 4004 bonis,
1085 3947 1207 3996 tum
1242 3960 1372 4000 vero
1409 3947 1546 4000 item
1608 3949 1863 4004 ccelcstia
1893 3949 2012 4016 illa,
2046 3953 2104 4004 et

461 4027 569 4082 sibi
599 4029 1018 4096 convenientia,
1055 4048 1400 4102 capessens;
1452 4053 1700 4107 quorum
1742 4039 1882 4093 civis
1918 4039 2100 4110 prius-

465 4133 633 4186 quam
657 4133 723 4172 eo
751 4119 1003 4174 venisset
1028 4121 1236 4188 fuerat,
1271 4132 1319 4177 et
1353 4125 1410 4180 in
1443 4127 1654 4194 quibus
1686 4144 1923 4198 corpore
1974 4144 2108 4184 con-

467 4211 657 4262 tectus
680 4207 1031 4278 prmeipuam
1070 4211 1354 4267 habuerat
1383 4213 1843 4285 delectationem,
1868 4223 1926 4274 et
1947 4217 2102 4288 quod

469 4295 808 4363 maximum,
826 4303 968 4363 erat,
988 4299 1106 4354 sive
1122 4310 1385 4371 respectu
1406 4303 1740 4374 voluptatis,
1760 4306 2108 4361 siveintimte

468 4385 614 4454 apud
635 4382 841 4453 Deum,
866 4390 1088 4455 gratiae.
1117 4390 1236 4443 sive
1257 4389 1678 4448 exantlatorum
1697 4393 2104 4465 multiplicium

470 4473 756 4539 laborum,
818 4476 936 4529 sive
994 4478 1382 4535 sanctissima)
1429 4481 1486 4535 in
1535 4482 1648 4538 vita
1707 4482 2108 4556 philosophias.

471 4565 684 4634 quippe
715 4581 740 4614 ι
777 4564 1047 4635 migrare,
1082 4573 1134 4621 et
1168 4582 1300 4623 cum
1332 4570 1558 4627 Christo
1588 4586 1713 4628 esse
1737 4573 2110 4640 6",»dudum

468 4652 818 4708 ineli‘abilem
843 4655 900 4708 in
928 4659 1166 4710 modum
1189 4659 1524 4716 desiderans
1547 4680 1562 4729 ;
1582 4662 1636 4716 id
1666 4662 1850 4733 ipsum
1875 4677 2005 4718 cum
2027 4661 2114 4717 in-

471 4740 621 4812 signi
641 4746 698 4797 et
727 4741 1092 4811 amplissimo
1129 4747 1432 4804 corollario
1465 4752 1861 4822 consequitur,
1879 4755 2113 4822 accepto

471 4829 752 4885 divinitus
785 4845 1058 4887 excessus
1091 4835 1180 4888 sui
1213 4838 1738 4895 nuntio.Nimirum
1766 4847 1826 4895 ut
1847 4839 2118 4911 quemad-

2291 3590 2472 3663 PKg'.
2536 3586 2730 3649 Μεθεὶς
2791 3587 2886 3658 μὲν
2945 3581 3122 3653 ἡδέως
3171 3583 3238 3637 τὰ
3288 3579 3439 3648 τῇδε,
3472 3578 3562 3634 καὶ
3619 3580 3713 3632 ὅσα
3746 3578 3844 3628 τῶν

2208 3677 2339 3752 τῇδε
2372 3697 2384 3710 ·
2428 3678 2501 3731 ὧν
2534 3677 2636 3750 γὰρ
2689 3674 2838 3734 ὅπως
2899 3671 3114 3740 ἐκσταίη
3165 3670 3335 3724 πάντα
3397 3671 3568 3723 ποιῶν
3627 3668 3842 3740 ἑωρᾶτο,

2206 3751 2411 3822 τούτων
2451 3765 2743 3837 ἐπειδήπερ
2793 3761 3001 3834 ἐξέστη,
3050 3758 3268 3815 πολλοῦ
3321 3779 3470 3816 τινος
3515 3757 3645 3830 ἦγεν
3679 3775 3692 3787 ·
3736 3751 3843 3806 ἑπι-

2211 3853 2518 3920 λαϐόμενος
2575 3853 2630 3909 δὲ
2669 3857 2775 3908 τῶν
2827 3850 2937 3906 ἅνω
2985 3853 3074 3905 καὶ
3128 3849 3274 3918 αῧτῷ
3321 3847 3733 3922 προσηκόντων,
3779 3840 3844 3893 ὧν

2212 3947 2445 4015 πολίτης
2482 3947 2698 4018 ὑπῆρχε
2727 3942 2816 3996 καὶ
2848 3943 2981 4012 πρὸν
3028 3935 3305 4008 ἐπιϐῆναι,
3339 3939 3428 3991 καὶ
3479 3937 3564 3996 οἷς
3602 3930 3847 4007 ἐνετρόφα

2218 4035 2350 4108 μετὰ
2378 4038 2476 4099 τῆς
2526 4032 2688 4100 ὕλης,
2720 4030 2808 4086 καὶ
2857 4031 2919 4084 τὸ
2971 4030 3248 4102 μέγιστον,
3299 4025 3374 4086 εἷς
3413 4022 3622 4093 ἡδονῆς
3672 4020 3847 4108 λόγον,

2213 4105 2303 4179 καὶ
2356 4124 2622 4191 πλείστης
2663 4127 2764 4189 τῆς
2822 4119 2958 4192 πρὸς
2989 4118 3116 4172 Θεὸν
3155 4116 3407 4190 χάριτος,
3443 4113 3533 4167 καὶ
3580 4116 3689 4166 τῶν
3726 4105 3853 4162 πολ-

2217 4214 2328 4270 λων
2361 4215 2527 4269 πόνον
2563 4232 2574 4244 °
2611 4212 2699 4266 καὶ
2730 4216 2829 4278 τῆς
2862 4207 3100 4282 μεγάλης
3133 4207 3185 4261 ἒν
3235 4210 3314 4277 τῷ
3363 4203 3468 4279 βίῳ
3512 4198 3850 4281 φιλοσοφίας,

2218 4328 2245 4355 ‹‹
2281 4303 2542 4358 ἂναλόσαι
2575 4326 2600 4352 ››
2651 4301 2753 4373 γὰρ
2802 4296 2867 4368 δή
2918 4319 3022 4352 που
3072 4320 3100 4348 ‹‹
3148 4296 3238 4350 καὶ
3277 4295 3370 4349 σὺν
3408 4292 3625 4368 Χριστῷ
3656 4290 3786 4344 εἶναι
3820 4309 3839 4334 ι

2218 4390 2389 4446 πάλαι
2431 4411 2569 4459 πως,
2602 4387 2660 4442 ἂν
2707 4385 2905 4456 εἷ’ποις,
2955 4386 3159 4453 ποθῶν,
3206 4383 3464 4458 τυγχάνει
3509 4379 3705 4435 τούτου
3749 4373 3855 4448 μετ’

2224 4479 2497 4554 ἀξιόχρεω
2554 4485 2656 4546 τῆς
2721 4476 3065 4550 προσθήκης,
3121 4473 3302 4527 θεόθεν
3361 4475 3524 4526 τοῦτο
3590 4484 3856 4542 χρηματι-

2225 4571 2390 4631 σθείς,
2450 4571 2546 4624 Ἵν’
2606 4566 2785 4640 ὥσπερ
2844 4567 2878 4633 ἡ
2934 4563 3165 4638 γένεσις,
3226 4560 3368 4615 οὕτω
3426 4557 3609 4613 καὶτὰ
3647 4560 3745 4622 τῆς
3772 4571 3856 4606 τε·

2230 4662 2425 4725 λευτῆς
2457 4661 2603 4721 θείας
2657 4656 2938 4716 ἐπιπνοίας
2987 4655 3216 4727 μετέχῃ,
3269 4651 3358 4706 καὶ
3415 4650 3451 4724 ᾖ
3511 4647 3602 4703 διὰ
3655 4645 3854 4701 πάντων

2230 4752 2390 4810 οὗτος
2423 4750 2624 4809 οἰκεῖος
2651 4747 2739 4802 καὶ
2775 4744 2956 4820 μέλων
2987 4741 3102 4815 Θεῷ
3154 4742 3403 4816 μεγίσται
3448 4736 3743 4813 δεχόμενος
3771 4731 3859 4820 τὰς

2227 4840 2493 4914 ἐμφάστις
2543 4841 2650 4892 τῶν
2705 4817 2978 4907 ἐσομένων
3025 4830 3355 4904 ἐλλάμψεων
3391 4845 3404 4859 ⁶
3453 4830 3480 4882 ὁ
3517 4827 3609 4900 μὲν
3644 4817 3859 4914 conire

475 4919 714 4973 modum
738 4919 1128 4989 nativitas,ita
1145 4925 1315 4979 etiam
1346 4926 1542 4981 obitus
1565 4928 1776 4983 divinas
1797 4910 2093 4999 inspiratio

2227 4910 2324 4984 xui
2373 4929 2522 4986 αὖθις
2581 4919 2906 4980 ἐπαναλάϐω
2960 4923 3051 4976 τὸν
3112 4920 3307 4993 λόγον,
3363 4915 3487 4971 οὔτε
3546 4914 3660 4987 μεθ’
3707 4910 3856 5023 fuit}:

2241 5015 2263 5023 ,ι
2373 5016 2386 5023 -
2468 5022 2471 5023 ν
2599 5018 2625 5023 ..
2672 5018 2692 5023 Α
2765 5016 2792 5023 ρ.
2889 5008 2910 5023 )1
2994 5008 3087 5023 nu“
3322 5005 3347 5023 Ἃ
3469 5005 3482 5022 \
3576 5002 3690 5023 7,,_"
3747 5016 3772 5023 ..

475 5008 567 5061 nis
597 5009 886 5080 particeps
917 5009 1082 5077 foret,
1115 5016 1171 5065 et
1200 5014 1325 5084 ipse
1347 5030 1446 5085 per
1479 5018 1674 5074 omnia
1707 5019 1821 5074 Deo
1873 5017 2116 5074 familia-

477 5097 578 5164 ris,
608 5096 810 5168 illique
842 5114 990 5153 curse
1014 5105 1183 5168 esset,
1219 5109 1282 5157 ut
1311 5105 1411 5174 qui
1456 5107 1740 5162 maximas
1787 5107 2121 5163 futurarum

477 5183 974 5241 illuminationum
1027 5191 1600 5260 praesignificationes
1649 5197 1952 5267 acciperet.
2012 5195 2122 5252 Νο-

479 5278 595 5327 ster
622 5272 816 5346 igitur,
843 5279 1116 5350 utdenuo
1157 5297 1278 5335 rem
1311 5288 1585 5353 repetam,
1629 5301 1816 5356 neque
1858 5287 1996 5341 dum
2023 5302 2122 5341 no-

481 5362 706 5416 biscum
732 5364 1002 5433 agitabat,
1043 5384 1075 5422 a
1099 5372 1209 5426 Deo
1239 5371 1458 5441 aberat,
1485 5373 1667 5429 nihilo
1699 5375 1955 5446 profecto
1987 5373 2122 5446 plus

479 5453 953 5523 quamaseipso,
1016 5472 1211 5514 verum
1271 5459 1452 5519 ﬁxum
1513 5479 1579 5521 ac
1639 5465 1846 5521 stabile
1885 5464 2124 5521 domici-

549 5628 596 5664 ⁸⁸
625 5627 775 5686 Peal.
810 5646 1032 5704 Lxxxrx,
1065 5635 1156 5689 49.
1233 5637 1303 5673 ⁸⁵*
1334 5639 1619 5698 Habacuc.
1657 5659 1741 5714 ni,
1775 5644 1828 5698 3.

2235 5015 2333 5083 ὢν,
2364 5016 2506 5084 ἀπῆν
2533 5018 2629 5068 τοῦ
2662 5016 2818 5080 Θεοῦ,
2853 5008 2914 5064 οὗ
2951 5008 3162 5082 μᾶλλον
3204 5027 3268 5081 γε
3313 5005 3348 5074 ἢ
3393 5005 3483 5058 καὶ
3533 5002 3716 5069 αὐτοῦ,
3743 4990 3860 5084 ἀλλ’

2233 5106 2406 5161 έστίσν
2467 5103 2721 5172 ἀκίνητον
2781 5100 3040 5168 ἐκέκτητο
3085 5098 3212 5170 παρ’
3269 5095 3479 5165 ἐκείνῳ,
3513 5089 3626 5146 οὔτ’
3679 5085 3742 5141 αὖ
3779 5100 3859 5134 νυν

2230 5198 2330 5259 τῆς
2385 5192 2582 5247 ἐκεῖθεν
2660 5187 2875 5262 ἂμὲσως
2944 5185 3353 5263 ἐμφορούμενος
3420 5179 3639 5256 αἶ’γλης⁸
3731 5175 3858 5244 ἡμᾶς

2231 5282 2544 5339 καταλείπει
2581 5301 2591 5311 ·
2649 5277 2776 5334 ἀλλ’
2821 5277 3043 5347 ἄνωθεν,
3089 5276 3164 5336 ὡς
3215 5293 3424 5348 παριυν,
3470 5272 3534 5324 τὰ
3580 5268 3697 5323 καθ’
3726 5263 3859 5333 ἡμᾶς

2232 5371 2517 5428 ἒποπτεόει
2555 5372 2644 5424 καὶ
2692 5366 2936 5437 περιέπει
2968 5385 2982 5398 ο
3033 5365 3123 5419 καὶ
3178 5368 3341 5437 χεῖρα
3391 5361 3662 5428 σώζουσαν
3709 5353 3860 5421 ὑπερ·

2236 5461 2423 5538 ίσγει·
2484 5464 2575 5514 νῦν
2649 5458 2741 5530 μὶν
2811 5461 2919 5512 τῶν
2993 5448 3414 5525 ξυμπιπτόντων
3501 5442 3861 5520 ἐξαιρούμενος

1932 5643 1978 5677 6⁸
2008 5641 2160 5698 Psal.
2194 5644 2328 5713 χρη,
2364 5643 2450 5697 15.
2526 5638 2849 5711 “'Philipp.
2883 5654 2922 5700 ι,
2953 5635 3043 5692 23.
