4092 6300
224 385 345 443 345

1240 384 1640 445 LAUDATIO
1687 387 1750 446 S.
1803 384 2169 445 GREGOR"
2217 384 2628 444 THEOLOGI.

3511 384 3627 444 346

226 511 537 586 δυσχερῶν,
583 512 675 565 καὶ
715 517 817 566 πᾶν
869 512 1107 582 ἀντίξουν
1138 512 1195 567 ἐκ
1248 513 1412 585 μέσου
1461 516 1652 583 τιθεῖς,
1685 520 1774 569 νῦν
1828 513 1872 569 δ’

2013 518 2129 572 ium
2161 516 2264 570 sibi
2319 517 2468 588 apud
2526 517 2686 573 illum
2745 521 3201 589 comparaverat,
3236 533 3419 588 neque
3478 533 3630 572 nunc

225 602 403 674 ἀγαθά
450 602 588 673 πρὸς
642 600 862 673 ἀγαθοῖς
906 600 1250 670 ἐπιπέμπων,
1298 603 1384 656 καί
1433 609 1549 664 τοῖς
1596 604 1877 678 ὑπηργμέ-

225 695 343 750 ναις
408 688 738 763 εὐεργεσίαις
798 690 976 763 ἑτέρας
1037 688 1100 758 δή
1169 712 1316 753 τινας
1389 693 1608 764 μείζους
1675 715 1733 746 τε
1789 694 1878 746 καὶ

225 777 496 840 καλλίους
548 779 769 852 ἐπάγων
802 798 814 809 ⁸
864 781 952 834 καὶ
989 784 1082 853 μὲν
1128 779 1194 850 δὴ
1249 784 1344 835 κάν
1393 789 1510 844 τοῖς
1558 780 1878 843 καλλίστοις

220 889 276 920 τε
308 868 405 921 καὶ
441 866 693 936 ἡδίστοις
742 868 831 922 καὶ
866 869 1042 938 ζῆλον
1092 870 1190 924 οὐκ
1218 869 1406 944 ἔχουσι
1456 872 1645 946 λόγοις
1694 871 1880 941 αὑτοῦ,

229 963 304 1030 μή
367 962 535 1033 μόνον
593 963 732 1034 πρὸς
795 963 930 1016 ἅπαν
989 965 1136 1035 ἡμᾶς
1195 964 1388 1038 ἀρετῆς
1441 962 1580 1025 εἶδος
1640 985 1879 1038 παρακα-

227 1048 338 1103 λῶν
397 1052 491 1104 καὶ
543 1052 884 1126 προτρέπων,
939 1051 1083 1106 ἀλλὰ
1133 1055 1216 1106 καὶ
1270 1053 1418 1117 ὅπως
1468 1057 1618 1108 ταῦθ’
1663 1052 1766 1125 ἕξει
1810 1057 1884 1127 (1)

226 1138 440 1213 ῥαδίως
501 1137 845 1209 ὑποδεικνὺς,
889 1140 1140 1214 βελτίους
1193 1144 1394 1197 ἑαυτῶν
1451 1145 1517 1198 τὰ
1574 1145 1710 1216 πρὸς
1753 1144 1884 1198 Θεὸν

224 1230 637 1298 τοκαθεκάστην
686 1225 816 1304 ἔχον
875 1237 1021 1285 ποιεῖ
1053 1249 1066 1261 ·
1133 1234 1378 1307 μετάγων
1437 1232 1542 1287 ἀπὸ
1597 1237 1696 1297 τῆς
1746 1231 1883 1302 ὕλης

225 1315 309 1371 ixi
360 1318 428 1370 τὸ
479 1323 717 1389 πνεῦμα,
765 1320 850 1373 καὶ
907 1321 1216 1393 θαυμαστάς
1264 1343 1414 1383 τινας
1467 1321 1694 1398 ἐλπίγας
1735 1316 1884 1400 ἔχειν

229 1406 664 1476 παρασκευάζων
698 1407 786 1460 καὶ
830 1407 974 1469 ὅλως
1010 1409 1105 1462 οὑκ
1145 1404 1284 1464 ἔστιν
1319 1411 1348 1464 6'
1387 1414 1436 1464 τ’
1479 1411 1539 1464 οὐ
1582 1410 1768 1486 λόγοις
1797 1410 1886 1465 καὶ

232 1495 416 1571 ἔργοις
476 1495 537 1550 εὖ
596 1502 766 1550 ποιῶν
830 1497 969 1552 ἐστιν
1028 1501 1220 1570 ἡμᾶς·

234 1588 353 1638 ποθ’
411 1586 438 1637 6
491 1585 659 1652 ἣλιος
706 1594 804 1655 τῆς

1280 1500 1370 1554 καὶ
1431 1501 1610 1572 ὥσπερ
1672 1501 1769 1554 οὐκ
1827 1503 1884 1556 ἄν

857 1589 1122 1657 συνήθους
1162 1587 1377 1659 ἐκσταίη
1426 1595 1616 1666 φορᾶς,
1656 1592 1743 1644 καὶ
1792 1595 1889 1645 τοῦ

233 1677 326 1741 τήν
361 1676 461 1728 ὕπ’
510 1673 737 1743 οὖρανὸν
788 1680 959 1730 πᾶσαν
1007 1676 1230 1751 περιϊὼν
1283 1677 1685 1750 καταλάμπειν,
1720 1679 1892 1741 οὕτως

243 1760 361 1816 οὐδὲ
426 1767 530 1817 τοῦ
587 1763 711 1835 περῗ
768 1767 918 1836 ἡμᾶς
976 1765 1026 1835 ἐξ
1066 1765 1244 1840 ἀρχῆς
1307 1767 1488 1821 οὑτοσὶ
1550 1765 1891 1840 διακειμένου

238 1853 320 1905 καὶ
369 1850 543 1920 ἵλεω,
576 1853 667 1906 καὶ
713 1860 812 1922 τῆς
865 1853 1119 1927 εὐμενοῦς
1168 1855 1393 1925 ταύτης,
1435 1858 1509 1918 ὼς
1560 1855 1616 1914 ἄν
1660 1878 1740 1919 τις
1792 1861 1888 1936 φῇ,

243 1942 416 2009 Ξυντε)
434 1945 575 2003 είας.

1986 605 2358 662 diviiuelucis
2403 606 2646 677 fulgore,
2683 606 2844 662 nullo
2905 607 3249 678 interposito
3302 608 3626 673 obstaculo,

1987 702 2305 764 saturatus,
2347 714 2451 752 nos
2475 697 2804 768 dereliquit,
2843 697 2942 752 sed
2975 698 3044 752 de
3076 713 3270 769 super,
3303 695 3459 753 velut
3489 714 3629 768 prai-

1989 802 2147 852 sens,
2209 803 2300 841 res
2367 791 2590 841 nostras
2673 791 2983 842 contuetur
3055 792 3112 841 et
3203 787 3506 858 gubernat,
3578 796 3636 838 et

1990 875 2325 946 sospitalem
2377 875 2543 930 nobis
2605 875 2932 946 prmpandit
2988 892 3246 942 manum,
3299 876 3435 930 dum
3477 891 3633 930 nunc

1993 965 2390 1036 ingruentibus
2440 965 2604 1021 mulis
2644 965 2833 1036 eripit,
2866 973 2924 1021 et
2981 967 3224 1021 adversa
3281 982 3348 1020 ac
3407 970 3632 1020 contra-

1993 1055 2076 1110 ria
2094 1055 2294 1109 omnia
2333 1071 2363 1109 e
2391 1055 2579 1109 medio
2626 1057 2932 1115 submovet.
2967 1072 3122 1110 nunc
3166 1056 3318 1110 bona
3372 1053 3485 1110 alia
3526 1071 3633 1108 su-

1994 1160 2094 1215 per
2122 1143 2234 1199 alia
2267 1143 2538 1210 demittit,
2562 1148 2618 1198 et
2649 1145 2947 1213 superiora
2994 1143 3272 1199 beneficia
3319 1143 3455 1199 aliis
3499 1143 3633 1212 qui-

1995 1234 2239 1287 busdam
2275 1232 2593 1302 majoribus
2623 1235 2672 1285 et
2698 1231 3124 1302 pulchrioribus
3155 1229 3629 1287 accumlat.Tum

1994 1338 2124 1378 vero
2158 1327 2433 1392 praeterea
2461 1321 2522 1376 in
2561 1321 3042 1393 elegantissimis,
3075 1326 3131 1377 et
3173 1319 3559 1386 suavissimis,
3583 1323 3641 1372 et

1995 1429 2174 1482 supra
2197 1412 2622 1466 simulationem
2661 1411 2884 1482 positis,
2920 1411 3155 1481 scriptis
3203 1409 3347 1473 suis,
3384 1426 3482 1464 nos
3517 1425 3630 1464 non

1997 1501 2165 1556 modo
2202 1503 2271 1555 ad
2329 1517 2561 1555 omnem
2626 1499 2856 1555 virtutis
2902 1500 3151 1569 speciem
3220 1499 3534 1554 adhortans
3583 1503 3639 1552 et

1995 1589 2326 1661 impellens,
2359 1591 2459 1644 sed
2493 1594 2549 1644 et
2580 1606 2833 1661 quonam
2868 1589 2989 1644 haec
3022 1593 3186 1661 pacto
3231 1588 3394 1643 facile
3424 1587 3639 1642 obven-

1997 1687 2127 1737 tura
2159 1682 2275 1737 sint
2296 1687 2785 1747 commonstrans,
2823 1698 2921 1736 nos
2955 1681 3121 1736 nobis
3153 1678 3293 1751 ipsis
3326 1679 3384 1732 in
3427 1677 3638 1748 pietate

1999 1786 2134 1842 erga
2172 1771 2355 1826 Deum
2391 1769 2658 1826 meliores
2715 1771 2975 1841 quotidie
3027 1786 3167 1825 sane
3214 1769 3416 1836 efﬁcit,
3457 1772 3638 1822 retra-

2006 1861 2145 1914 hens
2204 1877 2311 1914 nos
2343 1860 2606 1914 videlicet
2672 1876 2702 1914 a
2764 1860 3006 1915 materia
3049 1861 3117 1914 ad
3167 1859 3460 1930 spiritum,
3492 1861 3549 1912 et
3581 1861 3644 1911 ut

1921 1931 1966 1994 B
1999 1947 2245 2004 miriﬁca
2269 1949 2437 2020 plane
2467 1949 2523 2003 in
2568 1965 2670 2020 spe
2714 1949 2924 2015 simus,
2959 1948 3194 2016 faciens,
3219 1952 3274 2002 et
3322 1947 3380 2003 in
3413 1947 3646 2001 univer-

244 2051 362 2088 sum
400 2033 570 2088 nullo
605 2051 716 2088 non
753 2036 1055 2107 temporis,
1089 2047 1402 2105 momento,
1436 2039 1624 2095 verbis
1657 2039 1942 2110 factisque
1983 2040 2131 2094 bene
2187 2039 2256 2094 de
2318 2038 2480 2094 nobis
2541 2055 2791 2094 merens.
2826 2038 3046 2109 Nempe
3100 2042 3164 2092 ut
3220 2052 3523 2107 nunquam
3574 2035 3644 2090 de

247 2127 518 2179 consueto
555 2140 725 2178 cursu
762 2141 866 2180 suo
898 2125 980 2180 sol
1022 2127 1256 2192 decidit,
1293 2145 1358 2182 eo
1396 2133 1608 2195 tenore,
1646 2134 1707 2182 ut
1735 2144 1992 2194 omnem,
2025 2145 2150 2199 quae
2183 2129 2291 2183 sub
2324 2128 2464 2184 cmlo
2507 2137 2614 2195 est,
2647 2127 2997 2184 circumiens
3047 2127 3335 2182 illuminat
3375 2129 3590 2179 terram
3626 2140 3641 2189 ;

250 2215 314 2266 ita
343 2229 540 2284 neque
573 2213 904 2282 Gregorius,
935 2217 1006 2270 de
1039 2217 1283 2283 pristino
1316 2233 1421 2271 suo
1453 2234 1588 2286 erga
1641 2235 1744 2272 nos
1793 2218 1998 2273 affectu
2059 2223 2114 2274 et
2165 2218 2373 2282 favore,
2415 2224 2471 2274 et
2525 2218 2634 2274 hac
2694 2223 2810 2272 tam
2869 2217 3168 2283 benevola,
3232 2224 3294 2270 ut
3348 2213 3640 2286 quispiam

252 2303 552 2368 vocaverit,
587 2303 784 2358 auxilii
817 2304 1142 2362 collatione.

321 2393 480 2446 PKZ'.
548 2395 724 2462 Ἠμᾶς
774 2387 831 2445 δὲ
885 2388 965 2446 δεῖ
1016 2393 1182 2468 μικρᾶ
1238 2394 1366 2448 ἅττα
1424 2396 1510 2450 καὶ
1570 2395 1667 2449 ὅσα
1726 2391 1895 2464 ἔξεστι

264 2481 455 2532 teut-svi
511 2481 935 2550 προσειπόντας,
986 2476 1151 2536 ἔπειθ’
1202 2483 1343 2538 οὕτω
1396 2483 1747 2539 κατακλεῖσαι
1807 2485 1898 2538 τὸν

270 2565 431 2640 λόγον.
494 2569 729 2631 Χαίροις
788 2571 814 2622 6
871 2571 1084 2645 χαίρειν
1145 2572 1276 2645 ὑπὲρ
1335 2571 1537 2634 πάντας
1598 2574 1898 2648 ἀξιόχρεως

275 2654 355 2720 ὢν,
398 2658 474 2710 ἅθ’
534 2658 673 2732 ὑπὲρ
724 2659 926 2722 πάντας
963 2659 1354 2734 κεχαρισμένος
1408 2666 1543 2733 Θεῷ.
1597 2661 1821 2734 Χαίροις
1869 2664 1898 2716 6

267 2745 439 2800 τούτου
497 2746 671 2820 χάριν
728 2749 901 2802 πάντα
967 2751 1126 2802 πόνον
1191 2750 1483 2821 ὑπομείνας
1549 2751 1848 2824 τοπρόσθεν
1883 2772 1894 2783 ·

261 2836 338 2886 καὶ
395 2837 619 2910 χαίρων
683 2837 756 2896 ὡς
813 2835 1036 2906 ἀληθῶς
1090 2844 1208 2899 ταῖς
1261 2837 1500 2900 ἐλπίσιν,
1552 2841 1625 2902 ὼς
1685 2841 1898 2914 χαίρειν

254 2923 388 2977 ἐσαεί
452 2945 543 2978 σοι
603 2926 886 2996 παρέσται.
949 2927 1176 3000 Χαίροις
1231 2929 1257 2981 6
1317 2925 1386 2982 δι’
1442 2930 1514 2982 ὧν
1579 2931 1672 3001 μὶν
1730 2931 1902 2984 πάντα

251 3015 469 3066 πάντων
516 3010 741 3082 ἄριστος
801 3015 866 3082 εἴ,
912 3016 1114 3077 πάντας
1166 3017 1553 3091 συγχαίροντας
1614 3017 1782 3095 ἔχων,
1832 3015 1903 3072 δι’

249 3103 320 3155 ὧν
380 3100 442 3155 δὲ
498 3101 704 3164 πάντας
764 3103 1158 3178 συγχαίροντας
1233 3103 1402 3180 ἔχεις,
1464 3108 1631 3162 πάντα
1689 3106 1903 3161 πάντὼν

249 3192 476 3266 ἄριστος
514 3189 588 3244 ὥν
627 3210 640 3222 '
691 3193 781 3246 καὶ
817 3195 922 3264 μὴν
973 3195 1047 3255 ὡς
1079 3195 1224 3264 αὖτῷ
1277 3217 1362 3250 σοι
1404 3197 1611 3270 χαίρειν
1664 3197 1903 3269 περίεστι

2077 2399 2357 2457 CXXVII.
2416 2399 2922 2456 Verumenimvero
2985 2399 3150 2454 nobis
3220 2397 3475 2462 tandem,
3546 2395 3648 2449 ubi

2012 2488 2226 2557 paucis,
2259 2495 2315 2543 et
2355 2495 2641 2559 quantum
2694 2489 2751 2544 in
2803 2487 2968 2543 nobis
3024 2489 3129 2551 est,
3184 2492 3449 2541 nostrum
3504 2482 3646 2538 allo-

2008 2577 2126 2630 cuti
2175 2577 2758 2642 consalutaverimus,
2808 2575 3210 2633 concludenda
3290 2573 3473 2628 oratio
3544 2576 3655 2626 est.

2007 2666 2192 2735 Salve,
2241 2666 2339 2737 qui
2404 2665 2622 2722 salvere
2673 2682 2850 2737 super
2904 2663 3047 2720 alios
3113 2679 3316 2718 omnes
3375 2659 3652 2732 dignissi-

2011 2773 2142 2811 mus
2177 2773 2261 2826 es,
2295 2762 2359 2811 ut
2412 2755 2528 2811 Deo
2579 2772 2756 2828 super
2786 2771 2989 2811 omnes
3023 2753 3426 2809 cbarissimus.
3459 2749 3644 2815 Salve,

2011 2846 2263 2916 quiejus
2323 2845 2403 2900 rei
2447 2861 2623 2900 causa
2670 2860 2902 2900 omnem
2938 2842 3077 2898 olim
3138 2840 3394 2895 laborem
3457 2841 3651 2908 pertu-

2013 2934 2154 3001 listi,
2179 2935 2349 3005 quive
2379 2939 2498 2989 tum
2523 2951 2624 3004 spe
2655 2933 2956 2990 verissime
2987 2930 3296 2996 laetaberis,
3329 2927 3480 2999 quod
3527 2941 3648 2996 per-

2015 3029 2186 3097 petuo
2220 3025 2491 3096 deinceps
2526 3023 2626 3078 tibi
2656 3023 2968 3078 affuturum
3001 3022 3077 3076 sit
3105 3019 3304 3076 laetari.
3330 3017 3516 3079 Salve,
3551 3018 3650 3084 qui

2017 3115 2167 3184 quod
2240 3114 2452 3186 ubique
2483 3113 2746 3169 omnium
2777 3111 3034 3182 optimus
3055 3124 3358 3176 es,omnes
3379 3103 3484 3160 tibi
3516 3119 3654 3159 con-

2017 3204 2380 3276 gratulantes
2398 3203 2606 3258 babes:
2639 3201 2790 3273 quod
2823 3205 3016 3255 autem
3052 3200 3524 3269 congratutantes
3549 3191 3654 3247 tibi

247 3284 348 3348 τῆς
383 3277 621 3349 Τριάδος
672 3281 1041 3357 ὑπερασπιστῇ
1092 3285 1362 3358 γεγονότι,
1415 3285 1556 3340 οὕτω
1604 3307 1686 3340 σοι
1738 3286 1899 3340 πάλιν

2019 3310 2223 3349 omnes
2256 3293 2457 3360 babes,
2490 3308 2555 3347 eo
2586 3291 2845 3346 omnium
2873 3290 3084 3360 ubique
3115 3286 3372 3358 optimus
3420 3299 3503 3340 es.
3537 3281 3655 3336 Cas.-

248 3369 554 3444 mrrxaipe:
605 3375 701 3441 μὲν
751 3373 786 3440 ἢ
830 3373 990 3446 Τριὰς
1038 3373 1392 3447 συγχαίρουσι
1444 3372 1500 3428 δὲ
1548 3381 1652 3437 πᾶς
1703 3380 1730 3430 ὁ
1784 3377 1904 3449 περὶ

249 3459 430 3527 αὐτὴν
483 3463 592 3513 τῶν
661 3459 903 3534 ἀγγέλων
973 3459 1291 3534 διάκοσμος.
1351 3464 1415 3519 Ἦ
1479 3466 1594 3536 μὲν,
1656 3466 1769 3519 ἀνθ’
1836 3467 1910 3519 ὧν

251 3551 436 3610 πιάσας
499 3549 594 3609 τὰς
660 3554 767 3603 τῶν
829 3551 1207 3625 αἱρετιζόντων
1272 3552 1750 3628 τερθρίας,κακῶς,
1810 3555 1910 3609 αύ-

251 3641 359 3704 τήν
424 3635 761 3712 διαιρούσας,
798 3641 1009 3712 χαίρειν
1066 3643 1305 3712 καθάπαξ
1367 3643 1543 3712 ἐάσας,
1605 3645 1678 3705 ὼς
1741 3641 1910 3715 μηδὲν

255 3728 434 3802 ὑγιὲς,
493 3733 656 3781 πᾶσιν
713 3729 847 3799 ἡμῖν
915 3729 1124 3802 χαίρειν
1192 3733 1480 3806 παρέσχες,
1542 3733 1573 3786 ἃ
1640 3731 1722 3787 δεῖ
1787 3733 1909 3804 περὶ

257 3814 434 3882 αὑτῆς
467 3815 648 3890 λέγειν
680 3816 769 3870 καὶ
799 3823 1008 3895 φρονεῖν
1030 3815 1371 3909 βογματίσας
1405 3839 1417 3852 ⁸
1457 3820 1677 3897 ᾅγγελοι
1710 3819 1788 3884 δὲ,
1820 3821 1909 3876 καὶ

247 3905 472 3959 τούτων
539 3907 634 3977 μὲν
693 3903 890 3976 εἵνεκα,
939 3903 1138 3978 πολλῷ
1190 3906 1246 3963 δὲ
1303 3908 1470 3964 πλέον
1519 3912 1602 3965 ὅτι
1648 3911 1909 3966 τάκείνων

255 3997 402 4066 μετα
448 4000 550 4062 τῆς
625 3993 764 4063 ὕλης
824 3996 1051 4069 πρόσθεν
1126 3998 1401 4073 εἶργάζου,
1458 3998 1547 4053 καί
1624 4005 1715 4054 νῦν
1776 4001 1911 4073 μετᾶ

245 4093 469 4140 τούτων
519 4106 577 4138 τε
632 4084 721 4140 καὶ
782 4085 872 4140 σὺν
926 4089 1139 4149 τούτοις
1200 4089 1495 4158 παιανίζειν
1538 4090 1606 4144 τὰ
1655 4092 1772 4146 θεῖα
1820 4093 1909 4146 καὶ

247 4178 316 4244 ἣν
370 4169 553 4235 ἔπνεις
603 4172 804 4248 Τριάδα
843 4177 1019 4245 πάσης
1073 4177 1289 4248 ἰιιιέσως
1343 4179 1593 4254 μετέχεις
1629 4200 1640 4211 ⁸
1693 4181 1754 4235 οὐ
1803 4184 1910 4254 μὴν

247 4262 410 4319 ἀλλὰ
456 4264 546 4317 καὶ
590 4268 670 4334 τῷ
719 4269 822 4319 τῶν
871 4265 1037 4342 ἆγίων
1085 4267 1349 4340 ξύμπαντι
1402 4268 1590 4342 κύκλῳ
1645 4270 1908 4328 τοσούτου

255 4352 327 4423 δή
379 4374 532 4416 τινος
575 4359 802 4425 τιμᾶται
843 4357 908 4410 τὰ
966 4358 1031 4410 σὰ
1077 4357 1167 4412 καὶ
1227 4358 1396 4421 οὕτως
1455 4359 1695 4433 ἀξιοῦται
1759 4363 1910 4438 μεγί-

259 4463 432 4505 στων,
485 4443 560 4504 ὡς
616 4444 693 4515 μὴ
752 4445 913 4516 μόνον
967 4467 1050 4501 σοι
1093 4451 1201 4501 τῶν
1251 4447 1532 4522 πρωτείων
1581 4447 1756 4520 ἡδέως
1814 4451 1911 4506 αύ-

258 4531 392 4594 τοὺς
462 4531 838 4600 ὑπεξίστασθαι
897 4535 985 4588 καὶ
1037 4542 1402 4611 τσραχωρεῖν,
1463 4536 1610 4593 ἄλλά
1664 4542 1752 4594 καὶ
1811 4541 1909 4618 χά-

2017 3388 2206 3438 terum
2241 3381 2416 3437 uttibi
2438 3381 2550 3452 ipsi
2584 3379 2900 3452 plurimum
2937 3375 3284 3443 laetarilicet,
3308 3373 3407 3445 qui
3441 3373 3654 3428 sancta

2017 3473 2324 3527 Trinitatis
2381 3471 2589 3526 vindex
2627 3475 3000 3540 assertorque
3040 3465 3196 3521 fuisti
3231 3481 3243 3518 :
3288 3463 3369 3518 ita
3404 3461 3650 3516 invicem

2019 3562 2121 3616 tibi
2166 3564 2369 3618 sancta
2415 3559 2672 3615 Trinitas
2731 3556 3193 3629 congratulatur;
3245 3550 3652 3624 congratulan-

2017 3655 2110 3706 tur
2153 3666 2284 3705 vero
2331 3649 2507 3703 etiam
2555 3663 2778 3714 omnes,
2817 3647 2915 3717 qui
2973 3643 3055 3699 illi
3104 3646 3386 3713 apparent
3423 3635 3658 3709 angelo-

2019 3756 2150 3795 rum
2208 3739 2466 3795 ordines.
2513 3736 2765 3792 Trinitas
2825 3733 2976 3803 ideo,
3023 3731 3181 3804 quod
3231 3745 3430 3787 omnes
3487 3726 3659 3782 hore-

2016 3829 2268 3885 ticorum
2320 3826 2665 3898 praestigias,
2718 3823 2867 3880 male
2928 3823 3117 3894 ipsam
3187 3818 3546 3880 divellentes,
3597 3817 3662 3870 ut

2019 3933 2181 3975 mera
2247 3917 2647 3974 deliramenta,
2701 3913 2880 3970 semel
2960 3912 3151 3968 valere
3203 3908 3437 3980 jubens,
3489 3903 3658 3960 nobis

2018 4006 2292 4064 omnibus
2359 4003 2594 4061 latendi
2653 4002 2957 4059 materiem
3027 3999 3262 4065 dedisti,
3295 3998 3436 4053 dum
3511 3993 3652 4066 quid

2018 4099 2088 4154 de
2118 4114 2186 4154 ea
2216 4097 2572 4169 loquendum
2619 4093 3105 4163 sentiendumque
3157 4093 3327 4159 esset,
3368 4089 3658 4144 accurate-

2018 4187 2358 4260 exposuisti.
2392 4183 2595 4258 Augeli
2653 4190 2707 4239 et
2767 4184 2838 4239 ob
2896 4181 3010 4239 ista
3055 4180 3336 4244 laetantur,
3395 4180 3454 4232 et
3503 4175 3653 4232 haud

2021 4276 2193 4348 paulo
2225 4275 2377 4348 plus,
2409 4274 2563 4345 quod
2606 4272 2746 4328 olim
2778 4287 2912 4328 cum
2943 4286 3181 4341 corpore
3210 4269 3423 4340 degens
3451 4280 3654 4322 eorum

2018 4366 2223 4423 obibas
2253 4365 2528 4434 actiones,
2569 4366 2626 4419 et
2673 4363 2827 4434 quod
2875 4376 3032 4417 nunc
3080 4361 3233 4415 inter
3289 4358 3444 4430 ipsos
3491 4359 3660 4426 atque

2019 4472 2136 4511 una
2166 4470 2298 4510 cum
2331 4453 2477 4525 ipsis
2499 4451 2762 4507 divinum
2796 4465 3013 4506 numen
3063 4447 3346 4514 concinis,
3374 4449 3430 4502 et
3483 4458 3657 4515 quam

2021 4545 2286 4616 spirabas
2326 4541 2693 4608 Trinitatem,
2731 4540 2930 4596 eadem
2978 4554 3133 4594 nunc
3191 4538 3314 4593 tota
3351 4533 3556 4591 intime
3604 4536 3662 4588 et

267 4640 348 4689 ριν
413 4618 496 4674 ὅτι
551 4619 817 4691 πλείστην
871 4621 923 4693 ἐξ
983 4625 1224 4699 ἀνάγκης
1287 4624 1502 4697 εἰδέναι,
1561 4629 1636 4692 ὡς
1690 4629 1899 4685 τούτους

2017 4631 2494 4704 oonjunctissime
2525 4629 2858 4702 perfrueris.
2881 4627 3144 4701 Denique
3194 4627 3465 4684 universo
3515 4623 3659 4678 item

264 4711 611 4780 κοσμήσαντι
645 4728 658 4742 ·
693 4710 721 4764 ’ὀ
771 4711 875 4786 γάρ
906 4713 1034 4766 εἰσιν
1085 4714 1314 4776 ἅπαντες
1365 4715 1537 4786 οὗτοι,
1574 4720 1722 4773 τοῦτ’
1753 4718 1913 4783 αὐτὸς

267 4800 438 4871 μόνος
488 4800 784 4874 τυγχάνεις
833 4799 932 4870 ὢν,
977 4806 1054 4874 τῷ
1103 4805 1220 4874 μεθ’
1272 4801 1584 4878 ὑπερϐολῆς
1630 4808 1802 4862 πάντα
1847 4808 1916 4864 τὰ

265 4889 490 4942 πάντων
539 4891 880 4958 κεκτῆσθαι·
933 4892 1022 4945 καὶ
1063 4894 1195 4948 εἶναι
1244 4892 1587 4956 παντοδαπός
1624 4918 1707 4959 τις
1760 4898 1913 4972 ἅγιος

268 4977 342 5037 ὡς
402 4975 571 5029 εἰπεῖν
618 4983 736 5038 τοῖς
797 4977 1165 5044 παντοδαπαῖς
1213 4987 1310 5037 τοῦ
1369 4984 1679 5058 Πνιύματος
1727 4989 1914 5060 χάρισι

265 5062 719 5138 καταγλαισθείς.

2023 4725 2353 4777 sanctorum
2384 4717 2600 4775 circulo
2632 4718 2776 4773 tanti
2811 4722 2912 4775 tua
2969 4718 3224 4791 profecto
3268 4713 3658 4779 estimantur,

2026 4810 2287 4883 adeoque
2307 4809 2558 4866 maximo
2589 4809 2877 4865 habentur
2908 4809 2967 4864 in
2991 4808 3198 4880 pretio,
3231 4811 3294 4861 ut
3324 4821 3458 4861 cum
3481 4803 3659 4876 perli-

2026 4900 2228 4956 benter
2252 4899 2445 4956 locum
2477 4899 2801 4973 principem
2850 4897 2950 4955 tibi
3004 4896 3322 4955 concedant
3369 4911 3435 4951 ac
3483 4893 3663 4950 relin-

2027 4993 2233 5060 quant,
2267 4995 2392 5043 tum
2424 4989 2599 5046 etiam
2639 4988 2962 5046 necessario
3004 4986 3252 5044 summis
3287 4989 3344 5042 te
3401 4982 3673 5040 laudibus

2029 5078 2432 5149 gratibusque,
2454 5079 2555 5150 qui
2579 5078 2735 5150 ipsos
2757 5076 3078 5144 ornaveris,
3094 5075 3299 5131 ferant.
3323 5073 3485 5140 Quod
3517 5071 3674 5129 enim

266 5156 384 5228 ipsi
419 5157 672 5213 universi
697 5159 869 5214 simul
894 5165 1048 5222 sunt,
1077 5163 1130 5216 id
1166 5166 1287 5221 tute
1308 5165 1468 5224 solus
1494 5183 1578 5235 es,
1609 5167 1839 5238 quando
1868 5169 2062 5224 omnia
2085 5169 2348 5224 omnium
2379 5169 2604 5238 decora,
2635 5184 2819 5240 eaque
2839 5165 3286 5239 perfectissima,
3301 5163 3674 5230 unushabes,

267 5251 324 5302 et
356 5250 421 5300 ut
447 5246 622 5302 verbo
653 5248 866 5317 dicam,
902 5250 1244 5308 universalis
1273 5255 1566 5328 quispiam
1599 5261 1836 5313 sanctus
1865 5273 1948 5324 es,
1989 5257 2419 5315 universalibus
2473 5257 2725 5329 Spiritus
2781 5255 2968 5313 sancti
3028 5253 3372 5312 muneribus
3429 5251 3672 5311 miriﬁce

265 5335 623 5394 illustratus.

349 5429 515 5482 PKH'.
552 5449 581 5476 ‹‹
613 5429 675 5480 ’Θ
724 5431 1029 5502 προφητικέ
1060 5431 1145 5501 σὺ,
1185 5432 1276 5486 καὶ
1325 5431 1543 5507 βλέπων
1594 5436 1662 5490 τὰ
1706 5434 1916 5510 ἔμπρο-

269 5515 422 5584 σθεν,
475 5535 504 5566 ι)
563 5513 655 5570 καί
707 5515 776 5590 τῇ
829 5522 927 5572 τοῦ
992 5523 1088 5574 νοῦ
1168 5522 1520 5596 καθαρότητι,
1581 5523 1919 5598 παμπόλλας

346 5705 422 5776 (1)
451 5709 747 5766 Fortasse.
781 5705 919 5777 ἥξει.
945 5712 1031 5766 An
1062 5704 1165 5782 ἕξει
1191 5729 1300 5772 τις.

2101 5437 2394 5496 CXXVIII.
2431 5460 2459 5489 «ι
2493 5438 2538 5494 Ο
2569 5438 2824 5504 fatidico,
2857 5438 2914 5491 et
2933 5435 3102 5508 longe
3133 5436 3190 5491 in
3215 5442 3510 5507 posterum
3533 5450 3674 5508 pro-

2032 5528 2288 5600 spiciens
2311 5527 2421 5597 vir,
2442 5550 2470 5580 n
2507 5528 2617 5600 (20)
2642 5525 2970 5597 mentisque
2997 5529 3109 5582 tuo
3159 5524 3453 5582 munditis
3498 5523 3676 5596 pluri-

2103 5710 2224 5785 (20)
2244 5711 2414 5784 Greg.
2447 5713 2492 5779 Ι,
2521 5709 2646 5768 5η.
