4092 6300
451 394 566 456 341

1765 393 2164 454 THEODULI
2210 392 2557 453 MONACHI

3729 405 3835 466 3L8

458 566 583 605 mas
616 547 798 605 divini
857 544 1110 617 Spiritus
1153 544 1569 616 inspiretiones
1620 545 1848 616 adepts,
1883 568 1912 596 ‹‹
1943 546 2083 614 cuju:

2217 525 2313 584 τὰς
2337 528 2435 579 τοῦ
2468 524 2780 597 Πνεύματος
2825 525 3122 601 δεχόμενος
3151 531 3453 600 ἐπιπνοίας,
3505 558 3531 586 ιι
3565 535 3724 607 οὗπερ
3767 536 3838 598 εἷς

460 637 521 692 in
545 651 777 692 omnem
799 639 1014 690 terram
1047 633 1182 688 exiit
1214 634 1343 689 fons
1375 631 1442 702 ⁸⁷,
1475 656 1503 682 υ
1539 649 1696 689 more
1759 633 2100 704 apostolico,

455 731 514 781 et
545 743 720 798 quem
747 729 1027 797 perpetua
1043 745 1072 774 «
1107 723 1497 779 Ecclesiarum
1536 721 1895 788 sollicitudo,
1927 745 1955 774 ››
1983 739 2097 779 non

462 816 660 871 minus
691 831 756 870 ac
780 813 1025 870 Paulum
1058 812 1220 879 olim,
1254 814 1495 883 urgebat
1542 812 1612 879 ⁸⁸,
1633 813 1750 868 imo
1786 829 1915 869 vero
1967 810 2097 883 plus

459 906 635 961 etiam
687 906 899 961 rectius
965 902 1303 958 dixerimus.
1336 903 1577 968 Quando
1629 901 1728 957 ille
1766 903 2098 958 constitutis

460 1009 647 1064 nuper
681 993 972 1061 Eccleiis,
1011 992 1165 1047 curis
1223 995 1279 1046 et
1316 990 1806 1047 sollicitudinibus
1848 992 2098 1064 angeba-

458 1086 592 1150 tur;
625 1083 718 1140 cui
741 1098 942 1138 recens
986 1095 1183 1137 earum
1236 1080 1664 1151 coagmentatio
1719 1080 1875 1137 haud
1925 1081 1996 1136 ab
2039 1095 2098 1136 re

452 1171 886 1228 formidolosior
913 1180 1072 1238 erat;
1106 1174 1168 1225 tu
1199 1187 1329 1226 vero
1393 1169 1602 1241 pietate
1633 1171 1780 1242 ipsa,
1815 1187 1919 1243 per
1971 1187 2096 1226 ma-

456 1259 704 1316 [edicam
738 1259 1142 1316 hereticorum
1173 1257 1598 1330 garrulitatem.
1629 1259 1690 1313 in
1735 1259 1857 1315 acie
1907 1275 2094 1315 nova-

456 1348 596 1404 culae
622 1349 754 1417 jum
787 1350 918 1416 sita,
942 1353 999 1404 et
1036 1348 1097 1404 in
1147 1348 1204 1402 id
1255 1352 1460 1404 vocata
1518 1348 1866 1417 periculum,
1907 1363 1978 1404 ne
2035 1349 2095 1404 in

457 1437 814 1508 impietatem
847 1437 1016 1508 plane
1042 1437 1344 1502 recideret,
1374 1437 1647 1492 omnibus
1702 1436 1922 1492 viribus
1963 1452 2094 1507 pro-

455 1526 780 1598 pugnabas,
814 1530 871 1581 et
892 1543 1134 1581 manum
1168 1525 1611 1582 invictissimam
1651 1526 2085 1582 commodabas.

454 1615 498 1670 Ο
529 1615 630 1686 qui
661 1615 878 1687 sapius
908 1615 1257 1688 sanguinem
1306 1631 1408 1686 pro
1465 1615 1697 1670 Christo
1749 1615 2096 1686 profundere

452 1703 686 1772 avebas,
721 1703 832 1758 nisi
865 1704 987 1775 ipse
1029 1703 1196 1774 plane
1253 1703 1630 1771 cohibuisset,
1663 1718 1734 1758 ne
1786 1703 1964 1759 talem
2006 1703 2095 1758 vi-

455 1793 665 1850 delicet
693 1793 850 1849 orbis
881 1800 1158 1849 terrarum
1203 1792 1499 1848 amitteret
1544 1793 1758 1861 virum,
1791 1792 1961 1860 quive
2011 1793 2094 1847 ci-

453 1887 544 1974 tra
591 1899 856 1974 cruorem
915 1880 1135 1974 athleta
1185 1880 1450 1974 evasisti,
1486 1880 1769 1974 nimirum
1807 1881 2093 1974 quod-tua
2130 1907 2175 1974 Β

454 1969 844 2026 destinatione
876 1969 1129 2026 nominis
1185 1969 1366 2040 hujus
1422 1969 1768 2041 numerique
1815 1969 2090 2026 candida-

449 2064 545 2116 tus
575 2060 814 2115 omnino
841 2075 988 2116 eras.

520 2147 754 2205 CXXIX.
779 2148 826 2204 Ο
846 2148 948 2221 qui
979 2147 1288 2219 pastoralis
1320 2147 1514 2204 ofﬁcia
1543 2163 1836 2204 summam
1855 2147 2092 2214 lineam.

454 2241 513 2294 et
542 2237 917 2309 temetipsum
948 2241 1006 2294 et
1036 2254 1163 2309 qua
1196 2238 1266 2292 de
1298 2253 1363 2293 eo
1411 2237 1640 2307 degotio
1670 2237 1888 2309 scripta
1933 2254 2096 2293 com-

452 2342 756 2398 posueras,
787 2326 1095 2382 exbibuisti
1123 2325 1135 2380 ι
1169 2325 1213 2382 0
1244 2326 1344 2397 qui
1376 2326 1700 2382 solitariam
1751 2333 1804 2380 et
1835 2326 2092 2397 quietam

442 2415 671 2472 vivendi
715 2416 998 2472 rationem
1030 2420 1090 2471 et
1118 2416 1190 2470 ad
1217 2415 1520 2470 materiam
1553 2415 1714 2470 nullo
1764 2415 1936 2471 modo
1995 2415 2095 2470 ﬂe-

438 2503 701 2572 xibilem,
735 2505 833 2562 sed
867 2505 935 2559 ad
964 2504 1150 2560 Deum
1183 2507 1460 2575 perpetuo
1500 2504 1806 2571 intentam,
1829 2503 1910 2559 ita
1959 2519 2083 2574 pro-

435 2593 598 2649 tinus
630 2594 701 2649 ab
763 2595 999 2649 ineunte
1044 2597 1214 2650 atate
1272 2593 1582 2661 adamasti,
1613 2597 1671 2647 et
1715 2591 2007 2664 expetisti,
2033 2596 2092 2648 et

440 2697 617 2754 super
647 2686 882 2740 ceteros
911 2681 1234 2739 rectisime
1265 2681 1577 2753 perfecisti,
1611 2681 1766 2736 velut
1795 2681 2090 2754 quispiam

355 2843 359 2846 γ
439 2775 599 2827 extra
623 2787 856 2828 carnem
882 2773 1288 2843 mundumque
1319 2771 1543 2842 positus
1573 2775 1630 2827 et
1661 2769 1786 2826 sola
1815 2769 2090 2827 victitans

443 2860 748 2916 animalO
789 2862 890 2933 qui
939 2865 1105 2918 tanto
1147 2863 1426 2916 virtutem
1483 2859 1717 2915 coluisti
1772 2875 1963 2930 opere,
2023 2862 2088 2916 ut

443 2964 546 3004 nec
578 2949 918 3006 adolescens
951 2951 1022 3005 ab
1053 2954 1220 3005 atate
1269 2948 1564 3020 provectis,
1589 2953 1646 3004 et
1703 2949 1802 3018 qui
1854 2947 1916 3003 in
1964 2947 2087 3003 vir-

441 3039 586 3094 tutis
617 3039 1045 3094 meditamentis
1078 3039 1392 3110 plurimum
1444 3038 1868 3094 desudaverant
1917 3041 2080 3093 ante-

439 3126 577 3195 ires,
604 3126 709 3183 sed
729 3126 902 3200 longo
953 3127 1125 3200 plane
1184 3128 1420 3183 eosdem
1478 3125 1784 3183 intervallo
1832 3141 2079 3197 praever-

435 3220 588 3270 teres
621 3230 636 3269 :
669 3231 774 3272 nec
828 3216 924 3271 ubi
976 3216 1177 3271 eadem
1234 3216 1360 3287 ipse
1417 3216 1477 3270 in
1528 3214 1716 3271 classe
1755 3215 1882 3286 jam
1924 3231 2074 3284 eras,

2214 619 2384 667 πᾶσαν
2418 616 2516 682 τήν
2545 622 2649 689 γῆν
2682 639 2709 664 ››
2753 614 3130 673 ἀποστολικῶς
3164 644 3191 670 ‹‹
3234 622 3262 674 ὁ
3293 623 3531 697 φθόγγος
3572 623 3777 693 ἐξῆλθε,
3810 649 3833 677 υ

2213 703 2302 756 καὶ
2352 703 2408 756 3v
2462 705 2564 777 ἥγε
2615 703 2866 773 διηνεκὴς
2918 732 2945 756 ‹‹
2983 705 3221 780 μέριμνα
3266 715 3371 763 τῶν
3422 711 3777 783 Ἐκκλησιῶν,
3814 737 3838 764 ››

2216 793 2324 867 οὐχ
2353 796 2514 861 ἦττον
2548 794 2582 861 ἢ
2634 794 2801 849 πάλαι
2837 797 3051 852 ΙΙαῦλον
3101 804 3323 874 κατεῖχε
3356 817 3369 829 ·
3424 800 3634 871 μᾶλλον
3675 800 3838 857 δὲκαὶ

2215 881 2379 936 πλέον
2413 883 2580 938 εἴπεῖν
2629 880 2851 942 ἔνεστιν.
2888 887 3051 959 Εἴπερ
3099 889 3296 950 ἐκεῖνος
3333 891 3426 962 μὲν
3476 889 3594 964 ἄρτι
3638 893 3834 946 τούτων

2211 974 2640 1046 καθισταμένων,
2692 977 2990 1050 φροντίζων
3039 979 3106 1045 ἦν
3152 979 3241 1032 καὶ
3291 978 3535 1052 ἀγωνιῶν
3579 981 3641 1036 τὸ
3697 987 3836 1059 σιρῶν

2213 1061 2502 1136 ἀρτιπαγές
2559 1063 2912 1142 ὑφορώμενος
2946 1083 2957 1094 ·
2995 1065 3057 1118 σὺ
3107 1066 3164 1120 δὲ
3207 1074 3306 1135 τῆς
3358 1063 3627 1131 εὐσεϐείας
3677 1070 3836 1138 αὐτῆς

2217 1151 2319 1204 ὑπὸ
2377 1158 2477 1220 τῆς
2533 1157 2641 1206 τῶν
2702 1154 2986 1227 αἱρετικῶν
3053 1155 3465 1231 γλωσσαλγίας,
3523 1157 3610 1213 ἐπὶ
3685 1160 3836 1234 ξυροῦ

2212 1239 2396 1312 ἀκμῆς
2479 1242 2761 1310 ἑστηκυίας
2843 1245 2934 1298 καὶ
3017 1241 3434 1317 κινδυνευούσης
3531 1254 3834 1320 μεταπεσεῖν

2213 1330 2288 1390 εἲς
2348 1326 2677 1394 δυσσέϐειαν,
2735 1338 2893 1388 πᾶσιν
2953 1337 3039 1396 οἷς
3112 1336 3260 1410 εἶχες
3335 1337 3697 1412 προύμάχεις,
3754 1339 3837 1392 καὶ

2213 1420 2526 1492 θαυμαστὴν
2576 1426 2738 1495 χεῖρα
2785 1429 3044 1498 παρεῖχες
3079 1444 3091 1456 ·
3143 1426 3170 1478 ὁ
3223 1424 3518 1496 βουληθεὶς
3572 1427 3667 1498 μὲν
3712 1428 3838 1481 πολ-

2211 1507 2368 1570 λάκις
2429 1511 2558 1583 ὑπὲρ
2611 1515 2847 1583 Χριστοῦ
2903 1513 2965 1567 τὸ
3015 1516 3153 1586 αἷμα
3210 1513 3414 1589 ἐκχέαι,
3465 1515 3732 1579 κωλυθεὶς
3788 1513 3838 1570 δὲ

2214 1599 2300 1676 ὑφ’
2349 1599 2512 1654 αὐτοῦ
2558 1599 2776 1667 τούτου,
2828 1601 2939 1678 ἐφῷ
2991 1603 3068 1676 μή
3115 1605 3214 1672 τήν
3275 1604 3604 1676 οἰκουμένην
3650 1602 3834 1679 ἀνδρὸς

2210 1687 2525 1762 ἐστερῆσθαι
2607 1692 2858 1744 τοιούτου
2893 1709 2905 1721 ’
3009 1694 3096 1747 καὶ
3181 1694 3420 1767 γεγονὼς
3510 1693 3837 1766 ἀναίμακτος

2210 1778 2476 1848 ἀθλητὴς,
2537 1777 2613 1840 εἷς
2671 1777 2897 1843 τούτους
2953 1780 3034 1834 ὅτι
3094 1781 3330 1853 μάλιστα
3384 1787 3453 1856 τῇ
3529 1782 3835 1856 προαιρέσει

2209 1866 2382 1922 τελῶν
2393 1911 2404 1925 .

2277 2139 2436 2197 ΡΚΘ’.
2472 2141 2537 2194 Ὦ
2587 2147 2954 2212 ποιμαντικῆς
2993 2129 3140 2214 ὅρον.
3166 2142 3357 2196 σαυτόν
3402 2162 3461 2196 τε
3506 2139 3700 2213 δείξας,
3747 2140 3830 2195 καὶ

2207 2225 2296 2288 οὓς
2356 2228 2490 2302 ὑπὲρ
2539 2229 2732 2284 τούτου
2793 2229 2994 2304 λόγους
3053 2231 3308 2302 ξυνέθουί
3365 2233 3430 2284 Ὠ
3485 2231 3548 2284 τὸ
3611 2237 3831 2302 μονῆρες

2201 2325 2298 2375 τοῦ
2335 2320 2454 2394 βίου
2492 2322 2581 2376 καὶ
2631 2323 2865 2396 ἥσυχον,
2895 2323 2983 2376 καὶ
3037 2324 3172 2396 πρὸς
3225 2324 3317 2394 μὶν
3361 2324 3461 2392 τήν
3507 2322 3646 2391 ὕλην
3701 2343 3835 2377 παν-

2201 2412 2428 2465 τάπασιν
2479 2409 2718 2480 ἆκλινές,
2752 2413 2890 2486 πρὸς
2939 2408 2995 2465 δὲ
3045 2413 3171 2466 Θεὸν
3219 2410 3348 2486 ἔχον
3395 2410 3522 2480 nisi,
3573 2412 3744 2474 οὕτως
3789 2412 3834 2481 ἐξ

2201 2501 2382 2572 αρχῆς
2434 2498 2716 2574 ἀγαπήσας
2761 2519 2817 2553 τε
2862 2499 2952 2553 καὶ
3005 2501 3268 2569 ποθήσας,
3315 2500 3404 2553 καὶ
3457 2499 3592 2573 ὕπερ
3643 2500 3836 2559 πάντας

2200 2589 2597 2664 κατωρθωκὼς,
2630 2589 2705 2650 ὡς
2753 2586 2813 2642 ἄν
2846 2609 2928 2650 τις
2975 2587 3074 2658 ἔξω
3133 2591 3328 2662 σαρκὸς
3369 2588 3458 2643 καὶ
3510 2589 3723 2661 κόσμου
3751 2609 3835 2663 γε·

2199 2698 2327 2755 γενη
2341 2677 2496 2749 μένος
2526 2679 2615 2733 καὶ
2646 2679 2780 2752 μόνῃ
2810 2683 2914 2747 ζῶν
2964 2682 3031 2750 τῇ
3065 2682 3219 2755 ψυχῇ
3247 2679 3260 2733 l
3294 2684 3358 2731 Ὠ
3404 2683 3666 2733 τοσοῦτον
3704 2678 3835 2752 πρὸς

2199 2769 2396 2842 ἀρετὴν
2442 2769 2714 2844 ἐσχηκὼς,
2766 2770 2840 2831 ὡς
2893 2771 3022 2843 μήτ’
3077 2767 3131 2823 ἐν
3179 2769 3394 2838 νεότητι
3439 2772 3550 2824 τῶν
3603 2763 3831 2838 πρεσϐυ-

2194 2861 2386 2932 τέρων,
2444 2859 2531 2913 καὶ
2587 2858 2817 2913 πλεῖστα
2872 2859 2996 2930 περὶ
3035 2857 3234 2928 ταύτην
3294 2857 3582 2930 καμόντων
3633 2857 3828 2911 ἂπολε.

2195 2945 2434 3024 λεῖφθαι,
2485 2946 2629 3003 ἀλλὰ
2672 2949 2760 3002 καὶ
2808 2945 3008 3018 πολλῷ
3055 2946 3250 3017 τῳόντι
3302 2952 3438 3023 σφᾶς
3486 2945 3826 3021 παρελάσαι·

2197 3037 2326 3110 μήτ’
2365 3034 2442 3099 εἷς
2475 3037 2677 3097 αὐτοὺς
2724 3037 2950 3097 τούτους
2994 3035 3236 3101 τελέσας,
3274 3032 3496 3108 ὑφέσθαι
3547 3036 3640 3090 καὶ
3689 3037 3823 3102 ὁπη-

2192 3131 2285 3180 οῦν
2329 3131 2427 3181 τοῦ
2487 3128 2799 3198 θαυμαστοῦ
2848 3122 3006 3180 τοῦδε
3061 3122 3219 3180 τόνου
3278 3125 3367 3179 καὶ
3425 3132 3526 3194 τῆς
3593 3123 3824 3200 μεγάλης

2195 3215 2509 3284 ένστάσεως,
2569 3216 2712 3271 ἀλλὰ
2773 3214 2862 3271 καὶ
2922 3215 3122 3276 παντὸς
3202 3213 3549 3288 ἀκμάζοντος
3625 3212 3824 3287 μᾶλλον

3773 3301 3786 3322 ε

440 3303 764 3376 quidquam
827 3321 1177 3377 quocunque
1234 3276 1425 3376 modo,
1475 3306 1549 3360 de
1603 3276 1928 3361 incredibili
1969 3276 2083 3361 isto

2199 3300 2335 3374 ἡόᾇν
2362 3304 2429 3358 τὰ
2474 3307 2721 3359 τοιαῦτα.
2754 3307 2818 3357 Ὠ
2864 3303 3052 3364 κακίας
3095 3302 3479 3378 ἀποσχόμενος
3528 3302 3726 3369 οὕτως,
3759 3301 3824 3360 ὡς

437 3394 623 3463 rigore
693 3398 750 3450 et
825 3394 1054 3466 ingenti
1131 3394 1502 3450 contentione
1569 3393 1911 3462 remitteres,
1966 3393 2086 3450 imo

442 3482 628 3552 magis
659 3483 838 3539 etiam
869 3500 1044 3554 quam
1071 3483 1328 3540 ﬂorentis
1359 3485 1650 3556 quispiam
1696 3485 1882 3540 aetatis
1922 3483 2088 3554 juve-

440 3568 544 3625 nili
574 3571 633 3626 in
666 3570 758 3628 his
789 3573 996 3629 ardore
1024 3572 1352 3629 elaborares
1377 3572 1390 3627 l
1416 3572 1578 3644 Oqui
1618 3573 1862 3645 proinde
1890 3589 1924 3628 a
1956 3589 2086 3645 pec-

437 3663 564 3714 cato
596 3667 649 3716 te
681 3661 1230 3734 abstinebas,quam
1254 3661 1382 3733 ipsa
1411 3677 1540 3719 sese
1569 3661 1827 3718 abstinet
1853 3663 2040 3720 virtus
2064 3662 2077 3718 Ι

438 3746 483 3804 Ο
513 3749 614 3820 qui
645 3749 1186 3807 laudatissimorum
1217 3751 1472 3807 virorum
1506 3751 1768 3807 omnium
1801 3751 1963 3808 solus
1994 3752 2082 3807 vi-

437 3853 541 3893 sus
572 3853 633 3893 es
683 3838 1076 3910 0010phon!0
1107 3840 1204 3912 qui
1247 3841 1512 3896 omnium
1571 3844 1630 3896 in
1680 3845 1832 3896 terra
1881 3841 2084 3897 viven-

438 3926 587 3982 tium
618 3926 719 3983 Dei
751 3930 1005 3985 maxime
1052 3929 1256 3986 laudes
1312 3929 1643 3998 celebrasti,
1683 3934 1742 3985 et
1798 3931 2083 4001 majorem

2192 3394 2394 3465 ταύτης
2451 3392 2667 3463 έκείνηί
2746 3394 2810 3447 Ὦ
2888 3394 3100 3448 πάντων
3179 3391 3586 3465 ἐπαινουμένων
3671 3391 3826 3464 μόνος

2195 3483 2478 3562 ἀναφανεὶς
2535 3481 2824 3558 κολοφώνί
2885 3483 2952 3535 Ὠ
3015 3480 3250 3554 μάλιστα
3315 3483 3409 3555 μὲν
3465 3481 3684 3537 πάντων
3747 3477 3826 3533 ἐπὶ

2192 3579 2298 3648 γῆς
2358 3570 2582 3645 δοξάσας
2639 3571 2792 3637 Θεὸν,
2859 3572 3119 3644 μειζόνως
3187 3569 3243 3625 δὲ
3303 3571 3394 3624 ὑπ’
3447 3570 3615 3625 αὐτοῦ
3673 3568 3828 3640 δοξα-

2194 3661 2357 3726 σθεῖς,
2406 3662 2538 3733 τῷθ’
2589 3661 2718 3736 ὑπὲρ
2768 3661 2896 3720 τοὺς
2943 3659 3150 3722 ἄλλους
3191 3658 3414 3714 ἐνταῦθα
3461 3662 3561 3728 τῆς
3609 3659 3830 3737 χάριτος

2191 3751 2519 3821 ἀπολαῦσαι,
2577 3751 2667 3804 καὶ
2715 3748 3052 3823 πανταχόθεν
3097 3749 3390 3822 ἐσχηκέναι
3441 3749 3824 3821 θαυμάζεσθαι,

2193 3846 2274 3913 τῷ
2303 3862 2361 3896 τε
2389 3847 2491 3910 τῆς
2538 3839 2649 3894 ἅνω
2677 3837 3022 3914 κληρουχίας
3071 3837 3437 3916 διαφερόντως
3465 3837 3664 3916 λαχεῖν
3697 3855 3712 3873 ο
3742 3833 3828 3889 καὶ

2193 3930 2260 3985 τὰ
2289 3934 2481 4005 πρῶτα
2508 3929 2635 4004 παρ’
2667 3929 2817 3999 αὐτῷ
2847 3928 3196 4001 τετιμῆσθαι.

434 4013 693 4072 vicissim
717 4017 778 4073 in
811 4019 1043 4074 modum
1065 4036 1098 4075 a
1125 4021 1241 4076 Deo
1274 4019 1493 4076 honore
1523 4020 1766 4076 affectus
1799 4036 1882 4090 es,
1916 4025 2039 4076 tum
2061 4023 2220 4094 quod
2253 4021 2348 4077 hic
2378 4020 2506 4093 plus
2536 4020 2668 4076 aliis
2699 4021 2884 4093 gratia
2911 4020 3095 4092 ipsius
3146 4020 3430 4076 fruebaris
3477 4026 3534 4075 et
3574 4020 3829 4088 undique

429 4120 546 4176 quo
579 4122 926 4178 magnopere
956 4109 1452 4166 commendareris
1485 4110 1759 4177 habebas,
1793 4115 1920 4166 tum
1951 4109 2110 4182 quod
2138 4112 2428 4171 caelestem
2459 4111 2622 4167 illam
2657 4110 3046 4167 hereditatem
3082 4126 3234 4166 unus
3265 4110 3492 4181 egregie
3545 4125 3825 4173 creveras,

429 4198 608 4266 atque
639 4198 925 4270 praecipuo
956 4200 1112 4271 apud
1134 4200 1316 4256 Deum
1349 4201 1656 4257 decoratus
1677 4216 1807 4256 eras
1839 4201 2075 4256 honore.

497 4284 722 4342 CXXX.
755 4286 800 4342 Ο
859 4288 958 4359 qui
1015 4289 1335 4346 humanam
1393 4304 1812 4362 supergressus
1853 4293 2071 4347 sortem

426 4375 797 4432 oredebarisl
830 4375 963 4433 Sive
1019 4378 1235 4446 verius,
1269 4395 1301 4434 ο
1353 4378 1453 4451 qui
1511 4377 1810 4434 hominem
1861 4378 2074 4447 pariter

426 4467 481 4519 et
521 4464 841 4536 superabas
889 4470 947 4521 et
996 4467 1287 4524 ornabae!
1324 4467 1539 4540 quippe
1589 4466 1689 4538 qui
1733 4466 2072 4538 angelorum

423 4552 660 4610 vivebas
710 4555 907 4624 vitam,
932 4555 1038 4613 hos
1095 4573 1226 4613 vero
1257 4557 1414 4628 ipsos
1472 4571 1539 4613 eo
1592 4556 1886 4623 vincebas,
1916 4556 2073 4628 quod

2256 4292 2386 4348 PA'.
2445 4291 2513 4344 Ὦ
2595 4289 2793 4361 μείζων
2871 4289 2908 4358 ἢ
2979 4291 3096 4345 κατ’
3174 4291 3460 4363 ἄνθρωπον
3523 4287 3821 4361 νομισθεὶς,

2189 4376 2404 4450 μᾶλλον
2465 4375 2618 4448 δὶ,ὧ
2673 4380 2765 4432 τὸν
2821 4378 2914 4450 μὲν
2971 4377 3253 4454 ἄνθρωπον
3315 4380 3456 4452 ὁμοῦ
3503 4399 3561 4432 τε
3611 4377 3821 4452 παριὼν

2183 4467 2273 4521 καὶ
2331 4469 2612 4540 κοσμήσας
2669 4471 2748 4538 τῷ
2805 4469 2920 4522 κατ’
2987 4467 3254 4543 ἀγγέλους
3326 4468 3557 4541 βιῶναιί
3627 4467 3822 4526 αὐτοὺς

2183 4554 2240 4611 δὲ
2295 4556 2546 4625 τούτους,
2589 4561 2669 4628 τῷ
2729 4555 2944 4628 μάλιστ’
3004 4557 3178 4613 αὐτῶν
3234 4555 3449 4629 δοξάσαι
3499 4560 3632 4612 Θεόν
3668 4576 3679 4587 ·
3732 4558 3816 4612 καὶ

429 4640 666 4698 illorum
708 4644 957 4701 maxime
1005 4645 1192 4702 Deum
1249 4645 1723 4714 oollaudabas,et
1777 4645 2070 4716 quondam

2199 4644 2353 4700 τάλαι
2405 4646 2499 4718 μὲν
2547 4645 2635 4699 ἐπὶ
2682 4652 2786 4719 γῆς
2835 4647 2924 4701 καὶ
2971 4650 3060 4700 νῦν
3104 4645 3149 4701 δ’
3195 4647 3498 4716 ούχήκιστα
3551 4650 3669 4720 μετ’
3721 4646 3822 4701 αύ-

426 4732 485 4787 in
523 4732 698 4789 terris
727 4740 782 4789 et
811 4750 968 4790 nunc
1025 4735 1394 4806 potissimum
1456 4751 1572 4792 una
1628 4751 1764 4792 cum
1815 4733 1958 4805 ipsis
2014 4734 2072 4789 in

420 4820 594 4876 omlol
626 4821 670 4877 Ο
701 4821 803 4893 qui
826 4823 1222 4895 jucunditatis
1252 4825 1442 4881 omnis
1473 4825 1696 4880 nullam
1727 4823 1960 4895 penitus
1981 4839 2068 4878 ra-

422 4908 641 4966 tionem
676 4911 950 4981 ducebas,
983 4913 1098 4969 nisi
1129 4929 1254 4985 quas
1286 4915 1358 4970 ad
1401 4915 1674 4971 virtutem
1719 4912 1940 4984 Deique
1987 4912 2064 4967 fa-

423 4996 817 5056 miliaritatem
850 5003 1085 5059 duceret
1109 5001 1187 5058 10
1209 5002 1514 5060 Trinitatis
1539 5001 1909 5074 templum,et
1937 5017 2065 5072 pry-

416 5093 656 5143 taneum
686 5088 1017 5162 theologia,
1058 5099 1114 5147 et
1142 5097 1474 5148 sanctorum
1507 5093 1846 5164 dogmatum
1899 5105 2065 5146 exae-

419 5175 652 5231 tissima
675 5192 880 5233 norma
904 5178 917 5234 ι
949 5180 994 5235 Ο
1025 5179 1416 5237 disertissime
1445 5182 1774 5238 orationum
1797 5178 2068 5251 omnige-

423 5279 632 5319 narum
703 5267 929 5336 artifex,
990 5286 1315 5343 earumque
1391 5287 1567 5342 super
1649 5269 1792 5325 alios
1863 5283 2066 5325 omnes

419 5352 639 5410 athleta
669 5367 1178 5431 propugnatorque
1217 5360 1526 5418 acerrime!
1561 5362 1600 5412 0
1632 5375 1800 5416 sacra
1852 5357 2068 5431 gratia-

413 5458 544 5498 rum
601 5443 827 5507 tbensa.
885 5452 943 5504 et
991 5449 1342 5507 suavissima
1398 5465 1632 5507 morum
1675 5447 2064 5516 concinnitas,

410 5531 668 5592 maxime
725 5535 928 5593 eadem
987 5542 1046 5594 et
1092 5539 1458 5597 admirabilis
1514 5543 1572 5596 et
1626 5536 1998 5598 inimitabilia
2047 5533 2061 5591 l

490 5710 538 5746 ⁸⁷
567 5711 720 5770 Psal.
754 5731 872 5787 xix,
901 5717 970 5786 3;
1004 5717 1172 5774 Rom.
1202 5734 1261 5785 x,
1295 5718 1381 5776 18.
1456 5718 1501 5754 ⁸⁸
1527 5720 1583 5775 -Π
1613 5718 1744 5777 Cor.
1775 5733 1858 5787 x1,
1885 5717 1976 5772 28.
2017 5741 2019 5744 ⁴

2180 4734 2287 4788 τῶν
2331 4732 2383 4788 ἐν
2412 4739 2528 4796 τοῖς
2558 4735 2832 4809 οὐρανοῖς.
2865 4736 2931 4788 Ὠ
2976 4734 3178 4797 παντὸς
3227 4732 3454 4804 ἡδίστου
3508 4733 3638 4807 μηδ’
3681 4737 3817 4790 ὁντι·

2179 4826 2302 4877 νοῦν
2375 4823 2692 4896 τοπαράπαν
2770 4824 3140 4895 ποιησάμενος
3213 4823 3395 4898 λόγον,
3469 4822 3617 4892 πλὴν
3697 4823 3820 4878 ὅσον

2177 4912 2253 4973 εἰς
2311 4911 2506 4986 ἀρετὴν
2567 4911 2714 4990 φέρει
2763 4912 2854 4966 καὶ
2902 4917 3036 4969 Θεοῦ
3094 4912 3416 4983 ξυναυλίανί
3477 4915 3544 4968 Ὦ
3591 4910 3816 4989 Τριάδος

2179 5000 2346 5069 ὲστία,
2424 4999 2515 5055 καὶ
2590 5006 2909 5074 πρυτανεῖον
2989 5000 3296 5077 θεολογίας,
3360 5002 3450 5056 καὶ
3527 5001 3816 5079 δογμάτων

2179 5082 2463 5162 ἆκρίϐειαί
2510 5092 2574 5141 Ὠ
2622 5086 2977 5144 παντοδαπῶν
3031 5090 3211 5164 λόγων
3261 5090 3504 5166 τεχνίτα,
3551 5093 3639 5146 καὶ
3690 5090 3813 5145 τού·

2175 5197 2282 5232 των
2365 5177 2496 5251 ὑπὲρ
2579 5179 2780 5240 πάντας
2845 5177 3138 5253 ἂγωνιστὶ,
3191 5180 3281 5234 καὶ
3358 5181 3506 5255 ἅρμα
3576 5182 3817 5255 χαρίτων

2178 5267 2264 5320 καὶ
2327 5266 2476 5334 ἠθῶν
2537 5266 2826 5341 εὐκοσμία,
2880 5269 3270 5342 θαυμαζομένη
3337 5270 3454 5341 μὲν,
3518 5269 3814 5340 ζηλοῦσθαι

2177 5353 2224 5410 δ’
2262 5354 2583 5431 ἆνέφικτοςί
2633 5359 2699 5411 Ὠ
2746 5358 2823 5430 μὴ
2873 5357 3034 5430 μόνον
3087 5382 3114 5409 (ι
3167 5360 3400 5431 οὐρανὸς
3449 5357 3810 5437 διηγούμενος

2175 5445 2275 5514 τήν
2330 5445 2484 5514 δόξαν
2535 5451 2695 5517 Θεοῦ,
2730 5470 2758 5498 ››
2807 5445 2954 5502 ἀλλὰ
3000 5447 3087 5502 καὶ
3147 5450 3350 5512 πάντας
3392 5450 3531 5525 πρὸς
3587 5448 3809 5525 οὐρανὸν

2181 5534 2458 5608 μεθιστὰς,
2506 5536 2592 5590 καὶ
2642 5541 2764 5600 ταῖς
2818 5539 3150 5612 θαυμασταῖς
3204 5538 3501 5610 ὑποθήκαις
3543 5543 3653 5595 τῶν
3703 5544 3808 5594 σῶν
