4092 6300
212 385 318 445 349

1205 387 1597 455 LAUDATIO
1640 388 1701 449 S.
1747 391 2129 454 GREGORII
2170 388 2588 452 THEOLOGI.

3480 387 3599 448 350

210 513 397 588 λόγων,
454 514 608 576 θεοὺς
682 513 885 577 αὐτοὺς
953 518 1247 580 καθιστάςί
1312 522 1376 573 Ὦ
1447 522 1616 575 κακοῦ
1689 540 1833 583 τινος

1950 524 1995 580 Ο
2021 542 2137 581 non
2170 525 2343 581 modo
2375 545 2403 574 ‹‹
2451 523 2662 580 caelum
2710 536 2990 579 cnarrans
3054 519 3303 591 gloriam
3333 518 3440 576 Dei
3465 517 3534 586 ⁸⁸,
3569 540 3596 568 »ι

210 611 405 671 κτῆσιν,
444 601 555 657 οὔδ’
605 603 659 657 ἐν
714 606 1016 678 αὐτονομίᾳ
1060 612 1167 659 τῶν
1216 605 1505 680 λογισμῶν
1554 608 1836 683 ἐσχηκὼς,

207 696 362 746 ταντα
411 691 467 747 δὲ
521 693 588 746 τὰ
643 693 913 750 κάλλιστα
969 697 1055 749 καὶ
1116 696 1457 769 κτησάμενος
1513 699 1603 752 καὶ
1673 720 1837 775 μεγα-

209 783 456 859 λοψύχως
522 788 641 845 τοῖς
711 781 907 844 ἄλλοις
966 787 1370 861 παρεσχηκώςί
1430 792 1495 842 Ὦ
1542 789 1677 843 κατὰ
1733 792 1836 843 πᾶν

206 873 231 925 δ’
269 893 317 926 τι
368 869 428 925 ἃν
480 870 630 927 εἷ’ποι
674 894 779 943 τις,
809 878 915 927 τῶν
976 873 1299 947 βελτίστων,
1328 880 1587 931 τοσοῦτον
1632 876 1838 951 ἐκλάμ-

207 965 315 1033 ψας,
346 961 422 1023 ὡς
481 960 588 1016 ἀπὸ
649 966 745 1017 σοῦ
804 961 1018 1035 μᾶλλον
1057 966 1092 1034 ἢ
1124 965 1355 1039 πρόσθεν
1387 967 1535 1021 τουτὶ
1568 973 1840 1039 κεκοσμῆ-

207 1051 332 1119 σθαι,
369 1050 463 1104 καὶ
506 1051 890 1126 ποθεινότερον
926 1057 1056 1107 πᾶσι
1105 1054 1243 1127 πρὸς
1293 1054 1354 1109 τὸ
1403 1058 1704 1129 κεχρῆσθαι
1746 1075 1840 1132 γε·

210 1138 366 1192 νέσθαι
392 1140 407 1193 ί

1948 616 2047 670 sed
2076 619 2135 670 et
2173 630 2375 671 omnes
2403 613 2475 669 ad
2515 610 2725 668 cmlum
2771 611 3101 679 traducens,
3131 613 3190 664 et
3217 608 3431 666 divinis
3458 612 3598 666 tua-

1948 719 2079 757 rum
2128 703 2457 758 orationum
2510 700 2750 757 monitis
2806 699 2973 754 divos
3025 699 3184 770 ipsos
3236 695 3519 753 reddens!
3553 694 3597 751 Ο

1949 791 2051 862 qui
2076 792 2201 847 vitii
2231 791 2482 861 alicujus
2510 804 2683 847 usum
2704 788 3087 858 habitumque
3117 803 3188 842 ne
3216 786 3277 842 in
3306 785 3599 842 liberrimo

1948 880 2369 952 cogitationum
2402 878 2639 935 arbitrio
2685 877 2957 947 habebas,
2991 875 3210 948 optima
3234 890 3368 932 vero
3399 872 3599 931 omnia

1950 977 2005 1024 et
2033 967 2159 1039 ipse
2192 968 2556 1040 possidebas,
2580 972 2639 1023 et
2668 964 2975 1038 magniﬁce
3002 964 3440 1036 liberaliterque
3461 979 3596 1019 cum

1948 1056 2080 1113 aliis
2111 1055 2629 1114 communicabasl
2662 1055 2706 1113 Ο
2737 1056 2834 1125 qui
2866 1055 3188 1111 secundum
3222 1053 3280 1109 id
3313 1068 3487 1109 omne
3517 1068 3599 1108 re-

1947 1162 2079 1202 rum
2109 1147 2485 1218 optimarum,
2520 1145 2673 1217 quod
2694 1143 2982 1201 nominari
3013 1160 3048 1198 a
3076 1157 3371 1215 quoquam
3391 1140 3599 1212 possit,

215 1246 376 1300 usque
414 1232 563 1289 adeo
592 1232 1074 1304 exsplendueras,
1107 1239 1168 1291 ut
1225 1235 1333 1290 hoc
1389 1235 1580 1308 ipsum
1609 1219 1884 1308 plus-abs
1913 1239 1991 1305 te,
2050 1253 2227 1308 quam
2259 1240 2430 1293 antea
2472 1235 2746 1303 habebat,
2806 1233 3090 1306 acceperit
3135 1230 3487 1299 ornamenti,
3545 1238 3603 1287 et

210 1320 458 1376 omnibus
488 1322 566 1376 ad
598 1338 775 1379 usum
807 1323 1247 1380 desiderabilius
1274 1324 1558 1382 evaserit!

270 1413 421 1465 PAA’.
469 1435 497 1460 ι(
550 1412 616 1466 Ὠ
665 1412 888 1485 γλῶσσα
935 1412 1235 1484 πυρίπνους
1290 1412 1381 1469 καὶ
1440 1414 1617 1487 στόμα
1675 1413 1838 1486 μελι-

213 1498 402 1570 rufa,
438 1522 464 1552 ι
498 1500 593 1554 καὶ
633 1500 828 1571 κιθάρα
874 1505 971 1557 τοῦ
1016 1501 1355 1575 Ηνεύματος,
1383 1506 1451 1576 τῇ
1514 1499 1603 1559 διὰ
1649 1509 1836 1559 πασῶν

214 1587 443 1660 χαρίτων,
478 1589 563 1649 ὡς
608 1590 797 1655 εἰπεῖν,
850 1591 1102 1664 ἁρμονίᾳ,
1154 1594 1354 1653 πάντας
1405 1593 1537 1665 μετὰ
1584 1593 1680 1648 105
1736 1594 1840 1648 σώ·

218 1675 489 1752 ζεινίέχειν
539 1677 811 1748 κηλοῦσα,
842 1681 930 1735 καὶ
978 1682 1073 1744 τὰς
1113 1683 1299 1761 ψυχὰς
1348 1682 1559 1745 ἐνθέους
1590 1682 1839 1757 ίέργαζο·

224 1764 329 1835 μίγη
381 1769 474 1823 καὶ
541 1770 917 1844 βακχευούσας
972 1771 1040 1825 τὰ
1095 1771 1440 1848 ἄρῥηταιὪ
1485 1773 1575 1829 καὶ
1632 1771 1837 1829 τούτων

2017 1414 2253 1472 CXXXI.
2284 1436 2308 1467 ι
2341 1418 2381 1468 0
2403 1414 2953 1488 linguaflammans,
2978 1411 3263 1484 mellaque
3282 1428 3348 1469 os
3368 1411 3598 1482 Hymet-

1946 1504 2048 1572 tia,
2079 1526 2108 1556 υ
2142 1512 2200 1563 et
2229 1505 2453 1562 cithara
2471 1504 2727 1576 Spiritus
2747 1503 2954 1572 sancti,
2975 1502 3244 1574 aequabili
3274 1517 3376 1573 per
3395 1516 3597 1558 omnes

1945 1600 2188 1670 gratias,
2210 1603 2273 1656 ut
2294 1599 2376 1655 sic
2398 1598 2732 1670 loquamur,
2752 1600 3058 1667 concentu,
3079 1609 3302 1665 omnes,
3323 1610 3442 1653 una
3462 1610 3595 1650 cum

1949 1687 2230 1744 facultate
2257 1687 2549 1754 servandi,
2599 1685 2961 1751 demulcens,
3009 1684 3353 1755 animasque
3399 1681 3597 1739 divino

1950 1775 2200 1834 Numine
2237 1776 2573 1846 instinctas,
2602 1780 2662 1832 et
2701 1774 3110 1835 inenarrabilis
3157 1770 3424 1844 quaedam
3462 1772 3600 1826 bac-

224 1852 406 1912 ἕκαστον
439 1859 522 1913 ὢν
557 1860 675 1931 μεθ’
706 1854 1049 1934 ὑπερϐολῆς,
1077 1863 1169 1916 καὶ
1215 1863 1386 1919 πάντα
1420 1864 1597 1936 ὁμοῦί
1630 1865 1703 1928 Ὠ
1750 1864 1833 1919 καί

1954 1866 2219 1934 chantes,
2248 1866 2508 1923 efficiens
2535 1842 2617 1921 ΙὈ
2648 1864 2749 1936 qui
2777 1868 2836 1920 et
2863 1861 3100 1936 singula
3126 1842 3334 1930 haece,
3354 1858 3600 1932 etplane

227 1944 440 2017 ιρείττων
552 1947 807 2004 ἁπάντων
888 1948 980 2003 καὶ
1056 1949 1276 2023 προσέτι
1356 1956 1552 2008 σαυτοῦ
1577 1974 1590 1988 ο
1665 1955 1843 2009 ὶκεῖνο

230 2033 317 2104 μὲν,
341 2037 420 2096 οἷς
453 2038 546 2110 (1)
576 2036 864 2114 ὗπερέχεις
889 2056 903 2070 ·
934 2042 1098 2094 τοῦτο
1129 2036 1208 2109 δὶ,
1239 2040 1326 2101 οἷς
1373 2039 1425 2093 ἐν
1474 2042 1685 2113 ἑκάστῳ
1735 2045 1845 2097 τῶν

231 2127 305 2177 σῶν
350 2126 550 2181 σαυτὸν
611 2124 790 2189 δοκεῖς
848 2127 1172 2203 ὑπερέχεινῐ
1206 2133 1272 2183 Ὠ
1316 2131 1531 2186 πάντων
1586 2135 1694 2187 τῶν
1743 2134 1842 2186 τοῦ

235 2215 504 2285 “stipare:
561 2215 917 2289 χαρισμάτων
968 2217 1133 2289 μόνος
1179 2217 1512 2291 ἠξιωμένος,
1544 2217 1604 2274 ἄν
1654 2242 1713 2276 τε
1750 2218 1840 2275 καὶ

239 2300 352 2370 {tam
396 2305 466 2358 τὰ
522 2302 695 2359 τοῦδε
775 2304 1012 2377 μάλιστα
1093 2306 1309 2361 πάντων
1395 2304 1688 2378 ἐξητακὼς,
1749 2310 1838 2363 καί

241 2394 332 2459 μιιᾶ
364 2396 571 2450 τούτου
612 2394 888 2468 ταμὲγιστ’
936 2395 1083 2468 αὐτῷ
1140 2397 1509 2470 συναράμενος
1570 2398 1660 2453 καὶ
1742 2418 1837 2453 κο-

239 2484 424 2549 σμήσαςί
458 2490 539 2539 Ὦ
566 2484 623 2539 τί
653 2483 716 2539 ἅν
750 2483 806 2539 σέ
833 2506 918 2547 τις
960 2487 1271 2560 προσειπὼν
1320 2490 1416 2542 τοῦ
1463 2488 1836 2562 προσήκοντος

238 2570 355 2643 τΰχοι
387 2574 473 2628 καὶ
538 2574 614 2627 ὧν
658 2575 960 2649 ἀξιόχρεως
1009 2575 1095 2630 si!
1134 2574 1194 2631 Εἰ
1224 2576 1326 2651 γάρ
1364 2596 1483 2630 τινα
1526 2581 1638 2630 τῶν
1694 2577 1836 2631 πάν-

237 2677 314 2711 των
353 2688 373 2712 τι
408 2664 640 2736 κόσμου
688 2666 877 2742 ψυχὴν
931 2689 957 2715 ››
1010 2680 1119 2740 χρή
1170 2670 1507 2735 προσειπεῖν,
1540 2665 1629 2721 καὶ
1674 2690 1701 2718 ι(
1741 2686 1836 2722 κι-

230 2748 400 2823 ᾳάλαιον
456 2755 674 2828 ἀρετῆς
745 2757 835 2809 καὶ
901 2755 1058 2811 θείων
1118 2754 1505 2830 ἐπιταγμάτων
1580 2752 1831 2831 ἔμψυχον

223 2833 362 2895 δέλτον
408 2869 434 2894 η
504 2843 605 2897 καὶ
668 2868 697 2894 α
754 2841 927 2898 καλοῦ
999 2846 1198 2907 παντὸς
1259 2846 1600 2920 συστοιχίαν,
1655 2869 1684 2897 »
1743 2846 1837 2902 καὶ

218 2950 238 2975 α
262 2930 438 3004 τίσεως
483 2939 597 3001 τῆς
627 2932 964 3008 ἀνθρωπείας
994 2933 1177 2989 εἰκόνα
1206 2934 1296 2989 καὶ
1326 2935 1478 3004 ὅρον,
1504 2958 1530 2986 ››
1564 2935 1655 2989 καὶ
1686 2934 1835 3000 ὅλως

216 3023 347 3072 «τῶν
392 3023 543 3094 πρὸς
594 3024 745 3093 ἡμᾶς
790 3026 887 3077 105
936 3027 1069 3079 Θεοῦ
1115 3022 1383 3097 χαρίτων,
1430 3023 1689 3096 μεγίστην
1740 3025 1832 3080 καὶ

1955 1970 2088 2012 cum
2119 1953 2515 2027 superlatione
2535 1969 2617 2021 es,
2648 1958 2705 2011 et
2718 1951 2899 2011 simul
2927 1951 3123 2011 omnia
3147 1950 3161 2005 l
3184 1949 3229 2006 Ο
3249 1953 3307 2006 et
3330 1948 3597 2005 omnium

1952 2049 2010 2101 et
2036 2045 2125 2102 tui
2152 2048 2428 2114 praeterea
2455 2042 2640 2115 ipsius
2667 2043 2889 2099 victor:
2938 2038 3086 2098 illud
3126 2039 3256 2099 ideo
3303 2038 3458 2111 quod
3506 2052 3599 2095 re-

1954 2151 2088 2192 vera
2143 2132 2422 2191 omnibus
2478 2136 2739 2206 prmtas,
2799 2131 2910 2189 hoc
2965 2133 3162 2188 autem
3205 2127 3481 2201 quoniam
3538 2127 3599 2183 in

1951 2237 2300 2295 unaquaque
2332 2239 2392 2279 re
2416 2230 2513 2279 tua
2573 2221 2952 2293 temetipsum
3011 2233 3291 2291 superare
3342 2214 3598 2273 videris!

1950 2312 1996 2368 Ο
2024 2312 2122 2384 qui
2149 2311 2310 2370 solus
2339 2312 2617 2369 omnibus
2646 2311 2900 2382 Spiritus
2925 2308 3111 2366 sancti
3132 2305 3477 2375 muneribus
3505 2305 3597 2360 do-

1949 2406 2104 2459 tatus
2150 2418 2305 2469 cras,
2361 2401 2577 2473 quippe
2606 2399 2769 2457 solus
2824 2399 2965 2455 item
3024 2395 3277 2454 maxime
3333 2393 3600 2452 omnium

1948 2495 2216 2549 naturam
2247 2490 2410 2547 illius
2447 2491 2872 2562 perscrutatus,
2917 2491 2976 2545 et
3011 2486 3111 2558 qui
3138 2501 3246 2557 ope
3276 2483 3437 2540 illius
3466 2498 3601 2538 meo

1946 2578 2159 2638 ximam
2190 2578 2278 2635 illi
2305 2595 2498 2650 opem,
2549 2593 2812 2650 operam,
2856 2580 3152 2642 ornatum,
3184 2570 3519 2630 contulisti!
3553 2570 3597 2627 Ο

1946 2683 2203 2740 quonam
2233 2674 2287 2724 te
2315 2666 2678 2739 compellans
2710 2666 2967 2735 nomine,
2999 2663 3145 2720 satis
3176 2660 3513 2733 oppositum
3543 2662 3601 2717 et

1946 2763 2007 2814 te
2032 2756 2302 2829 dignum,
2335 2756 2645 2828 quisquam
2670 2754 2923 2827 reperire
2956 2752 3141 2825 possit
3169 2749 3324 2823 (21)!
3359 2749 3416 2805 Si
3439 2747 3595 2804 enim

1945 2845 2201 2917 aliquem
2227 2844 2558 2901 mortalium
2577 2844 2843 2901 omnium
2866 2864 2896 2896 α
2919 2843 3179 2899 animam
3202 2839 3430 2907 mundi,
3449 2859 3479 2888 »
3508 2838 3594 2892 fas

1943 2933 2275 3015 ιΡΡθυιΐθὶ
2306 2935 2354 2990 Ii
2383 2949 2556 3007 quem
2599 2954 2630 2987 ‹‹
2681 2937 2857 3007 caput
2898 2932 3154 2997 virtutis,
3186 2938 3243 2987 et
3262 2928 3592 2984 divinorum

1944 3031 2361 3097 praceptorum
2372 3024 2694 3082 animatum
2715 3023 3002 3089 codicem;
3035 3044 3062 3072 «
3078 3022 3125 3078 si
3146 3034 3315 3092 quem
3338 3037 3367 3069 «
3390 3015 3592 3086 conju-

210 3110 691 3183 κοινωφελεστάτην
727 3109 1046 3187 φιλοτιμίαν
1066 3131 1077 3143 ο
1113 3137 1139 3162 υ
1166 3117 1258 3166 καὶ
1288 3117 1389 3166 πᾶν
1421 3113 1450 3166 ὅ
1478 3133 1530 3165 τι
1558 3115 1829 3178 τοιοῦτον,

254 3196 265 3214 Ι
397 3201 422 3216 ν
686 3201 711 3216 σι
788 3208 815 3216 η.
920 3200 942 3216 ἢ
1048 3206 1057 3216 ι
1344 3204 1356 3216 ι
1660 3205 1684 3216 υ
1720 3206 1742 3216 Α

1949 3121 2137 3186 gatam
2162 3112 2390 3186 pulchri
2411 3113 2604 3172 omnis
2624 3114 2834 3171 seriem
2859 3132 2876 3181 ;
2901 3134 2931 3163 ιο
2953 3111 3001 3167 si
3024 3126 3197 3183 quem
3213 3118 3593 3180 «expressam

212 3196 344 3266 μόνος
390 3201 446 3257 ἄν
518 3223 614 3273 μοι
682 3201 848 3276 δοκῇς
915 3200 1140 3263 δικαίως
1205 3204 1359 3259 ταυτί
1418 3205 1826 3276 προσειρῆσθαι.

1944 3209 2166 3261 natura
2206 3204 2481 3261 humanm
2511 3203 2824 3277 imaginem
2855 3210 2909 3258 et
2938 3201 3254 3258 terminum
3284 3219 3302 3268 ;
3335 3198 3405 3255 ad
3428 3210 3590 3251 sum-

211 3304 359 3360 mam,
388 3294 638 3363 siquem
665 3292 1036 3350 «divinorum
1059 3310 1194 3365 erga
1233 3310 1334 3350 nos
1349 3293 1760 3350 beneﬁciorum
1799 3292 2184 3361 maximam,et
2200 3292 2990 3363 publicacommodosumme
3020 3286 3448 3348 conducibilem
3473 3299 3593 3340 ma-

207 3379 606 3449 gniﬁcentiam,
625 3404 653 3432 »
676 3385 732 3439 et
749 3383 1029 3454 quidquid
1053 3382 1392 3453 hujuemodi
1412 3382 1737 3453 elogiorum
1755 3387 1864 3450 est,
1886 3381 1961 3439 iis
1986 3382 2268 3451 solisjure
2307 3383 2585 3438 etmerito
2598 3386 2661 3437 tu
2698 3380 2844 3437 mihi
2891 3381 3257 3438 cohonestsri
3315 3374 3561 3435 videaris

262 3472 406 3528 PitB'.
435 3467 633 3539 Ἀλλ’,
663 3467 708 3523 ὦ
757 3468 846 3524 διὰ
893 3471 1103 3524 πάντων
1153 3468 1402 3543 βέλτιστε
1458 3470 1692 3538 πάντων,
1733 3471 1821 3524 καὶ

203 3561 282 3621 τῆς
310 3558 642 3632 ὑπερουσίου
690 3558 780 3612 καὶ
842 3554 1135 3630 μοναδικῆς
1163 3556 1393 3632 Τριάδος
1451 3560 1636 3631 γνήσιε
1694 3578 1827 3632 πρε-

206 3639 388 3717 σϐευτὰ,
418 3649 487 3702 τὲ
531 3648 626 3719 μὲν
654 3649 780 3720 παρ’
813 3647 946 3718 ἐμοῦ
978 3668 1058 3701 σοι
1112 3652 1354 3717 τοιαῦτα,
1388 3646 1599 3719 μᾶλλον
1648 3643 1706 3700 δὲ
1760 3646 1828 3700 τὰ

204 3732 252 3783 si
300 3735 382 3788 καὶ
435 3738 523 3791 ὧν
579 3734 740 3798 αὐτὸς
800 3737 847 3789 εἶ
891 3737 1169 3810 χορηγόςί
1205 3737 1290 3796 οἷς
1322 3736 1428 3809 γὰρ
1460 3734 1520 3789 οὐ
1558 3735 1724 3806 μόνον
1767 3731 1830 3788 ἐκ

206 3827 290 3876 τῶν
341 3830 442 3881 σῶν
516 3822 815 3897 ἐνδοσίμων
867 3846 924 3879 τε
981 3825 1068 3880 καὶ
1127 3827 1391 3900 χαρίτων,
1424 3825 1557 3898 πρὸς
1588 3825 1688 3891 τήν
1741 3822 1828 3896 ἐγ-

209 3913 426 3988 χείρησιν
482 3914 670 3986 ἡδέως
728 3913 784 3969 εὖ
835 3914 983 3987 μάλα
1036 3916 1314 3985 κατέστην,
1348 3915 1421 3967 ὧν
1465 3914 1696 3989 πρόσθεν
1730 3931 1827 3965 κα-

209 4003 352 4077 θάπαξ
407 4005 729 4074 ἀπώκνουν,
775 4008 855 4075 τῷ
912 4003 1124 4079 μεγέθει
1195 4008 1292 4058 τοῦ
1357 4002 1677 4077 πράγματος
1739 4000 1828 4055 ἐκ-

208 4090 587 4166 πληττόμενος,
641 4090 789 4147 ἀλλὰ
856 4092 946 4147 καὶ
1025 4094 1158 4165 μετὰ
1212 4093 1310 4160 τήν
1362 4090 1694 4166 ἐγχείρησιν,
1749 4087 1828 4166 ἐφ’

2008 3471 2379 3529 CXXXlt.Tu
2398 3487 2556 3540 vero,
2570 3471 2881 3530 oomnium
2896 3472 2955 3528 in
2968 3470 3244 3527 omnibus
3261 3468 3480 3541 optime
3499 3465 3587 3522 vir

1938 3563 1993 3616 et
2023 3559 2280 3617 essentia
2301 3559 2458 3617 omni
2488 3560 2815 3630 superioris,
2840 3559 3124 3631 planeque
3143 3556 3479 3630 singularis,
3503 3556 3589 3610 di-

1938 3649 2084 3705 vine
2105 3648 2415 3705 Trinitatis
2444 3664 2719 3721 germane
2738 3650 3007 3719 sacerdos
3026 3658 3203 3721 atque
3224 3646 3583 3719 praedicator,

1941 3752 2069 3809 qua:
2098 3754 2132 3793 a
2162 3752 2257 3793 me
2277 3737 2349 3793 ad
2372 3752 2585 3799 nomen
2615 3741 2780 3794 tuum
2812 3738 3143 3807 ornandum
3157 3734 3405 3794 conferri
3425 3737 3586 3808 pote-

1942 3828 2090 3892 rant,
2134 3824 2258 3880 hac
2287 3829 2344 3881 et
2373 3825 2777 3898 hujuscemodi
2811 3830 2969 3894 sunt,
3003 3830 3105 3883 aut
3154 3825 3344 3882 verius
3392 3829 3489 3883 tua
3535 3831 3589 3878 et

1942 3913 2046 3969 abs
2072 3917 2129 3969 te
2160 3913 2288 3984 ipso
2320 3915 2487 3972 nobis
2518 3915 2832 3987 impertita.
2884 3916 3127 3983 Quando
3157 3914 3315 3973 enim
3347 3929 3463 3971 non
3494 3927 3590 3968 so-

1943 4003 2067 4059 lum
2084 4007 2189 4060 tuo
2210 4004 2492 4061 instinctu
2518 4006 2881 4078 monituque,
2906 4011 3121 4078 tuaque
3141 4002 3590 4062 adminiculante

1943 4091 2151 4163 gratia,
2191 4092 2263 4150 ad
2290 4091 2401 4149 hoc
2431 4094 2747 4165 negotium,
2778 4110 2810 4149 a
2831 4110 2947 4166 quo
2966 4099 3161 4163 antea,
3187 4089 3591 4165 magnitudine

208 4178 329 4235 051m
368 4204 456 4237 τοι
506 4184 695 4257 τύχης
744 4182 900 4251 ἰόντι,
933 4183 1006 4243 ὡς
1058 4182 1193 4255 πρὸς
1244 4182 1428 4243 αὐτοῖς
1481 4177 1675 4255 σχεδὸν
1720 4176 1832 4249 ἤδη

1949 4178 2103 4236 illius
2133 4180 2468 4248 deterritus,
2517 4183 2891 4238 vehementer
2929 4182 3336 4251 abhorrebam,
3366 4193 3593 4237 summa

208 4273 459 4344 γεγονεναι
516 4276 643 4334 τοῖς
700 4269 981 4345 ἐπιλόγοις
1031 4275 1128 4325 105
1187 4270 1417 4343 βίουτῷ
1448 4270 1684 4344 περιόντι
1722 4275 1823 4338 τῆς

208 4356 365 4429 νόσου,
411 4361 505 4415 καὶ
560 4358 797 4430 μονονοὺ
851 4360 952 4427 τὴν
1010 4358 1264 4427 τελευτὴν
1324 4362 1617 4433 προσόρᾷν,
1667 4377 1830 4412 παια-

207 4449 332 4500 νικὸν
384 4448 543 4510 εὐθὺς
601 4447 828 4523 γέγονας
884 4444 1034 4513 ἄκος,
1066 4448 1157 4502 καὶ
1216 4447 1277 4502 οὐ
1335 4444 1599 4521 περιεῖδες
1647 4443 1832 4520 δεόμε-

208 4553 301 4602 νον,
328 4535 375 4606 ἐξ
428 4538 534 4611 ἄρα
583 4537 791 4591 τούτων
834 4536 1222 4616 ἀποφαίνηθαι
1273 4533 1460 4605 δίδως,
1510 4535 1583 4597 ὡς
1633 4533 1667 4589 ἆ
1705 4534 1832 4607 παρ’

210 4620 323 4691 ἐμοῦ
348 4630 425 4697 τῷ
455 4623 640 4681 δοκεῖν
693 4620 801 4694 ἤδη
847 4620 1166 4697 λαμϐάνεις,
1197 4630 1344 4699 παρα
1392 4627 1589 4678 σαυτοῦ
1631 4623 1831 4695 τῳόντι

214 4706 526 4782 λαμϐάνεις·
588 4713 679 4768 καὶ
754 4714 827 4767 ὢν
895 4717 1043 4787 ἡμᾶς
1115 4712 1171 4768 s5
1239 4713 1564 4783 πεποίηκας,
1624 4733 1832 4767 τουτων

212 4798 317 4859 τοὺς
354 4801 600 4876 καρποὺς
628 4803 874 4879 ἀποφέρῃ
901 4821 915 4834 ·
962 4803 990 4857 ὁ
1023 4801 1184 4866 αὗῖὸς
1229 4802 1464 4878 γεγονὼς
1514 4806 1612 4855 105
1660 4799 1832 4874 λόγου

213 4888 284 4939 καὶ
317 4886 621 4963 βραϐευτής
661 4890 749 4945 καὶ
795 4894 1221 4967 συναγωνιστὴς,
1251 4891 1340 4945 καὶ
1364 4890 1643 4966 τεχνίτης.
1678 4888 1834 4961 Εἷενβ

216 4975 337 5033 οὕτω
363 4983 507 5055 παρᾶ
537 4984 737 5036 σαυτοῦ
766 4981 913 5035 ταῦτ’
944 4976 1092 5055 ἔχεις
1125 4975 1331 5038 λαϐών.

1941 4268 2123 4325 animi
2152 4270 2454 4327 alacritate
2481 4286 2796 4344 aggressus
2816 4288 2969 4340 sum,
3000 4273 3102 4330 sed
3133 4271 3234 4330 illo
3259 4272 3436 4330 etiam
3462 4286 3594 4329 sus-

1941 4362 2128 4431 cepto,
2163 4374 2297 4416 cum
2331 4361 2391 4417 in
2421 4374 2551 4417 eam
2583 4362 2869 4418 venissem
2893 4362 3204 4429 fortunam,
3238 4366 3305 4418 ut
3335 4360 3593 4419 maxima

1940 4448 2128 4505 morbi
2157 4449 2213 4505 vi
2243 4450 2315 4505 ad
2345 4449 2535 4521 ipsam
2568 4450 2682 4507 fere
2711 4452 2839 4506 vita:
2872 4450 3303 4509 conclusionem
3340 4452 3589 4508 adducto

1942 4553 2200 4608 praesens
2229 4541 2460 4595 tantum
2503 4554 2618 4595 non
2639 4544 2776 4597 ante
2796 4542 2996 4598 oculos
3024 4542 3210 4598 fatum
3234 4545 3590 4609 versaretur,

1942 4624 2038 4682 hic
2064 4631 2129 4681 tu
2159 4627 2482 4698 pmanicum
2512 4631 2570 4683 et
2625 4627 2881 4686 salutare
2942 4631 3263 4687 remedium
3313 4629 3586 4686 continuo

1941 4713 2125 4782 fuisti,
2159 4731 2264 4771 nec
2285 4730 2453 4787 opem
2476 4719 2636 4772 tuam
2661 4716 3016 4791 ﬂagitantem
3040 4723 3389 4792 aspernatus
3408 4734 3492 4776 es.
3514 4717 3593 4775 Ea

1944 4802 2123 4874 igitur
2146 4819 2206 4860 re
2224 4804 2556 4861 afﬁrmandi
2584 4806 2751 4863 nobis
2773 4822 3009 4864 causam
3027 4808 3271 4881 praebes,
3296 4808 3435 4873 hac,
3462 4823 3590 4879 qua

1942 4907 2117 4963 nunc,
2152 4897 2217 4948 ut
2246 4893 2490 4962 videtur,
2523 4911 2556 4951 a
2587 4910 2678 4952 me
2725 4897 2961 4968 accipis,
2993 4912 3124 4953 vere
3155 4902 3213 4953 te
3246 4897 3352 4954 abs
3380 4900 3594 4955 temet-

1941 4979 2072 5053 ipso
2100 4981 2377 5053 accipere,
2411 4986 2468 5039 et
2496 4982 2691 5040 collati
2724 4985 2783 5041 in
2814 5000 2920 5042 nos
2953 4985 3220 5042 beneficii
3254 4985 3427 5042 hosce
3459 5001 3591 5058 per-

215 5066 382 5138 cipere
413 5072 656 5141 fructus,
691 5072 924 5142 quando
962 5072 1117 5129 idem
1150 5071 1434 5128 orationis
1466 5071 1658 5127 editor
1714 5086 1782 5126 ac
1850 5070 2241 5141 munerarius,
2290 5072 2447 5128 idem
2497 5073 2728 5144 adjutor
2774 5079 2953 5147 atque
2982 5074 3338 5133 architectus
3394 5074 3584 5143 fuisti,

218 5173 334 5213 sane
362 5177 490 5217 vero
521 5163 599 5217 ita
630 5163 888 5233 profecto
919 5162 1026 5217 abs
1058 5168 1112 5216 ιδ
1146 5161 1274 5234 ipso
1306 5162 1425 5218 haec
1461 5160 1649 5217 habes
1680 5163 1939 5231 accepta.

276 5250 426 5305 PM".
459 5257 615 5306 Δυοῖν
674 5247 731 5305 δὲ
795 5248 963 5307 ὄντων
1020 5250 1280 5307 πλείστου
1329 5249 1489 5322 ἀξίων
1549 5249 1637 5304 καὶ
1692 5249 1831 5303 πάνυ

218 5329 552 5412 διαφερόντων
591 5342 726 5414 ἡμῖν
775 5340 848 5403 ὡς
893 5341 955 5396 τὸ
1002 5345 1103 5396 πᾶν
1152 5341 1512 5414 συνεχόντων,
1562 5332 1833 5400 εὐσεϐείας

218 5419 345 5497 λέγω
371 5429 456 5481 καὶ
488 5430 787 5503 βασιλείας,
825 5432 898 5504 μὴ
952 5428 1227 5493 ὃιαλίποις
1275 5432 1375 5499 τὴν
1431 5430 1549 5504 μὲν,
1581 5426 1828 5499 ἀκλονη-

283 5567 328 5603 ⁶⁹
353 5573 499 5631 Psal.
529 5592 643 5647 xxx,
672 5579 726 5633 2.

289 5694 357 5765 (1)
387 5703 464 5753 An
495 5703 867 5774 repetendum
898 5701 1130 5763 dinem»:
1150 5701 1179 5757 ?

2012 5249 2305 5309 CXXXIII.
2330 5252 2612 5309 Caterum
2626 5269 2761 5309 cum
2776 5255 2811 5309 d
2822 5270 2904 5309 uaa
2916 5256 3183 5326 quadam
3206 5256 3441 5314 maximi
3463 5272 3590 5316 mo-

1944 5340 2147 5409 menti,
2178 5345 2236 5397 et
2264 5341 2336 5397 ad
2367 5358 2473 5397 nos
2504 5356 2681 5414 quam
2715 5342 2966 5400 maxime
2990 5346 3372 5419 pertinentes,
3396 5351 3593 5419 utpote

1941 5431 2353 5487 cateracmnia
2376 5432 2433 5488 in
2452 5449 2515 5490 se
2530 5436 2860 5507 complexa,
2877 5450 2968 5491 res
2985 5440 3144 5505 sunt,
3160 5452 3297 5494 vera
3308 5437 3591 5495 nimirum

2014 5699 2131 5770 (21)
2168 5698 2252 5755 Ex
2278 5699 2576 5757 Demosth.
2611 5701 2684 5759 De
2710 5715 2935 5773 corona,
2964 5705 3020 5760 8.
