4092 6300
511 409 622 472 351

1812 419 2210 481 THEODULI
2258 420 2604 482 MUNACHI

3780 424 3889 483 352

508 545 694 615 pietas
711 549 767 601 et
788 547 1128 618 imperium:
1155 565 1224 605 ne
1249 567 1510 622 unquam
1536 552 1909 622 intermittas,
1935 571 2148 627 quaso,

2268 575 2357 609 τον
2414 557 2720 609 παντάπασι
2779 560 2961 625 τηρῶν
3017 553 3182 624 ἐσαεὶ,
3236 556 3321 608 καὶ
3404 554 3574 623 πάσης
3651 557 3890 623 ἡστινοσ-

509 649 638 689 cum
673 636 940 707 pietatem
996 655 1411 712 usquequaque
1440 642 1852 699 inconcussam
1880 644 1936 698 in
1969 661 2150 700 aevum

508 742 700 795 omne,
733 733 788 783 et
821 731 1097 787 adversus
1141 732 1387 789 haereses
1437 751 1637 790 omnes
1669 735 1970 803 invictam,
2007 753 2153 808 pras-

509 820 682 886 stare,
703 817 795 872 cui
817 820 956 875 dum
979 821 1091 876 vita
1105 827 1382 890 maneret,
1400 841 1550 895 saepe
1577 841 1820 895 praeeras
1841 834 1938 881 aut
1963 828 2153 895 potius

510 912 786 978 perpetuo
819 925 1082 981 praeeras,
1134 929 1469 985 quanquam
1519 914 1815 985 lapidibus
1867 916 2153 986 appetitus

507 997 563 1047 et
594 1010 929 1066 percussus,
961 1007 1011 1054 et
1047 1001 1117 1054 de
1141 1001 1336 1056 anima
1358 1002 1479 1071 ipsa
1512 1002 1858 1074 planissime
1891 1019 2151 1070 currens,

507 1087 563 1138 et
600 1083 707 1140 hoc
739 1087 865 1156 ipso
919 1092 1178 1160 tempore
1208 1091 1294 1145 vel
1346 1092 1598 1147 maxime
1638 1093 1838 1161 tueris,
1873 1093 2151 1147 nimirum

507 1172 836 1228 admirabili
861 1177 972 1232 ista
985 1183 1040 1232 et
1059 1177 1514 1236 instructissima
1535 1183 1824 1252 scriptoru
1837 1199 1888 1236 m
1916 1187 2152 1238 tuorum

507 1267 802 1318 armatura
833 1267 1250 1323 communitam
1281 1284 1294 1322 :
1342 1273 1463 1324 tum
1511 1269 1750 1342 legitimi
1787 1272 1921 1327 item
1954 1275 2010 1327 et
2039 1270 2154 1325 Deo

506 1349 832 1408 charissimi
868 1354 1101 1426 imperii
1155 1362 1382 1429 sceptra
1421 1360 1722 1430 complecti
1756 1369 1928 1432 atque
1961 1376 2152 1416 corrO'

506 1440 710 1496 borare
727 1443 870 1508 ;'neu
892 1444 1188 1515 permittas
1208 1446 1529 1520 quidquam
1545 1449 1937 1504 infaustarum
1959 1465 2152 1504 rerum

506 1527 649 1584 illud
686 1530 1026 1602 persultare,
1059 1535 1160 1590 sed
1194 1537 1706 1593 utsecundissima
1739 1539 1819 1593 illi
1855 1537 2154 1609 provides

505 1619 724 1687 omnia,
757 1637 872 1691 quo
905 1622 1147 1678 Romani
1203 1641 1406 1682 omnes
1435 1633 1491 1682 et
1525 1628 1916 1684 Romanorum
1950 1627 2156 1698 princi-

508 1714 678 1778 patus
707 1712 921 1767 terram
981 1717 1248 1793 cunctam
1315 1717 1372 1770 in
1405 1733 1573 1772 suam
1613 1720 1942 1788 potestatem
1977 1720 2156 1788 atque

508 1796 785 1854 ditionem
820 1801 1124 1874 redigant;
1157 1808 1358 1860 contra
1399 1804 1596 1862 hostes
1627 1805 1904 1870 universi,
1942 1805 2152 1876 partim

2265 648 2353 696 οὖν
2399 643 2656 715 αἱρέσεως
2701 643 2992 716 ἀνωτὲραν,
3023 645 3088 710 ἧς
3134 642 3224 695 καὶ
3273 644 3477 715 περιὼν
3523 637 3598 696 ἔτι
3631 638 3893 714 προῦστης

2264 731 2560 800 πολλάκις,
2597 731 2812 804 μᾶλλον
2845 729 2890 784 δ’
2923 731 3144 786 εἰσάπαν
3173 730 3492 805 προίστασο,
3526 729 3892 785 λιθολευστού-

2269 821 2422 894 μενὸς
2472 843 2530 876 τε
2577 823 2664 876 καὶ
2715 821 2804 874 τὸν
2853 820 2974 894 περῖ
3020 823 3204 898 ψυχῆς
3242 819 3479 890 μάλιστα
3510 819 3663 889 θὲων,
3692 820 3778 874 καὶ
3809 823 3890 872 νῦν

2265 911 2571 984 οὐχήκιστα
2620 910 2890 986 περιέπει(
2938 913 3007 983 τῇ
3056 912 3341 982 θαυμαστῇ
3376 911 3743 986 φραττομὲνην
3795 928 3892 961 πα-

2263 999 2464 1070 νοπλίᾳ
2493 1004 2597 1054 τῶν
2629 999 2806 1071 λόγων
2835 1020 2846 1031 ·
2879 1006 2978 1067 τῆς
3013 996 3056 1052 δ’
3086 998 3315 1070 ἐννόμου
3363 999 3452 1052 καὶ
3485 996 3767 1074 θεοφιλοῦς
3803 998 3890 1070 βα-

2265 1091 2469 1150 σιλείας
2516 1092 2580 1143 τὰ
2630 1097 2876 1162 σκῆπτρα
2923 1090 3173 1163 κατέχων
3218 1109 3272 1144 τε
3321 1087 3409 1143 καὶ
3453 1089 3762 1162 κρατύνων·
3810 1087 3891 1139 καὶ

2266 1178 2365 1233 οὐκ
2402 1176 2500 1232 ἐῶν
2547 1176 2697 1232 οὐδὲν
2747 1180 2925 1233 ὁτιοῦν
2974 1181 3079 1231 τῶν
3121 1177 3510 1251 ἀπειρημένων
3539 1177 3674 1231 κατὰ
3704 1176 3892 1244 ταύτης

2267 1266 2542 1341 χωρῆσαι,
2575 1266 2722 1322 ἀλλὰ
2751 1268 2923 1320 πάντα
2951 1265 3017 1320 τὰ
3067 1265 3325 1339 βέλτιστα
3373 1266 3598 1334 ταυτησί
3630 1268 3890 1339 προνοῶν,

2263 1355 2376 1428 ἐφῴ
2424 1356 2622 1415 πάντας
2677 1356 2770 1428 μὶν
2822 1355 3128 1427 Ῥωμαίους
3181 1357 3271 1410 καὶ
3331 1357 3429 1424 τήν
3475 1355 3758 1428 Ῥωμαίων
3804 1355 3891 1424 ἁρ-

2265 1446 2372 1517 χὴν
2430 1446 2529 1512 τὴς
2585 1446 2888 1518 ἑκασταχοῦ
2947 1447 3050 1518 γῆς
3102 1445 3344 1516 γενέσθαι
3394 1443 3651 1518 κυρίους·
3708 1444 3892 1499 πάντας

2266 1531 2321 1587 δὲ
2371 1532 2695 1606 πολεμίους,
2728 1534 2854 1594 τοὺς
2907 1533 2999 1606 μὲν
3046 1534 3111 1586 τὰ
3160 1532 3307 1587 ὅπλα
3355 1531 3635 1608 ῥίψαντας,
3667 1526 3893 1586 τουτοισὶ

2265 1623 2536 1678 συνελθεῖν
2583 1625 2672 1677 καὶ
2724 1623 2798 1684 εἷς
2849 1620 3029 1685 εὔνους
3069 1621 3305 1691 τελέσαι,
3359 1622 3448 1677 καὶ
3500 1621 3566 1675 τὰ
3612 1619 3894 1696 γιγνόμενα

2265 1714 2609 1767 σπείσασθαι·
2660 1715 2784 1772 τοὺς
2844 1708 2902 1766 δὲ
2946 1711 3034 1764 καὶ
3081 1709 3303 1772 ἄκοντας
3355 1711 3689 1783 ἠναγκάσθαι
3739 1708 3893 1784 φόρου

2262 1804 2558 1875 Ῥωμαίοις
2591 1804 2870 1877 ἀπῆρχθαι
2902 1801 2990 1854 καὶ
3025 1799 3301 1855 δουλεύειν
3334 1801 3409 1863 ὡς
3451 1796 3569 1861 ἔθος
3591 1820 3602 1830 ⁸
3643 1800 3714 1859 ὡς
3745 1817 3891 1851 κατα-

508 1886 684 1942 armis
717 1887 984 1958 abjeotis,
1013 1907 1143 1947 cum
1176 1892 1610 1965 iiajungantur,
1645 1903 1696 1950 et
1728 1895 1784 1950 in
1819 1895 2146 1950 amicorum

2268 1900 2457 1962 στῆναι
2506 1896 2676 1946 πᾶσαν
2724 1892 2823 1960 τήν
2875 1889 3196 1962 οἴκουμένην
3244 1888 3502 1959 ἐντεῦθεν,
3536 1890 3610 1949 ὡς
3660 1886 3718 1943 ἂν
3761 1885 3891 1940 εἷ’ποι

509 1991 817 2033 numerum
850 1980 1105 2050 veniant,
1137 1982 1437 2054 aequisque
1468 1983 1838 2054 paciscantur
1866 1983 2148 2040 conditio-

509 2065 698 2132 nibus,
733 2069 941 2139 partim
977 2071 1380 2144 suisingratiis
1403 2072 1706 2143 vectigales
1728 2073 2006 2129 Romanis
2023 2071 2148 2127 fieri

510 2159 566 2208 et
595 2156 827 2214 solitam
854 2160 1063 2216 servire
1095 2161 1428 2218 servitutem
1465 2167 1768 2234 cogantur,
1803 2163 1886 2217 ita
1911 2166 1968 2217 ut
1993 2165 2151 2218 tutus

510 2246 646 2302 inde
675 2252 963 2307 terrarum
995 2251 1175 2318 orbis,
1207 2268 1314 2322 qua
1346 2253 1684 2310 habitabilis
1714 2258 1822 2320 est,
1857 2260 1918 2308 ut
1947 2251 2156 2308 dixerit

511 2337 824 2409 quispiam.
858 2339 1016 2397 orbis
1060 2343 1240 2412 pacis,
1281 2348 1338 2399 et
1366 2343 1663 2415 plenitudo
1695 2344 1856 2414 probi
1890 2341 2153 2398 honesti-

512 2442 624 2496 que
657 2428 852 2498 moris,
886 2433 943 2486 et
998 2431 1174 2487 unius
1231 2433 1606 2504 ejusdemque
1636 2432 1811 2488 animi
1846 2431 1999 2503 regio
2032 2431 2152 2486 ﬂat.

2257 2003 2360 2052 τις,
2417 1980 2741 2054 οἰκουμένην
2791 1981 3051 2050 εἰρήνης’
3103 1979 3192 2034 καὶ
3255 1980 3540 2052 πλήρωμα
3597 1976 3892 2049 καλοκαγα-

2261 2072 2381 2134 θίας
2427 2071 2516 2125 καὶ
2565 2072 2773 2146 χωρίον
2819 2071 3189 2140 ταυτότητος’
3244 2069 3289 2123 εἰ
3341 2066 3400 2122 δὲ
3451 2067 3543 2122 καὶ
3591 2070 3660 2139 τῇ
3710 2063 3892 2120 καθένα

2260 2167 2365 2216 τῶν
2417 2159 2632 2215 πόλεων
2677 2160 2739 2213 τὸ
2786 2159 2951 2215 ταυτὰ
2997 2163 3222 2236 φρωνεῖν
3264 2156 3530 2230 σωτηρία,
3563 2157 3654 2210 καὶ
3703 2156 3895 2209 τούτων

2264 2252 2338 2311 ὡς
2384 2245 2658 2326 πρόϐολος
2708 2250 2891 2311 κοινὸς
2951 2247 3266 2325 ἀσφαλείας,
3302 2245 3357 2301 εὗ
3407 2243 3512 2300 οἶδ’
3564 2245 3646 2300 ὅτι
3706 2241 3892 2299 παντά-

2264 2360 2394 2394 πασι
2452 2343 2745 2412 φροντιεῖς,
2805 2338 3062 2412 ὁμόνοιαν
3116 2336 3466 2410 πρυτανεύων
3519 2334 3612 2389 καὶ
3669 2330 3899 2388 πᾶνδτι

2267 2430 2413 2505 σφίσι
2447 2426 2764 2483 λυσιτελοῦν
2784 2428 2873 2483 καὶ
2907 2430 3042 2500 πρὸς
3077 2428 3266 2504 ψυχὴν
3303 2424 3539 2498 μάλιστα
3575 2428 3757 2500 φέρον.

512 2519 685 2571 Porro
717 2517 764 2571 si
797 2519 1046 2590 singulis
1074 2520 1246 2577 etiam
1283 2521 1527 2577 urbibus
1559 2521 1713 2577 idem
1776 2520 1930 2576 nolle
1959 2518 2135 2575 saluti
2187 2525 2299 2584 est,
2355 2519 2532 2574 etiam
2589 2535 2814 2585 earum,
2849 2524 2912 2572 ut
2966 2531 3338 2572 communem
3400 2513 3727 2570 securitatis
3786 2510 3892 2564 vin-

511 2607 694 2664 dicem
727 2613 1355 2682 propugnatoremque,
1390 2617 1474 2668 sat
1508 2613 1627 2667 scio
1658 2628 1855 2669 curam
1889 2612 2128 2668 omnino
2161 2617 2213 2666 te
2279 2616 2712 2681 suscepturum,
2765 2610 3253 2679 concordiamque
3313 2611 3372 2662 et
3427 2606 3718 2678 quidquid
3774 2615 3901 2658 con-

514 2696 766 2753 ducibile
795 2698 938 2770 ipsis
967 2704 1074 2768 est,
1105 2701 1427 2771 animaeque
1459 2701 1747 2772 imprimis
1781 2701 2022 2757 salutem
2057 2703 2374 2772 promovet,
2410 2699 2942 2770 suppeditaturum.

587 2787 868 2847 CXXXIV.
894 2794 967 2844 At
992 2790 1154 2856 mihi,
1181 2807 1296 2861 prae
1318 2789 1446 2847 aliis
1475 2792 1815 2847 omnibuste
1835 2795 1890 2846 et
1921 2797 2020 2846 tua
2042 2791 2152 2862 spi-

519 2880 689 2946 ranti,
725 2879 1106 2949 laudibusque
1132 2879 1358 2947 ferenti,
1382 2883 1438 2935 et
1470 2880 1572 2936 abs
1597 2888 1648 2936 te
1677 2897 1790 2936 uno
1815 2886 1942 2952 post
1974 2885 2155 2938 Deum

518 2969 933 3039 immortalem,
991 2969 1198 3025 salutis
1256 2987 1388 3026 oras
1445 2970 1726 3042 funesque
1784 2970 2075 3043 religanti,
2103 2976 2160 3026 et

519 3074 720 3113 eorum
753 3057 810 3113 in
840 3058 1047 3128 quibus
1096 3059 1334 3130 deliqui,
1394 3059 1644 3129 veniam,
1700 3068 1754 3116 et
1812 3076 1932 3130 quas
1966 3060 2024 3115 in
2051 3059 2160 3116 hoc

520 3148 644 3203 vitae
675 3147 964 3203 curriculo
1009 3154 1330 3219 opportuna
1373 3149 1528 3205 fuere
1559 3151 1773 3218 omnia,
1795 3148 2071 3222 largitus:
2104 3153 2163 3204 et

2337 2790 2496 2843 PAA'.
2531 2788 2696 2860 Ἐμοὶ
2727 2785 2771 2841 δ’
2808 2788 2939 2862 ὑπὲρ
2972 2788 3172 2847 πάντας
3202 2787 3266 2840 τὰ
3299 2785 3364 2839 σὰ
3410 2787 3500 2839 καί
3558 2784 3772 2839 πνέοντι
3815 2787 3896 2839 καὶ

2265 2877 2616 2949 θαυμάζοντι,
2650 2875 2737 2929 καὶ
2765 2879 2860 2928 σοῦ
2915 2875 3083 2948 μόνου
3118 2876 3252 2946 μετὰ
3301 2874 3429 2928 Θεὸν
3484 2874 3550 2928 τὰ
3598 2880 3698 2942 τῆς
3739 2891 3893 2938 σωτηο

2268 2966 2384 3038 ρίας
2441 2962 2723 3035 ἐξάπτοντι
2773 2962 3068 3037 πείσματα,
3103 2963 3178 3016 ὧν
3224 2983 3283 3017 τε
3329 2962 3573 3034 ἥμαρτον
3617 2960 3788 3025 λύσιν,
3815 2957 3890 3011 καὶ

2267 3051 2421 3108 πάνθ’
2471 3053 2504 3107 ἃ
2563 3059 2836 3129 προσῆκεν
2895 3052 2983 3108 ἐπὶ
3040 3057 3138 3108 τοῦ
3196 3053 3461 3126 παρόντος
3519 3047 3885 3126 παρεσχηκὼς,

2271 3143 2361 3197 καὶ
2392 3145 2486 3205 τὰς
2519 3142 2604 3197 ἐπὶ
2639 3143 2722 3197 σοὶ
2755 3141 2970 3204 πολλάς
3000 3141 3089 3196 καὶ
3133 3139 3373 3216 μεγάλας
3423 3142 3498 3213 μὴ
3550 3136 3887 3216 καταισχύνας

521 3253 663 3306 quas
700 3237 760 3293 in
790 3240 846 3293 te
893 3237 1108 3293 multas
1157 3255 1510 3311 magnasque
1558 3238 1968 3295 collocaveram
2003 3255 2155 3310 spes,

2275 3231 2519 3295 ἐλπίδας.
2555 3232 2616 3286 σὺ
2650 3231 2703 3288 δὲ
2733 3234 2822 3288 καὶ
2866 3238 2971 3287 τῶν
3003 3232 3284 3305 Ὀλύμπου
3335 3231 3676 3305 πραγμάτων
3727 3233 3890 3284 κοινῶ-

520 3327 967 3398 haudquaquam
1019 3327 1348 3392 frustratus,
1397 3328 1551 3384 idem
1581 3345 1713 3383 vero
1757 3327 1929 3383 etiam
1961 3331 2160 3399 postea

512 3416 836 3473 ccelestium
888 3433 1081 3472 rerum
1139 3423 1466 3474 consortem
1522 3417 1583 3472 in
1641 3417 1870 3473 Christo
1913 3418 2160 3473 Domino

512 3510 712 3564 nostro
741 3505 1000 3564 efﬁcias:
1057 3507 1156 3563 cui
1185 3523 1301 3563 una
1323 3521 1453 3563 cum
1487 3506 1752 3579 principii
1805 3513 1862 3562 et
1915 3505 2160 3578 originis

512 3598 704 3654 omnis
735 3601 988 3669 experte,
1015 3597 1201 3669 ipsius
1232 3603 1420 3666 Patre,
1452 3602 1508 3653 et
1537 3597 1910 3655 sanctissimo
1933 3601 1987 3654 et
2010 3597 2160 3654 bono

510 3694 567 3744 et
591 3687 815 3744 viviﬁco
874 3687 1113 3759 Spiritu,
1147 3688 1309 3743 decet
1338 3689 1529 3744 omnis
1585 3687 1792 3760 gloria,
1854 3687 2039 3744 honos
2105 3690 2162 3742 et

509 3775 800 3835 veneratio
834 3795 987 3836 nunc
1017 3782 1073 3836 et
1103 3793 1333 3850 semper
1379 3788 1431 3835 et
1463 3779 1518 3834 in
1554 3779 1766 3836 sacula
1797 3779 2167 3836 seculorum.

507 3869 712 3924 Amen.

2270 3325 2358 3377 νὸν
2434 3320 2618 3378 ἔπειτα
2696 3321 2910 3394 δείξαις,
2971 3324 3023 3377 ἐν
3083 3326 3298 3396 Χριστῷ
3354 3323 3536 3391 Ἰησοῦ
3603 3326 3682 3392 τῷ
3736 3317 3897 3392 Κυρίῳ

2269 3414 2460 3484 ἡμῶν
2497 3413 2542 3484 ᾧ
2574 3413 2769 3487 πρέπει
2800 3418 2940 3466 πᾶσα
3000 3411 3150 3481 δόξα,
3181 3412 3317 3483 τιμή
3374 3410 3466 3465 καὶ
3525 3410 3897 3485 προσκύνησις,

2272 3501 2362 3554 σὺν
2425 3506 2501 3572 τῷ
2558 3501 2782 3576 ἆνάρχῳ
2839 3502 3004 3556 αὐτοῦ
3039 3502 3203 3575 Πατρῖ
3255 3499 3343 3554 καὶ
3401 3504 3479 3570 τῷ
3533 3500 3779 3573 παναγίῳ
3822 3494 3900 3549 καὶ

2272 3590 2455 3663 ἀγαθῷ
2512 3591 2601 3644 καὶ
2656 3595 2912 3662 ζωοποιῷ
2962 3590 3271 3662 Πνεύματι·
3307 3593 3396 3642 νῦν
3445 3589 3534 3641 καὶ
3585 3589 3670 3642 ἀεὶ
3718 3585 3799 3641 καὶ
3837 3584 3901 3642 εἷς

2272 3681 2396 3742 τοὺς
2427 3680 2624 3742 αἰῶνας
2655 3684 2762 3735 τῶν
2793 3680 3021 3734 αἰώνων.
3059 3681 3256 3752 Ἀμήν,
