4092 6300
1347 367 1642 431 ORATIO
1685 369 1838 430 PRO
1881 367 2378 430 CHANDRENO.

3445 374 3564 435 354

492 718 1930 895 ΘΕΟΔΟΥΛΟΥ
2081 717 3250 893 ΜΟΝΑΧΟΥ

1788 987 1949 1042 HTOI

849 1136 1342 1268 ΘΩΜΑ
1440 1136 1788 1268 ΤΟΥ
1885 1135 2776 1268 ΜΑΓΙΣΤΡΟ
2806 1141 2895 1266 Υ

530 1372 876 1469 ΥΠΕΡ
957 1369 1208 1466 ΤΟΥ
1288 1369 1853 1466 ΧΑΝΔΡΗΒ

1940 1369 2061 1465 )Υ
2139 1370 3123 1469 ΑΠΟΛΟΓΗΤΙΚΟΣ
3163 1371 3191 1402 ⁴

839 1717 2911 2019 THEODULALSMONACHI

1102 2111 1744 2235 ΤΗΟΜλἘ
1830 2109 2650 2237 MAGISTRI

917 2320 1457 2409 ORATIO
1573 2319 1850 2407 PRO
1968 2317 2832 2412 CHANDRENO.

1839 2499 1908 2514 ﬁ

277 2627 327 2680 03
363 2631 415 2684 τὸ
462 2628 980 2706 σεσυκοφαντῆσθαι
1029 2623 1334 2700 Χανδρηνὸν
1381 2628 1458 2697 (1)
1520 2625 1609 2680 ὑπ’
1655 2623 1812 2680 ἐνίων
1845 2667 1853 2696 λ

1999 2627 2117 2680 Non
2177 2625 2330 2697 quod
2383 2624 2621 2698 quidam
2672 2625 3106 2682 calumnientur
3163 2626 3574 2685 Chandrenum

224 2715 423 2772 θαυιιάσαι
451 2740 541 2780 τις
605 2716 686 2780 ἂν,
737 2718 782 2770 ὦ
836 2713 1092 2790 βασιλεῦ·
1143 2716 1206 2770 τὸ
1254 2712 1302 2769 δ’
1350 2715 1507 2778 εἶναι,
1557 2718 1652 2768 σοῦ
1683 2734 1811 2787 κρα-

216 2809 396 2876 τοῦντος,
443 2807 591 2869 τοὺς
651 2806 717 2860 τὰ
771 2809 992 2859 τοιαῦτα
1048 2802 1388 2875 τολμῶντας.
1445 2807 1506 2856 ¹()
1565 2803 1657 2876 μὲν
1709 2802 1812 2874 γὰρ

209 2891 242 2944 εἷ
281 2895 354 2948 ui
407 2896 565 2970 παρᾶ
629 2895 731 2960 τὴν
789 2893 936 2962 ἀξίαν
994 2889 1255 2970 δυστυχεῖ
1298 2893 1398 2960 τὴν
1445 2891 1630 2958 αὐτοῦ,
1688 2888 1814 2944 ἀλλ’

204 2983 307 3059 οὐχ,
351 2985 470 3039 ὅσον
531 2981 629 3042 εἷς
685 2978 1055 3058 παράδειγμα,
1106 2979 1245 3034 ἔστιν
1295 2980 1590 3054 ἀνενεγκεῖν
1621 2979 1704 3033 ὅτι
1736 2980 1813 3052 μὴ

199 3072 267 3124 ιιιὶ
313 3069 849 3148 παραμυθουμένους
891 3065 1006 3144 ἔχει
1053 3070 1182 3131 τοὺς
1227 3070 1394 3124 ταυτὰ
1442 3069 1772 3130 πεπονθότας
1798 3086 1812 3100 ⁸

194 3157 314 3230 ἀλλ’,
357 3159 402 3216 εἳ
436 3183 533 3234 μοι
600 3157 766 3220 δίδως
803 3158 990 3228 εἰπεῖν,
1039 3158 1128 3212 καὶ
1179 3155 1518 3233 δυσχεραίνει
1564 3157 1815 3217 ἐπιεικῶς

194 3247 260 3302 ὃτι
299 3253 368 3322 μὴ
423 3247 825 3324 κατηγόρησαν
883 3247 1081 3314 πλείω,
1139 3245 1232 3301 ’ίνα
1291 3245 1671 3321 λαμπρότερος
1727 3246 1816 3300 καὶ

195 3339 362 3407 μείζων
415 3341 564 3414 ἀνὴρ
617 3336 828 3413 φανείη,
876 3340 972 3390 τοῦ
1023 3334 1376 3406 δικάζοντος·
1430 3336 1603 3396 οὕτως
1652 3331 1821 3409 ἕῤῥω-

192 3447 260 3482 ται
289 3449 301 3461 ·
351 3432 412 3484 σὺ
464 3428 551 3492 δὲ,
612 3427 741 3501 παρ’
798 3427 844 3499 ᾧ
885 3425 1118 3497 τάληθὲς
1163 3425 1410 3505 ἰσχυρὸν,
1455 3428 1542 3481 καὶ
1594 3426 1654 3482 ’ὀν
1703 3430 1818 3488 τοῖς

194 3524 357 3580 κακοῖς
405 3524 654 3579 ἅπαντες
698 3515 861 3588 ’ίσμεν
902 3514 1114 3594 ἐχθρῶς
1155 3509 1355 3590 ἔχοντα
1397 3516 1610 3590 μᾶλλον
1657 3515 1692 3585 ἢ
1723 3520 1821 3570 τοῦ

194 3608 340 3663 καλοῦ
367 3611 458 3664 καὶ
517 3607 772 3680 νομίμου
830 3607 1067 3661 ποιεῖταί
1113 3626 1196 3667 τις
1242 3603 1426 3680 ἕτερος
1484 3602 1674 3680 λόγον,
1726 3605 1825 3659 οὐκ

195 3694 244 3747 ἃν
291 3698 473 3752 εἰκότα
533 3696 770 3764 ποιοίης
827 3699 994 3750 ταῦτα
1037 3699 1328 3766 περιορῶν,
1370 3695 1403 3749 ἃ
1431 3694 1629 3754 παντὸς
1680 3696 1824 3766 μᾶλ-

197 3783 278 3839 λον
309 3786 479 3863 ἐχρῆν
517 3785 875 3854 ὑποπτεύειν,
915 3785 1003 3838 καὶ
1047 3781 1371 3856 δημοτελεῖς
1416 3787 1584 3855 μόνας
1631 3784 1825 3844 ταύτας

196 3879 344 3942 κῆρας
375 3877 635 3950 νομίζειν
677 3875 751 3935 ὡς
793 3872 1032 3942 ἀληθῶς.
1076 3874 1152 3930 Οὐ
1191 3873 1297 3947 γὰρ
1336 3871 1513 3943 δήπου
1552 3873 1686 3946 πρὸς
1732 3874 1827 3946 μὲν

199 3965 311 4026 τοὺς
378 3959 581 4037 ἔξωθεν
642 3961 964 4034 πολεμίους,
1036 3961 1186 4026 ὅπως
1247 3961 1597 4034 ἀμυνώμεθα,
1657 3963 1829 4018 πάντα

196 4059 352 4106 ποιεῖν
417 4051 526 4124 δεῖ,
601 4052 690 4106 καὶ
759 4048 1093 4124 στρατόπεδα
1151 4053 1418 4125 συνάγειν,
1479 4054 1568 4107 καὶ
1631 4051 1830 4113 ὅπλοις

199 4145 447 4214 χρῆσθαι,
502 4141 602 4196 καὶ
651 4146 967 4215 συγκροτεῖν
1023 4143 1119 4202 τὰς
1179 4139 1458 4213 δυνάμεις,
1513 4143 1638 4203 τοὺς
1697 4140 1744 4196 δ’
1782 4140 1834 4196 ἐν

199 4235 320 4306 μέσῃ
387 4235 460 4304 ’τῇ
543 4229 708 4284 πόλει
775 4226 1044 4302 δεινότερα
1128 4229 1336 4286 τούτων
1423 4231 1832 4304 ἐργαζομένους,

195 4321 248 4372 τὸ
274 4327 347 4395 (2)
372 4324 506 4382 τοὺς
570 4317 806 4380 οἰκείους
847 4317 1207 4390 ἐκπολεμοῦν,
1251 4319 1376 4382 τούς
1415 4341 1477 4395 γε
1524 4321 1631 4390 μὴν
1681 4316 1830 4374 οὐδέν

195 4430 240 4462 τι
294 4411 542 4482 νομίζειν
599 4403 722 4462 οὐδὲ
774 4408 1054 4484 συμφορὰν
1098 4408 1161 4462 τὸ
1201 4410 1511 4477 κεκτῆσθαι,
1559 4407 1706 4463 ἀλλὰ
1751 4429 1836 4463 το-

200 4502 347 4552 τοῦτο
382 4503 597 4570 μισεῖν,
631 4495 744 4568 ὅσῳ
793 4495 883 4550 καὶ
915 4496 1042 4569 ῥᾷον
1093 4494 1153 4550 ἄν
1203 4517 1285 4558 τις
1333 4495 1568 4558 ἐκείνους
1623 4494 1835 4569 μᾶλλον

201 4585 230 4653 ἢ
257 4587 480 4648 τούτους
517 4583 842 4660 φυλάξαιτο.

261 4679 326 4730 Τὸ
387 4679 486 4750 μὶν
549 4673 643 4728 οὖν
693 4675 968 4746 προσῆκον
1023 4675 1110 4744 ἦν,
1164 4673 1210 4728 ὦ
1269 4674 1516 4750 βασιλεῦ,
1580 4677 1836 4748 τιμᾶσθαι

204 4763 506 4840 Χανδρηνὸν
565 4765 802 4827 τουτονί,
859 4764 949 4817 καὶ
1019 4764 1222 4826 πάντας
1281 4765 1420 4836 ὁμοῦ
1481 4765 1574 4838 μὲν
1643 4769 1836 4819 τοῦτον

205 4851 550 4912 ἐπαινοῦντας
611 4854 860 4925 ὁρᾶσθαι,
919 4853 1059 4924 ὁμοῦ
1107 4851 1153 4908 δ’
1214 4853 1346 4927 ὑπὲρ
1431 4855 1596 4909 αὐτοῦ
1642 4854 1836 4909 τούτου

204 4944 446 5018 καὶπρὸς
481 4945 544 4997 σὲ
599 4941 804 5018 λόγους
856 4945 1148 5012 ποιεῖσθαι,
1183 4943 1255 5004 ὡς
1287 4945 1388 5018 ἄρα
1432 4941 1647 4998 πολλοῦ
1693 4965 1838 5006 τινος

205 5029 336 5101 ἄξιος
383 5037 596 5110 φρενῶν
645 5051 703 5085 τε
748 5026 1007 5102 εὐϐουλίᾳ
1051 5033 1138 5086 καὶ
1188 5037 1401 5104 κρατῶν
1450 5032 1500 5086 ἐν
1547 5030 1837 5105 πολέμοις,

203 5119 232 5174 ἆ
262 5124 455 5187 παντὸς
510 5119 732 5192 μᾶλλον
782 5121 943 5182 αὐτὸς
993 5119 1138 5193 αὐτῷ
1197 5122 1482 5176 σύνοισθαο
1537 5123 1686 5177 τουτὶ
1737 5122 1839 5196 γὰρ

203 5209 261 5276 ἦν
291 5211 389 5264 οὐκ
431 5210 596 5264 αὐτὸν
643 5209 808 5282 μόνον
849 5213 944 5263 τοῦ
983 5209 1304 5284 γιγνομένου
1341 5210 1655 5286 τυγχάνεῖν,
1696 5209 1841 5266 ἀλλὰ

202 5299 283 5351 καὶ
340 5301 470 5360 τοὺς
532 5298 740 5360 ἄλλους
787 5299 875 5354 ἐπὶ
921 5301 987 5354 τά
1037 5297 1135 5355 ’ίσα
1187 5299 1531 5374 προτρέπειν.
1587 5301 1734 5356 Ἐπεὶ
1785 5297 1842 5354 δὲ

271 5447 376 5503 'Ex
434 5447 634 5520 ουᾲιυε
682 5448 842 5520 regio
881 5449 1042 5503 2629.
1090 5448 1446 5516 Notandum,
1488 5450 1643 5505 hunc
1690 5451 1843 5505 codi-

205 5532 324 5593 cem
349 5519 636 5593 eumdem
657 5536 784 5593 esse
814 5534 946 5576 cum
983 5521 1139 5590 1853,
1171 5521 1327 5593 quod
1357 5521 1428 5577 ad
1454 5520 1844 5592 Nicephorum

206 5590 515 5650 Gregoram
545 5591 820 5647 Boivinus
851 5597 938 5646 est
971 5607 1132 5647 usus.

272 5662 353 5731 (2)
393 5661 778 5719 Cbandrenus
835 5663 890 5716 in
953 5662 1120 5718 bellis
1177 5672 1374 5720 contra
1417 5663 1726 5721 Catalanos
1783 5680 1849 5720 ac

1861 4005 1909 4069 B

1925 2715 2259 2770 mirandum
2289 2722 2395 2781 est,
2418 2732 2450 2771 ο
2481 2715 2820 2787 imperator,
2851 2715 2951 2771 sed
2983 2716 3160 2786 quod,
3186 2719 3243 2771 te
3264 2723 3576 2789 regnante,

1923 2806 2042 2859 sint
2071 2805 2169 2875 qui
2203 2804 2342 2860 talia
2373 2807 2637 2861 audeant.
2675 2804 2775 2860 ille
2807 2805 2987 2875 enim,
3021 2806 3249 2860 etiamsi
3273 2807 3571 2864 immerito

1925 2895 2198 2949 arumnis
2242 2895 2555 2966 afﬂigntur,
2588 2901 2844 2949 attamen
2899 2910 3014 2950 non
3067 2899 3253 2964 potest
3304 2896 3570 2969 exemplo

1926 2984 2180 3054 probari,
2240 3000 2372 3038 eum
2443 3000 2554 3038 non
2615 2985 2760 3039 alios
2837 2984 2936 3056 qui
3005 2985 3156 3038 idem
3217 2987 3368 3057 passi
3426 2987 3567 3052 sint,

1925 3072 2078 3126 circa
2128 3089 2190 3128 se
2238 3073 2485 3140 habere;
2536 3076 2656 3139 sed,
2708 3074 2756 3126 si
2817 3073 2960 3129 mihi
3014 3072 3206 3130 dicere
3261 3077 3572 3140 concedas.

1927 3163 2172 3217 multum
2205 3162 2442 3232 angitur
2461 3164 2610 3234 quod
2655 3179 2768 3218 non
2810 3162 2978 3235 plura
3003 3165 3284 3220 adversus
3313 3181 3448 3220 eum
3475 3165 3574 3220 di-

1925 3251 2135 3317 xerint,
2161 3257 2224 3305 ut
2244 3253 2332 3306 vir
2351 3251 2562 3308 clarior
2591 3268 2656 3306 ac
2687 3252 2896 3321 major.
2929 3257 2984 3305 te
3007 3252 3226 3323 judice,
3257 3253 3532 3325 eﬂ'ulgeat
3557 3273 3572 3322 ;

1928 3342 2006 3396 sic
2037 3341 2191 3396 enim
2222 3343 2526 3396 roboratur
2560 3359 2572 3395 :
2603 3346 2663 3395 tu
2699 3357 2853 3408 vero,
2886 3342 3034 3410 apud
3069 3357 3242 3413 quem
3276 3341 3452 3414 pollet
3484 3359 3574 3399 ve-

1931 3431 2089 3495 ritas,
2113 3435 2171 3483 et
2191 3445 2364 3502 quem
2389 3431 2606 3486 scimus
2635 3445 2839 3486 omnes
2865 3428 3050 3485 malos
3079 3431 3356 3487 detestari
3389 3433 3577 3504 magis

1931 3536 2106 3590 quam
2137 3520 2288 3575 alius
2310 3521 2584 3592 quisquis
2604 3521 2682 3577 sit
2711 3520 2811 3592 qui
2833 3521 3025 3577 decori
3051 3525 3106 3576 et
3127 3522 3275 3593 equi
3292 3523 3575 3578 rationem

1935 3609 2164 3675 habeat,
2201 3625 2313 3664 non
2361 3610 2630 3681 aequitate
2680 3615 2929 3678 uterere,
2969 3610 3016 3663 si
3074 3609 3196 3666 hac
3255 3610 3579 3683 negligere:

1935 3698 2086 3768 quod
2123 3698 2374 3753 maxime
2403 3699 2664 3754 omnium
2700 3697 2960 3770 oportuit
2986 3697 3273 3766 suspicari
3309 3705 3364 3754 et
3404 3715 3581 3772 pOpu-

1936 3786 2091 3842 solae
2148 3787 2513 3842 calamitates
2565 3801 2761 3841 revera
2831 3785 3180 3842 existimare.
3245 3786 3368 3843 Non
3425 3788 3580 3843 enim

1937 3890 2079 3930 sane
2107 3873 2165 3927 in
2195 3874 2448 3928 externis
2482 3873 2748 3930 hostibus
2793 3873 3172 3945 proﬂigandis
3219 3890 3452 3931 omnem
3484 3892 3583 3931 cu-

1940 3979 2061 4019 ram
2115 3977 2327 4034 ponere
2365 3965 2610 4033 Oportet,
2643 3967 2697 4018 et
2730 3962 2939 4018 castris
2971 3962 3275 4030 metandis,
3309 3970 3366 4020 et
3403 3965 3584 4020 armis

1941 4052 2240 4122 parandis,
2271 4055 2329 4106 et
2375 4051 2556 4123 ecpiis
2605 4051 2902 4122 cogendis,
2948 4050 3084 4107 illos
3134 4059 3324 4108 autem
3376 4055 3475 4125 qui
3523 4055 3582 4109 in

1941 4142 2134 4198 media
2162 4140 2392 4197 civitate
2425 4141 2622 4212 pejora
2666 4140 2761 4196 his
2811 4146 3140 4212 perpetrant
3185 4143 3336 4198 cives
3383 4144 3574 4210 impu—

1940 4231 2196 4304 gnandn,
2263 4247 2375 4286 non
2446 4245 2730 4296 coercere,
2807 4234 2864 4285 et
2945 4247 3146 4285 eorum
3219 4233 3584 4299 praesentiam

1943 4321 2108 4386 ferre,
2140 4320 2240 4375 sed
2291 4335 2358 4374 eo
2390 4320 2576 4390 magis
2606 4318 2739 4374 odio
2786 4318 3019 4388 habere,
3046 4336 3161 4390 quo
3213 4320 3440 4376 facilius
3471 4321 3582 4376 ini-

1944 4411 2124 4464 micos
2154 4408 2464 4463 exteriores
2513 4425 2684 4478 quam
2735 4408 3037 4464 interiores
3087 4409 3300 4486 aliquis
3338 4415 3581 4465 caveret.

2014 4687 2261 4743 Docebat
2302 4701 2459 4758 ergo,
2491 4703 2523 4742 ο
2573 4689 2909 4756 imperator,
2961 4685 3369 4743 Chandrenum
3421 4686 3588 4744 illum

1945 4779 2228 4836 honorare
2272 4786 2328 4832 et
2373 4793 2578 4834 omnes
2619 4786 2741 4832 tum
2789 4777 2956 4834 illum
2999 4777 3304 4834 laudantes
3335 4779 3587 4849 prodire,

1945 4873 2066 4924 tum
2119 4868 2188 4922 ad
2239 4872 2296 4922 te
2346 4867 2414 4920 de
2465 4865 2565 4921 illo
2607 4882 2928 4924 sermonem
2983 4867 3188 4933 facere,
3219 4866 3356 4938 quia
3404 4866 3589 4922 multa

1944 4956 2370 5013 existimatione
2400 4956 2616 5028 dignus
2643 4961 2734 5011 est
2759 4956 2832 5011 ob
2864 4955 3231 5025 prudentiam
3262 4955 3474 5011 mentis
3523 4973 3590 5013 ac

1947 5046 2166 5103 bellicae.
2205 5045 2282 5100 rei
2343 5044 2627 5115 peritiam,
2670 5060 2819 5117 quas
2877 5045 3123 5099 maxime
3162 5045 3425 5099 omnium
3465 5044 3590 5116 ipse

1949 5136 2003 5190 in
2037 5153 2102 5190 eo
2135 5133 2450 5207 cognovisti
2479 5151 2491 5200 ;
2535 5135 2618 5190 sic
2648 5135 2801 5189 enim
2836 5149 2950 5188 non
2985 5135 3153 5188 modo
3177 5133 3333 5205 quod
3357 5151 3585 5206 aequum

1951 5231 2037 5280 est
2069 5229 2275 5280 nactus
2323 5229 2496 5292 esset,
2525 5223 2620 5278 sed
2653 5221 2746 5276 alii
2800 5223 2871 5278 ad
2906 5221 3123 5277 similia
3175 5222 3420 5278 fuissent
3448 5223 3592 5280 icci-

1955 5315 2080 5372 tati.
2126 5314 2268 5369 Cum
2301 5330 2433 5369 vero
2481 5310 2807 5368 exstiterint
2836 5310 3099 5368 homines
3145 5312 3247 5384 qui
3279 5311 3459 5371 nihilo
3503 5329 3592 5369 res

1952 5465 2168 5522 Turcos
2211 5460 2424 5517 G‘rmcis
2467 5457 2792 5531 prafuerat.
2830 5455 2968 5515 Vide
3008 5457 3226 5514 Bcivin.
3269 5457 3343 5514 ad
3387 5457 3592 5530 Grego-

1955 5551 2105 5601 ram,
2139 5549 2275 5606 pag.
2299 5532 2425 5587 229.

2028 5598 2106 5679 (2)
2140 5598 2342 5663 Malim
2374 5605 2474 5674 τῷ,
2504 5608 2560 5658 et
2583 5617 2713 5659 max
2741 5598 3007 5673 τοσούτῳ.
