4092 6300
532 331 651 394 355

1834 327 2233 393 THEODUBI
2279 329 2634 394 ΜΟΝΑΟΗΙ

3779 341 3883 404 356

533 467 798 538 publicas
828 470 1058 535 curant,
1089 469 1164 522 δι’
1189 467 1493 538 propterea
1529 465 1812 522 damnant
1837 465 2052 534 virum,
2084 465 2171 522 cui

2290 467 2560 539 πεφήνασι
2615 485 2753 528 τινες
2805 470 2890 529 οἷς
2934 471 3040 522 τῶν
3099 473 3290 523 κοινῶν
3340 463 3564 525 ἔλασσον
3614 471 3768 543 μέλει,
3807 475 3884 529 καὶ

536 558 608 614 de
639 557 762 614 suis
793 573 900 630 pro
938 555 1104 612 nobis
1145 554 1437 628 susceptis
1473 553 1772 626 periculis,
1801 560 1864 610 ut
1893 555 2018 624 ipse
2047 554 2188 624 seis,

533 648 834 718 oportebat
877 644 1294 718 congratulari,
1327 643 1569 701 obsecro
1623 647 1698 713 te,
1747 642 2086 715 imperator,
2117 659 2189 702 ne

534 735 702 791 illum
722 749 925 792 eorum
948 733 1322 792 sermonibus
1355 732 1696 802 laceratum,
1719 735 1776 788 et
1800 746 1870 789 ea
1897 747 2023 806 quis
2045 731 2185 789 olim

533 825 591 880 in
624 823 724 880 illo
771 822 1095 896 cognovisti
1122 821 1458 889 dedecoras,
1489 823 1549 878 et
1575 820 2062 878 calumniatorum
2091 838 2186 879 ex-

532 912 933 984 probrationes
963 911 1091 981 ejus
1121 909 1346 967 meritis
1391 910 1659 968 fortiores
1689 926 1818 967 esse
1859 910 2183 983 permittas,

531 1003 632 1059 sed
664 1019 698 1058 a
729 1007 780 1057 te
811 1002 884 1057 de
912 999 1011 1056 illo
1057 999 1428 1057 sermonibus
1458 999 1734 1071 acceptis,
1771 1000 1821 1055 si
1865 999 2184 1073 deliquisse

527 1089 1016 1161 deprehendatur,
1058 1088 1222 1144 illum
1265 1092 1403 1144 tunc
1447 1087 1824 1162 castigatione
1873 1092 1932 1144 et
1974 1089 2178 1161 exqui-

529 1180 659 1236 sitis
689 1178 990 1252 suppliciis
1020 1177 1282 1245 al'llcias;
1333 1178 1384 1232 si
1433 1184 1626 1235 autem
1670 1177 1832 1234 omni
1861 1177 2032 1250 culpa
2059 1178 2179 1234 im—

529 1267 748 1337 muni,
775 1271 842 1322 ut
870 1283 976 1340 ego
1016 1266 1242 1337 opinor,
1279 1266 1505 1334 evadat,
1538 1266 1598 1321 in
1629 1281 1728 1321 eos
1759 1267 1861 1338 qui
1899 1265 2048 1322 falso
2078 1283 2177 1324 ac-

528 1362 874 1416 cusaverunt
901 1358 1048 1415 iram
1093 1356 1326 1414 referas.
1375 1356 1511 1420 Qua
1541 1355 1722 1426 enim,
1755 1357 1807 1413 sl
1853 1356 2018 1412 illum
2048 1374 2180 1430 pec-

526 1465 695 1506 casse
751 1447 1159 1518 oomperiatur,
1221 1462 1450 1518 aequum
1508 1449 1659 1502 esset
1717 1445 1876 1504 hunc
1934 1447 2174 1518 perpeti,

523 1538 736 1594 iisdem
765 1536 918 1593 afﬁci
950 1536 1163 1592 debent
1189 1534 1298 1605 illi,
1330 1539 1641 1606 postquam
1673 1534 1990 1604 deliquisse
2032 1553 2176 1592 con-

525 1627 722 1694 stabit,
771 1625 1028 1697 primum
1070 1641 1145 1680 ne
1191 1623 1329 1680 talia
1357 1623 1572 1680 iterum
1603 1624 1944 1692 moliantur,
1975 1630 2176 1697 postea

525 1717 667 1789 quia
696 1713 1261 1787 periculosissimum
1302 1717 1393 1770 est
1437 1727 1544 1769 nos
1585 1713 1780 1770 sinere
1808 1715 2176 1784 perversissi-

525 1823 654 1863 mos
705 1806 971 1861 homines
1031 1807 1240 1860 natura
1283 1803 1394 1870 uti,
1455 1819 1589 1859 cum
1637 1802 1860 1860 scimus
1906 1819 2006 1862 eos
2059 1822 2176 1863 non
2207 1826 2255 1892 Β

525 1896 674 1951 dura
711 1909 988 1966 passuros
1018 1907 1170 1960 esse,
1204 1891 1252 1949 si
1283 1891 1484 1949 millies
1517 1891 1793 1949 fefellisse
1821 1895 2172 1953 convincun-

525 1992 640 2040 tur.

594 2165 858 2222 Fortasse
900 2162 1137 2236 quidem
1170 2161 1524 2235 quibusdam
1569 2161 1823 2218 absurde
1855 2162 2042 2220 facere
2081 2165 2174 2221 vi-

521 2255 702 2310 debor
741 2253 812 2321 si,
843 2269 977 2309 cum
1009 2252 1122 2308 sim
1151 2251 1338 2309 exsuli
1369 2267 1576 2322 genere
1618 2253 1993 2323 conjunctus,
2025 2257 2176 2310 atta-

521 2359 655 2400 men
706 2359 809 2416 pro
857 2342 983 2412 ipso
1029 2342 1206 2398 verba
1255 2339 1505 2397 faciam:
1551 2341 1964 2398 existimabunt
2011 2341 2170 2398 enim

519 2433 675 2506 quod
703 2449 816 2488 non
844 2434 1079 2502 propter
1096 2429 1389 2502 justitiam
1421 2445 1526 2487 nec
1555 2437 1618 2486 ut
1647 2446 1740 2487 res
1771 2447 1916 2503 quas
1945 2435 2174 2502 oportet

519 2527 706 2588 tuear,
739 2521 840 2577 sed
891 2524 1110 2576 naturas
1161 2519 1444 2576 instinctu
1493 2520 1867 2590 surrexerim,
1897 2519 1978 2576 nil
2016 2521 2173 2592 aequi

517 2612 740 2668 habens
771 2611 982 2678 dicere,
1013 2610 1114 2667 sed
1146 2610 1452 2668 verborum
1482 2610 1694 2667 astutia
1725 2614 1782 2667 et
1802 2610 2046 2668 occultis
2077 2628 2172 2668 ar-

513 2699 672 2757 tibus
705 2701 957 2756 maxime
987 2701 1266 2757 conﬁsus.
1296 2699 1416 2771 Ego
1458 2699 1696 2772 quidem
1745 2700 1807 2756 in
1853 2699 1964 2758 hoc
1995 2700 2174 2773 plane

515 2790 825 2846 dissentire
877 2790 1102 2845 fateor:
1139 2792 1366 2845 tantum
1415 2789 1577 2844 abeat
1621 2793 1684 2844 ut
1735 2793 2038 2861 propterea
2091 2789 2173 2844 ti-

518 2895 734 2948 meam,
780 2886 842 2934 ut
889 2877 1079 2950 ipsius
1108 2894 1286 2934 causa
1335 2877 1710 2950 longinquam
1743 2878 2172 2950 navigationem

514 2969 872 3042 susceperim
933 2972 991 3025 et
1045 2967 1222 3026 maris
1279 2967 1623 3040 pertulerim
1673 2969 1993 3038 molestias,
2055 2985 2172 3025 non

514 3059 625 3114 hoc
657 3059 844 3115 solum
869 3057 1157 3114 tributum
1188 3057 1488 3114 conferens
1517 3058 1716 3130 generi
1747 3059 1808 3114 in
1835 3057 2173 3132 opportuni-

514 3152 634 3204 tate
663 3147 964 3218 temporis,
997 3141 1096 3204 sed
1130 3146 1318 3203 multo
1348 3146 1534 3219 magis
1561 3147 1803 3215 veritus,
1834 3165 1906 3205 ne
1942 3147 2004 3203 in
2037 3164 2169 3219 pro-

517 3237 676 3308 prios
708 3238 865 3292 ferus
895 3240 1070 3308 atque
1120 3237 1345 3308 impius
1383 3237 1598 3304 videar,
1628 3235 1698 3304 si,
1731 3237 1792 3292 in
1838 3237 2010 3293 rebus
2040 3253 2170 3309 quis

513 3327 689 3384 etiam
740 3326 962 3383 alienos
1010 3326 1277 3396 incitant,
1325 3325 1486 3382 solus
1543 3340 1646 3399 ego
1693 3327 2018 3398 quiescam.
2071 3326 2172 3383 His

515 3421 708 3473 autem
758 3415 1126 3488 posthabitis,
1177 3416 1228 3471 si
1276 3414 1462 3470 scindi
1511 3431 1764 3488 possem.
1807 3419 1866 3472 et
1914 3416 2172 3472 benevo-

512 3505 752 3563 lentiam
787 3521 1053 3562 seorsum
1091 3505 1421 3572 ostendere,
1455 3521 1520 3560 ao
1551 3509 1750 3576 postea
1791 3505 1854 3561 in
1902 3503 2012 3561 hoc
2044 3520 2166 3560 cer-

514 3595 733 3652 tamine
788 3594 876 3650 illi
927 3592 1214 3663 auxiliari,
1255 3594 1378 3650 hasc
1431 3593 1638 3661 forent,
1687 3597 1744 3650 et
1799 3609 1918 3650 non
1974 3597 2172 3649 essent

513 3701 702 3741 causae
750 3683 822 3740 iis
861 3683 962 3756 qui
991 3683 1236 3757 cupiunt
1280 3683 1608 3754 vituperare
1640 3698 1654 3740 :
1689 3683 1845 3754 quod
1887 3683 1938 3738 si
1971 3691 2164 3737 autem

511 3773 660 3829 illud
687 3772 1106 3844 ﬂerinequsat.
1139 3773 1434 3844 quomodo
1481 3787 1596 3827 non
1645 3788 1750 3843 pro
1801 3771 1956 3827 virili
2005 3778 2166 3842 parte

513 3863 878 3936 propinquos
908 3869 1110 3920 contra
1153 3879 1358 3920 omnes
1399 3863 1487 3919 fas
1519 3861 1912 3935 periclitantes
1964 3861 2166 3918 defen-

515 3952 700 4008 dam?
727 3953 891 4009 Certe
935 3968 1099 4008 nemo
1146 3957 1236 4008 est
1283 3952 1359 4008 ita
1411 3951 1762 4008 calamitatis
1813 3951 2078 4021 ignarus,
2111 3955 2168 4007 et

513 4040 679 4096 malas
714 4041 954 4097 fortuna
1002 4041 1338 4114 inexpertus
1367 4043 1431 4096 ut
1483 4041 1702 4096 nesciat
1730 4040 2022 4110 cujusque
2058 4039 2165 4094 ad-

509 4129 814 4186 versitates
845 4129 1152 4189 benevolas
1201 4134 1428 4187 mentes
1457 4128 1778 4202 postulare,
1808 4136 1862 4184 et
1893 4127 2027 4184 inde
2054 4127 2162 4184 bo-

511 4235 619 4278 nos
641 4218 914 4290 judicari.

585 4495 650 4550 Et
680 4510 898 4562 revera,
931 4494 980 4549 si
1011 4495 1159 4567 apud
1185 4494 1364 4551 alium
1396 4493 1660 4566 quemvis
1689 4493 1862 4550 verba
1896 4494 2160 4561 facerem,

2299 549 2388 607 διά
2442 559 2603 609 τοῦτο
2661 555 2931 629 κρίνουσιν
2994 555 3295 631 ἄνθρωπον,
3347 559 3392 630 ᾧ
3437 564 3544 614 τῶν
3592 559 3714 636 ὓπερ
3750 565 3886 636 ἡμῶν

2294 639 2580 715 κινδύνων,
2648 645 2722 706 ὡς
2791 646 2954 706 αὐτὸς
3035 647 3208 719 οἶσθα,
3300 647 3532 720 μάλιστα
3613 659 3884 726 συγχαίρειν

2293 729 2486 806 ἐχρῆν,
2520 731 2712 804 δέομαί
2743 755 2861 804 σου,
2906 734 3150 808 βασιλεῦ,
3205 743 3306 810 μή,
3338 740 3752 812 συναρπασθέντα
3789 747 3886 802 τοῖς

2291 819 2499 874 τούτων
2559 820 2768 897 λόγοις,
2817 824 2906 876 τὸν
2955 823 3047 896 μὲν
3103 822 3256 879 καὶᾶ
3303 825 3474 882 πάλαι
3519 826 3688 899 τούτῳ
3732 848 3886 882 συνοι-

2293 905 2388 971 δας
2429 909 2712 982 ἀτιμάσαι,
2759 910 2855 972 τὰς
2909 909 2966 967 δὲ
3019 917 3127 967 τῶν
3179 919 3520 990 συκοφαντῶν
3575 915 3889 994 βλασφημίας

2293 997 2648 1074 ἰσχυροτέρας
2705 1001 2928 1074 νομίσαι
2985 1005 3092 1056 τῶν
3138 1001 3190 1057 ἐν
3239 1002 3453 1066 τούτοις
3503 1002 3736 1070 δικαίων,
3777 1003 3887 1060 ἀλλ’

2291 1090 2476 1164 ἡσυχῆ
2524 1090 2611 1144 καὶ
2661 1089 2788 1152 τοὺς
2833 1093 2979 1164 παρᾶ
3027 1091 3224 1147 τούτου
3268 1090 3553 1166 δεξάμενον
3603 1092 3810 1168 λόγους,
3839 1094 3890 1148 ἂν

2295 1178 2390 1250 μὶν
2435 1175 2635 1234 ἀδικῶν
2686 1179 2950 1256 ἐλεγχθῇ,
3007 1181 3128 1236 τότε
3182 1180 3436 1252 καλάζειν
3493 1183 3582 1238 καὶ
3627 1189 3776 1258 τιμᾷν
3820 1183 3891 1238 αὖ·

2287 1271 2367 1338 τῷ
2429 1272 2538 1323 τῶν
2605 1267 2993 1345 ἐσχάτων,γᾶν
3065 1267 3110 1324 δ’
3177 1269 3277 1342 ἔξω
3353 1273 3530 1345 πάσης
3584 1273 3770 1342 αἰτίας,
3828 1273 3888 1334 ὡς

2291 1354 2524 1430 ἐγῷμαι,
2583 1360 2835 1432 φανῆται,
2894 1358 2981 1414 ἐπὶ
3044 1359 3171 1421 τοὺς
3252 1363 3750 1434 καταψευσαμένους
3803 1359 3891 1429 δή·

2287 1447 2484 1500 πουθεν
2543 1446 2641 1515 τήν
2701 1447 2868 1522 ὀργήν
2928 1449 3184 1523 ἐνεγκεῖν.
3243 1453 3310 1507 ”Α
3377 1451 3476 1526 γὰρ
3537 1450 3622 1520 ἂν,
3673 1451 3814 1512 οὗτος
3854 1449 3892 1503 εί

2289 1535 2646 1608 πλημμελῶν
2703 1535 2982 1616 ἐφωράθη,
3043 1537 3248 1594 δίκαιον
3308 1543 3372 1610 ἦν
3433 1543 3746 1611 ὑποστῆναι,
3784 1542 3892 1595 τοῦ-

2286 1646 2404 1687 τοις
2445 1625 2640 1687 αὐτοὺς
2685 1626 2958 1696 ἡλωκέναι
3009 1626 3364 1702 πλημμελεῖν
3417 1633 3769 1708 φωραθέντας,
3812 1629 3896 1702 μά-

2288 1713 2448 1770 λιστα
2493 1715 2586 1787 μὶν
2631 1713 2720 1771 ’ίνα
2753 1718 2827 1786 μή
2875 1723 2992 1780 τοῖς
3043 1719 3258 1792 ὁμοίοις
3305 1719 3698 1797 ἐγχειρήσωσιν
3743 1717 3894 1786 αὖθις,

2287 1799 2458 1860 ἔπειθ’
2487 1805 2574 1860 ἄτι
2615 1805 2706 1860 καὶ
2752 1804 3038 1862 πάνδεινόν
3084 1807 3224 1863 ἐστιν
3270 1809 3314 1864 εἰ
3362 1815 3478 1872 τοῖς
3528 1812 3894 1885 πονηροτάτοις

2287 1893 2432 1950 οὕτω
2463 1896 2511 1968 γ’
2561 1894 2620 1949 ἃν
2671 1897 2908 1974 χρῆσθαι
2957 1901 3024 1968 τῇ
3077 1899 3227 1975 φύσει
3275 1897 3544 1973 δώσομεν,
3590 1899 3790 1961 εἰδότας
3835 1899 3897 1958 ὡς

2284 1983 2345 2040 οὐ
2403 1986 2678 2040 πείσονται
2735 1990 2938 2054 κακῶς,
2997 1987 3056 2041 ἂν
3116 1990 3368 2064 μυριάκις
3426 1988 3728 2066 ἐλεγχθῶσι
3782 1991 3894 2062 ψευ-

2284 2073 2404 2130 σθεν
2411 2095 2517 2135 τες.

2351 2165 2514 2225 Ἴσως
2573 2165 2670 2238 μὶν
2729 2162 2819 2219 οὖν
2878 2163 3077 2220 ἄτοπόν
3136 2187 3244 2222 τισι
3295 2166 3434 2239 δόξω
3491 2175 3688 2238 ποιεῖν,
3737 2169 3778 2224 εἰ
3828 2171 3898 2237 τῷ

2283 2252 2539 2331 φεύγοντι
2595 2253 2732 2310 καλὰ
2785 2252 2938 2328 γένος
2990 2257 3304 2326 προσήκων,
3354 2252 3519 2312 ἔπειθ’
3567 2260 3700 2334 ὑπὲρ
3749 2259 3898 2312 αὑτοῦ

2283 2346 2510 2417 χρῶμαι
2542 2348 2660 2405 τοῖς
2716 2344 2936 2418 λόγοις·
2983 2343 3265 2416 οἴησονται
3313 2349 3412 2420 γὰρ
3463 2349 3538 2409 ὡς
3589 2348 3652 2403 οὐ
3697 2352 3788 2403 τοῦ
3834 2343 3902 2400 διο

2282 2432 2441 2486 καίου
2499 2433 2688 2511 χάριν,
2735 2431 2860 2488 οὖδὶ
2914 2439 3036 2496 τοῖς
3081 2436 3392 2510 πράγμασιν
3444 2437 3477 2490 ’ἁ
3526 2436 3612 2492 δεῖ
3660 2439 3899 2509 συνερῶν,

2283 2520 2410 2576 ἀλλ’
2446 2521 2550 2576 ὑπὸ
2594 2525 2690 2576 τοῦ
2739 2517 3044 2598 πεφυκότος
3091 2523 3336 2594 ἀνέστην,
3387 2523 3569 2580 δίκαια
3625 2529 3714 2598 μὲν
3765 2521 3902 2579 οὐδὲν

2283 2605 2428 2684 ἔχων
2465 2609 2665 2687 λέγειν,
2709 2615 2778 2686 τῇ
2813 2608 2869 2666 δὲ
2905 2615 3012 2666 τῶν
3064 2611 3246 2680 λόγων
3298 2611 3564 2683 δεινότητι
3618 2615 3708 2669 καὶ
3747 2631 3900 2687 παρα-

2288 2703 2452 2773 σκευῇ
2515 2698 2665 2771 μάλα
2721 2699 2951 2776 θαῤῥῶν.
3013 2702 3156 2774 Ἐγὼ
3219 2699 3276 2758 δὲ
3331 2703 3392 2757 τὸ
3453 2705 3548 2774 μὲν
3622 2704 3764 2774 αὐτῷ
3825 2700 3902 2753 καὶ

2284 2788 2422 2842 πάνυ
2470 2811 2524 2844 τι
2573 2785 2841 2863 διαφέρειν
2903 2789 3206 2866 ὁμολογῶ·
3265 2794 3517 2847 τεσοῦτόν
3563 2814 3631 2868 γε
3683 2794 3787 2865 μὴν
3815 2789 3903 2844 δέω

2286 2873 2376 2932 διὰ
2421 2881 2586 2932 ταῦτα
2643 2873 2946 2958 φοϐεῖσθαι,
3005 2876 3135 2934 ὥσθ’
3195 2880 3326 2956 ὑπὲρ
3384 2881 3548 2938 αὐτοῦ
3592 2883 3786 2938 τούτου
3826 2877 3901 2932 καί

2289 2966 2494 3039 μακρὸν
2525 2965 2699 3020 πλοῦν
2755 2965 3082 3040 ἐστειλάμην
3131 2969 3222 3023 καὶ
3270 2973 3376 3024 τῶν
3421 2969 3479 3024 ἐκ
3506 2975 3609 3024 τοῦ
3659 2968 3896 3040 πελάγους

2284 3049 2563 3130 δυσχερῶν
2620 3055 2966 3129 ἠνεσχόμην,
3027 3057 3126 3112 οὐκ
3183 3057 3316 3114 αὐτὸ
3371 3063 3534 3114 τοῦτο
3600 3061 3766 3132 μόνον
3811 3055 3892 3121 τήν

2281 3146 2608 3218 γιγνομένην
2669 3142 2966 3208 ἀποδιδοὺς
3017 3151 3096 3218 τῷ
3171 3146 3312 3221 γένει
3371 3147 3682 3204 συντέλειαν
3736 3147 3782 3202 ἐν
3830 3145 3897 3212 ἐῖν

2295 3201 2364 3218 ι.
2445 3201 2454 3216 .
2567 3201 2577 3214 .
2952 3201 2964 3208 .
3069 3201 3078 3218 ,
3184 3201 3194 3221 ,
3274 3201 3279 3202 γ
3742 3201 3751 3202 ,
3875 3201 3884 3212 _

2200 3201 2243 3268 C
2280 3231 2538 3288 καλοῦντι
2595 3238 2806 3309 καιροῦ,
2867 3232 3012 3290 ἀλλά
3067 3258 3118 3290 τι
3170 3237 3259 3291 καὶ
3311 3233 3499 3298 δεδιὼς
3542 3238 3693 3294 πολὺ
3733 3234 3902 3298 πλέον,

2287 3323 2363 3394 μή
2393 3323 2517 3396 περὶ
2555 3321 2682 3385 τοὺς
2719 3323 2951 3385 οἰκείους
2994 3322 3272 3399 θηριώδης
3313 3323 3453 3395 δόξω
3491 3326 3580 3381 καὶ
3637 3318 3902 3390 δυσσεόἡς,

2280 3403 2349 3472 εί,
2379 3408 2486 3458 τῶν
2515 3404 2851 3480 πραγμάτων
2901 3405 2991 3460 καὶ
3037 3407 3166 3468 τοὺς
3211 3403 3310 3476 ἔξω
3359 3405 3705 3474 καλούντων,
3757 3405 3908 3479 μόνος

2280 3492 2440 3554 αὐτὸς
2500 3495 2862 3572 ἡσυχάζοιμι.
2941 3501 3096 3550 ’Δνευ
3155 3492 3214 3550 δὲ
3269 3495 3476 3550 τούτων
3513 3515 3525 3528 ·

2282 3579 2574 3653 διελέσθαι,
2619 3583 2710 3638 καὶ
2748 3585 2848 3652 τὴν
2915 3584 3009 3657 μὲν
3069 3581 3280 3639 εὔνοιαν
3329 3583 3668 3661 ἐνδεδεῖχθαι
3722 3581 3906 3660 χωρὶς.

2278 3671 2461 3728 ἔπειτα
2510 3671 2567 3728 δὲ
2621 3673 2711 3728 καὶ
2762 3675 2898 3749 πρὸς
2952 3675 3042 3730 τὸν
3099 3675 3282 3750 ἀγῶνα
3337 3675 3662 3748 συνάρασθαι
3721 3694 3908 3743 τουτῳ,

2277 3763 2345 3832 ἦν
2396 3764 2458 3819 ἂν
2507 3769 2697 3832 ταῦτα,
2747 3767 2834 3820 καὶ
2889 3764 3068 3821 οὐκᾶν
3100 3767 3235 3836 ἦσαν
3286 3768 3578 3843 προυάσεις
3630 3772 3748 3828 τοῖς
3793 3762 3908 3818 ἐπι-

2275 3854 2507 3925 θυμοῦσι
2535 3853 2770 3923 κακίζειν
2797 3875 2808 3887 ·
2851 3854 2897 3908 εἶ
2938 3852 2994 3908 δὲ
3031 3857 3192 3908 τοῦτο
3233 3854 3338 3931 οὐχ
3378 3855 3489 3910 οἷόν
3525 3877 3607 3921 τε,
3651 3860 3770 3916 πῶς
3818 3852 3913 3906 οὐκ

2277 3939 2337 3996 ἐα
2397 3945 2505 3996 τῶν
2567 3940 2792 3997 ἐνόντων
2859 3942 3217 4016 παρίστασθαι
3299 3949 3415 4006 τοῖς
3486 3945 3716 4006 οἰκείοις
3773 3941 3910 4015 παρὰ

3598 3498 3646 3552 εἴ
3707 3495 3797 3570 μὲν
3845 3491 3903 3558 ἦν

2274 4029 2445 4085 πάντα
2475 4029 2844 4086 κινδυνεύουσι
2893 4033 3096 4105 νόμον;
3131 4029 3331 4088 Οὔκουν
3392 4055 3455 4107 γε
3503 4032 3684 4096 οὐδεὶς
3746 4032 3915 4091 οὕτως

2274 4115 2375 4190 ἔξω
2433 4121 2672 4190 καθάπαξ
2731 4125 2828 4176 τοῦ
2894 4119 3178 4195 δυστυχεῖν
3245 4123 3336 4176 καὶ
3392 4130 3493 4192 τῆς
3551 4123 3656 4178 οὐκ
3711 4121 3911 4197 ἀγαθῆς

2272 4210 2450 4285 τύχης
2509 4207 2751 4286 ἄπειρος,
2806 4211 2865 4274 ὃς
2921 4210 3108 4286 ἀγνοεῖ
3155 4207 3332 4281 δήπου
3389 4212 3464 4273 ὡς
3522 4213 3578 4266 αἱ
3639 4209 3914 4284 συμφοραὶ

2275 4299 2474 4361 παντὸς
2534 4297 2745 4371 μᾶλλον
2812 4299 3096 4354 ἀπαιτοῦσι
3161 4301 3290 4362 τοὺς
3357 4296 3564 4372 εὔνους,
3633 4302 3725 4355 καὶ
3787 4297 3912 4357 τοὺς

2273 4387 2507 4462 ἀγαθοὺς
2539 4387 2770 4442 ἐντεῦθεν
2801 4388 3074 4462 κρίνομεν.

2347 4477 2443 4532 Καὶ
2489 4479 2596 4550 μὴν
2647 4478 2692 4532 εἰ
2744 4478 2837 4549 μὲν
2885 4478 3022 4550 πρὸς
3076 4474 3256 4544 ἕτερον
3318 4479 3553 4531 eam},
3609 4478 3914 4549 ἐποιούμην

510 4583 659 4638 illud
699 4583 954 4655 cogitare
1002 4565 1258 4656 possem,
1292 4565 1448 4656 quod
1505 4583 1678 4639 verba
1723 4599 1853 4640 mea
1899 4589 2160 4651 secutus,

2285 4569 2394 4627 τοὺς
2446 4566 2664 4642 λόγους,
2725 4568 2792 4635 ἦν
2838 4566 2897 4621 ἃν
2946 4565 3143 4621 ἐννοεῖν
3199 4568 3274 4630 ὡς
3319 4566 3510 4642 λόγοις
3562 4567 3910 4622 πασακολουο

507 4675 606 4730 sed
658 4675 880 4746 inique,
915 4673 1264 4730 sententiam
1315 4677 1594 4730 statueret
1635 4698 1651 4742 ;
1699 4674 1976 4745 quoniam
2024 4689 2159 4730 vero

509 4777 716 4819 omnes
746 4761 969 4818 scimus
1013 4770 1066 4816 te
1115 4763 1360 4818 dicendo
1395 4767 1667 4819 oratores
1692 4762 2027 4820 Homericos
2066 4779 2163 4819 su-

510 4866 732 4924 perare,
757 4866 858 4906 cur
886 4850 1010 4906 hac
1058 4849 1361 4922 oportebat
1391 4850 1602 4920 dicere,
1635 4855 1693 4907 et
1722 4867 1836 4907 non
1887 4851 2161 4908 omnibus

505 4939 726 4996 viribus
756 4938 1055 4996 colluctari
1075 4943 1099 4992 ι

577 5211 659 5268 Da
701 5217 894 5268 autem
925 5210 1091 5278 mihi,
1124 5211 1456 5283 imperator,
1490 5209 1689 5284 paucis
1727 5211 1918 5268 verbis
1949 5213 2057 5278 uti,
2090 5215 2156 5268 ut

507 5301 646 5357 satis
692 5297 886 5355 videre
933 5301 1123 5372 possis
1166 5300 1509 5374 jampridem
1553 5300 1963 5358 Chandrenum
2007 5303 2158 5358 inter

506 5390 690 5447 bonos
719 5389 1030 5457 recenseri,
1061 5394 1118 5446 et
1146 5388 1294 5446 nihil
1342 5405 1472 5448 esse
1497 5390 1654 5463 quod
1699 5389 1786 5448 illi
1815 5391 1886 5448 ad
1919 5391 2152 5454 laudem

507 5495 624 5538 non
672 5476 866 5534 faciat.
918 5477 1030 5534 Sed
1079 5477 1130 5534 si
1187 5479 1259 5534 de
1305 5494 1516 5550 genere
1573 5479 1920 5552 interrogas,
1968 5479 2157 5537 multa

578 5661 660 5738 (3)
685 5660 984 5722 Nestorem
1009 5662 1299 5733 Videlicet,
1333 5661 1486 5739 λιγὺν
1519 5661 1737 5720 Πυλίων
1776 5662 2081 5742 ἆγορητήν.

2269 4659 2439 4727 θήσας
2477 4662 2592 4718 τοῖς
2640 4655 2816 4728 ἐμοῖς,
2858 4655 2982 4710 ἀλλ’
3023 4655 3122 4710 οὐκ
3165 4655 3216 4710 ἐν
3267 4653 3412 4728 δίκῃ,
3453 4658 3522 4711 τά
3568 4665 3671 4727 τῆς
3729 4659 3912 4732 ψήφου

2265 4767 2326 4821 γε
2382 4747 2526 4800 θεῖτο
2559 4764 2571 4777 ⁸
2627 4744 2708 4799 ὅτι
2760 4741 2806 4799 δ’
2855 4745 3080 4806 ἅπαντες
3127 4742 3284 4818 ’ίσμεν
3335 4745 3410 4806 ὡς
3455 4745 3546 4800 καὶ
3596 4745 3730 4807 τοὺς
3779 4743 3909 4822 ἄγαν

2266 4831 2475 4896 δεινοὺς
2533 4831 2687 4889 οὐδὲν
2745 4833 2904 4896 αὐτὸς
2963 4833 3273 4911 ἀποφαίνεις
3323 4831 3690 4909 δημηγορῶν,
3741 4836 3802 4896 ’ὸς
3853 4853 3911 4904 γε

2263 4925 2354 4978 καὶ
2402 4924 2528 4982 τοὺς
2586 4922 2920 4998 Ὁμηρικοὺς
2979 4921 3333 4996 παρελαύνεις
3391 4923 3633 4998 ῥήτορας
3691 4924 3799 4996 (3),
3856 4921 3904 4974 τί

2265 5017 2434 5069 ταῦτα
2473 5010 2648 5088 λέγειν
2695 5011 2892 5090 ἐχρῆν,
2951 5010 3079 5068 ἀλλ’
3116 5011 3180 5067 οὗ
3239 5012 3392 5066 παντῖ
3443 5011 3614 5067 σθένει
3659 5031 3910 5086 συναγω-

2263 5102 2502 5172 νίζεσθαι
2531 5121 2544 5170 ;

2338 5189 2535 5251 Δὸςδέ
2593 5211 2708 5260 μοι,
2765 5191 2981 5264 μικρὸν,
3039 5186 3084 5242 ὦ
3136 5187 3384 5262 βασιλεῦ,
3440 5191 3531 5244 τὸν
3584 5189 3754 5263 λόγον
3815 5189 3911 5242 ἆν-

2263 5285 2520 5354 ενεγκεῖν,
2572 5278 2645 5333 ’ἶν’
2713 5277 2843 5333 ἰδεῖν
2913 5277 3049 5354 ἔχῃς
3116 5279 3424 5353 ἀρκούντως
3485 5280 3558 5339 ὡς
3614 5279 3909 5354 πόῤῥωθεν

2263 5369 2579 5445 Χανδρηνὸς
2635 5371 2712 5431 εἰς
2773 5369 3000 5442 ἀγαθοὺς
3060 5368 3234 5444 ἔφερε,
3282 5369 3368 5423 καὶ
3422 5366 3572 5422 οὐδὲν
3604 5367 3721 5423 ἔσθ’
3759 5370 3791 5422 ὃ
3836 5368 3910 5440 μή

2260 5461 2442 5531 τούτῳ
2491 5463 2728 5534 χορηγεῖ
2763 5459 2898 5532 πρὸς
2938 5457 3189 5514 ἔπαινον.
3237 5454 3388 5514 Ἀλλ’
3419 5455 3506 5512 ἐάν
3546 5477 3605 5511 τε.
3650 5458 3718 5512 τὸ
3760 5456 3909 5531 γένος
