4092 6300
259 368 380 429 357

1446 371 1740 468 οιιᾼτιο
1779 371 2474 440 ΡιιοιαΗΑιωιιΕΝο.

3545 371 3664 432 338

258 499 438 575 εἴπῃς,
477 500 866 565 πολλοῦτινος
914 502 1062 572 ἄξιον
1107 502 1198 559 καὶ
1247 507 1347 574 τῆς
1391 505 1578 568 Ἀσίας
1625 506 1899 572 πολλάκις

2013 511 2444 570 existimatione
2497 509 2744 583 dignum
2797 515 2882 566 est
2955 510 3014 564 et
3068 521 3466 580 saepenumero
3521 511 3666 566 Asia

253 590 487 665 ὡσπερεὶ
535 585 822 664 πρόϐολος
883 591 1095 648 ὦπταιο
1147 593 1236 648 ἐάν
1294 613 1354 649 τι
1392 599 1585 652 τοῦτον
1631 597 1900 674 ἰξετάσῃς,

253 679 503 750 εὑρήσεις
549 680 616 735 οὐ
661 687 770 738 τῶν
813 683 1092 757 προγόνων
1157 682 1460 758 ἀξιόχρεων
1527 685 1712 756 μόνον,
1758 686 1906 743 ἀλλὰ

251 767 342 821 καὶ
403 773 594 843 συχνῷ
647 773 728 840 τῷ
779 771 1003 825 τουτουῗ
1055 771 1324 835 παριόντα
1352 775 1454 846 (4),
1486 773 1576 828 καὶ
1631 779 1740 830 τῶν
1772 775 1907 832 ἐκεῖ·

252 858 336 910 θεν
413 857 562 928 αὐτῷ
641 857 867 914 πολλῶν
944 860 1034 914 καὶ
1115 859 1373 937 μεγάλων
1453 861 1906 941 παραδειγμάτων

257 945 428 1017 μείζω
473 952 590 1008 τοῖς
639 945 795 1010 ὅλοις
841 949 1171 1024 ἀγωνιστήν.
1207 949 1306 1006 Καὶ
1355 949 1470 1006 οὔτ’
1513 951 1732 1008 ἐκείνων
1788 959 1908 1019 τοῖς

256 1034 417 1100 ἰδίοις
463 1037 692 1111 ἀγαθοῖς
737 1038 1133 1112 κοσμουμένων
1171 1040 1246 1100 εἰς
1295 1038 1503 1102 ὄνειδος
1553 1043 1644 1098 καὶ
1704 1044 1906 1118 ξημίαν

256 1123 604 1195 ἐτελεύτησεν
649 1126 830 1196 οὗτος,
872 1125 1129 1182 πλεῖστον
1178 1128 1306 1181 ὅσον
1358 1127 1726 1206 ἀπολειφθεὶς,
1777 1131 1905 1186 ἀλλ’

254 1211 474 1284 ὲξέτεινε
502 1216 603 1282 τήν
653 1214 887 1288 μίμησιν
931 1215 1007 1276 εἰς
1060 1210 1372 1289 ὑπερϐολήν
1400 1235 1413 1248 ·
1469 1215 1582 1274 οὔτ’
1613 1217 1678 1272 αὖ
1736 1219 1900 1274 πάλιν

257 1301 412 1366 οὗτος
459 1308 582 1366 τοῖς
641 1301 700 1358 ἐκ
753 1308 852 1358 τοῦ
911 1305 1097 1380 γένους
1153 1305 1408 1380 ἠγάπησε
1469 1307 1688 1380 μόνοις,
1721 1308 1902 1384 ὥσπερ

251 1413 330 1454 τις
381 1390 607 1447 οἷ’κυθεν
669 1393 766 1464 μὲν
823 1393 882 1448 οὐ
939 1395 1147 1468 φανεὶς,
1177 1397 1240 1451 τὸ
1291 1393 1349 1451 δὲ
1387 1399 1591 1470 πατρὸς
1623 1397 1902 1471 ὀλυμπιο-

251 1479 398 1536 νίκου
431 1482 571 1536 εἶναι
600 1479 676 1544 εἷς
707 1483 905 1558 ἀρετῆς
937 1481 1103 1558 λόγον
1155 1484 1421 1561 ἀποχρῶν
1474 1487 1603 1541 εἶναι
1641 1487 1903 1561 νομίζων,

252 1567 411 1639 ἀλλὰ,
454 1570 563 1638 τήν
613 1572 868 1644 πατρῴαν
927 1573 1123 1645 ἀρετὴν
1180 1575 1441 1650 μεγίστης
1489 1571 1900 1647 εὖδοκιμήσεως

253 1658 501 1714 ὖπόθεσιν
563 1659 747 1733 κρίνας
821 1662 912 1714 καὶ
982 1663 1120 1734 πρὸς
1175 1664 1244 1718 τὰ
1303 1663 1475 1735 μείζω
1531 1666 1902 1738 παρασκευὴν,

255 1748 465 1818 ὁμοῦτε
500 1753 639 1826 σφᾶς
673 1751 912 1824 ὑπερῆρε
967 1752 1056 1805 καὶ
1110 1750 1366 1807 πλεῖστον
1415 1753 1497 1832 ἐφ’
1539 1753 1688 1824 αὐτῷ
1735 1753 1903 1833 φιλο-

256 1839 528 1909 τιμεῑσθαι
559 1837 822 1914 παρέσχε.

2009 604 2179 676 quasi
2227 617 2435 659 murus
2481 599 2700 657 exstitit
2730 614 2744 652 :
2775 597 2824 654 si
2871 597 2942 653 de
2983 595 3085 652 illo
3119 597 3355 668 quaeris,
3404 597 3666 656 invenies

2012 706 2127 748 non
2179 707 2311 748 esse
2360 694 2588 746 tantum
2647 685 2991 759 parentibus
3057 685 3391 742 illustribus
3447 690 3667 752 ortum,

2009 781 2112 837 sed
2159 781 2334 837 etiam
2385 795 2454 836 ea
2484 777 2656 850 longe
2702 789 3012 846 superasse
3045 773 3282 831 virtutis
3311 775 3668 848 exemplaria

2011 869 2127 943 ipsi
2179 870 2251 925 ab
2299 868 2384 924 eis
2432 865 2753 940 proposita.
2790 865 2857 920 Et
2900 880 3042 932 non,
3087 864 3215 936 ipse
3261 863 3516 920 multum
3549 864 3666 921 illis

2013 959 2282 1025 inferior,
2342 973 2443 1014 eos
2501 954 2750 1027 propriis
2805 953 3114 1010 decoribus
3169 957 3404 1010 ornatos
3472 955 3666 1026 turpi-

2011 1049 2214 1104 tudine
2289 1063 2355 1102 ac
2433 1043 2762 1118 ignominia
2830 1043 3040 1112 affecit,
3097 1042 3199 1097 sed
3279 1042 3666 1099 imitationem

2010 1136 2183 1209 longe
2245 1136 2564 1209 provexit:
2633 1149 2738 1190 nec
2803 1136 2999 1188 autem
3073 1131 3172 1188 ille
3241 1131 3368 1188 sola
3431 1133 3664 1205 generis

2011 1223 2255 1280 virtutes
2331 1223 2473 1280 satis
2539 1237 2666 1278 esse
2733 1219 2914 1284 duxit,
2975 1219 3130 1274 sicut
3187 1217 3402 1290 aliquis
3456 1223 3664 1290 suapte

2011 1319 2222 1368 natura
2271 1311 2562 1384 ignobilis,
2610 1317 2831 1381 patrem
2887 1306 3330 1380 Olympionicen
3371 1307 3443 1364 ob
3480 1308 3661 1366 virtu-

2011 1407 2134 1461 tem
2164 1419 2292 1459 esse
2321 1400 2546 1456 clarum
2579 1397 2850 1455 sufﬁcere
2879 1400 3064 1458 ratus,
3099 1397 3198 1453 sed
3252 1396 3434 1469 patris
3480 1398 3664 1454 virtu-

2009 1498 2126 1551 tem
2177 1489 2442 1548 maxims
2487 1488 2684 1561 gloria
2735 1486 3187 1542 fundamentum
3235 1501 3365 1544 esse
3389 1486 3665 1557 judicans

2010 1587 2068 1640 et.
2095 1582 2164 1637 ad
2198 1581 2420 1652 majora
2450 1577 2952 1651 praeparationem,
2993 1572 3173 1630 simul
3218 1579 3275 1631 et
3322 1591 3459 1632 suos
3491 1591 3667 1648 supe-

2011 1671 2184 1738 ravit,
2214 1673 2272 1726 et
2302 1667 2482 1725 multa
2513 1669 2572 1724 in
2604 1665 2797 1738 seipso
2829 1663 3104 1738 praeclara
3135 1663 3407 1736 praebuit.

317 1925 497 1996 Δῆλον
565 1895 660 1982 δὲ)
693 1895 921 2003 (3:781?
981 1927 1070 1984 ἐπὶ
1122 1933 1220 2000 τῆς
1251 1932 1436 1991 Ἀσίας
1497 1930 1720 2004 (ἐκεῖθεν
1771 1931 1898 2008 γὰρ,

2082 1936 2244 2003 Quod
2291 1935 2350 1992 in
2398 1936 2672 2006 promptu
2717 1936 2852 1988 est:
2899 1946 3033 1989 cum
3063 1928 3222 1986 enim
3261 1928 3320 1984 in
3353 1929 3499 1986 Asia
3524 1945 3660 1988 ver-

261 2016 322 2078 ὥς
347 2015 509 2094 ἔφην,
544 2017 700 2090 αὐτῷ
743 2017 812 2073 τὰ
854 2021 956 2072 τοῦ
993 2019 1229 2094 γένους),
1255 2021 1345 2074 καὶ
1392 2023 1558 2076 τοῦτο
1605 2021 1699 2094 μὶν
1734 2042 1900 2096 στρα-

264 2106 512 2179 τοπέδων,
572 2113 736 2164 τοῦτο
795 2107 854 2164 δὲ
907 2109 997 2164 καὶ
1053 2110 1274 2166 πόλεων
1324 2113 1513 2186 ἄρχων
1573 2111 1632 2166 ἐκ
1686 2111 1896 2170 παίδων

265 2194 373 2266 ἤδη,
403 2197 512 2252 ὅσα
547 2198 645 2270 μὲν
678 2197 753 2260 εἷς
786 2197 1087 2273 λογισμοὺς
1138 2199 1260 2268 ἥκει
1295 2200 1386 2255 καὶ
1431 2201 1494 2256 τὸ
1543 2201 1896 2274 βουλεύεσθαι

272 2291 524 2361 γερόντων
587 2287 821 2362 ἐκράτει,
855 2291 952 2345 ὅσα
1010 2287 1055 2345 δ’
1097 2289 1174 2353 εἷς
1225 2287 1508 2361 πολέμους
1560 2293 1650 2347 καὶ
1711 2293 1893 2371 μάχας

272 2379 339 2430 καὶ
380 2383 596 2455 χειρῶν
648 2379 915 2455 εὐψυχίαν
974 2384 1077 2435 τῶν
1139 2379 1564 2456 συνειλεγμένων
1623 2382 1893 2452 ἁπάντων,

275 2467 364 2543 οὔχ
385 2469 545 2531 ὅπως
573 2472 688 2522 τῶν
721 2466 1034 2524 ἀντιπάλων
1067 2469 1266 2536 αὐτῶν,
1294 2474 1362 2544 τῇ
1417 2472 1510 2542 μὶν
1558 2475 1664 2525 τῶν
1709 2473 1895 2544 νόμων

279 2555 451 2632 φυλακῇ
514 2557 655 2618 τοὺς
712 2556 1054 2632 ἀρχομένους
1108 2557 1348 2632 ἐπαύξων
1408 2559 1497 2612 καὶ
1579 2561 1712 2631 μετᾶ
1785 2564 1894 2616 τῶν

279 2642 592 2719 εὐδαιμόνων
647 2646 834 2715 τιθεὶς,
865 2644 944 2718 τῷ
1001 2643 1059 2700 δὲ
1118 2651 1362 2716 σκηπτοῦ
1405 2644 1560 2717 δίκην
1607 2647 1892 2720 ἐμπίπτειν

270 2733 367 2796 τοός
406 2733 664 2812 ἐχθροὺς
713 2734 1150 2806 καταπλήττωνο
1195 2735 1276 2790 ἀεὶ
1336 2737 1432 2808 μὲν
1489 2740 1676 2806 νικῶν,
1708 2738 1895 2806 ἡττώ-

259 2843 392 2894 μενος
452 2823 525 2880 δὲ
583 2820 702 2878 οὐδ’
731 2823 974 2896 εἰσάπαξ,
1003 2823 1066 2879 οὗ
1125 2827 1232 2898 μὴν
1295 2822 1405 2879 οὐδ’
1439 2824 1716 2901 ἄπρακτος
1762 2827 1890 2884 ἀπο-

253 2917 432 2986 χωρῶν
463 2931 479 2943 ’
551 2910 662 2966 ἔσθ’
719 2911 810 2966 ὅτε
883 2912 1106 2986 ἀμάχου
1188 2913 1281 2986 μὲν
1339 2911 1556 2985 τόλμης
1611 2912 1891 2986 ἐμπιπλὰς

249 3001 357 3062 τοὺς
386 2999 661 3064 οἰκείους,
695 3001 899 3074 τρόμον
944 2997 1002 3055 δὲ
1046 3006 1162 3062 τοῖς
1212 2999 1503 3073 πολεμίοις
1553 2997 1848 3075 ἐμϐάλλων
1876 3024 1888 3036 ·

249 3091 398 3160 μόνος
434 3091 546 3164 μὲν
593 3091 731 3164 πρὸς
781 3088 1030 3152 πολλοὺς
1060 3089 1355 3159 πολλάκις,
1389 3091 1526 3165 πρὸς
1557 3091 1792 3166 ἀριθμοῦ
1838 3089 1894 3148 δὲ

242 3189 486 3256 κρεῖττον
537 3178 756 3250 πλῆθος
817 3182 1290 3255 παραταττόμενος
1351 3184 1468 3256 μετ’
1525 3180 1751 3259 ὀλίγων,
1802 3185 1887 3238 καὶ

2008 2031 2240 2083 seretur
2267 2023 2496 2097 (exinde
2544 2036 2818 2094 namque,
2853 2027 2914 2076 ut
2963 2019 3103 2089 dixi,
3135 2034 3320 2090 genus
3365 2019 3660 2092 ducebat),

2007 2118 2064 2172 et
2093 2130 2248 2171 nunc
2277 2111 2655 2175 exercitibus,
2687 2126 2846 2166 nunc
2890 2108 3136 2165 urbibus
3171 2108 3308 2180 Jam
3338 2107 3474 2164 inde
3503 2125 3536 2164 a
3557 2111 3660 2182 ju-

2005 2208 2242 2259 ventute
2267 2207 2555 2274 praeesset,
2587 2197 2875 2273 quidquid
2901 2199 2958 2253 in
2991 2198 3230 2252 senibus
3253 2196 3462 2269 judicii
3493 2201 3551 2253 et
3599 2198 3656 2253 in

2006 2291 2249 2349 consilio
2271 2287 2818 2362 sapientieinesset,
2835 2285 3122 2359 quidquid
3147 2285 3436 2342 bellorum
3459 2302 3526 2343 ac
3547 2301 3662 2343 cer-

2005 2381 2296 2438 taminum
2331 2378 2547 2452 peritiae
2579 2385 2636 2434 at
2667 2391 2949 2432 manuum
2980 2375 3344 2431 strenuitatis
3375 2391 3491 2431 non
3521 2379 3657 2432 tan-

2007 2473 2133 2525 tum
2153 2469 2214 2524 in
2237 2467 2358 2524 suis
2381 2466 2676 2531 hostibus,
2693 2464 2866 2522 sedin
2889 2465 3166 2520 omnibus
3187 2465 3550 2538 congregatis
3570 2480 3658 2520 es-

2008 2564 2117 2625 set,
2146 2557 2476 2629 superabat,
2497 2569 2670 2626 egum
2708 2551 2977 2608 custodia
3006 2551 3402 2624 amplificabat
3421 2553 3658 2624 subjec-

2005 2655 2092 2703 tos
2116 2663 2182 2702 ac
2207 2645 2402 2702 felices
2433 2641 2747 2712 efficiebat,
2768 2645 2827 2699 et
2856 2641 3149 2712 inimicos,
3173 2640 3437 2698 fulminis
3467 2641 3655 2698 instar

2003 2737 2063 2792 in
2095 2753 2192 2793 eos
2219 2735 2516 2801 irruendo,
2563 2733 2943 2806 percutiebat.
2993 2736 3231 2804 Semper
3276 2735 3400 2788 erat
3445 2733 3648 2790 victor.

2002 2841 2346 2898 numquam,
2398 2839 2470 2880 ne
2517 2822 2699 2880 semel
2748 2820 3007 2894 quidem,
3059 2829 3390 2892 superatus,
3440 2825 3542 2878 aut
3589 2838 3650 2878 re

2005 2915 2156 2972 male
2177 2920 2342 2988 gesta
2362 2929 2653 2980 reversus;
2675 2911 2988 2984 aliquando
3003 2909 3456 2982 iusuperabilem
3473 2912 3648 2968 auda-

2004 3007 2155 3061 ciam
2177 3003 2302 3060 suis
2333 3003 2670 3074 infundens,
2701 3007 2986 3058 terrorem
3013 2999 3280 3058 hostibds
3309 3001 3650 3059 incutiebat.

2003 3094 2174 3151 Solus
2205 3109 2360 3166 sape
2388 3095 2594 3149 contra
2639 3091 2878 3158 multos,
2907 3094 3008 3146 aut
3038 3105 3248 3162 propre
3275 3091 3510 3148 turbam
3543 3108 3653 3147 nu-

2005 3199 2163 3240 mero
2209 3181 2672 3256 praestantiorem
2718 3196 2854 3236 cum
2897 3178 3099 3251 paucis
3146 3179 3486 3249 collocatus,
3535 3181 3656 3252 pul-

240 3293 380 3336 νικας
435 3273 544 3332 τὰς
603 3268 903 3334 κάλλιστας
954 3291 1012 3326 τε
1066 3271 1156 3326 καὶ
1230 3271 1480 3346 μεγίστας
1557 3267 1888 3345 λαμϐάνων·

2008 3275 2325 3332 cherrimas
2337 3291 2405 3330 ac
2419 3272 2703 3329 maximas
2725 3271 3060 3344 reportabat
3070 3269 3360 3340 victorias,
3377 3272 3514 3328 mira
3523 3271 3657 3331 bilis

242 3361 662 3434 θαυμαζόμενος
722 3361 818 3433 μὲν
873 3379 954 3420 οις
1021 3360 1148 3422 τοὺς
1228 3359 1640 3436 παραπεσόντας
1707 3361 1906 3422 πάντας

243 3449 446 3524 ἀνῄρει,
519 3447 933 3520 θαυμαζόμενος
1010 3445 1066 3502 δὲ
1141 3447 1232 3504 καὶ
1306 3450 1388 3511 οἷς
1461 3449 1588 3510 τοὺς
1666 3449 1902 3512 ἀπόντας

243 3537 651 3612 μετριωτέρους
725 3536 951 3606 καθίστη
1027 3540 1107 3608 τῷ
1183 3531 1361 3609 φόϐῳ.
1418 3536 1742 3592 Τούντιῦθεν
1806 3537 1908 3592 οὐκ

239 3622 307 3682 ἔτ’
361 3629 444 3691 εἰς
504 3631 698 3702 χεῖρας
749 3625 906 3697 ἰέναι,
937 3625 1069 3682 ἀλλ’
1117 3623 1231 3681 οὐδ’
1272 3626 1461 3698 ἐξιέναι
1494 3634 1597 3696 τῆς
1649 3624 1903 3704 σφετέρας

237 3719 294 3772 τὸ
322 3719 594 3793 παράπαν
641 3715 930 3790 ἱτόλμων·
987 3716 1138 3788 ἀλλ’,
1169 3716 1202 3771 ἃ
1247 3719 1479 3792 πρόσθεν
1524 3713 1693 3790 ἔδρων
1753 3720 1908 3773 οὗτοι

237 3808 361 3872 τοὺς
410 3805 662 3875 ἄλλους,
701 3809 854 3860 ταῦτ’
885 3805 985 3860 οὐκ
1015 3803 1268 3882 ὀλιγάκις
1323 3807 1414 3861 ὑπ’
1454 3805 1654 3862 ἐκείνου
1705 3807 1906 3862 παθόν-

237 3919 320 3960 τες
379 3899 484 3952 καὶ
537 3896 878 3970 πειραθέντες
934 3889 1036 3965 ἔξω
1092 3895 1396 3950 παντάπασι
1455 3894 1760 3971 λογισμῶν,
1802 3899 1906 3967 τὴν

239 3989 490 4061 ἡσυχίαν
568 3983 738 4039 ἔπειτ’
793 3983 938 4059 ἄγειν
1012 3984 1186 4057 ᾤοντο
1245 3981 1375 4052 δεῖν,
1435 3983 1616 4059 ὥσπερ
1703 3985 1904 4056 αὐτῶν,

240 4075 420 4146 οἶμαι,
453 4073 870 4147 κατεγνωκότες
921 4073 985 4126 τὸ
1032 4073 1122 4127 καὶ
1176 4075 1275 4143 τήν
1335 4073 1516 4147 ἀρχὴν
1547 4072 1859 4148 ἐγχειρίσον
1887 4093 1901 4106 ο

237 4169 512 4220 τοσοῦτον
569 4163 636 4230 ἧν
675 4161 821 4234 αὐτῷ
864 4164 1010 4236 παρὰ
1054 4161 1266 4218 πάντων
1317 4164 1380 4218 τὸ
1431 4163 1566 4236 πρὸς
1591 4165 1688 4226 τὰς
1723 4163 1904 4237 μάχας

239 4251 699 4328 uicem-natumsed
748 4253 856 4304 τῶν
913 4249 1126 4304 οἰκείων
1190 4252 1395 4322 μόνων,
1455 4249 1584 4305 ἀλλ’
1632 4245 1739 4320 ἤδη
1811 4249 1900 4304 καὶ

234 4345 339 4396 τῶν
409 4337 712 4411 πολεμίων
774 4338 970 4407 αὐτῶν,
1029 4339 1120 4393 καὶ
1191 4339 1400 4394 τούτων
1479 4343 1696 4414 Περσῶν
1757 4336 1903 4411 (οὐδὲ

235 4431 332 4503 γὰρ
388 4432 567 4484 τοῦτο
646 4427 840 4501 μικρὸν
917 4427 993 4490 εἰς
1078 4429 1439 4500 προσθήκην),
1498 4428 1594 4489 οὓς
1673 4429 1904 4490 ἅπαντες

232 4517 391 4590 ἴσμεν
437 4519 501 4571 ἂν
549 4523 668 4578 τοῖς
721 4515 921 4580 ὅπλοις
976 4517 1254 4592 βιαῦντας,
1284 4517 1374 4570 καὶ
1423 4537 1628 4586 ταυτην
1661 4516 1900 4593 ἡγουμὲ-

2011 3368 2069 3420 et
2106 3379 2242 3420 cum
2287 3363 2544 3419 diruerat
2587 3362 2787 3418 obvios
2832 3359 3049 3428 hostes,
3085 3358 3370 3416 mirabilis
3416 3367 3474 3416 et
3521 3377 3655 3418 cum

2014 3453 2400 3526 paucissimos
2431 3454 2532 3526 qui
2561 3453 2826 3509 abierant
2873 3459 3088 3506 terrore
3137 3449 3478 3507 contineret.
3510 3451 3656 3508 Hinc

2013 3559 2131 3599 non
2163 3548 2392 3600 tantum
2421 3557 2632 3599 manus
2675 3555 2996 3607 conserere,
3029 3539 3128 3594 sed
3161 3555 3267 3596 nec
3297 3539 3468 3596 domo
3499 3540 3656 3596 exire

2014 3645 2252 3703 prorsus
2283 3630 2618 3700 audebant;
2650 3629 2771 3696 sed,
2805 3641 2934 3700 quas
2979 3627 3146 3698 prius
3188 3625 3284 3682 isti
3331 3643 3462 3696 erga
3512 3627 3658 3685 alios

2011 3720 2280 3792 agebant,
2315 3720 2437 3776 hac
2467 3733 2582 3775 non
2613 3715 2791 3774 semel
2820 3733 2890 3774 ex
2927 3715 3027 3772 illo
3071 3722 3278 3789 praeter
3324 3716 3658 3788 opinionem

2009 3810 2229 3881 experti
2279 3812 2455 3880 atque
2503 3806 2785 3879 perpessi,
2837 3807 3138 3878 quiescere
3177 3803 3451 3876 deinceps
3481 3819 3658 3876 opor-

2007 3904 2129 3956 tere
2181 3901 2552 3964 ccnsuerunt,
2603 3895 2792 3970 quasi,
2839 3899 2902 3952 ut
2944 3895 3174 3967 opinor,
3205 3893 3430 3966 seipsos
3466 3893 3654 3966 impe-

2007 3987 2160 4044 rium
2209 3987 2522 4060 appetiisse
2573 3983 2927 4060 paenituerit.
2971 3985 3057 4040 Ita
3115 3999 3316 4040 omnes
3371 3999 3503 4038 cum
3554 3983 3656 4040 illo

2007 4093 2265 4151 pugnare
2295 4076 2689 4142 abstinebant,
2713 4091 2829 4132 non
2854 4074 3024 4129 modo
3047 4072 3318 4142 subjecti,
3349 4073 3450 4128 sed
3481 4072 3655 4129 etiam

2009 4167 2205 4224 hostes
2233 4166 2347 4238 ipsi
2378 4171 2435 4222 et
2462 4165 2556 4222 isti
2590 4169 2775 4221 Persa
2805 4164 2946 4235 (non
2993 4163 3151 4218 enim
3189 4161 3332 4218 illud
3367 4176 3540 4232 parva
3569 4165 3658 4218 est

2006 4255 2305 4328 accessio),
2341 4267 2494 4329 quos
2542 4269 2747 4312 omnes
2795 4253 3020 4310 scimus
3067 4252 3221 4307 inter
3267 4265 3428 4306 arma
3476 4249 3654 4306 vitam

2007 4360 2198 4416 agere,
2230 4353 2284 4401 et
2321 4344 2464 4400 illud
2509 4343 2934 4401 oblectamento
2981 4340 3197 4396 habere
3239 4339 3392 4410 quod
3429 4354 3656 4410 semper

2004 4434 2065 4490 in
2093 4434 2276 4490 armis
2322 4437 2682 4499 remaneant,
2712 4431 2795 4487 ita
2841 4434 2908 4485 ut
2940 4429 3126 4502 pluris
3158 4427 3390 4494 faciant,
3421 4427 3654 4484 etiamsi

2007 4522 2154 4578 illud
2203 4521 2282 4578 sit
2325 4519 2670 4576 incredibile
2721 4519 2906 4587 dictu,
2948 4533 3009 4574 se
3054 4517 3126 4572 ab
3172 4514 3274 4570 illo
3301 4514 3484 4570 victos
3521 4529 3650 4570 esse

237 4629 356 4670 νους
427 4607 722 4682 ῥᾳστώνην
781 4603 911 4660 εἶ’σω
971 4604 1148 4680 βελῶν
1202 4606 1444 4676 καθάπαξ
1486 4606 1724 4674 ἱστάναι,
1756 4603 1896 4660 ὥστε

2008 4627 2186 4682 quam
2239 4611 2350 4680 ipsi
2403 4608 2548 4664 alios
2603 4623 2899 4678 superare,
2933 4606 3116 4677 magis
3165 4602 3361 4676 glorias
3393 4617 3518 4658 esse
3547 4601 3656 4657 rati

235 4699 318 4750 καὶ
369 4699 518 4773 σφᾶς
564 4695 760 4764 πλέον,
812 4695 862 4750 εἴ
922 4696 1013 4750 καὶ
1071 4692 1369 4770 παρέὃοξον
1421 4695 1603 4772 φάναι,
1651 4693 1892 4767 νομίζειν

239 4786 321 4840 ὑπ’
352 4788 530 4842 αὺτοῦ
559 4783 880 4853 νενιλῆσθαι
909 4785 946 4855 ἢ
990 4783 1472 4861 περιγιγνομένους
1514 4784 1709 4846 αὐτοὺς
1759 4785 1896 4840 εἶναι

2010 4699 2200 4756 claros
2232 4699 2447 4754 habere
2471 4697 2738 4758 victores.
2770 4711 2948 4768 quam
2973 4693 3362 4780 inﬁrmiorum
3393 4689 3662 4746 cladibus

2008 4786 2286 4845 decorari.

237 4881 337 4929 τῶν
398 4872 622 4940 ἄλλων,
683 4881 867 4946 μεῖζον
923 4875 1262 4952 ἡγουμένους
1311 4875 1387 4936 εἷς
1445 4873 1600 4946 δόξαν
1652 4873 1776 4937 τοὺς
1862 4877 2259 4947 κεκρατηκότας
2345 4874 2636 4950 λαμπρούς
2707 4894 2856 4936 τινας
2940 4870 3088 4948 ἔχειν
3173 4871 3210 4940 ἢ
3294 4867 3653 4947 φαυλοτέρων

238 4965 436 5029 αὐτοὺς
477 4965 674 5029 ἥτταις
701 4968 1044 5038 κοσμεῖσθαι.

310 5057 387 5114 Οὐ
418 5055 606 5110 τοίνυν
651 5054 918 5128 πολεμῶν
963 5057 1057 5128 μὶν
1109 5055 1282 5117 οὕτως
1334 5055 1566 5130 ἐκράτει,
1596 5055 1663 5110 τὰ
1710 5052 1758 5109 δ’
1815 5053 1891 5117 εἷς

157 5175 162 5178 -
240 5143 471 5218 εἰρήνην
527 5145 726 5219 ἑτέρων
780 5145 1034 5214 ἡττήθη·
1082 5142 1230 5199 ἀλλᾶ
1295 5146 1386 5199 καὶ
1441 5149 1609 5199 ταῦτα
1681 5147 1789 5198 τῶν
1836 5141 1890 5197 ἐν

238 5239 351 5294 τοῖς
403 5231 682 5306 πολέμοις
739 5233 841 5288 οὐκ
895 5232 1200 5308 ἀντίρροποι
1255 5235 1335 5306 (5)
1387 5233 1574 5305 μόνον,
1606 5230 1754 5287 ἀλλὰ
1798 5233 1887 5288 καὶ

239 5321 456 5377 καλλίω
513 5328 630 5384 τοῖς
708 5321 864 5383 ὅλοις
943 5319 1169 5384 ἐδείκνυ.
1228 5320 1410 5395 ὥσπερ
1490 5322 1650 5382 αὐτὸς
1735 5320 1892 5376 αὐτὸν

238 5409 657 5483 ἅμιλλώμενος.
684 5411 786 5466 Καὶ
845 5410 1037 5466 σιωπῶ
1090 5413 1159 5465 τὰ
1187 5413 1234 5464 τ’
1266 5411 1413 5466 ἄλλα
1461 5410 1643 5466 καὶτὰ
1696 5409 1889 5489 φιλαν-

308 5611 392 5681 (4)
424 5609 664 5677 Forsan,
696 5629 746 5663 σ.
778 5612 860 5680 τῷ
902 5607 1052 5680 μέσῳ
1079 5607 1306 5670 τούτους
1334 5628 1464 5681 παρἓ

2072 5057 2310 5126 Verum,
2359 5058 2513 5116 sicut
2561 5057 2803 5124 militiis,
2849 5056 2935 5111 ita
2982 5053 3040 5109 in
3072 5051 3231 5124 pacis
3279 5049 3488 5106 studiis
3530 5065 3648 5106 non

2001 5145 2114 5202 fuit
2169 5146 2297 5203 aliis
2355 5147 2630 5206 inferior:
2683 5147 2784 5204 sed
2849 5145 2974 5200 hac
3022 5157 3138 5198 non
3195 5138 3370 5194 modo
3427 5136 3650 5194 bellicis

2001 5236 2268 5308 aequalia,
2291 5237 2392 5294 sed
2423 5237 2600 5294 etiam
2636 5233 3043 5293 excellentiora
3083 5242 3326 5302 prorsus
3364 5225 3646 5295 exhibuit,

2001 5325 2171 5397 quasi
2195 5327 2318 5396 ipse
2340 5343 2403 5382 se
2431 5326 2627 5398 ipsum
2661 5327 2982 5398 superaret.
3014 5321 3086 5376 Et
3113 5321 3383 5376 caeterum
3406 5320 3566 5374 taceo
3594 5322 3651 5372 et

2000 5429 2133 5470 eum
2165 5413 2476 5472 humanum
2505 5431 2632 5472 esse
2660 5415 2720 5470 in
2769 5411 3012 5480 alienos,
3044 5415 3418 5467 mansuetum
3454 5409 3513 5462 et
3538 5407 3649 5462 be-

316 5679 397 5752 (5)
432 5681 797 5754 Lsgendum,
833 5679 1182 5755 ὥσπιρπρὸς
1213 5681 1376 5742 αὐτὸς
1408 5679 1594 5750 αὐτὸν,
1625 5697 1739 5752 qua
1769 5683 1899 5739 verb

2008 5700 2078 5742 im
2113 5685 2427 5744 collatione
2456 5685 2641 5742 utitur
2673 5681 2832 5740 alibi.
