4092 6300
441 339 558 403 359
1751 335 2064 397 THEODU
2075 333 2145 394 LI
2191 329 2537 391 MONACHI
3717 335 3829 396 360

449 473 720 529 nevolum
762 472 820 527 in
871 470 1187 541 subjectos,
1236 472 1292 523 et
1344 467 1526 541 largis
1582 468 1878 526 beneficiis
1938 467 2139 536 indi-1

2250 464 2438 526 οώπως
2502 464 2596 537 μὶν
2653 461 2797 539 ἔχειν
2870 468 2990 526 τοῖς
3064 464 3252 536 ξένοις,
3302 466 3523 540 ἡμέρως
3610 465 3667 522 δὲ
3746 470 3833 524 καὶ

450 567 649 635 gentes
674 575 954 625 recreare,
994 566 1048 615 et
1076 558 1136 613 in
1166 557 1442 613 omnibus
1482 558 1723 628 justitias
1770 575 1899 616 esse
1929 558 2093 615 addi-

2250 557 2491 629 ροσηνῶς
2520 558 2637 617 τοῖς
2669 553 2913 621 οἰκείοις,
2945 554 3034 608 καὶ
3074 554 3284 629 χαίρειν
3339 554 3433 628 μὶν
3479 556 3534 612 εὖ
3581 562 3836 612 ποιοῦντα

450 657 634 719 ctum,
656 660 730 720 el,
755 667 887 708 cum
912 648 1096 719 possit
1114 649 1187 703 de
1209 647 1440 703 dotibus
1462 647 1677 719 quibus
1708 650 1980 721 proditus
2004 654 2094 705 est

2250 641 2448 715 ιιψιλῶς
2506 641 2631 703 τοὺς
2689 641 2742 697 ἐν
2801 641 2982 717 χρείᾳ,
3039 641 3277 698 τίθεσθαι
3337 643 3391 700 δὲ
3458 649 3708 724 πανταχῇ
3761 649 3836 716 τῷ

450 742 708 815 gloriari,
749 757 861 795 non
918 737 1085 807 velle,
1135 741 1201 793 ut
1248 737 1643 794 moderatione
1684 746 1738 793 et
1789 739 2091 811 magnani-

2250 731 2419 803 anlcp,
2445 731 2535 785 καὶ
2566 737 2684 795 τοῖς
2735 732 2828 805 μὲν
2878 736 3170 806 προσοῦσιν
3223 732 3443 806 ἀγαθοῖς
3490 730 3639 809 ἔχειν
3703 740 3837 809 μέγα

450 832 652 887 mitate
672 828 1082 901 Epaminondae
1105 827 1291 899 magis
1321 843 1497 899 quam
1523 825 1711 898 quivis
1743 826 1891 882 alius
1912 828 2091 900 aequi-

2250 826 2439 895 ρονεῖν,
2503 821 2579 893 μή
2657 819 2947 894 βούλεσθαι
3025 817 3103 893 δὲ,
3180 820 3306 876 ἀλλ’
3380 820 3639 893 ἐπιεικείᾳ
3709 825 3839 896 μετᾶ

451 919 746 992 parandus
776 918 851 974 sit
884 934 898 972 :
940 917 1061 973 haec
1108 918 1284 982 enim,
1317 915 1425 973 etsi
1475 933 1591 972 non
1639 916 1851 986 dicam,
1892 932 2097 974 omnes

2253 908 2623 984 εγαλοψυχίας
2683 907 2887 964 διδόναι
2943 910 3142 972 παντὸς
3212 909 3430 983 μᾶλλον
3486 913 3838 986 Ἐπαμυνών-

453 1008 809 1065 clamabunt.
1149 1039 1152 1042 ρ

2250 1018 2342 1053 ου·
2400 1000 2554 1054 ταυτὶ
2609 1000 2736 1075 γὰρ,
2766 997 2862 1055 κᾶν
2922 998 3028 1075 ἐγὼ
3088 1001 3165 1074 μὴ
3225 1000 3391 1077 λέγω,
3451 1006 3648 1065 πάντες
3708 1003 3844 1077 βοή-

2209 1109 2417 1144 σονται.

526 1228 727 1286 Talem
746 1229 805 1284 in
824 1229 963 1285 Asia
980 1244 1039 1284 se
1060 1226 1343 1293 exhibuit,
1361 1226 1420 1282 in
1436 1228 1666 1299 Europa
1684 1235 1876 1285 autem
1895 1230 2103 1300 quem?

459 1319 717 1375 Primum
747 1318 985 1389 quidem
1019 1317 1293 1373 adversus
1332 1317 1534 1373 Persas
1581 1324 1638 1374 et
1687 1318 1861 1374 Italos
1904 1320 2004 1390 qui
2044 1321 2103 1375 in

457 1408 765 1465 Thraciam
798 1408 924 1462 dire
955 1407 1261 1462 saevierant
1292 1410 1351 1461 et
1382 1413 1615 1476 propter
1646 1408 1832 1463 foedus
1862 1409 2012 1465 inter
2043 1426 2104 1465 se

459 1503 695 1571 pactum
727 1513 840 1552 non
896 1512 1069 1564 parva
1118 1495 1321 1564 repleti
1370 1500 1536 1551 erant
1561 1497 1828 1563 audacia,
1869 1499 2010 1554 adeo
2042 1505 2108 1553 ut

2282 1225 2536 1282 Τοιοῦτος
2588 1223 2682 1293 μὲν
2741 1221 2829 1278 ἐπὶ
2885 1229 2986 1291 τῆς
3043 1222 3259 1285 Ἀσίας’
3302 1224 3368 1277 τὰ
3425 1221 3473 1279 δ’
3529 1224 3604 1287 εἷς
3666 1224 3844 1298 Εὐρώ-

2212 1332 2345 1380 πην,
2376 1311 2537 1371 ποῖός
2592 1330 2715 1379 τις;
2750 1315 2973 1386 Πρῶτον
3035 1312 3127 1382 μὲν
3159 1312 3295 1387 πρὸς
3326 1314 3453 1375 τοὺς
3502 1313 3590 1368 ἐπὶ
3631 1313 3840 1387 Θρᾴκης

2214 1404 2393 1461 κακῶς
2470 1400 2907 1473 εἰσκωμάσαντας
2981 1401 3183 1476 Πέρσας
3259 1402 3349 1457 κάὶ
3425 1402 3674 1464 Ἰταλοὺς
3750 1406 3845 1475 (6).

2215 1492 2303 1545 καὶ
2336 1495 2405 1563 τῇ
2436 1491 2570 1563 πρὸς
2609 1488 2896 1561 ἀλλήλους
2945 1493 3192 1547 συστάσει
3234 1494 3465 1566 θράσους
3510 1492 3611 1547 οὐκ
3658 1494 3845 1565 ὀλίγου

462 1585 672 1641 ultima
702 1583 1135 1651 minitarentur,
1163 1599 1334 1655 grave
1366 1583 1578 1639 bellum
1611 1602 1643 1640 a
1676 1585 1954 1641 Romanis
1981 1602 2109 1643 sus-

2250 1579 2553 1650 ;λησθέντας
2609 1582 2685 1642 ὡς
2742 1582 2830 1634 καὶ
2878 1583 2945 1636 τὰ
2996 1580 3197 1657 ἔσχατα
3246 1581 3509 1651 ἀπειλεῖν,
3569 1581 3719 1653 δεινή
3771 1602 3848 1643 τις

458 1683 691 1745 ceptum
744 1679 859 1737 est,
891 1678 949 1728 et
994 1672 1273 1728 dimicare
1320 1678 1670 1741 statuerunt,
1721 1675 1884 1746 gnari
1928 1678 2106 1746 quod,

2252 1670 2442 1740 υνέστη
2507 1670 2662 1748 μάχη
2722 1671 3038 1743 Ῥωμαίοις,
3095 1672 3188 1725 καὶ
3262 1672 3526 1744 πολεμεῖν
3600 1669 3848 1746 ἔγνωσαν,

460 1764 575 1822 nisi
625 1763 929 1819 celerrime
977 1766 1271 1818 certamen
1321 1766 1680 1820 conserendo
1721 1780 1848 1820 sese
1898 1765 2107 1822 libera-

2250 1758 2420 1819 ίδότες
2481 1759 2575 1829 ὡς,
2626 1758 2714 1814 ἐὰν
2773 1761 2848 1830 μή
2924 1759 3155 1835 τάχιστα
3213 1763 3578 1834 συμπεσόντες
3633 1758 3851 1831 ἒξὲλωσι

463 1819 617 1920 rent,
651 1855 855 1908 contra
899 1851 1082 1905 multo
1131 1849 1331 1922 plures
1372 1856 1713 1921 pugnarent,
1746 1819 1806 1908 et
1832 1819 2113 1909 dein:

2250 1853 2377 1926 (pic,
2407 1819 2605 1918 πολλῷ
2637 1819 2881 1902 πλείοσιν
2928 1819 3082 1911 αὖθις
3117 1819 3417 1924 μαχοῦνται
3446 1851 3538 1904 καὶ
3565 1819 3849 1928 *σχετλιω-

466 1940 631 1997 viora
686 1937 931 2011 experiri
989 1938 1070 1993 eis
1126 1938 1433 1995 accideret.
1494 1940 1636 1995 Cum
1695 1946 1914 2011 autem,
1962 1941 2115 1999 inter

2250 1936 2392 2010 'épmv
2448 1941 2558 1990 τῶν
2611 1934 2872 2011 δευτέρων
2931 1940 3253 2013 πειραθῆναι
3310 1942 3593 2013 παρέσται.
3638 1944 3726 2000 Ὠς
3781 1936 3852 2004 δὲ,

472 2034 790 2101 utrumque
869 2027 1187 2083 exercitum
1269 2027 1343 2084 ad
1415 2032 1589 2101 Egos
1665 2029 1932 2087 Potamos
1998 2032 2117 2087 acri

2250 2018 2646 2096 τυνερῥωγότων
2707 2021 2971 2096 ἑκατέρων
3019 2027 3127 2083 τῶς
3172 2021 3550 2096 στρατοπέδων
3600 2023 3652 2078 ἐν
3700 2022 3855 2097 Αἰγὸς

481 2116 799 2174 certamine
862 2120 1079 2184 exorto,
1159 2116 1291 2188 plus
1365 2117 1617 2174 valerent
1686 2119 1943 2188 barbari,
2000 2136 2117 2176 non

2250 2115 2504 2180 Ιοταμοῖς
2553 2111 2640 2164 καὶ
2690 2113 2789 2175 τῆς
2833 2110 3158 2183 συμπλοκῆς
3198 2113 3515 2183 θαυμαστῆς
3565 2111 3856 2188 γεγονυίας,

482 2206 750 2278 equidem
802 2206 952 2276 quod
1006 2206 1077 2260 ad
1126 2221 1387 2277 pugnam
1434 2213 1628 2264 essent
1672 2209 1940 2265 meliores
1968 2209 2122 2280 (quis

2250 2200 2289 2254 τὸ
2340 2196 2505 2254 πλέον
2566 2197 2729 2272 ἔσχον
2784 2200 2837 2253 o't
2896 2196 3187 2273 βάρϐαροι,
3221 2201 3282 2255 οὐ
3339 2206 3418 2273 τῷ
3472 2201 3538 2255 τά
3578 2200 3632 2262 ἐς
3683 2200 3858 2276 μάχην

484 2296 635 2353 enim
689 2293 798 2350 hoc
844 2293 1150 2363 diceret?),
1197 2295 1298 2349 sed
1330 2297 1485 2366 quod
1533 2313 1601 2353 ex
1654 2297 1736 2352 eis
1765 2313 1971 2354 omnes
2020 2299 2121 2369 qui

2250 2288 2503 2359 ιρείττους
2559 2308 2620 2363 γε
2667 2288 2802 2343 εἶναι
2860 2289 2963 2357 (τίς
2997 2287 3039 2343 δ’
3074 2288 3132 2343 ἂν
3192 2289 3335 2345 εἷ’ποι
3392 2294 3561 2346 ταῦτα
3587 2294 3627 2359 ς)
3692 2296 3768 2362 τῷ
3820 2286 3863 2343 δ’

479 2383 590 2441 sub
647 2383 815 2439 nobis
865 2380 1203 2438 militabant
1258 2383 1558 2441 confestim
1622 2386 1694 2440 ad
1747 2386 1880 2442 illos
1925 2391 2120 2443 trans-

2250 2377 2576 2431 ιύστινασοῦν
2632 2382 2740 2431 τῶν
2816 2378 2902 2455 ὑφ’
2959 2379 3095 2450 ἥμῖν
3164 2378 3499 2454 τεταγμένων
3582 2374 3857 2453 βαρϐάρων

474 2473 650 2528 ierint
680 2475 736 2542 (ο
767 2469 1064 2527 crudelem
1096 2471 1263 2527 illum
1316 2489 1517 2529 casum
1547 2474 1607 2545 !),
1658 2481 1993 2532 nostrorum
2024 2476 2125 2532 alii

2250 2465 2441 2540 ἱθρόως
2470 2466 2545 2526 ὡς
2584 2465 2824 2527 ἐκείνους
2880 2467 3263 2540 αὐτομολῆσαι
3319 2465 3382 2537 (ὣ
3441 2466 3622 2523 δεινοῦ
3670 2467 3863 2525 πάθους

482 2561 820 2618 ceciderunt
848 2576 962 2615 non
1011 2560 1203 2631 pauci,
1249 2561 1345 2616 alii
1394 2563 1532 2631 fuga
1578 2564 1972 2635 undequaque
2019 2565 2125 2621 cla-

2250 2555 2504 2627 :xeivoul)
2553 2556 2869 2609 πεπτώκασι
2931 2557 3024 2628 μὲν
3079 2559 3237 2630 ἡμῶν
3300 2556 3405 2612 οὐκ
3462 2558 3668 2631 ὀλίγοι,
3700 2558 3755 2611 οἱ
3813 2553 3865 2609 δὲ

480 2651 572 2722 psi
603 2657 762 2716 sunt,
793 2649 917 2718 ipse
948 2655 1141 2704 autem
1175 2650 1338 2706 solus
1365 2650 1517 2706 inter
1559 2650 1772 2709 multos
1820 2665 2127 2725 superatos

481 2737 896 2809 insuperabilis
943 2736 1192 2805 exstitit;
1244 2748 1347 2795 aut
1392 2741 1585 2811 potius
1616 2747 1841 2798 tantum
1872 2744 2037 2798 abest
2066 2750 2130 2798 ut

485 2826 897 2896 retrocesserit,
933 2832 1018 2893 ut,
1044 2843 1159 2883 non
1199 2826 1389 2882 solum
1440 2833 1858 2899 prosternendo
1908 2832 2127 2899 hostes,

486 2926 622 2988 quot
662 2915 874 2987 aliquis
906 2916 1053 2970 scire
1093 2923 1359 2986 nequeat,
1395 2920 1496 2973 sed
1537 2919 1710 2975 etiam
1741 2920 1859 2976 illis
1889 2923 2131 2977 vulnera

482 3007 806 3070 inferendo,
857 3004 1018 3060 illius
1070 3005 1250 3061 virtus
1299 3007 1465 3078 quasi
1522 3009 1836 3078 ancipitem
1893 3010 2130 3066 illorum

486 3095 804 3151 reddiderit
851 3094 1172 3163 victoriam,
1214 3097 1521 3152 ostendens
1569 3101 1739 3167 quod,
1786 3099 2015 3155 etiamsi
2042 3101 2131 3155 in-

487 3185 680 3240 fausta
712 3182 1037 3239 acciderent
1067 3182 1370 3253 Romanis,
1402 3185 1517 3240 illis
1548 3192 1743 3242 tamen
1775 3204 1917 3243 suus
1948 3189 2133 3244 honos

491 3278 743 3339 maneat,
777 3277 834 3326 et
863 3274 1014 3342 quod
1049 3271 1130 3326 nil
1175 3289 1430 3345 unquam
1467 3290 1599 3330 eum
1633 3277 1919 3333 subducet
1946 3282 2003 3332 et
2032 3294 2131 3332 an-

491 3362 652 3418 feret.

561 3586 633 3641 Et
679 3584 916 3657 quidem
965 3582 1074 3639 hoc
1123 3584 1205 3641 ita
1234 3584 1366 3640 fuit.
1416 3585 1560 3642 Cum
1610 3593 1806 3644 autem
1849 3593 2138 3661 oporteret

493 3692 592 3730 eos
622 3673 869 3731 transire
908 3673 967 3728 in
1016 3673 1435 3742 Macedoniam,
1483 3680 1785 3733 transeunt
1815 3685 1871 3734 et
1919 3678 1976 3733 in
2010 3678 2136 3734 Pal-

488 3764 620 3818 lene
667 3765 855 3817 castra
917 3766 1179 3832 ponunt;
1236 3767 1292 3817 et
1335 3763 1495 3819 illinc
1526 3766 1763 3837 profecti
1797 3767 1993 3823 omnia
2038 3768 2138 3823 de-

497 3851 922 3921 pmdeverunt,
957 3854 1018 3905 ut
1041 3865 1110 3907 ex
1140 3851 1366 3908 Decelia
1393 3854 1639 3909 Atticam
1694 3855 2136 3911 Lacedaamonii.

506 3941 813 3997 lnveniunt
833 3945 890 3996 et
910 3939 987 3994 ibi
1009 3945 1314 3996 strenuum
1347 3940 1510 3997 illum
1535 3944 1927 3999 adversarium
1956 3961 1969 4000 :
1996 3945 2137 4001 illud

503 4034 698 4084 autem
734 4027 991 4083 nondum
1025 4028 1236 4097 dicam,
1268 4029 1371 4085 sed
1410 4032 1585 4102 quod,
1620 4048 1753 4087 cum
1786 4033 1906 4088 illic
1948 4035 2142 4090 venis-

502 4122 652 4185 sent,
706 4117 901 4189 copias
951 4122 1180 4174 nostras
1225 4134 1408 4190 nepos
1456 4123 1595 4174 tuus
1642 4121 1826 4189 duxit,
1879 4126 1935 4178 et
1970 4128 2139 4179 caete-

499 4223 631 4263 rum
665 4206 858 4278 qualis
888 4206 985 4262 ille
1014 4205 1140 4263 vir!
1192 4207 1408 4263 ducum
1454 4208 1553 4280 qui
1603 4209 1898 4267 veteribus
1928 4210 2144 4269 Roma-

502 4297 594 4354 nis
625 4300 928 4368 prmerant,
982 4297 1255 4368 adjiciam
1303 4299 1359 4351 et
1404 4298 1508 4369 qui
1558 4298 1943 4370 undequaque
1971 4302 2143 4357 exsti-

476 4393 715 4455 terunt,
766 4385 1029 4443 omnium
1079 4388 1328 4458 profecto
1376 4386 1548 4460 longe
1598 4388 2143 4460 excellentissimus,

502 4493 617 4532 non
670 4475 842 4530 modo
898 4475 955 4529 in
1010 4476 1183 4531 rebus
1231 4475 1647 4545 deliberandis,
1680 4489 1731 4534 el
1778 4479 1839 4534 in
1874 4482 2144 4551 operibus

503 4567 616 4622 cito
650 4565 1016 4635 peragendis,
1050 4571 1151 4620 aut
1197 4566 1334 4638 quia
1369 4567 1593 4638 judicio
1634 4568 1895 4625 futurum
1945 4569 2150 4626 melius

505 4670 678 4724 quam
730 4657 906 4722 vates,
957 4655 1109 4709 sicut
1160 4671 1435 4724 praesens,
1476 4656 1681 4724 videat,
1715 4662 1771 4712 et
1819 4658 1876 4713 in
1910 4659 2001 4713 his
2029 4676 2152 4728 quas

2235 2642 2463 2723 φυγάδες
2536 2642 2849 2714 ὁπηδήποτ’
2903 2646 3172 2721 ἐχώρουν,
3238 2646 3399 2717 μόνος
3479 2642 3526 2700 δ’
3590 2647 3751 2705 οὗτος
3818 2643 3863 2697 ἐν

2235 2731 2475 2794 πολλοῖς
2528 2734 2857 2802 ἡττημένοις
2904 2733 3173 2802 ἀήττητος
3219 2731 3515 2810 διαγέγονε,
3553 2733 3768 2807 μᾶλλον
3815 2730 3864 2786 δὲ

2235 2823 2448 2876 τοσοῦτ’
2505 2819 2709 2896 ἂπέσχε
2774 2825 2867 2875 τοῦ
2940 2823 3109 2878 ταυτὰ
3181 2826 3518 2890 πεπονθέναι,
3583 2822 3721 2877 ὥστε
3784 2822 3859 2876 καὶ

2237 2915 2344 2966 τῶν
2401 2912 2684 2983 πολεμίων
2745 2911 2852 2984 οὐχ
2901 2912 3061 2973 ὅσους
3132 2909 3189 2966 ἄν
3258 2933 3341 2975 τις
3408 2913 3684 2986 ἀγνοῆσαι
3753 2931 3858 2965 κατ-

2240 3004 2489 3077 ενεγκὼν.
2540 3000 2651 3056 ἔστι
2710 2998 2757 3055 δ’
2813 3000 2903 3064 οὓς
2961 3004 3051 3056 καὶ
3125 3003 3457 3075 τραυματίας
3528 3004 3853 3070 πεποιηκὼς.

2243 3092 2421 3163 ὥσπερ
2482 3085 2790 3167 ἀμφίϐολον
2848 3092 3033 3153 αὐτοῖς
3089 3097 3377 3162 πεποιήκει
3433 3095 3529 3161 τήν
3611 3094 3761 3162 νίκην
3806 3089 3856 3141 τὸ

2164 3164 2206 3229 (ἶ
2244 3182 2361 3234 καθ’
2421 3181 2597 3248 αὐτὸν,
2660 3177 3063 3252 ἐνδειξάμενοςσ
3118 3184 3285 3248 τοῦθ’,
3353 3180 3457 3243 ὅτι,
3524 3182 3629 3237 κᾶν
3706 3181 3860 3252 ἀτυχῆ

2243 3268 2547 3343 συνηνέχθὴ
2580 3269 2899 3340 Ῥωμαίοις,
2930 3271 2992 3325 τὸ
3034 3271 3162 3347 γοῦν
3211 3273 3413 3327 ἑαυτῶν
3464 3272 3683 3343 ἀξίωμα
3716 3273 3866 3343 μένει,

2243 3357 2332 3412 καὶ
2389 3357 2541 3413 οὐδὲν
2603 3361 2678 3430 μή
2728 3379 2860 3412 ποτε
2897 3360 3116 3415 καθεῖλε
3161 3361 3267 3413 τῶν
3320 3362 3554 3425 πάντων,
3608 3358 3727 3416 οὕτε
3771 3359 3864 3431 μὴν

2241 3448 2580 3520 καθαιρήσει.

2318 3583 2417 3636 Καὶ
2474 3585 2641 3638 τοῦτο
2697 3584 2793 3656 μὲν
2841 3583 3052 3648 οὕτως·
3086 3584 3199 3641 ἐπεὶ
3259 3581 3316 3639 δὲ
3369 3584 3455 3639 καὶ
3513 3586 3655 3658 πρὸς
3702 3590 3869 3639 Μακε-

2248 3668 2422 3725 δονίαν
2478 3668 2584 3726 ἔδει
2643 3673 2894 3729 τουτουσὶ
2954 3669 3230 3743 διαϐῆναι,
3260 3669 3597 3728 διαϐαίνουσι
3649 3674 3741 3747 μὶν
3789 3670 3869 3724 καὶ

2247 3758 2758 3835 στρατοπεδεύουσιν
2843 3762 2894 3818 ἐν
2981 3764 3205 3838 Παλήνῃ
3241 3781 3255 3795 ⁶
3332 3763 3578 3818 κακεῖθεν
3663 3760 3869 3831 ἐξιόντες

2249 3849 2534 3920 ἐληΐζοντο
2597 3852 2788 3921 πάντα,
2819 3854 3058 3927 καθάπερ
3116 3851 3175 3908 ἐκ
3228 3851 3507 3914 Δεκελείας
3566 3853 3669 3922 τήν
3702 3853 3869 3905 ’Δττι-

2247 3940 2348 4008 κήν
2405 3939 2678 4000 Λάκωνες.
2734 3938 3051 4013 Εὓρίσκουσί
3108 3939 3170 4015 γέ
3222 3960 3311 3993 τοι
3367 3938 3639 3993 κάνταῦθα
3695 3939 3871 3990 τοῦτον

2251 4024 2421 4082 δεινὸν
2476 4027 2920 4104 ἀνταγωνιστήν·
2956 4025 3098 4084 ἂλλᾶ
3153 4030 3321 4101 μήπω
3377 4030 3565 4095 τοῦτο,
3620 4024 3870 4088 ἀλλ’ὅτι,

2253 4113 2408 4190 δεῦρο
2468 4116 2891 4190 κεχωρηκότων,
2951 4122 3050 4185 τῆς
3120 4116 3388 4189 ἡμετέρας
3464 4118 3717 4187 στρατιᾶς
3794 4111 3875 4169 σὸς

2250 4203 2574 4284 ἀδελφιδοῦς
2631 4209 2709 4279 (7)
2755 4204 3047 4273 ἐπεστάτει,
3079 4205 3146 4260 τὰ
3200 4207 3248 4260 τ’
3304 4203 3432 4260 ἀλλ’
3473 4206 3667 4265 ὁποῖος
3726 4203 3876 4274 ἀνὴρ,

2251 4296 2339 4350 καὶ
2391 4300 2497 4349 τῶν
2545 4294 2595 4349 ἐν
2648 4295 2992 4369 στρατηγίαις
3040 4299 3147 4351 τῶν
3186 4292 3357 4351 πάλαι
3384 4294 3693 4368 Ῥωμαίων,
3726 4309 3882 4365 προσ-

2254 4386 2405 4454 θήσω
2467 4382 2523 4439 δὲ
2588 4385 2674 4439 καὶ
2750 4389 2856 4440 τῶν
2931 4385 3245 4458 ἁπανταχοῦ
3316 4382 3642 4459 γενομένων,
3702 4379 3880 4437 ἁπλῶς

2260 4480 2451 4548 μακρῷ
2505 4476 2714 4529 πάντων
2753 4472 2970 4548 ἄριστος
3019 4474 3079 4528 οὐ
3140 4475 3450 4550 λογίζεσθαι
3484 4475 3606 4548 περὶ
3649 4469 3881 4547 πραγμα-

2255 4585 2363 4618 των
2399 4562 2562 4637 μόνον
2595 4563 2683 4618 καὶ
2714 4569 2829 4625 τοῖς
2881 4561 3061 4637 ἔργοις
3116 4562 3189 4624 ὡς
3230 4563 3403 4641 τάχος
3455 4564 3745 4634 περαίνειν,
3776 4556 3880 4614 οὐδ’

2262 4652 2398 4707 ὥστε
2451 4658 2568 4714 τοῖς
2623 4652 2912 4728 λογισμοῖς
2972 4654 3033 4708 τὸ
3088 4650 3294 4726 μέλλον
3348 4652 3598 4725 μαντείας
3656 4656 3885 4725 κρεῖττον

501 4743 633 4798 aliis
663 4740 1017 4798 difﬁcillima
1061 4742 1327 4799 videnlur
1369 4761 1542 4816 quam
1579 4746 1848 4802 facillime
1877 4755 2152 4819 opportu-

505 4849 609 4888 nas
641 4847 732 4885 res
759 4830 1048 4901 expediat,
1081 4831 1178 4885 sed
1213 4833 1384 4889 etiam
1418 4834 1568 4903 quod
1613 4851 1647 4889 a
1676 4835 1983 4906 juventule
2006 4837 2156 4892 bella

508 4922 691 4978 multa
724 4928 781 4976 et
812 4920 1085 4986 maxima,
1119 4926 1177 4977 et
1205 4921 1307 4977 illa
1352 4922 1587 4994 quidem
1629 4926 1904 4982 omnibus
1951 4928 2153 4993 ardua,

509 5010 752 5068 feliciter
779 5017 833 5065 et
862 5015 928 5065 ut
958 5025 1130 5066 nemo
1159 5010 1551 5068 existimasset
1587 5015 1829 5084 gesserit
1881 5015 2158 5087 (omnibus

508 5098 748 5170 peritior
776 5115 943 5172 aqua:
972 5101 1237 5157 ordinare
1263 5103 1317 5154 et
1345 5103 1496 5157 viros
1541 5101 1840 5175 clypeum.
1877 5104 2154 5174 (H0mer.,

514 5186 687 5256 Iliad,
738 5189 803 5257 B,
846 5189 1016 5258 (554.)
1062 5188 1212 5245 Illud
1266 5188 1541 5245 nimirum
1596 5192 1843 5247 maxime
1886 5209 2017 5248 eum
2050 5195 2160 5251 tibi

2263 4744 2337 4803 ὡς
2393 4744 2558 4816 παρὸν
2615 4743 2855 4815 θεωρεῖν,
2886 4743 2974 4795 καὶ
3025 4743 3147 4814 περὶ
3207 4745 3313 4795 τῶν
3358 4740 3725 4814 ἀπορωτάτων
3780 4742 3885 4796 τοῖς

2264 4830 2457 4893 ἄλλοις
2490 4832 2622 4886 εἶναι
2663 4828 2965 4885 δοκούντων
3016 4829 3166 4903 μάλα
3209 4826 3409 4903 ῥᾳδίως
3461 4825 3886 4902 αὐτοσχεδιάζειν

2264 4921 2325 4974 τὸ
2383 4917 2692 4980 δὲον.ἂλλᾶ
2748 4919 2836 4975 καὶ
2904 4918 3182 4992 πολέμους
3249 4918 3307 4973 ἐκ
3351 4915 3560 4973 παίδων
3618 4916 3889 4972 πλείστους

2271 5031 2322 5063 τε
2386 5012 2472 5063 καὶ
2535 5008 2840 5083 μεγίστους,
2888 5010 3017 5070 τοὺς
3076 5005 3124 5062 δ’
3162 5007 3360 5069 αὐτοὺς
3418 5007 3507 5062 καὶ
3563 5012 3677 5067 τοῖς
3736 5006 3888 5059 ἅπασι

2268 5098 2571 5176 δυσχερεῖς,
2602 5099 2660 5155 εὖ
2701 5121 2761 5154 τε
2794 5098 2885 5153 καὶ
2935 5100 3009 5162 ὡς
3053 5098 3152 5153 οὐκ
3198 5095 3258 5152 ἄν
3290 5119 3374 5159 τις
3405 5097 3564 5169 ᾠήθη
3597 5095 3886 5170 διενεγκεῖν,

2267 5191 2347 5245 ἅθ’
2384 5190 2514 5263 ὑπὲρ
2564 5189 2759 5250 πάντας
2812 5185 2952 5263 ἔχων
2994 5185 3202 5250 ἵππους
3247 5207 3303 5241 τε
3352 5193 3627 5259 κοσμῆσαι
3669 5183 3751 5239 καῖ
3784 5181 3886 5236 ἀνὲ·

591 5355 668 5421 (6)
696 5356 909 5409 Turoos
941 5354 1164 5411 scilicet
1191 5365 1244 5409 et
1274 5354 1597 5412 Catalanos.

594 5426 666 5496 (7)
692 5425 997 5497 Einomen
1024 5427 1139 5497 fuit
1167 5425 1404 5497 Angela,
1431 5431 1579 5497 quod
1603 5426 1776 5483 didici
1807 5445 1875 5483 ex
1905 5430 2163 5484 oratione

518 5494 926 5575 Theodulijqi
974 5495 1211 5575 Μεγάλῳ
1248 5494 1722 5575 ΔΣτρατοπιεδοὶρχῃ
1761 5502 1840 5570 τῷ
1888 5497 2162 5575 ’ᾼγγέλιικ

523 5571 675 5625 Dum
701 5567 910 5624 melius
929 5567 1079 5637 quid
1095 5586 1128 5624 a
1158 5567 1295 5625 viris
1322 5567 1531 5627 horum
1557 5567 1887 5637 temporum
1911 5567 2163 5629 historia

523 5637 898 5713 peritioribus
930 5640 1274 5709 proferatur,
1301 5642 1507 5712 opinor
1540 5643 1653 5698 fere
1678 5637 1838 5700 hunc
1879 5644 2165 5716 Angelum

2271 5336 2677 5431 l’almologum,
2714 5354 3078 5431 imperatoris
3110 5352 3301 5431 fratris
3349 5352 3553 5431 lilium,
3583 5351 3745 5431 illum
3775 5359 3891 5431 esse

2270 5423 2876 5499 Joannis'Palieologi.
2910 5424 3120 5486 ﬁlium,
3158 5426 3225 5499 de
3275 5441 3389 5499 quo
3423 5423 3673 5481 Canuius
3705 5423 3806 5491 agit
3838 5423 3889 5499 in

2272 5500 2533 5555 Familiis
2566 5498 2913 5579 Byzantinis,
2940 5513 3069 5569 pag.
3086 5497 3212 5564 234,
3236 5497 3339 5551 sed
3371 5512 3546 5623 quem
3575 5510 3687 5578 non
3719 5497 3890 5579 nomi—

2272 5577 2407 5623 nat:
2440 5571 2524 5623 ita
2553 5575 2618 5623 ut
2661 5584 2892 5623 Dl‘ODl‘lB
2932 5569 3189 5623 Angelus
3231 5584 3348 5623 non
3413 5572 3565 5623 uerit
3591 5579 3715 5623 mse
3744 5556 3890 5615 αδελ-

2271 5577 2407 5641 na_t:
2440 5571 2524 5626 ita
2553 5556 2632 5625 ut'
2661 5556 2911 5641 proprie,
2932 5556 3210 5641 Angelus,
3231 5584 3348 5625 non
3389 5556 3565 5624 fuerit
3591 5568 3715 5638 ipse
3744 5556 3890 5615 ἀδελ-

2273 5639 2484 5717 φιδοῦς,
2517 5641 2615 5698 sed
2644 5635 2743 5695 τοῦ
2769 5635 3070 5717 ἆδελφιόοῦ
3100 5639 3284 5697 ﬁlius.
