4092 6300
235 410 331 471 361
1369 403 1659 481 ORATIO
1700 399 1855 463 PRO
1897 394 2402 462 CHANDRENO.
3473 402 3593 464 362

232 565 311 618 ρας
338 539 655 604 ἀσπιδιώτας
683 544 761 615 (8)
789 558 801 572 ⁸
834 541 865 595 ὃ
896 537 963 608 δὴ
996 539 1084 593 καὶ
1120 538 1334 611 μᾶλλον
1361 540 1460 591 τοῦ
1507 537 1695 611 γένους
1747 557 1829 591 σοι

1974 549 2154 606 genere
2184 533 2565 603 oonjunetum
2596 546 2725 587 esse
2758 534 3009 591 ostendit
3043 552 3058 591 :
3105 536 3227 593 hac
3273 552 3409 609 ergo
3457 546 3590 595 sunt

230 636 545 706 προσήκοντα
600 635 784 686 τοῦτον
828 628 1034 684 ἐδείκνυ
1060 647 1074 661 ⁸
1122 630 1188 681 σὰ
1223 631 1354 702 γοῦν
1391 631 1559 681 ταῦτα
1599 626 1688 680 καὶ
1736 630 1834 680 τοῦ

1223 631 1354 702 γοῦν
1391 631 1559 681 ταῦτα
1599 626 1688 680 καὶ
1736 630 1834 680 τοῦ
1944 628 2068 690 tua,
2101 626 2157 679 et
2190 626 2349 677 tuam
2382 637 2504 677 rem
2536 621 2804 678 attinent.

229 724 343 780 κατὰ
371 724 424 778 σὲ
453 724 789 797 πράγματος.
2751 724 2758 755 ι

284 814 458 878 Οὗτος,
510 812 635 884 πρὶν
697 811 791 884 μὲν
842 808 878 878 ἤ
924 805 1235 883 Χανδρηνὸν
1282 806 1585 883 ἀφικέσθαι,
1624 804 1834 881 έχρῆτα

2015 808 2137 875 Ille,
2186 808 2531 881 priusquam
2602 808 2982 866 Chandrenus
3046 811 3277 869 adesset
3338 814 3586 886 quibus-

231 902 307 975 μέν
340 924 436 956 τισι
488 902 782 977 λοχαγοῖς,
841 899 1046 975 ἐχρῆτο
1098 895 1143 952 δ’
1203 897 1265 952 ού
1319 896 1469 970 μάλα
1515 898 1830 970 πρέπουσιν,

1970 900 2072 954 iam
2105 902 2436 953 turmarum
2466 898 2806 955 ductoribus
2836 904 3081 970 prmerat
3110 918 3226 958 non
3257 904 3401 959 adeo
3433 906 3586 974 aptis

229 990 321 1045 οὐδ’
372 991 664 1065 ἆξιόχρεῳς
722 990 827 1045 ὑπὸ
884 987 1062 1060 τούτῳ
1135 987 1392 1063 τετάχθαι
1426 1002 1440 1015 ·
1500 985 1693 1059 ἀμέλει
1740 984 1831 1039 καὶ

1976 994 1996 1042 ι
2024 989 2263 1044 omnino
2288 987 2542 1059 indignis
2571 988 2668 1058 qui
2701 988 2812 1060 ipsi
2846 992 3197 1046 subessent:
3247 997 3401 1049 certe
3449 997 3586 1051 tan-

228 1087 323 1145 τοῑς
363 1079 648 1154 πολεμίοις
687 1082 942 1133 τοσοῦτον
1002 1077 1150 1151 εἶχον
1212 1079 1292 1148 (9)
1340 1074 1643 1151 ἆνταρκεῖν,
1694 1072 1831 1129 ὥστε

1968 1094 2067 1133 um
2099 1077 2263 1133 abest
2286 1081 2347 1131 ut
2376 1077 2644 1132 hostibus
2693 1078 3065 1141 obsisterent,
3098 1088 3161 1135 ut
3208 1098 3311 1153 pro
3361 1082 3499 1151 illis,
3535 1086 3583 1140 si

228 1169 297 1223 καί
324 1169 545 1236 τούτοις,
581 1170 657 1230 ὡς
698 1167 807 1244 ἐγὼ
854 1167 1017 1244 φαίην
1058 1163 1143 1232 ἃν,
1188 1162 1258 1220 δι’
1310 1166 1383 1218 ὧν
1435 1163 1830 1238 ἐμαλακίζοντο

1970 1172 2024 1223 ta
2052 1167 2213 1238 loqui
2256 1166 2448 1234 liceat,
2483 1174 2780 1239 propterea
2812 1170 2965 1240 quod
2998 1171 3069 1225 ad
3098 1186 3354 1241 pugnam
3395 1178 3586 1229 essent

228 1258 337 1330 πρὸς
370 1259 458 1318 τας
520 1260 728 1332 μάχας,
768 1256 830 1310 τὸ
878 1260 1009 1332 γοῦν
1060 1255 1177 1309 καθ’
1228 1253 1421 1316 αὐτοὺς
1445 1252 1830 1328 ἐστρατήγουν,

1965 1256 2216 1324 mervati,
2240 1257 2348 1327 ipsi
2371 1257 2570 1313 omnia
2592 1264 2877 1328 gererent,
2903 1259 3044 1314 satis
3066 1260 3346 1317 ducentes
3371 1262 3420 1316 si
3435 1263 3581 1319 salvi

227 1348 500 1420 ἀγαπῶντες
532 1346 577 1400 εἰ
605 1347 871 1415 σώζοιντο
916 1347 1100 1418 (τοῦτο
1134 1340 1178 1398 δ’
1212 1346 1398 1405 αὐτοῖς
1447 1343 1657 1413 ἀπήντα
1687 1341 1833 1416 παρὰ

1967 1349 2138 1401 issent
2166 1345 2334 1417 (illud
2363 1346 2516 1400 enim
2531 1346 2618 1401 eis
2636 1348 2827 1401 aduce
2857 1347 3130 1418 obvenit),
3155 1349 3399 1405 canibus
3420 1352 3583 1407 simi-

224 1439 298 1488 τοῦ
348 1437 695 1511 στρατηγοῦ),
754 1435 906 1489 κυσὶν
986 1433 1227 1495 ἐοικότες
1303 1432 1829 1509 ὲῤῥᾳστωνευμένοις

1965 1450 2025 1489 es
2056 1436 2126 1490 ad
2146 1450 2401 1505 pugnam
2419 1434 2803 1506 segnioribns.
2822 1436 2963 1491 Cum
2980 1441 3175 1492 autem
3198 1438 3581 1498 Chandrenus

226 1525 333 1597 πρὸς
376 1526 557 1603 μάχην
602 1568 613 1579 .
658 1526 869 1579 Τούτου
911 1527 1024 1595 (10)
1070 1520 1117 1577 δ’
1164 1522 1240 1576 εἷς
1285 1524 1385 1591 τὴν
1420 1521 1633 1576 ἐκείνων
1681 1522 1828 1591 τάξιν

1964 1524 2009 1577 id
2043 1539 2142 1578 eos
2172 1523 2279 1578 rite
2326 1523 2681 1578 ordinandcs
2739 1524 3010 1591 venisset,
3060 1543 3092 1581 ο
3151 1526 3493 1598 imperator,
3525 1534 3580 1584 et

225 1611 385 1683 ίόντος,
414 1614 458 1667 ὦ
491 1613 744 1687 βασιλεῦ,
774 1613 867 1667 καὶ
897 1607 1309 1686 προσλαϐόντος
1351 1608 1683 1684 Ἡρακλέους
1716 1613 1828 1685 (Η)

1964 1613 2215 1668 iercules
2247 1613 2356 1668 sibi
2382 1611 2601 1667 Iolaum
2620 1614 3005 1684 adjunxisset,
3026 1615 3221 1671 subito
3242 1616 3364 1671 haec
3385 1618 3580 1673 omnia

225 1700 421 1770 Ἰόλεων,
508 1702 712 1776 ἁθρόον
780 1702 968 1756 ἅπαντ’
1050 1699 1226 1755 ἐκεῖνα
1310 1701 1444 1774 πρὸς
1526 1699 1829 1754 τούναντίον

1964 1719 1999 1756 n
2030 1702 2388 1758 contrarium
2434 1702 2669 1757 fuerunt
2716 1718 3015 1770 conversa,
3038 1709 3096 1760 et
3143 1710 3480 1776 arrogantes
3512 1722 3578 1763 ac

230 1791 433 1861 μετέστη,
468 1793 560 1846 καί
611 1792 738 1853 τοὺς
799 1786 1055 1866 ὑϐριστὰς
1113 1788 1203 1844 καί
1263 1790 1431 1861 μείζω
1497 1793 1827 1865 φρονοῦντας

1960 1792 2220 1862 iuperbos
2250 1791 2531 1862 corripuit
2556 1806 2735 1862 pavor
2764 1794 2823 1847 et
2851 1807 2949 1847 eos
2976 1792 3036 1847 in
3065 1792 3336 1850 Pallenen
3366 1795 3576 1851 iterum

229 1877 444 1951 διεδέξατο
476 1876 676 1957 φόϐος,
710 1881 791 1942 εἷς
834 1878 1094 1950 Παλήνην
1136 1878 1291 1941 αὖθις
1331 1877 1654 1954 συγκλείσας
1680 1898 1692 1910 ·
1737 1880 1827 1933 καὶ

1962 1879 2300 1936 nterelusit:
2333 1887 2388 1936 et
2418 1880 2680 1935 nondum
2711 1880 2913 1935 datum
2942 1887 3068 1938 erat
3098 1883 3181 1939 eis
3213 1883 3409 1955 amplo
3444 1899 3574 1940 cum

231 1969 299 2023 οὐκ
339 1969 401 2025 ἔτ’
456 1971 652 2031 αὐτοῖς
708 1971 775 2038 ἦν
832 1967 1030 2024 πλατεῖ
1096 1968 1457 2041 στρατεύματι
1512 1970 1824 2044 πανταχόσε

1957 1973 2183 2028 ιιοιιοὶιυ
2217 1970 2690 2044 aggredientibus
2722 1971 3016 2027 fortunam
3067 1972 3438 2041 labefactare,
3474 1976 3573 2032 sed

230 2064 488 2133 χωροῦντας
536 2059 612 2113 τὸ
654 2058 966 2137 προστυχὸν
1006 2054 1368 2136 διαφθείρειν*
1411 2056 1537 2112 αλλ’
1582 2051 1821 2132 ἔγνωσαν

1962 2066 2330 2133 agnoverunt
2372 2076 2434 2115 se
2482 2074 2607 2116 esse
2664 2060 2918 2117 minores
2966 2077 3145 2133 quam
3187 2066 3249 2117 ut
3295 2062 3574 2120 Romanis

232 2144 426 2210 ἰλάττους
478 2148 637 2209 ὄντες
665 2148 701 2217 ἢ
752 2147 889 2202 ὥστε
939 2148 1235 2221 Ῥωμαίοις
1285 2145 1685 2224 ἀντοφθαλμεῖν
1730 2144 1825 2200 δύ-

1958 2150 2221 2205 .dversari
2252 2148 2531 2205 valerent.
2574 2149 2725 2213 Quot
2746 2150 3105 2207 interemerit
3138 2151 3352 2218 hostes,
3387 2152 3574 2223 prima

234 2238 382 2294 ναοθαι,
434 2240 643 2298 Ὀσους
706 2237 798 2309 μὶν
857 2235 1039 2291 ἀνεῖλε
1096 2240 1203 2292 τῶν
1280 2236 1565 2308 πολεμίων
1624 2236 1821 2290 αὐτίκα

1961 2239 2360 2313 ongressione,
2393 2244 2450 2296 et
2481 2256 2795 2296 numerum
2830 2241 3194 2311 captivorum
3227 2258 3373 2313 quos
3407 2242 3574 2298 sube-

236 2328 374 2397 smiq,
399 2329 485 2383 καί
515 2327 750 2396 πλῆθος
797 2327 1175 2401 αἰχμαλώτων
1208 2328 1280 2381 ὧν
1312 2325 1449 2397 εἷλε,
1503 2326 1595 2381 καὶ
1646 2326 1821 2382 σκύλα

1956 2331 2027 2396 ;it,
2058 2333 2116 2385 et
2146 2329 2394 2403 praadam
2444 2333 2502 2383 et
2556 2346 2719 2384 arma
2765 2335 2824 2384 et
2880 2330 3118 2385 exuvias
3176 2335 3235 2387 et
3281 2346 3462 2402 equos
3514 2336 3572 2388 et

238 2415 431 2472 κιίδπλα
466 2419 567 2472 καὶ
625 2414 861 2494 λάφυρα,
910 2416 1000 2470 καὶ
1035 2414 1243 2477 ἵππους
1282 2417 1373 2470 καὶ
1428 2415 1557 2489 βόας
1588 2416 1677 2469 καὶ
1709 2411 1815 2486 ὄϊς,

1948 2435 2100 2474 )OVBB
2130 2423 2187 2473 et
2216 2435 2345 2474 oves
2376 2422 2433 2474 et
2463 2418 2661 2473 omnia
2691 2434 2819 2490 quas
2869 2418 2928 2473 in
2962 2418 3067 2474 hac
3111 2421 3347 2490 regione
3376 2424 3564 2489 erant,

238 2504 435 2560 uitisﬁ’
463 2508 581 2561 ὅσα
626 2505 854 2574 ταυτησί
893 2511 995 2574 τῆς
1031 2502 1270 2579 μερίδος.
1305 2504 1354 2559 τί
1388 2525 1470 2565 τις
1511 2502 1569 2558 ἂν
1614 2503 1768 2583 λέγοι
1798 2527 1813 2574 ς

1951 2507 2056 2580 [uis
2086 2506 2549 2563 enumeraverit?
2580 2510 2818 2564 Nostros
2851 2523 2987 2578 ergo
3031 2506 3243 2564 milites
3291 2509 3471 2565 ferme
3502 2512 3567 2565 ut

238 2592 460 2667 Τοὸςτοῦν
492 2593 813 2670 ἡμετέρους
855 2595 1189 2668 στρατιώτας
1240 2591 1412 2656 Μίδας
1466 2599 1665 2669 μικροῦ
1703 2595 1815 2650 τόθ’

1166 2614 1189 2655 ς
1240 2591 1412 2656 Μίδας
1466 2599 1665 2669 μικροῦ
1703 2595 1815 2650 τόθ’
1924 2597 2166 2654 totidem
2200 2597 2381 2654 Midas
2407 2597 2605 2653 videro
2636 2600 2780 2652 erat.

239 2682 324 2754 ὃρᾷν
340 2685 404 2753 ἦν.

280 2771 403 2830 Ἀλλὰ
445 2780 557 2832 τοῦ
621 2776 698 2848 μὴ
745 2772 1186 2847 στρατοπεδεύειν
1236 2771 1382 2850 ἔχειν
1478 2771 1703 2851 πρόσθεν
1763 2776 1812 2831 οἱ

1993 2778 2104 2834 Sed
2136 2778 2391 2845 barbari,
2418 2777 2568 2851 irati,
2608 2781 2802 2850 utpar
2848 2782 2954 2847 est,
3000 2794 3068 2833 ex
3111 2794 3178 2833 eo
3228 2780 3383 2850 quod
3442 2795 3556 2835 non

224 2857 427 2939 βάρϐαροι
477 2863 961 2939 δυσχεραίνοντες,
1012 2864 1087 2926 ὡς
1131 2864 1299 2930 είκὸς,
1344 2859 1434 2918 ἅτε
1480 2868 1587 2919 τῶν
1639 2864 1814 2920 πολε-

1938 2873 2109 2926 :astra
2138 2883 2348 2940 ponere
2379 2868 2678 2940 potuerint
2710 2870 2768 2924 in
2817 2868 2941 2926 loco
3000 2885 3111 2940 quo
3161 2868 3323 2941 prius
3369 2873 3554 2938 erant,

216 2955 344 3018 μυιῶν
402 2953 552 3015 ὄντες
628 2950 814 3014 ἐθάδες
870 2954 957 3006 καὶ
1018 2954 1115 3021 τήν
1171 2954 1295 3026 περὶ
1370 2957 1536 3008 ταῦτα
1596 2953 1812 3033 σχολὴν

1944 2960 2056 3032 [uia
2087 2959 2256 3014 rebus
2288 2957 2511 3013 bellicis
2540 2962 2705 3014 erant
2738 2958 3048 3014 assuefacti
3079 2962 3136 3013 et
3165 2975 3198 3012 a
3228 2957 3441 3030 praeliis
3464 2958 3560 3014 ab-

211 3034 491 3120 δυοτύχημα
538 3042 849 3115 κρίνοντες,
907 3040 1089 3111 ἑτέραν
1146 3040 1438 3115 ἐτράποντο
1473 3061 1485 3073 ·
1538 3041 1811 3115 λῃστείαις

1940 3048 2132 3105 itinere
2171 3052 2235 3103 ut
2264 3046 2649 3103 calamitatem
2694 3047 3004 3114 ducebant,
3038 3047 3215 3103 aliam
3264 3048 3322 3103 in
3367 3046 3556 3119 regio-

204 3129 282 3201 γὰρ
312 3130 581 3207 ἐχρῶντο,
636 3131 726 3185 καὶ
779 3128 986 3204 λόχους
1036 3128 1249 3185 ἐποίουν
1310 3129 1361 3202 ἐξ
1413 3130 1663 3205 ἀφανοῦς,
1725 3132 1813 3185 καὶ

1946 3154 2050 3194 lem
2084 3136 2440 3193 transierunt
2470 3155 2484 3205 ;
2518 3136 2833 3193 latrociniis
2860 3137 3015 3193 enim
3048 3138 3383 3203 utebantur,
3414 3141 3473 3193 ct
3493 3153 3562 3192 ex

204 3220 297 3292 περὶ
337 3219 706 3295 βοσκημάτων
761 3219 850 3274 καὶ
899 3225 1007 3274 τῶν
1055 3218 1270 3282 τούτοις
1322 3219 1664 3297 ἐφεπομένων
1712 3216 1808 3274 λὸ-

1943 3227 2147 3283 icculto
2179 3227 2479 3282 struebant
2508 3227 2773 3294 insidias,
2804 3243 2870 3282 ac
2901 3227 2971 3282 de
3000 3227 3311 3298 pecoribus
3353 3231 3411 3281 et
3458 3228 3559 3298 qui

201 3328 274 3380 γος
308 3310 476 3373 αὐτοῖς
538 3312 613 3378 ἦν
654 3310 716 3363 ού
781 3309 973 3384 μικρὸς
1020 3311 1515 3384 στρατηγουμένοις
1568 3311 1669 3364 ὑπὸ
1718 3310 1804 3365 λι-

1940 3338 2023 3377 ξοε
2043 3321 2442 3393 sequebantur
2470 3320 2753 3376 militibus
2800 3337 2916 3376 non
2965 3336 3174 3391 parvus
3202 3324 3325 3375 erat
3365 3335 3556 3375 sermo

205 3401 303 3467 μοῦ.
354 3405 435 3461 Ὡς
493 3399 558 3454 δὲ
617 3399 730 3467 καὶ,
788 3397 1005 3460 τούτοις
1079 3399 1214 3469 ἅπαξ
1279 3397 1659 3477 εὐτυχηκότες,
1718 3399 1815 3453 οὐκ

1945 3416 2159 3482 iropter
2192 3410 2456 3464 ciborum
2492 3411 2816 3482 penuriam.
2876 3410 3186 3481 Postquam
3236 3412 3448 3474 autem,
3504 3408 3561 3461 in

202 3484 413 3565 ὀλιγάκις
460 3491 654 3551 κακῶς
722 3483 938 3550 ἔπαθον,
1009 3486 1389 3560 ἀπειρηκότες,
1458 3491 1636 3561 οἶμαι,
1699 3494 1814 3551 τοῖς

1949 3502 2014 3555 iis
2050 3499 2227 3555 semel
2258 3499 2470 3566 felices,
2505 3499 2936 3555 calamitatibus
2959 3516 3072 3554 non
3101 3497 3299 3569 paucis
3331 3497 3565 3552 fuerunt

200 3574 342 3641 ὅλοις,
387 3581 476 3634 καὶ
539 3575 715 3651 μηδὲν
774 3575 993 3652 ἔχοντες
1052 3577 1129 3638 εἷς
1186 3577 1531 3653 παραμυθίαν
1593 3577 1811 3645 λοιπὸν,

1950 3588 2142 3653 tfﬂicti,
2176 3588 2496 3659 desperatis
2528 3588 2824 3653 omnibus,
2859 3595 2919 3641 ut
2949 3586 3155 3656 opinor
3184 3589 3244 3640 et
3266 3583 3411 3639 nihil
3453 3583 3566 3639 ha—

197 3670 279 3720 τῶν
343 3670 434 3741 μὶν
501 3667 811 3743 ἀναγκαίων
880 3664 1321 3722 ἐπιλελοιπότων
1388 3668 1660 3734 ἁπάντων,
1727 3667 1813 3720 ἐπὶ

1952 3682 2127 3732 tentes
2184 3676 2254 3730 ad
2296 3674 2587 3741 solatium,
2628 3676 2901 3730 omnibus
2950 3674 3160 3746 Opibus
3219 3673 3458 3743 relictis,
3509 3677 3568 3729 et

199 3754 333 3829 ξυροῦ
379 3756 435 3813 δὲ
484 3759 675 3829 ἀκμῆς
732 3761 840 3810 τῶν
887 3755 1223 3831 πραγμάτων
1271 3756 1419 3835 σφίσι
1476 3757 1815 3827 καθεστηκό-

1949 3764 2099 3821 'ehus
2130 3779 2329 3819 eorum
2362 3763 2525 3834 quasi
2546 3765 2606 3818 in
2637 3763 2760 3819 acie
2791 3764 3084 3818 novacula.-
3115 3762 3425 3832 stantibus,
3454 3762 3565 3819 cito

195 3864 297 3913 των,
355 3846 506 3910 εὐθὺς
576 3844 871 3906 Θετταλίας
929 3851 1133 3921 χωρεῖν
1183 3843 1435 3918 ἔγνωσαν,
1489 3846 1568 3924 ἐφ’
1599 3848 1643 3918 ᾧ
1690 3850 1811 3920 γοῦν

1951 3871 1982 3908 n
2014 3852 2376 3908 Thessaliam
2417 3852 2499 3906 ire
2538 3855 2870 3907 statuerunt
2905 3851 3006 3906 ubi
3072 3856 3430 3906 commeatus
3470 3867 3567 3906 eo-

195 3938 287 3993 τοὶ
322 3932 661 4004 ἐπιτηδείοις
710 3929 855 4007 ἔχειν
892 3932 1154 4008 ἀφθόνοις
1199 3934 1529 4007 χρήσασθαι,
1572 3933 1662 3987 καὶ
1706 3934 1811 4004 ἅμα

1953 3942 2077 3997 uiam
2112 3956 2412 4013 capessere
2443 3948 2496 3997 et
2527 3941 2700 3996 simul
2725 3958 2794 3997 ex
2827 3940 3155 3996 Chandreni
3177 3939 3470 4009 manibus,
3504 3945 3569 3996 ut

194 4025 281 4075 τῶν
342 4022 665 4096 Χανδρηνοῦ
731 4026 953 4097 χειρῶν,
1018 4020 1147 4094 ἐμοὶ
1234 4018 1433 4091 δοκεῖν,
1515 4023 1810 4091 ἀποστῆναι

1301 4027 1433 4091 κεῖν,
1515 4023 1815 4091 ἀποστῆναι
1926 4031 2069 4087 mihi
2102 4031 2347 4099 videtur,
2374 4032 2624 4103 ell'ugere
2662 4034 2917 4103 possent.

196 4108 488 4174 σπεύδοντες
499 4156 512 4169 .

251 4201 392 4257 Ἀλλ’
424 4200 542 4257 οὔτ’
602 4200 785 4261 αύτοῖς
835 4198 1001 4255 πλέον
1048 4197 1199 4255 οὐδὲν
1232 4201 1295 4268 ἦν
1350 4200 1425 4263 εἰς
1468 4199 1815 4275 ἀπαλλαγήν,

1997 4210 2122 4266 Non
2153 4215 2345 4266 autem
2375 4213 2643 4282 poterant
2675 4211 2864 4283 magis
2893 4226 3021 4266 sese
3069 4211 3316 4279 salvere,
3352 4214 3571 4267 terram

195 4296 276 4358 τῆς
305 4288 633 4355 ἀλλοδαπῆς
663 4289 783 4360 εἷλη
798 4289 1047 4363 μμὲνοις,
1077 4289 1167 4345 καὶ
1199 4309 1284 4344 τοι
1338 4287 1542 4367 σφόδρα
1582 4287 1775 4345 δοκοῦν
1803 4310 1811 4323 ·

1954 4299 2170 4355 lienam
2199 4300 2559 4370 occupando,
2590 4300 2815 4355 etiamsi
2848 4299 3099 4357 maxime
3127 4301 3183 4356 id
3228 4305 3532 4371 sperarent
3558 4318 3570 4355 :

195 4376 287 4432 οὐδ’
343 4381 406 4434 αὖ
470 4379 651 4460 σφίσιν
712 4380 895 4442 αὐτοῖς
954 4378 1172 4452 ἀμύνειν
1230 4376 1499 4449 ἠδύναντο
1557 4378 1811 4435 Θετταλοῖ

1957 4406 2033 4446 ιοο
2064 4390 2286 4460 seipsos
2316 4390 2494 4446 armis
2524 4390 2596 4445 de
2628 4390 2859 4445 tendere
2902 4391 3175 4447 valebant
3222 4391 3486 4448 Thessali
3516 4399 3573 4447 et

195 4468 266 4522 mi
314 4471 445 4545 πρὸς
504 4472 767 4524 τοσοῦτον
797 4465 1250 4544 παραϐάλλεσθαι
1297 4468 1528 4534 πλῆθος.
1579 4469 1656 4526 Οὐ
1710 4471 1811 4542 μὴν

1964 4495 2060 4535 um
2092 4484 2257 4535 tanta
2288 4478 2664 4535 multitudine
2695 4479 2990 4551 congredi.
3024 4479 3150 4535 Non
3181 4480 3292 4536 alio
3346 4495 3485 4535 sane
3514 4480 3577 4537 in

198 4555 363 4634 ἒτίρου
413 4560 554 4635 πρὸς
629 4560 777 4613 ταῦτ’
845 4556 1140 4629 ἐδεήθησαν
1174 4576 1189 4591 '
1250 4559 1397 4614 ἀλλὰ
1452 4559 1543 4612 καὶ
1606 4560 1814 4619 τούτοις

1957 4570 2022 4623 tis
2062 4585 2207 4639 Opus
2256 4573 2426 4623 erat:
2491 4568 2591 4624 sed
2640 4568 3023 4624 Chandrenus
3065 4568 3380 4624 adveniens
3438 4585 3573 4624 cum

199 4653 353 4711 κακῶς
394 4651 698 4725 πράττουσι
744 4649 834 4702 καὶ
884 4643 1310 4724 θορυϐουμένοις
1348 4647 1521 4703 ἐλθὼν
1562 4645 1815 4720 Χανδρη-

1960 4657 2086 4711 nale
2136 4657 2415 4713 ordinatis
2455 4661 2512 4712 et
2566 4656 2986 4729 trepidantibus
3050 4673 3400 4728 congressus
3467 4662 3576 4722 est,

201 4736 274 4798 νὸς
306 4740 623 4815 συνεμάχει,
682 4743 777 4794 σοῦ
832 4740 932 4809 τὴν
983 4738 1196 4794 ἐκείνων
1252 4738 1573 4810 ἐλεήσαντος
1619 4738 1817 4815 τύχην¹

1961 4747 2077 4819 [uia
2108 4750 2167 4801 tu
2200 4763 2399 4802 eorum
2460 4748 2752 4802 fortunam
2810 4749 3091 4804 misertus
3142 4763 3223 4815 es,
3260 4751 3577 4818 postquam

205 4823 369 4898 ἐπειδή
436 4824 837 4901 πρεσϐεύοντας
905 4826 1065 4898 εἶδες,
1149 4829 1240 4882 καὶ
1322 4827 1450 4891 τοὺς
1515 4823 1821 4903 βαρϐάρους

1958 4840 2154 4907 egatos
2186 4836 2401 4903 vidisti,
2434 4841 2490 4891 et
2520 4836 2834 4908 improviso
2866 4837 3119 4892 adventu
3151 4835 3389 4892 abstulit
3441 4837 3574 4891 bar-

205 4915 471 4986 παρείλετο
536 4919 634 4978 τὰς
702 4913 926 4978 ἐλπίδας
993 4918 1054 4975 ’ὰς
1120 4916 1589 4992 ἐπιστρατεύοντες
1648 4916 1818 4992 εἶχον,

1965 4925 2095 4980 laris
2126 4940 2288 4997 spem
2307 4941 2475 4997 quam
2502 4925 2718 4981 bellum
2734 4925 3033 4982 inferendo
3048 4925 3390 4993 habuerant,
3410 4925 3581 4996 quasi

204 5001 614 5078 ἀπροσδοκήτως
668 5005 875 5082 φανεὶς,
915 5005 1096 5079 ὥσπερ
1146 5006 1348 5081 ἀνάγκῃ
1394 5007 1496 5061 τινὶ
1545 5006 1634 5060 καὶ
1678 5013 1820 5080 τύχῃ

1959 5013 2285 5070 necessitate
2317 5016 2565 5085 quadam
2597 5019 2655 5070 et
2712 5016 2947 5070 fortuna
2993 5015 3179 5070 sortiti
3228 5030 3345 5069 non
3394 5013 3575 5070 alium

208 5096 712 5170 συγκεκληρωμένον
771 5093 901 5167 μηδ’
958 5096 1199 5150 ὁντινοῦν
1267 5093 1449 5168 ἕτερον
1515 5095 1739 5156 τούτους
1790 5095 1824 5164 ἢ

1962 5119 2075 5158 une
2132 5103 2529 5160 adversarium
2579 5121 2643 5159 ac
2713 5104 3143 5161 Chandrenum.
3197 5104 3386 5159 Tanta
3441 5118 3578 5175 ergo

207 5180 500 5257 Χανδρηνὸν
542 5179 690 5258 ἔχειν
748 5184 1059 5240 ἀντίπαλον.
1119 5182 1319 5240 Τοσάδε
1373 5190 1501 5260 γοῦν
1559 5185 1823 5239 κάνταῦθα

1965 5197 1995 5249 ιι
2027 5197 2143 5247 tam
2186 5192 2463 5264 praeclara
2507 5192 2626 5247 illic
2675 5195 2849 5249 etiam
2898 5194 3175 5249 adversus
3227 5208 3326 5247 eos
3375 5192 3581 5248 statuit

207 5272 309 5324 κατ’
371 5273 543 5328 αὐτῶν
612 5267 809 5343 ἔστησε
869 5274 1102 5346 τρόπαια
1166 5274 1256 5328 καὶ
1323 5274 1466 5329 οὕτω
1532 5279 1823 5351 περιφανῆ,

1968 5299 2177 5355 ropaaa,
2208 5298 2365 5338 nunc
2394 5282 2454 5337 in
2495 5283 2709 5337 densos
2735 5283 2931 5337 hostes
2963 5281 3216 5349 irruens,
3247 5297 3404 5337 nunc
3434 5297 3582 5353 pau-

207 5362 289 5412 νῦν
321 5362 413 5432 μὲν
461 5362 680 5436 ἀθρόοις
730 5362 1037 5435 ἐμπίπτων,
1088 5367 1179 5416 νῦν
1231 5361 1276 5417 δ’
1324 5363 1382 5419 ἐκ
1429 5363 1656 5419 πολλῶν
1701 5362 1823 5418 ὀλί-

1974 5388 2038 5428 os
2068 5387 2205 5428 eum
2240 5371 2441 5427 multis
2493 5388 2650 5427 nunc
2697 5371 2911 5427 multos
2951 5388 3082 5426 cum
3130 5371 3332 5443 paucis
3381 5386 3585 5441 aggre-

207 5469 319 5522 γοις
365 5451 453 5505 καί
495 5452 732 5514 πολλοῖς
770 5453 885 5507 κατ’
937 5450 1184 5526 ὀλίγους,
1235 5453 1360 5507 ὥστ’
1409 5450 1599 5524 ᾅδουσί
1651 5455 1744 5528 μὲν
1778 5453 1823 5513 ἐς

1972 5461 2128 5529 .iens,
2144 5460 2317 5516 utilia
2331 5461 2621 5518 celebrent
2635 5478 2818 5533 usque
2832 5477 2986 5518 nunc
2999 5461 3588 5527 Thessali,celebrent

373 5578 926 5671 §a_l_iomero_fliad.
964 5581 1028 5650 Β,
1056 5581 1182 5638 554.
1942 5657 1956 5671 _
2012 5587 2130 5657 (11)
2181 5586 2479 5671 Hercules,
2528 5586 2783 5671 angelus
2833 5603 3041 5671 nempe
3089 5585 3469 5671 Ralgologus,
3498 5586 3591 5671 Ic-

281 5647 875 5727 (ῼὶ-Ρρῖεεοάπεῖχογ.
1142 5725 1154 5727 _
1942 5647 2122 5724 latim,
2187 5674 2289 5714 seu
2348 5647 2785 5727 Gha'ndrenum,
2843 5647 3067 5717 socium
3117 5660 3249 5715 belli
3307 5647 3420 5714 sibi
3453 5647 3592 5711 'ad-

283 5719 389 5787 (l0)
418 5719 792 5780 Chandrenu’s‘
821 5724 1255 5799 intelligendus.
1937 5719 2153 5798 junxit.

512 5824 767 5886 ΡΑτιιοι..
815 5826 924 5887 Gn.
971 5825 1196 5886 CXLV.
3200 5833 3274 5890 l2
