4062 6308
432 342 550 404 363

1744 349 2146 414 THEODULI
2191 347 2537 413 MONACHI

3709 370 3812 430 364

433 493 640 534 omnes
664 477 780 534 fere
808 476 1094 545 homines,
1127 485 1180 534 et
1209 477 1371 534 stetit
1401 479 1569 551 quasi
1610 481 1886 540 columna
1933 501 2074 556 pra:-

2211 487 2347 560 ἱεῦρο
2376 487 2530 539 ταυτὶ
2561 485 2846 558 Θετταλοὶ,
2899 485 3087 559 ᾅδουσι
3149 487 3205 546 δὲ
3255 493 3446 568 σχεδὸν
3493 495 3690 562 πάντες
3736 499 3819 556 ἄν·

434 565 594 623 clara
649 566 710 624 in
765 567 978 623 animis
1045 569 1410 640 singulorum
1491 572 1794 643 memoria,
1837 589 1965 644 qua:
2025 579 2082 630 et

434 657 710 714 victorem
741 656 997 714 illustrat
1027 665 1082 714 et
1109 657 1256 716 alios
1285 658 1360 715 ad
1413 663 1817 718 strenuitatem
1867 662 2079 722 adhor-

437 750 616 804 tatur.

507 943 573 1000 Et
613 942 754 1014 quid
804 941 974 1015 plura
1020 942 1362 1021 edisset-ere,
1399 949 1716 1018 oporteat?
1751 947 1874 1007 Nisi
1921 951 2078 1009 enim

437 1032 744 1089 confestim
803 1049 1004 1104 pacem
1065 1034 1396 1104 petiissent,
1467 1053 1670 1096 omnes
1727 1038 1846 1098 illic
1926 1043 2079 1102 ceci-

435 1122 680 1187 dissent,
737 1122 874 1177 mali
925 1121 1074 1179 male
1117 1123 1440 1196 disperditi.
1503 1127 1668 1185 Tunc
1743 1146 1876 1187 vero
1941 1147 2076 1190 cum

433 1211 733 1269 Thessalis
758 1213 1025 1270 inducias
1069 1213 1356 1283 fecerunt,
1405 1220 1481 1284 et,
1516 1234 1648 1275 cum
1703 1221 2078 1282 Chandrenus

436 1307 738 1372 propterea
786 1303 854 1359 ad
895 1319 1003 1359 nos
1059 1319 1192 1360 cum
1240 1309 1325 1360 tot
1371 1322 1438 1362 ac
1492 1308 1672 1365 tantis
1721 1313 1974 1380 coronis,
2015 1325 2080 1371 ut

435 1391 582 1446 alius
604 1391 898 1458 Hercules,
923 1407 1228 1462 regressus
1249 1399 1422 1465 esset,
1455 1397 1676 1469 seipsos
1709 1401 2078 1460 abstulerunt

435 1499 466 1536 a
497 1481 774 1554 periculo,
811 1487 1075 1539 cessante
1109 1483 1259 1540 bello
1289 1485 1349 1540 in
1383 1501 1496 1558 quo
1535 1489 1776 1546 infausti
1832 1492 2076 1562 fuerant,

435 1575 494 1626 et
526 1569 982 1641 pulcherrimam
1015 1571 1176 1628 illam
1209 1575 1508 1630 victoriam
1535 1578 1858 1636 retulerunt
1889 1584 2079 1638 adver-

439 1676 543 1715 sus
573 1658 791 1716 vicinos
842 1659 1038 1726 Italos,
1088 1661 1186 1732 qui
1252 1668 1449 1719 contra
1489 1681 1588 1721 eo
1631 1683 1765 1723 cum
1831 1675 2081 1740 superbo

441 1753 720 1822 apparatu
771 1751 1097 1818 movebant,
1148 1761 1202 1807 et
1255 1769 1368 1808 non
1420 1761 1644 1811 tantum
1709 1773 1829 1826 eos,
1875 1763 1974 1817 sed
2025 1769 2081 1820 et

2193 576 2402 649 θρωποι
2435 591 2450 608 ⁸
2503 573 2696 644 ἕστηκε
2753 574 2830 647 δὲ,
2893 577 3070 653 ὥσπερ
3123 601 3208 642 τις
3277 583 3452 656 στήλη
3506 592 3813 666 περιφανὴς,

2192 665 2243 720 ἐν
2303 669 2420 720 ταῖς
2477 669 2683 740 ψυχαῖς
2739 667 2974 723 ἑκάστων
3033 671 3066 738 ἢ
3129 675 3344 746 μνήμη,
3424 677 3565 750 ὁμοῦ
3621 665 3680 735 τε
3734 681 3818 735 τὸν

2189 753 2535 830 εἰργασμένον
2567 760 2869 829 κοσμοῦσα,
2909 758 3035 820 τούς
3083 780 3142 814 τε
3185 759 3392 828 ἄλλους
3438 765 3513 827 εἷς
3563 767 3814 842 εὐψυχίαν

2187 842 2594 917 παρακαλοῦσα.

2257 934 2357 990 Καὶ
2413 935 2465 988 τί
2518 931 2600 988 δεῖ
2646 932 2823 990 πλείω
2871 935 3158 1010 ὃιεξιέναις
3209 940 3254 996 εί
3307 944 3381 1016 μή
3435 945 3534 1020 γὰρ
3585 947 3684 1014 τήν
3737 968 3822 1003 τα-

2189 1021 2384 1098 χίστην
2470 1022 2692 1098 εἰρήνης
2773 1023 3138 1100 ἐπεθύμησαν,
3215 1027 3309 1084 κᾶν
3397 1032 3560 1089 αὐτοῦ
3636 1021 3820 1097 πάντες

2184 1109 2399 1182 ἔπεσον,
2458 1114 2614 1168 κακοὶ
2674 1119 2854 1177 κακῶς
2933 1115 3210 1182 όλωλότες
3243 1138 3255 1150 ·
3317 1125 3424 1175 Νῦν
3481 1120 3537 1178 δὲ
3591 1122 3818 1187 σπονδὰς

2185 1202 2320 1276 πρὸς
2387 1202 2688 1266 Θετταλοὺς
2745 1205 3130 1280 ποιησάμενοι,
3191 1209 3277 1264 καὶ
3334 1215 3428 1266 τοῦ
3509 1211 3818 1288 Χανδρηνοῦ

2187 1289 2275 1346 διὰ
2338 1296 2505 1346 ταῦτα
2572 1293 2705 1366 μετά
2768 1293 3042 1351 τοσούτων
3126 1298 3245 1365 καὶ,
3298 1299 3642 1371 τηλικούτων
3720 1309 3821 1360 τῶν

2186 1378 2389 1449 ἄθλων,
2449 1379 2629 1456 ὥσπερ
2682 1383 2826 1447 τινὸς
2880 1383 3230 1461 Ἡρακλέους,
3303 1387 3609 1455 ἐπανιόντος
3667 1395 3822 1466 ἡμῖν,

2187 1476 2321 1549 σφᾶς
2353 1490 2411 1526 τε
2463 1471 2658 1534 αὐτοὺς
2704 1473 2970 1544 ἐξείλοντο
3015 1479 3112 1532 τοῦ
3159 1474 3422 1549 κινδύνον,
3471 1485 3818 1555 πεπαυμένης

2185 1565 2284 1626 τῆς
2345 1562 2532 1637 μάχης
2591 1561 2637 1618 δ’
2676 1563 2742 1634 ἢν
2793 1571 2974 1628 κακῶς
3025 1565 3309 1644 ἔπραττον,
3361 1571 3450 1625 καὶ
3482 1573 3579 1642 τὴν
3627 1573 3829 1629 καλλί-

2190 1671 2318 1721 στην
2360 1653 2448 1706 καὶ
2502 1653 2814 1727 θαυμαστὴν
2875 1654 3078 1726 ἐκείνην
3129 1658 3265 1712 κατά
3318 1663 3426 1714 τῶν
3482 1664 3822 1737 προσχώρων

2191 1736 2415 1794 Ἰταλῶν
2465 1741 2579 1813 (12)
2639 1740 2914 1798 ἀνείλοντο
2972 1744 3150 1815 νίκην,
3215 1747 3347 1819 μετὰ
3399 1749 3493 1821 μὶν
3547 1736 3824 1828 ὑπερηφά-

441 1842 621 1895 totam
653 1838 1014 1895 Thessaliam
1046 1847 1104 1896 et
1133 1843 1524 1899 Macedoniam
1557 1847 1922 1922 confringere
1968 1855 2081 1909 mi-

2211 1848 2285 1884 mo
2318 1837 2658 1904 παρασκευῆς
2715 1830 2899 1896 αὐτοῖς
2954 1833 3239 1904 ἐπιόντων,
3293 1837 3382 1892 καὶ
3437 1839 3514 1910 μή
3565 1837 3649 1893 ὅτι
3701 1839 3827 1894 τού-

446 1923 810 1997 nitabantur,
841 1933 901 1984 et
927 1931 1030 2002 qui
1060 1931 1170 2002 ipsi
1224 1932 1306 1988 ita
1338 1948 1574 2004 prorsus
1605 1937 1882 1996 confracti
1922 1947 2085 2014 sunt,

446 2019 514 2072 ut
543 2032 648 2073 nec
678 2017 905 2088 ignifer,
937 2017 1110 2075 sicuti
1134 2020 1322 2090 aiunt,
1355 2024 1726 2094 superfuerit.

518 2247 659 2302 Cum
693 2249 887 2304 autem
919 2246 1042 2305 haec
1081 2248 1226 2306 bene
1275 2255 1674 2327 succederent,
1707 2259 2090 2322 Chandrenus

445 2335 730 2409 inprimis.
759 2337 888 2393 felix
912 2342 1056 2394 erat.
1083 2341 1240 2406 Quod
1257 2343 1308 2400 si
1331 2343 1455 2402 ﬁeri
1480 2365 1593 2405 non
1617 2355 1842 2422 poterat
1861 2362 1918 2411 ul
1940 2356 2089 2413 bene

448 2427 840 2496 procederent,
854 2428 967 2484 nisi
990 2431 1365 2490 securitatem
1385 2441 1586 2494 essent
1606 2444 2088 2513 conseculi,illam

448 2511 636 2572 autem
691 2533 806 2572 non
856 2517 1197 2576 habuissent
1244 2523 1356 2579 nisi
1409 2541 1500 2582 res
1555 2538 1857 2603 susceptas
1904 2511 2088 2591 relin-

449 2606 708 2696 quendo,
758 2607 1119 2679 reliquerunt
1167 2625 1317 2678 vero,
1383 2614 1728 2676 Chandreno
1803 2639 2091 2696 regresso,

447 2695 791 2752 Chandreno
820 2713 1018 2752 revera
1051 2698 1300 2756 victoria
1344 2701 1471 2759 laus
1495 2705 1798 2766 referenda
1831 2695 1931 2784 qui
1963 2715 2092 2786 ejus

449 2799 688 2840 causam
723 2785 990 2858 praebuit.

521 2885 666 2940 Cum
696 2899 833 2957 ergo
889 2883 974 2941 illi
1031 2891 1228 2944 essent
1285 2889 1468 2963 fugati
1520 2899 1576 2951 et
1633 2897 1740 2954 has
1799 2901 2094 2967 dedissent

450 2973 796 3028 temeritatis
826 2989 1047 3044 poenas,
1081 2993 1208 3048 qute
1240 2977 1298 3032 in
1330 2978 1474 3038 alios
1518 2999 1780 3054 perverse
1827 2991 2095 3050 decreve-

453 3065 586 3115 rant
614 3075 803 3132 agere,
837 3060 956 3117 haec
985 3063 1056 3118 ab
1088 3063 1218 3122 aliis
1249 3065 1362 3138 ipsi
1388 3069 1536 3126 belle
1559 3077 1839 3146 perpessi,
1873 3089 2093 3152 oporte-

451 3149 549 3204 bat
580 3151 823 3204 victores
855 3165 966 3205 non
987 3157 1206 3208 tantum
1236 3171 1531 3214 armorum
1563 3167 1622 3218 et
1652 3149 1961 3236 equorum,
1991 3175 2093 3228 sed

2405 1917 2550 1974 ἀλλὰ
2605 1921 2694 1975 καὶ
2761 1923 3056 1980 Θετταλίαν
3121 1931 3292 1982 πᾶσαν
3351 1925 3440 1982 καὶ
3500 1926 3829 1985 Μακεδονίαν

2198 2005 2565 2064 ἀπειλούντων
2626 2009 2920 2086 ἐκτρίψειν,
2977 2014 3122 2069 οὕτω
3172 2011 3219 2069 δ’
3266 2015 3442 2072 αὐτῶν
3496 2020 3828 2074 παντάπασιν

2197 2093 2573 2172 ἰκτριόέντων,
2633 2101 2708 2163 ὡς
2770 2099 2909 2175 μηδὲ
2965 2102 3266 2180 πυρφόρον,
3338 2107 3402 2162 τὸ
3471 2113 3568 2162 τοῦ
3645 2105 3830 2183 λόγου,

2201 2187 2505 2266 λελεῖφθαι.

2270 2279 2480 2336 Οὐκοῦν
2542 2278 2630 2335 ὅτε
2684 2282 2834 2336 ταῦθ’
2891 2282 3042 2338 οὗτοι
3116 2287 3447 2360 κατώρθουν,
3523 2284 3831 2364 Χανὸρηνὸς

2201 2365 2378 2438 δήπου
2409 2369 2717 2444 κατώρθου.
2765 2371 2826 2427 Εἰ
2865 2373 2968 2446 γὰρ
3009 2372 3116 2448 οὐχ
3154 2373 3266 2430 οἶόν
3313 2396 3372 2431 τε
3421 2381 3554 2454 σφᾶς
3605 2377 3835 2454 εὐτυχῆ-

2201 2477 2289 2512 σαι
2325 2459 2400 2530 μή
2431 2457 2700 2533 τυχόντας
2749 2457 2950 2527 ἀδείας,
2999 2463 3200 2534 ταύτην
3253 2461 3308 2520 δὲ
3339 2464 3442 2521 οὐκ
3474 2466 3533 2521 ἃν
3568 2469 3834 2542 μετέσχον

2205 2547 2280 2619 μή
2313 2551 2416 2600 τῶν
2469 2545 2519 2601 ἐν
2573 2548 2759 2623 χερσὶν
2817 2549 3206 2628 ἀπηλλαχότες
3256 2556 3613 2629 πραγμάτων,
3651 2554 3836 2628 ἀπήλ-

2203 2633 2366 2704 λαξαν
2400 2633 2477 2702 δὲ,
2504 2641 2600 2690 τοῦ
2631 2635 2945 2711 Χανδρηνοῢ
2990 2641 3372 2714 μεταστάντος,
3423 2641 3746 2720 Χανδρηνὸς
3779 2647 3835 2700 ἂν

2204 2723 2288 2796 εἷή
2323 2730 2401 2780 τῶ
2433 2725 2549 2781 ὅντι
2579 2727 2668 2782 καὶ
2706 2735 2804 2797 τῆς
2849 2729 3003 2800 νίκης
3055 2731 3309 2806 ἐργάτης,
3345 2735 3372 2788 ὁ
3401 2734 3488 2788 καὶ
3537 2735 3838 2812 παρασχὼν

2199 2816 2298 2883 τὴν
2333 2815 2502 2870 αἰτίαν
2513 2861 2526 2874 .

2273 2905 2361 2966 *Ως
2394 2901 2449 2959 δὲ
2481 2907 2532 2961 οἱ
2576 2906 2672 2979 μὲν
2719 2910 2836 2982 (13)
2885 2907 3128 2966 ἐκποδὼν
3178 2911 3311 2980 ἦσαν
3369 2915 3458 2968 καὶ
3505 2913 3704 2970 ταότθν
3749 2919 3839 2970 τοῦ

2201 2994 2427 3066 θράσους
2487 2991 2662 3050 ἔτισαν
2723 2993 2902 3068 δίκην,
2963 2998 2994 3054 ἂ
3047 3005 3154 3056 τῶν
3232 2999 3418 3058 ἄλλων
3477 3003 3600 3076 πέρι
3668 3009 3836 3066 κακῶς

2200 3077 2610 3153 ἐϐουλεύσαντο,
2667 3088 2817 3140 ταῦθ’
2878 3089 2966 3143 ὑπ’
3023 3087 3236 3144 ἐκείνων
3294 3091 3445 3148 αὐτοὶ
3507 3091 3700 3157 καλῶς
3749 3113 3830 3149 πε·

2203 3174 2486 3242 πονθότες,
2552 3171 2658 3229 ἔδει
2727 3173 2784 3230 δὲ
2849 3179 2975 3241 τοὺς
3041 3182 3440 3254 κεκρατηκότας
3531 3185 3636 3260 οὐχ
3724 3185 3830 3239 ὅσον

2193 1939 2345 1986 τους,

449 3241 506 3292 et
538 3237 772 3293 urbium
800 3243 856 3294 et
882 3239 1202 3310 regionum,
1236 3248 1295 3300 et
1322 3247 1588 3306 omnium
1623 3269 1750 3323 qua
1786 3255 1900 3314 illis
1932 3268 2091 3318 erant

2211 3259 2392 3316 ὅπλων
2424 3263 2511 3317 καὶ
2541 3261 2752 3334 ἳππων,
2793 3263 2938 3321 ἀλλὰ
2978 3267 3064 3322 καὶ
3115 3267 3331 3324 πόλεων
3381 3270 3468 3324 καὶ
3517 3276 3726 3347 χωρῶν
3756 3269 3838 3327 καὶ

450 3325 721 3382 dominos
752 3327 877 3401 fieri
910 3333 968 3384 et
1001 3335 1198 3401 postea
1242 3333 1364 3390 ha-c
1394 3339 1593 3408 partiri
1647 3341 1798 3400 inter
1826 3349 2088 3421 seipsos;

448 3419 506 3471 et
537 3415 661 3471 haec
693 3417 929 3487 quidem
962 3418 1068 3474 hoc
1103 3423 1272 3479 modo
1305 3426 1503 3496 partiti
1552 3440 1710 3488 sunt.
1745 3435 1852 3498 Qui
1900 3415 1967 3495 ex
2005 3415 2092 3496 Si;

447 3504 580 3560 cilia
609 3509 888 3562 venerant
909 3508 1156 3566 urbibus
1178 3514 1340 3581 potiti
1373 3513 1488 3572 illic
1511 3521 1723 3577 morari
1744 3528 2090 3596 statuerunt,

449 3593 544 3648 hic
572 3608 634 3648 se
655 3595 1081 3652 constituentes
1133 3599 1231 3654 ubi
1289 3609 1456 3660 erant
1503 3615 1870 3668 mortuorum
1931 3593 2094 3688 pueri

453 3685 511 3736 et
539 3683 817 3756 conjuges
843 3709 862 3752 ί
891 3701 1068 3754 equos
1090 3692 1285 3745 autem
1317 3696 1374 3748 et
1411 3711 1570 3752 arma
1599 3704 1656 3754 et
1693 3683 2094 3763 omnem-belli

453 3775 798 3842 apparatum
833 3772 1018 3829 Persae
1049 3775 1402 3837 habuerunt.
1437 3784 1594 3842 Esto.

525 4043 633 4099 Sed
667 4063 797 4103 cum
851 4050 1243 4112 Triballorum
1296 4059 1568 4134 prinCeps
1621 4065 1835 4126 fmdera
1885 4071 2094 4130 Roma-

458 4150 663 4190 norum
695 4139 1101 4228 transgressus
1130 4150 1304 4211 esset,
1337 4153 1394 4204 et
1423 4156 1724 4223 propterea
1745 4158 1916 4228 juxta
1965 4162 2095 4220 Per-

456 4237 549 4276 sas
570 4227 779 4280 morari
797 4230 1064 4299 tentaret,
1100 4234 1254 4303 quod
1292 4243 1580 4297 nostrates
1606 4227 1845 4303 minime
1870 4253 2100 4320 permit-

455 4312 656 4403 tebant
684 4315 813 4384 (nos
843 4319 998 4373 enim
1030 4324 1372 4396 attentavit),
1399 4331 1578 4386 armis
1607 4349 1754 4403 opus
1787 4312 1894 4393 fuit
1913 4346 1968 4396 et
1991 4359 2100 4398 ma-

456 4401 655 4469 nibus,
689 4407 764 4470 et,
809 4408 1086 4480 utrinque
1117 4410 1269 4467 inter
1315 4431 1374 4469 se
1423 4401 1744 4491 conjuncti,
1775 4426 1834 4482 in
1885 4433 2099 4488 monti-

457 4487 564 4544 bus
603 4489 838 4548 illorum
879 4495 1258 4558 dimicabant.
1304 4505 1442 4560 Cum
1493 4487 1896 4580 autempbello
1928 4487 2095 4578 vehe-

2206 3351 2419 3404 πάντων
2474 3356 2580 3406 τῶν
2649 3352 2868 3416 ἐκείνοις
2935 3355 3249 3432 προσόντων
3308 3358 3502 3424 αὐτοὺς
3549 3361 3841 3439 γεγονότας

2205 3441 2424 3516 κυρίους
2485 3439 2646 3496 ἔπειτ’
2715 3464 2767 3497 εν
2834 3445 3011 3523 σφίσιν
3079 3446 3263 3510 αὐτοῖς
3330 3451 3485 3504 ταυτὶ
3552 3449 3843 3519 διελέσθαι,

2206 3527 2476 3586 διείλοντο
2515 3531 2606 3585 καὶ
2645 3536 2812 3587 ταῦτα
2850 3534 3034 3609 τρόπῳ
3074 3534 3290 3610 τοιῷδε.
3329 3539 3396 3597 Οἱ
3449 3540 3542 3613 μὲν
3585 3539 3644 3596 ἐκ
3690 3549 3845 3597 Σικε-

2205 3617 2326 3681 λίας
2385 3619 2725 3693 ὁρμώμενοι,
2786 3625 2880 3686 τὰς
2946 3625 3134 3688 πόλεις
3204 3626 3440 3698 ἑλόντες,
3519 3630 3684 3686 αὐτοῦ
3744 3652 3845 3686 που

2210 3709 2386 3780 μένειν
2438 3707 2510 3763 ἔτ’
2568 3709 2739 3782 ᾤοντο
2793 3710 2924 3784 δεῖν,
2985 3715 3100 3770 ἀντί
3155 3721 3266 3789 τῶνΔ
3303 3716 3680 3775 ἀπολωλότων
3729 3726 3846 3780 ταῖς

2206 3797 2412 3852 τούτων
2455 3799 2659 3872 γυναιξέ
2715 3802 2804 3856 καὶ
2862 3803 3044 3857 παισὶν
3103 3803 3258 3860 αὐτοὶ
3316 3809 3706 3872 καταστάντες·
3759 3807 3845 3864 ’ίπο

2207 3907 2300 3941 ποι
2333 3884 2390 3941 δὲ
2429 3888 2518 3944 καὶ
2572 3888 2738 3960 ὅπλα,
2783 3889 2872 3947 καὶ
2923 3892 3067 3947 πὰσά
3109 3915 3190 3956 τις
3238 3896 3374 3968 πρὸς
3429 3897 3614 3976 μάχην
3672 3919 3846 3972 παρα-

2210 3976 2658 4052 σκευὴ,-Πέρσαις
2683 3979 2750 4048 ἦν
2781 3980 2914 4054 (14).
2949 3982 3089 4042 Εἶεν,

2280 4069 2386 4122 Τοῦ
2427 4063 2483 4120 δὲ
2529 4064 2851 4141 Τριϐαλλῶν
2912 4073 3177 4149 ἄρχοντος
3237 4077 3350 4147 (l5)
3397 4077 3465 4130 τὰ
3521 4075 3656 4149 πρὸς
3708 4081 3846 4132 Ῥω-

2213 4153 2409 4226 μαίους
2450 4156 2804 4228 ἠθετηκότος,
2857 4161 2942 4212 καὶ
2993 4159 3080 4214 διὰ
3135 4167 3296 4217 τοῦτο
3346 4167 3444 4218 τοῦ
3495 4163 3589 4235 μὲν
3641 4167 3854 4240 Πέρσας

2209 4244 2332 4320 περὶ
2375 4246 2727 4302 ὑποκίσασθαι
2773 4249 2882 4320 (l6)
2931 4253 3296 4324 πειρωμένου,
3328 4258 3437 4308 τῶν
3477 4251 3522 4308 δ’
3563 4255 3857 4331 ἡμετέρων

2211 4335 2387 4404 ἥκιστ’
2458 4336 2668 4393 ἐώντων
2733 4337 2842 4412 (ἐπὶ
2911 4342 3014 4417 γὰρ
3078 4345 3236 4416 ἡμῶν
3298 4343 3593 4420 ἐπειρᾶτο),
3663 4347 3859 4402 ὅπλων

2209 4422 2394 4495 ἐδέησε
2440 4429 2529 4480 καὶ
2561 4433 2788 4504 χειρῶν,
2845 4431 2956 4500 καὶ,
3015 4428 3381 4504 ξυμϐαλὸντες
3442 4432 3742 4510 ἀλλήλοις,
3805 4436 3860 4490 ἰν

2209 4519 2324 4575 τοῖς
2360 4513 2574 4572 ἐκείνων
2626 4518 2800 4593 ὁρίοις
2850 4518 3146 4594 ἐμάχοντο.
3181 4527 3288 4580 Τοῦ
3319 4520 3376 4578 δὲ
3425 4524 3674 4598 πολέμου
3724 4545 3858 4599 καρ-

458 4583 686 4636 menter
720 4580 977 4655 incenso,
1030 4586 1261 4647 barbari
1344 4597 1656 4667 asperitate
1729 4605 1986 4676 regionis
2044 4616 2091 4667 el

2661 4580 2669 4593 .
2881 4580 2891 4592 .
2965 4580 3002 4594 ,ν
3569 4580 3580 4598 ι
3751 4580 3812 4599 ί.

2217 4609 2375 4679 τεροῦ
2435 4607 2784 4681 γιγνομένου,
2840 4609 2928 4664 καὶ
2985 4615 3092 4665 τῶν
3175 4611 3268 4683 μὲν
3333 4609 3618 4689 βαρϐάρων
3673 4619 3746 4690 τῇ
3808 4637 3870 4670 τε

454 4684 663 4725 eorum
679 4675 1222 4741 consuetudinibus,
1243 4682 1513 4740 maximis
1534 4675 1811 4758 equidem?
1827 4695 2106 4756 adversus

455 4771 560 4812 nos
607 4758 991 4830 adjumentis,
1025 4769 1348 4836 uterentur,
1388 4778 1445 4827 et
1495 4775 1642 4832 nihil
1693 4782 1914 4850 paciﬁci
1947 4788 2102 4858 cogi-

459 4851 669 4916 tarent,
706 4865 810 4905 nos
842 4867 972 4906 vero
996 4852 1123 4922 jam
1175 4857 1246 4911 ad
1293 4859 1438 4916 nihil
1491 4881 1756 4924 essemus
1796 4851 2106 4932 adducti'et

457 4935 512 4987 in
545 4939 832 5008 angustiis
861 4943 1176 5014 staremus,
1209 4944 1289 5002 ita
1320 4947 1440 5005 hac
1486 4959 1770 5015 convertit
1815 4961 2102 5022 Chandre-

463 5040 597 5092 nus,
629 5043 783 5083 nunc
817 5045 918 5101 per
941 5031 1221 5091 militares
1251 5035 1593 5112 industriae,
1647 5065 1801 5106 nunc
1847 5069 1948 5124 per
1989 5071 2106 5112 ma-

529 5215 1023 5312 (ίξλρυοεχοοαι
1053 5228 1420 5312 προσχώρους
1443 5231 1688 5298 Ἰταλοὺς
1727 5239 1907 5298 Latini
1948 5255 2099 5312 sunl,

457 5287 778 5382 Bunkerio“
794 5287 1154 5382 ﬁt-thenarulm
1191 5287 1346 5382 Δ’1)ιὴτὶ
1394 5287 1686 5382 parentes;
1715 5287 2102 5382 ᾇιῖὀξέἳῖέὶ

457 5359 858 5487 ξεῗξοηιίθὸοωὰο
889 5365 1109 5440 ingenti
1153 5374 1336 5430 statos
1382 5359 1574 5434 narrat
1606 5359 2098 5455 _G,rgg:ovrasuﬂisl.

673 5469 862 5594 ξδρίφ
895 5509 1116 5594 scilicet
1152 5516 1334 5594 Latini
1367 5519 1643 5594 principis
1675 5526 1974 5586 Gualterii.

533 5574 642 5642 (14)
678 5574 854 5662 Erant
881 5581 1030 5636 enim
1067 5585 1236 5641 Turci
1271 5590 1326 5644 in
1363 5574 2106 5666 ἰιιείὲιῷξάῆὧῖζὸὶὶαιι-

460 5660 670 5701 norum
705 5663 890 5706 eocll..

2216 4693 2520 4768 τραχύτητι
2561 4700 2654 4751 τοῦ
2697 4697 2908 4772 χωρίου
2949 4703 3024 4770 τῷ
3061 4721 3118 4754 τε
3167 4703 3412 4774 ξυνήθεις
3461 4703 3657 4766 αὐτοὺς
3699 4706 3864 4767 εἶναι,

2221 4785 2495 4861 μεγίστοις
2571 4787 2932 4861 ὁρμητηρίοις
3018 4791 3135 4844 καθ’
3204 4793 3385 4864 ἡμῶν,
3472 4793 3862 4868 κεχρημένων,

2215 4873 2302 4926 καὶ
2358 4871 2574 4947 μέτριον
2623 4873 2792 4948 μηδὲν
2838 4875 3154 4946 ἐνοούντων,
3204 4881 3362 4952 ἡμῶν
3412 4879 3460 4936 δ’
3509 4881 3584 4944 εἷς
3629 4884 3692 4938 τὸ
3747 4906 3864 4956 μη-

2217 4957 2300 5016 δέν
2355 4960 2463 5034 ἤδη
2523 4964 2851 5038 χωρούντων
2908 4967 2996 5022 καὶ
3049 4973 3166 5031 τοῖς
3223 4967 3378 5032 ὅλοις
3447 4971 3862 5046 ἀπορουμένων,

2215 5049 2358 5106 οὕτω
2416 5057 2581 5108 ταῦτα
2637 5055 2952 5129 περιέστησε
2999 5061 3111 5132 (17)
3165 5057 3498 5134 Χαρδρηνὸς,
3548 5067 3708 5116 τοῦτο
3765 5065 3865 5137 μὲν

2285 5257 2404 5332 (l5)
2435 5257 2576 5332 Xide
2608 5258 2844 5332 Niceph.
2888 5261 3202 5332 Gregoram
3237 5263 3380 5320 Hist.
3417 5280 3514 5332 vu,
3537 5265 3592 5326 8,
3629 5265 3678 5318 1.

2283 5327 2522 5424 $1.0)Sig
2557 5330 2684 5384 cod.
2735 5331 2883 5424 Qluic’i
2918 5327 3236 5424 scripserit
3287 5327 3511 5392 auctor'
3540 5353 3691 5392 nunc
3751 5353 3872 5392 non

2213 5399 2446 5475 extr-iro.
2485 5400 2652 5475 FQrsa
2664 5419 2706 5475 η,
2728 5401 2878 5475 πέριξ
2913 5399 3289 5462 ὐποκίσασθαι.

2282 5469 2412 5546 (17),
2434 5475 2507 5523 An
2539 5473 2656 5526 haec
2687 5469 2990 5530 Servorum
3024 5494 3088 5531 ac
3117 5478 3433 5534 Turcorum
3464 5494 3596 5534 eum
3630 5480 3868 5546 Grecis,

2218 5537 2562 5619 Qhandreno
2613 5546 2780 5619 duce,
2829 5563 3024 5619 pugna
3095 5550 3168 5604 ab
3237 5549 3524 5607 historicis
3583 5537 3875 5606 memora;

2217 5614 2311 5690 τοις
2357 5616 2574 5690 ignoro,
2637 5617 2796 5688 Silet,
2829 5614 3003 5690 quam
3053 5636 3236 5676 unum
3293 5637 3447 5677 nunc
3497 5623 3566 5678 ad
3623 5637 3868 5678 manum

2216 5679 2420 5747 haberi,
2455 5679 2754 5758 Gregoras,
2783 5679 2915 5747 silet
2945 5698 3019 5759 el,
3053 5707 3227 5763 quem
3251 5693 3476 5765 inspexi
3520 5694 3660 5750 Ame
3690 5690 3844 5748 Ihon
