4062 6308
281 346 398 411 365

1455 350 1746 413 ORATIO
1791 353 1942 414 PRO
1987 354 2488 416 CHANDRENO.

3557 356 3676 418 366

282 489 656 559 στρατηγικαῖς
715 484 1002 549 ἐπινοίαις,
1061 491 1222 542 τοῦτο
1282 484 1340 541 δὲ
1398 491 1602 560 χειρῶν
1681 486 1915 559 εὐψυχία

2060 506 2144 544 ius
2169 491 2568 546 strenuitatem
2583 494 2642 546 et
2655 489 2956 546 audaciam
2969 492 3044 557 ,et
3063 489 3226 544 solus
3238 489 3436 546 omnia
3457 507 3678 562 susque

280 575 365 628 καί
419 573 620 648 τόλμῃ,
651 575 742 629 καὶ
799 581 878 644 τῷ
937 577 1101 648 μόνος
1159 573 1265 630 ἅνω
1310 577 1396 630 καὶ
1448 576 1596 629 κάτω
1656 576 1766 628 θεῖν
1823 577 1912 628 καὶ

280 661 756 737 παρακελεύεσθαι,
779 665 868 719 καὶ
921 661 1102 741 ἔργοις
1150 667 1240 720 καὶ
1289 665 1479 740 λόγοις
1529 663 1694 737 μόνος
1733 662 1913 718 ὥσπεό

279 758 434 808 πᾶσιν
478 753 730 826 ἐμπνεῖν,
789 754 877 809 καὶ
937 757 1074 829 πρὸς
1141 759 1398 810 τοσοῦτον
1459 753 1661 824 ἤλασεν
1720 754 1914 827 ἀρετῆς

279 863 334 897 τε
379 842 466 896 καὶ
515 843 722 918 τόχης,
754 842 880 899 ὥστ’
910 844 972 899 οὐ
1006 845 1170 917 μόνον
1197 844 1292 908 τὰς
1319 850 1419 912 τῆς
1465 844 1620 913 νίκης
1665 840 1911 909 ἐλπίδας,

281 929 421 987 ἀλλά
465 932 554 986 καί
600 932 696 993 τὰς
735 931 901 988 αὐτοῦ
948 937 1046 988 τοῦ
1081 937 1177 1006 ζῇν
1213 931 1399 1012 σφόδρ’
1432 933 1620 994 αὐτοῖς
1652 931 1915 1005 περιεῖλε,

281 1025 380 1076 τῶν
416 1023 512 1094 μὲν
561 1021 777 1076 οἰκείων
829 1020 995 1095 μηδὲν
1043 1017 1464 1092 ἀποϐεϐληκὼς,
1494 1026 1603 1076 τῶν
1645 1017 1701 1076 δὲ
1747 1021 1916 1076 πολε-

285 1111 418 1182 μίων
469 1110 602 1173 τοὺς
663 1112 757 1182 μὲν
793 1110 1036 1173 ’πλείους
1090 1109 1518 1187 διειργασμένος,
1579 1110 1914 1184 τραυματίας

283 1196 336 1254 δί
362 1200 452 1254 καὶ
483 1196 726 1278 φυγάδας
752 1199 878 1260 τοὺς
911 1199 1137 1262 λοιποὺς
1167 1201 1538 1274 εἰργασμένος.

349 1286 576 1357 Ἐπειδή
644 1295 776 1344 πᾶσι
841 1290 1057 1352 τούτοις
1132 1287 1248 1344 ὂὲον
1304 1290 1466 1344 αὐτὸν
1534 1290 1915 1365 στεφανοῦσθαι

280 1378 363 1433 καὶ
420 1382 601 1451 γερῶν
657 1376 976 1447 ἀπολαύειν,
1034 1377 1124 1432 xvi
1181 1377 1368 1432 τοῦτόν
1455 1399 1513 1431 τε
1590 1377 1774 1443 αὐτὸν,
1831 1379 1922 1430 καὶ

283 1467 529 1528 πολλοὺς
583 1468 798 1540 ἑτέρους
859 1464 930 1520 δι’
985 1466 1168 1537 αὐτὸν,
1213 1468 1464 1541 πράττειν
1513 1464 1588 1531 εῦ,
1634 1468 1661 1520 ὁ
1720 1463 1775 1520 δὲ
1832 1465 1922 1518 καὶ

286 1556 792 1632 προσαπεστέρηται
845 1560 953 1610 τῶν
1000 1555 1194 1624 ὄντων,
1246 1553 1429 1630 ὥσπερ
1473 1577 1555 1617 τις
1605 1556 1671 1608 τὰ
1722 1550 1925 1632 ἔσχατα

283 1643 776 1718 πεποντιρευμένος.
827 1645 955 1712 Καὶ,
1006 1644 1052 1698 εἴ
1104 1644 1200 1717 μὲν
1269 1643 1563 1717 προδοσίας
1613 1643 1781 1710 ἑάλω,
1828 1643 1927 1697 οὐκ

285 1731 376 1789 οἶδ’
407 1735 439 1790 ὅ
499 1755 552 1787 τι
617 1738 800 1806 μεῖζον
862 1732 920 1788 ἃν
982 1733 1301 1789 ἐπεπόνθει·
1333 1739 1421 1787 νῦν
1481 1731 1527 1787 δ’
1581 1733 1710 1807 ὑπὲρ
1762 1735 1922 1806 ἡμῶν

2024 578 2210 650 deque
2241 580 2471 636 mittere
2503 579 2885 645 adhortando,
2919 590 2971 634 et
3004 577 3165 633 solus
3196 579 3344 634 actis
3394 583 3454 634 et
3485 581 3678 636 verbis

2023 667 2188 739 quasi
2228 685 2434 724 omnes
2492 668 2857 738 inspirando,
2919 672 2975 722 et
3032 668 3102 722 ad
3155 672 3386 723 tantum
3439 669 3676 724 virtutis

2023 773 2090 812 ac
2123 757 2363 814 fortuna;
2386 759 2668 823 ascendit,
2705 762 2766 812 ut
2797 775 2912 812 non
2950 756 3142 813 solum
3184 757 3458 824 victorias,
3491 759 3592 814 sed
3622 764 3682 814 et

2024 845 2214 917 ipsius
2241 849 2368 902 vitae
2397 864 2559 917 spem
2595 847 2712 902 illis
2735 847 2968 918 penitus
2999 845 3330 910 abstulerit,
3362 853 3418 902 et
3448 847 3676 902 nullum

2027 951 2095 990 ex
2151 936 2276 991 suis
2333 937 2620 1005 amiserit,

2708 935 2846 990 dum
2917 935 3109 990 hostes
3169 934 3474 1008 plerosque
3521 937 3674 991 ferro

2029 1025 2261 1091 delevit,
2292 1026 2378 1081 vel
2412 1025 2745 1081 vulneratos
2777 1025 2836 1079 in
2872 1027 3065 1096 fugam
3099 1025 3288 1080 vertit.

2101 1296 2245 1349 Cum
2275 1299 2470 1348 autem
2502 1291 2818 1362 oportuerit
2845 1289 3012 1344 illum
3053 1289 3144 1344 his
3185 1288 3459 1344 omnibus
3504 1303 3679 1343 coro-

2032 1388 2157 1442 nari
2189 1391 2245 1440 et
2272 1383 2525 1455 pramiis
2559 1383 2798 1452 perfrui,
2833 1385 2889 1433 et
2917 1381 3132 1448 ipsum.
3165 1384 3218 1434 et
3252 1379 3468 1433 multos
3528 1376 3676 1432 alios

2033 1492 2136 1548 per
2164 1475 2382 1545 ipsum,
2416 1470 2717 1526 beneﬁciis
2747 1471 2966 1535 ornari,
3011 1468 3263 1539 propriis
3307 1468 3400 1522 hic
3447 1466 3680 1521 exuitur

2034 1565 2203 1619 bonis
2225 1579 2394 1633 quasi
2439 1559 2642 1613 ultima
2672 1557 2890 1613 scelera
2926 1562 3333 1628 perpetrasset.
3365 1555 3454 1622 Et,
3478 1557 3525 1610 si
3550 1572 3680 1623 pro-

2033 1654 2271 1710 ditionis
2293 1667 2426 1708 reus
2450 1650 2675 1713 fuisset,
2703 1647 2894 1701 nescio
2927 1664 2997 1700 an
3037 1647 3268 1716 gravius
3300 1645 3438 1715 quid
3475 1659 3682 1714 passus

2036 1745 2198 1799 foret.
2225 1743 2528 1809 Postquam
2560 1745 2749 1794 autem
2782 1753 2885 1808 pro
2918 1735 3086 1790 nobis
3135 1740 3193 1789 et
3240 1734 3456 1788 nostris
3508 1733 3684 1788 rebus

284 1824 364 1878 καὶ
420 1828 538 1878 τῶν
601 1821 886 1898 ⁴ἡμετέρων
943 1824 1274 1899 πραγμάτων
1333 1823 1382 1878 ἐν
1438 1825 1593 1878 παντὶ
1641 1827 1721 1893 τῷ
1747 1842 1927 1895 παρα-

2062 1851 2096 1887 n
2126 1831 2284 1888 omni
2311 1827 2610 1886 occasione
2645 1825 3016 1898 prmclariora
3049 1824 3434 1894 prasentibus
3467 1827 3525 1876 et
3571 1836 3686 1876 caa-

287 1913 466 1988 σχόντι
524 1913 902 1986 φαινερώτατα
952 1913 1057 1968 τῶν
1108 1934 1166 1968 τε
1213 1917 1304 1967 νῦν
1351 1918 1459 1968 τῶν
1490 1933 1547 1967 τε
1577 1911 1763 1966 ἄλλων
1797 1913 1931 1965 παν-

284 2023 380 2057 των
438 2000 852 2075 ἠγωνισμένος,
882 2001 971 2055 καὶ
1034 2003 1268 2074 μονονοὺ
1325 2003 1627 2075 προέμενος
1685 2002 1783 2069 τὴν
1831 2003 1929 2073 ψυ-

295 2092 414 2165 χὴν,
476 2087 668 2144 ἔπειτα
722 2089 887 2151 κακὸς
949 2089 1082 2144 εἶναι
1137 2088 1306 2160 δοκεῖ,
1365 2091 1393 2144 ὁ
1450 2089 1577 2152 τοὺς
1627 2089 1713 2142 ὑπ’
1773 2087 1931 2141 αὐτὸν

299 2178 628 2253 στρατιώτας
680 2185 779 2248 τῆς
827 2199 886 2234 τε
932 2177 1110 2248 ἄλλης
1157 2179 1244 2234 καὶ
1291 2176 1358 2248 δὴ
1422 2178 1512 2232 καὶ
1559 2184 1658 2245 τῆς
1708 2177 1760 2238 ἐς
1808 2176 1932 2236 τοὺς

300 2271 602 2345 πολεμίους
645 2269 961 2340 ἀπαλλάξας
1013 2270 1221 2338 κακίας,
1273 2270 1362 2325 καὶ
1421 2271 1605 2331 πείσας
1660 2271 1752 2324 τὸν
1805 2269 1934 2340 ὑπὶρ

299 2372 380 2434 τῆς
435 2370 640 2432 κοινῆς
682 2362 975 2437 ἀσφαλείας
1021 2365 1241 2418 θάνατον
1296 2364 1690 2438 προτιμότερον
1736 2359 1934 2435 κρίνειν

302 2461 380 2522 τῆς
423 2452 858 2528 Ἀργανθονίκου
919 2459 1086 2522 ζωῆς.
1143 2452 1239 2507 Καὶ
1313 2455 1448 2526 πρὸς
1511 2454 1601 2522 μὲν
1669 2451 1762 2513 οὓς
1812 2451 1934 2504 ἑκά-

311 2565 438 2599 στοτε
525 2543 888 2617 παρετάξατο,
961 2540 1124 2619 ἄνδρα
1213 2542 1408 2618 ἀγαθὸν
1492 2545 1662 2596 πάντα
1745 2545 1936 2594 τοῦτον

311 2635 559 2708 ἡγοῦνται
591 2631 682 2686 καὶ
714 2631 1076 2704 θαυμάζουσι,
1106 2631 1196 2686 καὶ
1225 2636 1342 2693 τοῖς
1380 2651 1436 2686 τε
1485 2629 1673 2705 ἔχουσι
1708 2629 1939 2703 συγχαί-

305 2743 465 2796 posci,
528 2721 680 2799 σφίσι
733 2742 793 2776 τε
859 2721 1042 2782 αὐτοῖς
1118 2722 1398 2782 τοιούτους
1468 2718 1532 2790 δή
1593 2740 1740 2780 τινας
1797 2717 1940 2792 ἔχειν

300 2816 692 2886 συνεύχονταιο
753 2812 916 2882 ἡμεῖς
975 2806 1052 2879 δὲ,
1112 2809 1158 2864 εἰ
1218 2806 1388 2881 μηδὶν
1446 2806 1608 2875 ἄλλο,
1661 2805 1790 2880 μηδ’
1848 2807 1939 2869 οὖς

297 2902 424 2976 ὑπὲρ
498 2903 665 2972 ἡμῶν
722 2897 1011 2960 πλείστους
1059 2919 1117 2953 τε
1171 2898 1259 2954 καὶ
1317 2897 1647 2959 καλλίστους
1713 2898 1940 2973 ἤνεγκεν

290 2988 500 3050 ἄθλους
562 2988 656 3042 καὶ
711 2990 810 3056 τήν
859 2984 948 3041 διὰ
1003 2988 1214 3041 πάντων
1271 2988 1584 3059 θαυμαστὴν
1658 2984 1940 3059 εὐψυχίαν,

289 3081 383 3148 τὴν
451 3081 594 3153 γοῦν
653 3076 797 3151 παρά
851 3075 1063 3151 ἐχθρῶν
1129 3075 1448 3150 μαρτυρίαν,
1507 3075 1580 3136 ὡς
1641 3073 1804 3142 εΐκὸς,
1858 3073 1943 3128 αὶ·-

289 3166 599 3236 δεσθέντες,
659 3165 724 3219 οὐ
775 3159 1122 3238 βεϐαιοτέραν
1180 3165 1379 3234 ταύτην
1436 3167 1543 3218 τῶν
1594 3166 1942 3239 συκοφαντῶν

288 3259 630 3331 νομιοῦμεν,
663 3251 812 3308 ἀλλά
867 3253 1326 3330 καταγνωσόμεθα
1387 3252 1697 3327 μοχθηρίαν
1757 3252 1946 3319 αὐτοῦ,

290 3347 372 3412 ὂν,
406 3344 463 3400 εἷ
510 3345 589 3416 μή
643 3342 913 3416 λαμπρῶς
962 3342 1300 3415 ἐπαινοῖμεν,
1335 3341 1650 3420 μοχθηρίαν
1704 3347 1806 3403 πᾶς
1865 3361 1946 3402 τις

291 3434 350 3490 ἃν
383 3437 561 3507 ἡμῶν
595 3430 945 3507 καταγνοίης.

365 3523 450 3579 Σίι
513 3519 572 3576 δὲ
635 3521 901 3595 μάχεσθαι
963 3521 1057 3594 μὲν
1130 3522 1219 3575 καὶ
1293 3520 1549 3592 πολεμεῖν
1618 3524 1735 3583 τοῖς
1791 3518 1949 3580 αὐτὸς

293 3616 526 3680 σαυτοῦ,
561 3611 648 3665 καὶ
699 3614 882 3672 κακῶς
925 3616 1100 3665 ποιεῖν
1150 3609 1183 3664 ἃ
1225 3612 1408 3671 καλῶς
1450 3611 1665 3664 πάντων
1714 3607 1953 3682 μάλιστα

297 3704 528 3780 βούλει,
564 3701 664 3757 οὐκ
717 3700 778 3756 ἃν
839 3698 1013 3770 δέξαιο
1037 3719 1050 3731 ⁹
1085 3699 1174 3756 ἐὰν
1228 3699 1272 3756 δ’
1305 3700 1337 3754 ’ἀ
1379 3699 1626 3775 λέγουσιν
1656 3697 1805 3753 οῦτοι
1836 3719 1952 3753 πει·

294 3797 436 3867 σθῇς
493 3790 587 3845 καὶ
642 3791 710 3845 τά
767 3793 874 3845 τῶν
938 3791 1216 3866 βασκάνων
1294 3789 1538 3862 στόματα
1594 3793 1778 3862 περιῇ,
1839 3792 1954 3848 πῶς

298 3885 403 3940 οῦκ
439 3882 604 3945 αὐτὸς
643 3886 804 3936 τοῦτο
844 3883 1124 3950 ποιήσεις,
1155 3881 1243 3935 καὶ
1287 3883 1672 3954 στμμαχήσεις
1725 3881 1955 3951 ὡσπερεὶ

296 3980 425 4037 τοῖς
493 3970 738 4046 ἐχθροῖς,
773 3969 806 4024 ’ὰ
856 3969 1030 4048 σφίσιν
1093 3968 1273 4032 αὐτοῖς
1322 3971 1644 4042 συνεύξαιντ⁹
1679 3969 1738 4024 ἃν
1785 3970 1956 4036 οὗτοι,

299 4067 469 4119 ταῦτ’
527 4061 686 4122 αὐτὸς
745 4059 797 4115 ἐν
857 4059 1070 4122 τούτοις
1127 4058 1340 4128 τελῶν;
1399 4062 1490 4122 Τίς
1548 4061 1649 4135 γὰρ
1709 4055 1784 4114 ἔθ’
1826 4059 1956 4130 ὑπὲρ

304 4175 406 4209 σου
492 4149 791 4225 προθύμως
861 4151 1186 4226 ἀγωνιεῖται,
1245 4151 1335 4204 καὶ
1393 4145 1789 4222 παραϐαλεῖται
1865 4150 1960 4220 μὶν

303 4243 453 4315 πρὸς
512 4235 817 4300 κινδύνους,
853 4239 1246 4315 ὑπερφρονήσει
1304 4235 1360 4293 δὲ
1414 4244 1513 4306 τῆς
1573 4243 1738 4307 ζωῆς,
1789 4238 1964 4292 πάντα

307 4328 367 4386 δὲ
396 4327 589 4385 τᾶλλα
619 4323 840 4401 δεύτερα
871 4331 975 4402 φοῦ
1022 4333 1226 4398 νομιεῖ,
1259 4329 1401 4400 ὁρῶν
1447 4328 1538 4383 τὸν
1585 4332 1691 4382 τῶν
1731 4327 1966 4399 στράτη-

306 4424 432 4494 γῶν
491 4415 734 4491 ἄριστον,
769 4416 908 4489 μετά
962 4416 1054 4476 τὰς
1114 4414 1329 4478 πολλὰς
1359 4415 1449 4470 καὶ
1489 4415 1732 4492 μεγάλας
1785 4414 1964 4488 μάχας
2003 4416 2008 4421 ’

304 4493 402 4563 καί
455 4506 696 4578 τρόπαια
745 4506 834 4559 καὶ
884 4502 1009 4566 τοὺς
1058 4503 1428 4578 ἀνῃρημένους
1487 4502 1814 4578 βαρϐάρους,
1879 4493 1967 4557 ὑπ’

2042 1922 2183 1977 teris
2204 1919 2478 1977 omnibus
2499 1914 3126 1972 certaminacommisit
3141 1917 3438 1968 ettantum
3461 1927 3575 1966 non
3599 1911 3684 1964 vi-

2042 2016 2161 2066 tam
2184 2009 2430 2074 devovit,
2455 2012 2589 2061 tunc
2609 2005 2660 2060 is
2682 2019 2986 2074 perversos
3009 2002 3235 2058 videtur
3255 2001 3354 2071 qui
3404 2015 3542 2054 suos
3585 1999 3684 2054 mi-

2043 2097 2176 2154 lites
2205 2097 2276 2151 ab
2309 2095 2556 2151 aliorum
2588 2109 2655 2148 ac
2683 2092 2942 2148 hostium
2968 2089 3344 2161 perversitate
3378 2086 3678 2158 propulsa-

2044 2189 2143 2254 vit,
2175 2191 2230 2240 et
2259 2184 2342 2240 eis
2366 2183 2556 2239 suasit
2596 2186 2842 2237 mortem
2873 2197 2971 2251 pro
3005 2179 3270 2235 omnium
3303 2177 3488 2232 salute
3521 2192 3689 2231 acce-

2046 2281 2205 2348 ptam
2230 2273 2510 2346 potiorem
2525 2288 2652 2326 esse
2675 2269 2998 2324 ducendam
3011 2266 3451 2338 Arganthonica
3473 2265 3605 2319 vita.
3621 2265 3694 2319 Et

2048 2379 2251 2421 omnes
2278 2367 2478 2418 contra
2509 2376 2655 2432 quos
2687 2358 2903 2430 ubique
2933 2356 3272 2423 decertavit,
3295 2355 3464 2410 illum
3499 2354 3688 2410 virum

2047 2456 2268 2510 bonum
2296 2457 2536 2506 censent
2576 2454 2632 2506 et
2681 2447 2991 2515 mirantur,
3017 2451 3076 2501 et
3126 2445 3242 2500 illis
3272 2447 3369 2515 qui
3421 2459 3556 2498 eum
3589 2442 3695 2496 ha-

2049 2546 2185 2600 bent
2213 2540 2717 2614 congratulantur,
2749 2542 2808 2593 et
2839 2535 3012 2592 talem
3042 2535 3232 2590 virum
3283 2533 3538 2604 sibiipsis
3567 2547 3694 2587 esse

2048 2636 2324 2691 exorant:
2358 2647 2464 2685 nos
2493 2645 2648 2694 vero,
2683 2627 2794 2683 nisi
2820 2624 2976 2681 aliud
3005 2624 3346 2696 quidquam,
3370 2638 3476 2676 nec
3508 2621 3694 2675 multa

2049 2742 2115 2780 ac
2146 2721 2537 2796 pulcherrima
2565 2735 2690 2790 quas
2721 2733 2822 2788 pro
2855 2715 3024 2771 nobis
3056 2711 3294 2784 pertulit
3325 2711 3456 2782 prel
3489 2718 3611 2778 a,et
3633 2710 3692 2766 in

2049 2813 2319 2870 omnibus
2352 2811 2677 2865 mirandam
2709 2805 3136 2869 slrenuitatem,
3169 2801 3380 2857 saltem
3422 2799 3693 2856 inimico-

2051 2919 2176 2958 rum
2209 2897 2634 2963 testimonium,
2661 2900 2723 2950 ut
2771 2912 2873 2966 par
2915 2898 3019 2960 est,
3071 2890 3321 2955 reveriti,
3371 2904 3565 2944 nonne
3591 2886 3692 2943 illo

2053 2989 2283 3046 ﬁrmius
2315 3004 2440 3044 esse
2469 2987 2959 3042 calumniatorum
2993 2979 3398 3036 testimonium
3447 2977 3694 3032 arbitra-

2052 3082 2266 3148 bimur,
2298 3079 2398 3134 sed
2428 3093 2564 3132 eum
2605 3073 3015 3132 accusabimus
3064 3067 3466 3141 perversitatis,
3521 3082 3694 3138 quem

2054 3172 2102 3226 si
2135 3188 2247 3225 non
2283 3167 2555 3240 praeclare
2588 3166 2914 3232 laudemus,
2950 3179 3055 3217 nos
3105 3158 3353 3231 quisque
3411 3154 3692 3228 perversi-

2057 3263 2192 3319 tatis
2223 3256 2568 3316 accusaret?

2131 3531 2217 3586 Tu
2250 3527 2522 3600 equidem
2555 3523 2828 3578 adversus
2859 3519 3106 3587 teipsum
3157 3526 3414 3584 pugnare
3460 3525 3526 3565 ac
3575 3521 3702 3562 cer-

2061 3624 2202 3687 tare,
2235 3598 2465 3673 et‘male
2504 3628 2670 3683 agere
2700 3625 2826 3682 quis
2857 3606 3104 3661 maxime
3134 3603 3398 3658 omnium
3430 3598 3515 3654 vis
3559 3598 3706 3652 bene

2064 3724 2260 3783 gerere
2292 3723 2404 3761 non
2439 3702 2800 3776 permitteres
2825 3715 2837 3752 :
2859 3697 2909 3751 si
2940 3703 3129 3750 autem
3153 3707 3283 3762 quae
3313 3688 3410 3744 isti
3441 3688 3643 3742 dicunt
3674 3701 3708 3740 α

2069 3779 2120 3856 te
2165 3815 2266 3869 pro
2313 3799 2466 3850 certo
2514 3791 2841 3847 habeantur
2888 3790 2945 3840 et
2992 3779 3482 3838 calumniatorum
3540 3788 3708 3830 voces

2069 3860 2434 3963 praivaleant,
2467 3879 2754 3950 quomodo
2796 3880 2900 3930 hoc
2922 3873 3046 3944 ipse
3079 3887 3193 3925 non
3227 3867 3418 3936 facies,
3451 3869 3511 3920 et
3543 3860 3710 3935 quasi

2070 3956 2170 4053 pro
2218 3972 2468 4032 inimicis
2512 3965 2841 4032 dimicabis,
2887 3978 3011 4033 qua:
3059 3957 3440 4027 sibimetipsis
3469 3956 3714 4025 exopta-

2071 4041 2186 4124 renl
2233 4064 2353 4128 isti,
2405 4063 2522 4118 haec
2571 4059 2695 4128 ipse
2742 4069 2897 4110 nunc
2945 4047 3313 4121 peragendo?
3359 4045 3500 4108 Quis
3553 4041 3711 4097 enim

2075 4157 2327 4231 posthaec
2358 4169 2457 4224 pro
2489 4156 2540 4204 te
2561 4145 2861 4219 pugnabit,
2895 4145 2951 4197 et
2986 4143 3043 4194 in
3087 4135 3410 4208 periculum
3445 4148 3574 4188 esse
3621 4130 3713 4184 in-

2075 4220 2235 4313 ieret,
2268 4220 2441 4299 vitam
2476 4235 2776 4308 despiciet.
2812 4229 3010 4287 omnia
3037 4238 3246 4283 cetera
3293 4229 3350 4280 te
3399 4220 3718 4294 posteriora

2075 4333 2453 4400 existimabit,
2493 4346 2627 4385 cum
2687 4323 2895 4380 viderit
2951 4319 3251 4390 egregium
3311 4315 3542 4380 ducem,
3587 4313 3717 4380 post

2081 4425 2293 4480 multas
2323 4426 2380 4477 et
2403 4416 2685 4474 maximas
2717 4427 2940 4484 pugnas
2977 4411 3033 4461 et
3070 4411 3278 4476 tropaea
3309 4407 3366 4457 et
3401 4400 3596 4454 hostes
3628 4410 3716 4451 su-

2079 4518 2328 4588 peratos,
2363 4502 2773 4564 miserabiliter
2797 4501 3065 4554 vexatum
3125 4512 3158 4548 ιι
3224 4490 3576 4588 quibusdam
3598 4500 3718 4588 ὀο-

308 4597 629 4669 ἂλιτηρίων
684 4593 752 4664 δή
803 4598 964 4649 τινῶν
1017 4592 1301 4674 δυστυχῶς
1348 4592 1730 4668 ἐλαυνόμενον,
1780 4599 1941 4649 κοινῶ

2083 4574 2242 4661 i‘ariis
2274 4574 2609 4656 hominibus
2658 4591 2756 4662 qui
2815 4592 2951 4643 sunt
2998 4581 3329 4640 communis
3390 4574 3720 4648 reipublic»

307 4685 643 4759 ἀλαστόρων
673 4690 774 4751 τῆς
806 4682 1109 4749 πολιτείας,
1143 4685 1196 4737 εἰ
1241 4687 1324 4758 μή
1379 4684 1449 4738 σύ
1488 4705 1555 4759 γε
1595 4681 1822 4738 δύσεαι
1866 4680 1965 4737 ἀλ-

308 4780 418 4847 κήν
448 4779 562 4848 (18)
592 4795 605 4844 ;

389 4867 492 4921 Καὶ
527 4866 638 4936 μὴν
673 4864 719 4919 εἰ
771 4865 866 4936 μὶν
917 4865 1141 4926 ἅπαντες
1199 4864 1543 4938 ἡμάρτομεν,
1577 4864 1761 4924 καλῶς
1819 4864 1966 4937 εὗρες

314 4957 441 5012 ὅθεν
466 4955 982 5028 ἡμᾶςζτιμωρήσῃο
1039 4953 1083 5007 εἰ
1131 4952 1188 5008 δὲ
1219 4952 1372 5008 οὐδὲν
1412 4949 1558 5030 ἔχεις
1609 4952 1850 5025 ἐγκαλεῖν
1898 4958 1963 5025 τῇ

318 5045 634 5110 Φιλίππου,
671 5041 885 5115 μᾶλλον
928 5039 984 5097 δὲ
1024 5045 1092 5114 τῇ
1139 5047 1356 5112 σαυτοῦ,
1390 5041 1536 5097 ἀλλά
1580 5041 1668 5096 καὶ
1708 5043 1965 5110 πλείστην

319 5133 456 5204 ὅσην
510 5132 650 5206 αὐτῇ
695 5131 820 5206 περὶ
871 5132 927 5186 σὲ
970 5133 1060 5186 τὸν
1089 5133 1170 5186 ἀεὶ
1202 5133 1402 5206 χρόνον
1435 5129 1644 5186 εῦνοιαν
1694 5131 1961 5198 σύνοισθα,

320 5229 409 5283 καὶ
467 5222 732 5291 σπουδήν,
791 5223 879 5278 καὶ
929 5225 1082 5278 πάντ’
1138 5225 1197 5278 ἂν
1282 5224 1491 5298 ἐνέγκαι
1569 5222 1768 5299 ῥᾳδίως
1832 5225 1962 5296 ὑπὲρ

321 5319 421 5368 τοῦ
452 5319 548 5369 σοῦ
579 5317 933 5382 συνεστῶτος,
963 5315 1039 5382 τί,
1070 5315 1160 5368 τὸν
1199 5313 1358 5384 μόνον
1396 5310 1566 5381 αὒτῆς
1615 5313 1688 5373 ὡς
1738 5311 1962 5381 ἀληθῶς

326 5399 602 5478 πρόϐολον
663 5402 913 5475 ἐξαιρῶν,
938 5407 1056 5464 τοῖς
1109 5402 1402 5476 πολεμιοις
1459 5400 1659 5463 ἀδίκως
1711 5404 1827 5474 (19)
1875 5403 1962 5455 καὶ

329 5491 485 5567 θύραν
538 5492 776 5567 ἀνοίγιις
818 5497 934 5554 τοῖς
988 5493 1260 5568 καθαιρεῖν
1321 5492 1384 5546 τὰ
1440 5492 1505 5546 σα
1568 5489 1965 5566 βουλομενοιςς

407 5687 508 5756 (18)
541 5685 620 5740 Ex
650 5683 821 5739 Hom.
847 5681 1006 5737 Iliad.
1037 5682 1079 5747 Ι,
1119 5684 1242 5736 23!.

2079 4691 2274 4765 pestis,
2306 4686 2418 4742 nisi
2457 4692 2516 4740 tu
2545 4677 2929 4753 fortitudinem
2955 4669 3195 4728 induas?

2147 4871 2207 4928 Si
2238 4875 2433 4925 tamen
2467 4878 2672 4920 omnes
2702 4857 3077 4929 deliquimus.
3102 4851 3245 4906 bene
3270 4845 3544 4903 invenisti
3569 4843 3724 4900 unde

2081 4981 2186 5021 nos
2217 4960 2538 5029 castigares
2565 4971 2579 5010 :
2602 4953 2864 5008 siautem
2893 4947 2970 5002 nil
3013 4944 3187 4998 habes
3224 4939 3377 5010 quod
3415 4937 3724 5006 exprobrcs

2081 5053 2206 5110 urbi
2231 5027 2536 5120 Philippis,
2561 5048 2661 5099 aut
2686 5041 2877 5113 potius
2899 5043 3032 5102 tuae,
3059 5035 3290 5102 sedjam
3321 5029 3550 5120 dudum,
3567 5027 3726 5083 illius

2080 5161 2217 5214 erga
2248 5146 2307 5196 te
2360 5118 2817 5193 benevolentiam
2869 5135 2921 5183 et
2969 5123 3224 5179 studium
3284 5118 3609 5190 cognoscis,
3669 5123 3728 5174 et

2080 5206 2279 5290 omnia
2303 5230 2448 5283 ferre
2480 5239 2579 5293 pro
2613 5227 2711 5276 tuo
2758 5219 2992 5278 ﬁndere,
3031 5229 3152 5274 cur,
3195 5208 3382 5266 solum
3430 5206 3586 5262 illius
3633 5223 3726 5262 re-

2081 5340 2210 5378 vera
2240 5320 2507 5390 clypeum
2540 5308 2880 5372 auferendo,
2913 5302 3182 5359 hostibus
3211 5298 3502 5354 immerito
3541 5300 3599 5352 et
3637 5295 3730 5351 his

2077 5415 2180 5486 qui
2213 5385 2319 5465 tua.
2340 5385 2542 5462 volunt
2573 5400 2792 5470 eripere
2836 5403 3057 5468 portam
3109 5389 3300 5464 aperis
3324 5388 3351 5442 ‘?
3377 5388 3502 5443 Non
3552 5385 3729 5486 enim,

2076 5473 2390 5560 siadvesus
2443 5492 2526 5548 Ch
2570 5487 2852 5545 ndreaum
2879 5482 3062 5538 solum
3087 5476 3535 5540 irasceris,iram
3573 5473 3732 5530 solus

2155 5675 2271 5748 (19)
2299 5671 2542 5726 Videtur
2581 5665 2675 5720 hic
2699 5658 2968 5718 nonnihil
3001 5656 3268 5730 periisse.
