4062 6308
319 388 438 449 367

1625 385 2026 450 THEODULI
2070 389 2421 452 MONACHI

3611 405 3725 469 368

319 522 804 580 sustinebit:sed
828 521 943 578 tela
973 537 1096 592 qua
1147 521 1426 578 adversus
1483 536 1617 577 eum
1659 521 1947 614 j_aciu_ntu1

2081 521 2155 576 Οὐ
2202 521 2325 598 γὰρ,
2373 523 2419 578 εἰ
2463 525 2598 600 πρὸς
2649 524 2964 602 Χανδρηνὸν
3019 531 3184 604 μόνον
3253 535 3319 589 τά
3393 543 3494 607 τῆς
3557 539 3728 614 ὀργῆς

319 629 429 669 nos
459 627 692 685 quoque
719 618 871 666 certe
907 609 1263 682 percutiunt,
1323 613 1380 664 et
1444 610 1962 681 quemadmodum,

319 702 483 774 lapso
517 701 780 766 Hectore,
814 698 1180 771 unalapsum
1203 705 1290 754 est
1329 696 1525 767 Ilium,
1567 697 1706 770 quia
1753 699 1962 755 incon-

319 805 491 846 cussa
520 789 607 844 illi
636 789 927 857 columna,
961 792 1026 844 ut
1055 787 1133 844 ait
1163 787 1478 854 Pindarus,
1526 791 1669 854 erat,
1709 789 1812 854 ita,
1861 787 1961 844 illo

319 879 594 936 erumnis
627 877 861 945 afﬂicto,
894 893 996 934 nos
1033 893 1069 933 a
1096 875 1388 933 continuis
1427 877 1807 935 barbarorum
1865 876 1956 934 in-

318 967 691 1026 cursionibus
718 967 1143 1024 labefactemur
1175 982 1409 1024 necesse
1437 973 1544 1024 est.

390 1229 491 1286 His
516 1244 651 1285 vero
680 1227 938 1296 omissis,
961 1225 1368 1284 Cbandrenum
1419 1241 1534 1283 non
1582 1244 1712 1284 esse
1767 1245 1957 1298 reum,

318 1319 450 1390 quis
477 1333 594 1374 non
625 1316 983 1374 multimodis
1003 1315 1217 1384 videat,
1244 1316 1564 1388 praesertim
1597 1333 1664 1371 ex
1693 1333 1760 1374 eo
1801 1320 1956 1390 quod

313 1411 680 1464 accusatores
735 1405 817 1462 nil
856 1404 1110 1462 solidum
1179 1403 1406 1477 possint
1471 1406 1696 1474 aﬂ'erre,
1728 1423 1835 1464 nec
1889 1423 1958 1463 ex

316 1501 514 1568 aperto
551 1494 872 1566 vituperare
915 1494 1128 1554 velint;
1180 1493 1348 1549 illum
1401 1500 1595 1551 autem
1641 1495 1956 1554 multorum

312 1601 379 1640 ac
405 1583 789 1640 maximorum
820 1583 1108 1640 bonorum
1141 1588 1436 1639 auctorem
1469 1583 1635 1640 nobis
1673 1584 1851 1642 fuisse
1901 1591 1959 1642 et

313 1674 602 1735 futurum,
647 1672 780 1746 quis
829 1672 910 1727 ita
959 1672 1148 1728 audax
1195 1677 1252 1728 et
1289 1676 1484 1743 aperte
1530 1675 1819 1730 contraria
1858 1691 1954 1732 sa-

308 1765 498 1836 piens,
533 1767 599 1818 ut
627 1779 765 1829 non,
800 1777 927 1818 meo
950 1761 1200 1832 judicio,
1232 1761 1348 1818 alte
1377 1762 1723 1819 vociferatur
1742 1762 1770 1818 ‘I

379 1941 492 1998 Sed
525 1945 673 2008 esto,
705 1956 856 2013 pone
901 1939 1067 1997 illum
1114 1957 1242 2013 qua
1287 1957 1404 1998 non
1453 1945 1678 2014 oportet
1714 1942 1949 2028 adiisse,

307 2035 368 2087 et
397 2030 642 2088 audacia
665 2044 836 2086 usum
859 2043 1010 2098 esse,
1033 2033 1090 2085 et
1110 2047 1224 2086 non
1265 2029 1420 2088 sicut
1455 2029 1687 2088 volebas
1733 2031 1953 2090 delibe-

311 2136 509 2177 rasse:
544 2125 743 2176 utrum
773 2134 910 2192 ergo
935 2119 1008 2176 de
1037 2118 1130 2174 bis
1161 2119 1491 2191 loquemur,
1531 2137 1656 2192 quas
1679 2123 1866 2180 semel
1898 2127 1956 2179 et

307 2210 368 2266 in
387 2209 642 2281 quodam
676 2213 936 2280 tempore
965 2207 1134 2263 illum
1183 2207 1390 2265 fecisse
1435 2213 1697 2282 apparet,
1749 2227 1821 2266 an
1879 2212 1950 2267 de

309 2297 654 2355 strenuitate
697 2297 759 2353 in
808 2297 1085 2353 omnibus
1134 2301 1192 2352 et
1259 2298 1330 2353 de
1395 2297 1695 2356 laboribus
1739 2300 1951 2357 virtute

308 2384 516 2456 plenis,
549 2388 606 2440 et
634 2384 788 2456 quod
829 2387 1008 2440 testes
1056 2387 1357 2456 gestorum
1398 2385 1606 2441 habeat
1645 2387 1869 2444 Graecos
1897 2397 1952 2446 et

306 2474 581 2530 barbaros
602 2474 630 2527 ⁸1
659 2471 868 2530 Utrum
889 2472 1162 2530 omnibus
1192 2489 1296 2545 per
1323 2474 1446 2530 hec
1491 2475 1653 2532 utilis
1700 2480 1814 2547 est,
1851 2495 1946 2548 an,

307 2561 358 2618 si
385 2563 530 2620 forte
556 2561 758 2636 lapsus
779 2562 874 2631 sit,
905 2559 1080 2618 vilis?
1108 2562 1179 2618 Et
1209 2563 1364 2634 quod
1395 2565 1578 2621 semel
1607 2565 1820 2623 factum
1861 2573 1951 2623 est

307 2652 585 2722 solidum,
613 2669 745 2724 quas
764 2659 956 2707 autem
979 2668 1080 2723 per
1099 2656 1216 2708 tam
1239 2652 1476 2725 longum
1513 2657 1748 2726 tempus
1787 2665 1947 2729 gesta

305 2745 444 2796 sunt
466 2741 609 2796 nihil
630 2757 758 2797 esse
780 2739 1196 2797 arbitrabimur
1217 2741 1247 2795 ‘?
1265 2741 1333 2796 Et
1352 2757 1466 2798 non
1489 2759 1557 2798 ex
1577 2744 1780 2814 primis
1805 2747 1947 2802 actis

279 2835 361 2886 'et
391 2847 518 2903 quis
551 2831 608 2885 in
651 2831 748 2886 illo
782 2847 986 2888 omnes
1033 2839 1422 2902 cognoverant
1469 2832 1749 2906 suffragia
1795 2837 1950 2893 fere-

303 2937 454 2982 mus,
488 2921 588 2977 sed
621 2937 693 2976 ex
724 2919 947 2974 ultimis
977 2923 1035 2975 et
1063 2936 1190 2991 qua
1234 2935 1394 2977 nemo
1452 2923 1716 2978 omnium
1767 2925 1946 2994 novit,

303 3010 416 3065 nisi
451 3009 548 3064 isti
579 3007 1036 3077 sceleratissimi,
1067 3009 1166 3078 qui
1191 3007 1375 3077 {illum
1417 3025 1485 3065 ex
1522 3013 1744 3069 occulto
1786 3015 1944 3070 inse-

303 3103 566 3169 quuntur
591 3098 618 3152 ‘I
646 3097 822 3155 Nemo
857 3114 1095 3170 prorsus
1125 3115 1195 3154 ex
1225 3098 1298 3154 iis
1337 3099 1438 3170 qui
1486 3101 1681 3157 sciunt
1723 3102 1946 3159 ratione

304 3189 387 3243 uti
418 3188 539 3243 hac
567 3187 800 3244 diceret.

371 3371 487 3440 Ego
537 3367 737 3440 igitur,
785 3367 1012 3424 etiamsi
1064 3369 1385 3442 deliquisse
1407 3375 1464 3428 et
1493 3372 1646 3430 malo
1675 3391 1946 3446 quocun-

304 3475 417 3528 que
437 3458 610 3514 modo
636 3457 1021 3515 succubuisse
1050 3474 1183 3515 eum
1218 3461 1422 3529 sciam,
1455 3479 1568 3519 non
1620 3463 1749 3520 ideo
1788 3483 1946 3522 com-

308 3548 599 3602 mitterem
634 3552 694 3601 ut
725 3563 842 3602 non
874 3548 1052 3603 mirer
1081 3549 1364 3622 quidquid
1399 3551 1532 3606 boni
1557 3552 1709 3609 inest
1727 3557 1868 3618 viro,
1891 3561 1949 3612 et

302 3637 508 3692 merita
537 3634 926 3701 obliviscerer.
970 3635 1085 3694 Nec
1115 3637 1295 3707 enim,
1329 3657 1433 3696 nec
1458 3641 1636 3698 solem
1673 3645 1948 3716 turpissi-

302 3742 462 3782 mum
489 3741 620 3782 esse
641 3727 984 3794 diceremus,
999 3727 1332 3798 quianubes
1352 3733 1614 3802 quaedam
1630 3733 1944 3807 aliquando

303 3815 471 3870 illum
503 3814 936 3880 oil‘uscant,sed
978 3833 1047 3872 ex
1092 3823 1299 3874 natura
1347 3835 1490 3876 sane
1537 3838 1670 3878 eum
1715 3825 1944 3894 judica-

301 3905 520 3969 bimus,
550 3908 610 3958 et
641 3904 894 3974 primum
928 3905 1080 3962 inter
1109 3906 1306 3964 stellas
1337 3908 1528 3966 locum
1561 3911 1610 3968 ei
1653 3913 1941 3972 dabimus.

299 3993 358 4049 Si
409 4002 603 4050 autem
679 4011 904 4066 semper
949 3996 1009 4052 in
1059 3997 1420 4066 hominibus,
1485 4017 1555 4056 ex
1619 4002 1939 4076 Euripide:

512 4192 803 4247 Pervenit:
832 4193 978 4249 nihil
1009 4194 1163 4251 aliud
1183 4204 1258 4252 est
1283 4197 1394 4252 nisi
1416 4199 1616 4266 malus,

512 4267 697 4336 ponus
727 4269 910 4320 autem
943 4267 1134 4336 bonus,
1160 4283 1259 4322 nec
1287 4285 1418 4324 casu

511 4335 782 4390 Naturam
809 4341 1074 4409 corrupit,
1104 4339 1195 4394 sed
1219 4343 1454 4410 Optimus
1493 4352 1570 4398 est
1597 4359 1830 4416 semper,

299 4457 414 4500 non
445 4441 623 4514 igitur
653 4442 1053 4511 Cbandrenus,
1084 4447 1184 4517 qui
1217 4447 1290 4502 ab
1323 4449 1488 4504 initio
1519 4449 1775 4522 optimus
1807 4453 1938 4518 fuit,

297 4536 568 4588 naturam
635 4535 975 4605 corruperit,
1045 4536 1146 4591 sed
1222 4539 1478 4606 Optimus
1522 4546 1611 4596 est
1686 4558 1936 4614 semper,

297 4637 412 4676 non
474 4621 600 4692 jam
669 4637 1012 4693 perversus;
1057 4626 1208 4682 sicut
1269 4644 1300 4682 e
1365 4639 1584 4698 contra,
1653 4631 1702 4687 si
1750 4632 1938 4690 malus

297 4712 486 4779 fuerit,
507 4729 622 4768 non
649 4714 909 4785 optimus
929 4718 1231 4789 evasisset,
1253 4735 1408 4788 cum,
1451 4725 1516 4776 ut
1557 4721 1658 4789 ait,
1708 4724 1936 4780 Perver-

291 4816 385 4856 sus
413 4802 559 4858 nihil
594 4801 751 4858 aliud
773 4807 853 4859 est
879 4804 993 4860 nisi
1023 4807 1210 4863 malua
1229 4827 1251 4876 ;
1283 4809 1364 4864 ita
1395 4814 1458 4866 ut
1488 4812 1536 4866 si
1570 4811 1780 4876 malus,
1818 4830 1934 4870 non

297 4890 507 4956 bonus,
547 4891 593 4946 si
629 4896 823 4948 autem
849 4895 1128 4964 optimam
1163 4907 1383 4968 partem
1442 4916 1639 4957 revera
1697 4903 1936 4959 sortitus

294 4977 388 5040 sit,
422 4978 635 5034 malam
668 4997 781 5036 non
817 4981 1050 5038 deberet
1098 4986 1372 5042 nancisci.
1423 4988 1531 5052 Qui
1578 5006 1710 5062 ergo
1767 4993 1934 5050 nobis

293 5068 447 5123 idem
465 5085 768 5139 per-versus
789 5077 847 5127 et
869 5073 1126 5142 optimus
1143 5074 1435 5144 videatur;
1466 5083 1524 5133 et
1562 5095 1716 5135 nunc
1763 5080 1932 5138 illum

296 5157 622 5223 laudemus,
647 5175 803 5216 nunc
823 5177 955 5217 vero
981 5162 1414 5233 maledicamus,
1452 5184 1552 5222 nec
1592 5185 1696 5225 nos
1722 5172 1934 5240 pudeat

293 5262 424 5301 cum
451 5246 886 5320 nobismetipsis
929 5267 1206 5325 pugnare,
1259 5255 1561 5326 loquentes
1610 5259 1764 5314 sicut
1817 5262 1933 5317 Ab-

289 5335 486 5390 deritis
516 5339 572 5390 et
597 5335 889 5396 Maronitae
919 5341 947 5396 ?

359 5551 475 5668 $20)
503 5552 736 5635 Pindar.
771 5555 852 5613 Ol.
891 5574 951 5612 ιι.
989 5559 1109 5616 146.

381 5624 475 5668 2H
508 5624 680 5668 Enrm
739 5628 840 5668 Ηρρ
891 5627 996 5668 mn

363 5624 475 5694 (ει)
508 5624 702 5694 Eurip.
738 5628 857 5683 Hec.
891 5627 1014 5684 600.

357 5695 471 5768 (22)
497 5695 715 5753 Forsan
753 5696 950 5766 ἥκιστα
979 5703 1075 5754 τοῦ
1100 5705 1320 5764 παντὸς.

2069 608 2183 666 ἔστι
2231 629 2342 682 σοι,
2383 613 2473 668 καὶ
2519 615 2724 686 ταύτης
2767 617 3136 676 ἀπολαύσεται
3195 625 3397 699 μόνος·
3463 625 3612 683 ἀλλὰ
3661 631 3730 684 τὰ

2069 699 2206 774 πρὸς
2232 704 2422 756 τοῦτον
2457 699 2523 774 δή
2556 705 2754 758 πουθεν
2789 705 2926 780 βᾶλη
2969 709 3061 763 καὶ
3108 712 3272 784 ἡμῶν
3317 715 3541 770 ἅπτεται
3589 717 3722 772 πάν-

2065 809 2199 860 των,
2247 790 2335 845 καὶ
2410 791 2504 847 τὸν
2567 791 2727 848 αὐτὸν
2803 793 2864 849 ἂν
2939 798 3140 871 τρόπον
3209 799 3394 877 ὥσπερ
3451 807 3726 880 ’Έκτορος

2065 879 2418 942 πεπτωκότος
2484 883 2875 938 συνεπεπτώκει
2953 887 3014 941 τὸ
3072 887 3266 957 Ἴλιον,
3318 892 3378 952 ὃς
3433 888 3714 966 ἀστραϐὴς

2062 967 2244 1040 τούτῳ
2317 968 2473 1039 κίων,
2527 971 2664 1026 κατά
2737 970 3004 1048 Πίνδαρον
3058 977 3196 1051 (20),
3249 979 3340 1049 ἦν,
3393 981 3536 1037 οὕτω
3600 984 3717 1052 καὶ,

2061 1053 2221 1112 τοῦδε
2269 1053 2554 1134 δοστυχῶς
2603 1057 2956 1136 πεπονθότος,
3005 1064 3211 1139 ἀνάγκη
3266 1067 3357 1122 καὶ
3406 1071 3553 1144 ἡμᾶς
3601 1069 3714 1128 διε-

2065 1147 2293 1223 φθάρθαι
2323 1146 2571 1223 συνεχέσι
2601 1154 2710 1205 τῶν
2744 1147 3038 1227 βαρϐάρων
3077 1153 3425 1230 ἐπιδρομαῖς.

2135 1237 2314 1308 Χωρὶς
2365 1235 2421 1292 δὲ
2471 1239 2701 1308 τούτων,
2741 1241 2816 1303 ὡς
2869 1244 2964 1314 μὲν
3019 1245 3121 1300 οὐκ
3171 1243 3427 1321 ἠδίκηκε,
3467 1249 3718 1325 Χανδρη-

2061 1325 2152 1379 νὸν
2208 1323 2557 1402 πολλαχόθεν
2609 1327 2671 1382 ἄν
2721 1350 2806 1391 τις
2867 1329 3101 1404 κατίδοι,
3142 1336 3256 1414 ούχ
3303 1336 3504 1405 ἥκιστα
3559 1323 3625 1394 δὲ.
3659 1339 3722 1396 ἐκ

2059 1417 2158 1468 τοῦ
2208 1417 2336 1477 τοὺς
2387 1415 2765 1491 ἐγκαλοῦντας,
2795 1423 2940 1496 ποιρά
2988 1424 3051 1478 τὸ
3106 1421 3248 1496 μηδέ
3277 1420 3425 1502 ἔχειν
3485 1428 3713 1504 ἰσχυρὸν

2064 1503 2256 1570 εἰπεῖν,
2316 1503 2431 1560 οὐδ’
2487 1505 2564 1568 εἷς
2630 1509 2937 1586 τούμφανὲς
3011 1511 3318 1590 ἐξελέγχειν
3379 1503 3714 1590 βούλεσθαι·

2064 1592 2137 1654 ὡς
2171 1590 2228 1646 δὲ
2257 1592 2483 1648 πολλῶν
2513 1597 2602 1650 καὶ
2647 1597 2903 1674 μεγάλων
2944 1597 3119 1663 αἴτιος
3165 1605 3301 1675 ἡμῖν
3343 1604 3564 1679 ἀγαθῶτ
3623 1609 3717 1663 καὶ

2058 1681 2244 1756 γέγονε
2296 1682 2388 1737 καὶ
2434 1686 2740 1759 γενήσεται,
2771 1687 2854 1749 τίς
2905 1687 3049 1744 οὕτω
3095 1691 3316 1766 θρασὺς,
3365 1695 3455 1748 καὶ
3507 1695 3712 1752 τάναν-

2059 1771 2150 1824 τία
2233 1777 2478 1847 φανερῶς
2562 1779 2795 1853 φρονῶν,
2854 1777 2913 1840 ’ὸς
2999 1779 3100 1834 οὐκ
3183 1779 3263 1852 ἂν,
3324 1782 3501 1856 οἶμαι,
3567 1787 3710 1861 μέγα

1984 1904 2030 1970 Β
2062 1859 2262 1934 βοῆσαι
2286 1881 2300 1928 ;

2130 1947 2286 1970 ,ιχκν

2130 1947 2286 2004 Ἀλλ’
2315 1948 2476 2019 ἔστω,
2527 1949 2765 2009 δεδόσθω
2807 1959 3001 2012 τοῦτον
3046 1955 3128 2038 ἔφ’
3157 1959 3191 2013 ἃ
3241 1963 3316 2034 μή
3368 1958 3452 2016 δεῖ
3496 1965 3710 2038 προελ-

2061 2039 2192 2106 θεῖν,
2224 2039 2314 2093 καὶ
2360 2042 2668 2116 χρήσασθαι
2718 2045 2924 2120 θράσει,
2980 2049 3070 2102 καὶ
3122 2049 3199 2121 μὴ
3255 2051 3376 2105 καθ’
3405 2053 3566 2107 αὐτὸν
3617 2056 3711 2128 βε-

2061 2127 2420 2201 βουλεῦσθαι·
2467 2133 2696 2210 πότερον
2755 2133 2851 2190 οὗν
2913 2138 2990 2200 εἰς
3049 2137 3216 2216 λόγον
3244 2142 3396 2196 ταῦθ’
3423 2127 3638 2216 ἕξομεν,
3673 2147 3707 2200 ἆ

2057 2218 2146 2272 καὶ
2201 2220 2367 2312 μόνον
2416 2221 2506 2276 καὶ
2557 2225 2756 2298 χρόνον
2807 2230 2912 2281 τιν’
2940 2227 3088 2300 αύτῷ
3136 2224 3332 2301 συνέϐη
3368 2236 3696 2312 ππρᾶχθαι,

2057 2303 2092 2374 ἢ
2124 2307 2222 2373 τήν
2257 2303 2344 2362 διὰ
2373 2310 2573 2373 παντὸς
2604 2311 2868 2391 εὐψυχίαν
2899 2319 2996 2369 τοῦ
3035 2317 3159 2390 βίου
3203 2317 3293 2371 καὶ
3341 2303 3484 2381 τοὺς-

2054 2395 2322 2470 γέμοντας
2379 2400 2600 2464 πόνους,
2641 2404 2728 2458 καὶ
2781 2405 2844 2460 τὸ
2902 2405 3177 2481 μάρτυρας
3217 2407 3388 2484 ἴσχειν
3445 2415 3556 2465 τῶν
3612 2408 3703 2484 ἕρ-

2055 2505 2165 2558 γων
2222 2486 2310 2540 καὶ
2365 2485 2645 2560 Ἕλληνας
2722 2495 2814 2550 καὶ
2893 2495 3243 2573 βαρϐάρουςς
3303 2497 3392 2552 καὶ
3477 2501 3706 2576 πότερον

2057 2573 2219 2629 ἅπασι
2277 2579 2520 2652 χρηστὸς
2573 2577 2644 2636 δι’
2693 2583 2890 2655 ἐκεῖνα,
2923 2589 2982 2659 ἢ,
3027 2589 3081 2644 εἴ
3126 2613 3178 2646 τι
3227 2617 3334 2651 που
3382 2599 3473 2654 καὶ
3524 2620 3708 2674 προσ-

2054 2661 2294 2733 έπταισε,
2348 2667 2594 2742 φαῦλοςς
2653 2675 2744 2727 καὶ
2817 2677 2880 2731 τὸ
2949 2679 3046 2751 μὲν
3119 2682 3196 2744 εἷς
3273 2687 3408 2760 ἅπαξ
3483 2661 3709 2765 γεγονὸς

2057 2751 2305 2828 ἰσχυρὸν,
2355 2759 2421 2812 τὰ
2479 2755 2526 2812 δ’
2582 2761 2657 2822 εἰς
2713 2769 2971 2822 τοσοῦτον
3029 2771 3118 2824 καὶ
3178 2769 3306 2830 ὄντα
3360 2777 3707 2852 γεγενημένα

2051 2845 2149 2895 τοῦ
2209 2844 2408 2918 χρόνου
2464 2848 2760 2925 πράγματα
2817 2853 2969 2910 οὐδὲν
3045 2867 3392 2936 νομιοῦμενς
3441 2869 3530 2920 καὶ
3602 2869 3701 2931 τὰς

2053 2931 2271 3007 ψήφους
2325 2933 2424 2990 οὐκ
2478 2935 2537 2992 ἐκ
2591 2945 2699 2996 τῶν
2758 2946 3037 3020 προτέρων
3070 2951 3160 3005 καὶ
3191 2953 3264 3007 ὧν
3321 2955 3472 3029 αύτῷ
3502 2959 3702 3021 πάντες

2054 3021 2286 3092 ξυνίσασι
2351 3029 2614 3100 θήσομεν,
2673 3031 2798 3090 ἀλλ’
2853 3035 2912 3090 ἐκ
2989 3045 3096 3094 τῶν
3177 3042 3410 3118 ὑστέρων
3476 3049 3564 3103 καὶ
3626 3051 3699 3105 ὧν

2053 3108 2230 3175 οὐδεὶς
2272 3112 2404 3189 ἔγνω
2473 3123 2580 3174 τῶν
2635 3123 2872 3194 πάντων,
2935 3126 3083 3199 πλὴν
3124 3135 3231 3186 τῶν
3293 3135 3502 3192 κάκιστ’
3557 3139 3695 3194 ἀπο-

2052 3197 2339 3274 λουμένων
2399 3210 2650 3275 τουτωνὶ,
2698 3214 2786 3266 καί
2844 3212 3022 3271 αὔτῶν
3078 3217 3138 3274 ἐκ
3191 3221 3457 3297 τάφανοῦς
3516 3225 3700 3283 ἐπιόν-

3273 3277 3314 3297 _,
3375 3277 3454 3288 η,
3519 3277 3661 3283 _--_-.

1971 3277 2013 3343 C
2050 3309 2158 3344 των
2185 3311 2199 3361 ;
2235 3293 2348 3348 οὐδ’
2379 3294 2438 3349 ἂν
2472 3294 2549 3360 εἷς
2579 3301 2728 3356 ταῦτ’
2757 3301 2901 3358 εἴποι
2949 3309 3056 3361 τῶν
3083 3307 3308 3366 εἷδότων
3361 3312 3698 3390 λογίζεσθαι.

2126 3379 2262 3452 Ἐγὼ
2323 3383 2419 3454 μὲν
2479 3384 2593 3456 οὖν,
2627 3387 2674 3442 si
2729 3391 2816 3445 καὶ
2874 3398 2954 3465 τῷ
2985 3391 3099 3450 ὄντι
3129 3395 3394 3470 ἀδικήσας
3434 3379 3701 3486 ἐτύγχανε

2052 3467 2142 3522 καὶ
2169 3474 2266 3525 τοῦ
2287 3473 2472 3536 καλῶς
2500 3472 2724 3552 ἔχοντος
2755 3481 3060 3540 ὁποιωσοῦν
3093 3487 3348 3565 ὖφεικὼς,
3373 3491 3491 3549 οὐδ’
3524 3467 3702 3558 οέτως

2053 3557 2114 3612 ἂν
2170 3559 2409 3638 ἀπέσχον
2466 3571 2562 3620 τοῦ
2625 3571 2700 3641 μὴ
2755 3569 2816 3626 ού
2875 3579 3034 3630 πᾶσιν
3087 3579 3170 3640 οἷς
3219 3579 3372 3656 εἶχον
3408 3585 3702 3658 θαυμάζειν

2050 3647 2168 3752 τδνι
2200 3647 2387 3724 ἄνδρα,
2421 3657 2508 3711 καὶ
2567 3657 2803 3714 τίθεσθαι
2872 3662 2940 3718 τά
2993 3647 3328 3742 γιγνόμενα-⁸
3391 3647 3524 3729 οὐδὲ.
3573 3647 3698 3752 γάρ,

2053 3735 2180 3792 οὐδὲ
2234 3741 2324 3796 τὸν
2383 3743 2545 3814 ἥλιον
2604 3748 2888 3826 αἴσχιστον
2937 3757 3174 3834 φαίημεν
3217 3759 3300 3832 ἃν,
3334 3760 3416 3818 ὅτι
3478 3765 3700 3839 νεφέλαι

2053 3823 2120 3898 δή
2163 3851 2301 3893 τινες
2346 3829 2456 3890 ἔσθ’
2508 3837 2587 3892 ὅτ’
2637 3839 2794 3896 αὐτὸν
2846 3823 3246 3926 περιίσχουσιν,
3296 3850 3423 3908 ἀλλ’
3468 3827 3570 3927 ἐκ
3599 3865 3700 3926 τῆς

2051 3919 2261 3994 φύσεως
2309 3922 2500 3995 ἀμέλει
2552 3931 2743 3983 τοῦτον
2793 3939 3102 4008 κρινοῦμεν,
3138 3939 3226 3994 καὶ
3276 3946 3382 3996 τῶν
3417 3942 3698 4018 Ὀλύμπου

2049 4014 2385 4084 πραγμάτων
2439 4017 2506 4072 τά
2561 4025 2752 4094 πρῶτα
2831 4021 3095 4098 δώσομεν.
3161 4031 3222 4085 Ei
3282 4028 3329 4086 δ’
3385 4033 3699 4108 ἀνθρώποις

2051 4105 2155 4174 ἀεὶ,
2187 4109 2304 4161 κατ’
2335 4106 2633 4182 Εὐριπίδην
2666 4114 2800 4186 (21),

2118 4213 2182 4268 Ὀ
2277 4215 2341 4268 ὲν
2383 4217 2673 4292 πονηρὸς
2715 4218 2901 4276 οὐδὲν
2943 4221 3112 4281 ἄλλο
3152 4227 3328 4298 πλὴν
3367 4233 3587 4302 κακὸς,

2119 4289 2183 4338 '0
2224 4234 2280 4340 δ’
2319 4285 2556 4340 ἐσθλὸς
2597 4289 2851 4340 ἔσθλὸρ
2897 4293 3049 4340 οὗδέ
3089 4307 3434 4340 Risu-mrsan
3473 4305 3587 4340 τι-..

2119 4285 2280 4374 '9’8’
2319 4285 2572 4374 ἐσθλὸς
2597 4289 2854 4374 ἐσθλὸς,
2881 4293 3050 4374 οὐδὲ
3089 4285 3595 4374 συμφὶιρᾶξγέἷπῖ

2121 4357 2321 4412 Φύσιν
2365 4356 2958 4436 διέφθειρεν,ἀλλά
2999 4356 3290 4442 χρηστός
3323 4356 3622 4448 ¹ἐάὲ”ἆὲὶ,

2047 4463 2148 4562 οὐκ
2179 4461 2310 4562 ἀρα.
2344 4465 2680 4543 Χανδρηνὸς,
2712 4474 2955 4547 χρηστός
2995 4497 3057 4552 γε
3118 4474 3191 4532 ὢν
3222 4479 3271 4552 ἐξ
3303 4480 3503 4558 ἀρχῆς,
3537 4484 3698 4562 φύσιν

2047 4551 2105 4608 ἂν
2151 4553 2232 4624 εἴη
2285 4552 2642 4634 διεφθαρκὼς,
2677 4561 2822 4617 ἀλλά
2873 4551 3111 4639 χρηστος
3175 4551 3268 4642 μέν
3326 4551 3566 4644 ἔόέίάεξζ
3597 4596 3701 4630 πο-

1967 4658 2014 4722 D
2044 4643 2210 4714 νηρὸς
2271 4641 2326 4700 δὲ
2384 4646 2482 4701 οὐκ
2538 4643 2616 4704 ἔτι
2637 4673 2648 4684 ·
2679 4648 2862 4726 ὥσπερ
2894 4653 2959 4707 αὖ
3020 4655 3354 4730 τούναντίον,
3381 4661 3424 4716 εἰ
3457 4668 3696 4738 πονηρὸς

2045 4731 2334 4808 ἐτύγχανεν
2414 4735 2506 4808 ὢν,
2569 4737 2667 4793 οὐκ
2725 4737 2782 4795 ἂν
2841 4745 3086 4817 χρηστὸς
3159 4745 3416 4824 ἐγεγόνεε,
3477 4751 3693 4822 ἐπειδή⁹

2046 4825 2234 4896 φησὶν,
2267 4849 2294 4877 ιι
2329 4829 2356 4880 ὁ
2389 4829 2629 4904 πονηρὸς
2659 4827 2813 4886 οὖδὲν
2859 4831 2998 4889 ἄλλο
3043 4835 3191 4906 πλὴν
3243 4840 3405 4904 κακός
3431 4859 3444 4870 ’
3483 4867 3510 4894 ››
3541 4842 3696 4915 ὥστ’,

2043 4912 2090 4966 εἰ
2151 4914 2244 4986 μὲν
2303 4917 2567 4991 πονηρὸς,
2602 4917 2663 4974 οὐ
2722 4923 2989 4996 χρηστὸς,
3021 4923 3065 4978 εἶ
3125 4922 3182 4980 δὲ
3237 4934 3338 4998 τῆς
3403 4929 3694 5005 βελτίστης

2045 4999 2268 5076 μερίδος
2325 5005 2402 5066 ὡς
2450 5006 2694 5078 ἀληθῶς,
2726 5014 2823 5063 τοῦ
2875 5013 3073 5075 παντὸς
3119 5015 3232 5086 (22)
3271 5015 3376 5071 ἔδει
3409 5023 3691 5098 γεγονέναι

2040 5091 2137 5162 τῆς
2171 5090 2405 5168 φαύλης.
2443 5098 2566 5156 Πῶς
2599 5094 2690 5150 οὖν
2722 5098 2750 5152 ὁ
2780 5097 2940 5160 αὐτὸς
2991 5103 3127 5174 ἡμῖν
3168 5105 3259 5159 καὶ
3308 5109 3548 5185 πονηρὸς
3598 5113 3691 5166 καὶ

2042 5181 2308 5256 χρηστὸς,
2353 5183 2441 5237 καὶ
2509 5188 2599 5238 νῦν
2683 5186 2778 5259 μὲν
2856 5187 3018 5243 αύτὸν
3077 5191 3426 5268 ἐπαινοῦμεν,
3484 5203 3572 5252 νῦν
3631 5197 3692 5256 δὲ

2040 5268 2356 5344 κακίζομεν,
2388 5272 2478 5326 καὶ
2537 5273 2636 5329 οὐκ
2690 5275 3043 5352 αἰσχυνόμεθ’
3103 5280 3287 5346 αὐτοῖς
3342 5288 3476 5359 ἡμῖν
3531 5310 3687 5364 περι-

2040 5359 2353 5432 πίπτοντες,
2382 5363 2564 5440 ὤσπερ
2595 5365 2646 5420 ἐν
2683 5362 3046 5443 Ἀϐδημίταις
3083 5371 3111 5442 ἢ
3147 5378 3522 5446 Μαρωνείταις
3571 5359 3689 5453 (ἒ3)

2039 5450 2164 5511 τοὺς
2197 5450 2395 5526 λόγους
2427 5456 2750 5529 ποιούμενοι
2777 5476 2790 5527 ;

2042 5577 2535 5706 ὺδξὲΓΑὺᾶθιίιεε
2564 5589 2622 5641 et
2655 5588 2947 5646 Maronitae
2977 5591 3170 5649 stolidi
3199 5609 3266 5651 ac
3307 5595 3452 5653 fatui
3509 5597 3685 5657 habe-
