4062 6308
292 418 408 478 369

1474 409 1766 477 ORATIO
1810 411 1964 471 PRO
2008 409 2506 470 CHANDRENO.

3576 408 3693 467 370

362 551 560 604 Σκόπει
625 545 678 600 δὲ
727 547 971 612 κάκεῖνα,
1021 544 1064 598 ὦ
1113 544 1360 619 βασιλεῦ.
1415 545 1477 600 Εἰ
1514 546 1604 617 μὲν
1651 541 1938 618 βδελυρίος

2127 541 2252 596 Haec
2299 541 2472 597 etiam
2546 541 2870 604 considera,
2912 555 2945 594 ο
3001 539 3338 611 imperator,
3401 541 3445 595 si
3503 555 3694 595 revera

289 636 455 711 πάλρι
511 637 698 707 τούτῳ
746 642 987 709 προσῆκε
1017 636 1108 688 καὶ
1167 638 1262 688 τοῦ
1303 634 1681 708 πονηροτάτου
1711 633 1932 706 κόμμα-

288 747 380 788 τος
412 725 697 799 ἄνθρωπος
745 725 836 793 ἦν,
869 723 980 801 οὐχ
1027 725 1058 778 ἃ
1091 728 1178 776 νῦν
1231 723 1535 798 ἐγκαλεῖται
1571 722 1759 794 μόνον,
1792 722 1938 777 ἀλλὰ

290 817 377 870 καὶ
406 813 576 870 πόλλ’
604 812 766 888 ἕτερα
799 815 935 886 πρὸς
979 814 1194 875 τούτοις
1242 812 1504 887 πρότερον
1554 813 1800 887 εἷργαστο
1849 811 1936 865 ἅν-

293 906 335 959 εί
369 904 422 960 δὲ
468 905 563 958 τὸν
616 906 698 959 ἀεὶ
751 905 945 978 χρόνον
997 903 1238 979 χρηστὸς
1281 903 1370 957 καὶ
1421 901 1685 971 ἐπιεικὴς,
1717 902 1934 956 καὶτοῦ

291 993 460 1049 καλοῦ
492 993 582 1048 καὶ
618 991 827 1048 δικαίου
860 991 1045 1067 λόγον,
1079 992 1228 1066 εἴπερ
1275 1012 1357 1053 τις
1403 991 1726 1064 ἀνθρώπων,
1758 987 1933 1064 ἔθετο,

293 1082 484 1139 οὔκουν
518 1079 628 1138 ἔσχ’
662 1082 838 1144 οὐδεὶς
870 1084 926 1143 ὃς
961 1083 1174 1136 πώποτ’
1224 1081 1376 1153 αὐτῷ
1431 1080 1588 1151 δίκην
1638 1081 1933 1155 ἀναισχυν-

291 1173 404 1235 τίας
454 1171 703 1246 εἰλήχει,
754 1172 802 1227 τί
845 1172 909 1225 τὰ
1103 1172 1457 1243 προσήκοντα
1517 1174 1932 1244 κατηγοροῦμεν

292 1261 453 1317 αύτοῦ
503 1264 594 1315 καὶ
645 1261 676 1314 ἃ
722 1260 881 1315 παντῖ
932 1257 1143 1332 μᾶλλον
1269 1259 1446 1331 τούτῳ
1490 1259 1803 1336 γιγνόμενα,
1843 1260 1930 1313 καὶ

291 1352 385 1404 ούκ
440 1352 821 1429 αἰσχυνόμεθα
877 1352 966 1404 τὸν
1028 1349 1190 1418 ἥλιον
1245 1349 1485 1424 ἐσχάτης
1537 1349 1933 1423 ἀγνωμοσύνης

289 1441 617 1512 ποιούμενοι
671 1441 937 1513 μάρτυρα,
969 1438 1152 1499 ὥσπερ
1196 1435 1254 1492 ἂν
1305 1439 1350 1492 εἰ
1399 1437 1488 1492 καὶ
1541 1437 1793 1517 Κέφαλον
1843 1439 1930 1492 καὶ

290 1527 692 1608 ’Ᾰριστοφῶντα
749 1535 998 1604 πονηροῦ
1049 1552 1132 1593 τις
1189 1524 1363 1602 ἔκρινε
1447 1528 1566 1602 βίου
1652 1531 1785 1601 (26),
1848 1530 1934 1591 οἷς

290 1619 674 1695 χρηστότητος
707 1618 879 1680 οὕτως
910 1618 1199 1694 ἐμέλησεν,
1233 1619 1305 1679 ὡς
1339 1617 1446 1693 οὐχ
1477 1618 1628 1678 ὅπως
1659 1616 1936 1686 ἀλλήλοις

287 1703 655 1787 ἀμφισϐητεῖν
714 1709 929 1782 ἀρετῆς,
988 1706 1134 1762 ἀλλᾶ
1205 1707 1293 1762 καὶ
1350 1705 1681 1782 παράδειγμ’
1744 1705 1936 1770 αὐτοὺς

290 1798 413 1852 εἶναι
447 1803 570 1858 τοῖς
603 1797 797 1858 ἄλλοις
829 1797 1041 1872 τρόπων
1070 1801 1325 1873 χρηστῶν
1363 1816 1376 1866 ;

2048 631 2284 701 ﬂagitiis
2310 629 2655 702 jamdudum
2689 627 2922 684 deditus
2949 628 3058 683 iste
3116 633 3172 684 et
3228 629 3490 700 pessimae
3550 635 3695 684 notae

2046 729 2198 776 esset
2237 721 2431 784 homo,
2462 736 2575 774 non
2598 723 2825 774 tantum
2849 719 2919 773 de
2941 717 3156 789 quibus
3181 735 3337 774 nunc
3361 723 3692 784 accusatur,

2046 809 2142 864 sed
2177 809 2360 863 multa
2388 807 2499 862 alia
2543 810 2743 876 praeter
2802 806 2920 863 haec
2977 811 3148 862 antea
3203 807 3689 878 perpetravisset;

2048 897 2097 952 si
2134 902 2328 952 autem
2379 898 2450 951 ab
2518 898 2677 952 omni
2741 900 2997 967 tempore
3047 896 3305 968 optimus
3364 899 3421 951 et
3477 898 3694 966 probus

2047 990 2153 1051 est,
2187 991 2244 1040 et
2274 985 2489 1040 bonist
2543 985 2712 1055 aequi,
2774 989 2837 1039 ut
2895 1001 3062 1040 nemo
3131 985 3340 1056 magis,
3404 985 3690 1040 rationem

2046 1077 2271 1146 habuit,
2305 1081 2360 1132 et
2388 1083 2692 1148 propterea
2729 1093 2898 1133 nemo
2941 1077 3257 1148 aliquando
3303 1092 3434 1131 eum
3478 1083 3694 1147 proter-

2044 1167 2236 1221 vitatis
2281 1166 2590 1232 accusavit,
2644 1183 2748 1221 cur
2793 1167 2842 1221 ei
2904 1167 3325 1236 exprobramus
3385 1182 3510 1236 qua
3575 1180 3691 1220 non

2045 1257 2250 1312 decent
2279 1259 2336 1310 et
2365 1273 2491 1327 quas
2520 1255 2616 1310 alii
2649 1256 2834 1326 magis
2895 1271 3071 1327 quam
3125 1256 3174 1311 ei
3231 1254 3607 1322 conveniunt,
3636 1258 3693 1308 et

2044 1361 2160 1400 non
2187 1345 2582 1401 erubescimus
2633 1345 2813 1400 solem
2865 1345 3083 1400 ultimas
3131 1343 3452 1400 atrocitatis
3502 1343 3692 1398 facere

2045 1439 2270 1496 testem.
2303 1433 2479 1489 veluti
2512 1435 2558 1489 si
2603 1434 2734 1505 quis
2793 1433 3108 1506 Cephalum
3167 1438 3223 1489 et
3277 1433 3694 1504 Aristophonta

2046 1528 2344 1580 accusaret
2375 1539 2705 1595 perversam
2737 1523 3011 1579 habuisse
3041 1523 3237 1588 vitam,
3273 1523 3490 1593 quibus
3533 1527 3692 1576 tanta

2045 1615 2302 1684 probitas
2335 1615 2540 1683 inerat,
2599 1619 2662 1669 ut
2695 1632 2810 1670 non
2845 1618 3070 1670 tantum
3100 1615 3253 1669 inter
3283 1631 3345 1669 se
3376 1613 3446 1670 de
3477 1613 3689 1667 virtute

2045 1708 2351 1769 certarent,
2384 1705 2485 1760 sed
2517 1703 2692 1760 etiam
2720 1705 2839 1758 sint
2868 1703 2997 1758 aliis
3025 1701 3427 1759 excellentium
3456 1716 3685 1758 morum

2045 1791 2344 1864 exemplar
2361 1794 2388 1846 ?

352 1887 431 1943 Οὐ
455 1890 643 1941 τοίνυν
673 1889 733 1942 τὸ
781 1883 1170 1955 διαϐεϐλῆσθαι
1215 1887 1378 1958 μόνον
1411 1885 1593 1955 αὐτὸς,
1633 1890 1792 1940 τοῦτο
1825 1883 1930 1940 δει-

2116 1882 2241 1938 Non
2284 1885 2512 1937 tantum
2563 1897 2698 1954 ergo
2749 1897 2872 1938 sese
2939 1883 3198 1938 accusari
3245 1879 3691 1938 acerbissimum

289 1982 367 2031 νον
396 1977 660 2038 ἐπιεικῶς
710 1975 1033 2049 Χανδρηνῷ,
1071 1972 1238 2048 μηδὲν
1279 1979 1525 2031 τοιοῦτον
1576 1977 1720 2048 παρά
1761 1977 1933 2029 πάντα

291 2067 582 2121 πεπονθότι
614 2067 706 2120 τὸν
736 2066 876 2140 βίον,
907 2063 1052 2120 ἀλλὰ
1090 2063 1180 2118 καὶ
1222 2063 1419 2135 πολλῷ
1466 2065 1662 2119 τούτου
1708 2061 1934 2119 δεινότε-

299 2176 378 2226 ρον
407 2158 476 2211 τὸ
519 2156 696 2210 πάντα
727 2157 822 2228 μὲν
856 2155 920 2210 τὰ
953 2152 1178 2228 βελτίω,
1207 2156 1444 2229 πονηρὸν
1495 2151 1540 2208 δ’
1588 2151 1740 2209 οὐδὲν
1789 2153 1935 2224 αὑτῷ

304 2244 598 2315 συνειδότα,
643 2245 734 2299 καὶ
774 2242 1068 2305 πλείστους
1102 2245 1195 2316 μὶν
1238 2243 1327 2298 ἐπὶ
1373 2249 1490 2304 τοῖς
1539 2237 1716 2320 ἔργοις
1765 2244 1934 2317 προσ-

302 2336 537 2390 δοκῶντα
592 2335 912 2411 στεφάνους,
958 2332 1160 2393 πάντας
1211 2331 1279 2401 δ’,
1325 2334 1397 2394 ὡς
1468 2331 1654 2402 εἰπεῖν,
1725 2335 1934 2406 θαυμα-

301 2429 403 2488 στὰς
457 2423 691 2499 ἔχοντα,
740 2419 903 2479 ἔπειτ’
946 2423 1050 2498 οὐχ
1100 2425 1248 2484 ὅπως
1298 2427 1546 2478 τοιοῦτον
1607 2419 1760 2476 οὐδὲν
1807 2422 1934 2476 ὁπο-

307 2524 497 2585 στῆναι,
550 2513 702 2569 ἀλλὰ
748 2513 838 2568 καὶ
885 2515 1086 2568 τοιαῦτ’
1143 2511 1522 2587 ἐγκεκλῆσθαι,
1576 2512 1606 2565 ἃ
1671 2517 1930 2584 ποταμῶν

310 2602 540 2678 ἇνω(25)
591 2602 682 2657 καὶ
731 2609 831 2671 τῆς
881 2602 1044 2657 αὐτοῦ
1095 2602 1321 2678 φύσεως.
1376 2606 1498 2663 Πῶς
1547 2603 1648 2676 γὰρ
1683 2600 1780 2655 οὐκ
1811 2599 1934 2659 51:0-

306 2715 381 2748 πον
423 2693 522 2748 καὶ
581 2692 867 2768 ὑπερφυὲς,
917 2691 964 2746 εἰ
1003 2691 1315 2765 πραότητος
1350 2691 1444 2764 μὶν
1473 2690 1561 2744 καὶ
1596 2687 1936 2760 δικαιοσύνης

297 2786 364 2838 καί
417 2784 671 2850 πάντων,
706 2781 780 2842 ὡς
833 2781 1160 2848 εἷπεῖν,τῶν
1211 2778 1516 2835 καλλίστων
1570 2779 1648 2858 ἐφ’
1700 2780 1842 2834 οὕτω
1885 2801 1936 2833 τι

291 2874 460 2940 ἥκων,
507 2873 583 2931 ὡς
636 2869 872 2925 ἐντεῦθεν
915 2869 1268 2944 γνωρίζεσθαι
1309 2870 1396 2923 καὶ
1436 2873 1586 2924 ταῦτ’
1627 2868 1760 2923 εἶναι
1797 2866 1937 2940 μᾶλ-

291 2961 379 3018 λον
415 2963 708 3034 πρόσρημ⁹
737 2959 904 3031 αὐτῷ,
936 2964 1042 3013 τῶν
1074 2956 1120 3012 δ’
1160 2957 1411 3014 ἐναντίων
1467 2961 1541 3031 μ-ὶ,
1596 2959 1677 3012 ὅτι
1724 2963 1936 3032 πεῖραν,

297 3053 308 3068 τ
404 3055 418 3067 ι
536 3050 550 3068 \
691 3048 699 3064 ν
1146 3047 1156 3066 Ι
1345 3045 1402 3068 VA,
1512 3046 1524 3065 ⁷
1653 3044 1721 3068 τίδ’
1787 3049 1792 3058 ¹

285 3053 430 3108 αλλα
458 3072 552 3104 και
605 3048 850 3120 τοῦνομα
898 3045 1288 3122 δυσχεραινων,
1324 3048 1384 3101 ὁο
1411 3091 1425 3116 ,
1470 3067 1588 3118 ουκ,
1622 3067 1702 3100 etc
1766 3049 1936 3114 ὁπως,

286 3142 370 3196 καὶ
427 3140 669 3213 θράσους
715 3136 871 3211 ἔσχεν
945 3137 1141 3208 αἰτίαν,
1190 3151 1279 3191 και
1341 3140 1488 3192 ταῦτ’
1533 3136 1584 3191 ἐν
1643 3134 1784 3208 τῶδε
1841 3139 1938 3201 τῆς

286 3229 543 3306 ἠλικξας,
595 3227 686 3282 ὅτε
752 3226 863 3296 καὶ,
924 3225 975 3281 εἷ’
1027 3227 1076 3281 τί
1128 3246 1233 3280 που
1280 3226 1531 3296 νεότητος
1572 3224 1938 3304 ἐφόλκιον-ἧν,

285 3317 393 3374 ἔδει
425 3320 740 3372 πεπαῦσθαι
766 3337 780 3386 ;

357 3414 530 3464 Δυοῖν
579 3408 757 3462 τοίνυν
801 3405 1002 3479 ἀνάγκη
1059 3405 1278 3480 θάτερον
1312 3426 1324 3437 '

286 3499 398 3553 λων
444 3495 560 3551 ἐστὶ
610 3497 674 3550 τὸ
718 3495 1088 3569 θρασύνεσθαι,
1138 3494 1286 3567 εἴπερ
1338 3498 1364 3548 ὁ
1407 3501 1514 3550 τῶν
1563 3493 1772 3571 ἀνδρῶν
1815 3495 1936 3569 ἄρι-

286 3609 410 3648 στος
463 3584 664 3660 θρασὺς
713 3585 840 3658 παρ’
882 3585 1089 3653 αὐτοῖς,
1125 3585 1182 3654 ἢ,
1235 3584 1279 3638 εἶ
1329 3590 1434 3638 τῶν
1479 3583 1724 3657 φαύλων,
1763 3582 1938 3638 ἄλλου

283 3675 650 3749 κατηγόρημ⁹
681 3673 738 3728 ἂν
788 3672 870 3744 εἴη
920 3673 1044 3728 τόδε
1092 3675 1182 3729 καὶ
1235 3674 1334 3728 ούκ
1381 3673 1566 3741 αύτοῦ,
1601 3673 1748 3744 εἴπερ
1779 3674 1937 3734 οὗτος

284 3763 552 3821 τάναντία
605 3763 811 3819 τούτων
872 3764 962 3818 καὶ
1027 3766 1280 3843 πεφυκὼς
1333 3764 1421 3818 καὶ
1491 3762 1936 3837 πολιτευόμενος.

287 3857 349 3912 Εἴ
384 3852 448 3910 δὲ
501 3853 691 3929 βούλει
741 3853 831 3908 καὶ
883 3851 1054 3917 οὕτως
1089 3875 1100 3887 ·
1132 3855 1174 3908 εἰ
1229 3855 1320 3927 μὲν
1373 3851 1540 3908 καλὸν
1581 3856 1615 3923 ἡ
1648 3851 1940 3928 θρασύτης,

285 3946 378 4000 καὶ
435 3940 762 4015 Χανδρηνὸς
803 3943 861 3998 ἂν
922 3942 1007 4013 εἴη
1051 3947 1301 4006 τοιοῦτος
1350 3943 1516 4017 ταύτῃ
1577 3944 1942 4018 χρθσάμενος,

289 4037 494 4091 οὔκουν
548 4031 748 4102 αίτίας,
798 4030 924 4087 ἀλλ’
954 4032 1184 4088 ἐπαίνων
1233 4033 1378 4105 ἄξιος
1415 4053 1427 4066 ·
1479 4034 1524 4088 εἰ
1570 4031 1627 4087 δὲ
1665 4031 1944 4108 αἴσχιστον

293 4127 392 4197 μὲν
455 4127 626 4177 τοῦτο
679 4122 769 4176 καὶ
823 4121 1016 4194 μανίας
1067 4121 1244 4198 ἐγγὺς,
1299 4123 1479 4195 τούτῳ
1516 4118 1572 4177 δὲ
1618 4120 1832 4194 πάντες,
1873 4123 1945 4182 ὡς

288 4213 456 4284 καλῷ
496 4211 745 4284 κάγαθῷ,
781 4209 956 4266 πάντα
985 4212 1049 4266 τὰ
1103 4210 1358 4284 βέλτιστα
1406 4211 1496 4265 καὶ
1533 4210 1826 4285 βούλονται
1856 4209 1945 4264 καὶ

290 4301 676 4375 συνεύχονται,
742 4299 848 4374 ούχ
904 4301 1017 4375 ὁρω
1074 4305 1190 4362 πῶς
1247 4298 1306 4354 ἄν
1355 4321 1492 4362 τινες
1537 4299 1749 4372 μᾶλλον
1780 4319 1944 4353 κατα-

288 4395 480 4468 φανεῖς
541 4388 783 4466 γένοιντο
852 4393 1326 4468 συκοφαντοῦντες,
1382 4390 1471 4443 καὶ
1530 4393 1663 4467 σφᾶς
1722 4388 1945 4457 πύτοὺς,

291 4481 368 4542 ὡς
431 4477 535 4533 οὐκ
580 4475 760 4548 ἀληθῆ
815 4475 1090 4552 λέγουσιν,
1133 4476 1533 4554 ἐξελέγχοντες,
1566 4478 1598 4531 ἃ
1649 4478 1724 4549 μὴ
1780 4475 1946 4549 ἔξεστι

293 4569 575 4645 λέγοντες,
607 4567 720 4635 καὶ,
753 4567 782 4621 ’ὸ
816 4566 1036 4640 μάλιστ’
1082 4565 1141 4621 ἄν
1192 4588 1274 4628 τις
1322 4567 1452 4642 ὑπὲρ
1493 4568 1658 4622 αὐτοῦ
1703 4567 1792 4621 καὶ
1831 4568 1946 4620 κατ’

1369 3406 1426 3474 ἢ,
1465 3406 1540 3468 ὡς
1574 3406 1634 3460 ού
1665 3410 1772 3459 τῶν
1806 3406 1938 3481 φαύ-

2047 1971 2272 2026 videtur
2301 1971 2665 2038 Chandreno,
2691 1972 2792 2041 qui
2815 1969 2895 2025 nil
2924 1970 3033 2026 tale
3055 1971 3113 2026 in
3137 1971 3296 2026 omni
3319 1969 3436 2025 vita
3476 1985 3686 2040 passus

2045 2065 2153 2128 est,
2185 2062 2283 2116 sed
2319 2062 2494 2117 etiam
2546 2060 2692 2116 illud
2751 2061 2935 2117 multo
2995 2061 3260 2116 acerbius
3320 2061 3495 2132 quod,
3557 2075 3690 2115 cum

2044 2149 2452 2206 excellentiora
2473 2167 2735 2221 quaeque,
2770 2150 2851 2204 nil
2898 2166 3033 2206 vero
3065 2151 3284 2206 malum
3345 2151 3456 2205 sibi
3500 2151 3690 2204 inesse

2045 2238 2312 2294 conscius
2342 2239 2434 2299 sit,
2460 2244 2515 2294 et
2538 2239 2748 2294 multas
2771 2239 2842 2295 ob
2863 2239 3005 2295 bene
3025 2243 3188 2310 gesta
3209 2244 3502 2311 exspectet
3528 2254 3690 2294 coro-

2047 2345 2175 2396 nas,
2194 2344 2391 2384 omnes
2415 2328 2571 2383 utita
2593 2329 2806 2398 dicam,
2823 2328 3205 2385 admiratores
3228 2328 3459 2395 habeat,
3482 2326 3690 2382 deinde

2046 2433 2162 2473 non
2194 2419 2362 2472 modo
2393 2416 2508 2473 tale
2538 2417 2648 2473 sibi
2684 2418 2999 2489 quidquam
3022 2417 3269 2486 affuerit,
3290 2419 3387 2473 sed
3415 2416 3590 2473 etiam
3623 2417 3692 2471 de

2045 2506 2138 2562 his
2168 2513 2472 2563 accusetur
2511 2524 2637 2579 qua;
2671 2507 2981 2563 ﬂuminum
3041 2523 3274 2563 sursum
3321 2523 3520 2562 versus
3558 2510 3692 2562 sunt

2045 2605 2102 2654 et
2133 2598 2488 2670 hujusmodl.
2523 2599 2822 2663 Quomodo
2855 2615 2969 2654 non
2997 2599 3316 2655 absurdum
3359 2603 3450 2653 est
3479 2601 3535 2653 et
3566 2597 3694 2652 sin-

2046 2689 2266 2761 gulare,
2299 2688 2347 2744 si
2381 2689 2452 2743 ad
2487 2693 2702 2744 tantam
2737 2688 3244 2744 mansuetudinem
3275 2692 3333 2744 et
3364 2687 3695 2758 aequitatem

2047 2783 2104 2835 et
2133 2779 2353 2848 omnia,
2389 2783 2452 2834 ut
2483 2780 2560 2834 ita
2592 2780 2804 2845 dicam,
2859 2779 3251 2848 pulcherrima
3305 2778 3589 2844 ascendit,
3636 2781 3700 2830 ut

2048 2867 2183 2922 inde
2214 2867 2540 2923 innotescat
2570 2872 2627 2923 et
2655 2868 2749 2923 his
2785 2869 3035 2923 maxime
3066 2866 3410 2936 celebretur,
3456 2871 3513 2920 et
3570 2881 3699 2937 qua

2049 2956 2142 3012 his
2188 2958 2478 3012 contraria
2539 2965 2674 3013 sunt
2720 2974 2834 3014 non
2898 2958 3070 3013 modo
3120 2957 3325 3025 facere,
3375 2957 3475 3012 sed
3520 2956 3698 3011 etiam

2049 3044 2353 3100 nominare
2384 3045 2715 3115 abhorreat,
2750 3062 2907 3111 eum,
2941 3045 3137 3102 nescio
3167 3045 3481 3117 quomodo,
3517 3044 3696 3099 auda-

2048 3133 2151 3192 ci
2183 3135 2404 3192 crimen
2439 3136 2751 3208 suscipere,
2785 3140 2841 3191 et
2873 3135 3191 3208 prasertim
3216 3136 3274 3190 in
3317 3139 3482 3190 tanta
3510 3137 3698 3197 aetate,

2056 3225 2261 3297 possit,
2295 3242 2454 3296 eum,
2485 3226 2536 3282 si
2584 3227 2721 3296 quid
2771 3227 2893 3282 vitii
2951 3225 3226 3298 reliquum
3279 3242 3348 3282 ex
3395 3226 3699 3296 juventute

2054 3315 2424 3384 remanserit,
2457 3331 2682 3371 cessare
2713 3315 3050 3388 oporteret?

2122 3404 2202 3460 Ex
2233 3405 2460 3460 duobus
2483 3406 2833 3461 alterutrum
2865 3405 2937 3460 sit
2969 3421 3204 3460 necesse
3227 3408 3312 3459 est
3344 3421 3358 3460 :
3385 3407 3507 3471 aut,
3539 3403 3701 3474 igna-

2053 3513 2252 3553 vorum
2276 3499 2573 3569 proprium
2594 3515 2707 3555 non
2732 3501 2821 3555 est
2843 3499 3108 3565 audacia,
3124 3498 3424 3570 siquidem
3446 3495 3698 3552 virorum

2053 3585 2309 3658 optimus
2358 3588 2510 3658 apud
2543 3604 2640 3643 eos
2671 3589 2865 3644 audax
2895 3595 2998 3654 est,
3031 3592 3133 3642 aut
3155 3587 3204 3643 si
3237 3587 3582 3658 ignavorum
3609 3591 3700 3641 est

2053 3676 2372 3748 proprium,
2395 3675 2546 3732 alius
2578 3678 2676 3734 sed
2711 3694 2827 3732 non
2850 3677 2948 3733 ille
2977 3677 3036 3731 in
3056 3677 3205 3733 hanc
3227 3675 3698 3732 criminationem

2053 3766 2231 3830 venit,
2265 3765 2556 3836 siquidem
2588 3765 2684 3822 ille
2715 3783 2942 3837 semper
2973 3773 3180 3822 natura
3210 3770 3267 3822 et
3326 3765 3444 3820 vita
3501 3765 3572 3818 ab
3632 3763 3703 3818 iis

2056 3851 2421 3922 discrepavit.
2453 3853 2566 3907 Aut
2596 3852 2644 3907 si
2670 3853 2760 3909 vis
2791 3852 2872 3908 ita
2903 3867 2996 3908 res
3025 3856 3114 3908 est
3145 3869 3157 3905 :
3219 3852 3264 3906 si
3324 3850 3568 3921 pulchra
3625 3851 3705 3904 sit

2057 3939 2318 4006 audacia,
2352 3943 2408 3994 et
2436 3940 2806 3996 Chandrenus
2840 3940 2942 3995 illa
2973 3957 3105 3996 cum
3132 3957 3276 3995 usus
3308 3939 3405 4007 sit,
3435 3956 3551 3994 non
3583 3939 3701 3993 cri-

2056 4027 2396 4095 minatione,
2429 4028 2532 4085 sed
2563 4029 2735 4086 laude
2765 4029 2980 4101 dignus
3010 4029 3227 4085 evasit:
3275 4028 3323 4084 si
3375 4032 3566 4084 autem
3606 4026 3704 4081 illa

2057 4117 2392 4190 turpissima
2417 4126 2471 4174 et
2508 4119 2773 4174 amantius
2829 4118 3101 4188 ﬁnitima,
3163 4135 3294 4174 cum
3349 4133 3555 4173 omnes
3616 4115 3702 4170 illi

2057 4211 2253 4278 utpote
2300 4207 2454 4264 bono
2501 4209 2796 4280 proboque
2838 4209 3063 4280 optima
3115 4224 3361 4281 quasque
3406 4206 3586 4262 velint
3645 4209 3702 4260 et

2057 4301 2310 4360 exorent,
2345 4315 2458 4353 non
2492 4299 2654 4354 video
2684 4315 2785 4356 cur
2815 4299 3055 4370 quidam
3090 4297 3255 4354 illum
3285 4301 3474 4367 agerte
3507 4295 3701 4368 potius

2057 4384 2466 4454 criminentur,
2486 4395 2539 4442 et
2557 4387 2799 4458 seipsos,
2821 4404 2936 4442 non
2961 4389 3115 4460 quod
3140 4403 3341 4443 verum
3364 4390 3453 4442 est
3493 4383 3703 4440 dixisse

2054 4475 2424 4543 convincant,
2446 4493 2573 4547 quas
2595 4491 2712 4532 non
2736 4477 2943 4532 decent
2965 4475 3248 4547 dicantet,
3274 4475 3427 4547 quod
3455 4475 3703 4530 maxime

2056 4562 2269 4633 aliquis
2302 4581 2404 4634 pro
2435 4562 2533 4619 illo
2563 4572 2618 4620 et
2667 4570 2872 4621 contra
2917 4580 3014 4620 eos
3062 4568 3411 4637 precaretur,
3463 4561 3703 4618 mirabi-

294 4658 480 4713 αὐτῶν
537 4654 772 4726 εὔξαιτο,
833 4657 1266 4730 θαυμαστότερον
1325 4662 1515 4712 τοῦτον
1574 4662 1693 4720 ταῖς
1749 4657 1938 4718 αἰτίαις

2058 4651 2263 4707 liorem
2297 4652 2464 4708 illum
2500 4670 2598 4724 per
2626 4653 3064 4711 criminationes
3097 4653 3621 4723 ostendant,quam
3652 4651 3702 4706 si

294 4745 627 4815 δεικνύντες,
679 4745 714 4814 ἢ
775 4745 819 4800 εἰ
867 4744 1103 4808 πολλοῖς
1155 4745 1400 4821 ἐχρῶντο
1450 4748 1564 4801 κατ’
1622 4747 1785 4800 αὐτοῦ
1832 4752 1946 4807 τοῖς

296 4837 564 4896 ἐπαίνοις.
627 4838 852 4909 Πρῶτον
885 4837 978 4908 μὲν
1013 4837 1140 4910 γὰρ,
1181 4835 1232 4890 ἐν
1263 4840 1343 4907 τῷ
1389 4842 1505 4890 κατ’
1552 4837 1716 4890 αὐτοῦ
1765 4833 1938 4910 λέγειν

294 4922 586 4985 τούτουςᾶ
643 4923 718 4995 μὴ
779 4919 882 4991 δεῖ,
941 4921 1298 4979 διανίστανται
1352 4923 1546 4985 πάντες
1607 4924 1732 4995 ὑαὲρ
1778 4921 1941 4977 αὐτοῦ

298 5011 479 5089 λέγειν
511 5010 545 5066 ἃ
574 5010 677 5082 δεῖ,
706 5011 798 5066 καὶ
828 5011 952 5074 τούς
985 5033 1043 5088 γε
1074 5011 1170 5066 δύο
1207 5013 1242 5080 ἢ
1283 5017 1430 5088 τρεῖς
1481 5013 1688 5068 τούτων
1739 5009 1941 5090 φληνά-

295 5123 432 5179 φους
468 5102 496 5155 ὁ
554 5105 664 5156 τῶν
713 5101 1006 5176 ἐγκωμίων
1058 5100 1222 5174 ἐσμὸς
1267 5102 1585 5176 παρασύρει,
1633 5101 1721 5155 καὶ
1765 5099 1971 5162 οὐδείς’

295 5191 356 5251 ’ὸς
413 5191 525 5267 οὐχ
588 5191 720 5262 ὑπερ
779 5189 942 5244 αὐτοῦ
989 5191 1076 5246 καὶ
1124 5196 1236 5245 κατ’
1287 5189 1463 5246 αὐτῶν
1506 5189 1707 5264 γίνεται
1758 5191 1942 5264 ῥήτωρ

299 5276 533 5354 εὔπορος
568 5298 582 5312 ’
615 5275 821 5350 ἔπειτα,
856 5279 902 5333 εἰ
933 5284 1051 5342 τοῖς
1102 5276 1191 5334 διὰ
1239 5281 1362 5355 βίου
1399 5279 1794 5355 πονηροτάτοις
1845 5280 1946 5333 οὐκ

375 5426 486 5495 (24)
513 5425 809 5496 Cephalus
841 5429 1014 5482 notus
1035 5434 1120 5481 est
1150 5442 1180 5482 e
1210 5426 1396 5496 primo
1442 5426 1747 5482 Platonica:
1806 5425 1942 5481 Rei-

301 5495 549 5567 plubicm
578 5495 750 5552 libro.
781 5502 867 5552 An
913 5498 1071 5554 hunc
1117 5495 1429 5567 respexerit
1469 5506 1658 5553 orator
1707 5497 1939 5558 nescio;

303 5569 579 5640 necquis
648 5568 726 5640 sit
789 5569 1134 5638 Aristophon
1167 5568 1264 5624 ille
1298 5570 1463 5624 facile
1501 5568 1767 5625 dixerim.
1791 5569 1946 5634 Quos

301 5639 436 5696 novi
469 5639 917 5713 Aristophontes
975 5646 1138 5697 tanta
1183 5641 1414 5696 virtutis
1463 5640 1635 5696 laude
1683 5640 1949 5698 ﬂoruisse

2059 4742 2259 4797 multis
2291 4743 2564 4800 laudibus
2594 4743 2761 4800 illum
2793 4745 3190 4813 cumularent;
3226 4744 3480 4814 primum
3523 4739 3702 4806 enim,

2058 4847 2192 4887 cum
2225 4831 2504 4888 adversus
2533 4831 2703 4888 illum
2737 4831 2832 4888 isti
2890 4833 3090 4888 dicunt
3139 4849 3268 4904 quas
3318 4847 3434 4886 non
3478 4832 3705 4899 oportet

2052 4935 2254 4975 omnes
2285 4926 2598 4993 exsurgant
2631 4926 2694 4978 ut
2723 4939 2847 4993 quae
2879 4927 3102 4994 Oportet
3123 4923 3192 4978 de
3217 4921 3314 4977 illo
3357 4921 3702 4985 edisserant,

2053 5018 2107 5065 et
2128 5010 2268 5065 duas
2299 5016 2400 5066 aut
2420 5016 2536 5068 tres
2558 5028 2760 5068 eorum
2784 5013 3034 5083 ineptias
3058 5013 3298 5067 laudum
3326 5009 3506 5066 moles
3523 5013 3704 5066 trans-

2052 5100 2241 5166 vertit,
2270 5106 2327 5156 et
2355 5117 2526 5158 nemo
2557 5105 2646 5157 est
2672 5102 2772 5173 qui
2803 5117 2920 5156 non
2950 5118 3052 5175 pro
3090 5100 3188 5157 illo
3227 5105 3286 5157 et
3343 5105 3545 5156 contra
3602 5117 3700 5157 eos

2052 5189 2326 5260 copiosus
2357 5191 2598 5246 exsistat
2629 5195 2842 5246 orator.
2871 5190 3108 5258 Deinde,
3153 5189 3201 5245 si
3245 5190 3381 5260 quis
3435 5188 3704 5246 homines

2054 5293 2333 5348 perversae
2357 5280 2486 5337 vitea
2507 5296 2621 5335 non
2647 5283 2948 5335 accusaret
2978 5284 3043 5334 ut
3073 5278 3419 5335 malefacere
3439 5285 3702 5351 pergant,

2056 5427 2318 5509 nopdum
2351 5426 2626 5496 comperi.
2664 5425 2737 5481 Ea
2788 5426 2982 5482 forsan
3045 5427 3281 5483 nomina
3328 5431 3546 5483 temere
3595 5443 3704 5498 po-

2059 5501 2347 5644 Ὓξέὲὶῡθ
2385 5569 2690 5644 Ριξρνρὼὶρ
2716 5565 2828 5623 ἅνω
2876 5574 3138 5644 ποταμῶν
3202 5571 3446 5644 χωροῆσι
3505 5567 3701 5644 πηγαὶ,

2055 5639 2186 5696 vide
2216 5639 2474 5711 Gregorii
2505 5641 2696 5713 Cyprii
2726 5639 3052 5700 Proverbia.
3094 5639 3242 5700 tom:
3271 5639 3489 5698 CXLII.
3541 5639 3696 5694 Enrr.
