  <div class='ocr_page' id='page_1' title='image "/cluster/home/n/w/nwhite01/storage/ocr_20150623/145/mdp.39015061167048/193.png"; bbox 0 0 4062 6308; ppageno 0'>
   <div class='ocr_carea' id='block_1_1' title="bbox 417 410 527 472">
    <p class='ocr_par' dir='ltr' id='par_1_1' title="bbox 417 410 527 472">
     <span class='ocr_line' id='line_1_1' title="bbox 417 410 527 472; baseline 0.027 -3"><span class='ocrx_word' id='word_1_1' title='bbox 417 410 527 472; x_wconf 88' lang='grc'><strong>371</strong></span> 
     </span>
    </p>
   </div>
   <div class='ocr_carea' id='block_1_2' title="bbox 1722 414 2520 477">
    <p class='ocr_par' dir='ltr' id='par_1_2' title="bbox 1722 414 2520 477">
     <span class='ocr_line' id='line_1_2' title="bbox 1722 414 2520 477; baseline 0.003 -3"><span class='ocrx_word' id='word_1_2' title='bbox 1722 414 2119 477; x_wconf 88' lang='lat' dir='ltr'><strong>THEODULI</strong></span> <span class='ocrx_word' id='word_1_3' title='bbox 2167 415 2520 476; x_wconf 85' lang='lat' dir='ltr'><strong>MONACHI</strong></span> 
     </span>
    </p>
   </div>
   <div class='ocr_carea' id='block_1_3' title="bbox 3691 415 3790 474">
    <p class='ocr_par' dir='ltr' id='par_1_3' title="bbox 3691 415 3790 474">
     <span class='ocr_line' id='line_1_3' title="bbox 3691 415 3790 474; baseline 0 -1"><span class='ocrx_word' id='word_1_4' title='bbox 3691 415 3790 474; x_wconf 76' lang='lat'><strong>372</strong></span> 
     </span>
    </p>
   </div>
   <div class='ocr_carea' id='block_1_4' title="bbox 414 545 2066 623">
    <p class='ocr_par' dir='ltr' id='par_1_4' title="bbox 414 548 2061 620">
     <span class='ocr_line' id='line_1_4' title="bbox 414 548 2061 620; baseline 0.002 -19"><span class='ocrx_word' id='word_1_5' title='bbox 414 548 549 604; x_wconf 91' lang='lat' dir='ltr'><strong>inde</strong></span> <span class='ocrx_word' id='word_1_6' title='bbox 579 549 845 619; x_wconf 85' lang='lat' dir='ltr'><strong>sequitur</strong></span> <span class='ocrx_word' id='word_1_7' title='bbox 876 553 934 605; x_wconf 92' lang='lat' dir='ltr'><strong>et</strong></span> <span class='ocrx_word' id='word_1_8' title='bbox 965 564 1196 605; x_wconf 88' lang='lat' dir='ltr'><strong>necesse</strong></span> <span class='ocrx_word' id='word_1_9' title='bbox 1223 564 1290 604; x_wconf 85' lang='lat' dir='ltr'><strong>ex</strong></span> <span class='ocrx_word' id='word_1_10' title='bbox 1321 550 1500 606; x_wconf 88' lang='lat' dir='ltr'><strong>altera</strong></span> <span class='ocrx_word' id='word_1_11' title='bbox 1532 554 1691 620; x_wconf 85' lang='lat' dir='ltr'><strong>parte</strong></span> <span class='ocrx_word' id='word_1_12' title='bbox 1723 555 1787 605; x_wconf 92' lang='lat' dir='ltr'><strong>ut</strong></span> <span class='ocrx_word' id='word_1_13' title='bbox 1824 551 1874 607; x_wconf 89' lang='lat' dir='ltr'><strong>ei</strong></span> <span class='ocrx_word' id='word_1_14' title='bbox 1922 550 2061 620; x_wconf 90' lang='lat' dir='ltr'><strong>quid</strong></span> 
     </span>
    </p>
   </div>
   <div class='ocr_carea' id='block_1_5' title="bbox 2180 545 3793 623">
    <p class='ocr_par' dir='ltr' id='par_1_5' title="bbox 2180 545 3793 623">
     <span class='ocr_line' id='line_1_5' title="bbox 2180 545 3793 623; baseline -0.001 -20"><span class='ocrx_word' id='word_1_15' title='bbox 2180 545 2237 602; x_wconf 76' lang='grc' dir='ltr'>ἄν</span> <span class='ocrx_word' id='word_1_16' title='bbox 2283 570 2366 609; x_wconf 90' lang='grc' dir='ltr'><strong>τις</strong></span> <span class='ocrx_word' id='word_1_17' title='bbox 2414 547 2696 623; x_wconf 75' lang='grc' dir='ltr'><strong>ἐγκαλέσαι</strong></span> <span class='ocrx_word' id='word_1_18' title='bbox 2754 549 2943 602; x_wconf 87' lang='grc' dir='ltr'>κακίαν</span> <span class='ocrx_word' id='word_1_19' title='bbox 3000 551 3080 620; x_wconf 84' lang='grc' dir='ltr'>τῷ</span> <span class='ocrx_word' id='word_1_20' title='bbox 3139 549 3507 617; x_wconf 87' lang='grc' dir='ltr'>συντετηκέναι</span> <span class='ocrx_word' id='word_1_21' title='bbox 3549 548 3793 617; x_wconf 71' lang='grc' dir='ltr'>καθάπαν,</span> 
     </span>
    </p>
   </div>
   <div class='ocr_carea' id='block_1_6' title="bbox 416 634 2063 711">
    <p class='ocr_par' dir='ltr' id='par_1_6' title="bbox 416 634 2063 711">
     <span class='ocr_line' id='line_1_6' title="bbox 416 634 2063 711; baseline 0.004 -23"><span class='ocrx_word' id='word_1_22' title='bbox 416 634 621 691; x_wconf 78' lang='lat' dir='ltr'><strong>falsum</strong></span> <span class='ocrx_word' id='word_1_23' title='bbox 692 638 957 705; x_wconf 77' lang='lat' dir='ltr'><strong>dixerint,</strong></span> <span class='ocrx_word' id='word_1_24' title='bbox 1027 654 1161 693; x_wconf 90' lang='lat' dir='ltr'><strong>cum</strong></span> <span class='ocrx_word' id='word_1_25' title='bbox 1224 638 1461 693; x_wconf 76' lang='lat' dir='ltr'><strong>veritate</strong></span> <span class='ocrx_word' id='word_1_26' title='bbox 1516 638 1853 710; x_wconf 88' lang='lat' dir='ltr'><strong>loquantur.</strong></span> <span class='ocrx_word' id='word_1_27' title='bbox 1916 641 2063 711; x_wconf 92' lang='lat' dir='ltr'><strong>Ergo</strong></span> 
     </span>
    </p>
   </div>
   <div class='ocr_carea' id='block_1_7' title="bbox 425 725 2066 798">
    <p class='ocr_par' dir='ltr' id='par_1_7' title="bbox 425 725 2066 798">
     <span class='ocr_line' id='line_1_7' title="bbox 425 725 2066 798; baseline 0.004 -21"><span class='ocrx_word' id='word_1_28' title='bbox 425 740 549 793; x_wconf 62' lang='lat' dir='ltr'><strong>qua:</strong></span> <span class='ocrx_word' id='word_1_29' title='bbox 583 725 663 778; x_wconf 86' lang='lat' dir='ltr'><strong>illi</strong></span> <span class='ocrx_word' id='word_1_30' title='bbox 697 725 1065 795; x_wconf 83' lang='lat' dir='ltr'><strong>exprobrant,</strong></span> <span class='ocrx_word' id='word_1_31' title='bbox 1087 726 1211 782; x_wconf 65' lang='lat' dir='ltr'><strong>hec</strong></span> <span class='ocrx_word' id='word_1_32' title='bbox 1240 742 1373 782; x_wconf 90' lang='lat' dir='ltr'><strong>eum</strong></span> <span class='ocrx_word' id='word_1_33' title='bbox 1396 726 1678 798; x_wconf 88' lang='lat' dir='ltr'><strong>optimum</strong></span> <span class='ocrx_word' id='word_1_34' title='bbox 1698 743 1827 783; x_wconf 90' lang='lat' dir='ltr'><strong>esse</strong></span> <span class='ocrx_word' id='word_1_35' title='bbox 1858 729 2066 784; x_wconf 86' lang='lat' dir='ltr'><strong>conﬁr-</strong></span> 
     </span>
    </p>
   </div>
   <div class='ocr_carea' id='block_1_8' title="bbox 422 816 2062 887">
    <p class='ocr_par' dir='ltr' id='par_1_8' title="bbox 422 816 2062 887">
     <span class='ocr_line' id='line_1_8' title="bbox 422 816 2062 887; baseline 0.004 -20"><span class='ocrx_word' id='word_1_36' title='bbox 422 819 605 880; x_wconf 89' lang='lat' dir='ltr'><strong>mant,</strong></span> <span class='ocrx_word' id='word_1_37' title='bbox 639 819 695 869; x_wconf 91' lang='lat' dir='ltr'><strong>et</strong></span> <span class='ocrx_word' id='word_1_38' title='bbox 725 816 1001 885; x_wconf 88' lang='lat' dir='ltr'><strong>quoniam</strong></span> <span class='ocrx_word' id='word_1_39' title='bbox 1034 816 1106 870; x_wconf 89' lang='lat' dir='ltr'><strong>iis</strong></span> <span class='ocrx_word' id='word_1_40' title='bbox 1144 833 1271 887; x_wconf 71' lang='lat' dir='ltr'><strong>quae</strong></span> <span class='ocrx_word' id='word_1_41' title='bbox 1320 816 1664 887; x_wconf 81' lang='lat' dir='ltr'><strong>exprobrant</strong></span> <span class='ocrx_word' id='word_1_42' title='bbox 1717 818 1890 872; x_wconf 76' lang='lat' dir='ltr'><strong>fidem</strong></span> <span class='ocrx_word' id='word_1_43' title='bbox 1948 834 2062 874; x_wconf 93' lang='lat' dir='ltr'><strong>non</strong></span> 
     </span>
    </p>
   </div>
   <div class='ocr_carea' id='block_1_9' title="bbox 426 904 2064 979">
    <p class='ocr_par' dir='ltr' id='par_1_9' title="bbox 426 904 2064 979">
     <span class='ocr_line' id='line_1_9' title="bbox 426 904 2064 979; baseline 0.004 -22"><span class='ocrx_word' id='word_1_44' title='bbox 426 904 654 969; x_wconf 91' lang='lat' dir='ltr'><strong>habent,</strong></span> <span class='ocrx_word' id='word_1_45' title='bbox 688 907 788 960; x_wconf 92' lang='lat' dir='ltr'><strong>sed</strong></span> <span class='ocrx_word' id='word_1_46' title='bbox 823 922 1035 976; x_wconf 90' lang='lat' dir='ltr'><strong>susque</strong></span> <span class='ocrx_word' id='word_1_47' title='bbox 1089 908 1275 977; x_wconf 81' lang='lat' dir='ltr'><strong>deque</strong></span> <span class='ocrx_word' id='word_1_48' title='bbox 1327 907 1555 979; x_wconf 81' lang='lat' dir='ltr'><strong>penitus</strong></span> <span class='ocrx_word' id='word_1_49' title='bbox 1603 908 1890 974; x_wconf 85' lang='lat' dir='ltr'><strong>feruntur,</strong></span> <span class='ocrx_word' id='word_1_50' title='bbox 1944 908 2064 963; x_wconf 75' lang='lat' dir='ltr'><strong>haec</strong></span> 
     </span>
    </p>
   </div>
   <div class='ocr_carea' id='block_1_10' title="bbox 421 995 2062 1068">
    <p class='ocr_par' dir='ltr' id='par_1_10' title="bbox 421 995 2062 1068">
     <span class='ocr_line' id='line_1_10' title="bbox 421 995 2062 1068; baseline 0.002 -20"><span class='ocrx_word' id='word_1_51' title='bbox 421 1008 534 1048; x_wconf 91' lang='lat' dir='ltr'><strong>non</strong></span> <span class='ocrx_word' id='word_1_52' title='bbox 566 999 792 1049; x_wconf 89' lang='lat' dir='ltr'><strong>tantum</strong></span> <span class='ocrx_word' id='word_1_53' title='bbox 817 995 1208 1063; x_wconf 83' lang='lat' dir='ltr'><strong>innocentem,</strong></span> <span class='ocrx_word' id='word_1_54' title='bbox 1232 998 1331 1051; x_wconf 91' lang='lat' dir='ltr'><strong>sed</strong></span> <span class='ocrx_word' id='word_1_55' title='bbox 1352 1002 1409 1051; x_wconf 92' lang='lat' dir='ltr'><strong>et</strong></span> <span class='ocrx_word' id='word_1_56' title='bbox 1432 995 1851 1067; x_wconf 70' lang='lat' dir='ltr'><strong>praeclariorem</strong></span> <span class='ocrx_word' id='word_1_57' title='bbox 1885 1013 2062 1068; x_wconf 89' lang='lat' dir='ltr'><strong>quem</strong></span> 
     </span>
    </p>
   </div>
   <div class='ocr_carea' id='block_1_11' title="bbox 420 1084 2062 1156">
    <p class='ocr_par' dir='ltr' id='par_1_11' title="bbox 420 1084 2062 1156">
     <span class='ocr_line' id='line_1_11' title="bbox 420 1084 2062 1156; baseline 0.004 -21"><span class='ocrx_word' id='word_1_58' title='bbox 420 1089 586 1137; x_wconf 90' lang='lat' dir='ltr'><strong>antea</strong></span> <span class='ocrx_word' id='word_1_59' title='bbox 630 1084 965 1149; x_wconf 88' lang='lat' dir='ltr'><strong>ostendunt,</strong></span> <span class='ocrx_word' id='word_1_60' title='bbox 1032 1086 1171 1140; x_wconf 87' lang='lat' dir='ltr'><strong>dum</strong></span> <span class='ocrx_word' id='word_1_61' title='bbox 1231 1086 1341 1156; x_wconf 90' lang='lat' dir='ltr'><strong>ipsi</strong></span> <span class='ocrx_word' id='word_1_62' title='bbox 1392 1086 1452 1139; x_wconf 91' lang='lat' dir='ltr'><strong>in</strong></span> <span class='ocrx_word' id='word_1_63' title='bbox 1504 1086 1908 1141; x_wconf 82' lang='lat' dir='ltr'><strong>criminatione</strong></span> <span class='ocrx_word' id='word_1_64' title='bbox 1971 1086 2062 1141; x_wconf 92' lang='lat' dir='ltr'><strong>in-</strong></span> 
     </span>
    </p>
   </div>
   <div class='ocr_carea' id='block_1_12' title="bbox 416 1173 2062 1247">
    <p class='ocr_par' dir='ltr' id='par_1_12' title="bbox 416 1173 2062 1247">
     <span class='ocr_line' id='line_1_12' title="bbox 416 1173 2062 1247; baseline 0.004 -23"><span class='ocrx_word' id='word_1_65' title='bbox 416 1175 675 1237; x_wconf 84' lang='lat' dir='ltr'><strong>currunt,</strong></span> <span class='ocrx_word' id='word_1_66' title='bbox 706 1178 762 1227; x_wconf 92' lang='lat' dir='ltr'><strong>et</strong></span> <span class='ocrx_word' id='word_1_67' title='bbox 790 1189 856 1228; x_wconf 86' lang='lat' dir='ltr'><strong>ex</strong></span> <span class='ocrx_word' id='word_1_68' title='bbox 889 1173 1032 1245; x_wconf 84' lang='lat' dir='ltr'><strong>ipsis</strong></span> <span class='ocrx_word' id='word_1_69' title='bbox 1063 1174 1169 1229; x_wconf 89' lang='lat' dir='ltr'><strong>has</strong></span> <span class='ocrx_word' id='word_1_70' title='bbox 1201 1191 1400 1245; x_wconf 75' lang='lat' dir='ltr'><strong>pmnas</strong></span> <span class='ocrx_word' id='word_1_71' title='bbox 1432 1192 1547 1230; x_wconf 89' lang='lat' dir='ltr'><strong>non</strong></span> <span class='ocrx_word' id='word_1_72' title='bbox 1610 1175 2062 1247; x_wconf 83' lang='lat' dir='ltr'><strong>reprehensione</strong></span> 
     </span>
    </p>
   </div>
   <div class='ocr_carea' id='block_1_13' title="bbox 417 1262 1878 1334">
    <p class='ocr_par' dir='ltr' id='par_1_13' title="bbox 417 1262 1878 1334">
     <span class='ocr_line' id='line_1_13' title="bbox 417 1262 1878 1334; baseline 0.003 -19"><span class='ocrx_word' id='word_1_73' title='bbox 417 1262 622 1329; x_wconf 85' lang='lat' dir='ltr'><strong>dignas</strong></span> <span class='ocrx_word' id='word_1_74' title='bbox 653 1267 916 1331; x_wconf 90' lang='lat' dir='ltr'><strong>sumunt,</strong></span> <span class='ocrx_word' id='word_1_75' title='bbox 950 1264 1105 1333; x_wconf 89' lang='lat' dir='ltr'><strong>quod</strong></span> <span class='ocrx_word' id='word_1_76' title='bbox 1140 1264 1277 1320; x_wconf 90' lang='lat' dir='ltr'><strong>mali</strong></span> <span class='ocrx_word' id='word_1_77' title='bbox 1301 1265 1506 1321; x_wconf 89' lang='lat' dir='ltr'><strong>merito</strong></span> <span class='ocrx_word' id='word_1_78' title='bbox 1535 1270 1878 1334; x_wconf 82' lang='lat' dir='ltr'><strong>arguuntur.</strong></span> 
     </span>
    </p>
   </div>
   <div class='ocr_carea' id='block_1_14' title="bbox 487 1527 2059 1606">
    <p class='ocr_par' dir='ltr' id='par_1_14' title="bbox 487 1527 2059 1606">
     <span class='ocr_line' id='line_1_14' title="bbox 487 1527 2059 1606; baseline 0.005 -23"><span class='ocrx_word' id='word_1_79' title='bbox 487 1527 544 1583; x_wconf 90' lang='lat' dir='ltr'><strong>Si</strong></span> <span class='ocrx_word' id='word_1_80' title='bbox 576 1528 759 1600; x_wconf 81' lang='lat' dir='ltr'><strong>igitur</strong></span> <span class='ocrx_word' id='word_1_81' title='bbox 788 1546 904 1586; x_wconf 89' lang='lat' dir='ltr'><strong>non</strong></span> <span class='ocrx_word' id='word_1_82' title='bbox 951 1532 1122 1587; x_wconf 90' lang='lat' dir='ltr'><strong>modo</strong></span> <span class='ocrx_word' id='word_1_83' title='bbox 1172 1549 1288 1587; x_wconf 91' lang='lat' dir='ltr'><strong>non</strong></span> <span class='ocrx_word' id='word_1_84' title='bbox 1340 1532 1484 1589; x_wconf 89' lang='lat' dir='ltr'><strong>citra</strong></span> <span class='ocrx_word' id='word_1_85' title='bbox 1533 1549 1765 1590; x_wconf 87' lang='lat' dir='ltr'><strong>omnem</strong></span> <span class='ocrx_word' id='word_1_86' title='bbox 1803 1534 2059 1606; x_wconf 89' lang='lat' dir='ltr'><strong>culpam,</strong></span> 
     </span>
    </p>
   </div>
   <div class='ocr_carea' id='block_1_15' title="bbox 420 1617 2065 1695">
    <p class='ocr_par' dir='ltr' id='par_1_15' title="bbox 420 1617 2065 1695">
     <span class='ocr_line' id='line_1_15' title="bbox 420 1617 2065 1695; baseline 0.006 -23"><span class='ocrx_word' id='word_1_87' title='bbox 420 1617 520 1672; x_wconf 89' lang='lat' dir='ltr'><strong>sed</strong></span> <span class='ocrx_word' id='word_1_88' title='bbox 553 1626 611 1672; x_wconf 91' lang='lat' dir='ltr'><strong>et</strong></span> <span class='ocrx_word' id='word_1_89' title='bbox 660 1620 916 1690; x_wconf 90' lang='lat' dir='ltr'><strong>optimus</strong></span> <span class='ocrx_word' id='word_1_90' title='bbox 956 1621 1125 1691; x_wconf 89' lang='lat' dir='ltr'><strong>plane</strong></span> <span class='ocrx_word' id='word_1_91' title='bbox 1184 1622 1489 1688; x_wconf 78' lang='lat' dir='ltr'><strong>exstiterit,</strong></span> <span class='ocrx_word' id='word_1_92' title='bbox 1545 1628 1603 1679; x_wconf 93' lang='lat' dir='ltr'><strong>et</strong></span> <span class='ocrx_word' id='word_1_93' title='bbox 1648 1641 1949 1695; x_wconf 84' lang='lat' dir='ltr'><strong>perversos</strong></span> <span class='ocrx_word' id='word_1_94' title='bbox 1998 1642 2065 1682; x_wconf 90' lang='lat' dir='ltr'><strong>ac</strong></span> 
     </span>
    </p>
   </div>
   <div class='ocr_carea' id='block_1_16' title="bbox 415 1707 2061 1787">
    <p class='ocr_par' dir='ltr' id='par_1_16' title="bbox 415 1707 2061 1787">
     <span class='ocr_line' id='line_1_16' title="bbox 415 1707 2061 1787; baseline 0.005 -25"><span class='ocrx_word' id='word_1_95' title='bbox 415 1707 693 1763; x_wconf 87' lang='lat' dir='ltr'><strong>scelestos</strong></span> <span class='ocrx_word' id='word_1_96' title='bbox 724 1710 1171 1767; x_wconf 84' lang='lat' dir='ltr'><strong>calumniatores</strong></span> <span class='ocrx_word' id='word_1_97' title='bbox 1203 1728 1407 1768; x_wconf 90' lang='lat' dir='ltr'><strong>omnes</strong></span> <span class='ocrx_word' id='word_1_98' title='bbox 1438 1718 1643 1783; x_wconf 83' lang='lat' dir='ltr'><strong>sponte</strong></span> <span class='ocrx_word' id='word_1_99' title='bbox 1674 1716 2061 1787; x_wconf 80' lang='lat' dir='ltr'><strong>redarguerit,</strong></span> 
     </span>
    </p>
   </div>
   <div class='ocr_carea' id='block_1_17' title="bbox 415 1797 2061 1872">
    <p class='ocr_par' dir='ltr' id='par_1_17' title="bbox 415 1797 2061 1872">
     <span class='ocr_line' id='line_1_17' title="bbox 415 1797 2061 1872; baseline 0.007 -23"><span class='ocrx_word' id='word_1_100' title='bbox 415 1797 707 1866; x_wconf 89' lang='lat' dir='ltr'><strong>quomodo</strong></span> <span class='ocrx_word' id='word_1_101' title='bbox 747 1814 860 1851; x_wconf 92' lang='lat' dir='ltr'><strong>non</strong></span> <span class='ocrx_word' id='word_1_102' title='bbox 912 1815 1150 1855; x_wconf 89' lang='lat' dir='ltr'><strong>necesse</strong></span> <span class='ocrx_word' id='word_1_103' title='bbox 1199 1802 1271 1856; x_wconf 88' lang='lat' dir='ltr'><strong>sit</strong></span> <span class='ocrx_word' id='word_1_104' title='bbox 1323 1800 1487 1856; x_wconf 91' lang='lat' dir='ltr'><strong>illum</strong></span> <span class='ocrx_word' id='word_1_105' title='bbox 1538 1803 1771 1872; x_wconf 89' lang='lat' dir='ltr'><strong>quidem</strong></span> <span class='ocrx_word' id='word_1_106' title='bbox 1824 1805 2061 1859; x_wconf 92' lang='lat' dir='ltr'><strong>honori-</strong></span> 
     </span>
    </p>
   </div>
   <div class='ocr_carea' id='block_1_18' title="bbox 2175 635 3798 712">
    <p class='ocr_par' dir='ltr' id='par_1_18' title="bbox 2175 635 3798 712">
     <span class='ocr_line' id='line_1_18' title="bbox 2175 635 3798 712; baseline -0.001 -21"><span class='ocrx_word' id='word_1_107' title='bbox 2175 636 2443 692; x_wconf 84' lang='grc' dir='ltr'>ἀκόλουθο</span> <span class='ocrx_word' id='word_1_108' title='bbox 2470 662 2494 690; x_wconf 90' lang='grc' dir='ltr'><strong>ν</strong></span> <span class='ocrx_word' id='word_1_109' title='bbox 2524 636 2581 691; x_wconf 79' lang='grc' dir='ltr'><strong>ἃν</strong></span> <span class='ocrx_word' id='word_1_110' title='bbox 2636 636 2721 707; x_wconf 71' lang='grc' dir='ltr'><strong>εἴη</strong></span> <span class='ocrx_word' id='word_1_111' title='bbox 2754 637 2844 692; x_wconf 81' lang='grc' dir='ltr'><strong>καὶ</strong></span> <span class='ocrx_word' id='word_1_112' title='bbox 2889 641 3033 691; x_wconf 81' lang='grc' dir='ltr'>πᾶσα</span> <span class='ocrx_word' id='word_1_113' title='bbox 3063 636 3270 712; x_wconf 79' lang='grc' dir='ltr'>ἀνάγκη</span> <span class='ocrx_word' id='word_1_114' title='bbox 3322 640 3457 692; x_wconf 77' lang='grc' dir='ltr'>κατὰ</span> <span class='ocrx_word' id='word_1_115' title='bbox 3494 644 3590 706; x_wconf 79' lang='grc' dir='ltr'><strong>τῆς</strong></span> <span class='ocrx_word' id='word_1_116' title='bbox 3633 635 3798 712; x_wconf 69' lang='grc' dir='ltr'>ἑτέρας</span> 
     </span>
    </p>
   </div>
   <div class='ocr_carea' id='block_1_19' title="bbox 2176 725 3797 805">
    <p class='ocr_par' dir='ltr' id='par_1_19' title="bbox 2176 725 3797 805">
     <span class='ocr_line' id='line_1_19' title="bbox 2176 725 3797 805; baseline -0.001 -23"><span class='ocrx_word' id='word_1_117' title='bbox 2176 728 2417 802; x_wconf 81' lang='grc' dir='ltr'><strong>μερίδος,</strong></span> <span class='ocrx_word' id='word_1_118' title='bbox 2453 728 2542 783; x_wconf 82' lang='grc' dir='ltr'>ἐάν</span> <span class='ocrx_word' id='word_1_119' title='bbox 2572 751 2623 783; x_wconf 86' lang='grc' dir='ltr'><strong>τι</strong></span> <span class='ocrx_word' id='word_1_120' title='bbox 2679 729 2952 805; x_wconf 72' lang='grc' dir='ltr'>σφαλῶσι,</span> <span class='ocrx_word' id='word_1_121' title='bbox 3005 729 3121 800; x_wconf 90' lang='grc' dir='ltr'>μετ’</span> <span class='ocrx_word' id='word_1_122' title='bbox 3170 725 3428 799; x_wconf 76' lang='grc' dir='ltr'><strong>ἀληθείας</strong></span> <span class='ocrx_word' id='word_1_123' title='bbox 3478 728 3705 805; x_wconf 80' lang='grc' dir='ltr'>χρῆσθαι</span> <span class='ocrx_word' id='word_1_124' title='bbox 3735 729 3797 798; x_wconf 78' lang='grc' dir='ltr'><strong>τῇ</strong></span> 
     </span>
    </p>
   </div>
   <div class='ocr_carea' id='block_1_20' title="bbox 2172 814 3799 892">
    <p class='ocr_par' dir='ltr' id='par_1_20' title="bbox 2172 814 3799 892">
     <span class='ocr_line' id='line_1_20' title="bbox 2172 814 3799 892; baseline -0.002 -22"><span class='ocrx_word' id='word_1_125' title='bbox 2172 815 2416 892; x_wconf 78' lang='grc' dir='ltr'><strong>γλώττῃ.</strong></span> <span class='ocrx_word' id='word_1_126' title='bbox 2461 818 2674 873; x_wconf 82' lang='grc' dir='ltr'>Οὐκοῦν</span> <span class='ocrx_word' id='word_1_127' title='bbox 2735 820 2820 878; x_wconf 83' lang='grc' dir='ltr'>οἷς</span> <span class='ocrx_word' id='word_1_128' title='bbox 2885 819 2978 891; x_wconf 76' lang='grc' dir='ltr'>μὲν</span> <span class='ocrx_word' id='word_1_129' title='bbox 3036 815 3198 871; x_wconf 79' lang='grc' dir='ltr'>αὐτὸν</span> <span class='ocrx_word' id='word_1_130' title='bbox 3251 816 3551 886; x_wconf 83' lang='grc' dir='ltr'>αἰτιῶνται,</span> <span class='ocrx_word' id='word_1_131' title='bbox 3599 814 3799 874; x_wconf 89' lang='grc' dir='ltr'>τούτοις</span> 
     </span>
    </p>
   </div>
   <div class='ocr_carea' id='block_1_21' title="bbox 2174 902 3799 982">
    <p class='ocr_par' dir='ltr' id='par_1_21' title="bbox 2174 902 3799 982">
     <span class='ocr_line' id='line_1_21' title="bbox 2174 902 3799 982; baseline -0.001 -23"><span class='ocrx_word' id='word_1_132' title='bbox 2174 908 2247 967; x_wconf 86' lang='grc' dir='ltr'><strong>ὡς</strong></span> <span class='ocrx_word' id='word_1_133' title='bbox 2303 904 2415 960; x_wconf 79' lang='grc' dir='ltr'>ἔστι</span> <span class='ocrx_word' id='word_1_134' title='bbox 2459 909 2699 982; x_wconf 85' lang='grc' dir='ltr'>χρηστὸς</span> <span class='ocrx_word' id='word_1_135' title='bbox 2743 902 3051 982; x_wconf 78' lang='grc' dir='ltr'>βέϐαιοῦσιν</span> <span class='ocrx_word' id='word_1_136' title='bbox 3097 926 3110 939; x_wconf 86' lang='grc'><strong>·</strong></span> <span class='ocrx_word' id='word_1_137' title='bbox 3167 906 3246 967; x_wconf 79' lang='grc' dir='ltr'>οἷς</span> <span class='ocrx_word' id='word_1_138' title='bbox 3292 903 3340 960; x_wconf 78' lang='grc' dir='ltr'>δ’</span> <span class='ocrx_word' id='word_1_139' title='bbox 3387 904 3447 961; x_wconf 83' lang='grc' dir='ltr'>οὗ</span> <span class='ocrx_word' id='word_1_140' title='bbox 3490 907 3799 981; x_wconf 82' lang='grc' dir='ltr'>προσάγουσι</span> 
     </span>
    </p>
   </div>
   <div class='ocr_carea' id='block_1_22' title="bbox 2172 994 3801 1064">
    <p class='ocr_par' dir='ltr' id='par_1_22' title="bbox 2172 994 3801 1064">
     <span class='ocr_line' id='line_1_22' title="bbox 2172 994 3801 1064; baseline -0.001 -15"><span class='ocrx_word' id='word_1_141' title='bbox 2172 995 2351 1051; x_wconf 87' lang='grc' dir='ltr'>πίστιν</span> <span class='ocrx_word' id='word_1_142' title='bbox 2409 998 2496 1059; x_wconf 77' lang='grc' dir='ltr'>οἷς</span> <span class='ocrx_word' id='word_1_143' title='bbox 2549 996 2854 1064; x_wconf 79' lang='grc' dir='ltr'>αἰτιῶνται,</span> <span class='ocrx_word' id='word_1_144' title='bbox 2907 994 3032 1053; x_wconf 81' lang='grc' dir='ltr'>ἀλλ’</span> <span class='ocrx_word' id='word_1_145' title='bbox 3104 995 3291 1058; x_wconf 85' lang='grc' dir='ltr'>ὁπλῶς</span> <span class='ocrx_word' id='word_1_146' title='bbox 3349 996 3460 1050; x_wconf 77' lang='grc' dir='ltr'>ἄνω</span> <span class='ocrx_word' id='word_1_147' title='bbox 3526 996 3613 1050; x_wconf 79' lang='grc' dir='ltr'><strong>καὶ</strong></span> <span class='ocrx_word' id='word_1_148' title='bbox 3666 994 3801 1049; x_wconf 86' lang='grc' dir='ltr'>κάτω</span> 
     </span>
    </p>
   </div>
   <div class='ocr_carea' id='block_1_23' title="bbox 2173 1082 3802 1160">
    <p class='ocr_par' dir='ltr' id='par_1_23' title="bbox 2173 1082 3802 1160">
     <span class='ocr_line' id='line_1_23' title="bbox 2173 1082 3802 1160; baseline -0.001 -21"><span class='ocrx_word' id='word_1_149' title='bbox 2173 1091 2451 1160; x_wconf 74' lang='grc' dir='ltr'>χωροῦσιν</span> <span class='ocrx_word' id='word_1_150' title='bbox 2481 1086 2625 1156; x_wconf 84' lang='grc' dir='ltr'>εἰκῆ,</span> <span class='ocrx_word' id='word_1_151' title='bbox 2655 1088 2875 1150; x_wconf 80' lang='grc' dir='ltr'>τούτοις</span> <span class='ocrx_word' id='word_1_152' title='bbox 2920 1086 3080 1142; x_wconf 81' lang='grc' dir='ltr'>αὐτὸν</span> <span class='ocrx_word' id='word_1_153' title='bbox 3126 1086 3225 1142; x_wconf 77' lang='grc' dir='ltr'><strong>οὐκ</strong></span> <span class='ocrx_word' id='word_1_154' title='bbox 3282 1086 3357 1147; x_wconf 81' lang='grc' dir='ltr'><strong>εἰς</strong></span> <span class='ocrx_word' id='word_1_155' title='bbox 3389 1083 3656 1146; x_wconf 85' lang='grc' dir='ltr'>ἀναιτίους</span> <span class='ocrx_word' id='word_1_156' title='bbox 3707 1082 3802 1156; x_wconf 91' lang='grc' dir='ltr'>μό-</span> 
     </span>
    </p>
   </div>
   <div class='ocr_carea' id='block_1_24' title="bbox 2172 1174 3803 1251">
    <p class='ocr_par' dir='ltr' id='par_1_24' title="bbox 2172 1174 3803 1251">
     <span class='ocr_line' id='line_1_24' title="bbox 2172 1174 3803 1251; baseline 0.002 -26"><span class='ocrx_word' id='word_1_157' title='bbox 2172 1195 2281 1242; x_wconf 89' lang='grc' dir='ltr'>νον,</span> <span class='ocrx_word' id='word_1_158' title='bbox 2342 1174 2486 1231; x_wconf 84' lang='grc' dir='ltr'>ἀλλά</span> <span class='ocrx_word' id='word_1_159' title='bbox 2528 1177 2618 1231; x_wconf 78' lang='grc' dir='ltr'><strong>καὶ</strong></span> <span class='ocrx_word' id='word_1_160' title='bbox 2680 1176 3098 1251; x_wconf 80' lang='grc' dir='ltr'>λαμπροτέρους</span> <span class='ocrx_word' id='word_1_161' title='bbox 3163 1176 3198 1245; x_wconf 74' lang='grc' dir='ltr'><strong>ἢ</strong></span> <span class='ocrx_word' id='word_1_162' title='bbox 3267 1176 3499 1251; x_wconf 83' lang='grc' dir='ltr'>πρόσθεν</span> <span class='ocrx_word' id='word_1_163' title='bbox 3566 1175 3803 1241; x_wconf 72' lang='grc' dir='ltr'>τιθέντες,</span> 
     </span>
    </p>
   </div>
   <div class='ocr_carea' id='block_1_25' title="bbox 2175 1261 3801 1344">
    <p class='ocr_par' dir='ltr' id='par_1_25' title="bbox 2175 1261 3801 1344">
     <span class='ocr_line' id='line_1_25' title="bbox 2175 1261 3801 1344; baseline -0.002 -26"><span class='ocrx_word' id='word_1_164' title='bbox 2175 1265 2261 1318; x_wconf 80' lang='grc' dir='ltr'>ὑπ’</span> <span class='ocrx_word' id='word_1_165' title='bbox 2288 1264 2467 1326; x_wconf 90' lang='grc' dir='ltr'>ατςίαν</span> <span class='ocrx_word' id='word_1_166' title='bbox 2510 1271 2644 1344; x_wconf 74' lang='grc' dir='ltr'>σφᾶς</span> <span class='ocrx_word' id='word_1_167' title='bbox 2693 1264 2889 1326; x_wconf 79' lang='grc' dir='ltr'>αὐτους</span> <span class='ocrx_word' id='word_1_168' title='bbox 2937 1269 3243 1335; x_wconf 84' lang='grc' dir='ltr'>κασιστᾶσι,</span> <span class='ocrx_word' id='word_1_169' title='bbox 3278 1265 3370 1320; x_wconf 87' lang='grc' dir='ltr'><strong>καὶ</strong></span> <span class='ocrx_word' id='word_1_170' title='bbox 3412 1261 3563 1333; x_wconf 82' lang='grc' dir='ltr'>δίκην</span> <span class='ocrx_word' id='word_1_171' title='bbox 3616 1262 3801 1332; x_wconf 88' lang='grc' dir='ltr'>ταύτην</span> 
     </span>
    </p>
   </div>
   <div class='ocr_carea' id='block_1_26' title="bbox 2171 1349 3808 1429">
    <p class='ocr_par' dir='ltr' id='par_1_26' title="bbox 2171 1349 3808 1429">
     <span class='ocr_line' id='line_1_26' title="bbox 2171 1349 3808 1429; baseline -0.001 -22"><span class='ocrx_word' id='word_1_172' title='bbox 2171 1355 2294 1428; x_wconf 88' lang='grc' dir='ltr'>παρ’</span> <span class='ocrx_word' id='word_1_173' title='bbox 2336 1354 2513 1408; x_wconf 80' lang='grc' dir='ltr'>αὐτῶν</span> <span class='ocrx_word' id='word_1_174' title='bbox 2562 1349 2932 1427; x_wconf 76' lang='grc' dir='ltr'>λαμϐάνουσιν</span> <span class='ocrx_word' id='word_1_175' title='bbox 2985 1354 3045 1410; x_wconf 84' lang='grc' dir='ltr'>οὐ</span> <span class='ocrx_word' id='word_1_176' title='bbox 3108 1356 3388 1429; x_wconf 76' lang='grc' dir='ltr'>μεμπτὴν,</span> <span class='ocrx_word' id='word_1_177' title='bbox 3419 1354 3481 1409; x_wconf 86' lang='grc' dir='ltr'>τὸ</span> <span class='ocrx_word' id='word_1_178' title='bbox 3529 1352 3681 1409; x_wconf 89' lang='grc' dir='ltr'><strong>κακοὶ</strong></span> <span class='ocrx_word' id='word_1_179' title='bbox 3723 1372 3808 1406; x_wconf 88' lang='grc' dir='ltr'>κα-</span> 
     </span>
    </p>
   </div>
   <div class='ocr_carea' id='block_1_27' title="bbox 2172 1441 2814 1520">
    <p class='ocr_par' dir='ltr' id='par_1_27' title="bbox 2172 1441 2814 1520">
     <span class='ocr_line' id='line_1_27' title="bbox 2172 1441 2814 1520; baseline 0.002 -22"><span class='ocrx_word' id='word_1_180' title='bbox 2172 1442 2284 1503; x_wconf 87' lang='grc' dir='ltr'><strong>λῶς</strong></span> <span class='ocrx_word' id='word_1_181' title='bbox 2318 1441 2527 1520; x_wconf 82' lang='grc' dir='ltr'>σφόδρα</span> <span class='ocrx_word' id='word_1_182' title='bbox 2559 1451 2814 1520; x_wconf 70' lang='grc' dir='ltr'>φανῆναι.</span> 
     </span>
    </p>
   </div>
   <div class='ocr_carea' id='block_1_28' title="bbox 2242 1529 3808 1610">
    <p class='ocr_par' dir='ltr' id='par_1_28' title="bbox 2242 1529 3808 1610">
     <span class='ocr_line' id='line_1_28' title="bbox 2242 1529 3808 1610; baseline -0.003 -21"><span class='ocrx_word' id='word_1_183' title='bbox 2242 1532 2307 1589; x_wconf 75' lang='grc' dir='ltr'>Εἰ</span> <span class='ocrx_word' id='word_1_184' title='bbox 2334 1533 2513 1587; x_wconf 85' lang='grc' dir='ltr'>τοίνυν</span> <span class='ocrx_word' id='word_1_185' title='bbox 2561 1535 2589 1587; x_wconf 88' lang='grc' dir='ltr'>ὁ</span> <span class='ocrx_word' id='word_1_186' title='bbox 2643 1535 2738 1607; x_wconf 72' lang='grc' dir='ltr'>μὲν</span> <span class='ocrx_word' id='word_1_187' title='bbox 2772 1533 2871 1589; x_wconf 80' lang='grc' dir='ltr'>οὐκ</span> <span class='ocrx_word' id='word_1_188' title='bbox 2919 1537 3109 1591; x_wconf 88' lang='grc' dir='ltr'>αἰτιῶν</span> <span class='ocrx_word' id='word_1_189' title='bbox 3157 1535 3425 1610; x_wconf 83' lang='grc' dir='ltr'>ἀνώτερος</span> <span class='ocrx_word' id='word_1_190' title='bbox 3461 1535 3644 1607; x_wconf 91' lang='grc' dir='ltr'>μόνον,</span> <span class='ocrx_word' id='word_1_191' title='bbox 3675 1529 3808 1587; x_wconf 85' lang='grc' dir='ltr'><strong>ἀλλά</strong></span> 
     </span>
    </p>
   </div>
   <div class='ocr_carea' id='block_1_29' title="bbox 2170 1618 3806 1698">
    <p class='ocr_par' dir='ltr' id='par_1_29' title="bbox 2170 1618 3806 1698">
     <span class='ocr_line' id='line_1_29' title="bbox 2170 1618 3806 1698; baseline -0.002 -23"><span class='ocrx_word' id='word_1_192' title='bbox 2170 1620 2259 1675; x_wconf 87' lang='grc' dir='ltr'><strong>καὶ</strong></span> <span class='ocrx_word' id='word_1_193' title='bbox 2317 1624 2557 1696; x_wconf 83' lang='grc' dir='ltr'>χρηστὸς</span> <span class='ocrx_word' id='word_1_194' title='bbox 2618 1624 2954 1679; x_wconf 83' lang='grc' dir='ltr'>παντάπασιν</span> <span class='ocrx_word' id='word_1_195' title='bbox 3016 1623 3196 1691; x_wconf 86' lang='grc' dir='ltr'>ὧπτο,</span> <span class='ocrx_word' id='word_1_196' title='bbox 3231 1625 3282 1678; x_wconf 85' lang='lat' dir='ltr'><strong>o&#39;t</strong></span> <span class='ocrx_word' id='word_1_197' title='bbox 3326 1621 3382 1678; x_wconf 79' lang='grc' dir='ltr'>δὶ</span> <span class='ocrx_word' id='word_1_198' title='bbox 3438 1622 3670 1698; x_wconf 81' lang='grc' dir='ltr'>πονηροὶ</span> <span class='ocrx_word' id='word_1_199' title='bbox 3726 1618 3806 1674; x_wconf 85' lang='grc' dir='ltr'><strong>καὶ</strong></span> 
     </span>
    </p>
   </div>
   <div class='ocr_carea' id='block_1_30' title="bbox 2176 1711 3805 1789">
    <p class='ocr_par' dir='ltr' id='par_1_30' title="bbox 2176 1711 3805 1789">
     <span class='ocr_line' id='line_1_30' title="bbox 2176 1711 3805 1789; baseline -0.001 -24"><span class='ocrx_word' id='word_1_200' title='bbox 2176 1712 2367 1786; x_wconf 88' lang='grc' dir='ltr'>μιαροὶ</span> <span class='ocrx_word' id='word_1_201' title='bbox 2441 1713 2531 1767; x_wconf 89' lang='grc' dir='ltr'><strong>καὶ</strong></span> <span class='ocrx_word' id='word_1_202' title='bbox 2608 1718 3067 1787; x_wconf 74' lang='grc' dir='ltr'>συκοφαντοῦντες</span> <span class='ocrx_word' id='word_1_203' title='bbox 3140 1714 3385 1789; x_wconf 84' lang='grc' dir='ltr'>ἀτεχνῶς</span> <span class='ocrx_word' id='word_1_204' title='bbox 3454 1711 3542 1767; x_wconf 79' lang='grc' dir='ltr'><strong>διὰ</strong></span> <span class='ocrx_word' id='word_1_205' title='bbox 3606 1713 3805 1766; x_wconf 88' lang='grc' dir='ltr'>πάντων</span> 
     </span>
    </p>
   </div>
   <div class='ocr_carea' id='block_1_31' title="bbox 2171 1800 3807 1878">
    <p class='ocr_par' dir='ltr' id='par_1_31' title="bbox 2171 1800 3807 1878">
     <span class='ocr_line' id='line_1_31' title="bbox 2171 1800 3807 1878; baseline -0.002 -24"><span class='ocrx_word' id='word_1_206' title='bbox 2171 1800 2547 1876; x_wconf 77' lang='grc' dir='ltr'>ἠλέγχθησαν,</span> <span class='ocrx_word' id='word_1_207' title='bbox 2598 1806 2717 1863; x_wconf 87' lang='grc' dir='ltr'><strong>πῶς</strong></span> <span class='ocrx_word' id='word_1_208' title='bbox 2764 1801 2863 1856; x_wconf 78' lang='grc' dir='ltr'>οὐκ</span> <span class='ocrx_word' id='word_1_209' title='bbox 2909 1802 3117 1878; x_wconf 81' lang='grc' dir='ltr'>ἀνάγκη</span> <span class='ocrx_word' id='word_1_210' title='bbox 3151 1803 3242 1857; x_wconf 84' lang='grc' dir='ltr'><strong>τὸν</strong></span> <span class='ocrx_word' id='word_1_211' title='bbox 3277 1803 3374 1876; x_wconf 71' lang='grc' dir='ltr'>μὲν</span> <span class='ocrx_word' id='word_1_212' title='bbox 3427 1804 3516 1857; x_wconf 86' lang='grc' dir='ltr'><strong>καὶ</strong></span> <span class='ocrx_word' id='word_1_213' title='bbox 3559 1801 3807 1875; x_wconf 80' lang='grc' dir='ltr'>τιμᾶσθοι</span> 
     </span>
    </p>
   </div>
   <div class='ocr_carea' id='block_1_32' title="bbox 413 1885 2066 1967">
    <p class='ocr_par' dir='ltr' id='par_1_32' title="bbox 413 1885 2064 1964">
     <span class='ocr_line' id='line_1_32' title="bbox 413 1885 2064 1964; baseline 0.006 -25"><span class='ocrx_word' id='word_1_214' title='bbox 413 1887 526 1939; x_wconf 92' lang='lat' dir='ltr'><strong>bus</strong></span> <span class='ocrx_word' id='word_1_215' title='bbox 565 1885 717 1939; x_wconf 82' lang='lat' dir='ltr'><strong>afﬁci</strong></span> <span class='ocrx_word' id='word_1_216' title='bbox 764 1893 821 1940; x_wconf 91' lang='lat' dir='ltr'><strong>et</strong></span> <span class='ocrx_word' id='word_1_217' title='bbox 854 1889 1200 1945; x_wconf 84' lang='lat' dir='ltr'><strong>muneribus</strong></span> <span class='ocrx_word' id='word_1_218' title='bbox 1252 1890 1474 1960; x_wconf 88' lang='lat' dir='ltr'><strong>donari,</strong></span> <span class='ocrx_word' id='word_1_219' title='bbox 1537 1897 1593 1946; x_wconf 87' lang='lat' dir='ltr'><strong>et</strong></span> <span class='ocrx_word' id='word_1_220' title='bbox 1651 1908 1784 1947; x_wconf 88' lang='lat' dir='ltr'><strong>cum</strong></span> <span class='ocrx_word' id='word_1_221' title='bbox 1846 1896 2064 1964; x_wconf 87' lang='lat' dir='ltr'><strong>majore</strong></span> 
     </span>
    </p>
   </div>
   <div class='ocr_carea' id='block_1_33' title="bbox 2180 1885 3811 1967">
    <p class='ocr_par' dir='ltr' id='par_1_33' title="bbox 2180 1887 3811 1966">
     <span class='ocr_line' id='line_1_33' title="bbox 2180 1887 3811 1966; baseline -0.001 -23"><span class='ocrx_word' id='word_1_222' title='bbox 2180 1889 2268 1943; x_wconf 87' lang='grc' dir='ltr'><strong>καὶ</strong></span> <span class='ocrx_word' id='word_1_223' title='bbox 2318 1887 2535 1964; x_wconf 79' lang='grc' dir='ltr'>δωρεῶν</span> <span class='ocrx_word' id='word_1_224' title='bbox 2583 1890 2900 1962; x_wconf 79' lang='grc' dir='ltr'>ἀπολαύειν,</span> <span class='ocrx_word' id='word_1_225' title='bbox 2942 1893 3032 1947; x_wconf 80' lang='grc' dir='ltr'><strong>καί</strong></span> <span class='ocrx_word' id='word_1_226' title='bbox 3087 1891 3222 1965; x_wconf 87' lang='grc' dir='ltr'>μετᾶ</span> <span class='ocrx_word' id='word_1_227' title='bbox 3272 1892 3515 1965; x_wconf 81' lang='grc' dir='ltr'>μείζονος</span> <span class='ocrx_word' id='word_1_228' title='bbox 3564 1893 3599 1963; x_wconf 70' lang='grc' dir='ltr'><strong>ἢ</strong></span> <span class='ocrx_word' id='word_1_229' title='bbox 3651 1888 3811 1966; x_wconf 87' lang='grc' dir='ltr'>πρόσ-</span> 
     </span>
    </p>
   </div>
   <div class='ocr_carea' id='block_1_34' title="bbox 417 1976 2067 2049">
    <p class='ocr_par' dir='ltr' id='par_1_34' title="bbox 417 1976 2067 2049">
     <span class='ocr_line' id='line_1_34' title="bbox 417 1976 2067 2049; baseline 0.007 -23"><span class='ocrx_word' id='word_1_230' title='bbox 417 1989 591 2042; x_wconf 90' lang='lat' dir='ltr'><strong>quam</strong></span> <span class='ocrx_word' id='word_1_231' title='bbox 623 1980 796 2029; x_wconf 83' lang='lat' dir='ltr'><strong>antea</strong></span> <span class='ocrx_word' id='word_1_232' title='bbox 826 1976 1131 2044; x_wconf 89' lang='lat' dir='ltr'><strong>splendore</strong></span> <span class='ocrx_word' id='word_1_233' title='bbox 1166 1979 1339 2033; x_wconf 86' lang='lat' dir='ltr'><strong>rebus</strong></span> <span class='ocrx_word' id='word_1_234' title='bbox 1370 1979 1622 2049; x_wconf 88' lang='lat' dir='ltr'><strong>publicis</strong></span> <span class='ocrx_word' id='word_1_235' title='bbox 1645 1981 1985 2049; x_wconf 88' lang='lat' dir='ltr'><strong>immisceri,</strong></span> <span class='ocrx_word' id='word_1_236' title='bbox 2011 1988 2067 2039; x_wconf 91' lang='lat' dir='ltr'><strong>et</strong></span> 
     </span>
    </p>
   </div>
   <div class='ocr_carea' id='block_1_35' title="bbox 417 2070 2074 2143">
    <p class='ocr_par' dir='ltr' id='par_1_35' title="bbox 417 2070 2074 2143">
     <span class='ocr_line' id='line_1_35' title="bbox 417 2070 2074 2143; baseline 0.008 -26"><span class='ocrx_word' id='word_1_237' title='bbox 417 2070 651 2135; x_wconf 89' lang='lat' dir='ltr'><strong>propter</strong></span> <span class='ocrx_word' id='word_1_238' title='bbox 682 2081 895 2136; x_wconf 88' lang='lat' dir='ltr'><strong>mores,</strong></span> <span class='ocrx_word' id='word_1_239' title='bbox 926 2074 984 2122; x_wconf 92' lang='lat' dir='ltr'><strong>et</strong></span> <span class='ocrx_word' id='word_1_240' title='bbox 1041 2075 1281 2140; x_wconf 88' lang='lat' dir='ltr'><strong>propter</strong></span> <span class='ocrx_word' id='word_1_241' title='bbox 1338 2072 1547 2126; x_wconf 89' lang='lat' dir='ltr'><strong>bonam</strong></span> <span class='ocrx_word' id='word_1_242' title='bbox 1614 2073 1855 2143; x_wconf 78' lang='lat' dir='ltr'><strong>famam,</strong></span> <span class='ocrx_word' id='word_1_243' title='bbox 1924 2074 2074 2131; x_wconf 88' lang='lat' dir='ltr'><strong>istos</strong></span> 
     </span>
    </p>
   </div>
   <div class='ocr_carea' id='block_1_36' title="bbox 416 2149 2078 2231">
    <p class='ocr_par' dir='ltr' id='par_1_36' title="bbox 416 2149 2078 2231">
     <span class='ocr_line' id='line_1_36' title="bbox 416 2149 2078 2231; baseline 0.008 -25"><span class='ocrx_word' id='word_1_244' title='bbox 416 2158 610 2207; x_wconf 90' lang='lat' dir='ltr'><strong>autem</strong></span> <span class='ocrx_word' id='word_1_245' title='bbox 642 2155 773 2209; x_wconf 92' lang='lat' dir='ltr'><strong>odio</strong></span> <span class='ocrx_word' id='word_1_246' title='bbox 804 2171 928 2211; x_wconf 87' lang='lat' dir='ltr'><strong>esse</strong></span> <span class='ocrx_word' id='word_1_247' title='bbox 981 2161 1038 2211; x_wconf 88' lang='lat' dir='ltr'><strong>et</strong></span> <span class='ocrx_word' id='word_1_248' title='bbox 1082 2174 1284 2228; x_wconf 67' lang='lat' dir='ltr'><strong>pennas</strong></span> <span class='ocrx_word' id='word_1_249' title='bbox 1336 2163 1581 2231; x_wconf 89' lang='lat' dir='ltr'><strong>pendere</strong></span> <span class='ocrx_word' id='word_1_250' title='bbox 1641 2149 2078 2231; x_wconf 69' lang='lat' dir='ltr'><strong>protervitatis?</strong></span> 
     </span>
    </p>
   </div>
   <div class='ocr_carea' id='block_1_37' title="bbox 418 2244 2074 2319">
    <p class='ocr_par' dir='ltr' id='par_1_37' title="bbox 418 2244 2074 2319">
     <span class='ocr_line' id='line_1_37' title="bbox 418 2244 2074 2319; baseline 0.007 -24"><span class='ocrx_word' id='word_1_251' title='bbox 418 2250 515 2296; x_wconf 87' lang='lat' dir='ltr'><strong>aut</strong></span> <span class='ocrx_word' id='word_1_252' title='bbox 572 2244 780 2313; x_wconf 85' lang='lat' dir='ltr'><strong>potius,</strong></span> <span class='ocrx_word' id='word_1_253' title='bbox 836 2247 885 2299; x_wconf 91' lang='lat' dir='ltr'><strong>si</strong></span> <span class='ocrx_word' id='word_1_254' title='bbox 938 2262 1135 2317; x_wconf 74' lang='lat' dir='ltr'><strong>eaquae</strong></span> <span class='ocrx_word' id='word_1_255' title='bbox 1186 2249 1438 2317; x_wconf 87' lang='lat' dir='ltr'><strong>pendent</strong></span> <span class='ocrx_word' id='word_1_256' title='bbox 1485 2249 1562 2319; x_wconf 91' lang='lat' dir='ltr'><strong>(et</strong></span> <span class='ocrx_word' id='word_1_257' title='bbox 1602 2252 1872 2319; x_wconf 87' lang='lat' dir='ltr'><strong>pendent,</strong></span> <span class='ocrx_word' id='word_1_258' title='bbox 1921 2261 2074 2309; x_wconf 90' lang='lat' dir='ltr'><strong>certo</strong></span> 
     </span>
    </p>
   </div>
   <div class='ocr_carea' id='block_1_38' title="bbox 413 2331 2074 2410">
    <p class='ocr_par' dir='ltr' id='par_1_38' title="bbox 413 2331 2074 2410">
     <span class='ocr_line' id='line_1_38' title="bbox 413 2331 2074 2410; baseline 0.009 -27"><span class='ocrx_word' id='word_1_259' title='bbox 413 2331 553 2399; x_wconf 90' lang='lat' dir='ltr'><strong>scio,</strong></span> <span class='ocrx_word' id='word_1_260' title='bbox 618 2337 679 2385; x_wconf 92' lang='lat' dir='ltr'><strong>ut</strong></span> <span class='ocrx_word' id='word_1_261' title='bbox 764 2334 978 2388; x_wconf 89' lang='lat' dir='ltr'><strong>accidit</strong></span> <span class='ocrx_word' id='word_1_262' title='bbox 1067 2336 1270 2408; x_wconf 77' lang='lat' dir='ltr'><strong>saepe),</strong></span> <span class='ocrx_word' id='word_1_263' title='bbox 1330 2338 1440 2408; x_wconf 90' lang='lat' dir='ltr'><strong>ipsi</strong></span> <span class='ocrx_word' id='word_1_264' title='bbox 1499 2340 1766 2395; x_wconf 87' lang='lat' dir='ltr'><strong>meliores</strong></span> <span class='ocrx_word' id='word_1_265' title='bbox 1834 2343 2074 2410; x_wconf 87' lang='lat' dir='ltr'><strong>posthac</strong></span> 
     </span>
    </p>
   </div>
   <div class='ocr_carea' id='block_1_39' title="bbox 416 2421 2075 2502">
    <p class='ocr_par' dir='ltr' id='par_1_39' title="bbox 416 2421 2075 2502">
     <span class='ocr_line' id='line_1_39' title="bbox 416 2421 2075 2502; baseline 0.008 -29"><span class='ocrx_word' id='word_1_266' title='bbox 416 2421 761 2486; x_wconf 84' lang='lat' dir='ltr'><strong>evadent,et</strong></span> <span class='ocrx_word' id='word_1_267' title='bbox 824 2424 1121 2479; x_wconf 89' lang='lat' dir='ltr'><strong>neminem</strong></span> <span class='ocrx_word' id='word_1_268' title='bbox 1182 2426 1447 2482; x_wconf 89' lang='lat' dir='ltr'><strong>omnium</strong></span> <span class='ocrx_word' id='word_1_269' title='bbox 1502 2430 1707 2484; x_wconf 90' lang='lat' dir='ltr'><strong>eadem</strong></span> <span class='ocrx_word' id='word_1_270' title='bbox 1778 2432 2075 2502; x_wconf 88' lang='lat' dir='ltr'><strong>suscipere</strong></span> 
     </span>
    </p>
   </div>
   <div class='ocr_carea' id='block_1_40' title="bbox 417 2508 2074 2591">
    <p class='ocr_par' dir='ltr' id='par_1_40' title="bbox 417 2508 2074 2591">
     <span class='ocr_line' id='line_1_40' title="bbox 417 2508 2074 2591; baseline 0.008 -29"><span class='ocrx_word' id='word_1_271' title='bbox 417 2508 690 2576; x_wconf 89' lang='lat' dir='ltr'><strong>arbitror,</strong></span> <span class='ocrx_word' id='word_1_272' title='bbox 739 2524 987 2580; x_wconf 90' lang='lat' dir='ltr'><strong>gnarum</strong></span> <span class='ocrx_word' id='word_1_273' title='bbox 1026 2530 1153 2583; x_wconf 71' lang='lat' dir='ltr'><strong>quae</strong></span> <span class='ocrx_word' id='word_1_274' title='bbox 1198 2516 1469 2583; x_wconf 89' lang='lat' dir='ltr'><strong>patietur.</strong></span> <span class='ocrx_word' id='word_1_275' title='bbox 1525 2516 1583 2571; x_wconf 92' lang='lat' dir='ltr'><strong>Si</strong></span> <span class='ocrx_word' id='word_1_276' title='bbox 1636 2518 1812 2588; x_wconf 89' lang='lat' dir='ltr'><strong>enim,</strong></span> <span class='ocrx_word' id='word_1_277' title='bbox 1874 2520 1923 2575; x_wconf 90' lang='lat' dir='ltr'><strong>si</strong></span> <span class='ocrx_word' id='word_1_278' title='bbox 1974 2522 2074 2591; x_wconf 90' lang='lat' dir='ltr'><strong>qui</strong></span> 
     </span>
    </p>
   </div>
   <div class='ocr_carea' id='block_1_41' title="bbox 412 2598 2072 2675">
    <p class='ocr_par' dir='ltr' id='par_1_41' title="bbox 412 2598 2072 2675">
     <span class='ocr_line' id='line_1_41' title="bbox 412 2598 2072 2675; baseline 0.009 -24"><span class='ocrx_word' id='word_1_279' title='bbox 412 2602 591 2652; x_wconf 85' lang='lat' dir='ltr'><strong>antea</strong></span> <span class='ocrx_word' id='word_1_280' title='bbox 622 2598 746 2653; x_wconf 66' lang='lat' dir='ltr'><strong>haec</strong></span> <span class='ocrx_word' id='word_1_281' title='bbox 771 2600 983 2655; x_wconf 89' lang='lat' dir='ltr'><strong>delicta</strong></span> <span class='ocrx_word' id='word_1_282' title='bbox 1003 2604 1373 2659; x_wconf 87' lang='lat' dir='ltr'><strong>admiserunt</strong></span> <span class='ocrx_word' id='word_1_283' title='bbox 1396 2622 1565 2675; x_wconf 82' lang='lat' dir='ltr'><strong>pcena</strong></span> <span class='ocrx_word' id='word_1_284' title='bbox 1608 2607 1861 2663; x_wconf 80' lang='lat' dir='ltr'><strong>fuissent</strong></span> <span class='ocrx_word' id='word_1_285' title='bbox 1913 2610 2072 2665; x_wconf 89' lang='lat' dir='ltr'><strong>mul-</strong></span> 
     </span>
    </p>
   </div>
   <div class='ocr_carea' id='block_1_42' title="bbox 425 2687 2069 2764">
    <p class='ocr_par' dir='ltr' id='par_1_42' title="bbox 425 2687 2069 2764">
     <span class='ocr_line' id='line_1_42' title="bbox 425 2687 2069 2764; baseline 0.008 -23"><span class='ocrx_word' id='word_1_286' title='bbox 425 2687 543 2754; x_wconf 86' lang='lat' dir='ltr'><strong>tati,</strong></span> <span class='ocrx_word' id='word_1_287' title='bbox 576 2704 689 2743; x_wconf 91' lang='lat' dir='ltr'><strong>non</strong></span> <span class='ocrx_word' id='word_1_288' title='bbox 720 2689 842 2743; x_wconf 62' lang='lat' dir='ltr'><strong>haec</strong></span> <span class='ocrx_word' id='word_1_289' title='bbox 897 2690 995 2745; x_wconf 89' lang='lat' dir='ltr'><strong>isti</strong></span> <span class='ocrx_word' id='word_1_290' title='bbox 1042 2691 1359 2762; x_wconf 86' lang='lat' dir='ltr'><strong>fecissent;</strong></span> <span class='ocrx_word' id='word_1_291' title='bbox 1401 2700 1523 2764; x_wconf 85' lang='lat' dir='ltr'><strong>aut,</strong></span> <span class='ocrx_word' id='word_1_292' title='bbox 1562 2695 1694 2751; x_wconf 85' lang='lat' dir='ltr'><strong>istis</strong></span> <span class='ocrx_word' id='word_1_293' title='bbox 1716 2713 1873 2752; x_wconf 90' lang='lat' dir='ltr'><strong>nunc</strong></span> <span class='ocrx_word' id='word_1_294' title='bbox 1898 2698 2069 2754; x_wconf 88' lang='lat' dir='ltr'><strong>casti-</strong></span> 
     </span>
    </p>
   </div>
   <div class='ocr_carea' id='block_1_43' title="bbox 369 2776 2069 2856">
    <p class='ocr_par' dir='ltr' id='par_1_43' title="bbox 369 2776 2069 2856">
     <span class='ocr_line' id='line_1_43' title="bbox 369 2776 2069 2856; baseline 0.008 -27"><span class='ocrx_word' id='word_1_295' title='bbox 369 2800 374 2804; x_wconf 85' lang='lat'><strong><em>-</em></strong></span> <span class='ocrx_word' id='word_1_296' title='bbox 424 2777 592 2846; x_wconf 82' lang='lat' dir='ltr'><strong>gatis,</strong></span> <span class='ocrx_word' id='word_1_297' title='bbox 623 2776 774 2832; x_wconf 90' lang='lat' dir='ltr'><strong>alius</strong></span> <span class='ocrx_word' id='word_1_298' title='bbox 806 2795 921 2833; x_wconf 91' lang='lat' dir='ltr'><strong>non</strong></span> <span class='ocrx_word' id='word_1_299' title='bbox 968 2781 1159 2847; x_wconf 84' lang='lat' dir='ltr'><strong>faciet,</strong></span> <span class='ocrx_word' id='word_1_300' title='bbox 1212 2782 1347 2852; x_wconf 88' lang='lat' dir='ltr'><strong>quia</strong></span> <span class='ocrx_word' id='word_1_301' title='bbox 1393 2783 1680 2855; x_wconf 89' lang='lat' dir='ltr'><strong>homines,</strong></span> <span class='ocrx_word' id='word_1_302' title='bbox 1725 2787 1846 2842; x_wconf 90' lang='lat' dir='ltr'><strong>sive</strong></span> <span class='ocrx_word' id='word_1_303' title='bbox 1876 2788 2069 2856; x_wconf 89' lang='lat' dir='ltr'><strong>bonis,</strong></span> 
     </span>
    </p>
   </div>
   <div class='ocr_carea' id='block_1_44' title="bbox 425 2864 2070 2942">
    <p class='ocr_par' dir='ltr' id='par_1_44' title="bbox 425 2864 2070 2942">
     <span class='ocr_line' id='line_1_44' title="bbox 425 2864 2070 2942; baseline 0.01 -25"><span class='ocrx_word' id='word_1_304' title='bbox 425 2864 546 2919; x_wconf 90' lang='lat' dir='ltr'><strong>sive</strong></span> <span class='ocrx_word' id='word_1_305' title='bbox 595 2865 767 2921; x_wconf 89' lang='lat' dir='ltr'><strong>malis</strong></span> <span class='ocrx_word' id='word_1_306' title='bbox 796 2869 1078 2939; x_wconf 86' lang='lat' dir='ltr'><strong>exemplis</strong></span> <span class='ocrx_word' id='word_1_307' title='bbox 1110 2871 1573 2942; x_wconf 68' lang='lat' dir='ltr'><strong>praecedentibus</strong></span> <span class='ocrx_word' id='word_1_308' title='bbox 1606 2875 1690 2929; x_wconf 88' lang='lat' dir='ltr'><strong>uti</strong></span> <span class='ocrx_word' id='word_1_309' title='bbox 1751 2892 2070 2932; x_wconf 87' lang='lat' dir='ltr'><strong>consueve-</strong></span> 
     </span>
    </p>
   </div>
   <div class='ocr_carea' id='block_1_45' title="bbox 426 2957 584 3007">
    <p class='ocr_par' dir='ltr' id='par_1_45' title="bbox 426 2957 584 3007">
     <span class='ocr_line' id='line_1_45' title="bbox 426 2957 584 3007; baseline 0.006 -1"><span class='ocrx_word' id='word_1_310' title='bbox 426 2957 584 3007; x_wconf 88' lang='lat' dir='ltr'><strong>runt.</strong></span> 
     </span>
    </p>
   </div>
   <div class='ocr_carea' id='block_1_46' title="bbox 496 3042 2067 3120">
    <p class='ocr_par' dir='ltr' id='par_1_46' title="bbox 496 3042 2067 3120">
     <span class='ocr_line' id='line_1_46' title="bbox 496 3042 2067 3120; baseline 0.009 -24"><span class='ocrx_word' id='word_1_311' title='bbox 496 3042 833 3111; x_wconf 83' lang='lat' dir='ltr'><strong>Considera,</strong></span> <span class='ocrx_word' id='word_1_312' title='bbox 875 3046 1209 3119; x_wconf 87' lang='lat' dir='ltr'><strong>imperator,</strong></span> <span class='ocrx_word' id='word_1_313' title='bbox 1261 3054 1399 3120; x_wconf 91' lang='lat' dir='ltr'><strong>quot</strong></span> <span class='ocrx_word' id='word_1_314' title='bbox 1449 3052 1619 3108; x_wconf 87' lang='lat' dir='ltr'><strong>nobis</strong></span> <span class='ocrx_word' id='word_1_315' title='bbox 1668 3052 1953 3109; x_wconf 89' lang='lat' dir='ltr'><strong>bonorum</strong></span> <span class='ocrx_word' id='word_1_316' title='bbox 2006 3054 2067 3110; x_wconf 87' lang='lat' dir='ltr'><strong>in</strong></span> 
     </span>
    </p>
   </div>
   <div class='ocr_carea' id='block_1_47' title="bbox 428 3133 2067 3203">
    <p class='ocr_par' dir='ltr' id='par_1_47' title="bbox 428 3133 2067 3203">
     <span class='ocr_line' id='line_1_47' title="bbox 428 3133 2067 3203; baseline 0.01 -19"><span class='ocrx_word' id='word_1_317' title='bbox 428 3133 697 3202; x_wconf 71' lang='lat' dir='ltr'><strong>praesenti</strong></span> <span class='ocrx_word' id='word_1_318' title='bbox 729 3139 931 3189; x_wconf 87' lang='lat' dir='ltr'><strong>auctor</strong></span> <span class='ocrx_word' id='word_1_319' title='bbox 956 3136 1093 3203; x_wconf 87' lang='lat' dir='ltr'><strong>eris,</strong></span> <span class='ocrx_word' id='word_1_320' title='bbox 1126 3139 1173 3193; x_wconf 90' lang='lat' dir='ltr'><strong>si</strong></span> <span class='ocrx_word' id='word_1_321' title='bbox 1205 3139 1323 3194; x_wconf 76' lang='lat' dir='ltr'><strong>base</strong></span> <span class='ocrx_word' id='word_1_322' title='bbox 1346 3140 1520 3196; x_wconf 85' lang='lat' dir='ltr'><strong>facias</strong></span> <span class='ocrx_word' id='word_1_323' title='bbox 1552 3158 1565 3195; x_wconf 74' lang='grc' dir='ltr'>ε</span> <span class='ocrx_word' id='word_1_324' title='bbox 1591 3141 1865 3197; x_wconf 87' lang='lat' dir='ltr'><strong>virtutem</strong></span> <span class='ocrx_word' id='word_1_325' title='bbox 1909 3144 2067 3199; x_wconf 88' lang='lat' dir='ltr'><strong>enim</strong></span> 
     </span>
    </p>
   </div>
   <div class='ocr_carea' id='block_1_48' title="bbox 425 3222 2068 3302">
    <p class='ocr_par' dir='ltr' id='par_1_48' title="bbox 425 3222 2068 3302">
     <span class='ocr_line' id='line_1_48' title="bbox 425 3222 2068 3302; baseline 0.009 -28"><span class='ocrx_word' id='word_1_326' title='bbox 425 3222 661 3275; x_wconf 82' lang='lat' dir='ltr'><strong>maximi</strong></span> <span class='ocrx_word' id='word_1_327' title='bbox 691 3222 877 3278; x_wconf 89' lang='lat' dir='ltr'><strong>facere</strong></span> <span class='ocrx_word' id='word_1_328' title='bbox 912 3226 1222 3298; x_wconf 87' lang='lat' dir='ltr'><strong>videberis,</strong></span> <span class='ocrx_word' id='word_1_329' title='bbox 1274 3234 1331 3283; x_wconf 91' lang='lat' dir='ltr'><strong>et</strong></span> <span class='ocrx_word' id='word_1_330' title='bbox 1379 3230 1707 3286; x_wconf 86' lang='lat' dir='ltr'><strong>calumnias</strong></span> <span class='ocrx_word' id='word_1_331' title='bbox 1756 3237 2068 3302; x_wconf 64' lang='lat' dir='ltr'><strong>prasentes</strong></span> 
     </span>
    </p>
   </div>
   <div class='ocr_carea' id='block_1_49' title="bbox 425 3310 2070 3391">
    <p class='ocr_par' dir='ltr' id='par_1_49' title="bbox 425 3310 2070 3391">
     <span class='ocr_line' id='line_1_49' title="bbox 425 3310 2070 3391; baseline 0.009 -29"><span class='ocrx_word' id='word_1_332' title='bbox 425 3310 759 3377; x_wconf 87' lang='lat' dir='ltr'><strong>auterendo,</strong></span> <span class='ocrx_word' id='word_1_333' title='bbox 808 3318 864 3366; x_wconf 90' lang='lat' dir='ltr'><strong>et</strong></span> <span class='ocrx_word' id='word_1_334' title='bbox 909 3328 979 3367; x_wconf 91' lang='lat' dir='ltr'><strong>en</strong></span> <span class='ocrx_word' id='word_1_335' title='bbox 1048 3318 1240 3372; x_wconf 77' lang='lat' dir='ltr'><strong>futuro</strong></span> <span class='ocrx_word' id='word_1_336' title='bbox 1301 3319 1420 3372; x_wconf 89' lang='lat' dir='ltr'><strong>sint</strong></span> <span class='ocrx_word' id='word_1_337' title='bbox 1484 3320 1877 3391; x_wconf 88' lang='lat' dir='ltr'><strong>impediendo.</strong></span> <span class='ocrx_word' id='word_1_338' title='bbox 1928 3322 2070 3377; x_wconf 90' lang='lat' dir='ltr'><strong>Cum</strong></span> 
     </span>
    </p>
   </div>
   <div class='ocr_carea' id='block_1_50' title="bbox 429 3402 2073 3475">
    <p class='ocr_par' dir='ltr' id='par_1_50' title="bbox 429 3402 2073 3475">
     <span class='ocr_line' id='line_1_50' title="bbox 429 3402 2073 3475; baseline 0.01 -20"><span class='ocrx_word' id='word_1_339' title='bbox 429 3402 542 3457; x_wconf 68' lang='lat' dir='ltr'><strong>ille</strong></span> <span class='ocrx_word' id='word_1_340' title='bbox 574 3418 603 3456; x_wconf 89' lang='lat' dir='ltr'><strong>e</strong></span> <span class='ocrx_word' id='word_1_341' title='bbox 635 3406 823 3462; x_wconf 91' lang='lat' dir='ltr'><strong>medio</strong></span> <span class='ocrx_word' id='word_1_342' title='bbox 854 3406 1151 3475; x_wconf 88' lang='lat' dir='ltr'><strong>tollentur,</strong></span> <span class='ocrx_word' id='word_1_343' title='bbox 1181 3409 1357 3464; x_wconf 89' lang='lat' dir='ltr'><strong>simul</strong></span> <span class='ocrx_word' id='word_1_344' title='bbox 1391 3414 1689 3466; x_wconf 84' lang='lat' dir='ltr'><strong>auferetur</strong></span> <span class='ocrx_word' id='word_1_345' title='bbox 1728 3411 1843 3467; x_wconf 90' lang='lat' dir='ltr'><strong>alia</strong></span> <span class='ocrx_word' id='word_1_346' title='bbox 1891 3413 2073 3470; x_wconf 89' lang='lat' dir='ltr'><strong>malo-</strong></span> 
     </span>
    </p>
   </div>
   <div class='ocr_carea' id='block_1_51' title="bbox 431 3495 2072 3573">
    <p class='ocr_par' dir='ltr' id='par_1_51' title="bbox 431 3495 2072 3573">
     <span class='ocr_line' id='line_1_51' title="bbox 431 3495 2072 3573; baseline 0.007 -25"><span class='ocrx_word' id='word_1_347' title='bbox 431 3509 554 3548; x_wconf 89' lang='lat' dir='ltr'><strong>rum</strong></span> <span class='ocrx_word' id='word_1_348' title='bbox 588 3495 785 3564; x_wconf 88' lang='lat' dir='ltr'><strong>series,</strong></span> <span class='ocrx_word' id='word_1_349' title='bbox 810 3502 865 3550; x_wconf 91' lang='lat' dir='ltr'><strong>et</strong></span> <span class='ocrx_word' id='word_1_350' title='bbox 895 3504 1096 3552; x_wconf 90' lang='lat' dir='ltr'><strong>contra</strong></span> <span class='ocrx_word' id='word_1_351' title='bbox 1124 3500 1340 3568; x_wconf 81' lang='lat' dir='ltr'><strong>optima</strong></span> <span class='ocrx_word' id='word_1_352' title='bbox 1382 3517 1628 3573; x_wconf 78' lang='lat' dir='ltr'><strong>quaeque</strong></span> <span class='ocrx_word' id='word_1_353' title='bbox 1656 3503 1990 3571; x_wconf 70' lang='lat' dir='ltr'><strong>atierentur,</strong></span> <span class='ocrx_word' id='word_1_354' title='bbox 2025 3504 2072 3559; x_wconf 89' lang='lat' dir='ltr'><strong>si</strong></span> 
     </span>
    </p>
   </div>
   <div class='ocr_carea' id='block_1_52' title="bbox 432 3583 2075 3663">
    <p class='ocr_par' dir='ltr' id='par_1_52' title="bbox 432 3583 2075 3663">
     <span class='ocr_line' id='line_1_52' title="bbox 432 3583 2075 3663; baseline 0.007 -29"><span class='ocrx_word' id='word_1_355' title='bbox 432 3583 669 3652; x_wconf 89' lang='lat' dir='ltr'><strong>quidem</strong></span> <span class='ocrx_word' id='word_1_356' title='bbox 717 3586 1026 3641; x_wconf 86' lang='lat' dir='ltr'><strong>calumniis</strong></span> <span class='ocrx_word' id='word_1_357' title='bbox 1069 3589 1346 3658; x_wconf 81' lang='lat' dir='ltr'><strong>expulsis,</strong></span> <span class='ocrx_word' id='word_1_358' title='bbox 1398 3592 1725 3645; x_wconf 90' lang='lat' dir='ltr'><strong>secundum</strong></span> <span class='ocrx_word' id='word_1_359' title='bbox 1782 3593 2075 3663; x_wconf 85' lang='lat' dir='ltr'><strong>sapienter</strong></span> 
     </span>
    </p>
   </div>
   <div class='ocr_carea' id='block_1_53' title="bbox 434 3674 2075 3747">
    <p class='ocr_par' dir='ltr' id='par_1_53' title="bbox 434 3674 2075 3747">
     <span class='ocr_line' id='line_1_53' title="bbox 434 3674 2075 3747; baseline 0.006 -22"><span class='ocrx_word' id='word_1_360' title='bbox 434 3674 674 3737; x_wconf 89' lang='lat' dir='ltr'><strong>dictum,</strong></span> <span class='ocrx_word' id='word_1_361' title='bbox 709 3687 921 3744; x_wconf 75' lang='lat' dir='ltr'><strong>cuique</strong></span> <span class='ocrx_word' id='word_1_362' title='bbox 952 3676 1148 3728; x_wconf 88' lang='lat' dir='ltr'><strong>virtuti</strong></span> <span class='ocrx_word' id='word_1_363' title='bbox 1183 3675 1471 3747; x_wconf 69' lang='lat' dir='ltr'><strong>praebetur</strong></span> <span class='ocrx_word' id='word_1_364' title='bbox 1489 3679 1845 3735; x_wconf 87' lang='lat' dir='ltr'><strong>subsidium.</strong></span> <span class='ocrx_word' id='word_1_365' title='bbox 1879 3679 1938 3734; x_wconf 87' lang='lat' dir='ltr'><strong>Si</strong></span> <span class='ocrx_word' id='word_1_366' title='bbox 1969 3679 2075 3735; x_wconf 86' lang='lat' dir='ltr'><strong>hac</strong></span> 
     </span>
    </p>
   </div>
   <div class='ocr_carea' id='block_1_54' title="bbox 430 3766 2073 3841">
    <p class='ocr_par' dir='ltr' id='par_1_54' title="bbox 430 3766 2073 3841">
     <span class='ocr_line' id='line_1_54' title="bbox 430 3766 2073 3841; baseline 0.003 -21"><span class='ocrx_word' id='word_1_367' title='bbox 430 3766 698 3822; x_wconf 80' lang='lat' dir='ltr'><strong>felicitate</strong></span> <span class='ocrx_word' id='word_1_368' title='bbox 729 3776 782 3823; x_wconf 92' lang='lat' dir='ltr'><strong>te</strong></span> <span class='ocrx_word' id='word_1_369' title='bbox 815 3775 1093 3841; x_wconf 84' lang='lat' dir='ltr'><strong>regnante</strong></span> <span class='ocrx_word' id='word_1_370' title='bbox 1123 3770 1430 3825; x_wconf 82' lang='lat' dir='ltr'><strong>bearentur</strong></span> <span class='ocrx_word' id='word_1_371' title='bbox 1468 3771 1750 3838; x_wconf 86' lang='lat' dir='ltr'><strong>civitates,</strong></span> <span class='ocrx_word' id='word_1_372' title='bbox 1782 3776 1840 3826; x_wconf 91' lang='lat' dir='ltr'><strong>et</strong></span> <span class='ocrx_word' id='word_1_373' title='bbox 1869 3786 2073 3825; x_wconf 90' lang='lat' dir='ltr'><strong>omnes</strong></span> 
     </span>
    </p>
   </div>
   <div class='ocr_carea' id='block_1_55' title="bbox 427 3853 2068 3931">
    <p class='ocr_par' dir='ltr' id='par_1_55' title="bbox 427 3853 2068 3931">
     <span class='ocr_line' id='line_1_55' title="bbox 427 3853 2068 3931; baseline 0.002 -22"><span class='ocrx_word' id='word_1_374' title='bbox 427 3853 558 3909; x_wconf 93' lang='lat' dir='ltr'><strong>boni</strong></span> <span class='ocrx_word' id='word_1_375' title='bbox 590 3859 918 3927; x_wconf 90' lang='lat' dir='ltr'><strong>evaderent,</strong></span> <span class='ocrx_word' id='word_1_376' title='bbox 953 3859 1058 3913; x_wconf 90' lang='lat' dir='ltr'><strong>hoc</strong></span> <span class='ocrx_word' id='word_1_377' title='bbox 1093 3860 1286 3929; x_wconf 86' lang='lat' dir='ltr'><strong>maius</strong></span> <span class='ocrx_word' id='word_1_378' title='bbox 1337 3868 1490 3915; x_wconf 89' lang='lat' dir='ltr'><strong>esset</strong></span> <span class='ocrx_word' id='word_1_379' title='bbox 1540 3859 1645 3914; x_wconf 87' lang='lat' dir='ltr'><strong>tibi</strong></span> <span class='ocrx_word' id='word_1_380' title='bbox 1703 3876 1845 3915; x_wconf 89' lang='lat' dir='ltr'><strong>sane</strong></span> <span class='ocrx_word' id='word_1_381' title='bbox 1895 3875 2068 3931; x_wconf 88' lang='lat' dir='ltr'><strong>quam</strong></span> 
     </span>
    </p>
   </div>
   <div class='ocr_carea' id='block_1_56' title="bbox 420 3946 2068 4018">
    <p class='ocr_par' dir='ltr' id='par_1_56' title="bbox 420 3946 2068 4018">
     <span class='ocr_line' id='line_1_56' title="bbox 420 3946 2068 4018; baseline 0.004 -21"><span class='ocrx_word' id='word_1_382' title='bbox 420 3946 612 3999; x_wconf 89' lang='lat' dir='ltr'><strong>omnia</strong></span> <span class='ocrx_word' id='word_1_383' title='bbox 644 3963 773 4017; x_wconf 64' lang='lat' dir='ltr'><strong>quae</strong></span> <span class='ocrx_word' id='word_1_384' title='bbox 814 3947 927 4001; x_wconf 90' lang='lat' dir='ltr'><strong>dici</strong></span> <span class='ocrx_word' id='word_1_385' title='bbox 959 3954 1218 4018; x_wconf 90' lang='lat' dir='ltr'><strong>possent,</strong></span> <span class='ocrx_word' id='word_1_386' title='bbox 1250 3954 1306 4004; x_wconf 92' lang='lat' dir='ltr'><strong>et</strong></span> <span class='ocrx_word' id='word_1_387' title='bbox 1336 3951 1548 4016; x_wconf 87' lang='lat' dir='ltr'><strong>omnis,</strong></span> <span class='ocrx_word' id='word_1_388' title='bbox 1603 3953 1667 4004; x_wconf 91' lang='lat' dir='ltr'><strong>ut</strong></span> <span class='ocrx_word' id='word_1_389' title='bbox 1718 3951 1797 4003; x_wconf 89' lang='lat' dir='ltr'><strong>ita</strong></span> <span class='ocrx_word' id='word_1_390' title='bbox 1854 3950 2068 4016; x_wconf 89' lang='lat' dir='ltr'><strong>dicam,</strong></span> 
     </span>
    </p>
   </div>
   <div class='ocr_carea' id='block_1_57' title="bbox 417 4033 2068 4110">
    <p class='ocr_par' dir='ltr' id='par_1_57' title="bbox 417 4033 2068 4110">
     <span class='ocr_line' id='line_1_57' title="bbox 417 4033 2068 4110; baseline 0.002 -23"><span class='ocrx_word' id='word_1_391' title='bbox 417 4033 572 4088; x_wconf 85' lang='lat' dir='ltr'><strong>orbis</strong></span> <span class='ocrx_word' id='word_1_392' title='bbox 613 4035 925 4105; x_wconf 88' lang='lat' dir='ltr'><strong>imperium</strong></span> <span class='ocrx_word' id='word_1_393' title='bbox 986 4053 1099 4092; x_wconf 89' lang='lat' dir='ltr'><strong>non</strong></span> <span class='ocrx_word' id='word_1_394' title='bbox 1150 4043 1308 4092; x_wconf 81' lang='lat' dir='ltr'><strong>tanta</strong></span> <span class='ocrx_word' id='word_1_395' title='bbox 1357 4056 1447 4094; x_wconf 82' lang='lat' dir='ltr'><strong>res</strong></span> <span class='ocrx_word' id='word_1_396' title='bbox 1495 4043 1668 4106; x_wconf 81' lang='lat' dir='ltr'><strong>esset,</strong></span> <span class='ocrx_word' id='word_1_397' title='bbox 1713 4040 1851 4110; x_wconf 88' lang='lat' dir='ltr'><strong>quia</strong></span> <span class='ocrx_word' id='word_1_398' title='bbox 1897 4054 2068 4093; x_wconf 91' lang='lat' dir='ltr'><strong>omne</strong></span> 
     </span>
    </p>
   </div>
   <div class='ocr_carea' id='block_1_58' title="bbox 415 4127 2068 4203">
    <p class='ocr_par' dir='ltr' id='par_1_58' title="bbox 415 4127 2068 4203">
     <span class='ocr_line' id='line_1_58' title="bbox 415 4127 2068 4203; baseline 0.003 -25"><span class='ocrx_word' id='word_1_399' title='bbox 415 4140 623 4180; x_wconf 89' lang='lat' dir='ltr'><strong>aurum</strong></span> <span class='ocrx_word' id='word_1_400' title='bbox 655 4127 809 4196; x_wconf 89' lang='lat' dir='ltr'><strong>quod</strong></span> <span class='ocrx_word' id='word_1_401' title='bbox 843 4129 953 4183; x_wconf 89' lang='lat' dir='ltr'><strong>sub</strong></span> <span class='ocrx_word' id='word_1_402' title='bbox 986 4136 1137 4184; x_wconf 89' lang='lat' dir='ltr'><strong>terra</strong></span> <span class='ocrx_word' id='word_1_403' title='bbox 1172 4135 1272 4185; x_wconf 89' lang='lat' dir='ltr'><strong>aut</strong></span> <span class='ocrx_word' id='word_1_404' title='bbox 1305 4146 1475 4203; x_wconf 88' lang='lat' dir='ltr'><strong>super</strong></span> <span class='ocrx_word' id='word_1_405' title='bbox 1524 4136 1678 4185; x_wconf 90' lang='lat' dir='ltr'><strong>terra</strong></span> <span class='ocrx_word' id='word_1_406' title='bbox 1728 4136 1815 4185; x_wconf 89' lang='lat' dir='ltr'><strong>est</strong></span> <span class='ocrx_word' id='word_1_407' title='bbox 1865 4129 2068 4184; x_wconf 90' lang='lat' dir='ltr'><strong>virtuti</strong></span> 
     </span>
    </p>
   </div>
   <div class='ocr_carea' id='block_1_59' title="bbox 417 4216 1180 4288">
    <p class='ocr_par' dir='ltr' id='par_1_59' title="bbox 417 4216 1180 4288">
     <span class='ocr_line' id='line_1_59' title="bbox 417 4216 1180 4288; baseline 0.008 -20"><span class='ocrx_word' id='word_1_408' title='bbox 417 4230 529 4269; x_wconf 88' lang='lat' dir='ltr'><strong>non</strong></span> <span class='ocrx_word' id='word_1_409' title='bbox 560 4219 649 4270; x_wconf 90' lang='lat' dir='ltr'><strong>est</strong></span> <span class='ocrx_word' id='word_1_410' title='bbox 680 4216 1180 4288; x_wconf 67' lang='lat' dir='ltr'><strong>esquiparandum.</strong></span> 
     </span>
    </p>
   </div>
   <div class='ocr_carea' id='block_1_60' title="bbox 488 4305 2068 4381">
    <p class='ocr_par' dir='ltr' id='par_1_60' title="bbox 488 4305 2068 4381">
     <span class='ocr_line' id='line_1_60' title="bbox 488 4305 2068 4381; baseline 0.003 -21"><span class='ocrx_word' id='word_1_411' title='bbox 488 4305 616 4360; x_wconf 66' lang='lat' dir='ltr'><strong>Haec</strong></span> <span class='ocrx_word' id='word_1_412' title='bbox 647 4320 800 4376; x_wconf 85' lang='lat' dir='ltr'><strong>ergo,</strong></span> <span class='ocrx_word' id='word_1_413' title='bbox 834 4306 950 4363; x_wconf 88' lang='lat' dir='ltr'><strong>Deo</strong></span> <span class='ocrx_word' id='word_1_414' title='bbox 981 4307 1175 4379; x_wconf 89' lang='lat' dir='ltr'><strong>dante,</strong></span> <span class='ocrx_word' id='word_1_415' title='bbox 1210 4326 1243 4364; x_wconf 96' lang='lat' dir='ltr'><strong>o</strong></span> <span class='ocrx_word' id='word_1_416' title='bbox 1281 4308 1617 4381; x_wconf 87' lang='lat' dir='ltr'><strong>imperator,</strong></span> <span class='ocrx_word' id='word_1_417' title='bbox 1650 4313 1707 4366; x_wconf 90' lang='lat' dir='ltr'><strong>et</strong></span> <span class='ocrx_word' id='word_1_418' title='bbox 1732 4314 1788 4365; x_wconf 89' lang='lat' dir='ltr'><strong>te</strong></span> <span class='ocrx_word' id='word_1_419' title='bbox 1836 4307 2068 4364; x_wconf 89' lang='lat' dir='ltr'><strong>volente</strong></span> 
     </span>
    </p>
   </div>
   <div class='ocr_carea' id='block_1_61' title="bbox 417 4395 2069 4471">
    <p class='ocr_par' dir='ltr' id='par_1_61' title="bbox 417 4395 2069 4471">
     <span class='ocr_line' id='line_1_61' title="bbox 417 4395 2069 4471; baseline 0.002 -21"><span class='ocrx_word' id='word_1_420' title='bbox 417 4395 711 4451; x_wconf 87' lang='lat' dir='ltr'><strong>celerrime</strong></span> <span class='ocrx_word' id='word_1_421' title='bbox 741 4396 1038 4467; x_wconf 75' lang='lat' dir='ltr'><strong>praabeas;</strong></span> <span class='ocrx_word' id='word_1_422' title='bbox 1073 4398 1171 4452; x_wconf 92' lang='lat' dir='ltr'><strong>isti</strong></span> <span class='ocrx_word' id='word_1_423' title='bbox 1214 4404 1434 4465; x_wconf 86' lang='lat' dir='ltr'><strong>autem,</strong></span> <span class='ocrx_word' id='word_1_424' title='bbox 1484 4400 1639 4471; x_wconf 89' lang='lat' dir='ltr'><strong>(quid</strong></span> <span class='ocrx_word' id='word_1_425' title='bbox 1692 4399 1846 4454; x_wconf 91' lang='lat' dir='ltr'><strong>enim</strong></span> <span class='ocrx_word' id='word_1_426' title='bbox 1898 4396 2069 4470; x_wconf 89' lang='lat' dir='ltr'><strong>plura</strong></span> 
     </span>
    </p>
   </div>
   <div class='ocr_carea' id='block_1_62' title="bbox 418 4489 2065 4564">
    <p class='ocr_par' dir='ltr' id='par_1_62' title="bbox 418 4489 2065 4564">
     <span class='ocr_line' id='line_1_62' title="bbox 418 4489 2065 4564; baseline 0.001 -21"><span class='ocrx_word' id='word_1_427' title='bbox 418 4490 486 4545; x_wconf 91' lang='lat' dir='ltr'><strong>de</strong></span> <span class='ocrx_word' id='word_1_428' title='bbox 508 4489 593 4544; x_wconf 91' lang='lat' dir='ltr'><strong>eis</strong></span> <span class='ocrx_word' id='word_1_429' title='bbox 614 4490 1042 4562; x_wconf 90' lang='lat' dir='ltr'><strong>oportetdicere</strong></span> <span class='ocrx_word' id='word_1_430' title='bbox 1082 4491 1194 4546; x_wconf 91' lang='lat' dir='ltr'><strong>nisi</strong></span> <span class='ocrx_word' id='word_1_431' title='bbox 1230 4493 1386 4562; x_wconf 90' lang='lat' dir='ltr'><strong>quod</strong></span> <span class='ocrx_word' id='word_1_432' title='bbox 1423 4492 1541 4547; x_wconf 90' lang='lat' dir='ltr'><strong>sint</strong></span> <span class='ocrx_word' id='word_1_433' title='bbox 1577 4491 1779 4564; x_wconf 85' lang='lat' dir='ltr'><strong>mali?)</strong></span> <span class='ocrx_word' id='word_1_434' title='bbox 1812 4492 1861 4548; x_wconf 90' lang='lat' dir='ltr'><strong>si</strong></span> <span class='ocrx_word' id='word_1_435' title='bbox 1909 4490 2065 4561; x_wconf 83' lang='lat' dir='ltr'><strong>leges</strong></span> 
     </span>
    </p>
   </div>
   <div class='ocr_carea' id='block_1_63' title="bbox 416 4578 2065 4654">
    <p class='ocr_par' dir='ltr' id='par_1_63' title="bbox 416 4578 2065 4654">
     <span class='ocr_line' id='line_1_63' title="bbox 416 4578 2065 4654; baseline 0.001 -21"><span class='ocrx_word' id='word_1_436' title='bbox 416 4578 773 4648; x_wconf 87' lang='lat' dir='ltr'><strong>timuissent,</strong></span> <span class='ocrx_word' id='word_1_437' title='bbox 806 4595 921 4635; x_wconf 90' lang='lat' dir='ltr'><strong>non</strong></span> <span class='ocrx_word' id='word_1_438' title='bbox 955 4580 1097 4635; x_wconf 91' lang='lat' dir='ltr'><strong>illud</strong></span> <span class='ocrx_word' id='word_1_439' title='bbox 1128 4586 1330 4635; x_wconf 88' lang='lat' dir='ltr'><strong>contra</strong></span> <span class='ocrx_word' id='word_1_440' title='bbox 1358 4580 1512 4654; x_wconf 89' lang='lat' dir='ltr'><strong>leges</strong></span> <span class='ocrx_word' id='word_1_441' title='bbox 1554 4582 1828 4637; x_wconf 80' lang='lat' dir='ltr'><strong>fecissent</strong></span> <span class='ocrx_word' id='word_1_442' title='bbox 1859 4598 1871 4634; x_wconf 91' lang='lat'><strong>:</strong></span> <span class='ocrx_word' id='word_1_443' title='bbox 1909 4596 2065 4635; x_wconf 88' lang='lat' dir='ltr'><strong>nunc</strong></span> 
     </span>
    </p>
   </div>
   <div class='ocr_carea' id='block_1_64' title="bbox 2186 1980 3813 2058">
    <p class='ocr_par' dir='ltr' id='par_1_64' title="bbox 2186 1980 3813 2058">
     <span class='ocr_line' id='line_1_64' title="bbox 2186 1980 3813 2058; baseline 0.001 -27"><span class='ocrx_word' id='word_1_444' title='bbox 2186 1980 2271 2032; x_wconf 85' lang='grc' dir='ltr'><strong>θεν</strong></span> <span class='ocrx_word' id='word_1_445' title='bbox 2320 1984 2416 2034; x_wconf 90' lang='grc' dir='ltr'><strong>τοῦ</strong></span> <span class='ocrx_word' id='word_1_446' title='bbox 2461 1983 2749 2055; x_wconf 81' lang='grc' dir='ltr'>σχήματος</span> <span class='ocrx_word' id='word_1_447' title='bbox 2799 1988 2912 2043; x_wconf 89' lang='grc' dir='ltr'>τοῖς</span> <span class='ocrx_word' id='word_1_448' title='bbox 2962 1983 3271 2058; x_wconf 84' lang='grc' dir='ltr'>πράγμασιν</span> <span class='ocrx_word' id='word_1_449' title='bbox 3319 1980 3559 2055; x_wconf 86' lang='grc' dir='ltr'>ὁμιλεῖν,</span> <span class='ocrx_word' id='word_1_450' title='bbox 3609 1985 3710 2035; x_wconf 83' lang='grc' dir='ltr'><strong>τῶν</strong></span> <span class='ocrx_word' id='word_1_451' title='bbox 3760 1998 3813 2033; x_wconf 88' lang='grc' dir='ltr'><strong>τε</strong></span> 
     </span>
    </p>
   </div>
   <div class='ocr_carea' id='block_1_65' title="bbox 2186 2064 3810 2143">
    <p class='ocr_par' dir='ltr' id='par_1_65' title="bbox 2186 2064 3810 2143">
     <span class='ocr_line' id='line_1_65' title="bbox 2186 2064 3810 2143; baseline 0 -22"><span class='ocrx_word' id='word_1_452' title='bbox 2186 2064 2644 2143; x_wconf 69' lang='grc' dir='ltr'>ε’ίνεκαίτρόπων,</span> <span class='ocrx_word' id='word_1_453' title='bbox 2691 2074 2787 2124; x_wconf 86' lang='grc' dir='ltr'><strong>τοῦ</strong></span> <span class='ocrx_word' id='word_1_454' title='bbox 2825 2092 2884 2125; x_wconf 90' lang='grc' dir='ltr'><strong>τε</strong></span> <span class='ocrx_word' id='word_1_455' title='bbox 2930 2076 3111 2131; x_wconf 87' lang='grc' dir='ltr'>κακῶς</span> <span class='ocrx_word' id='word_1_456' title='bbox 3162 2071 3407 2139; x_wconf 83' lang='grc' dir='ltr'>ἀκοῦσαι,</span> <span class='ocrx_word' id='word_1_457' title='bbox 3455 2071 3585 2134; x_wconf 78' lang='grc' dir='ltr'>τοὺς</span> <span class='ocrx_word' id='word_1_458' title='bbox 3639 2067 3694 2124; x_wconf 71' lang='grc' dir='ltr'>δὲ</span> <span class='ocrx_word' id='word_1_459' title='bbox 3728 2070 3810 2123; x_wconf 81' lang='grc' dir='ltr'><strong>καὶ</strong></span> 
     </span>
    </p>
   </div>
   <div class='ocr_carea' id='block_1_66' title="bbox 2187 2156 3812 2239">
    <p class='ocr_par' dir='ltr' id='par_1_66' title="bbox 2187 2156 3812 2239">
     <span class='ocr_line' id='line_1_66' title="bbox 2187 2156 3812 2239; baseline 0 -28"><span class='ocrx_word' id='word_1_460' title='bbox 2187 2160 2457 2231; x_wconf 88' lang='grc' dir='ltr'>μισεῖσθαι</span> <span class='ocrx_word' id='word_1_461' title='bbox 2497 2158 2585 2213; x_wconf 82' lang='grc' dir='ltr'><strong>καὶ</strong></span> <span class='ocrx_word' id='word_1_462' title='bbox 2634 2156 2793 2230; x_wconf 85' lang='grc' dir='ltr'>δίκην</span> <span class='ocrx_word' id='word_1_463' title='bbox 2842 2160 3062 2239; x_wconf 85' lang='grc' dir='ltr'>ὑπέχειν</span> <span class='ocrx_word' id='word_1_464' title='bbox 3102 2167 3202 2230; x_wconf 82' lang='grc' dir='ltr'><strong>τῆς</strong></span> <span class='ocrx_word' id='word_1_465' title='bbox 3237 2157 3525 2235; x_wconf 84' lang='grc' dir='ltr'>βδελυρίας</span> <span class='ocrx_word' id='word_1_466' title='bbox 3559 2179 3573 2229; x_wconf 88' lang='grc'>;</span> <span class='ocrx_word' id='word_1_467' title='bbox 3610 2156 3812 2234; x_wconf 83' lang='grc' dir='ltr'>μᾶλλον</span> 
     </span>
    </p>
   </div>
   <div class='ocr_carea' id='block_1_67' title="bbox 2183 2244 3811 2327">
    <p class='ocr_par' dir='ltr' id='par_1_67' title="bbox 2183 2244 3811 2327">
     <span class='ocr_line' id='line_1_67' title="bbox 2183 2244 3811 2327; baseline -0.001 -26"><span class='ocrx_word' id='word_1_468' title='bbox 2183 2245 2259 2319; x_wconf 79' lang='grc' dir='ltr'>δὲ,</span> <span class='ocrx_word' id='word_1_469' title='bbox 2289 2249 2388 2317; x_wconf 77' lang='grc' dir='ltr'><strong>τήν</strong></span> <span class='ocrx_word' id='word_1_470' title='bbox 2420 2245 2775 2323; x_wconf 81' lang='grc' dir='ltr'>γιγνομέντην</span> <span class='ocrx_word' id='word_1_471' title='bbox 2810 2248 2896 2303; x_wconf 81' lang='grc' dir='ltr'><strong>ἐὰν</strong></span> <span class='ocrx_word' id='word_1_472' title='bbox 2953 2249 3267 2326; x_wconf 84' lang='grc' dir='ltr'>ὑπόσχωσιν</span> <span class='ocrx_word' id='word_1_473' title='bbox 3323 2247 3619 2327; x_wconf 71' lang='grc' dir='ltr'>(ύςρέξουσι,</span> <span class='ocrx_word' id='word_1_474' title='bbox 3652 2244 3728 2318; x_wconf 76' lang='grc' dir='ltr'>δὲ,</span> <span class='ocrx_word' id='word_1_475' title='bbox 3760 2244 3811 2301; x_wconf 71' lang='grc' dir='ltr'>εὖ</span> 
     </span>
    </p>
   </div>
   <div class='ocr_carea' id='block_1_68' title="bbox 2184 2334 3818 2412">
    <p class='ocr_par' dir='ltr' id='par_1_68' title="bbox 2184 2334 3818 2412">
     <span class='ocr_line' id='line_1_68' title="bbox 2184 2334 3818 2412; baseline -0.001 -22"><span class='ocrx_word' id='word_1_476' title='bbox 2184 2334 2321 2405; x_wconf 82' lang='grc' dir='ltr'>οἶδα,</span> <span class='ocrx_word' id='word_1_477' title='bbox 2363 2338 2438 2399; x_wconf 88' lang='grc' dir='ltr'><strong>ώς</strong></span> <span class='ocrx_word' id='word_1_478' title='bbox 2480 2335 2582 2391; x_wconf 84' lang='grc' dir='ltr'>ἔδει</span> <span class='ocrx_word' id='word_1_479' title='bbox 2644 2359 2706 2412; x_wconf 89' lang='grc' dir='ltr'><strong>γε</strong></span> <span class='ocrx_word' id='word_1_480' title='bbox 2757 2337 2847 2393; x_wconf 82' lang='grc' dir='ltr'><strong>καὶ</strong></span> <span class='ocrx_word' id='word_1_481' title='bbox 2891 2337 3212 2410; x_wconf 84' lang='grc' dir='ltr'>πολλάκις),</span> <span class='ocrx_word' id='word_1_482' title='bbox 3254 2335 3407 2393; x_wconf 76' lang='grc' dir='ltr'>αὒτοί</span> <span class='ocrx_word' id='word_1_483' title='bbox 3460 2359 3519 2393; x_wconf 92' lang='grc' dir='ltr'><strong>τε</strong></span> <span class='ocrx_word' id='word_1_484' title='bbox 3579 2334 3818 2412; x_wconf 86' lang='grc' dir='ltr'>βελτίους</span> 
     </span>
    </p>
   </div>
   <div class='ocr_carea' id='block_1_69' title="bbox 2183 2422 3817 2500">
    <p class='ocr_par' dir='ltr' id='par_1_69' title="bbox 2183 2422 3817 2500">
     <span class='ocr_line' id='line_1_69' title="bbox 2183 2422 3817 2500; baseline -0.001 -21"><span class='ocrx_word' id='word_1_485' title='bbox 2183 2422 2395 2480; x_wconf 74' lang='grc' dir='ltr'>ἔσονται</span> <span class='ocrx_word' id='word_1_486' title='bbox 2441 2430 2538 2481; x_wconf 87' lang='grc' dir='ltr'><strong>τοῦ</strong></span> <span class='ocrx_word' id='word_1_487' title='bbox 2588 2424 2809 2496; x_wconf 79' lang='grc' dir='ltr'>λοιποῦ,</span> <span class='ocrx_word' id='word_1_488' title='bbox 2840 2428 2927 2481; x_wconf 78' lang='grc' dir='ltr'><strong>καὶ</strong></span> <span class='ocrx_word' id='word_1_489' title='bbox 2973 2424 3144 2482; x_wconf 82' lang='grc' dir='ltr'>οὐδέν’</span> <span class='ocrx_word' id='word_1_490' title='bbox 3201 2423 3280 2482; x_wconf 65' lang='grc' dir='ltr'><strong>ἔτ’</strong></span> <span class='ocrx_word' id='word_1_491' title='bbox 3336 2428 3494 2500; x_wconf 75' lang='grc' dir='ltr'>οἶμαι</span> <span class='ocrx_word' id='word_1_492' title='bbox 3551 2430 3659 2482; x_wconf 88' lang='grc' dir='ltr'><strong>τῶν</strong></span> <span class='ocrx_word' id='word_1_493' title='bbox 3690 2425 3817 2478; x_wconf 84' lang='grc' dir='ltr'>πάν-</span> 
     </span>
    </p>
   </div>
   <div class='ocr_carea' id='block_1_70' title="bbox 2178 2514 3815 2591">
    <p class='ocr_par' dir='ltr' id='par_1_70' title="bbox 2178 2514 3815 2591">
     <span class='ocr_line' id='line_1_70' title="bbox 2178 2514 3815 2591; baseline -0.001 -23"><span class='ocrx_word' id='word_1_494' title='bbox 2178 2535 2285 2569; x_wconf 91' lang='grc' dir='ltr'><strong>των</strong></span> <span class='ocrx_word' id='word_1_495' title='bbox 2335 2521 2451 2577; x_wconf 79' lang='grc' dir='ltr'>τοῖς</span> <span class='ocrx_word' id='word_1_496' title='bbox 2509 2515 2693 2578; x_wconf 79' lang='grc' dir='ltr'>αὐτοῖς</span> <span class='ocrx_word' id='word_1_497' title='bbox 2727 2515 3096 2591; x_wconf 75' lang='grc' dir='ltr'>ἐγχειρήσειν,</span> <span class='ocrx_word' id='word_1_498' title='bbox 3148 2514 3306 2577; x_wconf 74' lang='grc' dir='ltr'>εἰδὼς</span> <span class='ocrx_word' id='word_1_499' title='bbox 3355 2519 3467 2589; x_wconf 82' lang='grc'>(26)</span> <span class='ocrx_word' id='word_1_500' title='bbox 3496 2515 3530 2570; x_wconf 79' lang='grc' dir='ltr'>ἃ</span> <span class='ocrx_word' id='word_1_501' title='bbox 3561 2517 3815 2572; x_wconf 88' lang='grc' dir='ltr'>πείσεται.</span> 
     </span>
    </p>
   </div>
   <div class='ocr_carea' id='block_1_71' title="bbox 2180 2602 3816 2680">
    <p class='ocr_par' dir='ltr' id='par_1_71' title="bbox 2180 2602 3816 2680">
     <span class='ocr_line' id='line_1_71' title="bbox 2180 2602 3816 2680; baseline 0.003 -22"><span class='ocrx_word' id='word_1_502' title='bbox 2180 2603 2243 2658; x_wconf 89' lang='grc' dir='ltr'>Εἰ</span> <span class='ocrx_word' id='word_1_503' title='bbox 2286 2604 2413 2679; x_wconf 70' lang='grc' dir='ltr'>γὰρ,</span> <span class='ocrx_word' id='word_1_504' title='bbox 2444 2602 2497 2660; x_wconf 80' lang='grc' dir='ltr'><strong>εἷ’</strong></span> <span class='ocrx_word' id='word_1_505' title='bbox 2522 2606 2573 2679; x_wconf 85' lang='grc' dir='ltr'>γ’</span> <span class='ocrx_word' id='word_1_506' title='bbox 2619 2607 2671 2659; x_wconf 72' lang='grc' dir='ltr'>οἱ</span> <span class='ocrx_word' id='word_1_507' title='bbox 2730 2606 2836 2680; x_wconf 85' lang='grc' dir='ltr'>πρὸ</span> <span class='ocrx_word' id='word_1_508' title='bbox 2888 2607 3096 2660; x_wconf 77' lang='grc' dir='ltr'>τούτων</span> <span class='ocrx_word' id='word_1_509' title='bbox 3147 2606 3315 2660; x_wconf 83' lang='grc' dir='ltr'>ταυτὰ</span> <span class='ocrx_word' id='word_1_510' title='bbox 3362 2603 3816 2678; x_wconf 82' lang='grc' dir='ltr'>πλημμελαῦννες</span> 
     </span>
    </p>
   </div>
   <div class='ocr_carea' id='block_1_72' title="bbox 2177 2692 3818 2769">
    <p class='ocr_par' dir='ltr' id='par_1_72' title="bbox 2177 2692 3818 2769">
     <span class='ocr_line' id='line_1_72' title="bbox 2177 2692 3818 2769; baseline 0 -24"><span class='ocrx_word' id='word_1_511' title='bbox 2177 2692 2566 2768; x_wconf 77' lang='grc' dir='ltr'>ἐτιμωροῦντο,</span> <span class='ocrx_word' id='word_1_512' title='bbox 2626 2693 2723 2747; x_wconf 80' lang='grc' dir='ltr'>οὐκ</span> <span class='ocrx_word' id='word_1_513' title='bbox 2779 2692 2838 2747; x_wconf 83' lang='grc' dir='ltr'><strong>ἂν</strong></span> <span class='ocrx_word' id='word_1_514' title='bbox 2901 2715 3051 2749; x_wconf 92' lang='grc' dir='ltr'>ουτοι</span> <span class='ocrx_word' id='word_1_515' title='bbox 3112 2698 3261 2749; x_wconf 78' lang='grc' dir='ltr'>ταῦτ’</span> <span class='ocrx_word' id='word_1_516' title='bbox 3315 2692 3583 2769; x_wconf 83' lang='grc' dir='ltr'>ἔδρασαν·</span> <span class='ocrx_word' id='word_1_517' title='bbox 3640 2694 3673 2762; x_wconf 78' lang='grc' dir='ltr'>ἦ</span> <span class='ocrx_word' id='word_1_518' title='bbox 3720 2713 3818 2749; x_wconf 84' lang='grc' dir='ltr'><strong>που</strong></span> 
     </span>
    </p>
   </div>
   <div class='ocr_carea' id='block_1_73' title="bbox 2175 2780 3815 2859">
    <p class='ocr_par' dir='ltr' id='par_1_73' title="bbox 2175 2780 3815 2859">
     <span class='ocr_line' id='line_1_73' title="bbox 2175 2780 3815 2859; baseline -0.002 -22"><span class='ocrx_word' id='word_1_519' title='bbox 2175 2782 2381 2837; x_wconf 89' lang='grc' dir='ltr'>τούτων</span> <span class='ocrx_word' id='word_1_520' title='bbox 2410 2783 2522 2837; x_wconf 81' lang='grc' dir='ltr'>νυνῖ</span> <span class='ocrx_word' id='word_1_521' title='bbox 2553 2780 2949 2853; x_wconf 72' lang='grc' dir='ltr'>κολασθέντων,</span> <span class='ocrx_word' id='word_1_522' title='bbox 2974 2783 3145 2843; x_wconf 77' lang='grc' dir='ltr'>ἄλλος</span> <span class='ocrx_word' id='word_1_523' title='bbox 3197 2784 3260 2839; x_wconf 84' lang='grc' dir='ltr'>οὐ</span> <span class='ocrx_word' id='word_1_524' title='bbox 3303 2781 3509 2859; x_wconf 86' lang='grc' dir='ltr'>δράσει,</span> <span class='ocrx_word' id='word_1_525' title='bbox 3554 2783 3815 2839; x_wconf 79' lang='grc' dir='ltr'>εἰωθότων</span> 
     </span>
    </p>
   </div>
   <div class='ocr_carea' id='block_1_74' title="bbox 2178 2869 3815 2949">
    <p class='ocr_par' dir='ltr' id='par_1_74' title="bbox 2178 2869 3815 2949">
     <span class='ocr_line' id='line_1_74' title="bbox 2178 2869 3815 2949; baseline 0.001 -25"><span class='ocrx_word' id='word_1_526' title='bbox 2178 2872 2251 2934; x_wconf 85' lang='grc' dir='ltr'>ὡς</span> <span class='ocrx_word' id='word_1_527' title='bbox 2282 2873 2349 2925; x_wconf 77' lang='grc' dir='ltr'><strong>τά</strong></span> <span class='ocrx_word' id='word_1_528' title='bbox 2395 2870 2582 2927; x_wconf 86' lang='grc' dir='ltr'>πολλά</span> <span class='ocrx_word' id='word_1_529' title='bbox 2630 2878 2736 2927; x_wconf 89' lang='grc' dir='ltr'><strong>νῶν</strong></span> <span class='ocrx_word' id='word_1_530' title='bbox 2786 2874 3102 2947; x_wconf 87' lang='grc' dir='ltr'>ἀνθρώπων,</span> <span class='ocrx_word' id='word_1_531' title='bbox 3134 2873 3231 2927; x_wconf 79' lang='grc' dir='ltr'>κᾶν</span> <span class='ocrx_word' id='word_1_532' title='bbox 3261 2877 3379 2935; x_wconf 87' lang='grc' dir='ltr'>τοῖς</span> <span class='ocrx_word' id='word_1_533' title='bbox 3408 2877 3703 2949; x_wconf 85' lang='grc' dir='ltr'>χρηστοῖς,</span> <span class='ocrx_word' id='word_1_534' title='bbox 3728 2869 3815 2926; x_wconf 79' lang='grc' dir='ltr'>κᾶν</span> 
     </span>
    </p>
   </div>
   <div class='ocr_carea' id='block_1_75' title="bbox 2178 2958 3751 3040">
    <p class='ocr_par' dir='ltr' id='par_1_75' title="bbox 2178 2958 3751 3040">
     <span class='ocr_line' id='line_1_75' title="bbox 2178 2958 3751 3040; baseline 0.003 -26"><span class='ocrx_word' id='word_1_535' title='bbox 2178 2965 2295 3021; x_wconf 88' lang='grc' dir='ltr'>τοῖς</span> <span class='ocrx_word' id='word_1_536' title='bbox 2347 2959 2600 3037; x_wconf 79' lang='grc' dir='ltr'>φαύλοις,</span> <span class='ocrx_word' id='word_1_537' title='bbox 2635 2958 3035 3037; x_wconf 83' lang='grc' dir='ltr'>παραδείγμασι</span> <span class='ocrx_word' id='word_1_538' title='bbox 3072 2966 3189 3023; x_wconf 83' lang='grc' dir='ltr'>τοῖς</span> <span class='ocrx_word' id='word_1_539' title='bbox 3218 2963 3447 3039; x_wconf 72' lang='grc' dir='ltr'>φθάσασι</span> <span class='ocrx_word' id='word_1_540' title='bbox 3482 2969 3751 3040; x_wconf 71' lang='grc' dir='ltr'>χρῆσιραι.</span> 
     </span>
    </p>
   </div>
   <div class='ocr_carea' id='block_1_76' title="bbox 2251 3048 3812 3127">
    <p class='ocr_par' dir='ltr' id='par_1_76' title="bbox 2251 3048 3812 3127">
     <span class='ocr_line' id='line_1_76' title="bbox 2251 3048 3812 3127; baseline -0.003 -23"><span class='ocrx_word' id='word_1_541' title='bbox 2251 3050 2449 3104; x_wconf 87' lang='grc' dir='ltr'>Σκόπει</span> <span class='ocrx_word' id='word_1_542' title='bbox 2495 3048 2569 3117; x_wconf 73' lang='grc' dir='ltr'>δὲ,</span> <span class='ocrx_word' id='word_1_543' title='bbox 2619 3049 2664 3103; x_wconf 83' lang='grc' dir='ltr'>ὦ</span> <span class='ocrx_word' id='word_1_544' title='bbox 2719 3050 2964 3124; x_wconf 84' lang='grc' dir='ltr'>βασιλεῦ,</span> <span class='ocrx_word' id='word_1_545' title='bbox 3006 3049 3145 3104; x_wconf 81' lang='grc' dir='ltr'>ὅσων</span> <span class='ocrx_word' id='word_1_546' title='bbox 3177 3051 3314 3123; x_wconf 80' lang='grc' dir='ltr'>ἡμῖν</span> <span class='ocrx_word' id='word_1_547' title='bbox 3354 3049 3576 3127; x_wconf 88' lang='grc' dir='ltr'>ἀγαθῶν</span> <span class='ocrx_word' id='word_1_548' title='bbox 3618 3049 3707 3104; x_wconf 79' lang='grc' dir='ltr'><strong>ἐπὶ</strong></span> <span class='ocrx_word' id='word_1_549' title='bbox 3733 3049 3812 3102; x_wconf 83' lang='grc' dir='ltr'><strong>τοῦ</strong></span> 
     </span>
    </p>
   </div>
   <div class='ocr_carea' id='block_1_77' title="bbox 2182 3139 3813 3218">
    <p class='ocr_par' dir='ltr' id='par_1_77' title="bbox 2182 3139 3813 3218">
     <span class='ocr_line' id='line_1_77' title="bbox 2182 3139 3813 3218; baseline -0.001 -26"><span class='ocrx_word' id='word_1_550' title='bbox 2182 3142 2453 3213; x_wconf 89' lang='grc' dir='ltr'>παρόντος</span> <span class='ocrx_word' id='word_1_551' title='bbox 2485 3140 2659 3201; x_wconf 73' lang='grc' dir='ltr'>αἶ’τιος</span> <span class='ocrx_word' id='word_1_552' title='bbox 2704 3139 2815 3216; x_wconf 75' lang='grc' dir='ltr'>ἔσῃ,</span> <span class='ocrx_word' id='word_1_553' title='bbox 2864 3143 3013 3197; x_wconf 88' lang='grc' dir='ltr'>ταῦτ’</span> <span class='ocrx_word' id='word_1_554' title='bbox 3071 3141 3418 3217; x_wconf 83' lang='grc' dir='ltr'>εἰργασμένος</span> <span class='ocrx_word' id='word_1_555' title='bbox 3449 3161 3463 3174; x_wconf 89' lang='grc'><strong>·</strong></span> <span class='ocrx_word' id='word_1_556' title='bbox 3516 3140 3715 3218; x_wconf 69' lang='grc' dir='ltr'>ἀρετήν</span> <span class='ocrx_word' id='word_1_557' title='bbox 3763 3158 3813 3192; x_wconf 85' lang='grc' dir='ltr'><strong>σε</strong></span> 
     </span>
    </p>
   </div>
   <div class='ocr_carea' id='block_1_78' title="bbox 2184 3227 3816 3307">
    <p class='ocr_par' dir='ltr' id='par_1_78' title="bbox 2184 3227 3816 3307">
     <span class='ocr_line' id='line_1_78' title="bbox 2184 3227 3816 3307; baseline -0.001 -24"><span class='ocrx_word' id='word_1_558' title='bbox 2184 3231 2289 3305; x_wconf 79' lang='grc' dir='ltr'><strong>γάρ</strong></span> <span class='ocrx_word' id='word_1_559' title='bbox 2322 3227 2494 3302; x_wconf 81' lang='grc' dir='ltr'>δόξεις</span> <span class='ocrx_word' id='word_1_560' title='bbox 2526 3231 2649 3306; x_wconf 84' lang='grc' dir='ltr'>περὶ</span> <span class='ocrx_word' id='word_1_561' title='bbox 2690 3230 2951 3286; x_wconf 85' lang='grc' dir='ltr'>πλείστου</span> <span class='ocrx_word' id='word_1_562' title='bbox 3000 3234 3293 3301; x_wconf 82' lang='grc' dir='ltr'>ποιεῖσθαι,</span> <span class='ocrx_word' id='word_1_563' title='bbox 3325 3232 3414 3286; x_wconf 81' lang='grc' dir='ltr'><strong>καὶ</strong></span> <span class='ocrx_word' id='word_1_564' title='bbox 3465 3229 3816 3307; x_wconf 71' lang='grc' dir='ltr'>συκοφαντίαν</span> 
     </span>
    </p>
   </div>
   <div class='ocr_carea' id='block_1_79' title="bbox 2184 3316 3819 3394">
    <p class='ocr_par' dir='ltr' id='par_1_79' title="bbox 2184 3316 3819 3394">
     <span class='ocr_line' id='line_1_79' title="bbox 2184 3316 3819 3394; baseline 0.001 -23"><span class='ocrx_word' id='word_1_565' title='bbox 2184 3322 2455 3392; x_wconf 81' lang='grc' dir='ltr'>παροῦσαν</span> <span class='ocrx_word' id='word_1_566' title='bbox 2489 3320 2583 3392; x_wconf 76' lang='grc' dir='ltr'>μὲν</span> <span class='ocrx_word' id='word_1_567' title='bbox 2629 3321 2882 3394; x_wconf 81' lang='grc' dir='ltr'>ἀναιρεῖν,</span> <span class='ocrx_word' id='word_1_568' title='bbox 2918 3316 3123 3374; x_wconf 80' lang='grc' dir='ltr'>ἔσεσθαι</span> <span class='ocrx_word' id='word_1_569' title='bbox 3169 3317 3226 3374; x_wconf 74' lang='grc' dir='ltr'>δὲ</span> <span class='ocrx_word' id='word_1_570' title='bbox 3278 3318 3596 3392; x_wconf 88' lang='grc' dir='ltr'>μέλλουσαν</span> <span class='ocrx_word' id='word_1_571' title='bbox 3621 3319 3819 3394; x_wconf 64' lang='grc' dir='ltr'>ἴσχειν.</span> 
     </span>
    </p>
   </div>
   <div class='ocr_carea' id='block_1_80' title="bbox 2182 3403 3823 3482">
    <p class='ocr_par' dir='ltr' id='par_1_80' title="bbox 2182 3403 3823 3482">
     <span class='ocr_line' id='line_1_80' title="bbox 2182 3403 3823 3482; baseline -0.001 -22"><span class='ocrx_word' id='word_1_572' title='bbox 2182 3408 2390 3478; x_wconf 86' lang='grc' dir='ltr'>Ταύτης</span> <span class='ocrx_word' id='word_1_573' title='bbox 2430 3404 2486 3461; x_wconf 73' lang='grc' dir='ltr'>δὲ</span> <span class='ocrx_word' id='word_1_574' title='bbox 2528 3410 2827 3481; x_wconf 80' lang='grc' dir='ltr'>γενομένης</span> <span class='ocrx_word' id='word_1_575' title='bbox 2876 3407 2936 3463; x_wconf 78' lang='grc' dir='ltr'>ἐκ</span> <span class='ocrx_word' id='word_1_576' title='bbox 2990 3407 3176 3480; x_wconf 80' lang='grc' dir='ltr'>μέσου,</span> <span class='ocrx_word' id='word_1_577' title='bbox 3226 3409 3548 3464; x_wconf 86' lang='grc' dir='ltr'>συναπέσται</span> <span class='ocrx_word' id='word_1_578' title='bbox 3595 3410 3690 3482; x_wconf 79' lang='grc' dir='ltr'>μὶν</span> <span class='ocrx_word' id='word_1_579' title='bbox 3738 3403 3823 3460; x_wconf 90' lang='grc' dir='ltr'><strong>καὶ</strong></span> 
     </span>
    </p>
   </div>
   <div class='ocr_carea' id='block_1_81' title="bbox 2184 3492 3822 3572">
    <p class='ocr_par' dir='ltr' id='par_1_81' title="bbox 2184 3492 3822 3572">
     <span class='ocr_line' id='line_1_81' title="bbox 2184 3492 3822 3572; baseline -0.002 -22"><span class='ocrx_word' id='word_1_580' title='bbox 2184 3498 2211 3551; x_wconf 77' lang='grc' dir='ltr'><strong>ὁ</strong></span> <span class='ocrx_word' id='word_1_581' title='bbox 2246 3497 2440 3558; x_wconf 88' lang='grc' dir='ltr'>λοιπὸς</span> <span class='ocrx_word' id='word_1_582' title='bbox 2490 3498 2731 3572; x_wconf 81' lang='grc' dir='ltr'>ὁρμαθὸς</span> <span class='ocrx_word' id='word_1_583' title='bbox 2768 3499 2876 3551; x_wconf 82' lang='grc' dir='ltr'><strong>τῶν</strong></span> <span class='ocrx_word' id='word_1_584' title='bbox 2924 3501 3123 3570; x_wconf 71' lang='grc' dir='ltr'>κακῶν,</span> <span class='ocrx_word' id='word_1_585' title='bbox 3178 3498 3719 3570; x_wconf 71' lang='grc' dir='ltr'>ἀντεισενεχθτςσετιὶι</span> <span class='ocrx_word' id='word_1_586' title='bbox 3768 3492 3822 3549; x_wconf 80' lang='grc' dir='ltr'>δὲ</span> 
     </span>
    </p>
   </div>
   <div class='ocr_carea' id='block_1_82' title="bbox 2182 3584 3823 3665">
    <p class='ocr_par' dir='ltr' id='par_1_82' title="bbox 2182 3584 3823 3665">
     <span class='ocr_line' id='line_1_82' title="bbox 2182 3584 3823 3665; baseline -0.001 -26"><span class='ocrx_word' id='word_1_587' title='bbox 2182 3589 2284 3639; x_wconf 84' lang='grc' dir='ltr'><strong>πᾶν</strong></span> <span class='ocrx_word' id='word_1_588' title='bbox 2332 3585 2395 3639; x_wconf 88' lang='grc' dir='ltr'>τὸ</span> <span class='ocrx_word' id='word_1_589' title='bbox 2449 3584 2753 3661; x_wconf 89' lang='grc' dir='ltr'>βέλτιστον,</span> <span class='ocrx_word' id='word_1_590' title='bbox 2816 3584 2965 3659; x_wconf 65' lang='grc' dir='ltr'>εἴπερ</span> <span class='ocrx_word' id='word_1_591' title='bbox 3020 3587 3082 3641; x_wconf 85' lang='grc' dir='ltr'>τὸ</span> <span class='ocrx_word' id='word_1_592' title='bbox 3140 3596 3505 3663; x_wconf 63' lang='grc' dir='ltr'>συκοφαντας</span> <span class='ocrx_word' id='word_1_593' title='bbox 3559 3586 3823 3665; x_wconf 66' lang='grc' dir='ltr'>ἀφεῖσθαι,</span> 
     </span>
    </p>
   </div>
   <div class='ocr_carea' id='block_1_83' title="bbox 2180 3673 3822 3754">
    <p class='ocr_par' dir='ltr' id='par_1_83' title="bbox 2180 3673 3822 3754">
     <span class='ocr_line' id='line_1_83' title="bbox 2180 3673 3822 3754; baseline 0 -26"><span class='ocrx_word' id='word_1_594' title='bbox 2180 3674 2317 3728; x_wconf 87' lang='grc' dir='ltr'>κατὰ</span> <span class='ocrx_word' id='word_1_595' title='bbox 2362 3674 2455 3728; x_wconf 80' lang='grc' dir='ltr'>τὸν</span> <span class='ocrx_word' id='word_1_596' title='bbox 2505 3673 2761 3747; x_wconf 77' lang='grc' dir='ltr'>εἰρηκότα</span> <span class='ocrx_word' id='word_1_597' title='bbox 2825 3676 3007 3752; x_wconf 74' lang='grc' dir='ltr'>σοφὸν,</span> <span class='ocrx_word' id='word_1_598' title='bbox 3060 3674 3253 3751; x_wconf 79' lang='grc' dir='ltr'>ἀρετῆς</span> <span class='ocrx_word' id='word_1_599' title='bbox 3304 3675 3410 3731; x_wconf 82' lang='grc' dir='ltr'>ἔστ’</span> <span class='ocrx_word' id='word_1_600' title='bbox 3454 3674 3679 3754; x_wconf 71' lang='grc' dir='ltr'>ἑφόδιον</span> <span class='ocrx_word' id='word_1_601' title='bbox 3723 3674 3822 3728; x_wconf 84' lang='grc' dir='ltr'>πά-</span> 
     </span>
    </p>
   </div>
   <div class='ocr_carea' id='block_1_84' title="bbox 2182 3761 3822 3837">
    <p class='ocr_par' dir='ltr' id='par_1_84' title="bbox 2182 3761 3822 3837">
     <span class='ocr_line' id='line_1_84' title="bbox 2182 3761 3822 3837; baseline 0 -21"><span class='ocrx_word' id='word_1_602' title='bbox 2182 3784 2301 3833; x_wconf 88' lang='grc' dir='ltr'>σης.</span> <span class='ocrx_word' id='word_1_603' title='bbox 2335 3764 2400 3819; x_wconf 85' lang='grc' dir='ltr'>Εἰ</span> <span class='ocrx_word' id='word_1_604' title='bbox 2432 3761 2488 3818; x_wconf 74' lang='grc' dir='ltr'>δὶ</span> <span class='ocrx_word' id='word_1_605' title='bbox 2516 3764 2605 3817; x_wconf 83' lang='grc' dir='ltr'><strong>καὶ</strong></span> <span class='ocrx_word' id='word_1_606' title='bbox 2636 3765 2733 3833; x_wconf 75' lang='grc' dir='ltr'>τὴν</span> <span class='ocrx_word' id='word_1_607' title='bbox 2766 3762 3117 3835; x_wconf 81' lang='grc' dir='ltr'>ὲύδαιμονίαν</span> <span class='ocrx_word' id='word_1_608' title='bbox 3158 3763 3244 3820; x_wconf 79' lang='grc' dir='ltr'>ἐπὶ</span> <span class='ocrx_word' id='word_1_609' title='bbox 3285 3764 3383 3819; x_wconf 85' lang='grc' dir='ltr'><strong>σοῦ</strong></span> <span class='ocrx_word' id='word_1_610' title='bbox 3411 3766 3616 3837; x_wconf 85' lang='grc' dir='ltr'>ταύτην</span> <span class='ocrx_word' id='word_1_611' title='bbox 3650 3761 3822 3819; x_wconf 79' lang='grc' dir='ltr'>εὐδαι-</span> 
     </span>
    </p>
   </div>
   <div class='ocr_carea' id='block_1_85' title="bbox 2184 3851 3827 3930">
    <p class='ocr_par' dir='ltr' id='par_1_85' title="bbox 2184 3851 3827 3930">
     <span class='ocr_line' id='line_1_85' title="bbox 2184 3851 3827 3930; baseline 0.001 -25"><span class='ocrx_word' id='word_1_612' title='bbox 2184 3854 2475 3923; x_wconf 74' lang='grc' dir='ltr'>μονήσαιεν</span> <span class='ocrx_word' id='word_1_613' title='bbox 2526 3853 2579 3907; x_wconf 80' lang='grc' dir='ltr'><strong>αἰ</strong></span> <span class='ocrx_word' id='word_1_614' title='bbox 2631 3851 2845 3921; x_wconf 88' lang='grc' dir='ltr'>πόλεις,</span> <span class='ocrx_word' id='word_1_615' title='bbox 2891 3853 2983 3908; x_wconf 81' lang='grc' dir='ltr'><strong>καὶ</strong></span> <span class='ocrx_word' id='word_1_616' title='bbox 3029 3855 3269 3928; x_wconf 83' lang='grc' dir='ltr'>γένοιντο</span> <span class='ocrx_word' id='word_1_617' title='bbox 3318 3856 3512 3917; x_wconf 82' lang='grc' dir='ltr'>πάντες</span> <span class='ocrx_word' id='word_1_618' title='bbox 3567 3852 3827 3930; x_wconf 82' lang='grc' dir='ltr'>χρηστοὶ,</span> 
     </span>
    </p>
   </div>
   <div class='ocr_carea' id='block_1_86' title="bbox 2177 3941 3823 4021">
    <p class='ocr_par' dir='ltr' id='par_1_86' title="bbox 2177 3941 3823 4021">
     <span class='ocr_line' id='line_1_86' title="bbox 2177 3941 3823 4021; baseline 0.001 -28"><span class='ocrx_word' id='word_1_619' title='bbox 2177 3961 2339 3994; x_wconf 88' lang='grc' dir='ltr'>τουτο</span> <span class='ocrx_word' id='word_1_620' title='bbox 2397 3942 2464 4010; x_wconf 79' lang='grc' dir='ltr'>ἦν</span> <span class='ocrx_word' id='word_1_621' title='bbox 2524 3963 2608 3996; x_wconf 92' lang='grc' dir='ltr'><strong>σοι</strong></span> <span class='ocrx_word' id='word_1_622' title='bbox 2672 3948 2859 4015; x_wconf 83' lang='grc' dir='ltr'>μεῖζον</span> <span class='ocrx_word' id='word_1_623' title='bbox 2915 3944 3044 3997; x_wconf 81' lang='grc' dir='ltr'>ὅτου</span> <span class='ocrx_word' id='word_1_624' title='bbox 3103 3964 3186 4006; x_wconf 91' lang='grc' dir='ltr'><strong>τις</strong></span> <span class='ocrx_word' id='word_1_625' title='bbox 3237 3943 3296 3998; x_wconf 87' lang='grc' dir='ltr'><strong>ἃν</strong></span> <span class='ocrx_word' id='word_1_626' title='bbox 3328 3941 3505 4014; x_wconf 82' lang='grc' dir='ltr'>δήπου</span> <span class='ocrx_word' id='word_1_627' title='bbox 3546 3945 3641 3999; x_wconf 85' lang='grc' dir='ltr'><strong>καὶ</strong></span> <span class='ocrx_word' id='word_1_628' title='bbox 3671 3941 3823 4021; x_wconf 74' lang='grc' dir='ltr'>φαίη.</span> 
     </span>
    </p>
   </div>
   <div class='ocr_carea' id='block_1_87' title="bbox 2179 4029 3829 4105">
    <p class='ocr_par' dir='ltr' id='par_1_87' title="bbox 2179 4029 3829 4105">
     <span class='ocr_line' id='line_1_87' title="bbox 2179 4029 3829 4105; baseline 0.007 -23"><span class='ocrx_word' id='word_1_629' title='bbox 2179 4031 2267 4083; x_wconf 78' lang='grc' dir='ltr'><strong>καὶ</strong></span> <span class='ocrx_word' id='word_1_630' title='bbox 2328 4029 2451 4085; x_wconf 65' lang='grc' dir='ltr'>οὔτε</span> <span class='ocrx_word' id='word_1_631' title='bbox 2508 4032 2568 4086; x_wconf 86' lang='grc' dir='ltr'>τὸ</span> <span class='ocrx_word' id='word_1_632' title='bbox 2625 4033 2933 4105; x_wconf 80' lang='grc' dir='ltr'>ξυμπάσης,</span> <span class='ocrx_word' id='word_1_633' title='bbox 2967 4033 3040 4094; x_wconf 85' lang='grc' dir='ltr'>ὡς</span> <span class='ocrx_word' id='word_1_634' title='bbox 3104 4033 3295 4100; x_wconf 82' lang='grc' dir='ltr'>εἰπεῖν,</span> <span class='ocrx_word' id='word_1_635' title='bbox 3340 4040 3439 4103; x_wconf 78' lang='grc' dir='ltr'><strong>τῆς</strong></span> <span class='ocrx_word' id='word_1_636' title='bbox 3494 4032 3829 4105; x_wconf 73' lang='grc' dir='ltr'>οἰκουμένης</span> 
     </span>
    </p>
   </div>
   <div class='ocr_carea' id='block_1_88' title="bbox 2178 4121 3824 4197">
    <p class='ocr_par' dir='ltr' id='par_1_88' title="bbox 2178 4121 3824 4197">
     <span class='ocr_line' id='line_1_88' title="bbox 2178 4121 3824 4197; baseline 0.002 -25"><span class='ocrx_word' id='word_1_637' title='bbox 2178 4125 2391 4192; x_wconf 88' lang='grc' dir='ltr'>κρατεῖν</span> <span class='ocrx_word' id='word_1_638' title='bbox 2422 4124 2649 4196; x_wconf 83' lang='grc' dir='ltr'>πρᾶγμα</span> <span class='ocrx_word' id='word_1_639' title='bbox 2702 4126 2980 4189; x_wconf 80' lang='grc' dir='ltr'>τοσοῦτον,</span> <span class='ocrx_word' id='word_1_640' title='bbox 3015 4124 3042 4177; x_wconf 82' lang='grc' dir='ltr'>ὁ</span> <span class='ocrx_word' id='word_1_641' title='bbox 3076 4124 3121 4177; x_wconf 87' lang='grc' dir='ltr'>θ’</span> <span class='ocrx_word' id='word_1_642' title='bbox 3173 4124 3274 4177; x_wconf 86' lang='grc' dir='ltr'>ὑπὸ</span> <span class='ocrx_word' id='word_1_643' title='bbox 3307 4130 3410 4197; x_wconf 85' lang='grc' dir='ltr'><strong>γῆν</strong></span> <span class='ocrx_word' id='word_1_644' title='bbox 3454 4144 3513 4178; x_wconf 88' lang='grc' dir='ltr'><strong>τε</strong></span> <span class='ocrx_word' id='word_1_645' title='bbox 3542 4123 3637 4178; x_wconf 81' lang='grc' dir='ltr'><strong>καὶ</strong></span> <span class='ocrx_word' id='word_1_646' title='bbox 3692 4121 3824 4194; x_wconf 73' lang='grc' dir='ltr'>ὑπὲρ</span> 
     </span>
    </p>
   </div>
   <div class='ocr_carea' id='block_1_89' title="bbox 2177 4209 3333 4289">
    <p class='ocr_par' dir='ltr' id='par_1_89' title="bbox 2177 4209 3333 4289">
     <span class='ocr_line' id='line_1_89' title="bbox 2177 4209 3333 4289; baseline 0.006 -27"><span class='ocrx_word' id='word_1_647' title='bbox 2177 4216 2276 4283; x_wconf 80' lang='grc' dir='ltr'><strong>γῆν</strong></span> <span class='ocrx_word' id='word_1_648' title='bbox 2308 4209 2449 4271; x_wconf 88' lang='grc' dir='ltr'>ἀπας</span> <span class='ocrx_word' id='word_1_649' title='bbox 2485 4211 2688 4285; x_wconf 87' lang='grc' dir='ltr'>χρυσὸς</span> <span class='ocrx_word' id='word_1_650' title='bbox 2720 4211 2819 4266; x_wconf 87' lang='grc' dir='ltr'><strong>ούκ</strong></span> <span class='ocrx_word' id='word_1_651' title='bbox 2848 4211 3091 4284; x_wconf 77' lang='grc' dir='ltr'>ἀντάξιος</span> <span class='ocrx_word' id='word_1_652' title='bbox 3115 4213 3333 4289; x_wconf 81' lang='grc' dir='ltr'>ἀρετῆς.</span> 
     </span>
    </p>
   </div>
   <div class='ocr_carea' id='block_1_90' title="bbox 2248 4298 3829 4373">
    <p class='ocr_par' dir='ltr' id='par_1_90' title="bbox 2248 4298 3829 4373">
     <span class='ocr_line' id='line_1_90' title="bbox 2248 4298 3829 4373; baseline -0.001 -20"><span class='ocrx_word' id='word_1_653' title='bbox 2248 4302 2435 4353; x_wconf 85' lang='grc' dir='ltr'>Ταῦτα</span> <span class='ocrx_word' id='word_1_654' title='bbox 2467 4300 2560 4373; x_wconf 78' lang='grc' dir='ltr'>μὶν</span> <span class='ocrx_word' id='word_1_655' title='bbox 2602 4298 2723 4369; x_wconf 75' lang='grc' dir='ltr'>οὗν,</span> <span class='ocrx_word' id='word_1_656' title='bbox 2759 4306 2892 4355; x_wconf 88' lang='grc' dir='ltr'>Θεοῦ</span> <span class='ocrx_word' id='word_1_657' title='bbox 2926 4298 3193 4371; x_wconf 82' lang='grc' dir='ltr'>διδόντος,</span> <span class='ocrx_word' id='word_1_658' title='bbox 3226 4301 3271 4356; x_wconf 82' lang='grc' dir='ltr'>ὦ</span> <span class='ocrx_word' id='word_1_659' title='bbox 3325 4299 3571 4370; x_wconf 82' lang='grc' dir='ltr'>βασιλεῦ,</span> <span class='ocrx_word' id='word_1_660' title='bbox 3607 4303 3700 4357; x_wconf 81' lang='grc' dir='ltr'><strong>καὶ</strong></span> <span class='ocrx_word' id='word_1_661' title='bbox 3735 4303 3829 4354; x_wconf 81' lang='grc' dir='ltr'><strong>σοῦ</strong></span> 
     </span>
    </p>
   </div>
   <div class='ocr_carea' id='block_1_91' title="bbox 2179 4387 3832 4467">
    <p class='ocr_par' dir='ltr' id='par_1_91' title="bbox 2179 4387 3832 4467">
     <span class='ocr_line' id='line_1_91' title="bbox 2179 4387 3832 4467; baseline 0.001 -25"><span class='ocrx_word' id='word_1_662' title='bbox 2179 4388 2541 4462; x_wconf 86' lang='grc' dir='ltr'>βουλομένου,</span> <span class='ocrx_word' id='word_1_663' title='bbox 2600 4391 2815 4465; x_wconf 82' lang='grc' dir='ltr'>τάχισθ’</span> <span class='ocrx_word' id='word_1_664' title='bbox 2868 4389 3093 4465; x_wconf 76' lang='grc' dir='ltr'>ὓπάρξαι</span> <span class='ocrx_word' id='word_1_665' title='bbox 3146 4410 3158 4422; x_wconf 67' lang='grc' dir='ltr'><strong>θ</strong></span> <span class='ocrx_word' id='word_1_666' title='bbox 3212 4391 3263 4444; x_wconf 84' lang='lat' dir='ltr'><strong>o&#39;t</strong></span> <span class='ocrx_word' id='word_1_667' title='bbox 3322 4387 3399 4459; x_wconf 78' lang='grc' dir='ltr'>δὲ,</span> <span class='ocrx_word' id='word_1_668' title='bbox 3455 4391 3531 4465; x_wconf 81' lang='grc' dir='ltr'>(τί</span> <span class='ocrx_word' id='word_1_669' title='bbox 3601 4393 3708 4467; x_wconf 74' lang='grc' dir='ltr'><strong>γάρ</strong></span> <span class='ocrx_word' id='word_1_670' title='bbox 3753 4388 3832 4445; x_wconf 81' lang='grc' dir='ltr'><strong>δεῖ</strong></span> 
     </span>
    </p>
   </div>
   <div class='ocr_carea' id='block_1_92' title="bbox 2174 4478 3829 4555">
    <p class='ocr_par' dir='ltr' id='par_1_92' title="bbox 2174 4478 3829 4555">
     <span class='ocr_line' id='line_1_92' title="bbox 2174 4478 3829 4555; baseline 0 -22"><span class='ocrx_word' id='word_1_671' title='bbox 2174 4478 2350 4534; x_wconf 86' lang='grc' dir='ltr'>πλείω</span> <span class='ocrx_word' id='word_1_672' title='bbox 2395 4480 2518 4555; x_wconf 85' lang='grc' dir='ltr'>περὶ</span> <span class='ocrx_word' id='word_1_673' title='bbox 2572 4480 2780 4537; x_wconf 85' lang='grc' dir='ltr'>τούτῶν</span> <span class='ocrx_word' id='word_1_674' title='bbox 2842 4478 3111 4554; x_wconf 79' lang='grc' dir='ltr'>διεξιέναι,</span> <span class='ocrx_word' id='word_1_675' title='bbox 3171 4483 3245 4543; x_wconf 84' lang='grc' dir='ltr'>ὡς</span> <span class='ocrx_word' id='word_1_676' title='bbox 3304 4480 3405 4536; x_wconf 80' lang='grc' dir='ltr'>εἶεν</span> <span class='ocrx_word' id='word_1_677' title='bbox 3486 4482 3649 4537; x_wconf 89' lang='grc' dir='ltr'>κακοί</span> <span class='ocrx_word' id='word_1_678' title='bbox 3687 4483 3729 4554; x_wconf 88' lang='grc'>;)</span> <span class='ocrx_word' id='word_1_679' title='bbox 3785 4480 3829 4534; x_wconf 89' lang='grc' dir='ltr'><strong>εἰ</strong></span> 
     </span>
    </p>
   </div>
   <div class='ocr_carea' id='block_1_93' title="bbox 2177 4564 3825 4644">
    <p class='ocr_par' dir='ltr' id='par_1_93' title="bbox 2177 4564 3825 4644">
     <span class='ocr_line' id='line_1_93' title="bbox 2177 4564 3825 4644; baseline -0.001 -22"><span class='ocrx_word' id='word_1_680' title='bbox 2177 4569 2273 4641; x_wconf 77' lang='grc' dir='ltr'>μὲν</span> <span class='ocrx_word' id='word_1_681' title='bbox 2329 4564 2661 4623; x_wconf 83' lang='grc' dir='ltr'>ἐδεδοίκεσαν</span> <span class='ocrx_word' id='word_1_682' title='bbox 2720 4571 2847 4632; x_wconf 85' lang='grc' dir='ltr'>τοὺς</span> <span class='ocrx_word' id='word_1_683' title='bbox 2900 4570 3127 4642; x_wconf 89' lang='grc' dir='ltr'>νόμους,</span> <span class='ocrx_word' id='word_1_684' title='bbox 3162 4568 3259 4624; x_wconf 80' lang='grc' dir='ltr'>οὐκ</span> <span class='ocrx_word' id='word_1_685' title='bbox 3315 4570 3377 4623; x_wconf 79' lang='grc' dir='ltr'><strong>ἂν</strong></span> <span class='ocrx_word' id='word_1_686' title='bbox 3438 4574 3592 4624; x_wconf 90' lang='grc' dir='ltr'>ταῦτ’</span> <span class='ocrx_word' id='word_1_687' title='bbox 3651 4566 3825 4644; x_wconf 78' lang='grc' dir='ltr'>ἔδρων</span> 
     </span>
    </p>
   </div>
   <div class='ocr_carea' id='block_1_94' title="bbox 415 4656 2066 4742">
    <p class='ocr_par' dir='ltr' id='par_1_94' title="bbox 415 4669 2055 4742">
     <span class='ocr_line' id='line_1_94' title="bbox 415 4669 2055 4742; baseline 0.001 -20"><span class='ocrx_word' id='word_1_688' title='bbox 415 4673 611 4723; x_wconf 89' lang='lat' dir='ltr'><strong>autem</strong></span> <span class='ocrx_word' id='word_1_689' title='bbox 667 4684 800 4723; x_wconf 90' lang='lat' dir='ltr'><strong>cum</strong></span> <span class='ocrx_word' id='word_1_690' title='bbox 851 4669 1266 4724; x_wconf 90' lang='lat' dir='ltr'><strong>calumniando</strong></span> <span class='ocrx_word' id='word_1_691' title='bbox 1315 4671 1663 4742; x_wconf 86' lang='lat' dir='ltr'><strong>deprehensi</strong></span> <span class='ocrx_word' id='word_1_692' title='bbox 1730 4671 1849 4726; x_wconf 88' lang='lat' dir='ltr'><strong>sint</strong></span> <span class='ocrx_word' id='word_1_693' title='bbox 1897 4685 2055 4725; x_wconf 89' lang='lat' dir='ltr'><strong>men-</strong></span> 
     </span>
    </p>
   </div>
   <div class='ocr_carea' id='block_1_95' title="bbox 2180 4656 3833 4742">
    <p class='ocr_par' dir='ltr' id='par_1_95' title="bbox 2180 4657 3833 4736">
     <span class='ocr_line' id='line_1_95' title="bbox 2180 4657 3833 4736; baseline 0 -23"><span class='ocrx_word' id='word_1_694' title='bbox 2180 4659 2318 4735; x_wconf 81' lang='grc' dir='ltr'>παρά</span> <span class='ocrx_word' id='word_1_695' title='bbox 2342 4660 2471 4721; x_wconf 79' lang='grc' dir='ltr'>τοὺς</span> <span class='ocrx_word' id='word_1_696' title='bbox 2504 4658 2705 4732; x_wconf 88' lang='grc' dir='ltr'>νόμους</span> <span class='ocrx_word' id='word_1_697' title='bbox 2740 4679 2752 4691; x_wconf 87' lang='grc'><strong>·</strong></span> <span class='ocrx_word' id='word_1_698' title='bbox 2785 4664 2875 4713; x_wconf 88' lang='grc' dir='ltr'><strong>νῦν</strong></span> <span class='ocrx_word' id='word_1_699' title='bbox 2913 4657 2960 4714; x_wconf 84' lang='grc' dir='ltr'>δ’</span> <span class='ocrx_word' id='word_1_700' title='bbox 3009 4661 3097 4721; x_wconf 80' lang='grc' dir='ltr'>οἷς</span> <span class='ocrx_word' id='word_1_701' title='bbox 3146 4664 3608 4736; x_wconf 77' lang='grc' dir='ltr'>συκοφαντοῦντες</span> <span class='ocrx_word' id='word_1_702' title='bbox 3659 4658 3833 4715; x_wconf 78' lang='grc' dir='ltr'>ἑάλω-</span> 
     </span>
    </p>
   </div>
   <div class='ocr_carea' id='block_1_96' title="bbox 416 4759 2061 4832">
    <p class='ocr_par' dir='ltr' id='par_1_96' title="bbox 416 4759 2061 4832">
     <span class='ocr_line' id='line_1_96' title="bbox 416 4759 2061 4832; baseline 0 -18"><span class='ocrx_word' id='word_1_703' title='bbox 416 4760 581 4815; x_wconf 90' lang='lat' dir='ltr'><strong>dacia</strong></span> <span class='ocrx_word' id='word_1_704' title='bbox 612 4777 714 4832; x_wconf 91' lang='lat' dir='ltr'><strong>pro</strong></span> <span class='ocrx_word' id='word_1_705' title='bbox 747 4761 896 4815; x_wconf 84' lang='lat' dir='ltr'><strong>veris</strong></span> <span class='ocrx_word' id='word_1_706' title='bbox 929 4759 1165 4815; x_wconf 82' lang='lat' dir='ltr'><strong>ﬁnxisse</strong></span> <span class='ocrx_word' id='word_1_707' title='bbox 1188 4765 1244 4815; x_wconf 85' lang='lat' dir='ltr'><strong>et</strong></span> <span class='ocrx_word' id='word_1_708' title='bbox 1294 4762 1659 4818; x_wconf 86' lang='lat' dir='ltr'><strong>maledixisse</strong></span> <span class='ocrx_word' id='word_1_709' title='bbox 1682 4797 1686 4802; x_wconf 67' lang='grc' dir='ltr'><strong>ι</strong></span> <span class='ocrx_word' id='word_1_710' title='bbox 1709 4762 1797 4815; x_wconf 92' lang='lat' dir='ltr'><strong>cui</strong></span> <span class='ocrx_word' id='word_1_711' title='bbox 1848 4777 2061 4816; x_wconf 89' lang='lat' dir='ltr'><strong>secun-</strong></span> 
     </span>
    </p>
   </div>
   <div class='ocr_carea' id='block_1_97' title="bbox 413 4849 2062 4922">
    <p class='ocr_par' dir='ltr' id='par_1_97' title="bbox 413 4849 2062 4922">
     <span class='ocr_line' id='line_1_97' title="bbox 413 4849 2062 4922; baseline 0 -18"><span class='ocrx_word' id='word_1_712' title='bbox 413 4849 552 4904; x_wconf 90' lang='lat' dir='ltr'><strong>dum</strong></span> <span class='ocrx_word' id='word_1_713' title='bbox 579 4850 735 4921; x_wconf 88' lang='lat' dir='ltr'><strong>leges</strong></span> <span class='ocrx_word' id='word_1_714' title='bbox 759 4850 1100 4905; x_wconf 89' lang='lat' dir='ltr'><strong>benedicere</strong></span> <span class='ocrx_word' id='word_1_715' title='bbox 1124 4850 1323 4921; x_wconf 89' lang='lat' dir='ltr'><strong>utique</strong></span> <span class='ocrx_word' id='word_1_716' title='bbox 1346 4850 1951 4922; x_wconf 87' lang='lat' dir='ltr'><strong>debebant,siquidem</strong></span> <span class='ocrx_word' id='word_1_717' title='bbox 1974 4850 2062 4904; x_wconf 85' lang='lat' dir='ltr'><strong>lex</strong></span> 
     </span>
    </p>
   </div>
   <div class='ocr_carea' id='block_1_98' title="bbox 414 4936 2059 5009">
    <p class='ocr_par' dir='ltr' id='par_1_98' title="bbox 414 4936 2059 5009">
     <span class='ocr_line' id='line_1_98' title="bbox 414 4936 2059 5009; baseline -0.001 -17"><span class='ocrx_word' id='word_1_718' title='bbox 414 4936 791 5009; x_wconf 86' lang='lat' dir='ltr'><strong>potissimum</strong></span> <span class='ocrx_word' id='word_1_719' title='bbox 826 4944 914 4994; x_wconf 89' lang='lat' dir='ltr'><strong>est</strong></span> <span class='ocrx_word' id='word_1_720' title='bbox 944 4938 1122 4994; x_wconf 87' lang='lat' dir='ltr'><strong>bonos</strong></span> <span class='ocrx_word' id='word_1_721' title='bbox 1153 4938 1355 5006; x_wconf 92' lang='lat' dir='ltr'><strong>vereri,</strong></span> <span class='ocrx_word' id='word_1_722' title='bbox 1391 4945 1530 4994; x_wconf 90' lang='lat' dir='ltr'><strong>tunc</strong></span> <span class='ocrx_word' id='word_1_723' title='bbox 1562 4955 1624 4995; x_wconf 93' lang='lat' dir='ltr'><strong>se</strong></span> <span class='ocrx_word' id='word_1_724' title='bbox 1681 4939 1841 4995; x_wconf 89' lang='lat' dir='ltr'><strong>nullo</strong></span> <span class='ocrx_word' id='word_1_725' title='bbox 1888 4940 2059 4993; x_wconf 91' lang='lat' dir='ltr'><strong>modo</strong></span> 
     </span>
    </p>
   </div>
   <div class='ocr_carea' id='block_1_99' title="bbox 415 5026 2060 5099">
    <p class='ocr_par' dir='ltr' id='par_1_99' title="bbox 415 5026 2060 5099">
     <span class='ocr_line' id='line_1_99' title="bbox 415 5026 2060 5099; baseline 0 -18"><span class='ocrx_word' id='word_1_726' title='bbox 415 5026 572 5097; x_wconf 86' lang='lat' dir='ltr'><strong>leges</strong></span> <span class='ocrx_word' id='word_1_727' title='bbox 604 5027 762 5098; x_wconf 87' lang='lat' dir='ltr'><strong>pensi</strong></span> <span class='ocrx_word' id='word_1_728' title='bbox 797 5028 1007 5083; x_wconf 87' lang='lat' dir='ltr'><strong>habere</strong></span> <span class='ocrx_word' id='word_1_729' title='bbox 1029 5028 1427 5083; x_wconf 87' lang='lat' dir='ltr'><strong>ostenderunt.</strong></span> <span class='ocrx_word' id='word_1_730' title='bbox 1479 5032 1595 5084; x_wconf 80' lang='lat' dir='ltr'><strong>Aut</strong></span> <span class='ocrx_word' id='word_1_731' title='bbox 1638 5029 1854 5099; x_wconf 89' lang='lat' dir='ltr'><strong>potius,</strong></span> <span class='ocrx_word' id='word_1_732' title='bbox 1896 5027 2060 5099; x_wconf 87' lang='lat' dir='ltr'><strong>quasi</strong></span> 
     </span>
    </p>
   </div>
   <div class='ocr_carea' id='block_1_100' title="bbox 414 5114 2060 5188">
    <p class='ocr_par' dir='ltr' id='par_1_100' title="bbox 414 5114 2060 5188">
     <span class='ocr_line' id='line_1_100' title="bbox 414 5114 2060 5188; baseline 0.001 -19"><span class='ocrx_word' id='word_1_733' title='bbox 414 5116 571 5187; x_wconf 87' lang='lat' dir='ltr'><strong>leges</strong></span> <span class='ocrx_word' id='word_1_734' title='bbox 596 5133 710 5172; x_wconf 92' lang='lat' dir='ltr'><strong>non</strong></span> <span class='ocrx_word' id='word_1_735' title='bbox 733 5118 1015 5188; x_wconf 82' lang='lat' dir='ltr'><strong>vigerent,</strong></span> <span class='ocrx_word' id='word_1_736' title='bbox 1043 5122 1140 5172; x_wconf 90' lang='lat' dir='ltr'><strong>aut</strong></span> <span class='ocrx_word' id='word_1_737' title='bbox 1160 5114 1220 5171; x_wconf 87' lang='lat' dir='ltr'><strong>in</strong></span> <span class='ocrx_word' id='word_1_738' title='bbox 1243 5117 1540 5173; x_wconf 88' lang='lat' dir='ltr'><strong>codicibus</strong></span> <span class='ocrx_word' id='word_1_739' title='bbox 1589 5118 1873 5172; x_wconf 87' lang='lat' dir='ltr'><strong>inutiliter</strong></span> <span class='ocrx_word' id='word_1_740' title='bbox 1906 5116 2060 5187; x_wconf 91' lang='lat' dir='ltr'><strong>vige-</strong></span> 
     </span>
    </p>
   </div>
   <div class='ocr_carea' id='block_1_101' title="bbox 418 5206 2059 5277">
    <p class='ocr_par' dir='ltr' id='par_1_101' title="bbox 418 5206 2059 5277">
     <span class='ocr_line' id='line_1_101' title="bbox 418 5206 2059 5277; baseline 0 -18"><span class='ocrx_word' id='word_1_741' title='bbox 418 5211 566 5274; x_wconf 89' lang='lat' dir='ltr'><strong>rent,</strong></span> <span class='ocrx_word' id='word_1_742' title='bbox 601 5211 657 5259; x_wconf 89' lang='lat' dir='ltr'><strong>et</strong></span> <span class='ocrx_word' id='word_1_743' title='bbox 690 5221 791 5261; x_wconf 90' lang='lat' dir='ltr'><strong>nec</strong></span> <span class='ocrx_word' id='word_1_744' title='bbox 816 5208 1046 5276; x_wconf 88' lang='lat' dir='ltr'><strong>judices</strong></span> <span class='ocrx_word' id='word_1_745' title='bbox 1081 5211 1231 5262; x_wconf 90' lang='lat' dir='ltr'><strong>recte</strong></span> <span class='ocrx_word' id='word_1_746' title='bbox 1264 5207 1619 5277; x_wconf 87' lang='lat' dir='ltr'><strong>judicarent,</strong></span> <span class='ocrx_word' id='word_1_747' title='bbox 1658 5222 1761 5262; x_wconf 91' lang='lat' dir='ltr'><strong>nec</strong></span> <span class='ocrx_word' id='word_1_748' title='bbox 1805 5206 2059 5277; x_wconf 91' lang='lat' dir='ltr'><strong>corrige-</strong></span> 
     </span>
    </p>
   </div>
   <div class='ocr_carea' id='block_1_102' title="bbox 415 5295 2058 5366">
    <p class='ocr_par' dir='ltr' id='par_1_102' title="bbox 415 5295 2058 5366">
     <span class='ocr_line' id='line_1_102' title="bbox 415 5295 2058 5366; baseline -0.001 -17"><span class='ocrx_word' id='word_1_749' title='bbox 415 5299 576 5350; x_wconf 89' lang='lat' dir='ltr'><strong>retur</strong></span> <span class='ocrx_word' id='word_1_750' title='bbox 596 5296 966 5366; x_wconf 86' lang='lat' dir='ltr'><strong>perversitas,</strong></span> <span class='ocrx_word' id='word_1_751' title='bbox 1018 5302 1075 5350; x_wconf 92' lang='lat' dir='ltr'><strong>et</strong></span> <span class='ocrx_word' id='word_1_752' title='bbox 1122 5296 1439 5366; x_wconf 67' lang='lat' dir='ltr'><strong>praesertim</strong></span> <span class='ocrx_word' id='word_1_753' title='bbox 1495 5312 1611 5352; x_wconf 90' lang='lat' dir='ltr'><strong>non</strong></span> <span class='ocrx_word' id='word_1_754' title='bbox 1653 5300 1737 5365; x_wconf 91' lang='lat' dir='ltr'><strong>tu,</strong></span> <span class='ocrx_word' id='word_1_755' title='bbox 1788 5312 1819 5351; x_wconf 92' lang='grc' dir='ltr'><strong>ο</strong></span> <span class='ocrx_word' id='word_1_756' title='bbox 1868 5295 2058 5364; x_wconf 91' lang='lat' dir='ltr'><strong>impe-</strong></span> 
     </span>
    </p>
   </div>
   <div class='ocr_carea' id='block_1_103' title="bbox 415 5385 2055 5457">
    <p class='ocr_par' dir='ltr' id='par_1_103' title="bbox 415 5385 2055 5457">
     <span class='ocr_line' id='line_1_103' title="bbox 415 5385 2055 5457; baseline -0.001 -18"><span class='ocrx_word' id='word_1_757' title='bbox 415 5389 588 5452; x_wconf 86' lang='lat' dir='ltr'><strong>rator,</strong></span> <span class='ocrx_word' id='word_1_758' title='bbox 618 5399 844 5454; x_wconf 85' lang='lat' dir='ltr'><strong>semper</strong></span> <span class='ocrx_word' id='word_1_759' title='bbox 873 5385 1095 5455; x_wconf 88' lang='lat' dir='ltr'><strong>optima</strong></span> <span class='ocrx_word' id='word_1_760' title='bbox 1151 5401 1395 5457; x_wconf 70' lang='lat' dir='ltr'><strong>quaeque</strong></span> <span class='ocrx_word' id='word_1_761' title='bbox 1446 5385 1720 5441; x_wconf 89' lang='lat' dir='ltr'><strong>omnibus</strong></span> <span class='ocrx_word' id='word_1_762' title='bbox 1752 5390 2055 5455; x_wconf 81' lang='lat' dir='ltr'><strong>exoptares</strong></span> 
     </span>
    </p>
   </div>
   <div class='ocr_carea' id='block_1_104' title="bbox 413 5472 2057 5545">
    <p class='ocr_par' dir='ltr' id='par_1_104' title="bbox 413 5472 2057 5545">
     <span class='ocr_line' id='line_1_104' title="bbox 413 5472 2057 5545; baseline 0.001 -16"><span class='ocrx_word' id='word_1_763' title='bbox 413 5476 469 5529; x_wconf 90' lang='lat' dir='ltr'><strong>et</strong></span> <span class='ocrx_word' id='word_1_764' title='bbox 500 5473 681 5543; x_wconf 89' lang='lat' dir='ltr'><strong>copiis</strong></span> <span class='ocrx_word' id='word_1_765' title='bbox 714 5472 969 5528; x_wconf 92' lang='lat' dir='ltr'><strong>munires</strong></span> <span class='ocrx_word' id='word_1_766' title='bbox 1020 5474 1329 5545; x_wconf 88' lang='lat' dir='ltr'><strong>imperium</strong></span> <span class='ocrx_word' id='word_1_767' title='bbox 1390 5478 1452 5529; x_wconf 88' lang='lat' dir='ltr'><strong>ut</strong></span> <span class='ocrx_word' id='word_1_768' title='bbox 1518 5489 1753 5531; x_wconf 91' lang='lat' dir='ltr'><strong>omnem</strong></span> <span class='ocrx_word' id='word_1_769' title='bbox 1813 5489 2057 5545; x_wconf 87' lang='lat' dir='ltr'><strong>prorsus</strong></span> 
     </span>
    </p>
   </div>
   <div class='ocr_carea' id='block_1_105' title="bbox 2175 4745 3828 4821">
    <p class='ocr_par' dir='ltr' id='par_1_105' title="bbox 2175 4745 3828 4821">
     <span class='ocr_line' id='line_1_105' title="bbox 2175 4745 3828 4821; baseline 0.001 -20"><span class='ocrx_word' id='word_1_770' title='bbox 2175 4769 2268 4802; x_wconf 90' lang='grc' dir='ltr'><strong>σαν</strong></span> <span class='ocrx_word' id='word_1_771' title='bbox 2300 4750 2361 4803; x_wconf 85' lang='grc' dir='ltr'>τὸ</span> <span class='ocrx_word' id='word_1_772' title='bbox 2391 4749 2457 4802; x_wconf 81' lang='grc' dir='ltr'><strong>τά</strong></span> <span class='ocrx_word' id='word_1_773' title='bbox 2506 4749 2582 4821; x_wconf 84' lang='grc' dir='ltr'>μή</span> <span class='ocrx_word' id='word_1_774' title='bbox 2634 4745 2763 4803; x_wconf 77' lang='grc' dir='ltr'>ὅντα</span> <span class='ocrx_word' id='word_1_775' title='bbox 2807 4750 2881 4811; x_wconf 84' lang='grc' dir='ltr'>ὡς</span> <span class='ocrx_word' id='word_1_776' title='bbox 2930 4745 3059 4804; x_wconf 77' lang='grc' dir='ltr'>ὄντα</span> <span class='ocrx_word' id='word_1_777' title='bbox 3099 4745 3440 4821; x_wconf 86' lang='grc' dir='ltr'>δυμπλάσαι,</span> <span class='ocrx_word' id='word_1_778' title='bbox 3489 4749 3581 4803; x_wconf 84' lang='grc' dir='ltr'><strong>καὶ</strong></span> <span class='ocrx_word' id='word_1_779' title='bbox 3644 4752 3828 4809; x_wconf 83' lang='grc' dir='ltr'>κακῶς</span> 
     </span>
    </p>
   </div>
   <div class='ocr_carea' id='block_1_106' title="bbox 2173 4834 3831 4914">
    <p class='ocr_par' dir='ltr' id='par_1_106' title="bbox 2173 4834 3831 4914">
     <span class='ocr_line' id='line_1_106' title="bbox 2173 4834 3831 4914; baseline 0.001 -23"><span class='ocrx_word' id='word_1_780' title='bbox 2173 4838 2341 4893; x_wconf 85' lang='grc' dir='ltr'>εἰπεῖν</span> <span class='ocrx_word' id='word_1_781' title='bbox 2395 4838 2452 4893; x_wconf 77' lang='grc' dir='ltr'><strong>’ὸν</strong></span> <span class='ocrx_word' id='word_1_782' title='bbox 2505 4834 2615 4893; x_wconf 77' lang='grc' dir='ltr'>ἔδει</span> <span class='ocrx_word' id='word_1_783' title='bbox 2662 4839 2797 4893; x_wconf 83' lang='grc' dir='ltr'>κατᾶ</span> <span class='ocrx_word' id='word_1_784' title='bbox 2845 4839 3050 4912; x_wconf 89' lang='grc' dir='ltr'>νόμους</span> <span class='ocrx_word' id='word_1_785' title='bbox 3118 4838 3325 4908; x_wconf 83' lang='grc' dir='ltr'>καλῶς,</span> <span class='ocrx_word' id='word_1_786' title='bbox 3378 4838 3527 4914; x_wconf 70' lang='grc' dir='ltr'>εἵπερ</span> <span class='ocrx_word' id='word_1_787' title='bbox 3583 4838 3831 4912; x_wconf 83' lang='grc' dir='ltr'>μάλιστα</span> 
     </span>
    </p>
   </div>
   <div class='ocr_carea' id='block_1_107' title="bbox 2169 4925 3826 5001">
    <p class='ocr_par' dir='ltr' id='par_1_107' title="bbox 2169 4925 3826 5001">
     <span class='ocr_line' id='line_1_107' title="bbox 2169 4925 3826 5001; baseline 0.001 -21"><span class='ocrx_word' id='word_1_788' title='bbox 2169 4929 2343 5000; x_wconf 87' lang='grc' dir='ltr'>νόμος</span> <span class='ocrx_word' id='word_1_789' title='bbox 2374 4928 2436 4981; x_wconf 86' lang='grc' dir='ltr'>τὸ</span> <span class='ocrx_word' id='word_1_790' title='bbox 2465 4932 2626 5000; x_wconf 79' lang='grc' dir='ltr'>τιμᾷν</span> <span class='ocrx_word' id='word_1_791' title='bbox 2659 4928 2784 4989; x_wconf 75' lang='grc' dir='ltr'>τοὺς</span> <span class='ocrx_word' id='word_1_792' title='bbox 2817 4927 3088 5001; x_wconf 72' lang='grc' dir='ltr'>ἀρίστους,</span> <span class='ocrx_word' id='word_1_793' title='bbox 3115 4926 3328 4988; x_wconf 87' lang='grc' dir='ltr'>τούτοις</span> <span class='ocrx_word' id='word_1_794' title='bbox 3360 4928 3434 4989; x_wconf 83' lang='grc' dir='ltr'>ὡς</span> <span class='ocrx_word' id='word_1_795' title='bbox 3481 4925 3600 4983; x_wconf 83' lang='grc' dir='ltr'>οὐδ’</span> <span class='ocrx_word' id='word_1_796' title='bbox 3643 4927 3826 4982; x_wconf 81' lang='grc' dir='ltr'>ὁτιοῦν</span> 
     </span>
    </p>
   </div>
   <div class='ocr_carea' id='block_1_108' title="bbox 2171 5014 3829 5095">
    <p class='ocr_par' dir='ltr' id='par_1_108' title="bbox 2171 5014 3829 5095">
     <span class='ocr_line' id='line_1_108' title="bbox 2171 5014 3829 5095; baseline 0.001 -24"><span class='ocrx_word' id='word_1_797' title='bbox 2171 5017 2313 5095; x_wconf 73' lang='grc' dir='ltr'>ςφίσι</span> <span class='ocrx_word' id='word_1_798' title='bbox 2351 5016 2505 5090; x_wconf 83' lang='grc' dir='ltr'>μέλει</span> <span class='ocrx_word' id='word_1_799' title='bbox 2552 5021 2661 5072; x_wconf 86' lang='grc' dir='ltr'><strong>τῶν</strong></span> <span class='ocrx_word' id='word_1_800' title='bbox 2712 5019 2900 5091; x_wconf 90' lang='grc' dir='ltr'>νάμων</span> <span class='ocrx_word' id='word_1_801' title='bbox 2950 5015 3175 5091; x_wconf 77' lang='grc' dir='ltr'>ἔδειξαν.</span> <span class='ocrx_word' id='word_1_802' title='bbox 3228 5015 3460 5073; x_wconf 79' lang='grc' dir='ltr'>Μᾶλλον</span> <span class='ocrx_word' id='word_1_803' title='bbox 3515 5014 3596 5086; x_wconf 71' lang='grc' dir='ltr'>δὲ,</span> <span class='ocrx_word' id='word_1_804' title='bbox 3641 5018 3829 5091; x_wconf 85' lang='grc' dir='ltr'>ὥσπερ</span> 
     </span>
    </p>
   </div>
   <div class='ocr_carea' id='block_1_109' title="bbox 2167 5102 3827 5184">
    <p class='ocr_par' dir='ltr' id='par_1_109' title="bbox 2167 5102 3827 5184">
     <span class='ocr_line' id='line_1_109' title="bbox 2167 5102 3827 5184; baseline 0.001 -27"><span class='ocrx_word' id='word_1_805' title='bbox 2167 5108 2351 5180; x_wconf 85' lang='grc' dir='ltr'>νόμων</span> <span class='ocrx_word' id='word_1_806' title='bbox 2410 5108 2509 5162; x_wconf 75' lang='grc' dir='ltr'><strong>οὐκ</strong></span> <span class='ocrx_word' id='word_1_807' title='bbox 2567 5102 2820 5176; x_wconf 71' lang='grc' dir='ltr'>ὅντων,ἣ</span> <span class='ocrx_word' id='word_1_808' title='bbox 2880 5106 3173 5184; x_wconf 84' lang='grc' dir='ltr'>γράμματα</span> <span class='ocrx_word' id='word_1_809' title='bbox 3229 5105 3416 5168; x_wconf 76' lang='grc' dir='ltr'>ἄλλως</span> <span class='ocrx_word' id='word_1_810' title='bbox 3476 5105 3677 5174; x_wconf 72' lang='grc' dir='ltr'>ὄντων,</span> <span class='ocrx_word' id='word_1_811' title='bbox 3737 5106 3827 5162; x_wconf 82' lang='grc' dir='ltr'><strong>καὶ</strong></span> 
     </span>
    </p>
   </div>
   <div class='ocr_carea' id='block_1_110' title="bbox 2171 5193 3828 5272">
    <p class='ocr_par' dir='ltr' id='par_1_110' title="bbox 2171 5193 3828 5272">
     <span class='ocr_line' id='line_1_110' title="bbox 2171 5193 3828 5272; baseline 0 -21"><span class='ocrx_word' id='word_1_812' title='bbox 2171 5200 2311 5271; x_wconf 68' lang='grc' dir='ltr'>μήτε</span> <span class='ocrx_word' id='word_1_813' title='bbox 2351 5194 2615 5252; x_wconf 84' lang='grc' dir='ltr'>δικαστῶν</span> <span class='ocrx_word' id='word_1_814' title='bbox 2668 5197 2845 5272; x_wconf 85' lang='grc' dir='ltr'>ὀρθῶς</span> <span class='ocrx_word' id='word_1_815' title='bbox 2906 5193 3257 5266; x_wconf 73' lang='grc' dir='ltr'>δικαζόντων,</span> <span class='ocrx_word' id='word_1_816' title='bbox 3312 5198 3451 5270; x_wconf 83' lang='grc' dir='ltr'>μήτε</span> <span class='ocrx_word' id='word_1_817' title='bbox 3516 5195 3828 5271; x_wconf 85' lang='grc' dir='ltr'>ποντηρίας</span> 
     </span>
    </p>
   </div>
   <div class='ocr_carea' id='block_1_111' title="bbox 2167 5284 3828 5364">
    <p class='ocr_par' dir='ltr' id='par_1_111' title="bbox 2167 5284 3828 5364">
     <span class='ocr_line' id='line_1_111' title="bbox 2167 5284 3828 5364; baseline -0.002 -21"><span class='ocrx_word' id='word_1_818' title='bbox 2167 5288 2551 5359; x_wconf 85' lang='grc' dir='ltr'>εύθυνομένης,</span> <span class='ocrx_word' id='word_1_819' title='bbox 2597 5288 2689 5341; x_wconf 85' lang='grc' dir='ltr'><strong>καὶ</strong></span> <span class='ocrx_word' id='word_1_820' title='bbox 2727 5288 2788 5343; x_wconf 86' lang='grc' dir='ltr'>τὸ</span> <span class='ocrx_word' id='word_1_821' title='bbox 2833 5288 3111 5364; x_wconf 83' lang='grc' dir='ltr'>μέγιστον,</span> <span class='ocrx_word' id='word_1_822' title='bbox 3166 5288 3241 5360; x_wconf 79' lang='grc' dir='ltr'>μὴ</span> <span class='ocrx_word' id='word_1_823' title='bbox 3300 5290 3420 5355; x_wconf 86' lang='grc' dir='ltr'>σοῦ,</span> <span class='ocrx_word' id='word_1_824' title='bbox 3462 5286 3506 5340; x_wconf 81' lang='grc' dir='ltr'>ὦ</span> <span class='ocrx_word' id='word_1_825' title='bbox 3565 5284 3828 5359; x_wconf 85' lang='grc' dir='ltr'>βασιλευ,</span> 
     </span>
    </p>
   </div>
   <div class='ocr_carea' id='block_1_112' title="bbox 2166 5373 3827 5451">
    <p class='ocr_par' dir='ltr' id='par_1_112' title="bbox 2166 5373 3827 5451">
     <span class='ocr_line' id='line_1_112' title="bbox 2166 5373 3827 5451; baseline -0.002 -20"><span class='ocrx_word' id='word_1_826' title='bbox 2166 5378 2269 5431; x_wconf 77' lang='grc' dir='ltr'>αἰεὶ</span> <span class='ocrx_word' id='word_1_827' title='bbox 2338 5382 2405 5431; x_wconf 86' lang='grc' dir='ltr'><strong>τᾶ</strong></span> <span class='ocrx_word' id='word_1_828' title='bbox 2482 5374 2686 5449; x_wconf 86' lang='grc' dir='ltr'>βελτίω</span> <span class='ocrx_word' id='word_1_829' title='bbox 2765 5374 2855 5430; x_wconf 80' lang='grc' dir='ltr'>διὰ</span> <span class='ocrx_word' id='word_1_830' title='bbox 2926 5374 3139 5430; x_wconf 80' lang='grc' dir='ltr'>πάντων</span> <span class='ocrx_word' id='word_1_831' title='bbox 3196 5375 3685 5451; x_wconf 84' lang='grc' dir='ltr'>προθυμουμένου,</span> <span class='ocrx_word' id='word_1_832' title='bbox 3733 5373 3827 5431; x_wconf 83' lang='grc' dir='ltr'><strong>καί</strong></span> 
     </span>
    </p>
   </div>
   <div class='ocr_carea' id='block_1_113' title="bbox 2170 5462 3827 5542">
    <p class='ocr_par' dir='ltr' id='par_1_113' title="bbox 2170 5462 3827 5542">
     <span class='ocr_line' id='line_1_113' title="bbox 2170 5462 3827 5542; baseline -0.001 -20"><span class='ocrx_word' id='word_1_833' title='bbox 2170 5462 2554 5542; x_wconf 82' lang='grc' dir='ltr'>στρατοπέδοις</span> <span class='ocrx_word' id='word_1_834' title='bbox 2607 5466 2947 5541; x_wconf 78' lang='grc' dir='ltr'>τειχίζοντος</span> <span class='ocrx_word' id='word_1_835' title='bbox 3004 5467 3103 5535; x_wconf 78' lang='grc' dir='ltr'><strong>τήν</strong></span> <span class='ocrx_word' id='word_1_836' title='bbox 3153 5466 3359 5539; x_wconf 75' lang='grc' dir='ltr'>ἀρχὴν,</span> <span class='ocrx_word' id='word_1_837' title='bbox 3419 5464 3499 5542; x_wconf 73' lang='grc' dir='ltr'><strong>ἐφ’</strong></span> <span class='ocrx_word' id='word_1_838' title='bbox 3546 5464 3597 5536; x_wconf 81' lang='grc' dir='ltr'>ᾧ</span> <span class='ocrx_word' id='word_1_839' title='bbox 3649 5470 3827 5520; x_wconf 79' lang='grc' dir='ltr'>πᾶσαν</span> 
     </span>
    </p>
   </div>
   <div class='ocr_carea' id='block_1_114' title="bbox 486 5668 3822 5749">
    <p class='ocr_par' dir='ltr' id='par_1_114' title="bbox 486 5668 3822 5749">
     <span class='ocr_line' id='line_1_114' title="bbox 486 5668 3822 5749; baseline 0 -21"><span class='ocrx_word' id='word_1_840' title='bbox 486 5675 599 5745; x_wconf 79' lang='lat'><strong>(26}</strong></span> <span class='ocrx_word' id='word_1_841' title='bbox 635 5672 693 5729; x_wconf 90' lang='lat' dir='ltr'><strong>Si</strong></span> <span class='ocrx_word' id='word_1_842' title='bbox 728 5668 907 5726; x_wconf 71' lang='grc' dir='ltr'>εἰδότα</span> <span class='ocrx_word' id='word_1_843' title='bbox 970 5673 1319 5743; x_wconf 52' lang='lat' dir='ltr'><strong>scripsisset,</strong></span> <span class='ocrx_word' id='word_1_844' title='bbox 1377 5674 2128 5749; x_wconf 63' lang='lat' dir='ltr'><strong>solacismumeﬂ&#39;ugisset.</strong></span> <span class='ocrx_word' id='word_1_845' title='bbox 2181 5671 2289 5730; x_wconf 90' lang='lat' dir='ltr'><strong>Sed</strong></span> <span class='ocrx_word' id='word_1_846' title='bbox 2333 5672 2599 5730; x_wconf 82' lang='lat' dir='ltr'><strong>meliores</strong></span> <span class='ocrx_word' id='word_1_847' title='bbox 2649 5672 2952 5731; x_wconf 86' lang='lat' dir='ltr'><strong>Theodulo</strong></span> <span class='ocrx_word' id='word_1_848' title='bbox 2987 5676 3253 5732; x_wconf 89' lang='lat' dir='ltr'><strong>auctores</strong></span> <span class='ocrx_word' id='word_1_849' title='bbox 3296 5673 3351 5731; x_wconf 88' lang='lat' dir='ltr'><strong>in</strong></span> <span class='ocrx_word' id='word_1_850' title='bbox 3422 5672 3527 5730; x_wconf 86' lang='lat' dir='ltr'><strong>hac</strong></span> <span class='ocrx_word' id='word_1_851' title='bbox 3588 5673 3822 5748; x_wconf 77' lang='lat' dir='ltr'><strong>eyntaxi</strong></span> 
     </span>
    </p>
   </div>
   <div class='ocr_carea' id='block_1_115' title="bbox 416 5746 1900 5820">
    <p class='ocr_par' dir='ltr' id='par_1_115' title="bbox 416 5746 1900 5820">
     <span class='ocr_line' id='line_1_115' title="bbox 416 5746 1900 5820; baseline -0.003 -15"><span class='ocrx_word' id='word_1_852' title='bbox 416 5746 695 5819; x_wconf 74' lang='lat' dir='ltr'><strong>titubant,</strong></span> <span class='ocrx_word' id='word_1_853' title='bbox 727 5752 923 5820; x_wconf 73' lang='lat' dir='ltr'><strong>cceptte</strong></span> <span class='ocrx_word' id='word_1_854' title='bbox 956 5755 1263 5818; x_wconf 79' lang='lat' dir='ltr'><strong>syntaxeos</strong></span> <span class='ocrx_word' id='word_1_855' title='bbox 1298 5747 1684 5820; x_wconf 88' lang='lat' dir='ltr'><strong>negligentius</strong></span> <span class='ocrx_word' id='word_1_856' title='bbox 1713 5747 1900 5803; x_wconf 89' lang='lat' dir='ltr'><strong>obliti.</strong></span> 
     </span>
    </p>
   </div>
  </div>
