4062 6308
255 429 376 490 373
1110 428 1402 489 ORATIO
1445 430 1548 490 AD
1592 431 1969 509 ANGELUM
2016 432 2828 495 STRATOPEDARCHAM.
3551 434 3673 492 374

254 562 587 615 παντάπασιν
639 559 950 629 ἐληλάσθαι
1007 560 1184 629 καίαν,
1243 559 1395 616 οὗτοι
1453 566 1602 618 ταῦτ’
1666 562 1858 638 ἐτόλμι

2063 567 2307 624 malitiam
2342 567 2649 640 expellant,
2688 569 2781 626 isti
2814 568 2936 626 haec
2981 567 3109 625 ausi
3141 570 3282 625 sunt
3314 568 3667 640 pretiosissi-

257 671 347 704 σαν
388 650 631 722 μάλιστα
660 649 758 722 μὲν
802 693 815 705 .
862 694 874 705 .
912 692 926 707 .
972 692 983 703 .
1028 692 1041 704 .
1077 651 1215 723 (27).

972 692 983 703 .
1028 692 1041 704 .
1077 651 1215 723 (27).
2023 675 2181 715 mum
2214 658 2570 731 quidem.....

324 817 447 889 (27)
494 819 561 874 In
614 817 724 874 hac
772 817 1399 889 voceinterrumpitur
1444 820 1645 875 codex.
1681 849 1745 860 —
1780 819 1919 885 Quis
2028 818 2361 877 Theodulus
2404 822 2665 877 oratione
2713 820 2861 876 infra
2893 821 2960 878 ad
2994 820 3363 878 Theodorum
3396 819 3673 879 Metochi-

259 889 432 945 fuerit
475 889 664 960 hujus
715 888 991 962 apologiw
1042 906 1348 947 successus
1400 890 1525 962 ipse
1568 907 1676 947 nos
1723 893 1922 948 docuit
2030 898 2173 949 tam.

603 1262 2036 1439 ΘΕΟΔΟΥΛΟΥ
2188 1261 3356 1439 ΜΟΝΑΧΟΥ

867 1718 870 1722 ’
956 1710 1446 1841 ΘΩΜΑ
1547 1710 1893 1841 ΤΟΥ
1993 1710 3001 1840 ΜΑΓΙΣΤΡΟΥ

1700 1950 2279 2002 ΠΡΟΣΦΩΝΗΤΙΚΟΣ

585 2117 759 2243 Τῼ
847 2115 1357 2240 ΜΕΓΑΛῼ
1438 2114 2533 2239 ΣΤΡΑΤΟΠΕΔΑΡΧῌ
2617 2112 2784 2242 Τῼ
2868 2111 3355 2240 ΑΓΓΕνῼ

950 2434 1980 2603 THEODULI
2092 2434 3017 2602 MONACHI

1212 2863 1853 2991 ΤΗΟΜλΈ
1941 2862 2760 2990 MAGISTRI

1564 3085 1830 3143 ORATIO
1872 3083 2423 3142 GRATULATORIA

934 3241 1334 3334 MAGNO
1421 3239 2116 3330 EXERCITUM
2201 3239 2473 3329 DUCI
2557 3238 3051 3331 ANGELO.

341 3564 419 3619 A'.
454 3561 588 3621 Οὐκ
615 3560 720 3632 ἄρα
749 3555 916 3630 λόγος
942 3555 1011 3624 ἦρι
1059 3551 1268 3621 ἄλλως,
1319 3549 1440 3624 περῖ
1473 3548 1506 3603 ἃ
1556 3552 1651 3603 σοῦ
1701 3550 1930 3620 πρόσθεν

2112 3551 2156 3608 Ι.
2198 3549 2323 3607 Non
2379 3549 2577 3606 inania
2627 3565 2768 3607 sane
2824 3549 2995 3607 verba
3045 3549 3300 3616 fuerunt,
3333 3566 3459 3622 quis
3508 3549 3580 3606 de
3632 3553 3686 3605 te

278 3652 561 3723 ἠκούομεν
598 3667 610 3679 ·
665 3642 792 3700 ἀλλ’
836 3644 1079 3718 ἀτεχνῶς
1142 3640 1281 3696 αὐτὰ
1345 3639 1411 3693 τὰ
1458 3638 1609 3707 ὅντα,
1652 3635 1835 3711 ὥσπερ

2088 3639 2295 3696 ntehac
2324 3638 2726 3707 audiebamus,
2782 3639 2884 3696 sed
2934 3653 3025 3695 res
3073 3640 3312 3696 omnino
3364 3639 3522 3710 ipsae,
3573 3642 3692 3695 stu-

281 3738 628 3819 σκιαγραφίᾳ
661 3731 1134 3810 φιλοτιμουμένης
1185 3735 1528 3819 παραστῆσαι
1562 3730 1673 3819 Δτῆς
1722 3728 1885 3819 φῌήμη

2090 3733 2222 3785 ente
2270 3729 2547 3786 nimirum
2597 3729 2746 3785 fama
2793 3728 2900 3785 levi
2958 3728 3115 3785 velut
3161 3727 3432 3801 penicillo
3479 3728 3694 3784 adum-

280 3830 348 3884 ὧν
383 3813 443 3884 ἂν
479 3813 613 3903 μέτ’
664 3822 854 3901 ὀλίγον
904 3826 1089 3897 τυχεῖν
1134 3817 1442 3893 ἑμέλλομιν
1475 3837 1488 3849 ·
1522 3816 1587 3872 τὰ
1634 3813 1691 3871 δὲ
1739 3816 1804 3886 ἦν
1857 3816 1884 3871 ὅ

2091 3824 2219 3876 rata
2265 3818 2433 3875 nobis
2483 3823 2919 3890 representare,
2952 3818 3168 3891 quibus
3215 3820 3390 3890 paulo
3448 3827 3577 3888 post
3635 3817 3695 3873 in

277 3921 373 3982 τὰς
414 3913 725 3994 ’Δχελώου
776 3919 1041 3987 σειρῆνας,
1074 3909 1164 3967 καὶ
1211 3906 1290 3964 ἔτι
1344 3906 1556 3981 μᾶλλον
1601 3911 1717 3969 τοῖς
1762 3903 1879 3961 ἱντυ

2090 3906 2303 3964 alidum
2326 3908 2585 3980 gavisuri
2607 3924 2894 3965 essemus.
2924 3907 3263 3978 Accepimus
3285 3912 3505 3977 autem,
3534 3906 3694 3979 ipsas

281 4011 512 4084 χάνοοσι
554 4003 917 4083 φαντάζεσθαι
961 3998 1146 4069 δίδως,
1182 3998 1243 4053 οὐ
1295 3996 1462 4070 μόνον
1511 4000 1581 4070 τῇ
1630 3998 1775 4071 παρὰ
1822 4016 1885 4050 σα

2089 3996 2283 4054 .cheloi
2341 3996 2594 4067 Sirenas,
2654 4002 2711 4053 et
2768 3997 2965 4055 nescio
3023 3997 3163 4070 quid
3239 3997 3430 4053 adhuc
3478 3998 3693 4066 medus,

283 4081 375 4152 τοῦ
438 4081 695 4169 μουσικῇ
744 4091 879 4164 πρὸς
949 4083 1211 4161 ἔκπληξιν
1281 4084 1510 4160 θὲλγων,
1554 4084 1644 4140 καὶ
1714 4081 1887 4140 δυσαπ

2096 4087 2218 4144 ueis
2257 4086 2341 4144 tui
2372 4085 2708 4159 alloquendi
2756 4088 2921 4159 copia
2959 4095 3068 4158 est,
3100 4091 3158 4144 te
3203 4086 3518 4159 spectanda
3549 4102 3696 4158 pra:-

288 4191 542 4249 σπάστως
577 4178 730 4259 ἔχειν
766 4178 1212 4254 παρασκευάζων,
1243 4174 1390 4231 ἀλλὰ
1427 4174 1517 4229 καὶ
1565 4171 1758 4244 ἡδίους
1813 4175 1892 4229 ἀπ

2094 4192 2227 4245 ere;
2261 4193 2378 4233 non
2408 4176 2582 4232 modo
2632 4175 2766 4247 quia
2804 4176 3035 4248 propria
3079 4176 3191 4234 ista
3233 4181 3334 4232 tua
3375 4175 3597 4233 musica
3628 4175 3698 4230 ad

293 4279 530 4352 πέμπων
585 4270 790 4343 πολλῷ
845 4273 922 4341 τῷ
978 4264 1110 4323 ὄντι.
1141 4267 1303 4338 Ἡμῖν
1352 4261 1397 4318 δ’
1429 4262 1523 4317 οὖν
1575 4264 1664 4319 καὶ
1696 4262 1819 4319 τότε
1854 4265 1897 4336 μ⁴

2096 4271 2352 4339 tuporem
2378 4282 2565 4338 usque
2588 4264 2853 4322 homines
2884 4265 3239 4332 demulceas,
3261 4280 3514 4337 eumque
3534 4263 3700 4335 plane

293 4361 778 4442 ἱπῄειπιστεόειν,
825 4360 915 4414 καὶ
973 4358 1075 4413 οὐκ
1129 4355 1191 4411 ἂν
1251 4352 1459 4409 ἐκώλυε
1515 4354 1576 4442 τὸ
1630 4353 1706 4426 μή
1764 4373 1897 4408 πεπε

2095 4372 2115 4412 ι
2147 4356 2409 4424 modum,
2444 4360 2507 4411 ut
2552 4371 2699 4428 egre
2728 4354 2834 4411 abs
2887 4360 2943 4411 te
2992 4355 3157 4412 avelli
3190 4361 3423 4427 queant,
3455 4352 3699 4409 concin-

297 4439 487 4531 ρ’ἆσθαι
551 4475 565 4489 ο
630 4452 695 4507 τὸ
746 4450 850 4524 γὰρ
905 4446 1030 4508 τοὺς
1091 4444 1440 4505 ἐπαινοῦντας
1498 4439 1737 4504 ἅπαντας
1789 4442 1901 4497 εἴνα

2099 4462 2183 4506 es.
2214 4443 2318 4501 sed
2338 4449 2396 4501 et
2430 4460 2628 4501 revera
2657 4443 2895 4501 suavius
2930 4442 3113 4501 multo
3153 4444 3387 4500 aﬁ'eclos
3418 4442 3699 4497 dimittas.

295 4530 382 4603 aui
432 4549 513 4622 μή
571 4543 636 4601 ἂν
693 4540 787 4598 ἕνα
832 4538 1021 4615 μηδέν’
1069 4537 1401 4613 ἆντικρούειν
1470 4533 1744 4606 δύνασθαι,
1814 4536 1899 4610 πρε

2097 4538 2246 4605 .tque
2276 4531 2421 4590 mihi
2446 4530 2700 4604 quidem,
2734 4531 2908 4590 dictis
2931 4532 3104 4589 iidem
3133 4533 3471 4605 adjungere,
3495 4537 3552 4622 et
3574 4535 3701 4622 tum

297 4620 638 4710 παλινῳ-ίαν
670 4632 926 4707 ἐξάγοντα
957 4650 970 4663 ο
1005 4626 1154 4685 ἆλλὰ
1186 4626 1276 4683 καὶ
1312 4624 1438 4688 τοὺς
1494 4622 1792 4699 βασκαίνειν
1839 4622 1901 4679 ἐπ

2095 4626 2329 4683 ιιιοιὶουι
2355 4628 2581 4682 certum
2632 4627 2775 4693 erat,
2821 4641 2926 4681 nec
2955 4626 3279 4697 quidquam
3326 4620 3699 4696 impediebat.

303 4727 607 4801 σταμένους
656 4722 882 4778 ἐνταῦθα
928 4717 984 4775 δὲ
1045 4718 1298 4792 μετρίους
1356 4715 1451 4777 τὰς
1501 4714 1726 4801 γνώμας
1774 4713 1907 4791 φαῖνε

2106 4715 2217 4771 uod
2250 4714 2332 4771 tui
2363 4714 2582 4788 ingenii
2600 4714 2864 4771 nondum
2888 4714 3149 4773 fecissem
3170 4713 3513 4786 periculum.
3537 4710 3702 4778 Quod

304 4796 454 4893 seu},
486 4819 658 4872 τοῦτο
700 4809 757 4867 δὲ
813 4809 901 4865 καὶ
952 4806 1102 4878 μᾶλα
1158 4802 1448 4879 θαυμάζειν
1507 4796 1735 4860 ἔπειθεν.
1791 4804 1908 4893 ΪὯσπ

2099 4803 2219 4861 nim
2272 4803 2524 4860 universi
2571 4812 2625 4861 te
2646 4803 2908 4860 certatim
2948 4802 3369 4869 collaudabant,
3404 4806 3577 4871 atque
3615 4814 3703 4855 ne-

305 4889 392 4962 διαὶ
434 4901 844 4980 συχχαίροντες
906 4896 1015 4970 ἤδη
1063 4901 1176 4958 τοῖς
1229 4895 1332 4950 ὑπὸ
1372 4896 1467 4948 σοῦ
1513 4890 1909 4965 κοσμουμένοις

2098 4910 2158 4948 no
2191 4907 2341 4947 unus
2388 4890 2708 4964 quidquam
2759 4890 3077 4948 reclamare
3121 4889 3394 4958 habebat,
3426 4904 3539 4959 quo
3586 4902 3702 4943 caa-

308 4996 388 5051 ὅτι
424 4997 503 5070 μὴ
532 4979 744 5048 τούτων
772 4991 935 5063 ἦμεν,
967 4992 1083 5049 πῶς
1117 4985 1178 5040 ἂν
1219 4983 1394 5047 εἴποις
1422 4982 1736 5070 ἠλγοῦμιν,
1760 4981 1912 5057 αἰσχυ

2101 5000 2215 5042 :ros
2236 4984 2308 5039 ad
2348 4982 2700 5040 sententiam
2722 4981 3146 5056 repudiandam
3169 4982 3526 5052 permoveret
3550 4996 3564 5036 :
3589 4979 3705 5034 imo

309 5068 534 5159 νόμενοι
572 5082 691 5157 μὶν,
721 5083 803 5152 τῷ
830 5080 906 5153 μὴ
942 5078 1076 5151 μετὰ
1103 5078 1210 5130 τῶν
1240 5071 1426 5128 ἄλλων
1459 5068 1606 5147 ἔχειν
1654 5068 1743 5125 καὶ
1773 5071 1904 5125 αὐτο

2100 5090 2190 5130 ero
2222 5072 2378 5147 quod
2420 5070 2503 5127 illi
2533 5070 2725 5141 etiam,
2758 5071 2968 5143 quibus
3010 5070 3228 5143 alioqui
3254 5076 3588 5159 promptum
3632 5068 3704 5124 ad

309 5174 373 5229 τὰ
401 5174 470 5229 σα
498 5170 579 5227 διι
632 5191 719 5226 ναι
752 5188 768 5204 ο
822 5166 1118 5243 εὐχόμενοι
1172 5164 1306 5237 μὴν,
1364 5162 1438 5224 ὡς
1496 5159 1729 5236 τάχιστα
1773 5161 1913 5216 αὐτᾶ

2106 5162 2546 5221 btrectationem
2588 5167 2647 5219 et
2689 5161 2968 5218 invidiam
3017 5160 3340 5233 ingenium,
3370 5158 3571 5216 hocin
3603 5173 3710 5214 ne-

317 5263 579 5333 ἠξιώσθαι
615 5278 629 5292 ⁸
661 5260 773 5315 νυνὶ
805 5256 862 5314 δὲ
889 5256 1150 5335 τυχόντες
1168 5256 1294 5328 pay
1325 5253 1376 5307 ἓν
1406 5254 1538 5320 ,ταῖς
1591 5249 1779 5325 εὐχαῖς
1829 5272 1921 5306 παι

2103 5252 2218 5309 otio
2245 5250 2605 5309 moderatius
2625 5252 2840 5307 sentire
2860 5250 3225 5318 videbantur,
3255 5249 3313 5305 id
3352 5248 3543 5322 ipsum
3565 5250 3706 5318 erat,

322 5348 510 5420 δικῶν,
539 5355 622 5423 τῷ
649 5352 700 5426 γ’
731 5349 835 5405 ὑπὸ
866 5347 952 5402 σοὶ
999 5344 1281 5420 τετάχθαι.
1332 5341 1433 5396 Καί
1480 5361 1578 5395 σου
1625 5345 1815 5414 πεῖραν
1866 5340 1926 5397 λα

2099 5343 2219 5414 ,υοά
2244 5357 2335 5399 me
2360 5341 2420 5397 in
2453 5340 2769 5397 maximam
2792 5340 2878 5396 tui
2907 5339 3218 5396 adduceret
3238 5338 3703 5397 admirationem.

320 5436 500 5504 εόντες
547 5435 602 5494 ἔν
656 5461 717 5495 τε
769 5433 1025 5503 ϐουλαῖς,
1074 5432 1127 5489 ἔν
1196 5452 1255 5488 τε
1314 5430 1586 5505 πράξεσιν,
1639 5428 1923 5504 ἥγασάμεθ

2104 5447 2195 5487 am
2248 5431 2448 5503 itaque
2495 5434 2562 5486 ut
2617 5429 2709 5485 his
2759 5429 2861 5503 qui
2913 5429 3102 5486 ornati
3148 5430 3253 5487 abs
3301 5434 3358 5486 te
3414 5427 3708 5500 adJulique

323 5550 380 5585 τε
406 5529 553 5585 πολὺ
588 5528 804 5604 μᾶλλον
834 5529 869 5599 ἢ
918 5525 1172 5602 πρόσθεν,
1220 5521 1308 5577 καὶ
1355 5524 1461 5575 τῶν
1509 5517 1758 5575 παλαιῶν
1818 5519 1927 5575 ἒκεί

2105 5523 2252 5590 rant,
2285 5525 2441 5578 recte
2472 5518 2950 5593 gratulabamur:
2978 5521 3058 5577 ita
3085 5522 3237 5594 quod
3271 5536 3387 5578 non
3418 5517 3489 5576 de
3508 5518 3709 5574 eodem

324 5641 423 5674 νων
454 5620 730 5693 ἐνήκομιν
762 5621 880 5680 πῶς
910 5615 987 5679 εἰς
1031 5615 1252 5688 μνήμην
1305 5609 1552 5687 ῥητόρων
1597 5609 1687 5664 καὶ
1739 5630 1928 5684 στραττ

2114 5629 2182 5668 oa
2233 5626 2475 5668 numero
2525 5625 2812 5677 essemus,
2845 5610 2999 5667 haud
3054 5611 3219 5669 facile
3271 5610 3452 5679 dictu,
3494 5609 3713 5680 quanto

327 5713 440 5785 χῶν
471 5728 482 5741 ’
515 5708 575 5762 οἳ
603 5712 682 5781 τῷ
710 5709 912 5770 πάντας
958 5708 1086 5766 τοὺς
1138 5701 1218 5782 ἑᾷ
1265 5700 1466 5755 ἑαυτῶν
1517 5698 1931 5774 ὑπερπεπαικένο

2109 5702 2208 5759 ade
2228 5700 2415 5759 aﬂ'ecti
2459 5699 2648 5759 simus
2672 5700 2888 5759 dolore.
2927 5701 3187 5760 Pudebat
3219 5700 3397 5768 enim,
3423 5697 3578 5771 quod
3601 5711 3713 5752 non
