4062 6308
426 350 543 409 375

1727 349 2124 410 THEODULl
2171 349 2521 412 MONACHI

3698 345 3800 406 3'16

429 500 546 539 una
577 499 711 540 cum
743 484 961 539 ceteris
1001 487 1101 537 tua
1150 499 1255 538 nos
1303 498 1476 554 opera
1508 498 1574 537 ac
1605 482 1885 538 beneﬁcia
1915 499 2071 538 com-

2185 486 2247 554 τῇ
2279 481 2500 557 γλώττῃ
2530 479 2730 547 δοκεῖν,
2764 478 2870 554 οὐχ
2914 478 3037 533 ὅσον
3087 484 3204 539 τοῖς
3254 478 3456 553 ἔργοις,
3508 479 3804 552 ἀστράπτειν

427 589 748 628 memorare
798 573 1192 628 haberemus:
1245 576 1363 628 tum
1414 577 1541 627 vota
1583 572 1756 628 etiam
1812 573 2066 628 facieba-

427 681 582 728 mus,
605 669 665 718 ut
681 680 876 718 eorum
902 664 1336 733 quamprimum
1353 668 1648 731 compotes
1667 663 2072 718 evaderemus.

425 756 587 808 Nune
609 770 739 809 vero
759 754 1081 824 praecipuas
1114 757 1382 808 votorum
1407 757 1738 808 nostrorum
1776 753 2074 808 consecuti

423 847 746 917 cupidines,
806 847 1085 900 nimirum
1164 849 1228 898 ut
1288 845 1394 899 sub
1463 850 1517 900 te
1576 844 1819 916 praeside
1872 843 2068 914 positi,

425 938 884 1006 experimentum
920 938 1023 1002 tui,
1077 941 1197 989 tum
1247 934 1306 989 in
1357 934 1638 1001 consiliis,
1673 941 1797 990 tum
1847 935 2072 990 actibus

425 1041 616 1080 rerum
650 1041 1006 1093 caperemus,
1037 1025 1220 1077 multo
1253 1039 1432 1092 quam
1463 1029 1630 1077 antea
1660 1022 1984 1093 impensius
2016 1028 2072 1077 te

425 1115 720 1184 suspicere
763 1114 1069 1182 coepimus.
1100 1112 1247 1166 Tum
1280 1117 1337 1166 et
1385 1113 1444 1166 in
1493 1116 1741 1167 mentem
1774 1111 1944 1166 nobis
1975 1128 2068 1166 ve-

423 1203 620 1257 niebat
643 1208 936 1257 oratorum
959 1202 1192 1256 illorum
1229 1202 1764 1272 imperatorumque
1791 1210 2069 1265 veterum,

424 1290 521 1359 qui
565 1292 717 1361 quod
764 1291 1014 1360 aquales
1043 1306 1180 1344 suos
1227 1288 1451 1344 omneis
1501 1304 1598 1344 ore
1651 1290 1920 1349 facundo,
1954 1305 2069 1344 non

421 1377 589 1433 factis
645 1379 944 1443 duntaxat,
1010 1393 1283 1449 superare
1361 1378 1717 1445 viderentur,
1779 1377 2072 1449 fulgurare

419 1475 592 1540 atque
623 1475 825 1524 tonare
857 1469 1336 1540 perhibebantur.
1386 1469 1705 1539 (Aristoph.
1741 1468 2068 1540 Ἀχαρνεῦσι

2176 593 2232 625 τε
2281 571 2368 624 καὶ
2437 573 2667 644 βροντᾷν
2741 568 3003 638 ⁸ἤκουσαν,

2153 662 2371 735 ,ἀγαθοὶ
2421 659 2671 735 κρατεροί
2719 660 2766 712 τ’
2815 659 3113 732 αἰχμηταὶ,
3147 659 3219 710 ὧν
3268 655 3449 725 ἥκιστ’
3495 657 3671 720 αύτὸς,
3704 655 3806 710 οόδ’

3083 567 3414 641 ἀμφότερον,
3495 567 3712 642 ῥήτορές
3763 570 3806 620 τ’

2187 749 2265 827 ἐφ’
2300 747 2482 821 ὁτῳδή
2514 747 2895 821 λελειμμένος,
2931 745 3056 802 ἀλλ’
3091 749 3163 808 ὼς
3214 744 3439 815 ἀληθῶς
3486 746 3690 800 ἒκείνου
3719 750 3806 801 τοῦ

2185 842 2469 912 κόμματος
2522 837 2622 908 ὢν,
2676 839 3012 911 πράττοντας
3071 857 3128 890 τε
3186 839 3270 896 οἷς
3321 838 3589 911 πράττεις,
3622 837 3705 892 καὶ
3735 834 3810 890 λέ-

2187 951 2377 1005 γοντας
2443 931 2524 989 οἷς
2592 927 2771 1001 λέγεις
2838 931 3023 994 νικῶν,
3077 924 3442 1001 διαφερόντως
3499 925 3809 995 ἐκπλήττεις

2185 1020 2382 1079 πάντας
2415 1017 2749 1094 ἐπιστρέφων
2791 1019 2865 1077 εἱς
2922 1018 3130 1087 θαῦμα,
3166 1015 3264 1070 Καὶ
3315 1012 3490 1076 οὐδεὶς
3523 1017 3578 1076 ’ὸς
3625 1017 3685 1068 οὐ
3735 1015 3813 1090 ῥό-

2187 1107 2293 1162 δων
2329 1105 2519 1176 ἡδίους
2554 1105 2756 1180 λόγους
2788 1105 2927 1159 κατά
2957 1110 3056 1158 σοῦ
3100 1102 3314 1174 διέξεισι
3351 1121 3363 1134 ⁸
3415 1103 3691 1177 πρόθυμος
3723 1105 3811 1176 μέν

2188 1198 2351 1255 αὐτὸς
2386 1198 2569 1269 ῥήτωρ
2603 1194 2676 1249 ὢν
2724 1197 2789 1250 τά
2838 1215 2898 1270 γε
2952 1196 3182 1248 τοιαῦτα
3211 1215 3223 1226 '
3275 1195 3710 1267 προθυμοτέρους
3763 1191 3815 1246 δέ

2184 1288 2272 1340 καὶ
2301 1286 2428 1348 τοὺς
2460 1284 2664 1346 ἄλλους
2696 1280 2843 1362 ἔχων
2895 1283 3159 1358 ἀκροατάς
3193 1300 3206 1312 '
3239 1283 3328 1338 καὶ
3361 1281 3428 1336 δι’
3459 1283 3667 1359 ἀμφοῖν
3695 1283 3818 1336 τού-

2181 1397 2296 1430 τοιν
2323 1381 2419 1430 τοῦ
2452 1376 2586 1429 κατά
2628 1378 2722 1428 σοῦ
2767 1375 2991 1448 γάννους
3055 1373 3188 1447 πρὸς
3243 1369 3552 1446 ὑπερϐολήν
3607 1371 3815 1447 αἰρομέ-

2182 1486 2300 1520 νου.

419 1560 545 1626 530,
579 1560 650 1614 De
687 1559 946 1630 Pericle.)
979 1559 1278 1628 Siquidem
1337 1565 1650 1630 utrumque
1699 1561 1932 1628 pariter,
1982 1565 2041 1613 et
2087 1558 2224 1612 boni
2277 1561 2559 1626 oratores,
2591 1561 2648 1612 et
2695 1556 2867 1611 fortes
2913 1553 3242 1620 bellatores,
3293 1557 3479 1609 erant.
3522 1555 3611 1624 (ex
3663 1552 3813 1608 Iliad.

423 1651 474 1702 1"
511 1651 627 1721 79.)
659 1653 701 1704 A
733 1651 946 1720 quibus
979 1660 1035 1704 tu
1067 1666 1201 1704 cum
1236 1666 1339 1704 nec
1387 1648 1678 1704 tantillum
1731 1649 1854 1703 ulta
1901 1649 2066 1718 plane
2116 1648 2175 1702 in
2227 1665 2286 1702 re
2334 1665 2364 1701 a
2411 1655 2567 1718 tergo
2626 1645 2876 1715 relictus,
2913 1644 3014 1700 sed
3064 1661 3215 1699 unus
3245 1660 3438 1700 revera
3480 1648 3630 1699 notae
3676 1642 3814 1698 clas-

423 1742 617 1810 sisque
665 1741 925 1808 ejusdem
975 1739 1150 1794 homo
1201 1739 1300 1805 sis,
1355 1749 1528 1809 atque
1579 1747 1701 1793 tum
1753 1744 1992 1809 agentes
2041 1738 2284 1809 agendo,
2318 1742 2444 1791 tum
2505 1737 2748 1792 dicendo
2809 1736 3061 1790 dicentes
3119 1735 3336 1800 vincas,
3401 1733 3643 1789 miriﬁce
3696 1748 3814 1788 om-

423 1848 526 1885 nes
558 1831 986 1900 obstupefactos
1035 1830 1094 1883 in
1144 1830 1590 1884 admirationem
1643 1829 1724 1883 tui
1775 1829 2076 1884 convertis.
2109 1826 2271 1882 Unde
2331 1843 2500 1880 nemo
2554 1842 2668 1880 non
2729 1827 2877 1880 rosis
2926 1825 3224 1880 suaviores
3254 1827 3322 1879 de
3353 1831 3408 1879 te
3434 1826 3574 1880 serit
3604 1838 3814 1878 sermo-

424 1938 564 1986 nes;
621 1928 794 1990 atque
850 1937 982 1974 cum
1041 1926 1347 1992 promptus
1407 1920 1533 1991 ipse
1591 1921 1659 1974 ad
1737 1920 1856 1974 haec
1916 1919 2105 1974 verbis
2179 1916 2468 1972 efferenda
2524 1921 2716 1971 orator
2771 1920 2878 1982 est,
2939 1921 3063 1970 tum
3141 1919 3530 1986 promptiores
3596 1918 3816 1970 caeteros

419 2012 596 2066 habet
637 2011 956 2079 auditores,
989 2019 1322 2081 assurgente
1371 2011 1606 2066 interim
1653 2025 1752 2081 per
1781 2010 1888 2064 hoc
1921 2014 2246 2077 utrumque,
2281 2007 2352 2063 ad
2404 2022 2698 2061 summum
2749 2021 2934 2076 usque
2983 2020 3307 2066 excessum.
3343 2009 3622 2076 concepta
3659 2004 3727 2059 de
3754 2011 3802 2059 te

417 2099 638 2156 laetitia.

494 2191 560 2245 ΙΙ.
595 2191 697 2245 Hic
743 2191 890 2246 alius
939 2191 1095 2245 enim
1148 2190 1601 2260 humanitatem,
1634 2196 1688 2246 et
1736 2194 2066 2260 temperan-
2096 2194 2141 2256 Β

418 2280 580 2345 tiam,
630 2284 686 2333 et
742 2280 894 2348 quod
953 2280 1105 2350 turpi
1161 2279 1325 2334 nullo
1385 2280 1601 2351 flagitio
1655 2280 1806 2335 vinci
1865 2296 2068 2350 queas,

421 2367 727 2439 magniﬁce
757 2367 998 2424 extollit.
1023 2369 1189 2424 Alius
1212 2370 1468 2424 nativam
1494 2371 1666 2424 istam
1701 2385 1765 2424 ac
1791 2367 2066 2424 domesti-

420 2473 546 2513 cam
581 2458 639 2510 in
675 2458 945 2512 omnibus
991 2457 1172 2512 animi
1219 2459 1300 2513 tui
1335 2458 1835 2530 magnitudinem;
1889 2457 2070 2511 illud-

422 2562 533 2616 que
565 2546 738 2600 simul
785 2551 903 2600 tam
937 2547 1326 2617 compositum
1362 2552 1536 2618 atque
1567 2563 1938 2618 generosum,
1973 2545 2071 2600 ad-

415 2636 631 2706 jungit.
665 2635 776 2689 Nec
825 2634 1128 2706 indignam
1160 2636 1311 2690 idem
1362 2652 1466 2691 sua
1520 2636 2071 2691 commemoratione

422 2723 580 2778 ducit
611 2723 877 2778 festivam
906 2723 1087 2777 animi
1120 2725 1200 2778 tui
1223 2725 1685 2794 jucunditatem,
1720 2730 1777 2778 et
1822 2725 1892 2778 ad
1926 2740 2063 2778 con-

365 2852 369 2856 -
421 2828 652 2884 gressus
676 2812 977 2866 hominum
1003 2812 1537 2883 collocutionesque
1561 2813 1746 2868 multa
1767 2819 2072 2868 venustate

421 2900 947 2955 instructissimum
1001 2902 1290 2957 habitum.
1345 2906 1568 2957 Rursus
1619 2902 1770 2956 alius
1828 2917 2070 2957 acumen

424 2989 637 3060 ingenii
669 3006 682 3054 ;
716 2991 863 3044 alius
892 2991 1102 3061 linguae
1137 2991 1270 3056 vim,
1314 2994 1500 3063 gratia
1531 2993 1923 3061 coniunctam,
1962 3007 2072 3045 mo-

424 3095 669 3148 rumque
716 3080 1084 3150 gravitatem,
1119 3086 1175 3135 et
1221 3088 1446 3151 gratam
1489 3082 1687 3136 vultus
1718 3081 2072 3144 comitatem,

424 3173 483 3221 et
541 3168 732 3222 forma:
789 3169 1134 3239 nignitatem
1177 3187 1242 3225 ac
1290 3170 1616 3238 illecebras,
1679 3175 1958 3236 recenset,
2018 3175 2075 3224 et

425 3257 580 3326 quod
641 3263 812 3326 caput
854 3264 960 3324 est,
1021 3260 1339 3329 profundas
1398 3261 1725 3330 densasque
1785 3265 2004 3314 mentes
2058 3277 2070 3312 :

431 3343 578 3400 Unde
627 3345 727 3400 illa
774 3347 995 3416 pulchri
1024 3347 1273 3418 pullulat
1310 3348 1394 3403 vis
1441 3349 1684 3414 consilii,
1725 3354 1785 3402 ut
1821 3346 2074 3417 Eschyli

428 3450 548 3488 rem
589 3435 777 3489 verbis
821 3437 1165 3506 exprimam.
1198 3436 1414 3507 (Ἑπτὰ
1465 3435 1568 3488 ἐπὶ
1609 3431 1880 3506 Θήϐαις,
1924 3436 2074 3506 600.)

428 3525 610 3591 Atque
644 3523 799 3578 hisce
847 3528 902 3578 te
947 3525 1204 3580 consiliis
1251 3543 1431 3596 usque
1461 3528 1600 3581 edeo
1652 3531 2071 3581 consentaneas

430 3615 619 3684 reipsa
656 3613 904 3683 adjicere
953 3616 1230 3681 actiones,
1279 3623 1344 3671 ut
1387 3633 1576 3686 neque
1625 3616 1881 3671 actiones
1935 3616 2075 3669 istas

429 3703 499 3756 ab
551 3701 678 3757 aliis
708 3704 1158 3776 quibuscunque
1206 3706 1490 3775 perfectas
1538 3721 1665 3760 esse
1716 3706 1913 3760 deceat
1943 3721 2080 3759 cono

431 3792 590 3860 siliis,
624 3810 796 3862 quam
861 3796 1014 3849 unde
1065 3796 1330 3865 perfectae
1370 3801 1531 3862 sunt,
1566 3812 1751 3866 neque
1782 3797 1916 3850 item
1951 3811 2077 3865 que

431 3881 696 3936 consulto
752 3883 992 3937 consilio
1046 3890 1276 3939 decreta
1332 3892 1491 3943 sunt.
1537 3885 1689 3952 aliis,
1722 3901 1899 3954 quam
1959 3885 2078 3938 tuis

431 3969 607 4038 hisce,
639 3971 905 4024 concludi
941 3972 1026 4025 ias
1059 3973 1137 4025 sit
1172 3974 1464 4042 operibus.
1505 3973 1613 4027 Sed
1647 3981 1702 4027 et
1734 3979 1892 4026 tanta
1923 3972 2083 4026 insu-
2112 3980 2114 3982 ’

427 4073 527 4126 per
572 4059 828 4128 quidque
875 4064 932 4114 te
981 4059 1276 4115 celeritate
1322 4077 1616 4131 peragere,
1651 4065 1871 4130 quanta
1921 4059 2077 4114 haud

428 4147 607 4202 sciam
641 4163 711 4200 an
758 4148 1080 4216 priscorum
1117 4149 1271 4204 ullus
1304 4149 1514 4221 aliquis
1557 4150 1818 4204 heroum.
1853 4149 1920 4202 Et
1948 4155 2074 4204 tau-

423 4240 547 4290 tum
576 4243 791 4303 tamen,
821 4239 972 4308 quod
1007 4238 1158 4292 haud
1202 4240 1372 4308 paulo
1397 4241 1589 4309 majus
1623 4238 1804 4294 altero
1840 4237 1938 4292 illo
1968 4245 2075 4304 est,

426 4326 675 4393 provida:
726 4326 1263 4398 circumspectionis
1293 4328 1570 4400 fideique,
1605 4329 1664 4383 in
1714 4330 1824 4382 ista
1865 4326 2074 4381 veloci-

422 4421 557 4478 tate,
587 4417 691 4470 abs
723 4421 776 4469 te
826 4416 1110 4485 adhiberi,
1151 4419 1304 4472 velut
1359 4419 1458 4490 qui
1510 4418 1763 4475 multum
1795 4417 2077 4487 temporis

418 4503 476 4558 in
510 4497 959 4561 commentando
991 4524 1451 4579 comsumpsere.
1485 4507 1608 4563 Non
1642 4507 1798 4562 enim
1835 4521 2074 4576 operum

418 4601 643 4662 eventa,
699 4601 762 4649 ut
822 4613 1062 4666 quaeque
1103 4614 1364 4665 evenere,
1422 4597 1810 4669 comperiens,
1871 4612 2074 4651 verum

419 4686 584 4754 prius
614 4685 790 4739 etiam
823 4703 997 4756 quam
1033 4692 1219 4756 coepta
1260 4693 1419 4756 sunt,
1453 4688 1670 4744 exitum
1706 4701 1906 4742 eorum
1959 4703 2076 4741 cer-

417 4773 536 4828 tius
589 4773 900 4845 veriusque
931 4777 1134 4845 quovis
1165 4776 1577 4840 Themistocle,
1612 4777 1853 4836 secretis
1896 4774 2075 4830 animi

419 4863 684 4918 sensibus
715 4871 1082 4934 compertum
1113 4866 1355 4932 habens,
1389 4871 1445 4921 et
1478 4884 1623 4934 rem,
1655 4883 1788 4921 cum
1822 4868 2074 4937 oportet.

418 4954 771 5022 aggrederis,
834 4960 890 5008 et
955 4971 1156 5008 rursus
1209 4971 1342 5010 cum
1400 4956 1509 5010 hoc
1567 4962 1823 5028 praestat,
1880 4955 2061 5008 inter-

2185 4954 2579 5026 ἀγωνιζόμενος
2637 4970 2651 4984 ’

417 5041 688 5110 quiescis.
750 5043 905 5098 Adeo
959 5047 1019 5097 tu
1077 5061 1214 5099 sane
1273 5046 1766 5116 opportunissime
1825 5052 2065 5112 utroque

417 5131 617 5186 uteris.
652 5133 865 5186 Adhaec
897 5133 1040 5186 illud
1085 5135 1261 5188 etiam
1295 5150 1649 5206 magnopere
1680 5135 1893 5204 ubique
1925 5150 2064 5204 prae-

417 5218 595 5272 dicari
629 5221 920 5287 audimus,
967 5239 1139 5292 quam
1171 5224 1442 5279 assiduus
1476 5223 1714 5294 justitia:
1745 5225 1930 5278 cultor
1960 5223 2063 5290 sis,

419 5313 477 5361 et
516 5308 687 5362 multo
742 5313 977 5380 quidem
1027 5317 1180 5367 certe
1229 5313 1594 5382 praestantior
1639 5311 2064 5368 admirabilior-

427 5411 558 5465 que,
593 5412 766 5466 quam
795 5399 1071 5470 antiquus
1094 5401 1191 5454 ille
1224 5400 1479 5456 Guneus.
1511 5401 1896 5472 (Lchphron.
1924 5399 2068 5470 128.)

416 5484 638 5554 Quippe
667 5486 760 5554 qui
796 5487 1092 5558 improbos
1122 5489 1488 5561 injustosque
1534 5493 1663 5563 ipso
1696 5508 1875 5562 pcenaa
1912 5493 2066 5546 metu

417 5573 794 5630 modestiores
823 5576 1029 5636 efﬁcis,
1065 5582 1121 5632 et
1161 5578 1233 5632 ad
1268 5583 1431 5634 tuum
1466 5581 1842 5651 respicientes
1875 5595 2067 5633 exem-

405 5665 589 5736 plum,
626 5671 686 5720 ut
719 5665 788 5720 ab
821 5682 886 5721 eo
931 5668 1213 5723 desistant
1244 5670 1486 5726 crimine
1529 5673 1809 5738 adducis;
1845 5686 2048 5725 rursus

2244 2187 2312 2241 B'.
2348 2187 2408 2242 Ὁ
2453 2186 2548 2258 μὲν
2598 2184 2696 2258 γὰρ
2738 2183 3022 2258 πραότητά
3064 2206 3120 2239 τε
3171 2186 3261 2239 καὶ
3311 2185 3688 2263 σωφροσύνην,
3733 2182 3814 2237 καὶ

2176 2276 2236 2329 τὸ
2299 2271 2427 2346 μηδ’
2488 2275 2692 2345 ὁτῳοῦν
2767 2271 2912 2347 ἔχειν
2967 2278 3074 2326 τῶν
3140 2275 3439 2350 αὶσχίστων
3492 2273 3814 2338 ἁλίσκεσθαι,

2182 2364 2320 2440 μέγα
2351 2371 2586 2422 ποιεῖται
2623 2383 2636 2397 ⁸
2684 2366 2711 2418 ὁ
2744 2362 2800 2418 δὲ
2849 2367 3172 2440 προστίθησι
3205 2366 3292 2420 καὶ
3322 2368 3385 2421 τὸ
3440 2367 3813 2443 μεγαλόψυχον

2179 2453 2390 2509 οἷ’κοθεν
2425 2455 2475 2509 έν
2506 2456 2667 2509 παντὶ
2699 2456 2836 2526 μετά
2889 2459 2987 2509 τοῦ
3039 2456 3364 2529 τεταγμένου
3424 2457 3516 2510 καὶ
3555 2457 3812 2530 γεννικοῦ.

2181 2545 2277 2598 Καὶ
2322 2543 2420 2598 ούκ
2450 2545 2670 2613 ἀπαξιοῖ
2699 2543 2866 2618 λόγου
2897 2541 3019 2598 οὐδὲ
3048 2546 3110 2598 τὸ
3139 2552 3238 2614 τῆς
3272 2547 3457 2623 ψυχῆς
3508 2544 3769 2616 ἡδόμενον
3803 2559 3815 2572 ·

2181 2633 2269 2687 καὶ
2304 2634 2442 2706 πρὸς
2490 2635 2586 2695 τὰς
2636 2631 2895 2694 συνόδους
2956 2632 3295 2708 ἐπιχαρίτως
3354 2635 3737 2707 ἐσκευασμένον
3767 2631 3817 2685 εὖ

2184 2722 2332 2796 μάλα
2365 2742 2376 2753 ·
2411 2723 2501 2776 καὶ
2534 2724 2561 2776 ὁ
2596 2723 2691 2795 μέν
2726 2745 2805 2784 τις
2839 2723 3146 2798 ἀγχίνοιαν,
3181 2724 3208 2776 ὁ
3234 2721 3291 2778 δὲ
3311 2723 3631 2799 καταλέγειν
3653 2721 3818 2797 γλώτ-

2180 2836 2280 2884 της
2315 2813 2474 2891 ἰσχὺν
2531 2814 2667 2888 μετά
2719 2815 2975 2892 χάριτος,
3027 2815 3119 2868 καὶ
3172 2816 3336 2890 βάρος
3385 2835 3445 2890 γε
3494 2815 3686 2884 ἤθους,
3732 2811 3818 2867 καὶ

2185 2902 2411 2978 βλέμμα
2440 2902 2754 2978 ἐπαγωγὸν,
2795 2903 2882 2956 καὶ
2945 2910 3159 2980 μορφῆς
3217 2901 3434 2980 ἴυγγας,
3465 2905 3562 2958 καὶ
3617 2903 3678 2958 τὸ
3739 2902 3818 2974 μέ·

2180 3014 2367 3067 γιστον
2402 3013 2595 3069 φρένας
2631 2990 2884 3064 μελαίνας
2941 3013 2999 3046 τε
3051 2993 3140 3046 καὶ
3199 2994 3424 3053 πυκνάς.
3471 2994 3560 3063 Ἐξ
3609 2993 3700 3062 ὧν,
3729 2989 3815 3046 Αἷ-

2183 3080 2394 3155 σχύλου
2419 3083 2693 3157 φωνῇ,τὰ
2722 3079 2919 3135 κεδνὰ
2956 3083 3315 3156 βλτστάνει
3353 3083 3476 3156 βου
3513 3082 3806 3155 ἷεύματα

2186 3172 2266 3231 οἷς
2297 3168 2440 3225 οὕτω
2471 3167 2872 3243 συμϐαινούσας
2905 3170 2979 3234 ὡς
3010 3171 3235 3241 ἀληθῶς
3268 3172 3490 3247 ἐπάγειν
3538 3173 3636 3233 τὰς
3680 3169 3810 3242 πράξ-

2185 3281 2281 3327 εις,
2315 3261 2390 3324 ὡς
2425 3263 2562 3332 μήτε
2591 3260 2787 3323 ταύτας
2822 3262 2910 3314 ὑπ’
2941 3257 3128 3318 ἄλλων
3171 3259 3489 3328 ὡντινωνδή
3542 3262 3816 3336 προσήκειν

2186 3345 2445 3419 βουλλῶν
2474 3349 2884 3420 κατωρθῶσθαι,
2921 3347 2954 3416 ἢ
2987 3349 3060 3401 ὧν
3093 3349 3479 3422 κατώρθωνται
3521 3367 3532 3379 ·
3570 3351 3709 3421 μήτε
3735 3343 3813 3399 οὖν

2182 3436 2248 3489 τὰ
2281 3431 2685 3510 βεϐουλευμένα
2708 3437 2908 3511 ἑτέροις
2936 3436 2971 3505 ἢ
3001 3438 3217 3499 τούτοις
3246 3436 3694 3493 κατακεκλεῖσθαι
3714 3439 3817 3493 τοῖς

2185 3520 2364 3598 ἔργοις
2398 3544 2410 3556 ο
2456 3523 2600 3580 ἀλλά
2647 3526 2736 3578 καὶ
2786 3527 3040 3599 πράττειν
3091 3526 3265 3588 οὕτως
3319 3526 3572 3597 ὀξύτατα,
3606 3527 3677 3587 ὡς
3733 3521 3820 3577 οὐκ

2189 3611 2292 3667 οἷδ’
2322 3612 2370 3667 ε⁹ί
2401 3635 2482 3675 τις
2521 3619 2626 3668 τῶν
2660 3612 2830 3668 πάλαι
2863 3633 2876 3646 °
2927 3615 3195 3685 τοσαύτην
3244 3613 3299 3670 δὲ
3349 3617 3376 3669 ὃ
3405 3617 3614 3687 ξτούτου
3652 3618 3820 3688 μεῖζον

2188 3702 2479 3782 ἀσφάλειαν
2525 3703 2617 3758 καὶ
2666 3702 2845 3757 πίστιν
2889 3703 3219 3779 ἐμπαρέχειν
3288 3710 3366 3777 τῷ
3415 3707 3600 3783 τάχει,
3653 3704 3820 3774 ὥσπερ

2189 3797 2242 3850 oi
2273 3795 2446 3850 πολύν
2479 3817 2602 3850 τινα
2636 3799 2836 3874 χρόνον
2885 3796 3236 3866 ἀνηλωκότες
3268 3803 3336 3872 τῇ
3372 3798 3559 3871 σκέψει
3590 3819 3602 3830 ·
3640 3797 3702 3851 οὐ
3731 3795 3822 3868 γὰρ

2192 3887 2328 3956 μετά
2355 3885 2418 3938 τὸ
2468 3887 2787 3960 γεγενῆσθαι
2821 3886 2915 3947 τὰς
2958 3891 3065 3940 τῶν
3113 3884 3288 3961 ἔργων
3339 3883 3585 3948 ἐκϐάσεις
3633 3884 3824 3958 μανθά-

2186 3996 2287 4028 νων
2337 3973 2482 4027 ἀλλὰ
2529 3975 2617 4028 καὶ
2666 3975 2791 4046 πρὶν
2838 3976 3028 4049 ἧφθαι,
3071 3976 3132 4029 τὸ
3180 3975 3337 4036 τέλος
3379 3981 3496 4036 τοῖς
3546 3975 3825 4048 λογισμοῖς

2188 4064 2263 4124 ὡς
2321 4061 2546 4132 ἀληθῶς
2604 4063 2959 4136 ἐπιοτάμενος
3023 4065 3154 4138 ὑπὲρ
3224 4063 3397 4119 πάντα
3470 4058 3822 4137 Θεμιστολὲα,

2187 4153 2277 4206 καὶ
2328 4153 2584 4226 πράττεις
2634 4152 2795 4221 ἡνίκα
2841 4150 2940 4220 δεῖ,
2973 4153 3062 4207 καὶ
3113 4155 3177 4207 αὖ
3226 4155 3523 4229 ἡσυχάζεις
3575 4153 3646 4208 ἐτ’
3678 4153 3825 4225 ἀμει-

2186 4262 2272 4294 νον
2304 4260 2317 4273 ·
2354 4239 2524 4294 οὕτω)
2575 4240 2778 4317 ἀμφοῖν
2829 4241 3213 4316 ἐπικαιρότατα
3256 4248 3391 4318 χρῇ.
3445 4243 3544 4296 Καὶ
3599 4243 3704 4314 μὴν
3746 4237 3826 4293 καὶ

2186 4328 2331 4382 τοῦτ’
2372 4325 2512 4382 ἔστιν
2563 4328 2780 4384 ἀκούειν
2846 4330 3151 4407 ἑκασταχοῦ
3221 4331 3518 4404 βοώμενον,
3569 4331 3643 4390 ὡς
3718 4325 3826 4394 ε’ίης

2189 4416 2344 4486 δίκης
2397 4415 2643 4490 ἐργάτης,
2698 4417 2897 4490 πολλῷ
2946 4421 2998 4493 γ’
3048 4419 3282 4492 ἀμείνων
3330 4421 3417 4473 καὶ
3471 4416 3829 4490 θαυμαστότε-

2189 4526 2281 4580 ρος
2329 4507 2363 4575 ﬁ
2425 4507 2652 4569 Γουνεὺς
2699 4507 2903 4570 ἐκεῖνος
2955 4510 2983 4561 ὁ
3026 4508 3278 4570 παλαιός.
3310 4510 3444 4570 Τούς
3491 4529 3549 4562 τε
3586 4509 3685 4582 γὰρ
3715 4502 3826 4559 ἀδι-

2186 4599 2417 4656 κοῦντας
2472 4594 2873 4670 μετριωτέρους
2932 4599 3356 4672 παρασκευάζεις
3406 4601 3484 4668 τῷ
3534 4591 3711 4670 φόϐῳ,
3745 4592 3827 4648 καὶ

2185 4685 2311 4758 αρὸς
2353 4683 2512 4740 αὐτόν
2577 4706 2632 4738 σε
2695 4684 2998 4759 βλέποντας
3048 4688 3243 4747 αείθεις
3311 4685 3671 4760 ἀπηλλάχθαι
3736 4685 3828 4737 τοῦ

2186 4775 2391 4834 πάθους
2423 4793 2435 4806 ⁶
2478 4778 2586 4828 τῶν
2637 4795 2695 4828 τε
2744 4772 3096 4847 ἠδικημένων
3127 4776 3268 4830 οὕτω
3299 4776 3386 4830 καὶ
3443 4776 3577 4847 μετὰ
3626 4771 3828 4828 τοσαύ-

2187 4886 2287 4934 της
2321 4863 2627 4938 ὑπερδικεῖς
2674 4872 2773 4933 τῆς
2835 4874 3232 4941 παρασκευκῆς,
3287 4867 3360 4926 ὡς
3422 4868 3547 4939 ὑπὲρ
3610 4865 3821 4919 οἰκείων

2712 4955 2835 5008 ὡστ’
2897 4955 3070 5009 εἶκαὶ
3143 4954 3467 5030 παράδοξον,
3525 4952 3822 5010 λυσιτελεῖν

2179 5042 2342 5117 φαίην
2393 5044 2454 5096 ἂν
2504 5044 2686 5104 αὐτοῖς
2729 5043 2864 5097 κατὰ
2910 5048 3070 5099 τοῦτο
3129 5046 3191 5099 τὸ
3243 5045 3407 5119 μέρος
3452 5046 3550 5112 τήν
3607 5043 3823 5120 ἀφαίρει

2181 5152 2262 5184 σιν
2300 5151 2312 5163 ·
2343 5132 2427 5185 ὅτι
2460 5136 2710 5186 τοιοῦτον
2752 5134 3044 5203 κτήσαιντο
3078 5134 3394 5209 σύμμαχον.
3433 5135 3700 5206 Χαρίεντα
3733 5131 3820 5204 μὲν

2181 5221 2270 5273 ούν
2303 5221 2393 5273 καὶ
2428 5225 2613 5289 ταῦτα,
2645 5221 2736 5274 καὶ
2771 5221 2867 5276 οὐκ
2897 5223 2958 5277 ἃν
2993 5223 3197 5299 ἑτέροις
3228 5218 3542 5298 ὑπερϐολήν
3574 5216 3772 5294 ἔχοντα
3804 5236 3817 5250 ·

2182 5306 2376 5362 οὔκουν
2407 5307 2519 5363 οὐδ’
2567 5305 2674 5363 ἔσθ’
2722 5309 2868 5372 ὅστις
2914 5311 3252 5384 ἁμιλλᾶσθαι
3302 5311 3514 5367 δύναιτο
3549 5330 3559 5340 ·
3595 5309 3821 5368 πλέονος

2195 5396 2253 5452 δὲ
2281 5396 2425 5468 ἄξιον
2449 5400 2510 5453 τὸ
2542 5404 2792 5454 τοιοῦτον
2825 5398 2953 5455 ὄντα
3014 5403 3089 5474 μή
3145 5401 3666 5480 μεγαλαυχούμενον
3708 5397 3820 5475 φαί-

2179 5490 2382 5553 νεσθαι,
2421 5485 2559 5560 μηδέ
2591 5487 2683 5550 δας
2715 5489 2966 5562 ἀμείνους
3000 5489 3154 5564 δόξας
3204 5487 3350 5566 ἔχειν
3403 5494 3524 5567 περὶ
3577 5487 3770 5544 σαυτοῦ
3803 5505 3815 5518 ’

2185 5575 2309 5631 αλλ’
2362 5579 2541 5653 ὥσπερ
2578 5579 2634 5632 ἂν
2685 5581 2728 5633 εἷ
2787 5577 2979 5652 μηδενὶ
3029 5586 3135 5635 τῶν
3189 5584 3441 5638 ἁπάντων
3489 5580 3815 5652 διεκόσμησον

2184 5667 2326 5721 οὕτω
2377 5666 2677 5742 δημοτικὸν
2726 5671 2918 5724 σαυτὸν
2951 5675 3066 5733 τοῖς
3116 5677 3242 5726 πᾶσι
3288 5672 3542 5748 παρέχειν
3589 5669 3679 5725 καὶ
3725 5663 3814 5741 μὲ-
