4062 6308
213 352 314 410 377

1036 355 1329 416 ORATIO
1373 358 1478 417 AD
1525 357 1887 444 ANGELUM
1937 359 2750 421 STHATOPEDARCHAM.

3481 358 3600 421 378

210 500 362 553 τριον,
390 482 454 535 τὸ
500 479 744 547 δεδωκὸς
788 490 888 552 τῆς
935 491 1103 557 τιμῆς
1144 485 1231 539 καί
1277 489 1374 540 τοῦ
1422 486 1604 560 γένους
1654 486 1834 543 ἑκόντι

1972 492 2225 562 njuriam
2260 491 2551 564 perpessis
2605 491 2674 546 ad
2713 508 2848 548 eum
2896 492 3063 563 plane
3110 492 3374 557 modum,
3416 502 3600 561 eaque

211 568 445 645 λογισμῷ
476 572 750 643 μεθιέντα.

1943 596 2080 637 cura
2128 597 2194 636 ac
2245 580 2548 637 sedulitate
2606 581 2766 650 ades,
2809 586 2978 653 atque
3018 582 3069 638 si
3140 579 3599 638 necessariorum

208 666 423 717 tuorum
460 663 708 719 dicenda
756 664 857 719 tibi
905 682 1084 722 causa
1128 671 1298 723 esset.
1351 666 1436 723 Ita
1494 672 1581 736 ut,
1634 670 1904 741 quamvis
1955 672 2469 726 absurdiusculum
2518 670 2674 727 dictu
2701 672 2793 738 sit,
2840 670 2986 740 ipsis
3037 671 3145 726 hac
3202 674 3396 740 partes
3453 684 3600 741 pene

208 768 352 807 suam
386 755 660 825 prodesse
717 754 961 811 dixerim
997 756 1307 826 jacturam,
1359 759 1512 828 quod
1561 759 1738 815 talem
1789 761 2201 818 nanciscantur
2252 763 2599 832 adjutorem.
2646 761 2929 818 Caeterum
2975 767 3041 818 ut
3091 762 3295 819 decora
3327 761 3447 817 hac
3490 758 3599 816 tib.

208 859 332 898 sane
357 849 502 899 sunt
555 842 907 916 nullumque
975 845 1104 902 aliis
1151 848 1538 920 exeuperandi
1583 850 1825 905 modum
1872 849 2108 920 habent,
2138 851 2408 922 quocirca
2481 867 2649 907 nemo
2707 852 2846 907 item
2896 856 3007 921 est,
3041 851 3140 923 qui
3190 849 3450 924 palmam
3495 848 3599 905 tibi

211 934 433 990 dubiam
470 935 659 991 facere
711 937 882 991 ausit.
918 938 1004 992 Ita
1053 935 1237 1009 pluris
1284 937 1396 995 hoc
1448 943 1639 996 tamen
1670 943 1782 1005 est,
1818 942 1969 1011 quod
2017 941 2154 997 talis
2197 958 2332 997 cum
2378 942 2482 1009 sis,
2526 940 2753 997 nullum
2803 942 2861 996 in
2902 946 2958 998 te
3002 942 3294 1013 iactantiae
3331 943 3605 1012 appareat

206 1022 517 1095 vestigium,
572 1039 764 1096 neque
811 1024 1183 1096 gloriosiores
1238 1025 1390 1082 ullas
1443 1027 1514 1083 de
1552 1033 1607 1083 te
1658 1027 1853 1084 foveas
1905 1030 2231 1101 Opiniones,
2291 1046 2491 1086 verum
2542 1030 2784 1101 perinde
2825 1039 2997 1102 atque
3043 1031 3091 1087 si
3152 1031 3315 1088 nulla
3366 1045 3605 1102 prorsus

216 1129 270 1168 re
312 1113 594 1185 pmclara
642 1121 884 1172 ornatus
932 1131 1111 1185 esses,
1148 1118 1229 1174 ita
1278 1117 1615 1190 popularem
1675 1126 1728 1174 te
1784 1119 2063 1177 omnibus
2117 1121 2603 1193 moderatumque
2652 1121 2927 1195 praebeas,
2964 1137 3029 1178 eo
3067 1123 3218 1194 quod
3266 1136 3607 1180 concessam

212 1201 435 1261 honoris
466 1204 811 1277 generisque
844 1206 1241 1277 praestantiam
1276 1211 1483 1279 sponte
1511 1211 1612 1263 tua
1645 1208 1911 1265 remittis.

274 1339 340 1393 1".
373 1337 541 1392 Ταυτὶ
598 1335 655 1391 δέ
700 1358 758 1392 σε
808 1338 898 1393 καὶ
947 1337 1214 1395 δοκοῦντα
1270 1342 1359 1395 καὶ
1408 1337 1562 1412 ὄντα,
1608 1342 1700 1404 οἷς
1751 1344 1848 1415 μὲν

216 1423 330 1479 ίδεῖν
382 1426 660 1502 ἐξεγένετο
721 1427 870 1499 μάλα
921 1428 1170 1501 μαίονται
1200 1445 1215 1460 '
1273 1430 1325 1483 οἱ
1376 1428 1432 1484 δὲ
1479 1430 1578 1485 οὐκ
1626 1427 1850 1499 ἰδόντες,

217 1514 350 1578 ὅπως
380 1512 597 1570 ἔσονται
628 1517 881 1591 τάχιστα,
913 1519 1087 1573 πάντα
1126 1523 1347 1573 ποιοῦσι
1380 1538 1393 1551 '
1434 1521 1561 1581 τοὺς
1603 1517 1661 1573 δὶ
1706 1515 1850 1574 ἰδόν-

2028 1345 2121 1401 lli.
2155 1345 2287 1402 Haec
2319 1354 2376 1402 ta
2407 1346 2589 1419 igitur
2617 1362 2749 1403 cum
2782 1355 2837 1403 et
2866 1363 2995 1404 esse
3026 1346 3293 1415 videaris,
3326 1355 3379 1402 et
3402 1362 3607 1418 reapse

1957 1436 2062 1505 sie,
2093 1436 2262 1507 queis
2311 1436 2395 1493 tui
2443 1438 2679 1494 videndi
2732 1437 2898 1508 copia
2942 1437 3073 1506 fuit,
3124 1437 3208 1493 illi
3254 1438 3462 1494 insano
3519 1437 3606 1493 tui

1959 1541 2156 1582 amore
2205 1525 2549 1598 planissime
2594 1528 2815 1594 Iurunt,
2867 1527 2968 1599 qui
3019 1528 3267 1584 necdum
3317 1528 3605 1594 viderunt,

217 1627 298 1667 τας
331 1608 455 1679 μὲν,
497 1607 561 1661 ού
605 1606 900 1686 φιλοῦντας
929 1606 1006 1680 δὲ,
1039 1610 1085 1664 εἰ
1139 1611 1241 1685 ἄρα
1288 1610 1379 1665 καί
1423 1632 1564 1673 τινες
1608 1612 1707 1665 εἶεν
1754 1611 1851 1665 οὕ-

1964 1616 2103 1673 illud
2166 1624 2230 1672 ut
2285 1617 2725 1690 quamprimum
2777 1623 3231 1691 consequantur,
3287 1618 3609 1675 moliuntur

216 1717 307 1757 τως
336 1695 551 1759 ἀθλίως
600 1694 848 1772 ἔχοντες,
880 1700 954 1761 ὡς
1002 1695 1162 1774 ἔγωγ’
1214 1699 1313 1754 ούκ
1355 1701 1536 1771 οἶμαι,
1567 1700 1619 1755 τί
1669 1721 1753 1762 τις
1793 1699 1851 1753 ἂν

1964 1706 2194 1774 omnia;
2227 1708 2326 1778 qui
2352 1711 2547 1763 autem
2580 1707 2871 1775 viderunt,
2906 1724 3094 1780 neque
3141 1715 3340 1764 amant
3384 1714 3604 1772 tamen,

222 1788 494 1859 προσείποι
526 1784 773 1856 δικαίως,
805 1787 843 1857 ἢ
873 1794 1021 1865 σφῶς
1056 1788 1231 1843 αὐτῶν
1261 1790 1335 1853 ὡς
1364 1788 1587 1860 άληθῶς
1620 1788 1851 1864 ἐχθροὺς

1964 1795 2009 1851 si
2040 1795 2142 1867 qui
2172 1796 2254 1851 ita
2297 1796 2496 1852 miseri
2552 1797 2873 1868 perditiqne
2931 1778 3090 1863 sunt,
3125 1798 3280 1866 quod
3331 1797 3605 1869 equidem

1340 1879 1429 1933 καὶ
1480 1879 1563 1934 ὅτι
1617 1900 1708 1951 μοι
1761 1876 1851 1933 δο-

224 1969 380 2021 κοῦσιν
411 1965 471 2021 οῗ
502 1987 516 1999 ·
548 1988 612 2042 γε
641 1971 883 2023 τοιοῦτοι
917 1967 1150 2041 μηδενὸς
1193 1973 1305 2024 τῶν
1344 1968 1654 2025 καλλίστων
1704 1968 1852 2047 ἔχειν

228 2052 396 2127 ἔρωτα,
454 2054 591 2129 μηδ’
638 2055 942 2129 ἐπιθυμεῖν,
990 2055 1184 2132 ἀνδρὸς
1231 2058 1586 2132 ἀμελοῦντες,
1636 2059 1697 2113 οὗ
1746 2064 1852 2122 πᾶς

231 2145 449 2200 ὁστισοῦν
481 2142 681 2215 εὔξαιτ’
726 2143 785 2200 ἂν
822 2148 1173 2221 πεπειρᾶσθαι
1209 2167 1221 2180 ο
1267 2149 1357 2202 καὶ
1391 2148 1450 2209 ’ὁς
1497 2145 1669 2217 ἡδίων
1702 2150 1849 2203 άπά-

236 2253 306 2303 της
343 2236 545 2305 ἑορτῆς
589 2241 707 2298 τοῖς
758 2233 987 2310 ἔχουσι;
1021 2236 1096 2291 Συ
1141 2240 1268 2310 γοῦν
1318 2240 1397 2308 τῷ
1444 2241 1554 2291 τῶν
1594 2234 1847 2309 ἐπῳδῶν,

238 2323 289 2383 έθς
314 2322 465 2401 ἔτην,
520 2324 787 2397 ποικίλῳ,
816 2326 907 2380 καὶ
960 2348 1034 2400 μῃ
1073 2347 1165 2398 μοι
1218 2325 1407 2400 μέμψή
1446 2327 1514 2381 τά
1560 2330 1721 2382 πᾶσιν
1760 2321 1846 2381 ἔκ.

238 2406 346 2480 δηλα
369 2413 623 2488 λέγοντι,
645 2412 905 2475 πλείστας
940 2416 1033 2486 μὲν
1067 2415 1278 2485 πόλεις,
1308 2416 1407 2470 οὐκ
1439 2415 1605 2492 ὀλίγα
1634 2414 1690 2471 δὲ
1721 2414 1843 2487 ἔθνη

244 2501 520 2575 συνεδησας,
553 2503 648 2558 καὶ
700 2501 982 2564 πολιτείας
1028 2505 1118 2559 καὶ
1167 2502 1401 2577 δήμους,
1446 2506 1534 2560 καὶ
1575 2505 1848 2568 συνοικίας

246 2589 534 2663 ἆγριῦλους,
579 2592 669 2646 καὶ
729 2591 855 2654 τοὺς
912 2591 1095 2663 ὁπηδὴ
1152 2601 1251 2662 τῆς
1309 2594 1581 2670 ἡμετέρας
1639 2595 1850 2670 ἀνθρώ-

240 2698 379 2741 acor
408 2683 482 2737 οὐ
535 2683 641 2757 γὰρ
674 2682 749 2735 ὧν
796 2680 984 2755 ἦρξας,
1016 2682 1078 2736 ού
1123 2682 1347 2745 τούτους
1395 2681 1719 2757 ἐγοήτευσας
1753 2685 1850 2757 μό-

232 2788 326 2829 νοκ
352 2792 362 2803 ·
390 2773 480 2832 ὡς
538 2771 619 2843 μὴ
653 2770 740 2839 ἂν,
785 2768 877 2824 ’ένα
921 2768 1127 2842 μηδένα
1171 2776 1280 2827 τῶν
1306 2774 1522 2827 πάντων
1580 2778 1681 2850 φοῦ
1712 2776 1848 2849 πρό-

222 2878 342 2932 τερον
369 2862 646 2929 τίθεσθαι,
683 2857 824 2932 μηδέ
860 2864 966 2913 τῶν
1016 2859 1192 2935 βελῶν
1222 2860 1433 2916 ἐκείνων
1488 2863 1848 2935 ἀμνημονεῖν,

217 2949 284 3007 οἷς
318 2950 526 3010 αὐτοὺς
576 2944 817 3022 ἔτρωσας
853 2967 867 2979 ·
916 2951 1100 3004 ποθεῖν
1146 2947 1205 3005 δὲ
1250 2952 1339 3005 καὶ
1383 2951 1560 3020 αὖθις,
1611 2956 1729 3012 πῶς
1786 2952 1846 3006 ἃν

209 3036 358 3101 εἴποις
389 3039 642 3095 τουτωνὶ
691 3040 1049 3112 πεπειρᾶσθαι
1100 3038 1532 3113 συνευχομένους
1582 3040 1687 3111 ἀεὶ,
1721 3039 1846 3096 ἀλλ’

222 1877 295 1928 iui
320 1880 418 1931 τοῦ
472 1874 890 1941 λυσιτελοῦντος
938 1879 1239 1953 βασκάνους
1275 1898 1287 1911 ’

1965 1899 2168 1957 parum
2201 1884 2348 1941 mihi
2367 1886 2431 1941 fit
2461 1886 2778 1958 probabile,
2804 1902 2919 1957 quo
2949 1886 3055 1943 hos
3077 1886 3255 1958 digno
3292 1887 3604 1957 quisquam

1962 1973 2208 2045 appellet
2239 1973 2493 2042 nomine,
2517 1991 2695 2044 quam
2727 1975 3065 2031 verissimae
3095 1976 3187 2031 sui
3217 1976 3476 2047 ipsorum
3501 1975 3604 2031 ho-

1963 2062 2123 2124 steis,
2157 2063 2599 2135 commodisque
2639 2064 2887 2137 publicis
2918 2069 3252 2131 mmrentes,
3275 2063 3602 2135 cujusmodi

1962 2166 2104 2207 sane
2132 2150 2399 2207 homines
2429 2151 2649 2208 nullius
2673 2151 3199 2224 pulcherrimarum
3229 2168 3423 2209 rerum
3453 2151 3605 2209 desi-

1962 2238 2123 2296 derio
2152 2256 2218 2296 ac
2247 2241 2559 2310 cupiditate
2588 2241 2747 2312 tangi
2779 2241 2924 2297 mihi
2971 2241 3259 2310 videntur,
3304 2242 3599 2313 siquidem

1960 2326 2123 2384 illum
2156 2328 2461 2401 negligunt
2488 2330 2698 2398 virum,
2739 2331 2903 2403 cujus
2950 2332 3353 2403 ususquisque
3392 2331 3597 2386 merito

1962 2418 2074 2473 sibi
2104 2419 2459 2490 exoptaverit
2488 2418 2777 2486 notitiam,
2810 2421 2980 2492 quive
3008 2421 3200 2493 ipsum
3251 2420 3596 2477 familiarem

1960 2506 2308 2565 habentibus
2338 2508 2482 2564 festo
2513 2510 2718 2579 quovis
2749 2509 2844 2565 die
2872 2510 3096 2567 dulcior
3116 2511 3251 2568 est?
3280 2510 3365 2566 Tu
3398 2511 3597 2585 itaque

1958 2598 2135 2654 variis
2165 2597 2316 2667 istis,
2337 2612 2469 2669 qua
2497 2598 2780 2667 diximus,
2804 2598 3253 2658 incantamentis
3269 2600 3385 2657 tuis
3405 2605 3598 2672 (atque

1960 2703 2033 2743 ne
2062 2686 2208 2743 mihi
2239 2687 2547 2744 manifesta
2574 2688 2848 2745 omnibus
2878 2690 3205 2762 usurpanti,
3233 2705 3449 2762 quaso,
3471 2706 3601 2746 suc-

1960 2779 2237 2846 censeas),
2289 2792 2420 2834 cum
2471 2778 2644 2834 urbes
2692 2777 3000 2858 plurimas,
3045 2786 3172 2835 tum
3213 2795 3329 2837 non
3383 2795 3602 2852 paucas

1959 2866 2227 2922 nationes
2259 2866 2363 2922 tibi
2405 2866 2714 2923 devinxieti
2769 2868 3215 2941 colligastique:
3249 2873 3305 2925 et
3332 2874 3607 2941 prater-ca

1959 2955 2346 3027 respublicas,
2372 2961 2430 3011 et
2450 2956 2716 3028 populos,
2746 2961 2803 3014 et
2832 2973 3012 3030 pagos
3044 2957 3318 3025 rusticos,
3352 2962 3409 3014 et
3436 2963 3607 3030 quot-

1962 3050 2107 3117 quot
2135 3060 2485 3117 quacunque
2516 3045 2677 3102 orbis
2709 3047 2898 3103 nostri
2928 3051 3092 3121 parte
3129 3056 3435 3105 versantur
3490 3052 3604 3105 ho-

207 3126 467 3218 ὀσημέραι
527 3134 632 3218 τῆς
706 3133 804 3196 σῆς
863 3130 1082 3218 ιριιςμης⁸
1126 3128 1460 3203 ἑκασταχόσε
1528 3130 1847 3218 χωρούσης,

1965 3134 2172 3190 mines.
2207 3133 2403 3206 Neque
2432 3135 2540 3192 bos
2570 3135 2729 3191 enim
2759 3135 2934 3203 solos,
2968 3139 3118 3209 apud
3159 3153 3304 3211 quos
3334 3153 3468 3194 cum
3502 3138 3611 3195 im-

204 3216 427 3291 καθάπερ
469 3216 648 3271 πάλαι
695 3223 795 3285 τῆς
844 3215 1197 3289 Ἀλεξάνδρου
1245 3222 1342 3272 τοῦ
1392 3220 1487 3271 σοῦ
1536 3216 1722 3293 φίλου,
1774 3220 1850 3280 ὡς

203 3303 310 3375 εἷης
356 3312 493 3366 τοῖς
543 3306 879 3382 ἀρχομένοις
931 3306 1340 3383 φιλάνθρωπος,
1390 3306 1480 3360 καὶ
1538 3308 1614 3371 ὡς
1666 3306 1850 3363 Ἰλλυ-

201 3395 339 3465 ριοὺς
389 3397 502 3469 μὲν
554 3396 925 3470 κατεστρὲψω.
958 3391 1290 3468 Τριϐαλλοῖς
1340 3393 1398 3451 δὲ
1450 3391 1617 3473 φόϐον
1668 3395 1853 3467 ἐνέθη-

198 3504 283 3545 ita:
316 3505 327 3517 '
376 3485 637 3547 καὶτοῖς
680 3489 901 3559 Περσῶν
951 3482 1143 3559 α’ίμασι
1193 3485 1466 3543 πολλάκις
1510 3481 1716 3559 ἓϐαψας
1747 3490 1847 3557 τήν

197 3577 417 3649 αἰχμήν,
460 3578 579 3628 τῶν
613 3572 664 3628 ἐν
696 3574 853 3648 χερσὶ
894 3574 1167 3629 πεσόντων
1210 3571 1421 3637 εῦδενὸς
1461 3574 1621 3648 οἶμαι
1652 3573 1851 3653 διαφυ.

193 3665 396 3738 γόντος,
434 3660 637 3737 ὥσπερ
686 3684 771 3727 τις
826 3665 1064 3735 σκηπτὸς
1113 3667 1360 3719 ἀπαντῶν
1416 3669 1533 3726 τοῖς
1588 3665 1843 3720 ἀνθιστα-

200 3752 392 3823 μένοις.

1964 3224 2123 3295 peric
2172 3224 2387 3292 fueras,
2439 3226 2498 3280 in
2547 3229 2776 3282 tantum
2828 3226 3161 3295 incantasti,
3198 3232 3264 3284 ut
3310 3228 3606 3285 neminem

1961 3329 2143 3370 unum
2185 3313 2519 3370 mortalium
2574 3315 2678 3371 tibi
2729 3319 3106 3387 anteponant,
3149 3333 3336 3389 neque
3378 3317 3615 3390 sagitta-

1961 3417 2092 3458 rum
2139 3401 2373 3459 illarum
2426 3420 2632 3462 exuere
2705 3412 2918 3476 queant
2976 3407 3340 3476 memoriam,
3391 3406 3611 3480 quibus

1958 3491 2123 3560 ipsos
2166 3494 2672 3561 consauciaveras,
2738 3495 2835 3550 sed
2896 3495 3247 3563 desiderent,
3301 3496 3611 3567 denuoque

1960 3595 2165 3636 rursus
2194 3582 2430 3638 easdem
2460 3583 2705 3652 experiri
2752 3582 3152 3641 incredibilem
3185 3584 3245 3640 in
3290 3585 3533 3641 modum
3559 3590 3616 3640 et

1962 3672 2237 3740 perpetuo
2267 3674 2556 3740 exoptent,
2589 3687 2789 3728 verum
2821 3673 2981 3729 etiam
3024 3672 3287 3745 quotidie
3339 3679 3614 3730 manante

1965 3773 2201 3829 quoquo
2226 3775 2458 3815 versum
2488 3759 2746 3816 nominis
2793 3762 2880 3817 tui
2929 3762 3105 3829 fama,
3140 3766 3202 3819 ut
3251 3763 3392 3819 olim
3438 3763 3612 3818 fami-

192 3842 345 3902 liaris
389 3843 574 3901 illius
630 3844 718 3900 tui
772 3844 1099 3914 Alexandri,
1132 3862 1309 3917 quam
1364 3850 1428 3901 tu
1478 3845 1633 3902 mitis
1690 3850 1746 3902 et
1806 3846 2065 3904 clemens
2118 3850 2177 3903 in
2234 3849 2409 3905 civeis
2466 3854 2598 3906 tuos
2656 3851 2756 3921 eis,
2816 3857 2881 3907 ut
2932 3852 3157 3925 Illyrios
3213 3852 3509 3923 averteris,
3552 3857 3618 3908 ut

196 3934 471 3995 Triballis
532 3942 812 3993 terrorem
859 3936 1148 4009 injeceris,
1202 3941 1267 3993 ut
1314 3937 1547 3993 hastam
1607 3945 1767 3993 tuam
1824 3953 2245 4009 sapenumero.
2299 3939 2609 3997 Persarum
2664 3945 2945 4014 sanguine
2991 3943 3306 4000 imbueris:
3361 3944 3615 4013 nemine,

198 4034 256 4083 ut
290 4029 534 4101 opinor,
570 4026 675 4097 qui
714 4024 777 4081 in
812 4030 943 4083 tuas
992 4026 1169 4083 semel
1220 4025 1518 4083 incidisset
1575 4041 1803 4098 manus,
1851 4026 2071 4100 elapso.
2120 4028 2209 4085 Ita
2258 4033 2318 4086 tu
2357 4030 2661 4100 nimirum,
2694 4031 2958 4089 fulminis
3000 4032 3060 4089 in
3106 4049 3349 4102 morem,
3383 4033 3615 4091 obviam

198 4114 677 4191 repugnantibus
714 4115 928 4173 itabas.

262 4257 335 4311 A'.
366 4255 619 4308 Τοιαῦτα
656 4252 872 4307 πάντων
921 4251 1011 4306 καὶ
1055 4248 1134 4307 ἔτι
1183 4251 1360 4307 πλείω
1411 4250 1497 4306 καὶ
1554 4254 1712 4325 κοινῇ
1763 4251 1850 4305 καὶ

2036 4256 2129 4312 IV.
2183 4259 2425 4324 Quando
2470 4258 2657 4332 igitur
2701 4259 3041 4331 hujusmodi
3090 4262 3376 4334 quaedam,
3412 4267 3471 4318 et
3519 4264 3614 4319 bis

196 4345 307 4398 κατ’
359 4340 541 4417 ἄνδρα
592 4340 683 4395 καὶ
726 4341 863 4395 κατὰ
909 4340 1139 4419 φατρίας
1189 4338 1451 4413 ᾀδόντων,
1502 4339 1851 4413 ἐπιθυμοῦσιν

1966 4345 2155 4402 adhuc
2184 4348 2373 4419 plura,
2406 4352 2461 4404 et
2489 4350 2898 4418 communiter,
2937 4360 2991 4406 et
3033 4351 3276 4420 viritim,
3319 4360 3374 4408 et
3422 4351 3612 4408 tribu-

197 4436 247 4487 αἱ
267 4434 467 4494 πόλεις
506 4437 614 4499 τῆς
649 4437 749 4501 σῆς
782 4432 1132 4507 στρατηγίας,
1155 4436 1243 4486 καὶ
1275 4438 1374 4500 τῆς
1404 4431 1525 4506 περῖ
1557 4430 1652 4493 τὰς
1680 4430 1851 4505 ἀρχὰς

1967 4433 2098 4502 tim,
2129 4436 2201 4490 ab
2228 4437 2503 4492 omnibus
2532 4437 2960 4507 collaudantur,
2993 4439 3131 4496 inde
3159 4439 3243 4508 ﬁt,
3277 4446 3342 4497 ut
3365 4448 3464 4497 tua
3492 4442 3613 4497 im-

198 4521 538 4596 ὲπιστήμης,
565 4518 740 4583 οὕτως
770 4518 994 4593 ἄμεινον
1037 4520 1234 4590 ἑκάστη
1276 4519 1491 4594 πράξειν
1532 4518 1851 4574 πιστεύουσα

1966 4521 2319 4593 peria,tuam
2355 4526 2794 4597 magistratuum
2826 4526 3308 4597 peritiam,urbes
3321 4533 3621 4602 expetant,

202 4617 290 4667 σοῦ
321 4607 619 4687 λαχόντος
666 4610 855 4685 ἄρχειν
897 4609 1087 4680 αὐτῆς.
1121 4614 1185 4666 Ἦ
1236 4608 1294 4664 δὲ
1341 4610 1553 4665 τούτων
1602 4607 1851 4683 ἐπιθυμία

1968 4610 2050 4668 ita
2078 4610 2345 4669 videlicet
2368 4596 2582 4670 melius
2612 4596 2862 4686 qumque
2901 4632 3099 4672 secum
3122 4625 3312 4675 actum
3344 4596 3417 4673 iri
3467 4596 3613 4685 rata,

201 4701 355 4763 αὑτάς
415 4724 480 4756 τε
540 4698 743 4763 ταύτας
798 4700 883 4754 καί
944 4701 993 4754 σ⁹
1051 4701 1194 4773 ὁμοῦ
1247 4700 1337 4755 καὶ
1403 4699 1496 4754 τὸν
1559 4703 1861 4773 κρατοῦντα

199 4796 469 4865 σεμνύνει.
540 4788 714 4863 Ε’ίπερ
796 4788 997 4852 ἐκεῖνος
1068 4791 1162 4862 μὶν
1234 4788 1363 4851 τοὺς
1421 4789 1672 4864 ἀρίστους
1734 4787 1857 4863 περὶ

197 4879 451 4944 πλείονος
488 4878 611 4955 ἄγει
643 4883 822 4951 τιμῶν
855 4879 943 4933 καὶ
976 4880 1294 4952 θαυμάζων,
1326 4878 1388 4932 σὺ
1429 4876 1485 4932 δὲ
1517 4876 1633 4948 ε⁹ίης
1672 4880 1859 4933 τοιοῦ-

198 4989 285 5033 τος
314 4989 328 5001 ·
362 4972 421 5026 αἱ
466 4966 519 5023 δ’
552 4967 658 5044 ἄρα
687 4966 881 5029 πόλεις
914 4967 1018 5023 ὑπὸ
1049 4971 1146 5023 σοῦ
1175 4969 1496 5040 κοσμεῖσθαι
1530 4964 1816 5042 βούλονται
1842 4986 1855 4999 ·

203 5057 419 5130 μᾶλλον
454 5055 519 5113 δὲ
550 5053 705 5130 ε’ίπερ
733 5057 890 5110 αὗται
926 5057 1022 5131 μὲν
1051 5061 1149 5111 τοῦ
1179 5054 1595 5117 λυσιτελοῦντος
1645 5055 1807 5128 ἐρῶσι
1841 5072 1854 5086 ·

199 5148 257 5200 σὺ
289 5144 347 5203 δὶ
388 5150 564 5203 τοῦτο
611 5146 875 5219 παρέχεις
911 5164 923 5175 ·
980 5147 1008 5200 ὁ
1039 5142 1095 5200 δὲ
1140 5143 1328 5220 ἄρχων
1380 5144 1465 5199 σοὶ
1512 5144 1578 5198 τὰ
1631 5142 1857 5218 μέγιστα

198 5243 404 5310 χρῆται
441 5257 455 5269 ’
497 5234 611 5311 οὐχ
658 5234 741 5291 ὅτι
777 5235 925 5308 μάλα
973 5235 1109 5290 κατὰ
1135 5236 1291 5312 γὲοος
1332 5235 1481 5307 αύτῷ
1509 5235 1807 5308 προσήκεις
1840 5249 1855 5264 ·

200 5323 313 5381 οὐδ’
345 5325 549 5399 ὅτιπερ
583 5323 659 5379 ὢν
688 5325 977 5400 τυγχάνεις
1007 5321 1335 5401 ἀδελφιδοῦς
1366 5341 1380 5354 ’
1430 5328 1548 5385 πῶς
1598 5322 1697 5398 γὰρ
1741 5320 1858 5375 ἑτέ-

202 5436 305 5488 ρων
368 5413 552 5471 ὄντων
600 5413 699 5469 οὒκ
749 5413 949 5488 ὀλίγων
996 5413 1164 5486 αύτῷ.
1221 5413 1312 5477 οὓς
1355 5411 1611 5469 πλεῖστον
1662 5410 1858 5486 ἀπέχει

202 5506 309 5556 τῶν
332 5501 483 5557 ’ἰσων
530 5502 615 5556 σοί
646 5503 699 5577 γ’
737 5502 915 5572 ἀξιοῦν
942 5523 954 5536 ο
1004 5501 1131 5558 ἀλλ’
1165 5501 1358 5574 ἀρετῆς
1410 5498 1591 5557 ε’ίνεκα
1637 5499 1727 5555 καὶ
1758 5504 1856 5568 τῆς

206 5591 258 5646 ἐν
313 5598 435 5654 τοῖς
490 5589 815 5653 καλλίστοις
865 5590 1177 5662 πλεονεξίας
1228 5596 1430 5665 τιμῶν,
1473 5589 1656 5664 ὥσπερ
1713 5588 1857 5643 εἰκὸς

206 5677 497 5758 εὐδοκιμεῖ
555 5685 622 5757 τῇ
680 5681 876 5759 κρίσει,
935 5680 1116 5758 ὥσπερ
1183 5678 1585 5755 ἐνδεικνύμενος
1643 5675 1856 5749 ἅπασιν,

1967 4701 2018 4755 si
2050 4704 2115 4756 tu
2137 4702 2539 4772 praefecturam
2591 4703 2776 4775 ipsius
2824 4705 3066 4762 sortitus
3106 4706 3299 4762 fueris.
3333 4708 3468 4774 Qua
3520 4723 3612 4762 ur-

1968 4788 2132 4845 bium
2163 4789 2474 4859 desideria,
2505 4796 2564 4848 et
2591 4791 2728 4849 illas
2750 4793 2930 4865 ipsas,
2953 4801 3013 4851 et
3043 4804 3095 4851 te
3126 4812 3244 4851 una
3262 4810 3397 4852 cum
3427 4794 3606 4866 impe-

1967 4884 2177 4948 ratore,
2228 4880 2399 4954 plane
2440 4886 2854 4941 commendant
2901 4887 3384 4959 Quandoquidem
3434 4887 3619 4959 impe-

1968 4973 2126 5026 rator
2164 4970 2414 5027 maximo
2464 4974 2985 5044 prmstantissimos
3035 4990 3300 5047 quosque
3340 4974 3499 5039 viros
3549 4976 3612 5033 in

1968 5057 2151 5129 pretio
2204 5058 2395 5129 habet,
2449 5076 2597 5132 quos
2648 5061 2916 5118 videlicet
2958 5062 3276 5120 honoribus
3322 5068 3381 5120 et
3426 5062 3609 5135 gloria

1968 5147 2252 5214 cumulat,
2283 5148 2356 5205 de
2385 5165 2498 5221 quo
2528 5165 2737 5219 genere
2766 5155 2830 5207 tu
2860 5166 2963 5221 es;
2994 5151 3099 5208 abs
3142 5156 3198 5208 te
3241 5168 3371 5210 vero
3417 5154 3614 5210 ornari

1969 5235 2207 5308 regique
2244 5236 2419 5293 urbes
2439 5238 2755 5308 postulant,
2773 5239 2891 5295 sive
2912 5241 3422 5313 potius,quoniam
3444 5258 3607 5300 com-

1970 5323 2145 5383 moda
2179 5342 2286 5382 sua
2315 5328 2489 5383 urbes
2522 5337 2755 5384 amant:
2788 5343 2919 5398 quae
2965 5332 3028 5384 tu
3073 5328 3218 5401 ipsis
3263 5336 3520 5404 prastss,
3556 5338 3617 5389 ut

1969 5421 2091 5482 tua,
2144 5415 2483 5488 imperator,
2528 5416 2793 5472 maximis
2834 5417 2889 5473 in
2957 5418 3127 5475 rebus
3166 5436 3344 5493 Opera
3402 5423 3606 5479 utitur.

1966 5504 2146 5577 quue
2167 5522 2282 5561 non
2313 5522 2441 5561 eam
2473 5507 2545 5561 ob
2576 5522 2698 5562 rem
2730 5506 2888 5577 quod
2915 5512 3072 5564 arcta
3116 5507 3231 5581 ipsi
3265 5511 3610 5584 propinqui-

1971 5600 2084 5650 tate
2122 5597 2391 5664 junctus,
2429 5598 2528 5651 aut
2574 5594 2724 5667 quod
2776 5595 2952 5652 fratre
3026 5598 3214 5669 ipsius
3268 5600 3462 5657 editus
3509 5615 3611 5671 es;

1971 5700 2227 5756 quonam
2265 5685 2368 5741 hoc
2400 5685 2641 5757 inquam
2663 5685 2856 5757 modo,
2886 5688 3123 5759 quando
3154 5688 3237 5745 illi
3270 5687 3610 5761 huiusmodi
