4062 6308
483 405 600 464 379

1790 419 1889 478 ΤΗ
1905 419 2184 484 EODULI
2237 422 2593 483 MUNACHI

3775 418 3894 479 380

491 557 606 596 non
638 542 804 612 pauci
837 541 933 598 alii
965 548 1169 614 praesto
1202 549 1382 603 sunt?
1411 563 1557 619 quos
1585 550 1830 607 multum
1871 556 2123 625 profecto

2251 559 2310 618 ὣς
2367 554 2488 610 οὔτε
2547 555 2671 618 τοὺς
2725 554 2990 631 ἐγγύτατα
3055 556 3147 626 μὲν
3212 551 3359 622 αὐτῷ
3427 554 3734 630 πεφυκότας
3793 555 3887 606 τοῦ

486 630 676 702 abest,
703 639 762 686 ut
795 632 1029 704 paribus
1061 639 1250 690 tecum
1287 640 1621 696 mactandos
1663 647 1893 697 censeat
1947 644 2128 700 hono-

487 719 688 774 ribus:
721 721 818 777 sed
847 721 1074 779 virtutis
1101 727 1231 792 tuae,
1272 727 1649 800 pulchrisque
1680 730 1738 785 in
1772 731 1941 786 rebus
1999 750 2124 789 om-

489 808 663 864 nibus
717 810 1068 868 excellentia
1126 815 1354 884 merito,
1388 821 1443 872 te
1493 821 1797 888 extollens,
1831 823 1920 877 sui
1956 823 2130 893 hujus

482 898 692 969 judicii
738 899 939 972 gloria,
986 907 1050 958 ut
1093 921 1322 976 equum
1373 913 1484 978 est,
1535 910 1659 981 ipse
1723 912 1954 967 fruitur.
2013 913 2130 968 Hoc

488 989 643 1044 enim
675 991 829 1047 velut
859 993 1177 1064 specimine
1215 997 1404 1069 palam
1447 1000 1718 1056 omnibus
1754 1001 1890 1057 facit
1944 1017 2129 1074 neque

487 1093 616 1133 sese
656 1094 865 1150 genere
911 1081 1023 1138 sibi
1072 1085 1392 1154 proximos,
1427 1092 1485 1142 at
1547 1089 1779 1146 virtutis
1827 1091 2133 1149 destitutos

489 1168 801 1238 praeconio,
867 1170 1099 1228 virtutis
1173 1174 1494 1247 soladibus,
1556 1179 1784 1250 generis
1853 1182 2136 1238 duntaxat

485 1271 685 1328 causa,
709 1261 1125 1331 antelaturum,
1159 1281 1346 1337 neque
1377 1283 1607 1338 aequum
1626 1269 2046 1341 judicaturum,
2073 1277 2136 1328 ut

2236 647 2445 718 γένους,
2490 646 2537 714 ἐξ
2586 646 2780 717 ἀρετῆς
2832 641 2887 698 δὲ
2929 645 2992 697 οὗ
3049 638 3440 716 βεϐοημένους,
3473 645 3577 716 πρὸ
3629 647 3737 696 τῶν
3787 647 3880 709 τῆς

2237 737 2431 808 ἀρετῆς
2473 734 2700 808 έταίρων
2734 732 2821 788 διὰ
2850 732 2910 787 τὸ
2950 735 3103 808 γένος
3135 734 3414 802 ποιήσαιτ’
3456 730 3539 795 ἂν,
3591 728 3716 784 οὔτε
3753 731 3875 791 τοὺς

2243 827 2317 898 μή
2367 827 2742 898 προσήκοντας
2797 824 2890 895 μὶν
2949 825 3018 893 τῇ
3078 821 3254 894 φύσει,
3308 817 3775 879 σπουδαιοτάτους
3829 815 3883 872 δὲ

2239 911 2396 973 ὄντας
2431 910 2624 985 ἑτέρως
2655 909 2877 966 ἔλαττον
2907 903 3051 984 ἔχειν
3085 913 3192 962 τῶν
3226 910 3345 963 καθ’
3378 911 3514 980 αἷμα
3547 909 3849 984 ψηφίσαιτο
3871 927 3882 938 ο

2240 1001 2368 1056 ἀλλ’
2418 999 2598 1075 ὥσπερ
2645 999 2852 1060 ἐκεῖνος
2906 999 3131 1070 μίμημα
3189 1003 3346 1053 πᾶσιν
3407 997 3614 1072 ἀγαθοῦ
3673 998 3886 1071 πρόκει-

2241 1112 2352 1160 ται,
2385 1089 2458 1151 ὣς
2493 1087 2550 1144 Si
2577 1090 2666 1142 καὶ
2708 1087 2834 1149 τοὺς
2882 1088 3003 1160 περί
3035 1085 3200 1142 αὐτόν
3241 1082 3389 1160 ἔχειν
3443 1084 3701 1159 βούλεται
3757 1085 3886 1159 πρέ-

2244 1199 2414 1234 ποντα
2440 1178 2697 1252 πρέποντι
2731 1176 2898 1255 χορὸν
2941 1175 3220 1252 κορυφαίῳ
3255 1195 3269 1208 ·
3310 1175 3400 1229 καὶ
3438 1177 3650 1237 τούτοις
3697 1172 3888 1244 ἥδεται

2249 1266 2484 1342 μᾶλλον,
2516 1269 2550 1338 ἢ
2583 1271 2660 1338 τῷ
2701 1267 2836 1339 πρὸς
2865 1269 2933 1339 τῇ
2965 1265 3176 1339 κεφαλῇ
3214 1264 3374 1338 λίτῳ.

491 1346 587 1417 qui
623 1347 761 1420 regii
793 1352 1018 1422 generis
1067 1369 1180 1409 non
1235 1365 1388 1425 sunt,
1435 1359 1531 1413 sed
1587 1360 1792 1430 Optimi
1839 1360 2057 1432 alioqui
2113 1359 2590 1433 probissimique,
2630 1359 2915 1414 deteriore
2955 1374 3130 1429 quam
3179 1357 3538 1430 pr0pinquos
3588 1373 3718 1412 suos
3770 1373 3897 1412 esse

488 1437 634 1492 loco.
699 1439 804 1493 Sed
864 1457 996 1496 vero
1057 1448 1122 1497 ut
1180 1447 1456 1503 omnibus
1509 1449 1628 1520 ipse
1667 1450 1896 1506 virtutis
1947 1451 2020 1508 ad
2058 1450 2406 1507 imitandum
2449 1449 2779 1522 propositus
2833 1447 3129 1519 exemplar
3165 1453 3272 1518 est,
3305 1448 3384 1503 ita
3440 1446 3896 1519 ejusdemmodi,

489 1528 810 1596 proximam
845 1535 1166 1590 amicorum
1197 1538 1488 1594 cohortem
1523 1556 1647 1597 esse
1678 1541 1830 1596 vult:
1879 1542 2151 1598 decorum
2193 1541 2415 1598 scilicet
2461 1541 2668 1596 decoro
2719 1540 3018 1611 corypbao
3064 1537 3344 1594 chorum:
3400 1536 3608 1609 quibus
3665 1536 3894 1607 impen-

493 1617 617 1672 sius
649 1619 748 1674 ille
779 1621 1120 1693 delectatur,
1155 1642 1329 1698 quam
1364 1630 1624 1686 radiante
1657 1631 1980 1687 secundum
2015 1631 2282 1688 verticem
2317 1647 2570 1705 gemma.

562 1706 624 1761 V.
662 1708 912 1766 Maxima
949 1715 1143 1785 itaque
1190 1722 1247 1771 et
1288 1717 1640 1790 imperatori,
1679 1725 1736 1776 et
1785 1721 1908 1789 tibi,
1940 1724 2128 1793 gratia
2158 1725 2206 1790 B

492 1800 639 1851 esto.
668 1795 746 1851 llli
781 1798 854 1854 ob
886 1801 1158 1871 honores,
1207 1821 1354 1876 quos
1405 1808 1586 1874 dedit,
1627 1813 1684 1865 et
1725 1809 1869 1864 illud
1911 1811 1994 1865 tui
2038 1828 2137 1867 or-

497 1886 673 1939 nandi
732 1890 1019 1958 studium,
1056 1893 1157 1948 tibi
1199 1897 1459 1964 vero,ita
1501 1899 1571 1952 ad
1632 1899 1828 1954 omnia
1878 1905 2010 1970 apto
2083 1905 2140 1957 et

498 1973 706 2030 idoneo
733 1977 871 2034 viro.
922 1982 1042 2046 Quo
1091 1999 1194 2039 nos
1254 1991 1448 2040 autem
1481 1986 1667 2042 ali‘eoti
1716 1989 1886 2043 modo
1930 1989 2139 2057 simus,

501 2079 746 2134 quemve
777 2068 848 2123 de
872 2072 927 2123 te
967 2087 1270 2129 versemus
1318 2075 1601 2145 animum,
1634 2077 1694 2132 id
1737 2079 1976 2136 minime
2010 2097 2137 2136 om-

503 2154 658 2209 niam
691 2154 1112 2230 incompertum
1143 2161 1246 2218 tibi
1299 2179 1427 2220 esse
1452 2170 1744 2234 putamus.
1792 2170 1846 2224 Is
1895 2176 1950 2224 tu
1983 2170 2138 2225 enim

503 2244 742 2300 omnino
773 2261 852 2315 e,
884 2247 980 2319 qui
1011 2265 1144 2306 cum
1175 2251 1459 2308 scelerum
1499 2271 1605 2311 nos
1654 2262 1983 2314 nostrorum
2036 2259 2143 2315 im-

506 2333 781 2389 manitate
813 2336 926 2392 Deo
957 2355 1132 2410 quam
1158 2343 1406 2398 maxime
1428 2344 1667 2413 invisos,
1691 2346 2141 2403 crudelissimis-

504 2438 616 2493 que
649 2424 912 2482 barbaris
944 2427 1114 2498 plane
1142 2432 1389 2499 deditos,
1413 2438 1469 2487 et
1488 2435 1733 2505 jamjam
1757 2435 1961 2492 ultimo
1984 2437 2140 2493 haud

503 2514 677 2571 dubie
747 2518 1203 2588 propinquantes
1253 2522 1450 2592 exitio,
1496 2525 1846 2596 accepisses,
1900 2527 2141 2582 minime

505 2605 692 2675 perire
720 2607 970 2676 sinebas,
1001 2611 1316 2667 exercitum
1355 2613 1630 2669 nimirum
1682 2615 1953 2683 ductans,
1985 2632 2144 2672 coma

503 2695 914 2764 monefaoiens,
948 2698 1192 2755 consilia
1242 2702 1720 2772 subministrans,
1755 2706 1992 2761 meliora
2023 2722 2143 2762 om-

501 2781 598 2838 nia
629 2783 893 2855 molien,
945 2788 1278 2860 urgentium
1320 2791 1607 2847 malorum
1664 2791 1938 2864 eil‘ugium
1982 2810 2141 2864 repe-

500 2871 677 2940 rieus,
709 2874 914 2946 exigua
960 2876 1213 2932 militum
1257 2894 1456 2947 manu,
1488 2889 1540 2936 et
1584 2880 1693 2936 hac
1734 2883 2140 2954 tremebunda,

501 2977 634 3017 cum
650 2962 1058 3020 innumerabili
1076 2966 1329 3023 hostium
1349 2968 1723 3026 multitudine
1737 2973 1947 3043 saepius
1973 2973 2142 3044 signa

500 3053 827 3122 conferens,
859 3071 924 3109 ex
964 3069 1144 3126 eoque
1188 3058 1622 3128 conjiciendum
1673 3061 1947 3116 omnibus
1998 3079 2133 3133 pras-

501 3141 667 3206 bens,
701 3141 820 3198 fore
861 3147 923 3198 ut
956 3143 1110 3200 brevi
1142 3144 1260 3202 Deo
1291 3147 1600 3216 adnuente,
1635 3165 1754 3205 rem
1801 3166 2034 3207 omnem
2063 3153 2133 3206 ad

501 3231 812 3300 optabilem
878 3233 1094 3290 exitum
1166 3236 1585 3306 praduoturus,
1633 3238 1932 3312 malosque
1991 3239 2138 3296 male

502 3319 840 3375 concisurus
873 3321 972 3391 sis,
1004 3325 1493 3394 quemadmodum
1548 3330 1844 3399 quondam
1889 3330 1957 3384 ad
2011 3330 2136 3386 Pla.

503 3415 638 3465 tatas
688 3412 1000 3468 Pausanias
1053 3411 1519 3472 Lacedaemonius
1578 3418 1892 3488 pedestreis
1934 3419 2138 3475 Xerxis

499 3500 720 3570 copias,
750 3504 919 3570 atque
947 3505 1116 3556 antea
1153 3501 1407 3559 navaleis
1448 3506 1599 3572 apud
1644 3505 1942 3564 Salamina
1989 3507 2136 3564 The-

499 3589 826 3657 mistocles;
879 3606 1113 3664 nempe,
1163 3591 1416 3650 Slrusnte
1489 3595 1700 3666 quidvis
1761 3597 1913 3665 efﬁci
1973 3601 2140 3668 potest

500 3682 627 3744 Deo,
659 3697 725 3736 ex
757 3685 881 3749 tua,
921 3681 1258 3752 Sophocles,
1309 3686 1593 3741 sententia
1639 3683 1875 3758 (Αἴαντι,
1915 3687 2029 3759 86).
2069 3686 2142 3743 Ut

501 3771 594 3827 his
625 3771 820 3840 itaque
853 3773 1116 3842 quotidie
1147 3774 1296 3828 inter
1327 3779 1900 3834 commemorandum
1933 3779 2142 3834 eximie

498 3859 782 3927 laetamur,
807 3862 890 3917 ita
919 3867 1125 3917 caetera
1153 3864 1302 3920 votis
1341 3866 1681 3922 ardentibus
1711 3885 1744 3922 a
1773 3867 2004 3938 cupidis
2054 3868 2140 3922 fas

501 3951 709 4021 optari,
741 3950 952 4007 scilicet
991 3956 1057 4006 ut
1077 3951 1194 4008 alta
1226 3953 1433 4008 iterum
1470 3955 1580 4010 frui
1625 3972 1780 4026 pace,
1821 3957 1878 4010 in
1911 3956 2142 4026 otioque

502 4039 788 4094 maximas
818 4038 1022 4097 laudes
1053 4045 1183 4096 tuas
1219 4058 1498 4112 usurpare
1518 4043 1686 4099 nobis
1713 4045 2003 4116 integrum
2028 4045 2102 4100 sit
2127 4063 2140 4100 :

2308 1721 2531 1792 Ἐκείνῳ
2593 1720 2685 1792 μὲν
2733 1717 2824 1773 οὖν
2876 1717 2964 1772 καὶ
3016 1717 3098 1772 σοὶ
3146 1715 3371 1788 πλείστη
3426 1717 3586 1791 χάρις
3643 1714 3702 1768 ἂν
3754 1711 3837 1783 ε’ίη
3881 1733 3896 1746 ο

2251 1815 2330 1882 τῷ
2363 1811 2457 1882 μὶν
2489 1814 2583 1863 τοῦ
2614 1809 2750 1863 κατὰ
2798 1808 2854 1863 σὶ
2905 1802 3392 1882 συγκεχωρηκότος
3431 1807 3518 1860 καὶ
3573 1811 3672 1874 τῆς
3724 1823 3900 1858 σπου-

2252 1897 2370 1968 δῆς,
2406 1901 2488 1954 σοὶ
2523 1896 2568 1953 δ’
2618 1895 3063 1968 ἐπιτηδειότητος
3090 1903 3189 1966 τῆς
3241 1895 3292 1960 ές
3325 1896 3533 1950 ἅπαντα
3567 1913 3580 1928 °
3631 1896 3792 1966 ἡμεῖς
3835 1889 3901 1946 δὲ

2252 1989 2400 2051 ὅπως
2433 1987 2634 2064 ἔχομεν
2678 1989 2904 2064 γνώμης
2941 2007 2952 2020 ·
3006 1988 3092 2042 καὶ
3123 1986 3244 2042 τίνα
3272 1990 3399 2041 νοῦν
3446 1986 3570 2060 περὶ
3620 1987 3715 2039 σοῦ
3747 1982 3905 2057 στρέ-

2252 2101 2446 2158 φομεν,
2509 2079 2749 2153 μάλιστα
2805 2079 3042 2144 πάντων,
3102 2077 3257 2150 οἶμαι
3318 2078 3374 2131 σε
3427 2075 3759 2151 γινώσκειν
3831 2074 3900 2128 σὺ

2251 2171 2350 2246 γὰρ
2408 2167 2697 2240 δήπουθεν,
2754 2169 2780 2223 ὁ
2855 2173 2935 2240 τῷ
2995 2168 3326 2241 μεμισῆσθαι
3405 2164 3671 2240 κατάκρας
3748 2166 3902 2240 παρὰ

2253 2262 2384 2313 Θεοῦ
2433 2254 2521 2311 διὰ
2565 2258 2753 2318 κακίας
2807 2251 3138 2328 ὑπερϐολὴν,
3188 2250 3483 2332 βαρϐάροις
3535 2256 3682 2327 ἡμᾶς
3736 2253 3905 2324 ὠμο-

2254 2347 2434 2407 τάτοις
2469 2343 2852 2417 ἐκδεδομένους
2881 2338 3238 2417 παραλαϐὼν,
3271 2343 3359 2397 καὶ
3413 2339 3715 2415 μέλλοντας
3769 2339 3906 2411 ἐξώο

2256 2436 2366 2498 λεις
2399 2437 2472 2498 ὡς
2523 2435 2746 2505 ἀληθῶς
2790 2433 3131 2503 ἀπολεῖσθαι,
3167 2434 3266 2487 οὐκ
3311 2431 3465 2494 ἐάσας
3523 2429 3907 2499 ἀπολωλέναι,

2255 2530 2595 2600 στρατηγῶν,
2659 2527 2924 2579 νουθετῶν
3003 2517 3418 2596 συμὸουλεύων,
3497 2521 3906 2598 μηχανώμενος

2251 2617 2316 2670 τὰ
2380 2613 2606 2690 βελτίω,
2668 2612 2996 2690 ἀπαλλαγὴν
3052 2618 3159 2666 τῶν
3225 2609 3544 2665 λυπούντων
3603 2609 3906 2683 εὑρίσκων,

2254 2704 2463 2777 ὀλίγοις
2493 2704 2602 2758 τισὶ
2653 2705 3031 2778 στρατιώταις,
3065 2701 3152 2755 καὶ
3201 2700 3418 2763 τούτοις
3463 2697 3724 2774 τρέμουσι
3760 2702 3900 2773 πρὸς

2253 2794 2486 2868 ἀριθμοῦ
2553 2797 2794 2866 κρεῖττον
2853 2789 3004 2852 ἔθνος
3063 2788 3333 2851 πολλάκις
3394 2788 3907 2862 παραταττόμενος.

2254 2880 2443 2944 Διδοῦς
2478 2883 2711 2936 ἐντεῦθεν
2760 2882 2953 2934 ἅπασιν
2988 2879 3208 2950 ἐννοεῖν,
3245 2880 3318 2941 ὡς
3374 2879 3490 2952 μετ’
3540 2877 3732 2952 ὀλίγον
3767 2883 3904 2932 Θεοῦ

2251 2971 2556 3030 νενευκότος
2589 2970 2677 3023 καὶ
2725 2969 2787 3024 τὸ
2832 2973 2932 3022 πᾶν
2985 2967 3264 3042 ἐξεργάσῃ,
3299 2967 3385 3020 καὶ
3439 2967 3764 3039 κατακόψεις
3813 2988 3901 3020 κα-

2250 3060 2377 3121 κοὺς
2427 3064 2629 3124 κακῶς,
2672 3059 2908 3133 καθάπερ
2969 3057 3100 3111 ποτε
3157 3055 3488 3111 Πλαταιᾶσιν
3549 3056 3575 3108 ὁ
3629 3051 3889 3108 Λακεδαι-

2254 3147 2438 3221 μόνιος
2486 3149 2788 3209 Παύσανίας
2849 3145 2906 3200 τό
2967 3145 3173 3218 Ξέρξου
3233 3145 3418 3214 πεζὸν,
3483 3142 3574 3198 καὶ
3628 3149 3885 3216 Θεμιστο-

2246 3236 2387 3306 κλῆς
2420 3237 2646 3312 πρόσθεν
2680 3237 2733 3290 έν
2767 3235 3036 3308 Σαλαμῖνι
3067 3235 3128 3290 τὸ
3155 3233 3404 3289 ναυτικόν
3439 3253 3450 3264 ·
3484 3233 3591 3288 καὶ
3625 3234 3888 3308 γένοιτο

2251 3327 2364 3398 μέν
2401 3329 2448 3382 τ’
2490 3327 2558 3382 ἂν
2597 3333 2716 3381 πᾶν
2750 3320 2908 3402 ἔφης,
2941 3323 2984 3378 ὦ
3012 3323 3331 3404 Σοφόκλεις,
3375 3327 3534 3378 Θεοῦ
3571 3322 3895 3398 τεχνομέ-

2249 3439 2385 3487 νου,
2420 3417 2562 3472 οὕτω
2591 3422 2707 3477 τοῖς
2743 3417 2837 3489 μὶν
2875 3413 3083 3492 σφόδρα
3134 3417 3401 3490 χαίρομεν
3436 3413 3700 3490 ὁσημέραι
3755 3411 3897 3483 διεξ-

2253 3508 2423 3568 ιόντες
2459 3526 2470 3538 ·
2504 3508 2570 3561 τὰ
2601 3504 2647 3560 δ’
2697 3502 3051 3580 ἐπαγγέλλειν
3095 3501 3267 3558 ἔνεστι
3317 3503 3595 3578 λαμπραῖς
3646 3507 3765 3565 ταῖς
3807 3503 3898 3557 εὐ-

2250 3602 2379 3670 χαῖς
2431 3595 2844 3668 ἐπιθυμοῦντας,
2895 3593 3117 3667 είρήτης
3168 3591 3594 3648 ἀπολελαυκέναι
3651 3593 3900 3667 βαθείας,

2251 3686 2341 3740 καὶ
2409 3684 2541 3758 μετὰ
2591 3682 2804 3759 σχολῆς
2853 3677 3026 3760 ἔχειν,
3075 3687 3190 3742 τοῖς
3249 3681 3382 3737 κατᾶ
3440 3686 3533 3737 σοῦ
3587 3683 3898 3759 κεχρῆσθαι

2255 3780 2492 3842 παιᾶσιν,
2536 3775 2609 3827 ὧν
2675 3772 2796 3827 οὕτε
2845 3771 3088 3842 πλείους,
3139 3769 3261 3826 οὔτε
3321 3771 3562 3845 μείζους,
3612 3768 3740 3825 οὔτε
3783 3775 3908 3840 νῦν,

2255 3860 2381 3918 οὔτε
2428 3863 2655 3937 πρόσθεν
2718 3862 2876 3924 αὐτὸς
2947 3859 3097 3919 ἰδεῖν.
3166 3859 3228 3916 Ei
3297 3859 3353 3915 δὲ
3418 3862 3506 3915 καὶ
3574 3855 3711 3935 ἅπερ
3770 3854 3910 3938 ἔφης

2257 3954 2569 4027 προσέσται,
2623 3951 2711 4007 καὶ
2775 3953 2880 4024 μὴν
2945 3951 3261 4025 προσέσται,
3309 3954 3470 4006 τοῦτο
3528 3955 3632 4014 πᾶς
3693 3972 3776 4013 τις
3851 3949 3912 4006 εὗ

2260 4047 2472 4122 φρονῶν
2502 4041 2662 4116 ἵστω,
2695 4047 2793 4096 ποῖ
2822 4042 2944 4096 ποτ’
2975 4039 3032 4095 ἂν
3065 4039 3247 4111 ἐξήκοι
3281 4041 3341 4095 τὸ
3373 4041 3573 4113 θαῦμα.

497 4130 665 4200 queis
705 4145 895 4200 neque
927 4131 1145 4202 plures,
1180 4147 1367 4202 neque
1396 4131 1760 4197 illustriores,
1795 4150 1901 4189 nec
1946 4136 2055 4190 hoc
2104 4139 2373 4206 tempore,
2431 4150 2533 4189 nec
2591 4138 2780 4201 antea,
2813 4148 2916 4203 ego
2965 4131 3158 4186 videre
3205 4147 3440 4203 possum
3476 4147 3487 4184 :
3555 4131 3646 4186 sin
3708 4141 3912 4189 autem

499 4223 796 4290 accedent,
830 4239 958 4295 qua:
987 4223 1262 4291 diximus,
1299 4228 1365 4278 ut
1396 4223 1633 4294 quidem
1666 4232 1815 4280 certe
1845 4226 2138 4294 accedent,
2174 4229 2295 4280 tum
2329 4241 2459 4280 vero
2493 4240 2591 4295 per
2639 4239 2698 4280 se
2758 4224 3027 4279 cordatus
3075 4222 3322 4294 quisque
3376 4221 3536 4277 facile
3595 4222 3918 4295 intelliget,

853 4313 962 4369 hoc
993 4327 1302 4368 evasurum
1335 4313 1409 4369 sit
1441 4313 1804 4371 miraculum.
