4062 6308
203 419 295 479 381
1150 421 1444 484 ORATIO
1492 421 1598 485 AD
1643 424 1985 488 MAGNUM
2032 424 2591 491 LOGOTHETAM.

3459 428 3575 490 382

206 574 3559 603 mw—

578 742 1944 921 ΘΕΟΔΟΥΛΟΥ
2080 752 3197 925 ΜΟΝΑΧΟΥ

1802 1016 1958 1071 ΗΤΟῙ

867 1189 1357 1318 ΘΩΜΑ
1461 1192 1808 1323 ΤΟΥ
1908 1195 2916 1327 ΜΑΓΙΣΤΡΟΥ

1591 1432 2169 1487 ΠΡΟΣΦΩΝΗΤῙΚΟΣ

625 1610 795 1707 ΤΩ
884 1612 1391 1710 ΜΕΓΑΛΩ
1471 1615 2149 1714 ΛΟΓΟΘΕΤΗ
2231 1619 2398 1716 ΤΩ
2486 1621 3144 1717 ΜΕΤΟΧΙΤΗ

847 1997 1881 2167 THEODULI
2001 2003 2555 2171 MONA
2585 2007 2926 2173 CHI

1122 2409 1589 2533 THOM
1598 2411 1759 2534 1E
1825 2411 2059 2535 MA
2081 2410 2641 2536 GISTRI

1429 2639 1691 2697 ORATIO
1737 2640 2305 2701 GRATULATORIA

861 2816 1265 2904 MAGNO
1330 2816 1811 2905 LOGOTH

1923 2821 2067 2907 ΠΕ
2128 2820 2877 2915 ΜΕΤΟΟΗΙΤιΕ.

239 3164 307 3215 Δ’.
362 3159 614 3216 Πολλῶν
662 3159 752 3214 καὶ
806 3160 1058 3236 μεγάλων
1107 3158 1372 3234 οὗμενουν
1442 3157 1555 3215 οὐδ’
1605 3157 1811 3215 εἰκάσαι

1999 3165 2042 3219 I.
2075 3164 2221 3220 Cum
2255 3169 2309 3220 et
2343 3163 2527 3220 multa
2557 3167 2613 3220 et
2644 3180 2871 3231 magna,
2904 3132 2957 3220 et
2987 3164 3190 3219 eadem
3225 3164 3379 3220 haud
3407 3163 3575 3220 facile

591 3252 669 3313 εἷς
725 3253 825 3319 τὴν
884 3254 981 3322 σὴν
1040 3250 1395 3325 εὐδοκίμησιν
1470 3252 1662 3320 ὅντων,
1718 3251 1808 3305 καὶ

179 3340 465 3411 θαυμαστῆς
556 3362 644 3395 σοι
708 3343 1047 3416 πανταχόθεν
1115 3341 1386 3419 εὐφημίας
1462 3342 1809 3415 ἐγειρομένης

175 3434 272 3490 τοῖς
325 3431 593 3485 ἁπάντων
656 3430 921 3505 ὁσημέραι
980 3432 1237 3504 στόμασι,
1308 3430 1561 3504 μέγιστον
1641 3432 1810 3488 ἐκεῖνο

178 3515 558 3594 διαφερόντως,
607 3520 698 3574 καὶ
741 3516 959 3581 οὐδενός
998 3540 1145 3580 τινος
1196 3518 1391 3594 σχεδὸν
1439 3520 1627 3575 ἀνῦσαι
1677 3523 1812 3576 κατὰ

180 3610 338 3679 una,
388 3613 424 3679 ἡ
468 3610 610 3684 περὶ
667 3610 794 3671 τοὺς
852 3606 1141 3682 δεομένους
1204 3611 1270 3679 σὴ
1330 3607 1506 3681 δήπου
1569 3611 1811 3687 μεγαλο-

175 3698 325 3772 ψυχία
389 3701 482 3755 καὶ
567 3697 790 3772 γνώμη,
858 3698 948 3752 καὶ
1014 3699 1076 3753 τὸ
1144 3700 1380 3775 πεφυκὸς
1468 3700 1808 3777 χαρίζεσθαι.

172 3787 323 3858 Οἶμαι
369 3790 475 3863 γὰρ
534 3789 719 3860 οἶμαι,
778 3786 993 3859 μᾶλλον
1049 3784 1106 3841 δὲ
1163 3786 1307 3842 ἴσασι
1356 3788 1573 3857 πάντες,
1628 3789 1704 3860 μὴ
1752 3787 1811 3842 ἂν

169 3871 245 3928 ἕνα
280 3875 491 3948 μηδένα
544 3875 863 3949 τοπαράπαν
920 3875 1092 3937 οὕτως
1143 3874 1199 3931 εὗ
1249 3874 1480 3951 πάσχειν
1527 3876 1810 3949 πρόθυμον

171 3963 303 4034 εἶναι,
361 3966 438 4028 ὡς
502 3963 572 4019 σὲ
628 3966 680 4039 γ’
735 3965 895 4020 αὐτὸν
962 3966 1165 4040 βελτίω
1222 3970 1353 4019 πᾶσι
1419 3966 1486 4020 τὰ
1540 3964 1667 4020 ὄντα
1724 3964 1813 4019 διὰ

171 4054 361 4108 πάντων
422 4054 665 4125 τιθέναι,
724 4054 813 4108 καὶ
870 4055 1058 4130 γειρὸς
1114 4056 1316 4125 ἀξιοῦν,
1381 4054 1439 4109 εὗ
1501 4053 1596 4127 μὲν
1652 4053 1811 4109 αὐτὸν

172 4141 404 4216 οἰόμενον
450 4145 718 4219 πάσχειν,
760 4146 844 4206 οἷς
889 4146 1015 4206 τοὺς
1058 4142 1267 4206 ἄλλους
1316 4148 1493 4206 ποιεῖς
1543 4141 1621 4213 εὖ,
1672 4142 1810 4217 λαμ-

171 4226 333 4288 ϐάνειν
372 4231 420 4288 δ’
475 4236 635 4305 αὐτῷ
681 4233 863 4306 τούτῳ
909 4232 1053 4288 πολὺ
1104 4232 1341 4306 μᾶλλον,
1374 4233 1409 4302 ἢ
1443 4229 1651 4287 διδόναι
1698 4236 1811 4293 τοῖς

172 4320 392 4386 ἄλλων
469 4322 537 4379 οὗ
598 4322 704 4397 γὰρ
760 4321 974 4398 χαίρεις
1034 4320 1225 4383 ἁπλῶς
1284 4320 1339 4377 εὖ
1397 4320 1562 4397 δρῶν,
1622 4322 1696 4383 εἷς
1756 4322 1813 4376 σὲ

181 3246 353 3317 ῥᾳδίων
402 3257 513 3309 τῶν

1920 3254 2115 3309 animo
2148 3257 2321 3325 atque
2350 3253 2646 3308 intellectu
2678 3252 3112 3323 complectenda
3156 3258 3313 3318 sunt,
3345 3268 3473 3324 qua
3502 3254 3571 3308 ad

1920 3347 2054 3397 tuas
2088 3343 2337 3397 attinent
2365 3341 2602 3411 laudes;
2634 3357 2767 3396 cum
2794 3343 2965 3397 etiam
2988 3342 3272 3397 immensa
3303 3343 3571 3413 quasdam

1923 3429 2024 3485 tibi
2073 3431 2346 3486 omnibus
2409 3447 2475 3486 ex
2542 3432 2705 3497 locis,
2757 3447 2855 3486 ore
2906 3430 3167 3487 omnium
3210 3430 3565 3498 mortalium,

1921 3520 2179 3590 quotidie
2209 3520 2450 3575 laudum
2490 3520 2576 3576 vis
2615 3521 2842 3592 surgit:
2876 3527 2965 3576 est
2997 3521 3139 3575 illud
3164 3528 3354 3576 tamen
3397 3520 3565 3594 longe

1919 3609 2072 3664 inter
2118 3618 2319 3664 cetera
2353 3610 2692 3678 maximum,
2766 3625 2953 3680 neque
3002 3610 3103 3665 ulli
3156 3611 3571 3681 propemodum

1922 3699 2161 3770 perinde
2229 3701 2685 3770 ussequendum,
2744 3708 2843 3755 tua
2908 3700 3018 3755 ista
3092 3698 3359 3755 videlicet
3438 3714 3578 3769 erga

1920 3792 2156 3858 egentes
2189 3786 2643 3859 magniﬁcentia,
2675 3788 2780 3843 iste
2811 3787 3048 3843 animus
3071 3786 3223 3843 istud
3257 3792 3366 3841 tam
3388 3803 3577 3857 prom.

1919 3882 2086 3947 ptum
2121 3874 2192 3931 ad
2214 3875 2495 3932 beneﬁcia
2526 3877 2849 3949 ingenium.
2889 3878 2980 3931 Sic
3040 3875 3196 3932 enim
3229 3875 3412 3932 sentio
3445 3893 3575 3947 ego.

1920 3965 2305 4036 sic,inquam,
2338 3965 2551 4033 sentio;
2587 3970 2688 4021 aut
2717 3965 2938 4035 verius,
2984 3970 3200 4021 norunt
3219 3966 3323 4022 hoc
3347 3980 3574 4032 omnes,

1922 4054 2218 4110 neminem
2267 4053 2507 4110 omnino
2556 4070 2739 4109 unum
2798 4069 2946 4117 esse,
2992 4054 3093 4124 qui
3144 4054 3423 4109 libentius
3454 4054 3577 4109 ala-

1920 4141 2190 4214 criusque
2246 4142 2545 4199 beneﬁciis
2587 4151 2843 4208 ornetur,
2894 4158 3068 4213 quam
3127 4147 3251 4198 tute
3298 4142 3575 4199 omnibus

1920 4230 2075 4287 dona
2131 4247 2239 4289 sua
2294 4231 2453 4290 omni
2526 4233 2699 4288 modo
2774 4231 3014 4288 meliora
3071 4231 3573 4303 cumulatioraque

1922 4326 2184 4392 praestes,
2245 4337 2540 4393 manuque
2588 4320 2956 4393 opitulatrice
3005 4320 3290 4394 digneris,
3350 4326 3476 4377 tum
3519 4325 3573 4376 te

169 4413 367 4468 πάντων
412 4412 605 4486 ὥσπερ
660 4410 737 4472 εἷς
792 4433 913 4467 τινα
967 4412 1157 4481 κοινὴν
1216 4412 1395 4467 ἑστίαν
1442 4412 1811 4491 ναταφευγόν-

1926 4410 2206 4467 nimirum
2246 4411 2397 4467 afﬁci
2429 4411 2728 4467 beneﬁciis
2771 4415 2958 4482 ratus,
2988 4426 3122 4468 cum
3154 4412 3300 4467 bene
3331 4411 3574 4482 ipsemet

168 4519 286 4569 των,
320 4501 438 4557 οὐδ’
484 4499 554 4556 αὗ
594 4505 713 4562 τοῖς
755 4497 1033 4576 δεομένοις
1071 4502 1206 4577 πρὸς
1244 4496 1381 4557 ἅπαν
1424 4486 1811 4576 συναιρόμενος

1923 4503 1994 4559 de
2025 4501 2155 4559 aliis
2188 4503 2445 4572 mereris,
2468 4507 2527 4559 et
2557 4502 2666 4559 hoc
2694 4503 2818 4574 ipso
2844 4502 3031 4559 multo
3056 4503 3287 4575 magnis
3318 4501 3574 4574 accipere

168 4590 222 4643 τὸ
270 4593 464 4666 χρείας
525 4590 720 4659 ἑστὼς,
774 4588 1050 4645 κάλλιστὲ
1103 4611 1161 4646 τε
1209 4590 1297 4646 καὶ
1348 4588 1417 4645 δι’
1466 4589 1661 4665 ὀλίγου
1718 4595 1815 4645 τοῦ

177 4681 349 4752 piceo,
400 4680 498 4737 καὶ
555 4680 692 4755 ὑπὲρ
738 4682 942 4743 πάντας
990 4683 1119 4744 τοὺς
1176 4679 1400 4737 ἐνταῦθα
1448 4681 1813 4742 καταστάντας

172 4774 448 4847 σχήματος
472 4790 487 4804 ⁶
556 4771 707 4828 ἀλλὰ
747 4773 839 4827 καὶ
883 4772 1095 4848 μεγάλα
1129 4772 1218 4828 καὶ
1259 4774 1540 4847 θαυμαστα
1590 4770 1817 4851 χαριζό-

173 4881 317 4931 μενος
351 4863 501 4935 εἴης,
533 4862 628 4917 καὶ
670 4862 766 4917 οἶά
809 4883 893 4925 τις
946 4862 1044 4919 οὐκ
1074 4861 1132 4917 ἂν
1182 4861 1502 4938 ἐκπλαγείη,
1554 4860 1674 4935 ἄξια
1725 4861 1819 4934 μὶν

168 4957 254 5009 σοῦ
298 4955 391 5011 καὶ
451 4961 559 5027 τῆς
610 4962 709 5025 σῆς
756 4956 881 5030 περὶ
924 4957 990 5011 τὰ
1037 4954 1180 5012 καλά
1228 4955 1557 5031 προθυμίας,
1606 4957 1706 5025 τὴν
1757 4952 1814 5010 δὲ

168 5044 266 5097 τῶν
295 5044 353 5098 εὖ
384 5044 723 5121 πασχόντων
776 5040 1172 5120 ὑπερϐαίνοντα
1215 5044 1441 5121 γνώμην
1465 5064 1478 5076 ’
1513 5044 1588 5106 ὡς
1628 5043 1674 5098 εί
1730 5044 1806 5115 μὴ

184 5131 192 5147 ν
230 5134 244 5153 ἱ
275 5132 291 5151 9
361 5135 371 5150 Ι
529 5135 544 5152 \
622 5135 638 5154 \
903 5138 930 5151 θ
985 5136 997 5153 Ι
1272 5138 1297 5150 θ
1496 5133 1509 5153 ⁷
1556 5134 1569 5154 1
1642 5131 1652 5149 ⁸

170 5151 228 5204 πρ
272 5134 415 5206 εξειη
449 5154 546 5189 και
578 5131 646 5205 δη
678 5135 744 5190 τὰ
776 5156 1002 5190 τοιαυτα
1031 5155 1160 5191 ποτε
1205 5132 1413 5206 δουναι,
1455 5130 1550 5188 ουδ
1621 5134 1808 5205 ὅτιπερ

169 5220 220 5274 εὖ
266 5225 583 5295 πεποίηκας
633 5224 837 5300 λέγεις,
900 5222 996 5279 κᾶν
1065 5222 1337 5287 πολλάκις
1404 5225 1661 5296 ποιήσῃς,
1709 5222 1807 5277 κᾶν

169 5307 436 5385 ἄπρακτος
486 5311 700 5389 ἀπέλθῃ
756 5311 949 5388 μηδείς
984 5334 997 5347 ’
1054 5312 1266 5387 μᾶλλον
1318 5314 1414 5388 μὲν
1461 5312 1552 5368 οὖν
1606 5310 1695 5367 καὶ
1725 5331 1810 5366 νο-

172 5398 341 5469 μίζεις
399 5399 587 5477 ὥσπερ
637 5401 701 5457 οὒ
759 5407 968 5476 μικρῶς
1013 5404 1294 5474 τηνικαῦθ’
1328 5401 1669 5465 ἄδικεῖσθαιῃ
1721 5400 1811 5454 καὶ

170 5488 299 5561 πρὸς
327 5492 433 5560 τήν
475 5490 718 5569 ανάγκην
760 5490 980 5567 ἄχθοιο,
1019 5491 1072 5547 εἷ’
1106 5492 1359 5569 πεφυκὼς
1409 5489 1581 5551 οὕτως
1628 5488 1812 5560 αὐτὸς,

172 5572 331 5631 ἔπειτ’
386 5579 490 5634 οὐκ
539 5579 714 5656 ἴσχεις
764 5577 854 5636 διὰ
908 5581 1121 5637 πάντων
1181 5583 1419 5658 χρῆσθαι
1476 5583 1545 5654 τῇ
1597 5578 1749 5658 φύσει
1789 5595 1804 5613 ·

174 5660 279 5720 ἔστι
331 5663 378 5721 δ’
429 5668 522 5723 ὅτε
567 5671 655 5725 καὶ
717 5670 1037 5747 προφάσεως
1088 5672 1310 5745 ἀπορεῖς
1356 5671 1608 5745 χωρῆσαι
1660 5666 1812 5721 δυναο

183 5754 343 5829 μένης
374 5757 475 5827 τήν
516 5760 741 5835 γνώμην
769 5805 780 5817 .
822 5763 982 5816 ’Ὥστε
1026 5779 1117 5834 μοι
1161 5755 1337 5820 δοκεῖς
1379 5756 1468 5813 διὰ
1506 5761 1671 5812 ταῦτα
1709 5756 1813 5811 οὐὙ.

1928 4599 1980 4648 te
2009 4595 2342 4659 autumans,
2378 4607 2555 4665 quam
2584 4590 2717 4647 aliis
2755 4592 3033 4647 tribuere.
3064 4590 3191 4647 Non
3231 4590 3386 4647 enim
3419 4591 3573 4663 quod

1927 4679 2267 4751 simpliciter
2295 4679 2638 4738 beneﬁcium
2674 4681 2895 4748 tribuis,
2928 4680 3142 4753 gaudio
3182 4679 3576 4753 perfunderis,

1929 4770 2164 4842 quando
2195 4770 2275 4826 ita
2303 4769 2377 4825 ad
2406 4772 2462 4827 te
2492 4786 2719 4839 omnes,
2750 4770 2901 4827 velut
2934 4771 3004 4826 ad
3053 4783 3423 4826 communem
3473 4784 3575 4825 ve-

1928 4862 2072 4915 stam
2094 4858 2471 4931 confugiunt:
2506 4875 2691 4931 neque
2717 4860 2870 4932 quod
2902 4874 3248 4932 quacunque
3268 4857 3575 4930 ingruente

1927 4949 2270 5006 necessitate
2322 4949 2415 5005 his
2480 4950 2582 5022 qui
2612 4950 2808 5021 inopia
2865 4953 3212 5022 premuntur
3254 4947 3575 5017 subvenis;

1928 5042 2105 5114 idque
2136 5040 2549 5114 pulcherrime,
2578 5046 2634 5099 et
2655 5058 2832 5116 quam
2867 5041 3130 5099 minimis
3160 5041 3330 5114 plane
3359 5045 3585 5114 tempo-

1930 5147 2061 5187 rum
2117 5130 2462 5200 intervallis,
2503 5136 2560 5187 et
2618 5149 2795 5205 super
2823 5132 3051 5189 omneis
3082 5131 3181 5205 qui
3223 5147 3487 5204 unquam
3520 5130 3579 5188 in

1929 5222 2038 5278 isto
2066 5236 2258 5279 rerum
2290 5222 2493 5278 habitu
2518 5222 2804 5280 effulsere.
2828 5224 2895 5278 At
2935 5227 2997 5279 tu
3032 5238 3244 5296 magna
3285 5222 3578 5295 quadam,

1924 5316 1982 5368 et
2011 5310 2381 5382 admiranda,
2444 5313 2854 5385 neminemque
2910 5328 3026 5369 non
3072 5312 3574 5385 obstupefacturs,

1923 5399 2235 5472 gratiﬁcari
2268 5400 2503 5470 studes;
2571 5400 2674 5456 illa
2706 5407 2757 5457 te
2823 5400 3085 5473 quidem,
3131 5405 3351 5475 tuoque
3381 5416 3576 5458 rerum

1922 5490 2475 5547 honestissimarum
2499 5490 2675 5562 digna
2705 5492 2923 5553 studio.
2946 5492 3047 5547 sed
3079 5506 3301 5561 eorum,
3335 5492 3393 5548 in
3429 5508 3585 5565 quos

1921 5579 2318 5649 conferuntur,
2339 5596 2500 5653 spem
2534 5579 2912 5653 animumque
2942 5596 3340 5654 supergressa.
3378 5582 3588 5653 Itaque

1922 5669 2033 5726 nisi
2067 5669 2211 5726 talia
2239 5670 2416 5727 etiam
2448 5685 2878 5743 nonnunquam
2911 5669 3164 5728 tribuere
3194 5669 3406 5743 possis,
3437 5669 3585 5731 nihil

1921 5759 2025 5817 tibi
2065 5774 2411 5835 magnopere
2469 5760 2819 5818 benefecisse
2883 5759 3118 5832 videris,
3150 5759 3380 5817 tametsi
3412 5758 3575 5815 iden-
