4062 6308
548 398 668 459 383

1857 406 2248 472 THEODULI
2297 411 2646 476 MONACHI

3798 425 3898 487 384

560 552 737 609 tidem
776 554 972 622 facias,
1011 557 1239 611 tametsi
1272 573 1440 613 nemo
1473 560 1576 614 abs
1608 564 1665 614 te
1699 562 1820 633 spei
1853 579 1972 618 suae
1995 565 2182 619 irritus

2310 544 2436 598 ὅσον
2506 549 2604 614 τῆς
2673 549 2990 619 θαυμαστῆς
3067 550 3125 603 ἂν
3193 549 3477 624 Ἀρκαδίας
3555 554 3740 629 ἀμφοῖν
3799 563 3899 610 ταῖν

553 645 829 700 remedat.
890 644 1012 699 Imo
1061 662 1191 701 vero
1249 647 1420 703 etiam
1486 667 1598 704 non
1632 649 1900 708 levissica
1955 658 2080 707 tum
2141 660 2196 709 te

547 735 700 790 afﬁci
732 735 948 806 injuria
984 737 1335 806 exsistimas,
1369 741 1597 812 ipsique
1628 742 1951 815 indignaris
1980 755 2196 810 {neces-

545 824 726 892 sitati,
759 825 808 881 si
841 828 1072 896 quando
1115 828 1209 898 qui
1245 828 1430 886 isthac
1485 833 1760 902 praeditus
1792 850 1854 889 es
1895 833 2073 888 animi
2103 834 2191 887 in-

547 913 698 982 dole,
730 932 796 970 ea
855 932 951 986 per
1018 917 1214 973 omnia
1248 920 1327 973 uti
1369 936 1624 992 nequeas
1658 939 1670 974 :
1714 926 1800 977 est
1846 939 1978 978 vero
2018 923 2192 978 etiam

549 1020 684 1059 cum
730 1005 1053 1077 occasione,
1103 1025 1228 1079 quas
1271 1009 1451 1065 animi
1482 1013 1564 1066 tui
1599 1013 2063 1083 magnitudinem
2096 1029 2184 1068 ca-

548 1091 686 1161 piat,
731 1093 1078 1150 destitueris.
1112 1096 1265 1151 Adeo
1299 1101 1362 1151 ut
1393 1114 1494 1168 per
1525 1098 1645 1152 hinc
1677 1099 1842 1160 mihi,
1876 1116 1988 1154 non
2024 1097 2194 1155 modo

2304 642 2516 709 χεροῖν,
2577 639 2665 691 καὶ
2725 639 2857 710 μετὰ
2901 640 3099 700 παντὸς
3157 645 3250 694 τοῦ
3301 639 3488 715 ῥᾳδίου
3536 651 3647 706 τοῖς
3693 643 3896 699 αἰτοῦσιν

2303 724 2553 794 ἐκστῆναι
2614 728 2758 802 πάρά
2815 735 2985 782 πᾶσαν
3046 729 3265 799 Πυθίαν,
3328 729 3475 785 ἀλλά
3521 734 3607 786 καὶ
3653 734 3742 802 τὴν
3788 741 3898 789 Πιν-

2304 812 2468 888 δάρου
2526 814 2754 894 νεφέλην
2823 816 2882 871 ἂν
2928 818 3131 888 ἐκείνην
3187 820 3284 887 τήν
3345 822 3554 890 ξανθὴν,
3613 822 3658 894 ἐξ
3699 825 3759 891 ἧς
3799 823 3898 876 ὗσεν

2305 906 2333 958 ὁ
2383 905 2511 967 Ζεὺς
2556 904 2761 979 ῥοδίοις
2810 909 3032 982 χρυσὸν,
3082 909 3170 963 καὶ
3219 909 3420 981 ταύτην
3470 908 3528 965 ἂν
3577 912 3646 974 ὡς
3695 912 3900 984 μάλιστα

2303 999 2584 1069 καταχεῖν,
2644 995 2688 1050 εἰ
2745 999 2845 1064 τήν
2905 998 2998 1070 μὲν
3057 1005 3337 1073 καταχεῖν,
3409 1006 3508 1069 τῆς
3573 1001 3617 1055 δ’
3665 1001 3900 1070 ἐκστῆναι,

2304 1090 2496 1162 κύριος
2530 1087 2689 1155 ἦσθα.

549 1182 717 1238 beata
747 1182 846 1239 illa
875 1184 1144 1251 Arcadia,
1179 1188 1346 1242 facile
1378 1205 1551 1244 manu
1606 1195 1866 1262 utraque,
1920 1199 1975 1245 et
2026 1187 2418 1261 perlubenter,
2469 1180 2784 1254 plusquam
2839 1177 2956 1235 ulla
3005 1179 3208 1248 Pythia
3255 1181 3547 1242 (Herodot.
3602 1183 3644 1250 Ι,
3689 1183 3776 1254 66)
3820 1197 3907 1251 pe-

545 1274 802 1330 tentibus
831 1291 1103 1332 cessurus
1159 1277 1415 1344 videare;
1451 1295 1646 1336 verum
1678 1281 1848 1335 etiam
1903 1279 2064 1334 illam
2113 1274 2347 1332 Pindari
2377 1271 2594 1326 nubem
2626 1264 2939 1341 (Ὀλυμπ.
3001 1269 3048 1320 Z'
3080 1265 3274 1340 ἐπῳδῷ
3310 1271 3361 1343 β)
3410 1272 3614 1328 ﬂavam
3655 1271 3817 1338 illam,
3847 1272 3906 1326 de

540 1381 656 1436 qua
715 1366 954 1423 Rhodiis
1013 1385 1221 1424 aurum
1278 1370 1508 1441 Jupiter
1563 1371 1800 1442 pluebat
1832 1389 1844 1424 :
1878 1370 2030 1426 hanc
2085 1368 2259 1424 etiam
2291 1365 2478 1436 ipsam
2548 1375 2725 1431 quam
2759 1358 3006 1414 maxime
3065 1360 3379 1426 eﬂ'usurus,
3411 1361 3458 1416 si
3518 1361 3576 1417 in
3623 1377 3786 1417 manu
3830 1369 3908 1416 tua

541 1462 718 1523 esset,
753 1463 876 1512 tum
912 1457 1058 1514 hanc
1082 1459 1452 1528 profundere,
1485 1463 1611 1515 tum
1645 1461 1846 1516 cedere
1877 1458 2144 1517 Arcadia.

615 1577 687 1632 ll.
722 1577 918 1648 Usque
949 1578 1089 1633 adeo
1129 1594 1268 1634 sane
1297 1578 1506 1650 ingens
1521 1581 1592 1634 ad
1623 1579 1743 1634 haec
1774 1579 1953 1634 animi
1984 1580 2070 1634 tui
2091 1579 2192 1633 im-

545 1670 716 1736 petus
747 1672 855 1734 est,
890 1667 1148 1739 adeoque
1178 1684 1381 1724 omnes
1413 1685 1614 1740 reapse
1652 1669 1710 1724 in
1745 1668 2187 1724 admirationem

545 1756 632 1811 tui
663 1757 923 1812 traducis
960 1776 972 1810 :
1014 1764 1069 1812 et
1098 1757 1254 1828 quod
1285 1757 1430 1813 bene
1458 1759 1620 1819 facis,
1655 1763 1710 1813 et
1740 1759 1891 1830 quod
1917 1761 2194 1830 majorem

2372 1571 2448 1625 B'.
2493 1568 2728 1622 Τοσοῦτό
2787 1589 2870 1622 σοι
2931 1568 2994 1622 τὸ
3053 1568 3187 1643 πρὸς
3247 1567 3313 1638 δὴ
3377 1573 3543 1624 ταῦτα
3604 1576 3699 1639 τῆς
3749 1571 3908 1642 ψυχῆς

2300 1660 2586 1735 ὡρμηκὸς,
2645 1658 2734 1714 καὶ
2802 1657 2942 1713 οὕτω
3011 1663 3216 1721 πάντας
3303 1658 3626 1730 ἐκπλήττεις
3690 1658 3773 1713 σὺν
3825 1657 3911 1729 ἄρα

2305 1749 2502 1818 πολλῷ
2529 1752 2610 1819 τῷ
2639 1743 2773 1817 ὄντι,
2806 1748 2894 1801 καὶ
2937 1747 2988 1817 ἐξ
3028 1748 3102 1801 ὧν
3143 1745 3200 1802 εὗ
3239 1754 3440 1817 ποιεῖς,
3489 1751 3578 1804 καὶ
3609 1749 3655 1818 ἐξ
3688 1749 3754 1801 ὧν
3786 1747 3910 1801 οὕτω

671 1808 919 1812 --π-ν---
961 1808 971 1810 -
1021 1808 1067 1812 --
1105 1808 1254 1828 γη
1285 1808 1425 1813 _-_-
1458 1808 1620 1819 --πη
1658 1808 1709 1813 __
1744 1808 1891 1830 γη
1918 1808 2182 1830 __-_,-_---.

543 1846 685 1900 adeo
718 1845 774 1900 in
811 1847 1049 1901 modum
1088 1846 1249 1916 facis,
1283 1850 1339 1902 et
1369 1849 1521 1918 quod
1573 1864 1638 1904 eo
1677 1849 1848 1919 plane
1886 1849 2057 1904 modo
2086 1865 2182 1904 vo-

2306 1837 2590 1910 μειζόνως,
2621 1838 2710 1892 καὶ
2761 1839 2843 1899 οἷς
2893 1836 3104 1910 χαίρεις
3157 1836 3298 1892 οὕτω
3331 1835 3537 1907 διδοὺς,
3591 1838 3677 1894 καὶ
3724 1839 3799 1898 οἷς
3825 1835 3910 1890 ἀλ·

541 1933 679 2004 lupe
708 1935 809 1989 tibi
869 1941 959 1991 est
1016 1936 1174 1997 dare,
1207 1940 1263 1990 et
1320 1938 1470 2007 quod
1521 1938 1699 2004 doles,
1762 1937 1859 1993 ubi
1892 1939 2036 1992 bene
2070 1953 2189 1992 me-

538 2023 701 2078 rendi
725 2023 828 2080 tibi
861 2024 1102 2080 facultas
1134 2025 1704 2092 desit.Quamobrem
1737 2025 2188 2082 emolumentum

539 2130 864 2182 commune,
899 2119 954 2170 et
979 2115 1294 2171 salutarem
1327 2118 1587 2188 genium,
1621 2122 1678 2174 et
1723 2134 1915 2174 rerum
1948 2119 2187 2174 omnino

539 2203 818 2270 animam,
880 2209 936 2261 et
967 2205 1124 2260 bonae
1181 2206 1421 2262 fortunas
1467 2208 1757 2278 quoddam
1802 2207 1953 2263 velut
1995 2208 2191 2276 Pryta-

541 2308 740 2362 neum,
773 2299 829 2348 et
878 2309 1110 2348 omnem
1144 2298 1260 2350 tam
1299 2296 1696 2365 magniﬁcam,
1730 2296 1952 2367 tibique
1985 2312 2186 2352 conve-

542 2381 819 2452 nientem,
903 2384 1139 2440 laudum
1191 2386 1682 2456 exsuperantiam,
1746 2386 1916 2441 unice
1987 2387 2187 2442 audire

538 2475 627 2526 est
660 2488 673 2524 :
712 2473 852 2527 dum
901 2489 1102 2529 omnes
1160 2473 1425 2530 videlicet
1481 2475 1578 2546 qui
1629 2475 1840 2546 ubique
1897 2479 2184 2532 terrarum

536 2561 772 2633 degunt,
805 2562 1125 2618 identidem
1168 2580 1274 2620 nec
1304 2564 1427 2619 sine
1467 2569 1702 2635 stupore
1733 2573 1831 2620 tua
1861 2565 1919 2618 in
1961 2580 2057 2620 ore
2090 2565 2186 2619 de-

535 2668 668 2708 cora
697 2651 936 2719 habent,
971 2653 1302 2724 praedicant,
1353 2654 1666 2725 plaudunt,
1706 2671 1884 2725 quam
1916 2652 2184 2726 gloriosis

533 2742 800 2798 cantibus
849 2743 1187 2811 redimiunt,
1247 2761 1418 2800 omne
1462 2744 1829 2813 miraculum,
1893 2749 1949 2800 et
2015 2760 2185 2800 omne

537 2831 791 2903 elogium
848 2841 1122 2904 perpetuo
1168 2850 1436 2896 sermone
1494 2835 1565 2891 de
1630 2840 1686 2891 te
1718 2841 2001 2905 usurpant
2062 2850 2075 2887 :
2126 2837 2188 2888 et

538 2921 721 2978 solam
750 2923 921 2993 [hanc
954 2925 1430 2980 honestissimam
1461 2926 1616 2981 inter
1661 2942 1724 2982 se
1754 2925 2182 2981 contentionem

535 3015 914 3079 contendunt,
966 3013 1235 3084 quisnam
1285 3016 1552 3088 pluribus
1601 3016 2101 3088 amplioribusque
2131 3021 2185 3068 te

535 3107 819 3161 encomiis
857 3107 1177 3162 decorando
1220 3112 1457 3163 caeteros
1496 3110 1832 3162 antevertat.
1864 3105 2003 3161 Jure
2034 3105 2183 3160 istuc

2303 1932 2440 2001 γεῖς,
2490 1927 2568 1982 ὅτ’
2609 1924 2708 1980 οῦκ
2745 1921 2962 1996 ἔξεστιν.
3004 1926 3243 2004 ’Όφελος
3284 1931 3413 2002 γοῦν
3452 1929 3651 1996 κοινὸν,
3698 1926 3780 1980 καὶ
3816 1922 3911 1979 δαί-

2307 2039 2447 2089 μονα
2494 2016 2792 2089 σωτήριον,
2839 2014 2929 2070 καὶ
2977 2015 3162 2090 ψυχῆν
3212 2017 3286 2079 ὡς
3334 2015 3556 2087 ἀληθῶς
3604 2021 3705 2071 τῶν
3751 2035 3908 2089 πραγ-

2305 2109 2488 2178 μάτων
2517 2104 2607 2160 καὶ
2660 2111 2761 2174 τῆς
2808 2105 3013 2180 ἀγαθῆς
3055 2104 3235 2180 τύχης
3287 2107 3521 2182 ὡσπερεὶ
3573 2109 3906 2177 πρυτανεῖον·

2299 2195 2388 2249 καὶ
2437 2199 2606 2250 πᾶσαν
2653 2197 2904 2263 ἡντινοῦν
2963 2194 3299 2266 τηλικάύτην
3350 2191 3662 2270 ὑπερϐολὴν
3709 2195 3788 2250 καὶ
3836 2191 3906 2247 σοί

2296 2307 2355 2360 γε
2412 2288 2816 2360 προσήκουσαν,
2875 2285 3115 2355 καθάπαξ
3173 2282 3317 2340 ἔστιν
3379 2285 3621 2355 ἀκούειν,
3689 2283 3787 2338 ἄνω
3837 2281 3914 2336 καὶ

2297 2374 2444 2430 κάτω
2502 2379 2607 2429 τῶν
2667 2374 2986 2448 ἁπανταχοῦ
3036 2377 3249 2429 πάντων
3301 2377 3366 2431 τά
3427 2376 3491 2431 σά
3538 2379 3633 2432 σὺν
3685 2372 3914 2442 ἐκπλήξει

2303 2466 2582 2539 βοώντων,
2651 2463 3036 2531 ἐπαινούντων,
3101 2466 3459 2539 κροτούντων,
3526 2464 3746 2536 ἡλίκοις
3805 2463 3915 2516 ἀνα-

2302 2551 2536 2608 δούντων
2578 2551 2834 2627 ᾅσμασιν,
2886 2555 3022 2608 ἅπαν
3076 2556 3257 2629 θαῦμα
3313 2556 3401 2610 καὶ
3451 2561 3626 2610 πᾶσαν
3669 2553 3912 2628 εὐφημίαν

2297 2645 2434 2698 κατά
2492 2647 2586 2698 σοῦ
2646 2645 3022 2718 συνειρόντων,
3081 2645 3171 2699 καὶ
3229 2645 3683 2723 φιλονεικούντων
3735 2641 3912 2709 ταύτην

2301 2732 2469 2804 μόνην
2507 2732 2807 2804 καλλίστην
2865 2735 3000 2807 πρὸς
3041 2732 3327 2803 ἀλλήλους
3376 2733 3740 2812 φιλονεικίαν,
3786 2730 3913 2788 ὅστις

2295 2821 2354 2877 ἄν
2409 2843 2466 2877 σε
2502 2823 2720 2878 πλείοσι
2760 2824 2849 2878 καὶ
2893 2824 3132 2895 μείζοσιν
3173 2821 3470 2898 ἐγκωμίοις
3515 2824 3746 2898 ἀγήλας,
3792 2838 3909 2892 παρ⁸

2295 2909 2506 2985 ἀλλάξῃ
2566 2911 2692 2974 τοὺς
2742 2911 2983 2974 ἄλλους’
3025 2914 3253 2976 εἰκότως
3299 2914 3447 2986 μάλα
3481 2916 3571 2970 καὶ
3620 2910 3909 2988 ἀναγκαίως,

2293 3002 2381 3055 καὶ
2437 3002 2551 3074 μετ’
2599 3001 2892 3076 ἀξιολόγου
2941 3006 3036 3057 τοῦ
3086 3003 3377 3078 γίγνεσθαι.
3424 3003 3486 3060 ΕΞ
3533 3006 3646 3079 γὰρ
3677 3002 3820 3061 αὐτὸς
3863 2997 3903 3050 έν

2298 3090 2446 3162 μέσῳ
2511 3092 2853 3160 καθεστηκὼς
2919 3095 3016 3146 τοῦ
3083 3095 3239 3164 κοινῇ
3326 3089 3747 3154 λυσιτελοῦντος
3802 3087 3900 3142 ἆσαι

533 3212 694 3261 sane,
719 3201 776 3250 et
816 3197 1344 3268 necessario,atque
1373 3196 1654 3252 laudabili
1681 3210 1917 3268 prorsus
1949 3195 2138 3252 ofﬁcio
2165 3215 2178 3264 ;

2298 3179 2434 3252 ὧραι
2494 3178 2814 3254 φροντίζεις,
2875 3180 2965 3234 καὶ
3019 3180 3170 3235 πάνθ’
3212 3181 3244 3234 ἃ
3295 3186 3363 3255 τῇ
3411 3189 3517 3239 τῶν
3571 3183 3719 3238 ὅλων
3775 3175 3903 3254 χρείᾳ

535 3285 748 3356 quippe
781 3301 912 3340 cum
940 3289 1000 3340 tu
1055 3286 1115 3340 in
1148 3285 1340 3341 medio
1366 3285 1611 3357 positus,
1644 3284 1937 3341 commodi
1967 3283 2187 3355 publici

537 3391 738 3430 curam
772 3375 830 3429 in
864 3374 1126 3446 singulas
1152 3376 1326 3431 horas
1347 3375 1611 3438 habes,et
1639 3372 1924 3444 quidquid
1946 3373 2186 3428 utilitati

537 3463 868 3536 reipublicae
908 3465 1084 3521 servit
1133 3483 1287 3522 unus
1347 3465 1641 3521 undelibet
1672 3467 1729 3518 et
1759 3463 1952 3518 animo
1981 3460 2184 3529 volvis,

533 3561 590 3612 et
621 3573 682 3613 re
709 3555 960 3628 peragis,
989 3562 1047 3612 et
1067 3558 1138 3612 ad
1166 3555 1364 3612 omnia
1383 3573 1512 3628 quae
1535 3569 1787 3626 praesens
1808 3569 1947 3608 usus
1989 3555 2187 3622 postu-

535 3639 614 3694 lat
645 3643 854 3710 presto
883 3655 946 3694 es
978 3657 991 3694 :
1021 3639 1137 3695 tuis
1166 3639 1442 3695 nimirum
1474 3637 1628 3693 curis
1644 3635 1969 3706 studiisque
1989 3649 2182 3705 prom-

538 3728 824 3799 ptissimis
858 3730 1010 3785 circa
1048 3746 1115 3785 ea
1174 3745 1298 3800 qua;
1328 3727 1544 3799 expetit
1582 3725 1834 3798 quisque
1865 3741 1929 3780 ac
1959 3724 2186 3780 deside-

532 3823 639 3883 rat,
673 3818 969 3874 exsomnis
997 3817 1143 3888 ipse.
1179 3818 1537 3888 minimeque
1567 3815 1763 3870 lentus
1795 3831 1860 3871 ac
1911 3815 2176 3883 otiosus;

493 3903 496 3910 ’
532 3911 596 3962 ut
627 3907 788 3963 nulla
818 3909 1088 3978 cuiquam
1121 3907 1358 3962 omnino
1392 3907 1724 3978 imponatur
1757 3905 2044 3973 molestia,
2084 3919 2182 3959 ve-

526 4011 654 4050 rum
717 4003 780 4051 ut
836 4005 887 4052 et
926 3997 1267 4068 legationes,
1327 4001 1385 4051 et
1432 3997 1718 4064 civitates,
1768 3995 2184 4064 civitatumque

532 4089 782 4141 rectores
813 4090 868 4142 et
898 4086 1073 4154 cives,
1105 4090 1162 4140 et
1208 4085 1361 4157 pagi,
1395 4091 1452 4139 et
1483 4101 1597 4140 uno
1627 4085 1799 4140 verbo
1830 4099 2019 4154 genus
2077 4082 2180 4137 ho-

531 4173 758 4230 minum
809 4176 1283 4246 unumquodque,
1325 4174 1700 4246 imperatoria
1741 4172 2011 4228 fruantur
2051 4187 2180 4244 pro-

530 4265 806 4333 videntia,
844 4267 1012 4336 cujus
1067 4274 1125 4321 tu
1158 4283 1312 4322 unus
1344 4266 1553 4336 dignus
1598 4270 1757 4322 actor
1805 4266 2178 4335 repraesenta-

528 4359 728 4426 torque
759 4370 842 4410 es.
880 4355 999 4419 Quo
1046 4355 1217 4428 igitur
1254 4365 1420 4426 pacto
1452 4373 1568 4412 non
1599 4360 1654 4411 te
1684 4355 1932 4411 invicem
1961 4352 2176 4423 ubique

2295 3275 2560 3341 προσῆκε,
2607 3269 2774 3342 μύνος
2827 3269 2885 3324 ἐκ
2915 3271 3112 3332 παντὸς
3162 3271 3368 3344 τρόπου
3419 3273 3508 3326 καὶ
3557 3271 3790 3346 βουλεύῃ
3835 3264 3909 3320 καὶ

2295 3362 2571 3430 πράττεις,
2604 3359 2693 3412 καὶ
2743 3359 2879 3433 πρὸς
2928 3360 2988 3412 τὸ
3038 3357 3157 3413 δέον
3208 3355 3344 3414 ἅπαν
3394 3361 3591 3437 γίγνῃ,
3642 3366 3755 3420 ταῖς
3801 3357 3910 3427 ὑπὲρ

2299 3449 2371 3501 ὧν
2429 3444 2645 3502 ἕκαστοι
2710 3447 3002 3522 βούλονταί
3057 3469 3114 3502 τε
3165 3449 3253 3503 καὶ
3303 3447 3510 3505 δέονται
3559 3449 3798 3528 φροντίσι
3838 3442 3915 3499 καὶ

2295 3538 2643 3611 προθυμίαις,
2700 3535 2858 3600 αὐτὸς
2901 3538 3174 3612 ἄγρυπνος
3228 3532 3320 3607 ὤν,
3372 3540 3460 3593 καὶ
3511 3539 3649 3612 μηδ’
3699 3536 3914 3608 ἡντινοῦν

2295 3625 2443 3702 ἄγων
2491 3624 2726 3700 σχολὴν,
2768 3625 2842 3685 ὡς
2882 3623 2941 3680 ἂν
2989 3624 3187 3697 μηδενῖ
3226 3632 3332 3681 τῶν
3377 3629 3628 3683 ἁπάντων
3739 3622 3917 3695 δυσχε-

2295 3715 2382 3790 ρές
2408 3736 2419 3748 ’
2454 3716 2601 3771 ἀλλά
2630 3715 2718 3770 καὶ
2763 3711 3042 3790 πρεσϐεῖαι
3083 3715 3170 3770 καὶ
3219 3715 3409 3781 πόλεις
3452 3719 3540 3772 καὶ
3595 3717 3845 3791 ἄρχοντες
3875 3711 3916 3764 οξ

2292 3807 2496 3861 τούτων
2548 3804 2635 3860 καὶ
2689 3803 2927 3873 ἰδιῶται,
2985 3806 3076 3860 καὶ
3133 3803 3302 3880 δῆμοι
3355 3807 3443 3861 καὶ
3491 3811 3599 3862 πᾶν
3650 3808 3722 3867 ὡς
3768 3804 3917 3858 εἰπεῖν

2294 3897 2472 3950 ὁτιοῦν
2541 3895 2691 3970 γένος
2758 3894 3078 3950 ἀπολαύωσι
3149 3897 3406 3970 προνοίας
3505 3896 3817 3970 βασιλικῆς.
3865 3891 3921 3957 ἧς

2296 3986 2460 4058 μόνος
2507 3985 2667 4046 αὐτὸς
2731 3987 3029 4054 ὑποκριτὴς
3086 3985 3424 4062 ἀξιόχρεως³
3487 3991 3607 4049 πῶς
3657 3985 3764 4059 οὐχ
3807 3983 3922 4036 ἕκα-

2291 4078 2502 4149 σταχοῦ
2535 4072 2618 4128 δεῖ
2666 4095 2721 4128 σε
2769 4079 2864 4128 τοῦ
2915 4080 3020 4128 τῶν
3074 4074 3303 4129 ἐπαίνων
3356 4075 3677 4151 γιγνομένου
3728 4070 3922 4144 1:011:3-

2289 4186 2421 4233 νειν,
2483 4167 2572 4218 καὶ
2636 4165 2829 4236 μισθὸν
2890 4161 3033 4238 ἔχειν
3096 4165 3322 4235 ταυτησὶ
3380 4172 3477 4234 τῆς
3545 4163 3781 4238 μελέτης
3838 4157 3920 4212 τὸν

2287 4258 2536 4309 τοιοῦτον
2570 4248 2756 4327 ἔρανον
2785 4280 2798 4321 ;
2830 4254 2888 4307 ὃν
2927 4251 2990 4323 δή
3037 4275 3121 4307 σοι
3171 4253 3365 4315 πάντες
3414 4252 3718 4328 ἐξαιροῦσιν
3767 4250 3924 4322 ἄσμε-

2284 4365 2369 4399 νοι
2393 4365 2404 4376 ·
2440 4343 2548 4418 οὐχ
2578 4345 2628 4398 οἱ
2660 4343 2754 4415 μὶν
2789 4341 3025 4416 μᾶλλον,
3058 4344 3108 4397 οἱ
3143 4341 3190 4396 δ’
3219 4346 3401 4413 ἧττον,
3438 4341 3581 4398 ἃλλά
3611 4345 3803 4400 πάντες
3835 4335 3915 4391 δι-

529 4424 769 4504 meritas
844 4424 1122 4518 consequi
1172 4424 1433 4516 oporteat
1480 4446 1702 4512 laudes,
1738 4448 1794 4500 et
1842 4441 2181 4513 hujusmodi

2298 4435 2456 4495 καίως
2487 4434 2624 4489 κατὰ
2651 4433 2836 4488 ταῦτά.

526 4535 800 4592 collectas
832 4536 1013 4607 stipes
1071 4553 1221 4592 curae
1280 4537 1456 4605 hujus
1515 4542 1625 4592 tua:
1683 4534 1989 4606 praemium
2042 4529 2419 4592 ferre?Quas
2468 4525 2573 4582 tibi
2630 4525 2831 4596 utique
2861 4525 3053 4580 cuncti
3083 4523 3322 4581 eximias
3370 4524 3747 4596 perlubenter
3785 4519 3923 4578 deli-

525 4631 706 4698 gunt;
735 4643 851 4683 non
881 4627 978 4682 alii
1004 4627 1214 4699 magis,
1247 4625 1346 4683 alii
1379 4627 1598 4690 minus,
1632 4625 1735 4681 sed
1759 4627 1889 4696 jure
1921 4639 2124 4680 omnes
2145 4635 2306 4692 aqua
2337 4621 2604 4690 prompte
2631 4619 2689 4672 et
2721 4615 3004 4682 alacriter,

601 4746 693 4801 ill.
729 4746 790 4802 In
844 4745 1059 4818 quibus
1092 4744 1386 4812 omnibus,
1418 4745 1467 4802 si
1500 4746 1584 4801 fas
1620 4745 1830 4815 dicere,
1865 4745 2018 4816 quod
2053 4745 2179 4800 sine

528 4836 647 4892 ulla
687 4838 1034 4908 cujusquam
1092 4835 1312 4891 offensa
1367 4835 1586 4890 dictum
1634 4837 1778 4908 esto,
1832 4840 1889 4890 et
1932 4835 2178 4906 primus,

524 4929 582 4981 et
610 4926 864 4994 medius,
895 4929 952 4980 et
992 4928 1324 4995 postremus
1373 4940 1478 4996 ego
1510 4925 1634 4996 ipse
1674 4941 1839 4996 sum;
1871 4941 1987 4981 non
2028 4923 2178 4994 quod

527 5012 660 5070 novi
687 5014 984 5084 quidpiam
1013 5014 1086 5068 de
1115 5017 1173 5069 te
1203 5013 1519 5085 proferam,
1550 5030 1752 5070 verum
1805 5028 1892 5082 ea,
1925 5027 2176 5084 quorum

525 5101 633 5158 tibi
664 5102 883 5158 conscii
909 5117 1113 5158 omnes
1143 5107 1298 5168 sunt,
1331 5102 1402 5157 de
1442 5120 1555 5174 quo
1579 5120 1645 5158 ea
1677 5103 1848 5176 plane
1886 5104 2178 5172 comperta

526 5191 764 5258 habent,
812 5207 941 5263 qua;
988 5192 1060 5247 de
1091 5189 1250 5246 nullo
1300 5192 1413 5247 alio
1456 5191 1557 5247 ulli
1603 5193 1820 5249 habent
1861 5194 2173 5263 comperta,

525 5281 627 5338 sed
661 5281 815 5354 quod
867 5281 1164 5352 aliquanto
1199 5280 1330 5351 plus
1380 5283 1437 5336 in
1474 5298 1538 5337 eo
1573 5281 1697 5353 ipse
1720 5282 1986 5349 habeam,
2021 5280 2172 5351 quod

527 5369 725 5426 divina
751 5371 1003 5441 quadam
1020 5371 1257 5426 laudum
1276 5375 1508 5426 tuarum
1541 5371 1918 5427 bacchatione
1949 5368 2177 5442 percul-

525 5460 786 5517 susl’erar
820 5479 835 5527 ;
867 5460 967 5532 qui
997 5459 1152 5516 enim
1187 5476 1299 5515 non
1341 5459 1672 5526 baccharer,
1695 5459 2172 5532 quandoquidem

523 5565 656 5607 cum
713 5565 1112 5622 saepenumero
1171 5550 1498 5620 complures
1530 5549 1685 5606 “alios
1742 5550 1866 5622 spei
1915 5549 2175 5620 votisque

526 5640 676 5697 meis
693 5645 968 5713 patronos
995 5641 1359 5708 statuissem,
1382 5639 1526 5694 nihil
1559 5655 1818 5710 unquam
1852 5637 2172 5708 adjumenti

527 5749 560 5788 ιι
610 5747 902 5804 quoquam
961 5731 1210 5803 percepi,
1259 5744 1458 5786 verum
1510 5727 1803 5800 sophistas
1837 5727 2086 5796 omneis,
2117 5731 2174 5782 et

2361 4742 2432 4796 I".
2464 4738 2677 4796 Τούτων
2726 4736 2782 4793 δὲ
2829 4737 3041 4794 πάντων
3092 4736 3138 4790 εἰ
3188 4738 3303 4791 οἷόν
3355 4737 3402 4790 τ’
3454 4735 3644 4805 εἰπεῖν,
3699 4732 3790 4789 καί
3838 4749 3919 4804 μοι

2295 4828 2485 4905 μηδεὶς
2544 4831 2806 4905 ἀχθεσθῇ,
2863 4830 3079 4900 πρῶτος
3134 4824 3223 4879 καὶ
3287 4824 3446 4897 μέσος
3525 4822 3922 4879 καίτελευταῖος

2288 4915 2419 4989 ἐγὼ,
2455 4917 2635 4972 καινὸν
2687 4917 2779 4988 μὲν
2833 4913 3003 4990 λέγων
3056 4910 3233 4985 οὐδὲν,
3283 4912 3412 4968 ἀλλ’
3443 4913 3474 4966 ἃ
3503 4913 3625 4988 περὶ
3659 4917 3758 4966 σοῦ
3797 4909 3923 4963 πάν-

2285 5030 2373 5073 τες
2399 5011 2575 5066 ἷ’σασιν
2603 5028 2615 5041 ⁸
2655 5009 2804 5065 ’ίσοισι
2849 5006 2906 5061 δὲ
2947 5009 2979 5060 ἆ
3023 5003 3250 5079 μηδενὸς
3289 5004 3414 5077 περὶ
3455 5009 3559 5058 τῶν
3615 5001 3805 5058 ἄλλων
3840 4997 3923 5052 ού-

2289 5097 2433 5163 δένες
2459 5098 2641 5155 ἵσασιν
2668 5119 2680 5132 ·
2723 5097 2866 5173 ἔχων
2907 5094 2962 5150 δέ
3000 5115 3053 5150 τι
3090 5093 3180 5149 καὶ
3228 5093 3396 5148 πλέον
3431 5091 3611 5164 αὐτὸς,
3662 5092 3726 5147 τὸ
3769 5091 3920 5144 κάτο-

2289 5208 2389 5264 χος
2440 5190 2620 5264 ὥσπερ
2673 5189 2776 5243 ὑπὸ
2824 5191 2930 5242 τῶν
2979 5185 3104 5260 περὶ
3160 5187 3327 5238 ταῦτα
3389 5183 3792 5261 βακχευμάτων
3842 5199 3922 5233 κι-

2285 5281 2510 5335 νεῖσθαι.
2555 5284 2678 5341 Πῶς
2729 5277 2783 5332 δὲ
2832 5276 2892 5331 ού
2946 5272 3158 5350 μέλλω,
3210 5272 3456 5333 πολλοὺς
3509 5273 3599 5344 μὲν
3654 5268 3921 5326 πολλάκις

2289 5367 2494 5430 ἄλλους
2525 5366 2974 5442 προστησάμενος
3005 5369 3124 5425 ταῖς
3157 5359 3394 5430 ἐλπίσιν,
3430 5357 3648 5420 οὐδενὸς
3675 5355 3732 5411 δὲ
3771 5351 3917 5411 οὐδὲν

2285 5457 2653 5532 ἀπονάμενος,
2722 5456 2980 5536 σοφιστὰς
3048 5451 3104 5508 δὲ
3170 5452 3374 5513 πάντας
3439 5448 3631 5522 εὑρὼν,
3701 5448 3789 5499 καὶ
3848 5446 3921 5511 τῷ

2289 5544 2456 5620 μηδὲν
2500 5533 2810 5625 εἰργάσθαι.-
2851 5543 3093 5620 μαθητὰς
3139 5545 3236 5596 τοῦ
3289 5538 3584 5625 Χάρητοςς
3641 5533 3819 5592 Ἀλλά
3862 5533 3918 5625 σὺ

2288 5638 2448 5709 μόνος
2508 5622 2806 5711 ἀνθρώπων
2862 5638 2997 5703 ἡμῖν
3045 5633 3119 5694 ὡς
3172 5629 3361 5706 ἄριστα
3407 5624 3582 5702 ἔσχες,
3633 5626 3726 5679 καὶ
3757 5622 3918 5696 πρού-

2283 5747 2414 5798 στης
2442 5731 2785 5802 περιφανῶς·
2830 5724 2922 5779 καὶ
2967 5721 3114 5796 μάλα
3155 5720 3232 5782 εἷς
3282 5718 3468 5788 ὄνησιν
3518 5713 3751 5789 ἔπραξας
3778 5732 3788 5743 ·
3833 5711 3917 5764 καὶ
