4062 6308
178 388 273 448 385

1168 389 1458 451 ORATIO
1503 388 1619 482 AD.
1645 388 1984 453 MAGNUM
2028 390 2586 454 LOGOTHETAM.

3458 404 3578 466 386

180 521 424 591 κατέστης
475 522 585 576 ἀντ’
618 522 831 598 ἀγαθοῦ
883 525 984 576 τοῦ
1027 518 1310 595 δαίμονος,
1340 521 1408 577 τά
1443 522 1490 573 τ’
1520 520 1649 578 ἀλλ’
1682 522 1803 611 im};

1930 540 2246 597 germanos
2268 524 2532 584 Charetis
2553 526 2896 600 discipulos,
2927 530 3219 604 siquidem
3242 533 3403 592 nulla
3432 554 3573 611 pro-

182 612 237 664 ὧν
290 612 396 665 οὐκ
454 606 567 665 ἔσθ’
624 611 705 666 ὅτ’
737 612 837 668 οὐκ
893 610 1312 689 ἐπαγγέλλομὲν
1376 632 1462 666 σοι
1513 614 1579 668 τὰ
1614 610 1819 686 βελτίω

180 700 364 769 θεόθεν,
429 703 569 772 μετὰ
644 704 751 756 τῶν
827 700 880 764 ὶς
932 700 1136 763 πάντας
1197 701 1560 774 κηρυγμάτων
1617 722 1675 757 τε
1728 703 1815 756 καὶ

178 792 405 846 παιάνων
436 812 451 824 ·
502 792 595 847 καὶ
650 793 732 846 ὅθ’
762 790 969 864 ἥκομεν
1014 790 1185 846 ἐκεῖσε
1234 786 1641 866 πρεσϐεύοντες,
1684 792 1817 868 ὑπὲρ

175 887 257 937 τοῦ
330 884 403 937 τὶ
482 883 551 938 σὰ
627 884 998 956 θαυμάζοντος
1086 882 1416 957 Χανόρηνοῦ,
1466 885 1540 945 ὡς
1599 882 1819 957 εὐμενὲ-

176 991 330 1025 στατα
376 971 471 1025 καὶ
526 971 942 1046 προθυμότατα,
972 971 1059 1025 καὶ
1116 970 1267 1043 μάλα
1308 971 1450 1044 Ἰλίῳ
1491 969 1817 1047 δεδεγμένος

172 1065 233 1134 τῇ
276 1061 479 1135 γνώμῃ
536 1061 629 1115 καὶ
672 1059 1225 1139 φιλοφρονησάμενος
1274 1060 1336 1115 ού
1393 1066 1655 1135 μεμπτῶς
1682 1083 1694 1095 °
1725 1064 1815 1118 καὶ

173 1150 226 1203 τὸ
282 1150 579 1225 μέγιστον,
622 1151 715 1204 καὶ
785 1148 1037 1226 κολοφὼν
1098 1149 1340 1225 ἀτεχνῶς
1415 1151 1481 1205 τὰ
1546 1149 1818 1207 κάλλιστα

173 1238 517 1312 μεμνημένος
568 1242 748 1312 ἡμῶν,
789 1239 879 1293 καὶ
938 1237 1248 1314 διαλεχθεὶς
1305 1241 1443 1314 πρὸς
1500 1242 1590 1296 τὸν
1652 1243 1818 1314 μόνον

170 1327 214 1381 ἓν
257 1329 581 1403 ἀνθρώποις
633 1326 874 1403 ἄριστον,
906 1329 996 1383 τὸν
1050 1329 1217 1401 μόνον
1272 1329 1682 1406 φιλάνθρωπον,
1726 1334 1814 1386 καὶ

168 1416 501 1493 παράδειγμ’
548 1416 815 1488 ἀληθινοῦ
877 1414 1168 1492 βασιλέως,
1220 1418 1293 1479 ὡς
1356 1418 1579 1489 ἀληθῶς
1645 1441 1814 1498 πεφυ-

167 1507 309 1573 κότα,
341 1505 638 1581 ἀπορροήν
688 1527 805 1561 τινα
852 1513 951 1576 τῆς
998 1505 1164 1562 αὐτοῦ
1196 1507 1605 1582 φιλανθρωπίας
1655 1511 1816 1587 ἀφεῖ-

164 1616 235 1649 ναι
282 1594 377 1650 καὶ
438 1596 585 1669 πρὸς
644 1597 817 1667 ἡμᾶς,
883 1597 969 1650 καὶ
1039 1596 1419 1671 κατειργάσθαι
1477 1598 1629 1652 ταῦθ’
1681 1598 1812 1668 ὑπὲρ

166 1684 229 1737 ὧν
280 1684 533 1757 ἥκομεν,
591 1682 776 1758 ὥσπερ
838 1683 930 1739 οὖν
1003 1686 1092 1739 καὶ
1156 1685 1530 1761 κατείργαστο,
1600 1688 1814 1765 φθάνων

167 1774 466 1849 ἡμερότητι
521 1773 612 1827 καὶ
659 1777 739 1844 τῷ
787 1773 1047 1847 πεφυκότι
1095 1779 1192 1830 τοῦ
1245 1776 1439 1845 σώζειν
1508 1778 1602 1838 τὰς
1652 1778 1815 1831 ἀπάν-

165 1884 258 1917 των
315 1862 547 1934 δεήσεις
584 1862 645 1917 ὃν
693 1867 800 1924 πᾶς
847 1864 1092 1918 ὁστισοῦν
1142 1865 1430 1936 θαυμάζειν
1480 1862 1816 1937 ἇθέλων,ού-

172 1948 264 2015 δείς
318 1954 589 2008 ὁστισοῦν
640 1952 757 2015 οἷός
800 1972 859 2007 τε
907 1952 1069 2021 ἀξίως
1120 1953 1438 2025 θαυμάζειν,
1470 1954 1566 2008 κᾶν
1598 1955 1643 2008 εἰ
1674 1956 1814 2009 πάν-

166 2063 237 2104 τες
280 2041 581 2116 ἆοθρωποι
634 2040 803 2096 πάντα
838 2046 1046 2096 ποιοῖεν
1097 2039 1348 2117 λέγοντες
1376 2061 1389 2074 ·
1417 2040 1544 2098 ἀλλ’
1577 2045 1718 2117 ὁμοῦ
1754 2064 1813 2099 τε

168 2130 497 2209 ἐγχειροῦσι,
535 2131 631 2184 καί
682 2129 829 2205 παρὰ
882 2129 1050 2202 μέλος
1094 2127 1341 2201 ᾅδοντες,
1391 2130 1545 2195 εὐθὺς
1602 2130 1809 2208 ἰξελέγ-

169 2241 345 2297 lem:
379 2222 491 2276 ὑπὸ
526 2227 632 2288 τῆς
662 2219 858 2274 τούτου
902 2220 1039 2294 πρὸς
1091 2224 1261 2274 πᾶσαν
1313 2221 1505 2294 ἀρετήν
1537 2219 1808 2290 ἀληθινῆς

169 2310 413 2382 ἁρμονίας
478 2309 622 2382 ὑπὲρ
681 2308 743 2377 ἢν
797 2307 857 2362 ἂν
901 2308 991 2362 καὶ
1032 2306 1138 2384 φῇς
1173 2309 1476 2381 μουσικήν’
1515 2308 1727 2381 μᾶλλον
1762 2307 1808 2364 δ’

170 2400 308 2455 αύτοὶ
364 2420 423 2455 τε
460 2399 535 2453 τὰ
595 2397 781 2453 εἰκότα
838 2399 1135 2473 πάσχουσι,
1166 2398 1316 2453 κάτω
1369 2398 1678 2461 πίπτοντες.
1708 2401 1802 2455 Καὶ

169 2492 346 2542 τοῦτον
372 2491 434 2542 εκ
477 2491 596 2542 τῶν
650 2486 826 2541 αὐτῶν
861 2487 1069 2542 τούτων
1094 2507 1106 2519 ·
1151 2484 1339 2548 ἄλλως
1369 2492 1657 2561 κοσμοῦσι,
1689 2494 1806 2561 μεῖ-

173 2583 257 2645 ζον
317 2575 608 2638 δεικνύντες
683 2574 860 2652 λόγου
929 2577 991 2631 τὸ
1049 2578 1168 2631 κατ’
1233 2574 1413 2633 αὓτόν.
1470 2577 1653 2641 Μόνος
1699 2579 1805 2654 γὰρ

168 2666 418 2739 ἀποχρῶν
459 2666 676 2738 κόσμος
725 2665 889 2728 αὐτὸς
940 2670 1135 2737 ὲαυτῷ,
1167 2666 1253 2721 καὶ
1309 2668 1477 2739 μόνος
1516 2664 1575 2721 ἂν
1604 2666 1651 2722 εὶ
1683 2667 1801 2722 οἶόν

163 2756 211 2806 τ’
261 2756 344 2824 ἦν,
397 2762 496 2823 τῆς
562 2754 727 2810 αὐτὸς
796 2754 963 2809 αὐτοῦ
1029 2755 1285 2828 γλώττης
1342 2756 1505 2831 τύχοι
1557 2753 1800 2827 δικαίως,

157 2850 253 2913 τῆς
307 2846 615 2923 ὑπερφυοῦς
689 2845 781 2898 καὶ
858 2844 1102 2920 ἀμάχου,
1158 2846 1247 2899 καὶ
1306 2846 1577 2921 λογισμὸν
1635 2848 1802 2902 πάντα

153 2936 383 3003 νικώσης
431 2934 661 3008 ἆσχέτῳ
698 2934 789 2987 καὶ
847 2934 1217 3009 κεχαρισμένη
1264 2939 1439 3010 φορᾷ·
1493 2936 1567 2996 ὡς
1622 2932 1798 2991 δοκεῖν

147 3026 467 3097 ἀστράπτειν
529 3043 589 3077 τε
660 3025 752 3078 καὶ
833 3024 1059 3097 βροντᾷν
1116 3019 1558 3099 δημηγοροῦντα,
1618 3025 1652 3094 ἤ
1709 3025 1799 3080 καὶ

143 3108 401 3186 πρέσϐεσι
454 3111 913 3187 χρηματίζοντα*
961 3111 1219 3167 τοσοῦτόν
1284 3110 1417 3167 ἔστι.
1471 3112 1546 3167 Σὺ
1600 3110 1646 3167 δ’
1692 3113 1801 3189 οὐχ

145 3205 222 3264 οἷς
275 3197 418 3280 ἔφην
475 3200 641 3272 μόνον
714 3201 958 3275 χρηστὸς
1026 3200 1101 3264 εἷς
1168 3203 1339 3274 ἡμᾶς,
1401 3199 1517 3256 οὐδ’
1574 3201 1797 3259 ἐνταῦθα

144 3292 376 3365 περάνας
418 3285 572 3364 ἔχεις
602 3309 612 3321 ⁸
646 3288 794 3345 ἀλλὰ
821 3289 912 3344 καὶ
944 3290 1029 3351 οἷς
1060 3287 1227 3344 ἔπειτ’
1260 3287 1355 3364 ἔσῃ
1401 3288 1609 3363 πολλῷ
1655 3312 1794 3366 προ-

154 3381 454 3453 θομότερος
533 3379 622 3433 καὶ
704 3377 964 3452 ἀμείνων.
1028 3380 1334 3452 Προσθήσω
1420 3378 1465 3434 δ’
1538 3380 1621 3434 ὅτι
1705 3382 1795 3436 καὶ

156 3468 267 3524 οὐδὲ
322 3469 555 3541 λήξεις·
615 3466 765 3522 ἀλλὰ
814 3467 905 3521 καὶ
979 3472 1086 3523 τῶν
1155 3466 1417 3543 δευτὲρων
1494 3470 1794 3543 ἀμεινόνων

158 3558 280 3612 ἐσαεὶ
345 3556 535 3629 λέγειν
586 3552 733 3611 ἔσται
787 3577 919 3629 μοι·
954 3556 1045 3610 καὶ
1092 3555 1310 3619 τούτοις
1352 3561 1471 3621 πῶς
1509 3555 1613 3613 οἷέι
1658 3578 1798 3634 χρη-

162 3648 304 3709 ςτός·
375 3646 716 3720 μαντεύομαι
764 3648 867 3719 γὰρ
919 3648 1016 3715 τήν
1058 3666 1116 3701 υε
1165 3646 1262 3714 σὴν
1314 3645 1468 3724 φύσιν
1523 3644 1684 3709 εἰδὼς
1729 3648 1797 3703 τὰ

162 3742 365 3791 τοιαῦτα
417 3736 752 3810 χαίρουσανο
803 3735 895 3790 καὶ
944 3735 1026 3790 ὅτι
1078 3756 1183 3808 μου
1259 3731 1604 3809 μεμνημένος
1676 3734 1795 3791 δια-

164 3830 338 3898 τελεῖς,
395 3828 535 3901 ἐμοῦ
596 3827 690 3900 μὶν
734 3824 887 3881 οὐδὲν
943 3826 1118 3894 ὄντος,
1177 3827 1254 3888 ὡς
1326 3828 1555 3889 ἅπαντες
1600 3825 1788 3883 ’ίσασι·

167 3916 229 3979 τίς
262 3919 364 3994 γὰρ
418 3922 780 3991 Μαρωνειτῶν
829 3917 920 3970 καὶ
990 3916 1222 3994 Σιφνίων
1275 3917 1531 3990 Ἀθήνῃσι
1579 3915 1788 3994 λόγος;

168 4003 266 4060 ἀλλ’
297 4006 518 4062 οἶκοθεν
545 4005 639 4060 καὶ
668 4005 814 4079 παρά
841 4009 1037 4059 σαυτοῦ
1075 4003 1388 4081 φιλοτίμως
1442 4005 1790 4080 παρακαλού-

170 4116 305 4163 μενος
355 4097 447 4150 ἐπὶ
486 4098 691 4150 ταῦσα·
731 4096 777 4147 εἰ
825 4095 901 4167 μή
950 4094 1039 4149 ναὶ
1089 4096 1239 4168 ἡμᾶς
1269 4093 1347 4156 είς
1384 4094 1617 4169 ἀγαθοὺς
1661 4094 1791 4150 ἑκεί-

166 4204 250 4246 ἰως
286 4187 489 4259 φήσαις
536 4181 737 4254 τελεῖν,
767 4190 868 4253 τῆς
909 4190 1009 4252 σῆς
1054 4180 1101 4238 ε⁹ί
1147 4204 1242 4257 μοι
1296 4179 1465 4246 δίδως
1509 4183 1678 4240 εἰπεῖν
1707 4188 1794 4240 εύ-

167 4275 290 4337 acia;
347 4274 749 4349 τυγχάνοντας,
782 4273 841 4327 οὗ
894 4269 1061 4348 μηδὲν
1115 4269 1414 4342 οὔθ’ἥδιον
1466 4270 1790 4329 οὕτέύδαι-

168 4365 466 4439 ξιονίστερον
499 4362 835 4436 χρήσασθαι.

162 4452 216 4510 in
238 4461 536 4528 posterum
592 4452 779 4510 multo
837 4454 1178 4527 propensior
1227 4453 1545 4526 meliorque
1609 4456 1838 4512 futurus

1931 616 2130 672 missis
2144 616 2287 672 fides
2300 626 2447 675 esset
2459 618 3084 691 ,deprehendi?Verum
3102 623 3258 681 enim
3271 641 3404 683 vero
3421 644 3577 686 unus

1930 710 1989 761 tu
2022 706 2351 763 mortalium
2382 710 2670 778 Optimum
2701 713 2759 766 te
2788 711 2972 779 nobis,
2998 716 3430 790 patronumque
3450 734 3576 775 cer-

1930 793 2229 851 tissimum
2262 797 2611 868 praebuisti,
2637 803 2699 854 tu
2730 800 3056 859 rationibus
3078 804 3294 861 nostris
3314 822 3575 865 commo-

1929 883 2134 957 disque
2160 885 2768 958 egregieconsuluisti,
2788 894 2845 945 tu
2866 891 3001 946 boni
3035 892 3198 950 nobis
3228 896 3384 967 genii
3404 896 3465 953 in
3485 898 3574 954 vi-

1928 988 2055 1030 cem
2088 974 2273 1043 fuisti,
2306 980 2431 1031 tum
2463 976 2523 1033 in
2553 978 2796 1045 caeteris,
2830 980 2903 1035 ob
2935 997 3061 1052 qua:
3093 983 3253 1040 nullo
3286 1001 3399 1042 non
3423 991 3573 1045 tem-

1929 1080 2067 1135 pore
2113 1065 2306 1122 fausta
2361 1066 2576 1138 quasvis
2620 1068 2725 1124 tibi
2781 1069 3057 1127 divinitus
3114 1088 3567 1146 comprecamur,

1929 1171 2046 1210 una
2071 1169 2204 1211 cum
2246 1156 2460 1212 nostris
2499 1158 2654 1227 apud
2713 1160 2934 1215 omneis
2998 1161 3303 1232 praeconiis
3332 1174 3385 1220 et
3416 1182 3573 1237 pisa-

1928 1242 2129 1311 nibus;
2190 1247 2314 1299 tum
2376 1244 2743 1314 potissimum
2830 1249 2985 1318 quod
3065 1266 3198 1307 cum
3256 1254 3410 1309 istuc
3466 1271 3570 1328 pro

1927 1331 2358 1389 studiosissimo
2387 1334 2605 1391 cultore
2653 1339 2755 1392 tuo
2804 1336 3148 1396 Chandreno
3195 1339 3567 1414 deprecatum

1924 1420 2309 1489 venissemus,
2384 1422 2824 1495 benignissime,
2885 1430 2942 1482 et
3010 1431 3459 1499 promptissime,
3518 1438 3574 1491 et

1928 1508 2358 1567 humanissimo
2389 1528 2496 1568 nos
2534 1512 2731 1569 animo
2778 1516 3126 1587 excipiebas,
3168 1523 3226 1574 et
3256 1519 3412 1578 haud
3442 1523 3571 1579 vul-

1926 1600 2048 1672 gari
2087 1602 2362 1658 comitate
2398 1619 2464 1658 ac
2506 1604 2695 1675 gratia
2728 1606 3215 1677 ,complectebarit
3246 1628 3259 1665 :
3312 1617 3369 1668 et
3413 1616 3567 1685 quod

1927 1690 2266 1757 maximum,
2299 1697 2354 1747 et
2392 1691 2566 1763 plane
2606 1693 2892 1765 colophon
2939 1700 3052 1764 est,
3083 1699 3565 1770 perhonoriﬁcam

1924 1778 1996 1833 de
2026 1779 2197 1835 nobis
2229 1780 2480 1859 faciebas
2502 1783 2875 1852 mentionem,
2926 1802 3060 1843 cum
3110 1790 3167 1844 in
3212 1790 3567 1865 colloquium

1925 1883 2059 1923 cum
2094 1884 2208 1923 uno
2240 1870 2390 1925 inter
2410 1870 2680 1927 homines
2709 1871 2879 1944 longe
2909 1875 3150 1946 optimo,
3175 1893 3292 1936 uno
3320 1882 3570 1939 clemen-

1922 1954 2167 2023 tissimo,
2211 1956 2465 2028 bonique
2516 1960 2665 2031 regis
2720 1961 3029 2019 verissimo
3078 1982 3112 2021 a
3153 1970 3360 2024 natura
3410 1971 3568 2028 edito

1922 2044 2261 2115 specimine,
2295 2045 2549 2103 venisses
2583 2052 2686 2103 :ut
2715 2049 2766 2105 is
2818 2049 3200 2123 benignitatis
3249 2072 3369 2113 suae
3410 2058 3568 2115 rivu-

1920 2131 2043 2188 lum
2107 2134 2447 2206 quempiam
2507 2136 2567 2192 in
2628 2153 2734 2194 nos
2783 2138 2957 2195 etiam
3010 2142 3321 2213 derivaret,
3362 2163 3564 2218 eaque,

1919 2236 2169 2293 quorum
2199 2223 2390 2294 gratia
2438 2225 2816 2296 venissemus,
2865 2230 3174 2289 conficeret
3223 2250 3237 2288 :
3285 2237 3568 2307 quemad-

1919 2310 2158 2367 modum
2189 2329 2329 2369 sane
2359 2315 2630 2384 confecit,
2673 2333 2778 2373 sua
2830 2334 3036 2392 nempe
3085 2327 3560 2396 mansuetudine,

1914 2402 2305 2473 atqtte-Linsita
2345 2404 2613 2460 servandi
2668 2406 2984 2475 voluntate,
3037 2426 3262 2482 omnes,
3296 2416 3560 2472 omnium

1916 2504 2118 2561 preces
2149 2490 2302 2547 ultro
2330 2494 2722 2551 anteveniens.
2756 2497 2937 2569 Cujus
2965 2515 3175 2557 nomen
3206 2504 3317 2560 etsi
3348 2506 3561 2562 eximia

1914 2595 2121 2635 ornare
2142 2581 2770 2653 unnequisquestudet
2793 2585 2980 2656 laude,
3002 2604 3169 2646 nemo
3192 2594 3387 2649 tamen
3406 2610 3560 2651 unus

1913 2674 2022 2737 est,
2053 2668 2153 2740 qui
2184 2668 2423 2726 laudare
2469 2686 2537 2727 ex
2586 2673 2792 2730 merito
2822 2681 3020 2747 queat,
3053 2684 3185 2735 utut
3213 2696 3416 2738 omnes
3446 2684 3558 2741 ho-

1914 2759 2103 2813 mines
2133 2758 2331 2815 omnia
2359 2760 2604 2817 dicendo
2636 2764 3025 2834 experiantur.
3066 2766 3350 2826 Continuo
3398 2774 3555 2830 enim

1914 2855 1972 2903 ut
2004 2862 2243 2902 manum
2277 2848 2435 2920 operi
2494 2851 2826 2913 admovent,
2853 2869 2887 2909 a
2939 2853 3221 2928 legitimis
3277 2860 3554 2918 carminis

1915 2936 2104 2993 modis
2135 2936 2422 3005 aberrare,
2454 2953 2556 3010 per
2607 2941 2976 2999 verissimam
3035 2945 3403 3018 imperatoris
3434 2966 3557 3006 om-

1912 3025 2074 3081 nium
2114 3025 2396 3082 virtutum
2430 3027 2816 3100 harmoniam,
2850 3032 3019 3105 longe
3068 3036 3292 3093 musica
3347 3042 3553 3112 quavis

1908 3114 2366 3186 concinniorem,
2390 3119 2853 3190 convincuntur;
2894 3138 2995 3179 seu
3045 3126 3260 3194 verius,
3290 3132 3349 3184 et
3400 3130 3551 3202 ipsis

1907 3202 2057 3260 nihil
2097 3206 2335 3261 absurdi
2384 3210 2441 3262 et
2496 3206 2744 3280 iopinati
2792 3211 3022 3281 accidit,
3081 3229 3147 3271 eo
3195 3217 3353 3288 quod
3400 3219 3553 3276 infra

1906 3294 2396 3366 (magnitudinem
2431 3296 2708 3369 hominis)
2737 3299 3038 3367 decidunt,
3061 3308 3118 3357 et
3146 3320 3281 3361 cum
3314 3323 3413 3377 per
3433 3309 3555 3366 haec

1906 3381 2035 3454 ipsa
2066 3387 2263 3440 tamen
2296 3384 2407 3442 alio
2439 3386 2690 3456 quodam
2722 3391 3137 3447 commendant
3184 3396 3379 3462 modo,
3413 3399 3557 3455 dum

1908 3469 2178 3527 facultate
2203 3472 2435 3530 dicendi
2469 3476 2747 3545 majorem
2763 3492 2892 3533 esse
2914 3478 3317 3539 demonstrant
3341 3500 3354 3550 ;
3390 3486 3556 3544 solus

1906 3559 2031 3631 ipse
2062 3561 2216 3617 enim
2250 3561 2394 3618 satis
2426 3578 2707 3636 magnum
2759 3565 2870 3622 sibi
2901 3567 3080 3625 decus
3110 3574 3232 3639 est;
3269 3577 3325 3628 et
3368 3574 3550 3645 solus,

1905 3648 1953 3704 si
1985 3665 2101 3720 qua
2134 3650 2254 3706 fieri
2277 3657 2497 3722 posset,
2527 3669 2695 3708 suam
2728 3653 2915 3724 ipsius
2958 3656 3218 3729 linguam
3265 3660 3554 3719 laudatri-

1903 3754 2029 3795 ccm
2069 3740 2275 3796 merito
2307 3740 2563 3809 haberet,
2599 3743 3069 3801 cmlestissimam
3118 3746 3278 3805 illam
3309 3755 3366 3807 et
3394 3752 3555 3810 insu-

1905 3829 2242 3899 perabilem,
2274 3846 2400 3901 quis
2431 3846 2671 3888 omnem
2701 3835 2922 3889 mentis
2965 3836 3149 3893 aciem
3183 3837 3392 3897 invicto
3423 3856 3558 3913 gra-

1904 3918 2253 3991 tissimoque
2276 3921 2500 3992 impetu
2532 3921 2734 3979 vincit.
2766 3923 2850 3979 Ita
2881 3928 2944 3979 ut
2966 3925 3193 3997 fulgura
3214 3932 3271 3985 et
3292 3930 3553 3989 tonitrua

1905 4007 2056 4064 ciere
2111 4008 2374 4066 videatur
2430 4010 2708 4083 (Aristop.
2742 4011 3011 4088 Ἀχαρν.
3042 4016 3195 4087 530),
3254 4035 3389 4076 cum
3447 4028 3552 4079 aut

1905 4115 2008 4170 pro
2039 4097 2319 4154 concione
2348 4098 2522 4155 verba
2553 4100 2690 4156 facit
2728 4108 2830 4157 aut
2876 4101 3083 4175 legatis
3114 4121 3396 4179 responsa
3428 4111 3551 4179 dat,

1902 4189 2133 4242 tantum
2176 4186 2235 4241 id
2268 4187 2464 4259 ipsum
2496 4204 2638 4244 sane
2657 4194 2766 4246 est.
2801 4191 2884 4247 Tu
2918 4208 3052 4249 vero
3084 4210 3197 4251 non
3231 4196 3321 4252 bis
3352 4200 3548 4264 modo,

1902 4291 2032 4346 quas
2054 4276 2180 4345 jam
2211 4275 2489 4344 diximus,
2514 4276 2812 4335 beneficus
2841 4296 2979 4353 erga
3002 4299 3108 4338 nos
3151 4284 3334 4351 fuisti,
3361 4302 3553 4360 neque

1903 4366 1993 4422 hic
2032 4366 2179 4423 bene
2210 4367 2472 4423 merendi
2515 4368 2690 4425 finem
2719 4370 2932 4439 fecisti,
2955 4373 3057 4428 sed
3089 4389 3154 4429 eo
3185 4375 3551 4448 etiam,quod

1904 4472 1987 4526 es,
2021 4456 2137 4512 imo
2194 4462 2251 4513 et
2289 4456 2433 4513 illud
2493 4458 2782 4528 adjiciam,
2814 4460 2973 4531 quod
3002 4478 3107 4520 nec
3162 4465 3390 4522 desines
3449 4468 3553 4523 ali-

166 4548 407 4617 quando,
440 4546 714 4618 quodque
739 4560 1041 4617 nunquam
1073 4560 1190 4602 non
1240 4545 1559 4616 posteriora
1607 4563 1854 4620 quaque
1911 4547 2055 4603 mihi
2109 4546 2348 4604 meliora
2400 4564 2601 4605 vocare
2657 4548 2891 4619 licebit;
2942 4562 2996 4607 et
3044 4553 3137 4609 his
3176 4555 3347 4625 igitur
3395 4557 3549 4613 haud

167 4635 328 4692 dubie
356 4637 619 4710 optimus
658 4634 797 4696 eris,
825 4633 883 4689 id
940 4636 1095 4707 quod
1127 4642 1281 4692 recte
1336 4635 1475 4692 hinc
1527 4651 1798 4709 auguror,
1857 4638 2130 4707 quoniam
2189 4641 2245 4693 et
2303 4643 2468 4693 tuum
2526 4639 2823 4709 ingenium
2877 4641 3217 4712 hujusmodi
3274 4645 3551 4703 delectari

163 4725 317 4782 rebus
347 4729 720 4799 perspectum
754 4724 957 4793 habeo,
991 4729 1048 4781 et
1078 4730 1355 4796 perpetua
1387 4724 1499 4782 mei
1530 4727 1680 4797 apud
1714 4730 1771 4783 te
1826 4726 1979 4799 viget
2036 4725 2346 4782 memoria:
2401 4727 2532 4794 mei,
2587 4728 2846 4799 inquam.
2882 4730 3157 4798 hominis,
3191 4735 3342 4803 quod
3380 4751 3550 4792 nemo

157 4818 346 4887 nescit,
378 4814 608 4873 minimi
633 4815 806 4888 plane
836 4814 1023 4885 pretii.
1055 4813 1200 4869 Nam
1229 4830 1355 4886 qua
1388 4814 1808 4872 Maronitarum
1840 4816 2335 4888 Siphniorumque
2363 4816 2602 4873 Athenis
2633 4819 2779 4875 ratio
2804 4820 2831 4875 Ἰ
2860 4820 3077 4879 Verum
3112 4832 3169 4877 tu
3216 4829 3319 4881 tua
3360 4826 3550 4897 ipsius

153 4904 356 4974 indole,
390 4912 449 4961 et
499 4906 607 4962 abs
654 4904 983 4975 temetipso,
1024 4903 1269 4961 honesta
1316 4903 1510 4977 gloria
1564 4906 1899 4979 cupiditate,
1950 4907 2021 4962 ad
2070 4907 2127 4963 id
2179 4908 2577 4978 praestandum
2627 4910 2956 4982 adduceris,
3008 4914 3117 4968 nisi
3171 4914 3412 4971 fortasse
3446 4933 3548 4973 nos

152 4995 280 5053 item
303 4998 364 5052 in
400 4996 689 5053 bonorum
720 4994 969 5051 virorum
1009 5010 1254 5050 numero
1298 4993 1427 5051 ideo
1467 4994 1838 5053 collocandos
1889 5012 2115 5065 censes,
2147 4999 2422 5068 quoniam
2460 5003 2620 5055 tuam
2650 5001 2923 5071 gratiam,
2956 5001 3005 5057 si
3037 5018 3175 5073 pace
3204 5009 3307 5060 tua
3339 5005 3425 5061 fas
3459 5008 3546 5061 di-

148 5099 251 5156 ere,
281 5085 587 5144 consecuti
619 5099 852 5152 sumus,
874 5099 986 5154 quo
1016 5082 1163 5139 nihil
1194 5098 1384 5155 neque
1413 5083 1663 5147 dulcius,
1692 5100 1877 5157 neque
1909 5087 1978 5142 ad
2007 5101 2183 5141 usum
2215 5086 2446 5143 felicius
2477 5103 2602 5145 esse
2632 5094 2825 5161 queat.

205 5179 280 5234 A'.
312 5176 421 5239 Οἷς
448 5176 650 5229 ἅπασιν
684 5173 851 5244 ἡμεῖς
884 5167 1227 5247 ἀντιδίδομεν
1263 5170 1404 5229 ἄλλο
1457 5172 1552 5246 μὶν
1588 5170 1740 5228 οὐδέν
1768 5191 1781 5207 ⁸

1970 5174 2062 5229 IV.
2098 5176 2318 5242 Quibus
2343 5177 2615 5234 omnibus
2638 5178 2782 5235 nihil
2814 5195 2921 5234 nos
2950 5180 3214 5251 equidem
3261 5182 3418 5240 aliud
3452 5198 3546 5241 re‘

140 5262 190 5322 οὔ
221 5266 331 5342 γὰρ
366 5263 487 5320 οἷόν
539 5283 600 5319 τε
641 5258 759 5317 οὐδ’
790 5260 841 5315 ἓν
899 5260 1116 5321 τούτοις
1168 5263 1364 5334 ἡμεῖς·
1417 5264 1486 5335 τῇ
1536 5260 1680 5336 τύχῃ
1731 5261 1787 5318 δὲ

121 5360 288 5434 χάριν
323 5353 554 5424 εἰδότες,
590 5354 679 5408 ὅτι
708 5372 796 5406 σοι
827 5352 1093 5426 παρέσχεν
1144 5350 1473 5425 ἀποχρῶσαν
1523 5349 1662 5419 ὕλην
1713 5351 1789 5415 εἷς

112 5446 381 5519 ὲπὶδειξιν
412 5451 516 5514 τῆς
547 5448 652 5511 σῆς
685 5440 883 5512 ἀρετῆς
1013 5441 1213 5503 πάντας
1268 5440 1562 5513 ἐξέπληξας
1586 5458 1599 5471 ’
1639 5440 1784 5515 μᾶλ-

134 5535 213 5590 λον
246 5533 309 5591 δὲ
342 5537 432 5590 καὶ
466 5530 846 5609 συγχαίρομεν
879 5531 1044 5605 ταύτῃ
1067 5549 1080 5561 ·
1117 5532 1200 5585 ὅτι
1248 5528 1482 5604 καθάπερ
1512 5533 1638 5593 τοὺς
1690 5529 1783 5585 ἄλ-

141 5623 247 5690 λους
279 5626 375 5681 καὶ
407 5625 469 5680 at
510 5621 763 5680 δοκοῦσα
793 5620 1161 5694 κοσμεῖν,ὑπὸ
1190 5625 1298 5675 τῶν
1328 5622 1433 5673 σῶν
1469 5618 1601 5690 αὕτη
1624 5618 1780 5674 κεκόο

1902 5264 2235 5335 pendimus,
2269 5266 2503 5338 quando
2572 5267 2693 5322 fieri
2756 5268 2864 5323 hoc
2921 5268 3139 5339 nequit,
3185 5286 3289 5327 nec
3346 5288 3411 5328 ea
3443 5290 3547 5330 nos

1897 5353 2233 5411 conditione
2261 5371 2493 5422 sumus,
2527 5356 2639 5412 nisi
2688 5361 2754 5411 ut
2782 5357 3020 5414 fortunis
3078 5364 3270 5431 grates
3327 5361 3544 5421 habea-

1899 5459 2054 5510 mus,
2086 5460 2213 5516 quas
2244 5443 2350 5502 tibi
2372 5445 2642 5502 idoneam
2675 5461 2871 5502 rerum
2939 5448 3244 5505 materiam
3278 5467 3544 5509 exseren-

1896 5531 1980 5587 dte
2014 5534 2247 5589 virtutis
2281 5539 2418 5603 tum,
2448 5549 2562 5607 qua
2593 5539 2834 5592 cunctos
2864 5536 2921 5590 in
2971 5540 3269 5608 stuporem
3310 5540 3537 5611 dedisti,

1896 5621 2105 5692 largita
2146 5622 2273 5680 fuit.
2307 5623 2434 5679 Sive
2465 5622 2550 5680 illi
2583 5624 2775 5695 potius
2798 5624 3185 5696 gratulamur,
3227 5628 3534 5701 quodcum
