4062 6308
523 363 635 424 38Ἲ

1829 357 2225 419 THEODULI
2272 357 2620 418 MONACHI

3775 359 3875 421 388

525 497 583 548 te
612 488 846 560 perinde
887 493 1060 559 atque
1114 492 1347 542 caeteros
1407 502 1611 541 ornare
1660 485 1780 540 visa
1838 491 2012 551 esset,
2049 486 2163 540 tuis

2304 505 2508 556 εμηται,
2543 483 2602 539 οὺ
2639 488 2861 556 μεῖον,ἢ
2892 487 3020 548 τοὺς
3049 484 3257 550 ἄλλους
3285 485 3417 556 αὕτη
3452 493 3671 558 κοσμεῖ”
3705 487 3760 541 οὐ
3787 490 3874 561 γὰρ

523 581 646 652 ipsa
681 595 792 633 non
828 576 1018 631 minus
1051 580 1325 631 exornata
1371 575 1696 630 luminibus
1759 574 1949 642 fuerit,
1989 591 2162 645 quam

524 671 649 740 ipsa
682 667 824 722 alios
883 669 1064 719 ornet.
1121 666 1344 736 Quippe
1386 681 1499 719 non
1561 665 1630 718 ad
1691 681 1756 719 ea
1818 665 2009 729 modo,
2041 680 2166 734 qua:

529 775 674 830 opus
705 760 861 819 sunt,
897 760 1048 810 recte
1079 753 1450 824 intelligenda
1482 770 1618 809 sane
1650 770 1824 825 quam
1872 753 2167 823 perspicax

527 863 611 914 es,
647 845 764 900 sive
798 843 1013 898 rectius
1047 860 1059 897 :
1113 841 1275 897 Viam
1322 842 1582 896 invenire
1614 846 1921 913 promptus
1952 859 1982 897 ο
2023 840 2168 896 sale-

528 936 648 991 bris
681 932 872 998 meris,
906 939 964 986 ut
995 931 1075 986 ait
1101 931 1404 1002 lEschylus
1425 933 1629 1004 (Προμ.
1662 938 1822 1001 Δετμ.
1854 930 2170 1000 59);atque

529 1025 695 1093 longe
725 1022 880 1077 idem
909 1020 1040 1076 aliis
1071 1019 1344 1076 omnibus
1375 1020 1699 1090 sapientius
1731 1020 1789 1074 in
1818 1037 1877 1075 re
1907 1035 2164 1091 quacun-

533 1131 644 1185 que
676 1109 990 1183 proposita,
1025 1127 1153 1180 quas
1183 1126 1249 1164 ex
1298 1125 1404 1164 usu
1457 1109 1727 1180 praesenti
1775 1109 1915 1178 sint,
1949 1125 2080 1164 cum
2113 1110 2171 1164 in

531 1202 791 1260 medium
847 1199 1103 1255 consulis
1152 1199 1461 1270 verbisque
1504 1198 1776 1269 explicas,
1823 1206 1936 1253 lum
1997 1199 2175 1269 digna

530 1291 915 1364 prudentibus
948 1287 1204 1345 consiliis
1227 1290 1448 1344 ratione
1478 1306 1647 1360 opere
1666 1289 1792 1360 ipso
1816 1290 2174 1360 exsequeris,

532 1387 704 1452 atque
735 1383 814 1436 ita
871 1379 1104 1450 quidem
1166 1385 1338 1445 certe,
1374 1379 1536 1451 quasi
1601 1396 1712 1434 non
1767 1378 1878 1434 alio
1925 1379 2174 1450 expediri

531 1489 624 1529 res
651 1470 824 1526 modo
869 1473 1088 1540 posset,
1149 1485 1347 1524 verum
1404 1469 1603 1535 etiam,
1671 1468 1841 1522 melle
1889 1468 2175 1523 dulciorm

533 1561 818 1632 linguam,
855 1575 968 1630 prae
999 1559 1236 1613 Nestore
1267 1557 1364 1611 illo
1405 1557 1725 1626 Homerico,
1759 1554 1888 1626 (Ἰλ.
1922 1557 1987 1623 α’,
2027 1557 2178 1626 249.)

535 1651 735 1712 habes,
764 1648 1014 1718 Etuisque
1074 1645 1245 1717 plane
1287 1647 1340 1699 in
1384 1646 1560 1701 labris
1620 1647 1800 1700 suada
1853 1645 2176 1701 efﬂorescit.

537 1743 624 1810 (ex
660 1736 961 1809 Eupolide.
998 1736 1081 1802 Δτς
1106 1735 1302 1806 μοις),
1337 1740 1391 1790 et
1431 1735 1645 1789 ﬂumen
1699 1736 1980 1791 orationis
2005 1751 2176 1806 quam

2277 573 2400 627 ὅσον
2433 571 2604 636 δεινὰς
2636 574 2668 627 ’ἁ
2699 581 2938 648 προσῆκε
2969 581 3198 631 συνεῖναι
3225 595 3237 607 ·
3289 575 3500 648 μᾶλλον
3544 578 3633 647 μὲν
3676 575 3759 630 οὖν
3800 576 3875 630 καὶ

2274 661 2441 735 πύρον
2489 663 2538 735 ἐξ
2589 662 2890 738 ἀμηχάνων
2939 667 3057 718 κατ’
3086 664 3365 740 Αἰσχύλον
3415 666 3609 738 εὗρεῖν,
3640 665 3721 718 καὶ
3771 669 3874 738 περὶ

2277 751 2473 812 παντὸς
2532 752 2589 806 ἂν
2646 751 2865 824 ἄμεινον
2925 758 3118 816 παντὸς
3193 756 3416 810 ὁτουοῦν
3502 751 3876 828 βεϐουλεῦσθαι,

2277 842 2365 894 καὶ
2425 840 2590 896 εἰπεῖν
2648 843 2712 896 τὰ
2770 842 2973 918 καίρια,
3006 844 3094 897 καὶ
3150 846 3344 918 πρᾶξαι
3391 849 3499 898 τῶν
3547 839 3878 918 βεϐουλευμέ-

2277 952 2380 984 νων
2439 931 2619 1001 ἀξίως,
2655 935 2744 986 καὶ
2802 934 2878 994 ὡς
2936 933 3033 987 οὐκ
3090 933 3147 987 ἂν
3199 933 3384 996 ἄλλως
3418 933 3594 1006 ἐξείη·
3627 932 3762 990 ἀλλὰ
3803 935 3880 988 καὶ

2279 1021 2526 1093 γλῶτταν
2585 1020 2723 1090 ἡδίω
2785 1021 3004 1094 μέλιτος
3066 1021 3245 1098 ’ίσχεις
3325 1024 3455 1097 ὑπὲρ
3521 1025 3608 1078 τὸν
3663 1026 3881 1096 Ὀμήρου

2282 1110 2560 1182 Νέστορα⁸
2607 1111 2695 1165 καί
2746 1132 2839 1165 σου
2879 1113 3048 1167 πειθὼ
3095 1119 3209 1174 τοῖς
3262 1113 3500 1187 χείλεσιν
3540 1113 3777 1168 ἐπανθεῖ·
3808 1114 3882 1166 καὶ

2282 1202 2392 1273 ῥεῖς
2453 1199 2583 1276 ἄγαν
2628 1199 2962 1274 περιδεξίως,
2993 1203 3079 1256 καὶ
3133 1207 3247 1263 τοῖς
3296 1203 3604 1278 πράγμασιν
3647 1202 3884 1279 ἀτεχνῶς.

2282 1289 2369 1351 Τίς
2430 1287 2486 1343 δὲ
2543 1289 2684 1344 οὕτω
2743 1296 2857 1351 τοῖς
2915 1298 3041 1345 πᾶσι
3101 1293 3343 1364 χρηστὸς
3384 1292 3473 1346 καὶ
3531 1291 3787 1358 ἐπιεικὴς,
3812 1290 3890 1342 καὶ

2287 1381 2419 1454 πρὸς
2452 1382 2544 1440 τὰς
2585 1384 2692 1434 τῶν
2735 1384 3061 1454 πενεστέρων
3107 1380 3330 1453 ὁμιλίας
3383 1378 3720 1454 εὐπροσόδως
3763 1374 3890 1457 ἔχων

2286 1469 2375 1522 καὶ
2433 1467 2662 1542 ἱλαρῶς,
2696 1468 2875 1541 ὥσπερ
2931 1491 3012 1530 τις
3063 1472 3243 1542 πατὴρ
3275 1470 3441 1538 ἤπιος
3469 1465 3568 1539 ἔξω
3599 1471 3783 1528 παντὸς
3811 1469 3892 1521 τοῦ

2286 1565 2383 1626 τῆς
2411 1558 2588 1633 τύχης
2621 1559 2826 1621 εἰκότος
2857 1579 2869 1629 ;
2905 1561 3084 1621 Μόνος
3145 1558 3203 1614 δέ
3249 1561 3309 1614 σὺ
3360 1565 3465 1615 τῶν
3510 1559 3743 1632 δημοσίᾳ
3794 1559 3896 1612 πώ-

2286 1669 2415 1702 ποτε
2471 1647 2946 1721 πολιτευσαμένων
3013 1649 3074 1704 οὖ
3133 1648 3368 1705 πλοῦτον
3415 1650 3713 1722 ἐθαύμασας
3785 1645 3892 1701 ἄδι-

2290 1757 2402 1806 κον,
2437 1735 2548 1791 οὐδ’
2579 1735 2714 1800 ἰδίας
2774 1737 2928 1793 ἕνεκα
2985 1739 3291 1809 πλεονεξίας
3353 1741 3414 1793 τὸ
3463 1743 3620 1810 κοινῇ
3657 1736 3900 1813 συμφέρον

537 1827 898 1893 dexterrime,
936 1826 1224 1895 rebusque
1283 1824 1422 1895 ipsis
1472 1825 2018 1880 convenientissima
2056 1825 2178 1878 fun-

2304 1824 2561 1900 ταρεῖδες,
2624 1823 2916 1899 λαμϐάνων
2983 1829 3100 1882 ὅθεν
3182 1827 3386 1902 μέμψις
3465 1823 3779 1900 λαμϐάνειν,
3824 1824 3899 1878 καὶ

539 1915 650 1969 dis.
684 1912 893 1967 Adhmc
923 1912 1051 1982 quis
1109 1927 1274 1982 asque
1329 1927 1465 1982 erga
1522 1927 1723 1967 omnes
1767 1912 2085 1979 beneficus,
2126 1915 2182 1966 et

540 2001 906 2058 tenuioribus
929 2001 1069 2056 adeo
1103 2001 1268 2056 facile
1301 1999 1576 2069 affabilis,
1609 2011 1662 2056 et
1693 2002 1891 2072 comis,
1928 2007 1992 2058 ut
2024 2003 2181 2058 mitis

544 2090 834 2165 quispiam
898 2094 1060 2160 pater
1090 2087 1190 2159 (Ὶλ
1235 2089 1292 2141 ω’
1339 2090 1486 2160 770),
1548 2089 1723 2160 idque
1779 2095 1979 2148 contra
2009 2108 2184 2163 quam

543 2186 790 2240 fortuna
820 2181 1060 2253 locoque
1090 2187 1190 2238 tuo
1221 2189 1675 2238 consentaneum
1708 2200 1832 2240 esse
1873 2185 2138 2240 videatur
2161 2185 2188 2238 Ἰ

545 2275 655 2331 Sed
689 2279 746 2328 et
775 2289 839 2327 ex
862 2271 954 2341 iis,
989 2271 1087 2342 qui
1123 2271 1239 2326 ullo
1273 2288 1524 2343 unquam
1551 2290 1690 2342 avo,
1728 2273 1785 2327 in
1837 2274 2066 2344 publico
2099 2290 2186 2330 re-

547 2379 676 2420 rum
710 2359 963 2416 civilium
992 2368 1119 2415 actu
1168 2361 1376 2415 versati
1435 2362 1612 2428 fuere,
1674 2378 1823 2417 unus
1891 2368 1952 2417 tu
2011 2379 2186 2434 opum

548 2453 896 2522 injustarum
931 2450 1388 2520 haudquaquam
1424 2450 1664 2506 mirator
1722 2451 1904 2519 fuisti,
1948 2469 2050 2507 nec
2080 2453 2189 2522 pri-

548 2552 744 2598 vatum
777 2541 1146 2596 commodum
1182 2545 1349 2594 tuum
1384 2541 1710 2598 rationibus
1740 2543 2067 2614 reipublieae
2090 2561 2193 2598 an-

551 2633 770 2703 tiquius
801 2630 1078 2696 habuisti,
1111 2629 1447 2700 accipiendo
1478 2631 1755 2686 nimirum
1790 2632 1942 2687 unde
1966 2635 2197 2704 probro-

555 2737 686 2776 sum
730 2725 882 2775 esset
923 2718 1203 2789 accipere,
1264 2724 1320 2773 et
1371 2720 1523 2774 unde
1581 2720 1678 2774 alii
1729 2738 1865 2777 suas
1933 2721 2198 2793 lugerent

553 2812 814 2881 jacturas
845 2825 857 2871 ;
895 2808 1010 2862 imo
1057 2823 1190 2862 vero
1223 2813 1280 2863 tu
1337 2809 1583 2875 honesti,
1613 2815 1671 2864 et
1711 2810 1879 2880 justi,
1913 2817 1971 2866 et
2010 2813 2196 2867 decori

562 2900 823 2954 ordinem
845 2897 904 2952 in
937 2897 1208 2952 omnibus
1234 2898 1611 2959 observando,
1643 2900 1816 2954 etiam
1852 2899 2202 2955 maledicen-

563 2988 823 3043 tissimos
873 3001 1133 3058 quosque
1179 2985 1626 3042 calumniatores
1675 2991 1909 3042 tuarum
1963 2988 2202 3043 laudum

568 3093 861 3149 praecones
902 3081 1104 3132 nactus
1137 3093 1219 3134 es.
1254 3077 1533 3133 Caeterum
1559 3080 1712 3149 quod
1750 3079 1837 3136 vel
1878 3081 2062 3136 solum
2097 3080 2206 3136 ad—

566 3177 872 3232 miratione
911 3175 1156 3246 dignum
1214 3179 1322 3241 est,
1384 3175 1645 3246 quodque
1705 3178 1898 3232 omnia
1942 3180 2206 3234 omnium

2290 1917 2409 1971 ὅθεν
2467 1913 2641 1990 ἕτεροι
2699 1915 3062 1971 κλαύσονται·
3120 1915 3267 1972 ἀλλὰ
3322 1919 3419 1986 τὴν
3464 1923 3563 1972 τοῦ
3612 1917 3775 1972 καλοῦ
3828 1914 3904 1967 καὶ

2291 2003 2500 2060 δικαίου
2561 2006 2647 2059 καὶ
2706 2005 3002 2080 πρέποντος
3061 2007 3204 2077 τάξιν
3251 2004 3338 2062 διὰ
3385 2009 3602 2062 πάντων
3649 2003 3907 2082 φυλάττων

2292 2095 2380 2149 καὶ
2437 2099 2564 2156 τοὺς
2622 2099 2717 2150 τοῦ
2780 2095 3078 2168 βασκαίνειν
3136 2097 3389 2170 τεχνίτας
3444 2095 3722 2155 ἐπαινέτας
3776 2094 3914 2161 ἐκτή-

2299 2207 2396 2242 σω.
2429 2184 2602 2241 Ἀλλά
2664 2185 2757 2256 μὲν
2814 2187 2874 2239 τὸ
2938 2187 3095 2258 μόνον
3147 2186 3422 2258 θαύματος
3473 2185 3646 2256 ἄξιον,
3677 2184 3760 2239 καὶ
3789 2188 3917 2236 πᾶσι

2295 2274 2512 2349 γλῶσσα
2565 2280 2680 2336 τοῖς
2740 2281 2898 2328 πᾶσιν
2937 2275 3041 2342 ἀεὶ,
3073 2278 3106 2343 ἡ
3168 2277 3290 2347 περὶ
3333 2276 3430 2337 τὰς
3483 2277 3690 2346 μούσας
3721 2273 3914 2344 κατοχὴ

2296 2367 2386 2419 καὶ
2447 2365 2702 2440 βακχεία,
2734 2366 2820 2419 καὶ
2870 2366 2931 2419 τὸ
2984 2366 3128 2439 παρὰ
3185 2365 3394 2420 πάντων
3450 2365 3501 2419 ἐν
3552 2366 3764 2425 τούτοις
3802 2363 3920 2436 ἀφε-

2300 2454 2530 2523 στηκός⁶
2591 2447 2798 2507 ἅπαντα
2853 2453 2952 2526 γὰρ
3002 2452 3178 2528 λόγων
3240 2451 3356 2522 ε’ίδη
3433 2454 3521 2507 καὶ
3596 2459 3761 2507 πᾶσαν
3819 2447 3923 2503 ἐπι-

2301 2544 2517 2613 στήμην
2577 2544 2754 2616 φέρεις
2820 2541 2870 2595 ἐν
2929 2545 2997 2614 τῇ
3055 2545 3246 2616 ψυχῇο
3308 2543 3396 2596 καὶ
3458 2539 3614 2597 οὐδὲν
3659 2543 3685 2596 δ
3733 2561 3783 2593 τι
3837 2538 3923 2590 οὐκ

2304 2629 2505 2703 ἄκρως,
2560 2629 2636 2694 είς
2718 2633 2782 2700 ἦν
2872 2633 3075 2684 ἅπαντα
3162 2633 3423 2706 χρήματα
3501 2629 3922 2706 συγκεράννυττι,

2306 2718 2486 2794 ὥσπερ
2532 2718 2606 2783 ε’ίς
2638 2741 2754 2774 τινα
2784 2723 3024 2793 κρατῆρα
3054 2722 3234 2775 κοινόν
3263 2741 3273 2752 ⁸
3307 2722 3398 2774 καὶ
3457 2723 3560 2775 οὐκ
3615 2717 3717 2795 ἄρα
3770 2719 3924 2791 ῥητο-

2309 2817 2466 2882 ρικῆς
2511 2809 2694 2882 μόνον,
2732 2807 2855 2864 οὐδὲ
2899 2816 2996 2876 τῆς
3045 2815 3142 2864 τοῦ
3195 2809 3485 2872 Πλάτωνος
3536 2808 3786 2878 τελετῆς,
3817 2802 3924 2859 οὐδὲ

2310 2899 2510 2968 ταύτης
2565 2899 2598 2967 ἢ
2662 2898 2868 2968 ἐκείνης
2924 2905 3026 2967 τῆς
3082 2898 3390 2970 ἐπιστήμης
3449 2894 3562 2953 ἔστι
3627 2919 3712 2954 σοι
3743 2897 3922 2968 λόγος’

2315 2986 2457 3042 ἀλλά
2504 2987 2592 3041 καὶ
2628 2988 2662 3055 ἢ
2711 2991 2817 3042 τῶν
2863 2986 3146 3058 Ὀλύμπου
3195 2987 3530 3062 πραγμάτων
3588 2981 3920 3060 δημαγωγοὺς

2313 3076 2627 3144 ἀνθρώπους
2658 3081 2804 3130 ποιεῖ
2833 3075 2920 3129 καὶ
2953 3075 3207 3152 σοφιστὰς
3237 3072 3288 3129 ἐν
3326 3075 3518 3150 αἰθέρι,
3555 3074 3774 3130 οὐκέτ’
3810 3071 3922 3124 ἐπι-

2317 3164 2548 3237 ψαύειν
2603 3164 2754 3218 ποσὶ
2800 3166 2997 3238 γαίης
3056 3161 3442 3234 δοκοῦντας,
3484 3164 3650 3219 ὅταν
3709 3161 3927 3230 ἄστρων

564 3283 662 3322 ora
699 3237 1044 3337 linguasque
1098 3237 1375 3335 perpetuo
1400 3237 1692 3337 'occu-pat,
1743 3270 1881 3321 tuus
1920 3265 2023 3322 isle
2055 3270 2194 3324 circa

2320 3256 2594 3316 πυκινὰς
2644 3251 3114 3331 ἀμφιδρόμους
3165 3253 3523 3328 ἰχνεύωσιν
3576 3252 3837 3313 ἕλικας·
3883 3246 3935 3299 οὗ

564 3356 759 3411 Musas
795 3353 1025 3410 afﬂatus
1057 3359 1109 3408 et
1160 3353 1458 3409 bacchatio
1490 3358 1596 3425 est,
1638 3359 1694 3410 et
1727 3355 1783 3410 in
1820 3355 1890 3410 iis
1935 3373 2208 3414 concessa

562 3446 633 3501 ab
664 3444 939 3501 omnibus
973 3442 1577 3515 palma.0mnesenim
1609 3444 1936 3502 orationum
1962 3448 2202 3518 species,

562 3551 803 3590 omnera
816 3532 1116 3588 scientiam
1135 3532 1192 3586 in
1206 3532 1398 3588 animo
1421 3532 1785 3603 circumfers,
1802 3535 2064 3607 nihilque
2091 3553 2206 3592 non

561 3622 1116 3680 excellentissimum
1150 3622 1209 3677 in
1242 3623 1500 3677 modum.
1541 3622 1623 3678 Ita
1655 3640 1785 3679 vero
1817 3623 1876 3680 in
1899 3625 2206 3681 animotuo

564 3731 654 3769 res
676 3729 875 3769 omnes
905 3711 1081 3784 probe
1123 3712 1415 3784 permistis
1483 3718 1642 3780 sunt,
1702 3712 1859 3770 velut
1925 3714 1983 3770 in
2042 3731 2201 3770 com—

565 3805 724 3859 muni
748 3805 1000 3876 quodam
1033 3807 1271 3858 cratere.
1305 3804 1478 3874 Atqui
1513 3820 1616 3859 nec
1663 3810 1818 3860 artes
1862 3805 2051 3861 solum
2085 3823 2209 3861 ora-

564 3893 762 3960 torias,
796 3909 983 3964 neque
1013 3909 1176 3948 sacra
1207 3896 1263 3946 et
1295 3892 1459 3946 initia
1500 3893 1811 3959 Platonica,
1854 3910 2037 3964 neque
2059 3896 2208 3950 hanc

565 3983 846 4037 duntaxat
876 3982 1154 4052 illamque
1186 3980 1546 4052 disciplinam
1581 3985 2077 4052 complectendam
2103 3984 2207 4039 tibi

564 4071 797 4138 statuis,
831 4071 928 4126 sed
965 4069 1124 4125 illam
1157 4070 1379 4138 itidem,
1410 4087 1536 4141 quae
1571 4071 1840 4128 homines
1872 4089 2065 4128 rerum
2089 4090 2209 4129 cce-

565 4159 797 4216 testium
849 4159 1190 4229 interpretes
1235 4159 1614 4231 doctoresque
1646 4159 1928 4231 publicos,
1961 4167 2017 4216 et
2051 4178 2205 4218 exer-

566 4252 769 4309 citatos
814 4250 874 4305 in
927 4250 1134 4307 aethere
1193 4250 1529 4321 sophistas:
1591 4251 1748 4307 Haud
1794 4253 1940 4308 ultra
1984 4253 2211 4324 pedibus

564 4345 875 4412 contingere
900 4350 1124 4402 terram,
1159 4339 1337 4396 videri
1355 4341 1510 4408 facit,
1543 4357 1675 4396 cum
1696 4341 1885 4398 densas
1897 4343 2137 4398 siderum
2159 4347 2210 4398 et

568 4432 917 4487 revolubile“
947 4432 1124 4501 spiras
1147 4431 1407 4501 orbesque
1453 4431 1739 4501 vestigant.
1782 4433 1960 4503 Cujus
1993 4434 2207 4504 negotii

571 4537 843 4592 perquam
879 4521 1082 4590 exigua
1137 4526 1192 4576 et
1239 4520 1505 4584 vulgaria
1563 4527 1766 4577 nactus
1807 4522 2090 4590 subsidia,
2141 4525 2208 4578 ad

2320 3347 2515 3417 μικρὰς
2575 3341 2640 3413 δή
2699 3365 2843 3406 τινας
2911 3345 3000 3398 καὶ
3061 3343 3266 3420 φαύλος
3299 3342 3544 3420 εἰληφὼς
3581 3336 3937 3421 ἀφυρμὰς,εἷς

2315 3428 2500 3507 ἕσχατ⁹
2531 3433 2726 3509 ἀφίκου
2782 3439 2880 3501 τῆς
2932 3431 3240 3504 ἐπιστήμης
3294 3431 3478 3498 αὐτὸς,
3516 3437 3603 3503 τῷ
3669 3429 3809 3504 παρᾶ
3860 3428 3941 3479 σοῦ

2315 3522 2615 3598 πεφυκὸτν
2677 3523 2794 3576 ὅθεν
2873 3523 2958 3576 καὶ
3037 3529 3134 3590 τῆς
3195 3519 3508 3592 Ὀλυμπίου
3590 3514 3941 3594 προσηγορίας

2317 3610 2650 3686 δικαιότερος
2711 3610 2770 3666 ἂν
2821 3609 2932 3681 ε’ίης
2989 3613 3278 3686 τυγχάνειν
3329 3613 3491 3672 αὐτὸς
3543 3613 3748 3670 παντὸς
3807 3614 3945 3678 Περι-

2315 3700 2508 3761 κλέους
2529 3720 2541 3732 °
2579 3702 2638 3755 σὺ
2672 3697 2718 3754 δ’
2749 3699 2798 3755 ἐν
2829 3699 3130 3754 τοσούντων
3166 3696 3439 3772 ἐπομϐρίᾳ
3468 3697 3794 3777 φροντίδων,
3829 3690 3944 3767 μηδ’

2317 3791 2563 3846 ἀναπνεῖν
2629 3791 2703 3853 ὡς
2775 3790 2941 3845 εἰπεῖν
2997 3789 3196 3856 ἐωσῶν,
3257 3789 3346 3844 καὶ
3425 3789 3635 3864 λόγουσ
3711 3786 3947 3842 ἑκάστοτε

2317 3881 2516 3942 τίκτεις
2565 3880 2762 3941 παντὸς
2815 3877 3173 3954 σχολάζοντα,
3208 3880 3358 3952 ῥᾷον,
3393 3879 3536 3933 οὕτω
3588 3877 3655 3948 δή
3711 3899 3794 3932 τοι
3826 3894 3950 3947 κρα-

2315 3971 2532 4032 τίστους
2582 3970 2670 4023 καὶ
2721 3969 3204 4041 πεφροντισμένως
3260 3962 3458 4041 ἁϐρῶς,
3504 3969 3581 4031 ὡς
3633 3965 3809 4022 δοκεῖν
3857 3964 3951 4016 ὕπὸ

2318 4065 2549 4114 Μουσῶν
2599 4079 2655 4112 τε
2705 4061 2791 4113 καὶ
2836 4058 3081 4129 Χαρίτων
3135 4055 3394 4135 ὒφσὶνθαι·
3443 4056 3528 4111 καὶ
3596 4058 3672 4118 ὡς
3727 4052 3858 4126 μηδ’
3902 4052 3952 4106 ἂν

2316 4150 2479 4210 αὐτὰς
2533 4149 2725 4210 ταύτας
2784 4143 3145 4203 ἀναϐαλέσθαι
3194 4147 3389 4217 ἥδιον·
3451 4149 3598 4203 οὕτω
3659 4150 3796 4221 πρὸς
3871 4147 3957 4197 σοῦ

2323 4241 2492 4312 μόνου
2549 4240 2615 4292 τὰ
2659 4242 2883 4293 τοῖαῦτα
2933 4240 3228 4312 περαίνειν,
3295 4237 3338 4291 ὦ
3389 4240 3702 4312 πρόσχημα
3770 4238 3960 4310 τέχνης

2321 4328 2408 4382 καὶ
2467 4326 2643 4401 λόγων
2700 4328 3062 4399 αὐτοκράτορ,
3116 4326 3203 4380 καὶ
3260 4324 3451 4399 λογίου
3503 4327 3678 4388 τύπος
3739 4327 3958 4397 Ἑρμοῦ,

2320 4418 2408 4472 καὶ
2466 4417 2600 4492 πρὸς
2660 4415 2785 4477 τοὺς
2858 4413 3082 4486 ἄλλους,
3149 4415 3328 4488 ὥσπερ
3379 4417 3529 4476 ἀετὸς
3593 4416 3645 4470 ἐν
3700 4415 3961 4492 νεφέλαις.

2322 4517 2478 4566 Δοκεῖ
2537 4509 2593 4566 δέ
2658 4531 2748 4583 μοι
2800 4510 2885 4564 καὶ
2949 4511 3270 4583 Πυθαγόρας
3325 4509 3553 4571 τούτους
3607 4509 3762 4578 ἰδὼν,
3795 4505 3961 4576 εἷγάρ

571 4610 806 4666 ultimas
841 4609 1090 4664 scientia
1123 4609 1286 4665 illius
1321 4620 1501 4666 metas
1534 4611 1713 4666 insita
1750 4611 1969 4682 ingenii
2002 4612 2053 4666 vi
2088 4629 2190 4683 pro

2324 4601 2411 4656 καὶ
2463 4601 2649 4675 πόρῥω
2707 4604 2873 4654 ταῦτα
2921 4604 3016 4652 τοῦ
3083 4601 3196 4652 καθ’
3256 4601 3403 4671 ἡμᾶς
3481 4596 3800 4672 συνεδρίου,
3850 4594 3964 4650 ἀλλ’

569 4707 768 4756 vectus
799 4715 880 4754 es.
916 4698 1078 4754 Unde
1119 4703 1174 4754 et
1205 4699 1456 4771 Olympii
1489 4707 1936 4771 cognomentum
1980 4700 2218 4757 meliore

571 4790 740 4860 plane
772 4791 918 4862 jure,
955 4805 1130 4861 quam
1166 4791 1413 4846 Pericles
1453 4791 1735 4861 quispiam
1790 4793 2047 4846 mereris.
2081 4792 2212 4847 Jam

571 4889 630 4936 tu
673 4881 847 4936 etiam
880 4878 1026 4934 inter
1048 4882 1133 4934 tot
1162 4895 1455 4946 curarum,
1488 4897 1618 4951 quas
1641 4885 1717 4945 te,
1752 4897 1927 4952 prope
1949 4881 2214 4949 dixerim,

572 4971 664 5024 vix
711 4968 982 5040 spiritum
1044 4967 1256 5022 ducere
1305 4967 1530 5034 sinunt,
1594 4969 1831 5024 imbreis
1900 4970 2216 5024 identidem

574 5065 764 5114 tamen
828 5057 1114 5113 orationes
1167 5056 1332 5126 paris,
1391 5063 1563 5127 atque
1619 5060 1843 5114 minore
1883 5059 1936 5113 id
1982 5060 2217 5130 quidem

575 5145 804 5219 negotio
837 5161 1014 5217 quam
1049 5144 1201 5200 alius
1256 5145 1572 5216 quisquam
1626 5147 1741 5202 otio
1792 5147 2130 5214 abundans;
2167 5159 2223 5203 et

574 5237 677 5291 has
710 5236 850 5290 adeo
883 5240 1246 5306 prastantes,
1274 5235 1416 5290 adeo
1453 5235 1611 5292 molli
1665 5241 1721 5292 et
1754 5237 2224 5294 delicatoelabo-

2330 4688 2419 4744 οὖν
2466 4691 2700 4762 εἰρήσθω
2749 4711 2834 4765 γε,
2883 4690 3082 4750 ἐκεῖνος
3135 4689 3308 4744 τοίνον
3361 4686 3510 4763 ε’ίπερ
3561 4690 3736 4764 ἐώρα,
3790 4687 3967 4761 ἔφησεν

2326 4779 2384 4834 ἄν
2431 4801 2486 4834 σε
2515 4783 2612 4848 τὴν
2647 4780 3023 4851 Δημοσθένους
3072 4778 3106 4847 ἢ
3156 4779 3448 4838 Πλάτωνος
3493 4781 3690 4856 ψυχὴν
3747 4772 3967 4852 ἐσχηκέ-

2325 4889 2447 4924 ναι·
2479 4870 2684 4924 τούτων
2734 4867 2798 4937 δὴ
2849 4873 2954 4923 τῶν
3007 4874 3111 4922 σῶν
3163 4873 3251 4922 νῦν
3309 4869 3402 4941 μὲν
3432 4869 3688 4942 ἑταίρων,
3723 4867 3894 4922 πάλαι
3924 4861 3973 4916 ’δὲ

2329 4964 2677 5033 γυμναστῶν,
2727 4957 2962 5021 πολλοῖς
3020 4958 3108 5012 καὶ
3170 4957 3428 5032 μεγάλοις
3487 4955 3842 5031 ἐρειδὸμενος
3896 4975 3973 5008 τεο

2331 5052 2618 5127 κμηρίοις,
2651 5050 2792 5104 οὕτω
2841 5071 2924 5103 τοι
2971 5050 3144 5104 πάντα
3188 5051 3255 5104 τὰ
3304 5051 3367 5103 σὰ
3419 5047 3718 5114 διαπαντὸς
3747 5054 3845 5105 τοῦ
3891 5067 3977 5101 κα-

2333 5141 2444 5202 λῶς
2506 5141 2734 5209 ἥκοντος
2783 5137 2935 5217 Ἱσχει
2972 5158 2984 5170 ·
3046 5141 3132 5194 καὶ
3210 5137 3278 5192 δι’
3353 5139 3592 5213 ἀνάγκης
3664 5138 3981 5196 ἐθελουσίου

2335 5233 2647 5306 θαυμαστὰς
2680 5230 2915 5286 ἅπαντας
2957 5231 3235 5300 κέκτησαι.

580 5330 734 5381 ratas
765 5324 968 5393 filo,ut
1001 5343 1032 5380 a
1065 5325 1246 5380 Musis
1299 5324 1440 5395 ipsis
1471 5325 1802 5397 Gratiisque
1861 5334 2127 5397 pertextae
2165 5327 2486 5393 videantur,
2544 5329 2601 5380 et
2655 5331 2718 5377 ut
2767 5339 2837 5378 ne
2895 5322 2978 5377 ha:
3029 5322 3266 5394 quidem
3304 5326 3439 5394 ipse
3508 5325 3758 5381 suavius
3825 5323 3987 5397 quid-

583 5417 714 5470 dam
750 5415 1142 5482 modulentur,
1173 5415 1503 5470 adeotuum
1559 5416 1736 5471 unius
1765 5432 1908 5488 opus
1939 5422 2049 5482 est,
2083 5417 2202 5471 haec
2235 5415 2482 5485 perfecte
2542 5418 2834 5486 praestare,
2893 5429 2925 5466 o
2984 5414 3192 5485 ingens
3247 5417 3389 5470 artis
3448 5415 3631 5485 hujus
3695 5418 3897 5480 decus,
3938 5419 3991 5467 et

585 5506 902 5576 imperator
932 5505 1282 5573 orationum,
1315 5509 1368 5559 et
1429 5504 1696 5560 Mercurii
1756 5506 2036 5561 facundiae
2087 5503 2348 5575 praesidis
2404 5503 2647 5574 effigies,
2705 5512 2758 5556 et
2800 5516 2935 5556 cum
2983 5503 3114 5559 aliis
3144 5503 3370 5574 collato,
3403 5506 3556 5561 velut
3595 5505 3805 5577 aquila
3835 5520 3989 5577 quae-

587 5598 720 5652 dam
755 5595 807 5649 in
847 5595 1122 5649 nubibus.
1153 5593 1608 5666 Videluritaque
1652 5595 1793 5650 mihi
1852 5597 2224 5667 Pythagoras,
2250 5593 2387 5648 visis
2441 5593 2803 5648 orationibus
2855 5593 2988 5658 tuis,
3050 5611 3384 5668 quanquam
3432 5597 3586 5651 enim
3647 5595 3828 5669 longe
3882 5596 3994 5650 haec

588 5707 629 5759 ιι,
657 5690 856 5742 nostro
899 5683 1410 5754 (Christianorum)
1471 5685 1738 5754 synedrio
1797 5684 2128 5751 abhorrent,
2160 5688 2219 5740 at
2275 5682 2546 5740 dicantur
2583 5682 2682 5738 illa
2738 5689 2932 5741 tamen
2997 5702 3009 5740 :
3069 5686 3175 5742 has
3232 5685 3328 5742 ille
3385 5687 3557 5757 igitur
3619 5685 3672 5741 si
3730 5686 3996 5751 vidssset,
