4062 6308
185 404 278 468 389
1075 403 1364 466 ORATIO
1411 404 1515 463 AD
1560 404 1963 467 NIPHONEM
2009 406 2605 469 PATHIARCHAM.
3428 416 3550 479 390

186 535 302 591 haud
359 535 533 591 dubie
576 535 840 593 dicturus
894 544 1038 604 erat,
1093 542 1149 594 te
1203 538 1622 597 Demosthenis
1722 543 1823 596 aut
1879 540 2133 597 Platonis
2185 541 2456 598 habuisse
2510 542 2794 609 animam,
2852 547 3084 602 tuorum
3146 547 3254 605 hoc
3309 550 3548 621 quidem

185 630 404 695 tempore
434 624 841 693 familiarium,
873 625 1012 682 olim
1045 633 1241 685 autem
1276 628 1711 701 magistrorum.
1752 628 1811 685 ld
1844 631 1997 701 quod
2060 630 2265 687 multis
2321 632 2671 704 magnisque
2727 634 3095 691 documentis
3145 638 3432 696 subnixus
3473 641 3551 697 di-

183 719 353 769 cturus
380 718 541 780 erat;
576 715 632 769 in
661 719 893 771 tantum
927 719 1030 773 tua
1057 717 1275 785 omnia,
1306 720 1454 787 quod
1490 718 1793 790 pulchrum
1844 724 2268 791 venustumque
2321 725 2428 789 est,
2478 721 2535 777 id
2606 722 2821 794 ubique
2880 728 3311 795 consectantur,
3371 733 3430 785 et
3487 735 3549 787 tu

182 804 474 860 voluntaria
503 805 757 875 quadam
790 808 1220 864 necessitudine
1246 809 1584 865 constrictos
1612 826 1817 867 omnes
1842 810 2225 867 admiratores
2252 813 2384 866 tuos
2417 810 2616 867 habes.

1033 1012 3094 1042 ..______________________________

499 1189 1938 1370 ΘΕΟΔΟΥΛΟΥ
2074 1201 3238 1382 ΜΟΝΑΧΟΥ

1766 1465 1925 1516 ΗΤΟΙ

841 1638 1333 1768 ΘΩΜΑ
1433 1641 1779 1771 ΤΟΥ
1879 1642 2887 1777 ΜΑΓΙΣΤΡΟΥ

390 1872 606 1923 ΛΟΓΟΣ
648 1869 1228 1923 ΠΡΟΣΦΩΝΗΤΙΚΟΣ
1272 1872 1381 1922 ΕΙΣ
1422 1871 1553 1924 TON
1597 1873 2113 1927 ΠΑΝΔΓΙΩΤΔΤΟΝ
2157 1873 2271 1928 ΚΑΙ
2312 1874 2841 1931 ΟΙΚΟΥΜΕΝῙΚΟΝ
2879 1877 3315 1933 ΙΙΑΤΡΙΔΡΧΗΝ

1614 1963 1757 2015 ΚΥΡ.
1802 1965 2097 2017 ΝΙΦΩΝΑ.

825 2257 1855 2425 THEODULI
1967 2259 2890 2428 MONACHI

1089 2685 1726 2807 THOMAB
1816 2685 2631 2809 MAGISTRI

1442 2904 1709 2961 ORATIO
1737 2904 2165 2962 GRATULATO
2175 2905 2293 2962 RIA

686 2995 1205 3060 SANCTISSIMO
1237 2996 1338 3059 ET
1380 2994 1859 3058 (ECUMENICO
1894 2998 2438 3072 PATRIARCHE,
2474 2999 2659 3061 DOM.
2692 3001 3049 3062 NIPHONI.

1826 3179 1903 3190 η*

254 3330 319 3386 ΑΖ
351 3328 564 3399 Ἐπειδὴ
629 3328 694 3383 σὺ
758 3329 852 3399 μὲν
924 3332 1055 3383 Θεοῦ
1116 3324 1359 3388 διδόντος
1434 3334 1533 3396 τῆς
1594 3329 1858 3399 ἁπασῶν,

1996 3334 2036 3389 l.
2075 3336 2458 3403 Posteaquam
2491 3333 2549 3385 tu
2587 3346 2789 3403 nuper,
2836 3330 2933 3386 Dei
2988 3346 3229 3388 munere
3278 3348 3344 3388 ac
3402 3332 3570 3389 bene-

206 3418 418 3489 ξιεγίστης
475 3415 685 3486 ἐπέϐης
742 3422 943 3492 ἀρχῆς,
976 3416 1161 3472 πολλᾶ
1224 3418 1481 3490 βιασθεὶς,
1533 3418 1619 3471 καὶ
1675 3417 1810 3490 πρὸς

1974 3424 2078 3488 cio,
2124 3421 2291 3478 istam
2341 3421 2602 3476 omnium
2655 3420 2972 3476 maximam
3023 3421 3389 3492 dignitatem,
3440 3437 3578 3477 sane

205 3507 279 3572 τήν
322 3508 544 3582 ανάγκην
617 3507 719 3562 οὐκ
774 3507 1124 3580 ἀντειρηκὼς,
1181 3507 1243 3561 τὸ
1320 3505 1377 3561 δὲ
1451 3513 1550 3575 τῆς
1618 3509 1809 3582 φήμης

1975 3530 2100 3568 unm
2136 3515 2398 3575 coactus,
2430 3515 2486 3566 et
2515 3511 2849 3566 necessitati
2885 3511 3165 3566 duntaxat
3224 3527 3336 3566 non
3397 3511 3579 3567 recla-

206 3593 499 3677 ἑκασταχόσε
548 3598 776 3670 παρῄει,
826 3597 907 3658 τίς
948 3594 1009 3650 ἂν
1060 3596 1226 3650 εἰπεῖν
1264 3591 1386 3670 ἔχοι
1442 3597 1532 3649 τὸν
1568 3614 1810 3670 συνενεχ·

1972 3619 2115 3669 lens,
2166 3599 2380 3664 adiisti,
2440 3599 2684 3669 ejusque
2739 3599 2817 3654 rei
2862 3599 3015 3654 fama
3059 3599 3116 3653 in
3167 3614 3368 3655 omnes
3418 3601 3576 3655 orbis

209 3685 333 3740 θέντα
367 3689 559 3761 κρότον
621 3687 816 3742 ἅπασιν
844 3704 857 3753 ;
889 3687 966 3740 (ὶύ
1013 3687 1118 3760 γὰρ
1166 3687 1217 3740 οἱ
1274 3687 1366 3758 μὶν
1411 3685 1609 3755 ταύτην
1661 3686 1813 3760 εἶχον

1971 3690 2105 3745 ostri
2144 3691 2331 3759 partes
2360 3688 2518 3753 exiit,
2570 3703 2738 3743 nemo
2798 3687 2964 3743 facile
3020 3688 3246 3749 dixerit,
3303 3686 3402 3759 qui
3447 3691 3568 3744 tum

205 3775 284 3838 τήν
307 3777 543 3847 γνώμην,
582 3778 637 3831 οἱ
677 3773 724 3829 δ’
755 3776 949 3849 ἑτέρως
995 3794 1089 3850 γε·
1125 3774 1249 3830 οὐδὲ
1296 3776 1496 3844 ταύτην
1543 3776 1638 3848 μὶν
1693 3775 1809 3829 ποίν¹

1960 3780 2082 3851 puri
2121 3777 2420 3833 universos
2468 3776 2736 3832 homines
2787 3777 3022 3832 obortus
3072 3777 3246 3833 fuerit
3303 3775 3564 3849 plausus.

205 3881 289 3930 τες,
318 3864 374 3919 οὗ
414 3866 549 3922 κατᾶ
598 3865 769 3919 ταυτα
816 3861 889 3931 δὲ,
924 3864 997 3926 ὡς
1042 3863 1168 3924 τοὺς
1220 3865 1312 3937 μὲν
1349 3862 1587 3937 μᾶλλον,
1612 3865 1739 3925 τοὺς
1774 3862 1809 3918 δ

1964 3869 2053 3922 lon
2087 3867 2240 3922 enim
2273 3866 2366 3921 alii
2403 3866 2569 3932 hanc,
2608 3865 2703 3920 alii
2749 3865 2922 3921 aliam
2983 3866 3274 3922 habebant
3329 3870 3568 3923 senten-

202 3952 337 4016 ἧττον
365 3955 708 4029 γεγανῶσθαι
757 3955 825 4025 τῇ
867 3955 1051 4029 φήμῃ,
1085 3954 1174 4008 καὶ
1221 3952 1348 4013 τοὺς
1403 3953 1496 4024 μὶν
1549 3954 1624 4015 ὡς
1676 3953 1806 4023 ἀλη·

1973 3975 2071 4013 .am
2100 3978 2115 4026 ;
2152 3971 2339 4029 neque
2372 3972 2575 4011 rursus
2607 3956 2871 4011 eamdem
2901 3955 3138 4028 quidem
3202 3971 3425 4025 omnes,
3481 3957 3577 4012 sed

203 4040 308 4111 θῶς,
334 4045 454 4105 τοὺς
499 4041 547 4098 δ’
581 4042 637 4097 ἐν
685 4045 975 4120 σχήματιο
1022 4040 1149 4097 ἀλλ’
1195 4041 1374 4115 ὥσπερ
1419 4048 1607 4111 κοινῆς
1655 4041 1807 4117 εὐχῆ;

1979 4065 2049 4103 on
2081 4047 2280 4103 eodem
2317 4044 2486 4118 plane
2517 4049 2915 4117 comparatam
2951 4047 3148 4111 modo,
3180 4062 3246 4102 eo
3286 4047 3436 4117 quod
3486 4047 3583 4103 alii

201 4128 535 4205 τελεσθείσης,
599 4133 636 4201 ἤ
696 4153 841 4193 τινος
919 4135 1054 4203 ἡμῖν
1119 4130 1368 4208 ἐξαίφνης
1444 4130 1536 4186 ἀπ’
1590 4131 1805 4204 οὖρανοῐ

1983 4137 2090 4202 Ius,
2116 4136 2212 4191 alii
2249 4136 2443 4190 minus
2476 4134 2652 4190 allato
2687 4135 2891 4190 nuntio
2941 4135 3424 4203 exhilararentur,
3459 4152 3587 4208 pars

200 4221 448 4284 κατιόντος
500 4223 585 4277 ἐπ’
648 4219 972 4293 εὐδαιμονίᾳ
1026 4225 1123 4276 τοῦ
1170 4221 1378 4296 γένους,
1430 4221 1573 4275 οὕτω
1628 4222 1804 4276 πάντες

1989 4243 2077 4282 em
2111 4242 2179 4281 ex
2208 4226 2424 4291 animo,
2456 4241 2592 4298 pars
2625 4223 2897 4280 simulate
2926 4243 2939 4293 ;
2972 4225 3070 4281 sed
3108 4241 3239 4281 vero
3290 4225 3444 4280 velut
3493 4241 3592 4298 pu-

200 4306 276 4365 τᾶνς
331 4313 550 4385 γνώμας
613 4308 897 4385 ἔσχομεν’
933 4310 1019 4367 καί
1079 4331 1175 4381 μοι
1231 4309 1518 4383 δοκοῦμεν,
1571 4307 1703 4381 μηδ’
1765 4308 1804 4363 ἃ·

1984 4315 2069 4371 Iici
2103 4314 2407 4385 cujusdam
2452 4314 2565 4368 voti
2627 4312 2890 4368 damnati
2950 4329 3233 4382 essemus,
3289 4318 3389 4369 aut
3446 4313 3588 4370 ccelo

207 4397 334 4454 αὐτοὶ
374 4398 713 4477 δεδεγμένοι,
760 4406 1021 4456 τοσοῦτον
1073 4403 1340 4470 ἡσθῆναν
1392 4398 1605 4474 μᾶλλον
1648 4397 1705 4454 δὶ
1754 4401 1811 4453 ὡς

1985 4406 2253 4476 uisquam
2302 4406 2558 4474 repente,
2621 4402 2689 4457 ad
2739 4403 2968 4474 generis
3004 4402 3187 4458 nostri
3236 4403 3589 4471 felicitatem,

208 4484 254 4538 ἓν
304 4491 449 4545 αὐτοὶ
510 4489 853 4565 δεδεγμένοι,
890 4490 1026 4565 μέγα
1085 4494 1409 4567 φρονοῦμεν,
1472 4488 1801 4564 λογιζόμενο

1985 4493 2110 4547 nbis
2160 4492 2436 4564 delapsus
2478 4492 2702 4559 fuisset,
2754 4490 2833 4545 ita
2898 4491 3064 4559 plane
3120 4490 3328 4546 animis
3384 4507 3589 4547 omnes

213 4576 287 4644 μὶν
335 4579 398 4634 τὰ
450 4583 710 4655 πρόσθεν,
748 4579 1047 4642 ἐννοοῦντες
1098 4580 1154 4634 δὲ
1207 4580 1295 4633 καὶ
1332 4581 1398 4634 τὰ
1445 4583 1532 4632 νῦν
1586 4576 1675 4633 διὰ
1732 4582 1817 4632 σοῦ

1989 4582 2360 4637 Γῐὶοὶρὺειωυιι.
2393 4582 2738 4651 Quanquam
2775 4579 2914 4635 mihi
2952 4596 3113 4646 sane,
3152 4595 3255 4636 nec
3285 4581 3330 4634 si
3360 4581 3428 4634 ad
3466 4587 3593 4635 vota

213 4667 343 4720 πᾶσιν
412 4670 678 4742 ἐσόμενα·
766 4669 1158 4745 συγχαίροντες
1244 4669 1337 4741 μὲν
1403 4671 1539 4740 ἡμῖν
1618 4668 1817 4731 αὐτοῖς,

1992 4675 2005 4723 ι
2037 4686 2170 4742 spes
2202 4673 2426 4726 nostrae
2460 4684 2773 4724 concessus
2798 4668 2964 4724 nobis
2996 4669 3229 4737 fuisses,
3260 4674 3379 4724 tam
3412 4668 3596 4724 etlusa

217 4758 570 4832 τδγχαίροντες
619 4755 677 4813 δὲ
707 4758 795 4813 καὶ
834 4763 993 4813 πᾶσιν
1025 4758 1332 4829 ἀνθρώποις
1360 4779 1371 4792 ο
1406 4758 1488 4811 ὅτι
1547 4763 1645 4826 τῆς
1696 4757 1821 4831 ἀγα·

1991 4759 2290 4814 xsullaturi
2322 4758 2625 4813 videamur
2658 4756 2877 4823 laetitia,
2911 4759 3031 4814 sive
3048 4759 3261 4827 verius,
3308 4758 3456 4830 quod
3524 4761 3595 4822 te,

224 4843 303 4911 θῆς
354 4848 525 4922 τύχης
587 4851 679 4901 νῦν
724 4848 918 4911 πάντες
961 4849 1035 4910 ὡς
1074 4846 1298 4916 ἀληθῶς
1329 4847 1713 4920 πειρασόμεθα,
1747 4844 1828 4898 καῖ

1994 4866 2122 4903 uem
2159 4849 2269 4919 ipsi
2304 4847 2753 4919 optavissemus.
2789 4852 3042 4920 accepto,
3068 4864 3225 4903 nunc
3249 4863 3598 4919 magnopere

218 4935 291 4983 νῦν
354 4933 674 5010 εὐδαιμονία
737 4938 851 5008 μετ’
893 4937 1190 5011 ἀνθρώπων
1248 4936 1476 5007 οἰκήσει,
1528 4934 1822 5006 ἐξαληλιμι

1993 4938 2286 4997 loriemur.
2321 4936 2537 5006 Nempe
2573 4936 2787 5007 pariter
2807 4941 2928 4993 tum
2954 4936 3141 5009 priora
3176 4937 3478 4992 nobiscum
3514 4953 3597 4992 re-

224 5020 373 5088 μένων
409 5027 499 5097 μὲν
530 5025 803 5099 κατάκρας
834 5029 941 5081 τῶν
988 5047 1046 5081 τε
1096 5023 1207 5096 ἰδίᾳ
1256 5024 1569 5079 λυπούντων
1604 5024 1828 5096 ἑκάστῳ,

1996 5030 2253 5091 utentes;
2279 5029 2403 5080 tum
2436 5026 2631 5082 animo
2654 5026 3074 5097 praecipientes,
3102 5042 3228 5097 quas
3264 5043 3361 5095 per
3391 5030 3443 5080 te
3469 5042 3600 5081 mox

221 5109 296 5162 καὶ
336 5117 433 5166 τῶν
463 5118 664 5169 κοινῶν
716 5112 1021 5189 δυσχερῶν,
1053 5115 1126 5176 ὡς
1177 5112 1307 5188 μηδ’
1344 5112 1738 5192 ὑπολελεῖφθαι
1766 5119 1825 5187 τῇ

1995 5134 2053 5170 su
2091 5117 2364 5170 omnibus
2396 5118 2635 5169 ventura
2667 5120 2805 5170 sunt
2837 5132 2848 5169 :
2887 5118 3059 5186 atque
3100 5120 3156 5170 et
3214 5114 3382 5171 nobis
3434 5115 3599 5186 ipsis,

231 5202 429 5275 μνήμῃ·
490 5203 1001 5279 ἄντεισενεχθέντων
1064 5200 1119 5258 δὲ
1190 5203 1365 5271 ἡδέων
1433 5204 1523 5257 καὶ
1596 5206 1835 5276 τερπνῶν

1991 5205 2327 5261 tuniversis
2358 5206 2693 5261 hominibus
2737 5205 3117 5276 gratulantes,
3170 5206 3322 5277 quod
3381 5207 3595 5262 bonam

228 5286 302 5338 καὶ
353 5291 608 5365 χαρίτων,
667 5292 756 5348 καὶ
814 5291 1076 5361 πλείστης
1148 5292 1280 5358 ὅσης
1369 5293 1672 5364 ἔκτισταχοῦ
1739 5297 1832 5360 τῆς

1992 5312 2154 5350 mnes
2187 5296 2476 5349 fortunam
2532 5310 2683 5350 nunc
2733 5294 2966 5349 demum
3025 5295 3317 5364 experturi
3377 5294 3595 5352 simus:

233 5373 484 5452 βακχείας.
534 5382 872 5456 σκιρτώντων
934 5382 1179 5436 ἁπάντων
1242 5381 1327 5436 ἐπὶ
1392 5389 1640 5455 χρηστῆς
1710 5382 1837 5436 ὑπο

1997 5385 2105 5439 uod
2143 5384 2386 5455 ipsaque
2420 5401 2571 5438 nunc
2603 5384 2753 5439 inter
2785 5384 3050 5440 homines
3070 5383 3428 5439 domicilium
3461 5384 3595 5439 habi

233 5462 422 5531 θέσεως.
473 5473 534 5525 Ἃ
594 5471 765 5527 πάλαι
844 5473 938 5541 μὲν
1017 5470 1338 5542 ἐποθοῦμεν,
1405 5469 1534 5525 ἰδεῖν
1613 5469 1669 5526 δὲ
1745 5472 1837 5524 οὐκ

1995 5491 2088 5528 ura
2112 5473 2187 5528 sit
2211 5473 2488 5529 felicitas:
2522 5472 2867 5529 oblitteratis
2900 5473 3155 5545 penitus,
3194 5477 3316 5528 tum
3352 5473 3443 5528 his
3475 5490 3599 5542 quae

236 5550 442 5624 ἀπήντα.
488 5559 796 5634 Ἠλγοῦμεν
848 5559 906 5615 δὲ
955 5563 1320 5637 ἀτυχοῦντες·
1378 5562 1566 5631 μόναις
1616 5558 1673 5615 δὲ
1726 5565 1840 5622 ταῖς

1998 5561 2225 5617 rivatim
2253 5577 2542 5633 quemque
2566 5562 3060 5631 cruciabsnl,tum
3088 5563 3335 5635 publicis
3360 5564 3600 5618 infortu-

241 5640 403 5715 ιῦχαῖς
494 5646 736 5704 ἐλείπετο
827 5650 1088 5726 χρῆσθαι,
1175 5648 1552 5721 θαλπομένους
1640 5648 1842 5709 ἐλπίσι,

2002 5652 2073 5705 iis
2100 5668 2111 5705 :
2134 5651 2213 5706 ita
2234 5655 2294 5707 ut
2317 5668 2388 5707 ne
2404 5651 2415 5705 i
2432 5669 2461 5705 n
2480 5651 3005 5722 memoriaquidem
3020 5653 3274 5725 amplius
3289 5653 3599 5719 resideant,

242 5734 503 5807 Τοιγαροῦν
551 5740 635 5793 καὶ
692 5740 910 5816 γεγονε-
974 5738 1064 5793 καὶ
1125 5739 1351 5793 τοσοῦτό
1417 5760 1495 5811 γε,
1559 5738 1653 5793 dic’
1714 5739 1845 5813 ὑπὶρ

2001 5758 2278 5813 orumque
2323 5740 2448 5797 loco
2495 5740 2748 5796 reductis
2800 5741 3077 5813 jucundis
3132 5747 3189 5796 et
3248 5742 3541 5807 suavibus,
3576 5757 3605 5797 e
