4062 6308
479 378 590 441 391

1782 381 2178 444 THEODULI
2224 378 2581 439 MONACHI

3747 383 3849 442 392

475 518 700 591 gratiis,
733 525 786 574 et
815 519 1100 574 immensa
1145 517 1362 589 ubique
1394 517 1734 574 bacchantis
1789 517 2002 574 laetitiae
2043 518 2094 572 vi

2237 517 2312 569 ὧν
2363 515 2511 575 ὅπως
2562 511 2706 570 ἔσται
2759 519 2876 576 ταῖς
2905 515 3094 590 εὐχαῖς
3128 514 3349 588 εἴχομεν
3383 519 3634 590 χρῆσθαι,
3667 523 3851 571 τούτων

476 608 866 679 omnibusque
906 608 978 662 ob
1029 615 1143 662 tam
1183 607 1396 663 bonam
1447 624 1684 664 causam
1736 608 1877 663 mire
1933 608 2118 678 tripu-

473 698 790 753 diantibus.
824 698 957 762 Qum
989 697 1213 753 dudum
1246 697 1748 763 desiderabamus,
1782 698 1884 753 sed
1931 696 2118 752 oculis

475 805 756 860 usurpare
787 805 901 842 non
937 788 1146 844 licebat
1180 803 1193 842 :
1230 793 1405 860 atque
1437 796 1498 843 ut
1530 789 1900 844 frustratione
1942 803 2116 860 ange-

471 879 696 944 bamur,
728 877 808 932 ita
836 877 978 932 solis
1031 877 1108 932 uti
1166 879 1332 939 votis,
1389 877 1555 932 nobis
1614 895 1720 948 spe
1767 876 2113 945 calentibus,

469 966 761 1038 reliquum
793 970 933 1022 erat.
968 967 1354 1031 Quamobrem
1401 966 1621 1022 factum
1680 966 1737 1020 id
1797 981 1950 1020 nunc
2005 968 2113 1020 est.

471 1061 536 1111 Et
567 1061 793 1112 tantum
827 1056 972 1112 illud
1006 1057 1264 1123 omnino,
1317 1062 1383 1111 ut
1439 1058 1934 1127 quemadmodum
1997 1072 2110 1127 quo

2227 605 2376 668 ὅπως
2416 603 2702 667 διαπαντὸς
2754 603 3049 660 ἀπολαύειν
3095 605 3301 676 ἐξέσται
3345 612 3462 668 ταῖς
3509 609 3692 685 εὐχαῖς
3737 604 3848 686 ἕχο-

2231 715 2324 767 μεν
2377 697 2638 767 χρῆσθαι.
2670 699 2837 750 Τοῦτο
2887 694 2952 762 ἦν
3008 696 3109 769 ἄρα
3157 697 3256 763 τὴν
3303 702 3409 769 γῆν
3460 697 3592 768 πρὸς
3641 704 3852 772 καρπῶν

2227 786 2472 841 ἁπάντων
2523 783 2788 859 ἐρρῶσθαι
2841 787 3035 862 φορὰν,
3086 787 3173 840 καὶ
3225 785 3688 862 φιλοτιμήσασθαι
3747 796 3851 850 ταῖς

2227 881 2436 952 γοναῖς,
2489 873 2668 946 ὥσπερ
2720 896 2778 948 γε
2826 882 2924 944 τῆς
2978 873 3291 946 μελλούσης
3337 875 3516 954 τύχης
3547 875 3851 952 ἀξιολόγους

2225 963 2372 1024 τινὰς
2399 963 2648 1041 ἂφορμᾶς
2699 965 3161 1036 παρεσκευακὸτος
3211 969 3305 1016 τοῦ
3357 963 3525 1031 θείου,
3560 962 3851 1028 δεικνύντος

2223 1052 2455 1106 ἐντεῦθεν
2486 1053 2585 1120 τὴν
2619 1051 2882 1123 ἐσομένην
2921 1052 3192 1126 βοήθειαν,

467 1149 587 1204 hac
617 1149 840 1214 fierent,
874 1147 1117 1204 antehac
1147 1149 1294 1202 votis
1326 1152 1525 1220 optare
1547 1148 1925 1213 habebamus,
1957 1147 2038 1202 ita
2069 1161 2223 1202 nunc
2255 1149 2318 1199 ut
2347 1148 2624 1217 perpetuo
2670 1145 2754 1200 eis
2815 1145 2929 1199 frui
2988 1145 3158 1200 nobis
3217 1143 3405 1214 liceat,
3463 1146 3608 1202 votis
3665 1156 3850 1218 Optan-

465 1239 605 1294 dum
638 1237 982 1292 habeamus.
1016 1240 1196 1307 Atque
1228 1237 1336 1292 hoc
1366 1237 1561 1308 ipsum
1595 1237 1750 1292 haud
1785 1237 1956 1292 dubie
1985 1244 2126 1302 eral,
2156 1235 2310 1307 quod
2371 1235 2454 1289 ita
2513 1235 2741 1306 copioso
2771 1235 2942 1290 tellus
2993 1240 3194 1290 nostra
3247 1236 3539 1291 fructuum
3599 1237 3850 1292 omnium

465 1331 744 1400 proventu
776 1344 962 1397 nuper
992 1327 1333 1393 abundaret,
1375 1332 1433 1381 et
1462 1327 1772 1382 ambitiosa
1802 1327 2053 1398 quadam
2102 1325 2455 1381 fecunditate
2513 1323 2846 1390 luxuriaret,
2892 1324 3007 1380 Deo
3062 1325 3340 1380 nimirum
3401 1327 3606 1381 futuras
3691 1328 3851 1397 hujus

463 1417 705 1474 fortunae
737 1425 946 1472 nostrae
972 1417 1121 1471 velut
1150 1415 1486 1485 przeclaram
1521 1416 1836 1485 quamdam
1873 1415 2168 1470 lementim
2197 1415 2318 1485 jam
2353 1419 2611 1485 parante,
2645 1417 2817 1485 atque
2866 1415 3128 1469 futurum
3187 1414 3324 1470 inde
3376 1420 3849 1487 praemonstrante

465 1505 768 1561 auxilium.

536 1596 604 1651 II.
645 1596 854 1651 Verum
887 1595 1180 1650 enimvero
1212 1610 1316 1649 nec
1365 1609 1614 1665 magnus
1671 1595 1982 1665 imperator
2040 1610 2105 1647 ex

463 1685 573 1740 hoc
606 1685 807 1740 aberat
836 1685 1083 1740 theatro.
1130 1685 1336 1740 Nostrae
1391 1684 1749 1754 columenque
1814 1691 1866 1739 et
1923 1682 2104 1752 gloria

2289 1594 2358 1646 B'.
2391 1591 2465 1649 Οὐ
2519 1593 2627 1663 μὴν
2679 1591 2822 1646 ἀλλὰ
2868 1593 2959 1646 καὶ
3015 1591 3265 1666 βασιλεὺς
3299 1593 3325 1645 ὁ
3361 1594 3524 1668 μέγας
3576 1594 3672 1648 οὐκ
3715 1595 3848 1662 ἀπῆν

2215 1683 2657 1754 τοῦθεάτρου,τὸ
2685 1680 2880 1755 γαίης
2920 1679 3220 1754 ἐρικυδὲς
3256 1681 3558 1758 ἕρεισμα’
3584 1682 3728 1740 ἀλλὰ
3749 1685 3848 1738 τῶν

461 1779 628 1831 terrae
656 1774 920 1846 (Oppian.
956 1780 1194 1846 Κυνηγ.
1231 1779 1295 1842 α’,
1326 1776 1398 1843 1),
1442 1776 1540 1830 sed
1601 1781 1656 1830 et
1702 1776 1828 1848 ipse
1872 1780 2097 1834 tuarum

2212 1773 2346 1826 κατά
2397 1775 2492 1826 σοῦ
2544 1767 2786 1842 θορύϐων
2833 1771 2921 1825 καὶ
2965 1771 3173 1844 κρότων
3235 1770 3483 1828 ἐκοινώνε
3541 1774 3632 1828 καὶ
3681 1775 3848 1834 οὗτος.

461 1863 948 1920 acclamationum
975 1863 1406 1935 plausuumque
1440 1869 1662 1935 partem
1690 1866 1926 1930 ferebat,
1951 1869 2104 1938 quod

462 1952 766 2025 praeteritis
808 1954 1026 2009 caeteris
1076 1954 1160 2007 tui
1209 1953 1387 2008 unius
1437 1956 1716 2010 rationem
1782 1955 2102 2022 habuisset,

458 2042 590 2106 viri,
626 2059 750 2113 quae
784 2042 1174 2113 particulatim
1219 2043 1364 2098 alios
1414 2043 1746 2112 honestant,
1802 2047 2101 2114 perfectis-

459 2131 607 2187 sime
649 2132 846 2186 omnia
913 2131 1217 2203 complexi.
1284 2133 1570 2188 Caeterum
1619 2150 1748 2189 cum
1816 2134 2000 2188 multa
2049 2140 2105 2190 et

461 2237 668 2291 magna
699 2221 1028 2292 imperatori
1069 2221 1127 2276 in
1157 2222 1601 2277 admirationem
1649 2223 1963 2290 sufficiant,
2014 2225 2105 2279 vix

459 2325 755 2365 recensere
788 2315 997 2380 tamen,
1033 2315 1174 2382 quot
1203 2315 1260 2365 et
1307 2316 1524 2381 quanta
1571 2311 1707 2377 sint,
1743 2311 1874 2383 quis
1906 2319 2099 2383 queat.

460 2399 590 2455 Sive
620 2399 815 2469 potius
848 2415 1002 2462 eum,
1033 2399 1132 2470 qui
1159 2401 1512 2470 optimarum
1548 2400 1783 2456 laudum
1838 2403 2102 2457 omnium

455 2489 820 2544 verissimum
849 2494 1192 2561 prytaneum
1224 2495 1336 2556 est,
1369 2499 1423 2545 et
1454 2492 1552 2561 qui
1577 2491 1648 2545 'in
1705 2495 1934 2546 tantum
1982 2509 2102 2548 om-

462 2578 634 2634 nibus
655 2579 709 2633 in
770 2579 941 2635 rebus
998 2595 1340 2635 concessum
1400 2587 1557 2635 tenet
1597 2579 2006 2652 principatum,
2040 2587 2103 2636 ut

455 2684 658 2724 omnes
691 2669 948 2736 omnino,
980 2674 1270 2742 quotquot
1311 2669 1657 2724 claritudine
1696 2671 1980 2724 virtutum
2013 2671 2103 2724 in-

455 2757 654 2830 signes
683 2757 990 2826 habentur,
1026 2760 1074 2812 si
1107 2758 1189 2813 illi
1221 2759 1460 2814 secundi
1494 2759 1632 2825 sint,
1664 2758 1808 2812 nihil
1848 2759 2102 2830 amplius

455 2853 669 2919 optent.
705 2848 827 2902 Imo
857 2864 991 2903 vero
1023 2848 1282 2920 ipsorum
1313 2849 1448 2903 inde
1497 2847 1841 2903 inclarescat
1895 2849 2099 2920 gloria,

456 2936 616 2991 nulla
647 2937 730 2990 illi
765 2937 908 3008 parti
943 2937 1170 2992 decoris
1209 2937 1464 2992 delibata
1512 2942 1690 3007 parte.
1727 2937 1865 2991 Eum
1899 2938 2098 3008 igitur,

453 3027 608 3082 hunc
633 3026 802 3098 plane
825 3027 883 3082 in
915 3028 1192 3082 mendum
1211 3032 1636 3097 comparatum,
1653 3026 1916 3098 quamvis
1935 3028 2095 3081 abso-

451 3133 590 3172 num
616 3117 1028 3172 fortassedictu
1050 3117 1526 3184 est,nontminus
1576 3121 1677 3172 tua
1725 3117 1824 3172 illa
1880 3117 2094 3172 suffra—

448 3206 604 3277 gatio
635 3205 1038 3262 commendat:
1073 3211 1128 3260 et
1157 3205 1252 3276 qui
1287 3207 1445 3260 omni
1480 3221 1544 3261 ex
1590 3210 1750 3276 parte
1795 3207 2094 3260 admiran-

447 3296 559 3352 dus
589 3313 691 3367 per
721 3311 781 3350 se
827 3301 934 3361 est,
981 3296 1087 3352 hoc
1137 3297 1282 3367 ipso,
1334 3297 1528 3352 nescio
1577 3297 1890 3367 quomodo,
1943 3297 2091 3351 haud

445 3385 618 3458 paulo
667 3402 819 3440 nunc
871 3385 1271 3441 admirabilior
1319 3386 1478 3441 visus
1541 3390 1647 3442 est.
1717 3386 1845 3441 Sive
1905 3386 2092 3458 potius

444 3480 693 3548 uterque
723 3481 977 3532 vestrum
1011 3475 1120 3531 hac
1151 3476 1350 3532 eadem
1406 3492 1474 3531 ex
1504 3492 1564 3532 re
1602 3493 1614 3531 :
1650 3474 1746 3531 ille
1792 3479 1857 3530 ut
1916 3492 2094 3546 supra

441 3582 644 3621 omnes
675 3565 942 3621 homines
975 3570 1125 3620 recte
1155 3565 1473 3622 arbitrandi
1524 3581 1798 3621 summus
1858 3567 2090 3630 artifex,

439 3671 504 3711 eo
537 3656 686 3725 quod
715 3663 767 3710 te
797 3671 898 3726 per
939 3655 1133 3710 omnia
1190 3655 1477 3727 optimum
1537 3654 1776 3727 delegit,
1839 3661 1900 3710 tu
1958 3671 2090 3710 vero

342 3751 350 3761 '
439 3745 676 3816 optimae
716 3744 917 3799 classis
990 3745 1187 3810 homo,
1228 3749 1427 3816 utpote
1488 3745 1588 3814 qui
1624 3746 2088 3815 praestantissimi

438 3835 496 3888 in
530 3835 828 3900 omnibus,
861 3841 918 3888 et
941 3835 1327 3889 admiratione
1357 3835 1694 3906 dignissimi
1721 3835 2090 3906 imperatoris

433 3923 658 3993 judicio
709 3923 967 3978 delectus
1033 3940 1114 3978 es.
1180 3924 1457 3989 Quocirca
1511 3941 1614 3979 nec
1690 3923 1856 3978 illum
1906 3924 2084 3979 alium

438 4013 776 4083 quempiam
809 4029 924 4083 prae
956 4017 1011 4067 te
1043 4018 1361 4084 praeoptare
1391 4012 1670 4082 oportuit,
1705 4013 2086 4084 quemadmo-

439 4101 581 4155 dum
617 4116 719 4154 nec
744 4102 1124 4172 prmoptavit;
1160 4118 1344 4172 neque
1375 4107 1430 4157 te
1462 4103 1533 4155 ab
1557 4101 1690 4168 alio,
1724 4098 1896 4171 quam
1938 4102 2084 4170 ipso,

441 4190 705 4262 accipere
731 4191 1092 4262 suffragium,
1125 4191 1369 4261 ideoque
1418 4206 1524 4246 nec
1566 4191 1858 4259 accepisti.
1910 4190 2086 4246 Nimi-

2215 1861 2460 1916 Ἀνθ’ὧν
2524 1860 2726 1920 πάντας
2784 1859 2909 1919 τοὺς
2969 1857 3172 1921 ἄλλους
3239 1858 3530 1934 ὑπεριδὼν,
3574 1862 3661 1916 σοὶ
3715 1864 3850 1934 μόνῳ

2214 1949 2506 2024 προσέσχε,
2537 1954 2615 2021 τῷ
2646 1948 2862 2002 πάνθ’ἓι
2905 1950 3032 2011 τοὺς
3083 1947 3287 2010 ἄλλους
3348 1948 3398 2003 ἐν
3461 1950 3611 2024 μέρει
3667 1957 3852 2023 κοσμεῖ

2210 2040 2330 2092 καθ’
2363 2033 2673 2112 ὑπερϐολήν
2701 2033 3030 2092 συλλαϐόντι
3059 2057 3070 2070 ·
3105 2040 3149 2110 ᾧ
3183 2037 3409 2093 πολλῶν
3456 2041 3542 2094 καὶ
3597 2039 3845 2114 μεγάλων

2214 2124 2475 2197 οὕμενουν
2537 2123 2680 2178 εἷ’ποι
2736 2145 2817 2186 τις
2871 2123 3083 2192 ἡλίκων
3140 2127 3231 2178 καὶ
3291 2127 3430 2179 ὅσων
3490 2126 3846 2200 ἐξαρκούντων

2212 2216 2286 2277 εἰς
2321 2213 2498 2287 θαῦμα
2523 2233 2534 2245 ·
2574 2212 2785 2287 μᾶλλον
2821 2211 2878 2268 δὲ
2907 2215 3124 2268 πάντων
3162 2214 3290 2269 ὄντα
3339 2220 3446 2270 τῶν
3495 2216 3730 2290 ἀρίστων
3781 2219 3850 2278 ὡς

2213 2304 2432 2374 ἀληθῶς
2482 2309 2818 2379 πρυτανεῖον,
2881 2306 2968 2357 καὶ
3035 2309 3290 2359 τοσοῦτον
3357 2304 3406 2359 ἐν
3458 2312 3614 2360 πᾶσιν
3691 2307 3849 2381 ἐσχη-

2210 2394 2344 2449 κότα
2393 2395 2453 2447 τὸ
2510 2394 2956 2470 συγκεχωρηκὸς,
3011 2395 3082 2454 ὡς
3129 2394 3327 2456 πάντας
3388 2395 3577 2455 ἁπλῶς
3623 2395 3756 2453 τοὺς
3803 2396 3848 2464 ἐξ

2212 2484 2404 2557 ἀρετῆς
2469 2482 2859 2556 βοηθηθὲντας,
2930 2481 2975 2535 εἷ
3032 2482 3230 2537 τούτου
3295 2481 3533 2559 δεύτεροι
3591 2486 3849 2560 γένοιντο,

2216 2571 2385 2648 μηδὲν
2437 2573 2603 2628 πλέον
2659 2578 2861 2643 ζητεῖν,
2911 2571 3122 2644 μᾶλλον
3171 2571 3228 2628 δὲ
3277 2579 3412 2652 σφᾶς
3471 2575 3711 2632 ἐντεῦθεν
3758 2598 3849 2630 κο-

2210 2665 2487 2737 σμεῖσθαι.
2520 2661 2706 2732 Τούτῳ
2766 2659 2821 2715 δὲ
2859 2668 2958 2726 τῆς
2993 2662 3319 2736 γιγνομένης
3367 2672 3534 2737 τιμῆς
3584 2666 3848 2742 ὑφαιρεῖν,

2207 2758 2398 2806 τοῦτον
2430 2751 2601 2813 οὕτως
2635 2751 3042 2824 ἐσκευασμένον,
3076 2752 3184 2831 οὐχ
3231 2757 3393 2822 ἦττον
3444 2755 3488 2808 εἰ
3537 2757 3625 2809 καὶ
3681 2759 3847 2830 παρά-

2211 2842 2364 2911 ὂοξον
2447 2841 2613 2896 εἰπεῖν
2669 2845 2702 2910 ἡ
2769 2843 2912 2915 παρὰ
2991 2846 3084 2896 σοῦ
3161 2847 3343 2919 ψῆφος
3420 2845 3697 2917 σεμνύνει.
3760 2847 3843 2901 Καὶ

2210 2933 2516 3005 Θαυμαστὸς
2588 2936 2702 2992 τοῖς
2780 2927 2976 2986 ἅπασιν
3054 2931 3149 3004 ὢν,
3206 2939 3324 2994 πῶς
3401 2934 3460 2988 ἂν
3540 2935 3708 3006 εἷ’πω,
3764 2940 3844 2988 νῦν

2213 3020 2426 3093 μᾶλλον
2487 3022 2921 3094 θαυμαστότερον
2989 3017 3186 3095 ὤφθη·
3252 3022 3460 3094 μᾶλλον
3523 3021 3569 3077 δ’
3631 3024 3696 3079 ἐκ
3744 3029 3835 3077 τῶν

2211 3112 2385 3165 αὐτῶν
2439 3111 2775 3187 ἀμφότερον
2810 3111 2837 3164 ὁ
2893 3111 3006 3182 μὲν,
3059 3113 3132 3171 ὡς
3187 3113 3316 3184 ὑπὲρ
3375 3111 3576 3173 πάντας
3638 3113 3836 3188 ἀνθρώ-

2204 3222 2338 3262 πους
2370 3205 2464 3255 τοῦ
2496 3199 2860 3275 λογιζομένου
2891 3201 3163 3274 τεχνίτης,
3201 3199 3387 3269 ἒπειόἠ
3436 3203 3494 3256 σὲ
3539 3205 3634 3257 τὸν
3687 3206 3837 3258 πάντα

2207 3290 2486 3363 βέλτιστον
2522 3288 2702 3344 εἶ’λετο
2727 3312 2740 3323 '
2777 3291 2838 3342 σὺ
2889 3287 2944 3343 δὲ
2992 3289 3066 3343 ὢν
3113 3297 3212 3360 τῆς
3263 3290 3571 3363 κρείττονος
3608 3295 3836 3367 μοίρας’

2203 3378 2389 3448 ἐπειδὴ
2447 3383 2543 3434 τοῦ
2591 3378 2740 3433 πάντ’
2791 3379 3012 3454 ἀρίστου
3063 3380 3153 3433 καὶ
3205 3381 3519 3452 θαυμαστοῦ
3570 3382 3842 3456 βασιλέως

2200 3475 2307 3525 τῶν
2365 3471 2558 3545 ψήφων
2621 3467 2830 3543 ἔτυχες.
2890 3469 2999 3522 Οὐκ
3057 3466 3157 3542 ἄρα
3231 3467 3340 3523 οὔτ’
3401 3469 3606 3524 ἐκεῖνον
3677 3473 3838 3550 ἐχρῆν

2200 3558 2385 3614 ἄλλων
2419 3559 2530 3612 ἀντὶ
2586 3562 2680 3612 σοῦ
2721 3557 3066 3631 προελέσθαι.
3101 3555 3304 3612 Οὔκουν
3356 3557 3481 3613 οὐδὲ
3533 3561 3839 3634 προείλετο,

2201 3651 2324 3705 οὕτε
2382 3651 2439 3703 σὲ
2496 3651 2622 3723 παρ’
2653 3649 2834 3722 ἑτερου
2893 3651 2928 3716 ἢ
2987 3650 3187 3703 τούτου
3218 3650 3537 3722 κεκομίσθαι
3586 3652 3686 3715 τὰς
3737 3653 3842 3724 ψή-

2197 3759 2366 3820 φουςο
2403 3737 2594 3794 οὔκουν
2629 3738 3080 3811 οὗδὲκεκόμεσο’
3125 3738 3275 3794 ἀλλ’
3308 3739 3612 3815 ἀμφτέροις
3672 3742 3840 3817 ἐχρή-

2199 3833 2356 3884 σασθε
2410 3831 2476 3883 τὰ
2525 3830 2838 3904 γιγνόμενα,
2872 3831 3052 3902 ὥσπερ
3112 3827 3420 3901 ἐξεπίτηδες
3479 3831 3632 3903 οἶμαι
3696 3853 3837 3886 συνε-

2196 3921 2384 3996 νεχθὲν
2418 3922 2513 3973 τοῦ
2549 3920 2624 3990 μή
2658 3915 2839 3972 δοκεῖν
2873 3917 3243 3994 ἐλλελεῖφθαι.
3279 3920 3526 3994 Ἠγάμην
3577 3917 3634 3974 δὲ
3675 3919 3839 3995 ἔγωγ’

2198 4011 2261 4064 ού
2315 4009 2477 4083 μόνον
2524 4010 2824 4078 Ἀθηναίων
2871 4010 3174 4083 χαιρόντων
3243 4008 3493 4081 Πλάτων,
3535 4009 3682 4064 αλλὰ
3749 4012 3836 4065 καὶ

2198 4098 2428 4154 Πλάτων
2477 4097 2691 4152 πολλοῦ
2741 4119 2888 4159 τινος
2938 4095 3082 4167 ἄξιος
3124 4092 3266 4172 ἔχων
3316 4101 3626 4172 θαυμαστὰς
3669 4103 3837 4171 Ἀθη·

2196 4191 2398 4249 ναίους.

439 4297 568 4335 rum
601 4297 702 4336 vos
734 4281 884 4336 inter
909 4297 1028 4350 vos,
1064 4283 1280 4335 mutuis
1314 4291 1462 4336 recte
1493 4285 1668 4351 atque
1712 4281 1915 4335 ordine
1968 4280 2366 4352 fungebamini
2423 4279 2652 4348 officiis,
2717 4279 2884 4351 quasi
2941 4281 3011 4334 de
3070 4279 3380 4347 industria,
3438 4285 3503 4336 ut
3566 4281 3838 4348 arbitror,

441 4371 547 4426 hoc
579 4371 938 4441 contigisset,
966 4378 1026 4425 ut
1064 4387 1136 4426 ne
1187 4371 1645 4442 prmtermissum
1703 4371 2022 4441 quidquam
2075 4370 2385 4425 videretur.
2451 4371 2578 4426 Mea
2633 4369 2900 4427 videlicet
2957 4371 3246 4426 sententia
3307 4389 3420 4427 non
3483 4373 3654 4428 modo
3715 4373 3843 4428 exi-

440 4460 620 4515 miam
654 4460 949 4532 promeriti
981 4460 1211 4516 laudem
1243 4460 1627 4516 Athenienses
1668 4461 1955 4526 videntur,
2018 4461 2186 4530 queis
2254 4460 2310 4515 in
2361 4459 2586 4517 deliciis
2644 4461 2802 4517 Plato
2853 4465 3037 4528 esset;
3102 4462 3195 4517 sed
3260 4461 3420 4517 Plato
3483 4464 3658 4518 etiam
3718 4465 3844 4535 ipse

438 4550 614 4604 homo
655 4551 892 4604 maximi
926 4551 1092 4622 pretii
1124 4551 1304 4616 visus,
1338 4552 1468 4619 quis
1500 4550 1604 4606 hos
1635 4549 1928 4605 habuisset
1959 4549 2358 4605 admiratores.

508 4639 604 4694 III.
642 4641 826 4710 Atque
857 4642 926 4694 de
973 4656 1060 4694 me
1114 4641 1368 4709 quidem,
1439 4641 1487 4694 si
1535 4639 1621 4693 vel
1673 4645 1808 4694 ante
1867 4655 2078 4695 novum
2116 4642 2157 4705 D

445 4729 598 4784 hunc
631 4730 1038 4801 pontificatum
1080 4735 1246 4784 tuum
1299 4731 1605 4801 quisquam
1657 4729 2087 4800 exquisivisset,

440 4819 709 4888 quisnam
745 4836 1042 4874 sacrarum
1079 4819 1426 4891 religionum
1469 4820 2081 4889 czeremOniarumque,

439 4913 494 4961 et
525 4909 723 4980 magni
758 4909 1025 4964 Ecclesiae
1059 4909 1314 4963 nominis
1345 4909 1671 4962 moderator
1719 4913 2084 4979 procurator-

437 5012 550 5068 que
572 4997 802 5053 futurus
826 5003 1004 5065 esset,
1039 4999 1192 5052 hunc
1243 5002 1296 5052 te
1331 4997 1584 5067 profecto
1626 4997 1812 5067 ipsum
1861 4997 2083 5052 edidis-

435 5102 555 5142 sem
583 5105 596 5154 ;
621 5104 727 5143 nec
752 5090 986 5161 quando
1020 5087 1101 5142 tui
1139 5087 1437 5156 praesentis
1470 5086 1710 5141 facultas
1742 5086 1910 5140 nobis
1941 5091 2082 5152 erat,

438 5175 590 5233 alius
620 5179 856 5234 omnino
889 5177 1043 5234 ullus
1073 5179 1337 5249 superior
1384 5175 1783 5244 discessisset;
1825 5177 1882 5231 id
1933 5175 2085 5247 quod

433 5283 622 5340 neque
642 5269 920 5340 epeciosis
966 5267 1318 5335 quihusdam
1369 5266 1716 5333 rationibus,
1769 5281 1954 5337 neque
2014 5267 2085 5320 de

433 5357 714 5430 principis
747 5374 978 5414 summa
1008 5374 1147 5429 erga
1177 5362 1233 5412 te
1289 5356 1702 5421 benevolentia,
1755 5357 2084 5412 conclia-is—

434 5464 556 5504 sem
589 5467 600 5503 :
638 5447 782 5502 nihil
810 5448 1019 5504 horum
1052 5464 1212 5516 sane,
1238 5463 1436 5502 verum
1470 5463 1538 5502 ex
1570 5447 1644 5502 iis
1686 5448 1883 5512 rebus,
1938 5463 2084 5518 quas

433 5539 492 5593 in
516 5543 572 5592 te
597 5537 739 5592 sitas
763 5539 1316 5605 essejuxtamecum
1341 5553 1544 5593 omnes
1587 5541 1820 5592 norunt.
1865 5537 2088 5608 Quippe

435 5629 483 5684 si
519 5631 695 5698 caput
726 5641 918 5681 rerum
945 5628 1231 5693 omnium,
1257 5630 1313 5681 et
1335 5642 1519 5682 unum
1547 5641 1745 5684 revera
1767 5625 2083 5680 maximum

2263 4641 2332 4693 I".
2370 4639 2498 4710 Ἐμὲ
2566 4637 2622 4693 δὲ
2679 4640 2771 4692 καὶ
2828 4641 2932 4714 πρὸ
2989 4644 3084 4693 τοῦ
3143 4642 3412 4714 παρόντος
3462 4640 3512 4696 εἷ’
3542 4662 3620 4702 τις
3673 4641 3842 4716 ἤρετο

2202 4730 2508 4803 σχήματος,
2547 4728 2629 4791 τίς
2659 4730 2686 4783 ὁ
2717 4732 2822 4782 τῶν
2875 4731 3036 4803 ἱερῶν
3084 4731 3414 4803 πραγμὰτῶν
3451 4731 3539 4786 καί
3594 4735 3690 4784 τοῦ
3746 4753 3842 4803 με·

2201 4816 2375 4890 γάλου
2426 4824 2525 4888 τῆς
2559 4818 2888 4884 Ἐκκλησίας
2938 4820 3202 4892 ὀνόματος
3253 4821 3495 4898 ἐξάρχων
3549 4819 3692 4875 ἔσται
3753 4820 3842 4875 καὶ

2197 4902 2478 4977 κηδεμὼν,
2514 4907 2570 4960 σε
2615 4911 2806 4962 τοῦτον
2856 4909 2912 4961 ἂν
2967 4909 3136 4976 εἶπον,
3169 4909 3258 4962 καὶ
3309 4907 3421 4962 οὐδ’
3454 4909 3512 4963 ἂν
3556 4911 3632 4972 εἷς
3671 4909 3844 4971 ἄλλος

2197 4999 2292 5048 σοῦ
2355 4994 2627 5069 παρόντος
2675 4995 2907 5070 ἐκράτει,
2959 4997 3056 5050 οὐκ
3114 4997 3280 5051 εἰκόσι
3343 4998 3629 5072 λογισμοῖς
3680 4999 3842 5074 χρώ-

2202 5103 2384 5154 μενος,
2445 5081 2558 5138 οὐδ’
2618 5083 2677 5138 ἐκ
2723 5091 2823 5154 τῆς
2880 5089 2976 5140 τοῦ
3048 5090 3369 5157 κρατοῦντος
3456 5087 3842 5161 συμπεραίνων

2198 5172 2428 5243 εὐνοίας,
2462 5171 2572 5227 οὐδ’
2606 5173 2767 5250 ἐγγύς
2793 5193 2805 5205 ⁸
2844 5173 2968 5229 ἀλλ’
3001 5173 3048 5243 ἐξ
3101 5176 3172 5228 ὧν
3218 5173 3323 5248 ἐγώ
3374 5197 3454 5230 σοι
3508 5176 3596 5229 καὶ
3645 5176 3842 5236 πάντες

2198 5261 2488 5334 σύνισμεν*
2546 5262 2590 5316 εἷ
2650 5265 2752 5335 γὰρ
2809 5260 2874 5330 δή
2929 5264 3223 5341 κεφάλαιον
3287 5265 3382 5335 μὲν
3448 5265 3691 5318 ἁπάντων
3752 5265 3842 5318 καὶ

2200 5353 2360 5422 μόνον
2425 5351 2499 5411 ὡς
2557 5350 2777 5421 ἀληθῶς
2833 5353 3168 5424 τιμιώτατον
3248 5355 3442 5429 ψυχῶν
3519 5354 3841 5429 προστασία,

2196 5441 2436 5512 καθάπερ
2487 5441 2644 5513 οἶμαι
2898 5442 3187 5514 σώματος’
3243 5439 3324 5496 δεῖ
3373 5440 3427 5497 δὲ
3474 5446 3572 5512 τήν
3618 5443 3842 5508 ταυτησὶ

2197 5537 2297 5599 τῆς
2328 5532 2505 5606 ἀρχῆς
2557 5531 2898 5605 εἰλημμένον
2949 5536 3181 5586 τοσαῦτα
3222 5535 3472 5606 πράττειν
3519 5533 3615 5588 ὅσα
3648 5554 3841 5606 παντες

2198 5618 2469 5692 ἅνθρωποι
2501 5638 2511 5648 ·
2548 5617 2734 5688 ἒπειδή
2768 5620 2856 5674 καὶ
2899 5620 3110 5675 πάντων
3157 5621 3473 5695 προΐσταται
3502 5643 3515 5657 ·
3550 5624 3634 5676 καὶ
3691 5605 3844 5674 τοῦθ’
