4062 6308
232 425 342 487 393

1169 425 1464 489 ORATIO
1501 425 1606 502 AD
1650 425 2058 491 NIPHONEM
2101 427 2703 492 PATRIARCHAM.

3520 433 3640 499 394

231 564 361 634 ἡμῖν
419 562 580 626 οὗτος
639 559 828 618 ἐνθάδε
868 561 1002 633 ὅπερ
1061 566 1180 624 τοῖς
1239 567 1460 634 νοητοῖς
1520 563 1548 617 ὁ
1597 562 1728 624 Θεός
1759 581 1774 596 ·
1825 561 1872 618 εἷ
1905 586 1920 634 Α

2012 569 2101 634 ist,
2130 581 2362 624 sacrum
2393 563 2725 623 animarum
2756 563 3043 638 regimen,
3084 566 3362 638 proindre
3411 567 3642 641 opinor,

229 649 375 702 ταῦθ’
407 649 554 704 ούτω
586 645 694 715 δεῖ,
730 648 794 702 σὺ
842 647 898 703 δὲ
928 648 1100 705 πάλαι
1147 652 1376 713 τούτους
1403 649 1530 713 τοῦς
1584 650 1882 726 λογισμοὺς

232 734 472 800 ἔδωκας·
509 739 604 793 καὶ
654 737 812 794 οὐδὲν
846 736 1003 814 ἔργον
1049 740 1245 814 εὑρεῖν,
1277 741 1322 796 εἰ
1363 738 1451 795 διὰ
1494 741 1710 796 πάντων
1759 741 1886 818 ἀφῖ-

233 826 335 896 ξαι,
385 826 513 882 ἀλλ’
565 826 682 900 ὅτῳ
727 826 944 901 μᾶλλον
996 827 1320 904 ἐξείργασαι,
1371 829 1454 890 τίς
1502 827 1644 885 οὕτω
1692 827 1882 906 φρένας

235 911 419 992 ὀλίγος
478 917 572 971 καὶ
631 921 741 970 τῶν
823 917 1212 994 φανερωτάτων
1273 916 1416 992 ἔχων
1477 922 1678 980 σκαιῶς
1737 918 1883 982 ὅστις

235 1003 333 1058 ούκ
370 1003 432 1059 ἂν
472 1005 635 1079 οἶμαι
689 1007 991 1084 συμφήσαι,
1026 1005 1100 1068 ὠς
1161 1003 1264 1082 ἄρα
1293 1011 1386 1061 νῦν
1443 1005 1504 1062 οὐ
1564 1001 1884 1080 λαμϐάνεις,

235 1090 362 1148 ἀλλ’
406 1089 824 1168 ἀπολαμϐάνεις
860 1095 924 1150 τὸ
965 1102 1161 1170 σχῆμα
1201 1116 1216 1130 ·
1259 1096 1350 1152 καὶ
1389 1101 1496 1150 τῶν
1550 1095 1884 1171 πραγμάτων

238 1180 522 1253 διδόντων,
583 1181 755 1238 πάλαι
813 1189 1049 1257 κρατεῖν,
1079 1183 1188 1255 ἤδη
1245 1185 1540 1261 πγοσετέθη
1597 1181 1886 1258 τοῦνομα’

239 1271 367 1329 ὥστ’
407 1274 474 1328 οὐ
517 1279 616 1328 τοῦ
656 1273 980 1348 κεκομίσθαι
1029 1271 1112 1329 δεῖ
1161 1295 1244 1329 σοι
1295 1273 1510 1348 μᾶλλον
1550 1274 1888 1349 συγχαίρειν,

233 1363 268 1433 ἧ
323 1365 692 1438 συνάχθεσθαι
741 1363 966 1430 πάντας,
1015 1367 1116 1418 τοῦ
1175 1365 1252 1438 μὴ
1302 1362 1472 1421 πάλαι
1531 1365 1597 1418 τὸ
1653 1360 1770 1418 δέον
1818 1364 1891 1425 ὡς

235 1451 387 1516 εἰκὸς
431 1451 764 1526 κεκομίσθαι
797 1469 812 1484 ⁸
875 1451 1088 1526 μᾶλλον
1144 1451 1201 1508 δὲ
1261 1453 1344 1508 σοὶ
1407 1453 1502 1526 μὶν
1553 1453 1671 1508 κατ’
1724 1450 1890 1531 ἄμφω

237 1542 586 1618 συγχαίρειν,
631 1543 723 1598 καὶ
772 1545 854 1606 οἷς
905 1545 1205 1618 ἀξιόχρεως
1257 1541 1535 1618 πόῤῥωθεν
1585 1543 1746 1612 ἦσθα,
1800 1543 1889 1599 καὶ

236 1631 319 1686 δτι
361 1635 452 1685 νῦν
495 1627 691 1707 ἔτυχες
723 1651 736 1664 ο
777 1631 926 1704 ἡμᾶς
967 1629 1023 1686 δὲ
1053 1631 1098 1687 εἰ
1145 1633 1237 1686 καὶ
1268 1636 1362 1687 νῦν
1411 1629 1580 1694 ὅντως
1621 1632 1674 1688 ἐν
1709 1631 1895 1688 εὐδαί-

240 1741 404 1792 μοσιν
454 1716 632 1794 ἔχεις,
679 1725 760 1793 τῷ
820 1723 897 1794 μή
954 1721 1125 1777 πάλαι
1177 1721 1374 1777 τούτου
1431 1725 1752 1797 πειραθῆναι
1795 1725 1891 1778 τοῦ

243 1810 445 1883 μέρους
477 1807 560 1871 εἷς
593 1805 967 1882 ἠδικημένους
997 1809 1286 1883 τελοῦμεν.

1995 655 2058 708 ut
2104 653 2312 710 animas
2367 653 2624 726 corporis
2672 653 2764 710 sui
2810 653 3187 726 gubernatio:
3241 655 3291 710 si
3343 655 3426 712 illi
3480 658 3645 725 item,

1994 742 2092 814 qui
2125 743 2230 799 hoc
2260 743 2516 814 capessit
2539 759 2778 810 munus,
2803 759 2919 799 non
2943 742 3140 799 minus
3170 743 3354 801 multa
3383 761 3652 803 necessa-

1995 833 2080 888 rio
2130 834 2457 905 peragenda
2497 837 2658 901 sunt,
2715 847 2892 902 quam
2950 831 3240 889 universis
3302 834 3644 891 hominibus

1997 919 2274 993 reliquis:
2325 921 2557 994 praesidi
2599 921 2863 978 videlicet
2891 921 3148 978 omnium
3182 926 3240 978 et
3269 925 3512 992 custori,
3545 924 3648 996 qui

1996 1009 2149 1067 idem
2173 1009 2233 1066 in
2263 1015 2422 1068 terra
2461 1010 2806 1068 mortalibus
2846 1015 2956 1081 est,
2997 1011 3152 1084 quod
3199 1011 3456 1068 aetheriis
3487 1029 3649 1070 men-

1997 1098 2152 1156 tibus
2183 1098 2357 1156 Deus.
2407 1102 2552 1156 Cum
2601 1099 2743 1168 hec,
2792 1100 3056 1172 inquam,
3089 1101 3170 1156 sic
3219 1102 3461 1158 omnino
3490 1117 3652 1160 eom-

1999 1194 2201 1260 parata
2255 1205 2380 1246 esse
2423 1191 2671 1260 oportet,
2710 1192 2768 1245 et
2796 1187 2920 1245 haec
2945 1187 3170 1246 dudum
3198 1190 3305 1246 tibi
3337 1189 3654 1248 hominum

1998 1277 2242 1335 collecta
2287 1276 2396 1334 fuit
2439 1277 2812 1344 existimatio,
2864 1293 2970 1335 nec
3019 1278 3254 1334 difﬁcile
3309 1285 3401 1336 est
3439 1279 3654 1349 videre,

2000 1377 2194 1424 utrum
2247 1368 2437 1438 spatia
2495 1367 2686 1425 haece
2729 1367 2929 1425 omnia
2973 1369 3398 1440 decucurreris,
3447 1387 3652 1428 verum

1999 1459 2059 1514 in
2112 1473 2368 1529 quonam
2391 1455 2522 1529 plus
2581 1473 2768 1527 opera
2818 1457 3154 1531 laborisque
3195 1460 3656 1532 consumpseris,

2001 1544 2104 1617 qui
2151 1545 2275 1601 beic
2307 1545 2391 1602 ita
2436 1561 2644 1617 parum
2692 1547 2974 1616 prudens,
3021 1563 3330 1620 rerumque
3378 1547 3650 1605 clarissi-

2001 1650 2234 1692 marum
2267 1634 2348 1690 ita
2377 1634 2682 1703 imperitus
2712 1635 2924 1692 arbiter
2951 1637 3054 1702 sit,
3087 1635 3189 1709 qui
3220 1653 3336 1693 non
3358 1637 3566 1706 ultero,
3593 1642 3660 1694 ut

2001 1723 2276 1796 equidem
2327 1723 2595 1790 arbitror,
2645 1724 2898 1780 fateatur
2939 1740 3055 1780 non
3094 1727 3350 1796 accipere
3398 1735 3657 1788 tenunc.

2002 1814 2101 1868 sed
2128 1813 2405 1883 ‘repicere
2460 1811 2619 1868 hunc
2666 1811 2956 1882 habitum,
3004 1816 3062 1869 et
3103 1813 3258 1884 quod
3299 1813 3659 1886 jampridem

243 1918 332 1958 res
365 1901 520 1972 ipse
577 1901 756 1958 decus
815 1901 920 1958 tibi
979 1902 1295 1970 dedissent,
1361 1902 1520 1960 illius
1575 1919 1734 1961 nunc
1791 1901 2108 1961 accessisse
2160 1900 2419 1957 titulum.
2481 1902 2844 1975 Quapropter
2899 1918 3016 1959 non
3075 1902 3264 1974 magis
3322 1903 3428 1959 tibi
3468 1903 3541 1960 de
3569 1917 3663 1960 ac-

255 1994 422 2064 cepta
483 1989 774 2063 dignitate
829 1991 1221 2064 congratulari
1262 1991 1568 2061 debemus,
1629 2008 1803 2065 quam
1847 2007 2220 2048 communem
2265 2007 2334 2046 ex
2371 2007 2438 2046 eo
2485 2007 2690 2047 omnes
2739 1991 2997 2048 dolorem
3051 2007 3278 2065 capere,
3332 1993 3484 2066 quod
3545 2009 3660 2050 non

247 2080 628 2152 jamdudum,
657 2085 721 2136 ut
749 2083 902 2151 sane}
934 2098 1163 2153 aequum
1227 2086 1372 2152 erat,
1391 2083 1622 2154 justum
1654 2100 1722 2140 ac
1753 2083 2013 2139 debitum
2045 2081 2326 2138 honorem
2358 2087 2709 2138 consecutus
2739 2083 2986 2140 fuisses:
3021 2083 3142 2140 sive
3172 2085 3368 2155 potius
3388 2085 3493 2140 tibi
3523 2085 3663 2156 qni-

254 2173 376 2228 dem
421 2175 686 2242 utroque
735 2171 1266 2242 congratulandum
1315 2173 1574 2243 nomine,
1624 2177 1749 2229 tum
1791 2173 1948 2244 quod
1995 2188 2061 2228 eo
2107 2171 2496 2243 dignissimus
2543 2172 2769 2228 dudum
2813 2187 2962 2240 eras,
2995 2177 3117 2228 tum
3149 2174 3303 2244 quod
3331 2191 3489 2230 nunc
3519 2174 3662 2231 ade-

255 2266 380 2333 ptus
431 2277 524 2317 es.
576 2261 696 2317 Nos
739 2265 963 2330 autem,
1011 2263 1120 2318 etsi
1173 2279 1330 2319 nunc
1379 2264 1588 2318 merito
1634 2263 1821 2319 beatis
1873 2263 2248 2328 adnumeres,
2305 2261 2582 2333 quoniam
2632 2277 2748 2318 non
2795 2261 2935 2318 olim
2991 2262 3142 2319 hanc
3191 2264 3409 2336 experti
3447 2267 3664 2320 sortem

260 2353 496 2422 luimus,
533 2352 816 2422 injuriam
848 2355 1101 2424 profecto
1131 2354 1428 2425 perpessis
1457 2354 1803 2411 accensendi
1837 2369 2063 2410 sumus.

325 2443 390 2499 Δ’.
419 2446 544 2497 Τῶν
588 2437 648 2496 δὶ
687 2444 794 2494 σῶν
831 2437 1350 2514 πλεονεκτημάτων,
1385 2445 1484 2497 τοῦ
1520 2463 1604 2504 τις
1643 2439 1702 2497 ἂν
1744 2445 1902 2515 πρῶ-
1935 2445 1981 2509 Β

266 2551 347 2586 τον
387 2532 420 2600 ἢ
472 2527 796 2585 τελευταῖον
854 2531 1110 2605 μνησθῇ;
1159 2529 1411 2605 πότερον,
1458 2533 1556 2599 τῆς
1600 2531 1900 2610 ὑπερφυοῦς

273 2619 544 2694 ἀγχινοίας
573 2619 668 2674 καὶ
711 2622 810 2674 τοῦ
853 2617 1262 2694 βουλευομένου
1299 2621 1434 2694 πρὸς
1479 2622 1668 2690 πάντα,
1701 2621 1790 2674 καὶ
1835 2621 1898 2675 τὸ

279 2710 584 2785 γιγνόμενον
647 2708 743 2782 μὶν
803 2715 1080 2783 πανταχῆ,
1131 2708 1184 2764 ἐν
1242 2707 1416 2764 οὐδενὶ
1477 2708 1535 2766 δὲ
1594 2708 1897 2782 μετάμελον

275 2793 496 2872 ἔχοντος,
529 2799 568 2869 ἢ
617 2801 716 2852 τοῦ
762 2804 862 2867 τῆς
908 2799 1132 2873 γνώμης
1177 2793 1470 2873 ἐμϐριθοῦς
1511 2798 1600 2854 καὶ
1650 2797 1898 2874 γενναίου

272 2885 704 2962 συγκεκραμένου
765 2887 989 2962 χάρισιν
1053 2887 1421 2962 ἡμερότητος,
1479 2888 1553 2950 ὡς
1628 2889 1766 2960 μήτε
1820 2887 1900 2960 τῷ

261 2977 634 3052 μεγαλόφρονι
696 2977 847 3049 μόνῳ
920 2978 1057 3051 πρὸς
1127 2978 1423 3051 ὑπεροψίαν
1499 2977 1757 3052 ἐκφέρειν,
1815 2977 1905 3031 καὶ

250 3067 503 3144 χαλεπὸν
563 3066 701 3121 εἶναι
759 3070 876 3126 τοῖς
933 3064 1351 3142 ἐντυγχάνουσι,
1411 3069 1553 3141 μήτε
1610 3065 1690 3139 τῷ
1747 3067 1906 3140 πράῳ

249 3153 761 3232 μεγαλοφροσύνης
789 3153 1036 3226 ἀπούσης
1076 3157 1214 3228 πρὸς
1247 3155 1606 3230 μαλακότητα
1651 3155 1902 3226 πίπτεινς

247 3245 414 3304 Ἀλλ’
465 3243 790 3321 ἀμφοτέρων
842 3242 922 3307 εἷς
973 3242 1137 3320 ἄκρον
1185 3243 1485 3320 προῦστης,
1535 3245 1777 3320 ἡρωϊκὸν
1812 3245 1909 3318 μὲν

245 3334 506 3406 καθάπαξ
535 3332 682 3409 ἔχων
712 3335 776 3390 τὸ
815 3334 953 3403 ἦθος
981 3335 1071 3390 καὶ
1111 3331 1280 3412 φόϐον
1321 3333 1524 3410 ἱγεῖρον
1567 3333 1618 3390 ἂν
1659 3338 1739 3407 τῷ
1770 3353 1908 3408 παρ-

245 3424 463 3483 αυτίκα
509 3429 612 3493 τῆς
673 3421 797 3486 θέας
854 3423 1094 3502 χαρίτων
1147 3420 1205 3478 δὲ
1261 3423 1496 3499 πλήρεις
1551 3423 1646 3488 τὰς
1684 3422 1906 3496 ὁμιλίας

243 3513 498 3578 δεικνύς.
547 3511 726 3570 Ἀλλᾶ
785 3514 892 3588 μήν
937 3513 1005 3569 τὰ
1064 3515 1234 3590 μέχρι
1279 3519 1377 3571 τοῦ
1431 3511 1588 3587 δεῦρο
1645 3511 1911 3570 δοκοῦντα

237 3614 366 3666 τῶν
427 3607 802 3681 ἀπορωτάτων
861 3605 1206 3683 συγγίνεσθαι
1257 3606 1420 3681 μόνος
1477 3607 1778 3682 ἀνθρώπων
1831 3607 1907 3670 εἰς

233 3697 450 3754 ταυτὸν
490 3691 718 3771 ἤγαγες,
756 3695 832 3758 ὡς
861 3696 935 3768 μή
973 3689 1276 3772 βεϐλάφθαι
1311 3695 1532 3769 θάτερον
1570 3712 1584 3726 ⁸
1627 3696 1716 3750 καὶ
1755 3700 1908 3767 νικᾷς

235 3787 390 3846 τοὺς
424 3785 520 3855 μὲν
564 3782 988 3861 φιλανθρώπους
1035 3781 1372 3858 δικαιοσύνῃ,
1422 3783 1805 3863 φιλανθρωπίᾳ
1852 3783 1910 3840 δὲ

233 3877 395 3937 τοὺς
425 3873 672 3936 δικαίους
704 3893 717 3905 ·
750 3875 786 3944 ἢ
819 3874 866 3929 εἰ
901 3874 1089 3948 βούλει
1119 3895 1202 3949 γε,
1229 3875 1616 3951 φιλανθρωπίᾳ
1647 3877 1742 3948 μὲν
1785 3873 1911 3952 φιλ-

235 3964 604 4040 ανθρώπους,
659 3967 740 4036 τῷ
815 3963 875 4018 δὲ
928 3961 1278 4041 παράδειγμα
1343 3961 1692 4035 δικαιοσύνης
1747 3965 1912 4028 αὐτὸς

235 4057 419 4120 εἶναι,
447 4051 573 4113 τοὺς
613 4049 821 4113 δεινοὺς
857 4049 946 4106 ἐπὶ
987 4052 1166 4123 τούτῳ
1203 4073 1214 4086 ·
1262 4050 1308 4106 ὣ
1346 4049 1692 4126 συνδυασμοῦ
1731 4053 1910 4126 θαῦμα

235 4147 340 4200 καὶ
412 4139 582 4211 ζῆλον
641 4142 838 4195 ἅπασιν
894 4137 1138 4216 ἔχοντος,
1198 4143 1572 4215 προσήκοντος
1645 4143 1742 4212 μὶν
1800 4142 1909 4212 σοὶ,

239 4229 687 4292 λυσιτελοῦντος
719 4227 777 4284 δὲ
815 4228 1050 4286 πόλεσιί
1092 4234 1205 4286 Νῦν
1245 4230 1307 4286 οὐ
1350 4229 1585 4300 πένητας
1627 4227 1738 4286 ἔστι
1777 4231 1913 4306 πρὸς

239 4319 515 4393 εὐπόρων
586 4319 899 4387 κακοῦσθαι,
982 4318 1220 4394 καθάπερ
1297 4319 1349 4376 ἐν
1415 4318 1633 4375 πόλεων
1705 4318 1909 4374 ἁλώσει

238 4407 659 4484 καρπουμένων
705 4407 832 4470 τοὺς
882 4404 1168 4483 δυστυχεῖς
1199 4427 1213 4442 ο
1272 4407 1362 4463 καὶ
1420 4410 1488 4464 τὰ
1548 4409 1642 4482 μὲν
1703 4409 1912 4488 σφέτερ’

239 4501 440 4556 αὐτῶν
497 4497 726 4559 ἀτόποις
773 4495 1110 4566 ἐπαυξόντων
1166 4499 1525 4571 προσθήκαις,
1571 4498 1805 4560 ἐκείνους
1854 4496 1914 4552 δὲ

242 4587 450 4658 χλᾴειν
493 4584 906 4661 ἀναγκαζόντων
955 4585 1066 4640 καὶ·
1096 4586 1458 4642 καθιστάντων
1515 4589 1764 4658 πενήτων
1818 4584 1912 4643 πί-

242 4697 432 4752 νητας
466 4697 482 4710 ο
522 4681 616 4730 νῦν
669 4677 997 4753 συκοφαντία
1043 4678 1281 4746 καθάπαξ
1331 4675 1574 4733 ἐκποδὼν
1625 4675 1912 4748 ἀπελήλα-

244 4791 348 4825 ται
387 4786 400 4798 ’
440 4767 530 4822 καὶ
563 4767 796 4836 πένητες
835 4763 898 4820 οὗ
937 4763 1222 4840 ψεύδονται
1263 4767 1400 4842 πρὸς
1439 4767 1704 4842 εὑπόρους
1735 4786 1751 4801 ·
1783 4764 1914 4822 οὐδὲ

244 4858 402 4933 πρὸς
430 4856 523 4912 τὸν
558 4852 748 4930 ἔχονθ’
777 4855 806 4908 ὁ
855 4856 1052 4928 φθόνος
1079 4851 1232 4930 ἕρπει
1283 4857 1419 4912 κατὰ
1459 4857 1552 4912 τὸν
1593 4855 1761 4911 παῖδη
1809 4863 1913 4912 Σο·-

249 4947 434 5027 φίλου
465 4964 480 4978 ·
527 4942 660 5000 ἀλλ’
709 4939 854 5000 ἔστιν
903 4943 1176 5019 ἑκατέροις
1223 4950 1350 5020 παρ’
1389 4945 1714 5022 ἂμφοτέρων
1743 4945 1778 5000 ’ά
1807 4943 1912 5019 δεῖ,

247 5042 376 5094 τῶν
409 5035 503 5107 μὲν
537 5033 592 5089 ἐν
646 5030 876 5106 πλούτῳ
923 5038 1057 5109 σφᾶς
1102 5032 1395 5090 ἐλεούντων
1439 5033 1529 5090 καὶ
1579 5035 1912 5113 συνευχομέ-

247 5144 376 5181 νων
407 5123 532 5198 βίου
576 5122 863 5196 ῥᾳστώνην
893 5139 906 5154 ·
945 5119 1224 5177 αἰδοῦνται
1264 5120 1321 5177 δὲ
1355 5123 1483 5184 τοὺς
1522 5123 1696 5179 αὐτῶν
1733 5123 1914 5200 κρείτ-

253 5233 398 5276 τους
448 5213 501 5267 οἱ
558 5210 716 5282 πενίᾳ
764 5214 1030 5280 συζῶντες
1063 5229 1076 5244 ⁸
1140 5208 1346 5266 δεδίασι
1401 5213 1506 5288 γὰρ
1565 5213 1730 5290 ἄμφω
1784 5211 1910 5275 τοὺς

253 5303 473 5375 νόμους
503 5298 599 5361 οὓς
649 5298 814 5362 αὐτὸς
863 5297 1125 5373 ἰσχυροὺς
1178 5304 1374 5372 ποιεῖς,
1417 5297 1732 5374 δικαιοσύνῃ
1775 5301 1913 5376 πρὸς

255 5391 444 5446 πάντα
475 5389 786 5468 χρώμενος.
829 5390 938 5442 Νῦν
969 5385 1114 5448 εἶδος
1167 5386 1471 5464 εὐεργεσίας
1517 5388 1743 5468 ἐξεφάνή
1793 5410 1916 5444 και-

254 5480 380 5550 νὸν,
409 5479 501 5534 καὶ
555 5477 758 5538 πάντας
791 5474 984 5536 ἁπλῶς
1033 5473 1090 5530 εῦ
1119 5482 1296 5538 ποιεῖς
1329 5496 1342 5510 ·
1395 5479 1523 5539 τοὺς
1575 5479 1668 5552 μὲν
1718 5474 1915 5541 ἐνδεεῖς

258 5565 338 5624 δι’
369 5567 502 5623 αὐτὸ
539 5570 731 5635 τοῦτο,
762 5565 890 5628 τοὺς
925 5563 973 5620 δ’
1026 5562 1175 5640 ἔχειν
1221 5564 1533 5639 δοκοῦντας,
1561 5565 1658 5622 ’ίνα
1697 5568 1776 5642 μὴ
1805 5571 1914 5622 τῶν

260 5656 368 5714 οῦκ
411 5655 660 5732 ἐχόντων
699 5653 940 5731 γένωντα
985 5653 1122 5711 κατά
1148 5651 1278 5720 τοὺς
1327 5654 1535 5721 δεινοὺς
1565 5661 1674 5712 τῶν
1714 5652 1908 5735 κυϐερ-

589 5759 851 5822 Panos.
897 5759 1010 5822 Gs.
1057 5756 1284 5825 CXLV.

2083 2441 2177 2496 IV.
2212 2443 2398 2508 Quam
2429 2458 2560 2499 vero
2591 2445 2660 2499 de
2689 2443 3110 2500 excellentibus
3136 2443 3450 2500 virtutibus
3469 2443 3658 2500 laudi-

2011 2531 2240 2604 busque
2269 2532 2387 2588 tuis
2426 2533 2635 2603 primo,
2668 2549 2844 2604 quam
2878 2536 3169 2605 postremo
3198 2533 3466 2589 dicemus
3499 2532 3662 2589 loco?

2014 2625 2204 2676 utrum
2255 2619 2612 2693 singularem
2664 2621 2776 2676 vim
2827 2625 3062 2690 mentis,
3111 2630 3166 2678 et
3201 2622 3666 2694 prudentissima

2012 2709 2073 2766 in
2130 2710 2406 2765 omnibus
2462 2710 2730 2776 consilia,
2778 2726 2910 2783 quas
2955 2725 3231 2768 numeros
3269 2729 3407 2768 suos
3459 2727 3666 2768 omnes

2013 2799 2294 2870 expletos,
2342 2799 2567 2855 nullam
2607 2806 2800 2856 autem
2843 2801 3206 2857 decretorum
3253 2801 3665 2870 reprehensio-

2017 2903 2149 2944 nem
2181 2887 2430 2944 habent:
2483 2905 2558 2944 an
2587 2889 2926 2962 gravitatem
2953 2889 3134 2946 animi
3175 2888 3662 2961 nobilitatemque

2015 2977 2175 3034 illam
2235 2977 2700 3034 mansuetudinis
2765 2979 3104 3051 permistam
3163 2985 3663 3052 temperatamque

2015 3067 2254 3140 gratiis:
2295 3073 2360 3124 ut
2399 3084 2587 3141 neque
2626 3069 3110 3140 magnanimitate
3154 3071 3276 3127 sola
3305 3072 3374 3126 ad
3417 3069 3662 3128 aliorum

2017 3157 2456 3229 despicientiam
2487 3157 2763 3226 eﬂ’eraris,
2786 3159 3085 3231 gravisque
3124 3163 3317 3218 tecum
3349 3161 3661 3232 agentibus

2017 3247 2145 3316 llas,
2194 3263 2382 3318 neque
2427 3265 2634 3305 rursus
2676 3248 2934 3316 lenitate,
2987 3254 3214 3306 remota
3262 3250 3664 3322 magnitudine

2017 3334 2221 3404 animi,
2237 3336 2308 3392 ad
2331 3335 2639 3394 mollitiem
2657 3337 3019 3410 prolabaris?
3037 3338 3123 3395 Tu
3148 3355 3280 3396 vero
3302 3339 3411 3395 hoc
3435 3343 3662 3396 utrum-

2018 3440 2131 3496 que
2197 3426 2618 3497 perfectissime
2683 3427 3024 3496 moderaris,
3089 3428 3370 3486 nimirum
3430 3428 3665 3487 hernica

1987 3507 2191 3580 plane
2232 3509 2507 3582 praeditus
2548 3509 2764 3577 indole,
2810 3511 3016 3582 suique
3066 3511 3426 3568 formidinem
3474 3511 3662 3583 primo

2017 3595 2284 3668 protinus
2330 3603 2642 3670 conspectu
2689 3599 2900 3668 ciente,
2951 3601 3054 3656 sed
3101 3599 3256 3657 idem
3293 3598 3569 3656 comitate
3605 3603 3664 3655 et

2017 3685 2202 3758 gratia
2241 3687 2483 3744 refertos
2513 3687 2789 3746 exhibens
2819 3705 3184 3760 congressus.
3219 3690 3500 3746 Ceterum
3532 3703 3662 3759 quis

2018 3773 2130 3832 duo
2159 3775 2404 3832 antehac
2436 3776 2546 3845 vix,
2577 3793 2644 3833 ac
2675 3793 2746 3834 ne
2779 3778 2867 3834 vix
2887 3779 3144 3850 quidem,
3165 3777 3474 3834 convenire
3494 3791 3664 3848 posse

2015 3865 2379 3932 videbantur,
2436 3883 2505 3922 ea
2559 3873 2622 3922 tu
2675 3884 2827 3924 unus
2873 3867 3206 3924 mortalium
3255 3868 3336 3923 sic
3383 3869 3444 3924 in
3477 3881 3661 3924 unum

2015 3954 2367 4022 conduxisti,
2401 3963 2461 4010 ut
2486 3957 2734 4013 alterum
2760 3957 2923 4013 alteri
2961 3956 3106 4012 nihil
3131 3957 3390 4013 ofﬁceret
3413 3973 3426 4011 :
3452 3969 3664 4028 nempe

2017 4043 2185 4101 mites
2214 4061 2280 4100 ac
2327 4043 2620 4102 humanos
2657 4046 2896 4117 justitia
2943 4045 3154 4114 anteis,
3194 4044 3429 4102 lenitate
3456 4045 3663 4116 iustos,

2015 4149 2118 4189 seu
2149 4135 2197 4189 si
2248 4134 2454 4203 mavis,
2503 4133 2660 4191 lenes
2699 4135 3082 4207 indulgentis,
3133 4134 3241 4191 hos
3290 4137 3512 4200 autem,
3563 4136 3665 4206 qui

2009 4222 2242 4292 justitia
2289 4223 2552 4295 insignes
2609 4223 2920 4294 habentur,
2970 4223 3126 4296 quod
3175 4225 3372 4294 ejusce
3424 4223 3664 4279 virtutis

2014 4315 2258 4386 ipsemet
2277 4313 2570 4383 exemplar
2590 4331 2682 4370 es:
2706 4331 2740 4370 ο
2761 4313 3165 4371 admirabilem
3193 4314 3472 4372 omnibus
3491 4317 3668 4385 atque

2015 4402 2332 4474 gloriosam
2363 4403 2831 4474 conjunctionem
2856 4403 2869 4458 l
2906 4420 3034 4476 quas
3065 4404 3151 4460 sic
3173 4408 3273 4459 tua
3294 4403 3532 4475 propria
3549 4410 3656 4468 est,

2017 4497 2083 4548 ut
2110 4493 2170 4548 in
2211 4493 2417 4564 primis
2458 4494 2758 4550 fructuosa
2806 4494 2885 4550 sit
2937 4493 3289 4564 reipublicm.
3340 4492 3468 4550 Non
3511 4491 3668 4548 enim

2018 4598 2174 4637 nunc
2203 4581 2457 4654 amplius
2485 4583 2814 4654 opprimere
2853 4581 3056 4654 inopes
3077 4599 3142 4638 ac
3165 4597 3368 4638 vexare
3399 4579 3671 4638 divitibus

2019 4671 2173 4736 licet,
2212 4670 2308 4742 qui
2359 4672 2600 4742 perinde
2653 4677 2716 4727 ut
2763 4671 2824 4727 in
2873 4671 3206 4745 captivitate
3255 4669 3488 4727 urbium
3545 4668 3674 4725 ﬁeri

2016 4759 2186 4826 solet,
2217 4774 2285 4816 ex
2317 4760 2550 4816 miseris
2586 4761 3001 4830 compendium
3045 4763 3341 4832 capantes,
3368 4775 3508 4814 suas
3538 4757 3675 4831 qui-

2017 4851 2148 4905 dem
2180 4849 2378 4920 copias
2421 4849 2754 4919 ingentibus
2805 4849 3236 4907 accessionibus
3271 4847 3665 4919 adaugebant,

2018 4952 2303 5010 pauperes
2331 4952 2527 4994 autem
2558 4941 2629 4995 ad
2663 4939 2918 4997 lamenta
2945 4954 3012 4995 ac
3040 4937 3328 5010 lacrymas
3357 4931 3673 5006 compelle-

2021 5026 2179 5095 bant,
2207 5031 2381 5099 atque
2417 5027 2488 5082 de
2531 5028 2886 5101 pauperibus
2915 5026 3322 5100 pauperrimos
3351 5024 3676 5082 concinna-

2021 5117 2186 5174 bant.
2216 5115 2328 5172 Sed
2359 5121 2417 5174 et
2445 5117 2962 5188 quadruplatorum
3009 5115 3402 5172 exterminatis
3439 5113 3674 5184 penitus

2023 5221 2180 5263 nunc
2209 5209 2348 5261 sunt
2375 5205 2723 5262 calumnia:
2769 5221 2959 5278 neque
3002 5204 3355 5261 deiraudant
3375 5202 3674 5259 tenuiores

2023 5309 2122 5351 eos
2160 5293 2259 5367 qui
2291 5293 2696 5366 locupletiores
2745 5299 2904 5356 sunt,
2948 5310 3138 5366 neque
3181 5293 3336 5348 dirus
3379 5291 3676 5348 habentem

2021 5384 2358 5458 aggreditur
2389 5385 2530 5442 livor
2573 5390 2638 5440 ut
2694 5385 2790 5440 ille
2838 5384 3062 5458 Saphili
3113 5383 3306 5440 aiebat
3345 5382 3507 5439 ﬁlius
3547 5381 3677 5454 (So-

2021 5475 2282 5549 phocles,
2312 5473 2503 5531 Ai’av-u
2541 5477 2678 5547 157),
2709 5475 2813 5533 sed
2842 5480 3049 5532 mutua
3071 5474 3234 5531 alteri
3264 5473 3462 5530 alteris
3482 5471 3674 5529 ofﬁcia

2023 5572 2336 5638 praestant;
2386 5566 2622 5640 quando
2651 5572 2708 5624 et
2756 5566 2947 5638 gravis
2993 5567 3202 5623 horum
3240 5562 3676 5621 fortunalocu-

2020 5655 2207 5729 pletes
2241 5657 2500 5726 miseret,
2548 5655 2986 5730 facilioremque
3033 5654 3162 5712 vita
3211 5653 3494 5712 rationem
3531 5650 3676 5726 ipsis

3277 5755 3354 5814 13
