4062 6308
471 435 586 498 395
1765 435 2163 501 THEODULI
2211 442 2259 500 M
2273 437 2564 500 ONACHI
3733 435 3838 494 396

467 577 774 644 exoptant:
821 577 876 630 et
911 573 972 629 hi
1003 589 1204 630 rursus
1244 573 1345 644 qui
1375 576 1626 644 egestate
1671 574 2071 631 conﬂictantur

2235 578 2419 642 νητῶν,
2454 573 2504 626 οἳ
2537 571 2626 626 καὶ
2665 568 2912 643 γαλήνης
2952 564 3122 638 οὔσης
3167 571 3410 643 χρῶνται
3447 572 3515 641 τῇ
3553 564 3736 641 τὲχνῃ,
3771 568 3839 640 μὴ

471 670 821 733 potentiores
883 663 1080 718 colunt
1157 679 1223 718 ac
1281 663 1614 730 observant,
1683 679 1895 736 nempe
1961 663 2075 736 lege

2239 660 2532 736 περιῤῥαγῇ
2591 682 2696 717 που
2753 661 2817 716 τὸ
2880 659 3080 732 σκάφος
3147 659 3549 733 προσεγκύρσαν
3617 656 3843 711 σπιλάσι.

471 751 706 823 utrique
735 757 1021 818 metuunt,
1054 753 1216 820 queis
1247 751 1362 806 vim
1395 768 1558 807 suam
1584 769 1650 807 ac
1672 754 1850 807 robur
1875 753 2075 807 astrui:

2241 752 2423 808 Καίτοι
2471 756 2631 806 τοῦτο
2684 752 2776 822 μὲν
2823 749 2868 804 εἰ
2916 750 3002 802 καὶ
3064 745 3257 821 μηδενί
3315 769 3402 802 πω
3457 751 3563 801 τῶν
3615 747 3845 800 ἁπάντων

471 855 602 893 cum
637 841 908 895 omnibus
939 840 997 894 in
1037 841 1211 896 rebus
1242 840 1540 908 justitiam
1573 858 1790 896 servas.
1825 841 1975 896 Tum
2008 859 2075 897 no

2245 843 2578 917 ;ἷργασμενον
2620 837 2821 915 ἔχομεν
2866 839 3067 914 λέγειν,
3102 837 3213 893 οὐδ’
3256 835 3397 892 ἔστιν
3435 837 3508 898 είς
3539 834 3849 911 παράδειγμ’

469 945 602 984 νυω
637 929 925 998 quoddam
961 929 1377 986 beneficientize
1411 947 1564 984 nunc
1594 931 1864 1003 apparuit
1908 947 2073 1002 genu:

2247 932 2524 1005 ὶνενεγκεῖν
2561 951 2572 962 ·
2626 932 2790 1002 μόνος
2841 929 2944 1005 γὰρ
2990 929 3194 1002 ἐξεῦρες
3250 928 3341 982 καὶ
3403 927 3567 1000 μόνος
3616 922 3851 1004 προύφη-

469 1023 526 1074 et
571 1024 633 1074 tu
679 1018 1023 1089 simpliciter
1067 1019 1211 1074 bene
1249 1019 1319 1073 de
1359 1019 1647 1074 universis
1698 1021 1941 1076 mereris
1985 1036 1997 1076 :
2049 1021 2073 1074 d

2249 1042 2322 1082 νας
2358 1041 2369 1051 ·
2406 1018 2532 1074 ἀλλ’
2564 1017 2654 1073 οὖν
2688 1013 2895 1073 ἔσονταί
2924 1038 3066 1078 τινες
3101 1015 3344 1086 ζηλωταί
3377 1036 3391 1050 ⁸
3433 1016 3522 1070 καὶ
3554 1013 3853 1089 φιλονεική-

469 1106 738 1177 inopibus
794 1107 1078 1177 videlicet,
1136 1107 1343 1178 inopiae
1397 1107 1586 1179 ipsius
1652 1126 1848 1179 causa,
1909 1111 1979 1166 de
2045 1112 2073 1166 ii

2249 1131 2312 1164 ru
2342 1112 2462 1164 ποτ’
2495 1106 2553 1162 ἂν
2600 1108 2729 1169 ἴσως
2778 1108 2806 1161 ὁ
2839 1106 3040 1186 χρόνος
3075 1105 3264 1160 δοῦναι
3310 1105 3376 1160 τὰ
3417 1103 3640 1178 δεύτερα
3670 1123 3683 1135 ⁸
3725 1104 3782 1156 τὸ
3812 1099 3853 1156 δ’

468 1204 684 1264 autem,
718 1197 930 1268 quibus
963 1197 1304 1252 meliuscule
1341 1213 1467 1253 esse
1499 1199 1751 1264 videtur,
1783 1215 1853 1255 ne
1883 1206 1939 1255 et
1968 1201 2024 1255 hi
2057 1203 2072 1255 i

2249 1201 2377 1254 ›ῧτω
2431 1200 2526 1272 μὲν
2569 1198 2780 1273 χαίρειν
2836 1198 2890 1251 εὗ
2951 1200 3211 1251 ποιοῦντα
3257 1195 3385 1257 τοὺς
3431 1193 3633 1255 ἄλλους
3689 1191 3853 1262 ὥσπερ

465 1285 628 1340 illam
660 1285 1177 1357 egentissimorum
1212 1286 1476 1340 recidant
1507 1285 1788 1342 classem:
1819 1287 2069 1342 solertiul

2249 1289 2389 1344 ιύτὸν
2423 1289 2478 1342 εὖ
2529 1288 2759 1362 πάσχειν
2811 1284 3079 1358 νομίζειν,
3127 1284 3270 1340 οὕτω
3316 1281 3373 1338 δὲ
3419 1282 3699 1357 πρόθυμον
3735 1280 3853 1335 εἶναι

467 1387 608 1428 sane
643 1388 801 1428 more
829 1374 1308 1445 gubernatorum,
1343 1374 1441 1444 qui
1475 1389 1547 1428 ne
1577 1378 1702 1429 tum
1727 1375 1962 1446 quidem
1986 1391 2071 1430 ου]

2248 1375 2472 1446 Ξιδόντα,
2507 1377 2580 1437 ὡς
2614 1373 2727 1430 οὐδ’
2768 1375 2830 1429 ἂν
2882 1376 2961 1436 εἷς
2995 1375 3151 1448 οἶμαι
3195 1367 3512 1446 λαμϐάνων,
3545 1371 3634 1425 καὶ
3679 1373 3852 1424 τοῦτον

468 1464 678 1517 sudum
708 1479 773 1516 ac
805 1478 1074 1517 serenum
1124 1468 1228 1531 est,
1277 1465 1348 1518 ab
1379 1468 1518 1519 'arte
1566 1481 1675 1519 sua
1723 1467 2017 1532 recedunt,
2052 1482 2072 1519 r

2251 1468 2481 1542 ᾓγεῖσθαι
2535 1466 2698 1538 μόνον
2749 1463 2990 1519 πλοῦτον
3028 1466 3120 1518 καὶ
3175 1462 3452 1536 μέγιστον,
3485 1461 3546 1514 τὸ
3596 1459 3855 1533 μετατιθὲ-

467 1568 581 1622 qua
613 1551 757 1606 forte
809 1550 1029 1606 illisum
1080 1552 1344 1606 cautibus
1391 1552 1762 1624 diﬁ'ringatur
1794 1553 2071 1625 navigiun

2251 1577 2315 1610 ναι
2345 1556 2481 1628 πρὸς
2513 1556 2728 1628 ἑτέρους
2757 1553 2823 1607 τὰ
2857 1549 2986 1606 ὄντα
3018 1571 3030 1584 ·
3071 1551 3160 1606 καὶ
3198 1551 3427 1612 τούτους
3465 1551 3558 1621 μὲν
3599 1547 3725 1621 ὅπερ
3763 1547 3855 1600 αὐ-

466 1639 809 1709 Qnanquam
839 1655 997 1706 vero,
1023 1656 1056 1693 a
1085 1639 1246 1693 nullo
1279 1641 1415 1694 dum
1449 1641 1777 1696 mortalium
1811 1644 1961 1698 istuc
1979 1658 2070 1712 pra

2250 1645 2346 1713 ςὸς,
2381 1640 2632 1698 αὑτὸνδὲ
2680 1641 2811 1714 ὅπερ
2857 1640 3054 1695 ἐκεῖνοι
3097 1640 3417 1715 γίγνεσθαι·
3472 1635 3586 1692 τόδ’
3631 1634 3729 1709 ἄρα
3773 1635 3854 1686 σὸν

467 1729 673 1782 stitum
705 1726 888 1783 fuisse
927 1727 1219 1783 afﬁrmare
1264 1728 1570 1796 habemus,
1623 1745 1728 1785 nec
1775 1731 1842 1784 ad
1886 1729 2071 1801 aliquc

2251 1732 2397 1787 ιύτοῦ
2451 1731 2616 1805 μόνου
2667 1732 2756 1784 καὶ
2801 1730 3059 1784 κοινωνὸν
3111 1727 3208 1783 οὐκ
3253 1725 3432 1802 ἓσχες,
3485 1723 3610 1780 οὕτε
3661 1725 3855 1795 μήποτε

474 1821 684 1873 referre
725 1817 856 1873 licet
907 1821 1277 1890 exemplum:
1327 1819 1490 1874 solus
1543 1824 1606 1874 tu
1655 1820 1810 1876 enim
1843 1821 2078 1891 reperiat

2249 1825 2408 1896 ιτήσῃ
2444 1841 2456 1853 ο
2503 1822 2667 1893 μόνος
2698 1819 2800 1894 γὰρ
2841 1823 2915 1882 ὼς
2945 1817 3113 1872 εἰπεῖν
3153 1815 3466 1890 διαγέγονας
3508 1815 3645 1888 πρὸς
3675 1815 3737 1868 τὰ
3763 1817 3853 1880 τῆς

470 1907 625 1962 solus
654 1907 948 1978 protulisti
981 1908 1040 1962 in
1079 1908 1302 1963 lucem:
1337 1909 1620 1964 exsistent
1648 1915 1863 1978 tamen,
1898 1910 2070 1982 opino

2250 1910 2411 1986 ιύχης
2455 1909 2847 1980 ἁμιλλώμενος
2896 1908 3067 1977 πάθη,
3096 1907 3187 1960 καὶ
3232 1907 3332 1974 τὴν
3383 1901 3676 1975 ἀνώμαλον
3724 1899 3854 2008 ἄγων

2268 1999 2287 2014 ._
2349 1999 2373 2014 .,
2546 1999 2556 2014 ,
2825 1998 2837 2013 ς
3025 1997 3036 2014 ,
3242 1994 3257 2014 κ
3356 1995 3368 2009 .
3505 1993 3552 2014 ,γ
3611 1993 3849 2014 ειμηᾼ

471 1997 571 2068 qui
611 1995 754 2050 illud
806 1996 1266 2065 aemulabuntur,
1320 1998 1546 2069 eritque
1594 1999 1940 2067 fortassean,
1991 2015 2075 2054 cui

2249 1999 2315 2063 εἷς
2349 1999 2466 2053 ἴσον
2498 1999 2559 2052 τό
2602 2019 2663 2072 γε
2710 1998 2847 2052 κατὰ
2877 1997 3069 2050 σαυτόν
3104 2014 3119 2028 ο
3169 1994 3259 2049 καὶ
3303 1995 3408 2067 μὴν
3458 1993 3556 2054 τὰς
3605 1988 3853 2062 ὁσημέραι

469 2087 588 2141 tuis
614 2085 776 2142 hisce
807 2087 1064 2141 secunda
1092 2091 1320 2156 tempus
1349 2088 1518 2142 edere
1549 2089 1874 2143 conabitur.
1907 2092 2073 2144 Verui

2246 2088 2468 2166 συναφὰς
2511 2088 2846 2161 γαμηλίους,
2877 2084 2968 2140 καὶ
3014 2083 3256 2138 συσσίτια
3303 2086 3552 2152 πενήτων
3604 2079 3730 2153 ὑπὲρ
3763 2078 3850 2145 τὴν

469 2175 626 2229 enim
659 2190 792 2230 vero
831 2176 981 2247 quod
1017 2174 1097 2229 ita
1137 2175 1303 2246 plane
1351 2192 1482 2230 cum
1517 2176 1765 2248 benigne
1794 2176 1926 2233 aliis
1959 2179 2063 2233 ἱειοὶ

2245 2178 2450 2256 χρείαν,
2483 2177 2572 2230 καὶ
2609 2180 2788 2254 χρεῶν
2833 2174 3050 2229 ἀτόπων
3094 2171 3396 2240 ἀποκοπὰς,
3432 2172 3523 2224 καὶ
3577 2166 3849 2240 δεσμωτῶν

471 2264 798 2330 delectaris,
841 2263 1006 2334 quasi
1063 2263 1115 2317 si
1165 2264 1270 2318 tibi
1320 2264 1427 2334 ipsi
1475 2264 1618 2320 illud
1647 2265 1826 2321 tribui
1886 2282 2075 2321 censet

2246 2269 2408 2336 λύσιν,
2455 2267 2542 2320 καὶ
2585 2265 2810 2338 εἰρκτῶν
2862 2261 3067 2342 ἄφεσιν,
3102 2263 3191 2316 καὶ
3243 2261 3338 2320 τὰς
3383 2259 3436 2313 ἐν
3486 2262 3603 2320 τοῖς
3650 2259 3850 2309 νοσοῦσι

471 2352 838 2420 beneficium,
863 2352 1011 2422 quod
1044 2353 1127 2406 sic
1157 2352 1295 2407 item
1329 2362 1629 2424 promptus
1659 2356 1728 2408 ad
1755 2354 2075 2425 largiendm

2248 2356 2596 2431 ταραμυθίας,
2628 2355 2716 2408 καὶ
2747 2353 2846 2421 τήν
2879 2356 2985 2407 τῶν
3028 2351 3186 2422 ξένων
3221 2346 3508 2422 ὑποδοχὴν
3545 2348 3633 2400 καὶ
3666 2342 3852 2417 φιλαν-

471 2459 554 2508 es,
589 2445 652 2496 ut
685 2442 780 2496 vix
809 2441 956 2495 alius
1007 2440 1183 2508 ullus,
1234 2444 1724 2512 quemadmodum
1757 2445 2024 2509 arbitror,
2049 2463 2075 2498 a

2250 2447 2502 2519 lpwrriav,
2543 2443 2634 2498 καὶ
2673 2442 2836 2498 πόλλ’
2887 2439 3061 2517 ἕτερα,
3093 2440 3185 2494 καὶ
3232 2440 3294 2494 τὸ
3343 2436 3592 2511 μέγιστον
3637 2436 3758 2495 τοὺς
3802 2431 3854 2485 ἐκ

471 2529 871 2600 accipiendum
917 2544 932 2583 :
987 2534 1160 2599 atque
1218 2529 1328 2584 has
1376 2547 1525 2585 unas
1569 2532 1970 2602 maximasque
2016 2534 2075 2587 til

2249 2532 2448 2589 τολλοῦ
2485 2533 2580 2606 μὲν
2629 2534 2790 2605 ἱερῶς
2837 2531 3242 2598 στασιάζοντας,
3275 2525 3397 2602 ἄρτι
3449 2525 3506 2581 δὲ
3543 2523 3853 2587 νενευκότας,

472 2635 611 2689 opes
641 2634 768 2673 esse
807 2622 1043 2683 statuts,
1077 2618 1361 2689 quidquid
1394 2619 1596 2689 habes,
1629 2622 1701 2674 ad
1752 2621 1898 2676 alios
1927 2627 2076 2677 trans

2247 2625 2322 2678 ιαὶ
2354 2620 2846 2698 προσδοκωμένους
2875 2618 3066 2675 αῢτίκα
3098 2619 3246 2692 μάλα
3286 2619 3544 2688 τιμήσειν
3573 2613 3812 2686 ὁμόνοιαν
3839 2629 3851 2642 ·

473 2708 645 2775 ferre,
692 2723 907 2778 eosque
939 2707 1093 2777 quod
1142 2711 1265 2762 tute
1305 2713 1478 2762 antea
1521 2710 1735 2777 fueras,
1766 2715 1822 2765 te
1854 2710 2008 2781 quod
2040 2710 2077 2763 il

2249 2713 2263 2766 5
2292 2711 2438 2774 τίνος
2472 2711 2532 2764 ἃν
2580 2712 2807 2785 πρόσθεν
2843 2709 2977 2764 κατὰ
3026 2709 3255 2783 γνώμην
3289 2704 3506 2778 εἷσῂεις
3553 2703 3683 2773 ποίᾳ
3724 2698 3853 2754 ταῦτ’

481 2801 662 2864 erant,
717 2795 862 2864 fieri,
917 2795 1024 2850 hoc
1074 2795 1268 2866 ipsum
1318 2801 1487 2852 tuum
1539 2799 1794 2868 profecto
1847 2799 2026 2854 solius
2069 2796 2085 2854 ι

2246 2798 2405 2857 ἔνεστι
2435 2805 2589 2875 ψυχῇ
2635 2799 2974 2874 παραϐαλεῖν
3002 2797 3314 2872 ἀνθρωπίνῃ
3344 2816 3357 2867 ;
3391 2803 3456 2850 Ὦ
3502 2795 3585 2857 τίς
3634 2791 3741 2863 ᾄσει
3772 2790 3850 2864 μὲν

482 2885 782 2957 proprium
815 2886 984 2952 est,in
1018 2902 1133 2956 quo
1167 2885 1388 2940 nullum
1424 2903 1608 2957 neque
1639 2887 2086 2958 habuisti,nequ

2247 2894 2430 2962 πάντα,
2463 2891 2576 2962 ᾄσει
2628 2889 2684 2945 δὲ
2720 2893 2838 2946 κατ’
2885 2890 3076 2960 ἀξίαν;
3120 2897 3180 2943 Ὠ
3225 2888 3308 2949 τίς
3358 2885 3598 2946 ἀκούσας
3643 2884 3738 2938 οὐκ
3778 2878 3851 2934 εὖ·

483 2991 740 3045 unquam
791 2974 1101 3028 habiturus
1142 2991 1225 3042 es,
1276 2976 1536 3030 socium:
1581 2992 1730 3030 unus
1763 2984 1818 3030 tu
1853 2977 2028 3044 enim,
2063 2994 2087 3030 ιι

2246 2982 2331 3046 Si);
2359 2981 2730 3049 ἀνίσταταιτῆ
2784 2983 2960 3055 ψύχῇ,
2991 2980 3081 3034 καὶ
3130 2978 3221 3034 τὸν
3274 2979 3634 3054 εἰργασμένον
3681 2974 3850 3031 ἐθέλων

481 3079 602 3118 rem
647 3064 817 3118 verbo
867 3063 1184 3130 absolvam,
1233 3065 1510 3120 adversus
1559 3067 1847 3133 graviores
1885 3067 2085 3121 fortun

2241 3070 2370 3143 ὑπὲρ
2429 3071 2628 3129 πάντας
2685 3068 2982 3140 σεμνύνειν,
3040 3063 3425 3139 πληρούμενος
3496 3062 3845 3134 ἐνθουσιασμοῦ

482 3167 792 3214 aerumnas,
825 3150 882 3204 in
934 3151 1091 3205 omni
1145 3151 1254 3205 vita
1283 3152 1512 3223 egregie
1553 3155 1919 3224 depugnasti,
1955 3159 2086 3224 atqu

2239 3163 2406 3234 σιγῶν
2453 3157 2698 3235 ἐμφαίνει
2743 3157 2805 3210 τὸ
2853 3159 3067 3228 θαῦμα;
3125 3156 3267 3230 Ἐγὼ
3317 3152 3373 3209 δὲ
3415 3157 3512 3210 καὶ
3558 3153 3727 3210 τᾶλλα
3767 3149 3843 3223 μὲν

482 3239 774 3311 inqualem
809 3239 966 3294 illam
1002 3241 1188 3309 deam,
1237 3243 1424 3312 quoad
1462 3245 1707 3309 poteras,
1734 3247 1797 3298 ut
1837 3244 1905 3297 ad
1931 3259 2086 3313 aequa

2246 3245 2537 3322 δυστυχὴς.
2571 3247 2645 3302 ἑνὶ
2679 3244 2735 3300 δὲ
2772 3243 3007 3319 μάλιστα
3036 3245 3215 3316 τούτῳ
3247 3243 3330 3298 ὅτι
3369 3247 3474 3312 τῆς
3503 3244 3706 3299 τούτων
3735 3242 3850 3295 ἀπο·

483 3330 704 3384 litatem
750 3329 1081 3392 reduceres,
1125 3345 1361 3401 operam
1412 3330 1644 3385 dedisti.
1705 3332 1914 3386 Adhch
1955 3349 2087 3402 porr

2248 3320 2501 3405 λείπομαι
2539 3332 2680 3394 θὲας,
2711 3332 2800 3386 καὶ
2851 3331 2954 3385 οὐκ
3001 3331 3267 3385 ἀπολαύω
3314 3331 3508 3403 παρὼν
3554 3334 3654 3399 τῆς
3697 3329 3852 3401 ἀρχῆς

482 3418 848 3490 quotidianae
905 3418 1048 3472 istas
1105 3422 1234 3474 tuas
1264 3419 1604 3475 collationes
1662 3420 1975 3492 epulasque
2019 3439 2086 3477 nu

2251 3422 2305 3476 τὰ
2348 3422 2642 3496 γιγνόμενα
2675 3436 2689 3451 ⁸
2739 3420 2773 3488 ἢ
2821 3420 3056 3488 σώζοιτο
3104 3417 3358 3472 ἐνιαυτῶν
3411 3423 3641 3494 συχναῖς
3688 3412 3855 3487 περιό-

480 3508 712 3580 ptiales,
771 3515 825 3563 et
885 3509 1288 3574 lautiusculas,
1358 3526 1534 3580 quam
1612 3526 1715 3581 pro
1763 3511 2084 3566 necessitati

2249 3509 2377 3579 Βοις,
2411 3509 2487 3570 είς
2533 3508 2792 3575 τελευτὴν
2822 3506 2878 3562 εὖ
2932 3507 3080 3578 μάλα
3129 3507 3339 3582 παγίως
3383 3510 3500 3561 τῶν
3547 3504 3853 3581 πραγμάτων

483 3615 806 3670 pauperum
841 3598 1244 3664 invitationes,
1289 3603 1346 3653 et
1373 3599 1649 3654 immanis
1680 3601 1807 3654 ieris
1840 3600 2011 3655 alieni
2046 3601 2087 3654 a3

2253 3598 2564 3673 χωρούντων
2603 3617 2614 3630 ⁸
2651 3597 2880 3666 σώζοιτο
2914 3593 2969 3650 δὲ
3003 3593 3252 3669 βασιλεία
3282 3595 3347 3649 τὰ
3391 3596 3537 3666 μόνα
3566 3594 3652 3649 καὶ
3690 3596 3857 3667 πρῶτα

479 3687 820 3754 levamenta,
850 3694 905 3742 et
954 3688 1307 3743 solutionem
1339 3688 1666 3743 vinctorum
1698 3690 2083 3744 custodiarum

2251 3687 2508 3742 ιάλλιστα
2537 3687 2626 3739 καὶ
2659 3685 2934 3760 πρέποντά
2957 3705 3017 3758 γε
3057 3681 3354 3754 ἀλλήλοις.
3388 3685 3499 3739 Καὶ
3540 3685 3744 3760 γένοιτο
3776 3680 3855 3752 μὲν

482 3794 593 3848 que
634 3777 998 3842 missionem,
1048 3783 1104 3831 et
1157 3793 1440 3848 aegrorum
1489 3777 1932 3845 consolationes,
1985 3779 2085 3834 eti

2255 3780 2379 3850 ὶμᾶς
2410 3777 2486 3837 εἷς
2517 3777 2579 3830 τὸ
2630 3773 3032 3848 ’Δργανθωνίου
3061 3777 3231 3847 γῆρας
3276 3773 3536 3852 ἀφῖχθαι,
3586 3774 3673 3828 καὶ
3710 3769 3753 3825 εἶ
3787 3787 3859 3828 τις

480 3866 825 3938 recipiendis
870 3865 1200 3936 hospitibus
1255 3866 1701 3935 humanitatem,
1742 3872 1799 3922 et
1828 3867 2084 3940 complur

2252 3864 2413 3926 ἱλλος
2476 3858 2864 3939 ὑπερϐεϐηκώς
2927 3861 3015 3934 ε⁸ίη
3072 3863 3200 3926 τοὺς
3252 3861 3465 3937 ὅρους·
3527 3868 3748 3917 συνεῖναι
3808 3855 3856 3911 δὲ

479 3955 536 4009 id
588 3970 772 4025 genus
820 3954 951 4021 alia,
1002 3955 1252 4024 denique
1302 3955 1453 4026 quod
1503 3955 1589 4009 vel
1649 3957 1966 4012 maximum
2018 3972 2078 4011 es

2250 3955 2426 4014 αόνοις
2474 3953 2553 4006 ἀεὶ
2601 3958 2717 4013 τοῖς
2769 3951 3074 4026 βελτίστοις
3130 3948 3465 4006 ἐπιδιδοῦσιν
3527 3954 3651 4006 ὅσον
3705 3947 3854 4019 ἔξεστι

479 4045 700 4096 sanctis
761 4042 991 4110 jamdiu
1047 4043 1519 4098 contentionibus
1579 4045 1913 4114 distractos,
1973 4061 2083 4099 nun

2251 4043 2514 4110 πλεῖστον,
2549 4043 2622 4103 ὼς
2669 4038 2727 4094 ἃν
2770 4041 2859 4095 καὶ
2905 4046 3022 4102 τοῖς
3071 4041 3512 4115 ἐπιγιγνομένοις
3561 4039 3648 4111 ε’ίη
3694 4042 3855 4111 πειρᾶ-

481 4137 676 4185 autem
732 4129 1022 4186 inclinatis
1069 4131 1306 4199 animis,
1357 4138 1418 4186 ut
1469 4149 1602 4203 spes
1651 4138 1758 4198 est,
1792 4134 2085 4204 propedier

1564 4149 1602 4188 ιε
1651 4138 1758 4198 est,
1792 4134 2125 4204 propediem
2235 4134 2355 4186 σθαι
2388 4137 2487 4198 τῆς
2520 4131 2642 4203 παρ’
2677 4129 2829 4202 ὑμῶν
2863 4127 3168 4202 εὐπραξίας.

480 4221 843 4274 concordiam
875 4218 1152 4286 culturos,
1187 4222 1337 4291 quod
1370 4221 1462 4275 cui
1500 4221 1586 4276 vel
1619 4221 1678 4276 in
1713 4227 1965 4277 mentem
1999 4227 2167 4278 antea
2193 4221 2477 4277 venerat?
2515 4221 2607 4275 cui
2631 4219 2771 4288 haec,
2803 4221 3064 4290 inquam,
3096 4219 3302 4274 animae
3335 4219 3603 4274 humanas
3633 4232 3857 4288 compa-

480 4325 608 4365 rare
636 4311 720 4364 fas
751 4310 882 4364 est?
912 4313 951 4361 Ο
974 4310 1108 4381 quis
1141 4309 1264 4365 hac
1294 4310 1492 4365 omnia
1521 4311 1742 4367 canet?
1770 4317 1939 4366 canet
1968 4317 2158 4367 autem
2183 4328 2253 4367 ex
2284 4310 2535 4366 merito?
2573 4310 2616 4364 Ο
2649 4312 2776 4380 quis
2811 4310 2930 4365 haec
2967 4309 3209 4364 auribus
3254 4325 3547 4380 usurpans
3586 4325 3698 4364 non
3738 4321 3858 4378 pro-

477 4400 638 4454 tinus
682 4399 961 4453 excitatur
1019 4399 1256 4467 animo;
1302 4405 1474 4471 atque
1535 4401 1673 4454 dum
1734 4405 2032 4455 auctorem
2084 4418 2200 4472 pra:
2247 4401 2521 4456 omnibus
2582 4399 2874 4454 laudando
2930 4399 3200 4454 extollere
3251 4405 3518 4466 conatur,
3573 4415 3684 4453 non
3742 4410 3862 4451 mox

475 4488 632 4543 velut
680 4490 919 4544 numine
973 4491 1220 4558 quodam
1264 4490 1600 4556 instinctus,
1650 4492 2116 4546 obmutescendo
2166 4491 2417 4562 prodigii
2466 4490 2639 4558 hujus
2698 4489 3163 4560 magnitudinem
3223 4489 3482 4543 declarat
3521 4489 3549 4542 ?
3604 4489 3687 4542 Me
3741 4498 3859 4540 vero

473 4595 607 4634 cum
667 4579 726 4633 in
778 4580 997 4634 cateris
1049 4579 1362 4646 infelicem,
1397 4585 1523 4634 tum
1575 4581 1633 4635 in
1669 4581 1774 4635 hoc
1825 4596 1939 4635 uno
1991 4583 2307 4651 praesertim
2382 4581 2536 4650 quod
2582 4581 2652 4634 ab
2705 4595 2946 4650 cperum
2994 4577 3240 4633 istorum
3273 4579 3480 4633 absum
3513 4575 3858 4649 spectaculo;

474 4688 581 4727 nec
612 4687 889 4743 prassens,
922 4687 1096 4742 quem
1131 4688 1229 4740 par
1272 4675 1411 4738 erat,
1463 4672 1534 4725 de
1564 4687 1728 4726 sacra
1759 4671 1868 4726 ista
1909 4670 2192 4742 dignitate
2224 4677 2343 4739 tua,
2385 4671 2549 4742 capio
2581 4671 2856 4724 fructum.
2896 4670 3078 4734 Quam
3112 4668 3284 4739 longo
3314 4685 3601 4724 annorum
3633 4665 3855 4722 circuitu

475 4767 694 4816 sartam
752 4765 964 4816 tectam
1007 4761 1109 4815 tibi
1156 4777 1384 4816 manere
1435 4761 1740 4833 discupio:
1796 4761 1967 4816 rebus
2016 4762 2286 4816 omnibus
2333 4761 2400 4816 ad
2452 4761 2626 4814 finem
2678 4775 2864 4830 usque
2912 4759 3038 4814 vitae
3070 4775 3348 4830 prospero
3380 4764 3438 4813 et
3467 4755 3752 4814 constanti
3782 4759 3857 4808 te-

475 4867 612 4906 nore
673 4851 1138 4922 procedentibus.
1200 4849 1368 4905 Salva
1425 4851 1564 4905 item
1619 4838 1692 4906 et.
1734 4850 2044 4906 incolumis
2077 4851 2450 4922 imperatoria
2509 4851 2784 4920 majestas
2816 4850 2894 4904 sit
2950 4854 3111 4921 opto;
3174 4866 3301 4919 quas
3358 4866 3448 4905 res
3489 4850 3617 4904 duas
3654 4845 3781 4901 sole
3808 4846 3857 4897 et

474 4941 673 5008 prima:
707 4941 1112 5011 pulcherrimae
1172 4957 1309 4995 sane
1341 4945 1491 5007 sunt,
1526 4945 1582 4996 et
1612 4941 1830 5012 Optime
1858 4940 2008 4996 inter
2056 4957 2118 4995 se
2167 4943 2570 4997 convenieunt.
2621 4939 2736 4995 Vos
2776 4945 2966 4995 autem
3018 4942 3132 4995 fata
3183 4943 3250 4994 ad
3294 4937 3689 5008 Arganthonii,
3733 4939 3786 4990 et
3810 4933 3855 4988 si

476 5030 607 5100 quis
663 5031 813 5087 alius
862 5033 1018 5088 ultra
1067 5047 1412 5087 communes
1460 5031 1559 5085 aevi
1614 5031 1896 5086 terminos
1947 5037 2178 5086 evectus
2229 5037 2338 5097 est,
2391 5035 2698 5098 senectam,
2751 5031 2943 5084 venire
2998 5031 3213 5098 sinant,
3265 5035 3438 5100 atque
3486 5030 3546 5083 in
3596 5026 3855 5083 secundis

475 5126 750 5189 perpetuo
781 5123 975 5191 rebus,
1009 5126 1064 5179 et
1105 5123 1217 5189 his,
1267 5129 1547 5192 quantum
1584 5121 1710 5176 fieri
1740 5125 1928 5192 potest
1972 5123 2290 5176 maximum
2341 5122 2578 5176 assidue
2621 5121 2982 5191 capientibus
3031 5121 3478 5188 incrementum,
3521 5119 3754 5186 versari,
3795 5117 3853 5170 ut

477 5210 684 5280 posteri
711 5212 883 5267 etiam
916 5213 1192 5270 traditam
1225 5230 1257 5268 a
1286 5212 1452 5268 vobis
1484 5217 1975 5284 propagatamque
2006 5211 2374 5284 experiantur
2409 5211 2766 5269 felicitatem.
