4062 6308
305 377 416 437 397

1517 372 1914 439 LAUDATIO
1956 375 2186 439 REGIS
2229 374 2489 439 CYPRI.

3588 384 3708 445 398

1484 746 1832 876 ΤΟΥ
1931 743 2511 874 ΑΥΤΟΥ

1087 1010 1286 1105 ΕΙΣ
1368 1007 1617 1105 TON
1706 1008 1922 1103 PHI

2032 1094 2037 1103 .
2114 1008 2356 1104 ΤΗΣ
2437 1006 2946 1106 ΚΥΠΡΟΥ

1639 1195 2373 1438 EJUS_DEM

1303 1541 1880 1633 LAUDATIO
1949 1544 2275 1631 REGIS
2335 1542 2687 1632 CYPBI.

358 1855 441 1911 A'.
478 1851 843 1928 Ὑψηλότατε,
888 1851 1218 1923 ἐνδοξότατε,
1268 1848 1627 1927 εῦγενέστατε,
1678 1849 1922 1925 λαμπρό·

2121 1854 2164 1907 Ι.
2198 1851 2551 1920 Celsissime,
2585 1851 3032 1925 gloriosissime,
3061 1859 3528 1928 generosissima,
3565 1861 3700 1918 illu-

285 1965 436 2015 τατε,
488 1946 635 2021 μὲγα
845 1945 944 2013 τῆς
1000 1940 1242 2016 Κύπρου.
1286 1941 1349 1996 O't
1405 1939 1656 1996 πλεῖστοι
1704 1944 1812 1996 τῶν
1860 1939 1935 2002 εἰς

287 2036 387 2103 τήν
422 2032 809 2109 μεγαλόπολιν
849 2031 1076 2102 ταυτηνὶ
1105 2030 1492 2104 καταιρόντων,
1533 2027 1746 2085 ἐπειδὰν
1791 2033 1935 2084 πολ-

289 2123 387 2187 λὰς
438 2122 775 2196 ἀμείψαντες
823 2121 1013 2196 χώρας
1060 2120 1151 2174 καὶ
1198 2117 1389 2181 πόλεις
1449 2118 1540 2173 καὶ
1598 2121 1799 2190 νήσους
1846 2119 1936 2172 καὶ

288 2211 580 2285 ἠπείρους,
611 2208 919 2286 διηγεῖσθαι
948 2209 1044 2270 τὰς
1095 2208 1301 2262 ἑαυτῶν
1341 2204 1630 2282 περιόδους
1678 2205 1937 2261 ἐθέλωσιν

292 2304 369 2364 οἷς
417 2297 482 2354 ἂν
541 2299 921 2374 ἐντυγχάνωσι
967 2296 1181 2367 νύκτωρ
1238 2296 1328 2350 καὶ
1389 2297 1505 2370 μεθ’
1562 2296 1797 2370 ἡμέραν,
1844 2297 1934 2351 καὶ

296 2388 515 2460 μάλιστ’
547 2387 742 2442 ὁπόσοι
772 2383 1021 2458 γλῶτταν
1066 2382 1270 2459 ἔχωσιν
1300 2383 1567 2457 ἂρκοῦσαν
1616 2383 1678 2440 ἐκ
1724 2383 1936 2457 φύσεως

294 2475 643 2553 ἐξαγγέλλειν
673 2475 741 2530 τὰ
768 2480 869 2543 τῆς
901 2471 1144 2534 διανοίας
1172 2471 1480 2549 ἀπόῤῥητᾶ,
1516 2471 1769 2542 βελτίους
1806 2473 1938 2527 ἐαυ-

300 2572 395 2621 τῶν
438 2567 694 2642 γίνονται
742 2562 979 2637 μᾶλλον,
1020 2563 1146 2618 ὅταν
1197 2561 1272 2622 εἷς
1319 2561 1446 2624 τοὺς
1504 2561 1628 2624 σούς
1685 2562 1936 2624 ἐπαίνους

305 2655 509 2717 ἑαυτοὺς
558 2651 904 2723 ἀπολύσωσι,
935 2652 1026 2707 καὶ
1065 2653 1161 2715 τὰς
1210 2652 1367 2720 ἡνίας
1414 2658 1515 2720 τῆς
1545 2649 1801 2726 γλώττης
1848 2650 1932 2706 ἐν·

299 2740 416 2799 δῶσι
452 2766 470 2779 ο
531 2744 765 2799 κάπειτα
821 2741 1170 2815 ἐρωτώμενοι
1227 2740 1365 2813 πρὸς
1420 2743 1527 2795 τῶν
1603 2740 1933 2809 ἀκουόντων,

288 2838 396 2895 πῶς
459 2834 621 2907 φύσει
679 2831 1073 2909 φιλοθεάμονες
1134 2829 1491 2905 ὑπάρχοντες,
1541 2828 1631 2883 καὶ
1686 2827 1933 2892 πολλοὺς

282 2921 681 2994 διεληλυθότες
724 2922 951 2991 τόπους,
1002 2921 1093 2976 καὶ
1140 2917 1370 2975 πολλῶν
1418 2918 1718 2994 ἀνθρώπων
1769 2919 1932 2975 ἄστεα

272 3014 365 3068 καὶ
391 3013 523 3069 νόον
559 3010 879 3088 ἐγνωκότες,
908 3012 1008 3081 τήν
1046 3015 1148 3074 τῆς
1180 3009 1397 3083 Κύπρου
1441 3006 1657 3082 μᾶλλον
1699 3009 1926 3081 ὑμνοῦσι

271 3100 592 3168 πολιτείαν,
616 3099 705 3156 καὶ
734 3102 834 3170 τήν
864 3097 1208 3169 δικαιοσύνην
1222 3099 1322 3167 τὴν
1355 3101 1477 3168 σὴν,
1499 3097 1589 3153 καὶ
1620 3099 1719 3153 ὅσα
1747 3096 1929 3154 πλου-

269 3196 409 3259 τεῖς,
443 3188 644 3266 ἆγαθὰ,
676 3187 846 3244 ἐκεῖνο
896 3186 964 3258 δὴ
1002 3189 1064 3243 τὸ
1093 3194 1194 3257 τῆς
1255 3184 1702 3262 Ἀριστοτελικῆς
1732 3186 1923 3263 σοφίας

270 3280 615 3356 ἀπόφθεγμα
647 3278 1024 3353 μιμησάμενοι
1055 3275 1440 3350 ἃποκρίνονται
1473 3294 1487 3310 ⁸
1532 3276 1606 3337 ὡς
1637 3276 1741 3352 γὰρ
1782 3274 1923 3331 ἐκεῖ·

270 3389 372 3429 νος
403 3367 700 3441 ἐρωτηθεὶς
732 3364 873 3422 διατί
919 3371 1037 3428 τοῖς
1067 3364 1257 3425 καλοῖς
1309 3364 1642 3439 μακρότερον
1684 3363 1923 3437 ὁμιλοῦ-

270 3478 409 3532 μεν,
436 3454 649 3535 τυφλοῦ
692 3456 754 3512 τὸ
797 3454 1059 3530 ἐρώτημα
1088 3454 1219 3509 εἶναι
1263 3453 1610 3528 ἀπεκρίνατο,
1644 3452 1788 3508 οὕτω
1832 3453 1923 3507 καὶ

268 3542 435 3602 οὗτοι
468 3546 595 3619 παρ’
642 3540 992 3615 ὁτωνδηποτε
1033 3543 1380 3617 ἐρωτώμενοι
1412 3538 1558 3596 διατί
1605 3546 1722 3603 τοῖς
1754 3542 1925 3616 ἐγκω-

270 3635 437 3710 μίοις
484 3633 740 3690 ἐπιπλέον
790 3638 905 3695 τοῖς
963 3638 1080 3696 σοῖς
1124 3626 1544 3705 ἐνδιατρίϐουσι,
1586 3632 1677 3685 καὶ
1720 3629 1925 3703 γλυκύ-

260 3744 450 3795 τητος
479 3725 648 3799 γέμον
694 3725 953 3796 ἡγοῦνται
1003 3719 1323 3798 ἐντρύφημα
1366 3720 1433 3774 τὰ
1465 3719 1531 3774 σὰ
1579 3717 1919 3792 διηγήματα,

264 3816 473 3891 κωφοῦ
525 3833 679 3888 φασιν
729 3811 864 3866 εἶναι
899 3810 962 3865 τὸ
1010 3809 1294 3884 ἐρώτημα.
1325 3813 1441 3864 Τῶν
1488 3807 1587 3883 γὰρ
1633 3809 1920 3878 τοιούτων,

262 3903 356 3962 ὡς
386 3899 626 3975 εἴρηται,
659 3897 931 3960 πολλάκις
982 3895 1358 3973 διηγουμένων
1391 3897 1457 3950 τὰ
1504 3896 1763 3968 κράτιστα
1809 3901 1918 3952 τῶν

261 3995 390 4046 σῶν
468 3989 705 4065 ἀγαθῶν,
778 3990 866 4044 καὶ
943 3988 1159 4043 πάντων
1236 3984 1543 4041 ἀκουόντων
1622 3987 1711 4041 καὶ
1788 3988 1921 4040 θαυ-

266 4079 585 4156 μαζόντων,
633 4081 817 4140 Ὅστις
875 4078 1110 4148 ἀνήκοος
1160 4071 1360 4150 ἔμεινε,
1410 4076 1563 4155 φασὶ,
1617 4076 1798 4153 κωφὸς
1856 4074 1918 4129 ἂν

260 4168 366 4236 ε’ἷη
397 4170 609 4230 πάντως
641 4166 690 4237 ἐξ
718 4167 888 4237 αὐτῆς
915 4173 1018 4243 γῆς
1056 4168 1337 4242 γενέσεως,
1367 4165 1456 4221 καὶ
1495 4171 1593 4235 τῆς
1635 4164 1917 4239 βελτίονος

260 4259 607 4332 λειπόμενος
636 4260 742 4312 τῶν
776 4256 1076 4327 αἶ’σθήσεων
1107 4273 1120 4286 ·
1153 4255 1381 4311 πολλῶν
1411 4255 1516 4330 γὰρ
1544 4256 1797 4330 πελαγων
1826 4254 1917 4310 καὶ

263 4347 560 4405 θαλασσῶν
594 4347 795 4408 οὐσῶν,
830 4344 1022 4401 ὁπόσαι
1076 4347 1276 4416 νήσους
1323 4340 1514 4419 ἔχουσι
1564 4344 1815 4419 μεγίστας
1858 4363 1918 4398 τε

261 4438 368 4494 καὶ
413 4436 730 4513 ἐλαχίστας,
770 4437 859 4492 καὶ
913 4436 1110 4492 ὁπόσαι
1158 4437 1327 4508 μίσην
1373 4431 1541 4509 ἔσχον
1585 4434 1752 4505 θέσιν,
1802 4432 1916 4489 οὔτ’

262 4529 333 4585 ἐκ
382 4529 478 4598 τῆς
526 4524 780 4596 Ἰνδικῆς,
813 4521 924 4581 οὔτ’
977 4524 1037 4580 ἐκ
1074 4531 1173 4595 τῆς
1223 4523 1324 4595 ἔξω
1366 4529 1471 4579 τῶν
1521 4522 1914 4595 Ἀτλαντίδων,

266 4615 393 4674 οὔτ’
537 4622 642 4686 τῆς
688 4588 857 4686 ἐντὸς,
888 4615 978 4670 καὶ
1020 4588 1152 4685 ὅσην
1202 4588 1517 4689 Ἕίράκλειοι
1566 4614 1762 4684 στῆλαι
1808 4588 1916 4687 ὁρίζ
1946 4588 1990 4655 c

267 4714 450 4777 ζουσι,
499 4708 662 4782 φήμη
712 4725 795 4767 τις
848 4706 986 4778 ἡμῖν
1045 4703 1265 4781 ἀφίκετο
1331 4699 1491 4765 κλέος
1546 4702 1911 4783 ἐπιφερομένη

260 4799 541 4861 τοιοῦτον,
582 4792 783 4864 ἡλίκον
826 4794 915 4848 καὶ
964 4795 1082 4847 οἷον
1128 4795 1164 4862 ἡ
1213 4792 1429 4867 Κύπρος
1480 4795 1514 4861 ἠ
1567 4795 1635 4864 σή
1670 4814 1682 4827 ·
1731 4790 1844 4847 οὔθ’
1875 4795 1911 4863 ἡ

262 4892 456 4960 Χρυσῆ
507 4882 783 4957 λεγομένη
831 4882 1200 4958 Χερρόνησος,
1259 4879 1369 4937 οὔτ’
1410 4884 1445 4944 ἡ
1474 4886 1597 4941 ,τῶν
1646 4882 1914 4957 ἀρκτικῶν

260 4982 373 5046 τῆς
431 4974 764 5047 οἰκουμένης
810 4972 1206 5047 προκαθημένῃ
1271 4976 1450 5047 μερῶν
1523 4972 1732 5043 Θούλη,
1790 4968 1914 5027 οὔτε

258 5068 380 5120 τῶν
418 5066 757 5138 Βρετανικῶν
802 5058 1030 5133 οὐδεμία
1063 5080 1076 5093 ’
1124 5062 1208 5115 ναὶ
1272 5062 1399 5134 μὴν,
1445 5057 1569 5115 οὐδὲ
1624 5064 1731 5115 τῶν
1793 5059 1912 5116 ὅσοι

260 5153 410 5228 πρὸς
463 5144 808 5226 μεσημϐρίαν
844 5150 934 5205 καὶ
983 5149 1142 5206 νότον
1203 5150 1398 5223 ἄνεμον
1457 5148 1697 5204 οἰκοῦσιν
1748 5147 1911 5206 Ἰνδοὶ

263 5243 361 5298 καὶ
421 5241 699 5311 Αἰθίοπες,
759 5242 1039 5313 θαυμαστὴ
1099 5240 1162 5295 τὸ
1242 5238 1468 5314 μέγετος
1538 5233 1908 5312 Ταπροϐἀνη*

262 5332 399 5389 ἀλλ’
429 5328 546 5386 οὐδ’
584 5332 619 5400 ἡ
670 5327 909 5400 πλησίον
950 5327 1040 5385 καὶ
1086 5328 1281 5404 γείτων
1324 5333 1439 5390 τοίς
1490 5331 1596 5382 τῶν
1646 5331 1909 5399 Ὑρκανῶν

264 5420 442 5478 ἔνεστι
472 5418 686 5475 Κασπία
720 5438 732 5452 ⁸
788 5415 901 5473 οὐδ’
941 5416 1041 5489 ὅση
1091 5416 1151 5473 ἐκ
1194 5414 1465 5491 Γαδείρων
1511 5436 1570 5472 τε
1614 5417 1705 5474 καὶ
1753 5421 1914 5493 Ἦρα-

262 5511 463 5569 κλείων
499 5511 788 5588 ἀρχομένη
823 5507 1042 5579 στηλῶν
1072 5505 1238 5563 ἄνεισι
1284 5509 1378 5581 μὶν
1410 5506 1544 5583 ἄχρι
1572 5508 1662 5563 καί
1703 5506 1756 5570 ἐς
1785 5510 1913 5572 τοὺς

268 5594 658 5676 ὖπερϐορείους
703 5596 924 5673 ἔγγιστα
972 5596 1203 5666 Σκύθας,
1252 5600 1576 5671 περατοῦται
1628 5594 1675 5650 δ’
1720 5596 1772 5658 ἐς
1805 5597 1910 5653 Κύ-

262 5709 400 5769 προν
432 5689 531 5761 τήν
584 5689 685 5760 σήν
719 5705 732 5718 ·
785 5685 820 5757 ἢ
874 5681 1088 5760 μᾶλλον
1133 5683 1364 5764 ἄρχεται
1417 5683 1513 5760 μὲν
1562 5682 1622 5740 ἐκ
1668 5683 1910 5762 Κύπρου,

2046 1941 2353 2009 strissime,
2376 1957 2587 2013 magne
2600 1958 2701 1998 rex
2713 1943 2903 2016 Cypri.
2920 1944 3191 2017 Plerique
3206 1962 3406 2005 eorum
3424 1950 3529 2023 qui
3543 1965 3703 2021 pere-

2045 2047 2146 2102 gre
2168 2032 2238 2086 ad
2265 2047 2531 2104 magnam
2557 2032 2710 2089 hanc
2734 2034 2933 2090 urbem
2956 2034 3572 2111 (Constantinopolim)
3603 2055 3702 2111 ap-

2047 2120 2293 2192 pellunt,
2324 2124 2629 2193 postquam
2662 2122 2865 2179 multis
2894 2124 3220 2196 peragratis
3251 2128 3610 2199 regionibus,
3632 2133 3693 2185 et

2046 2208 2295 2280 oppidis,
2325 2214 2381 2264 et
2402 2208 2631 2280 insulis,
2655 2215 2712 2266 et
2738 2212 3066 2282 provinciis,
3090 2213 3301 2270 itinera
3340 2232 3449 2272 sua
3490 2217 3564 2272 iis
3596 2218 3698 2289 qui

2048 2302 2221 2353 noctu
2247 2305 2345 2353 aut
2366 2299 2617 2355 interdiu
2641 2299 2794 2354 obvii
2820 2301 2965 2357 forte
3006 2302 3247 2367 fuerint,
3271 2319 3543 2360 enarrare
3589 2322 3697 2362 vo-

2045 2385 2177 2441 lunt
2199 2402 2212 2439 :
2238 2392 2297 2443 et
2330 2386 2415 2441 illi
2438 2387 2497 2443 in
2525 2388 2752 2460 primis,
2778 2392 2879 2460 qui
2901 2391 2973 2445 ad
3000 2392 3362 2448 enuntianda
3391 2395 3696 2451 recondita

2044 2472 2222 2528 animi
2281 2490 2476 2540 sense,
2510 2474 2653 2530 satis
2698 2475 3053 2533 instructam
3086 2494 3120 2532 a
3168 2482 3378 2534 natura
3419 2496 3691 2552 accepere

2040 2559 2327 2632 linguam,
2368 2566 2493 2616 tum
2530 2561 2685 2617 haud
2724 2563 2899 2633 paulo
2930 2580 3072 2620 sane
3105 2565 3374 2622 meliores
3404 2569 3685 2640 semetip-

2042 2651 2124 2705 sis
2151 2651 2296 2706 liunt
2316 2656 2593 2719 oratores,
2617 2667 2749 2707 cum
2774 2653 2832 2708 in
2866 2657 2998 2709 tuas
3041 2670 3170 2710 sese
3203 2654 3409 2712 laudes
3438 2657 3690 2726 solvunt,

2043 2738 2371 2813 linguaeque
2420 2740 2612 2796 laxant
2651 2740 2929 2798 habenas.
2983 2747 3110 2798 Mox
3158 2760 3291 2799 vero
3334 2746 3408 2801 ab
3455 2748 3690 2803 audito-

2041 2830 2200 2885 ribus
2228 2830 2590 2901 interrogati,
2622 2831 2724 2902 qui
2754 2830 2876 2900 ﬂat,
2910 2837 2975 2888 ut
3018 2832 3291 2890 homines
3340 2840 3546 2892 natura
3603 2837 3690 2893 vi-

2038 2918 2203 2975 sendi
2234 2918 2505 2988 studiosi,
2539 2929 2593 2976 et
2623 2924 2708 2976 tot
2764 2921 3056 2991 pervagati
3105 2920 3252 2991 loca,
3294 2928 3351 2978 et
3394 2925 3499 2995 qui
3546 2924 3692 2990 Μαι,

2039 3018 2219 3065 torum
2250 3026 2445 3066 novere
2473 3010 2740 3082 urbesque
2768 3013 3084 3084 animosque
3104 3015 3346 3070 virorum
3375 3010 3501 3087 (0'6.
3526 3017 3691 3091 A',3)

2038 3098 2457 3170 rempublicam
2515 3097 2808 3171 Cypriam,
2870 3103 3151 3173 tuamque
3226 3102 3543 3174 justitiam,
3631 3110 3691 3162 et

2036 3203 2164 3259 qua
2196 3191 2469 3259 praeterea
2515 3186 2770 3258 plurima
2799 3187 2898 3243 tibi
2948 3189 3164 3245 adsunt
3220 3188 3393 3252 bona.
3443 3191 3678 3261 potissi—

2036 3292 2195 3332 mum
2233 3277 2295 3331 in
2334 3275 2545 3332 oculum
2576 3276 2790 3344 lerant,
2830 3293 2897 3332 ac
2940 3276 3164 3334 celebre
3210 3277 3353 3335 illud
3403 3280 3687 3337 Aristote-

2032 3368 2153 3423 lica
2171 3366 2467 3437 sapientia
2480 3365 2804 3423 alludentes
2826 3365 3048 3423 dictum
3065 3370 3685 3443 respondentﬁuippe

2035 3466 2099 3517 ut
2140 3460 2258 3526 ille,
2289 3477 2420 3516 cum
2470 3460 2544 3515 ab
2590 3459 2720 3532 ipso
2750 3459 3068 3531 aliquando
3111 3463 3490 3529 quasrsretur,
3521 3476 3690 3533 quare

2030 3550 2242 3607 diutius
2257 3566 2384 3605 cum
2400 3547 2652 3621 pulchri:
2673 3564 2957 3605 versamur
2976 3551 3000 3601 ν
3031 3555 3162 3604 caci
3183 3563 3301 3605 eam
3321 3564 3444 3605 esse
3462 3551 3690 3607 interro-

2029 3642 2304 3709 gationem
2329 3638 2578 3694 dicebat.
2611 3637 2797 3711 (Diog.
2832 3638 3018 3694 Laert.
3053 3653 3103 3695 ν.
3134 3638 3253 3709 20.)
3283 3639 3367 3694 Ad
3401 3638 3677 3696 eumdem

2030 3732 2083 3784 et
2118 3728 2173 3783 hi
2208 3728 2467 3795 modum,
2492 3725 2779 3797 rogitante
2800 3726 2947 3781 forte
2971 3726 3427 3799 quopiam,quid
3448 3726 3532 3782 ita
3553 3726 3683 3784 lon-

2029 3818 2160 3888 gius
2193 3816 2310 3871 tuis
2341 3814 2735 3871 immorantur
2764 3813 3063 3882 laudibus,
3087 3814 3338 3887 illosque
3358 3816 3431 3872 de
3450 3816 3567 3873 tuis
3592 3833 3680 3874 re-

2029 3907 2140 3961 bus
2170 3919 2470 3961 sermones
2493 3919 2594 3975 pro
2618 3904 2962 3960 dulcissimo
2989 3902 3415 3960 oblectamento
3437 3904 3680 3963 habent?

2029 3994 2189 4050 surdi
2222 3993 2513 4065 propriam
2542 3993 2709 4048 aiunt
2733 4007 2859 4048 esse
2881 3993 3266 4065 quaestionem
3291 4011 3306 4061 ;
3334 3993 3678 4064 huiusmodi

2027 4083 2184 4140 enim
2210 4082 2565 4144 hominibus.
2600 4086 2664 4138 ut
2693 4081 2969 4151 diximus,
2993 4097 3137 4153 pene
3156 4083 3416 4155 quotidie
3453 4083 3524 4140 de
3558 4084 3677 4141 tuis

2028 4173 2197 4229 bonis
2227 4172 2450 4244 optima
2478 4187 2725 4243 queque
2768 4171 3388 4243 commemorantibus,
3427 4172 3680 4247 aliisque

2027 4262 2297 4318 omnibus
2410 4261 2785 4317 audientibus
2899 4260 3463 4334 admirantibusque,
3570 4263 3673 4334 qui

2026 4350 2188 4407 solus
2243 4349 2451 4406 talium
2506 4351 2908 4407 narrationum
2959 4365 3165 4423 expers
3225 4351 3464 4420 mansit,
3520 4351 3679 4409 hunc

2026 4441 2183 4496 haud
2216 4439 2391 4496 dubie
2423 4456 2492 4495 ex
2516 4443 2645 4495 ortu
2675 4440 2804 4512 ipso
2834 4441 3074 4496 surdum
3105 4456 3505 4512 sensuumque
3536 4458 3676 4511 pras-

2028 4529 2396 4586 etantissimo
2427 4528 2696 4585 orbatum
2730 4528 2909 4585 fuisse
2938 4528 3223 4585 dictitant.
3247 4530 3388 4585 Cum
3420 4528 3677 4601 plurima

2025 4617 2181 4674 enim
2215 4616 2431 4688 passim
2480 4632 2712 4687 aequora
2758 4633 2825 4673 ac
2874 4616 3058 4673 maria
3099 4621 3263 4686 sunt,
3312 4633 3677 4691 quacunque

2026 4706 2230 4761 insulis
2260 4708 2462 4761 ornata
2495 4710 2657 4771 sunt,
2691 4704 2811 4760 sive
2833 4706 3103 4761 maximis
3136 4705 3676 4776 minimisque,sive

2025 4794 2299 4851 mediocri
2330 4793 2550 4850 ambitu
2582 4794 2865 4865 praeditis,
2899 4810 3089 4866 neque
3117 4811 3187 4850 ex
3237 4793 3435 4850 Indico
3469 4804 3668 4851 tamen

2026 4884 2192 4950 mari,
2217 4899 2407 4955 neque
2429 4881 2527 4938 illo
2569 4883 2722 4939 ultra
2745 4882 3075 4939 Atlantidas
3097 4887 3452 4954 exporrecto,
3480 4898 3673 4956 neque

2025 4972 2135 5029 hoc
2165 4974 2318 5045 quod
2359 4975 2507 5029 citra
2536 4974 2769 5029 easdem
2802 4973 2915 5029 late
2947 4974 3089 5028 satis
3140 4976 3316 5044 patet,
3348 4977 3405 5028 et
3453 4976 3670 5029 Hercu-

2023 5061 2131 5118 leis
2207 5062 2713 5119 circumscribitur
2790 5062 3100 5121 columnis,
3180 5060 3303 5115 ulla
3377 5061 3449 5116 ad
3507 5076 3673 5118 aures

2025 5156 2257 5207 nostras
2290 5149 2511 5222 allapsa
2544 5152 2698 5206 fama
2746 5156 2851 5217 est,
2886 5149 3175 5221 ejusmodi
3225 5164 3427 5205 secum
3475 5150 3671 5222 gloria

2024 5240 2393 5312 splendorem
2426 5240 2690 5306 aﬂ'erens,
2723 5238 2952 5308 qualem
3000 5242 3406 5310 quantumque
3456 5239 3675 5311 Cyprus

2025 5329 2138 5384 ista
2168 5335 2304 5384 tua:
2338 5345 2455 5384 non
2494 5328 2592 5383 illa
2635 5344 2796 5394 sane,
2846 5344 2972 5398 qua
3022 5327 3226 5397 fertur,
3256 5329 3447 5383 Aurea
3494 5326 3673 5384 Cher-

2025 5433 2291 5485 sonesus,
2346 5434 2461 5473 non
2511 5416 2944 5488 aquilonarium
2995 5416 3157 5472 orbis
3206 5416 3460 5488 partium
3513 5417 3674 5489 prin-

2024 5524 2159 5579 ceps
2195 5508 2402 5574 Thule,
2437 5524 2549 5563 non
2599 5504 2718 5560 ulla
2768 5505 3265 5576 Britannicarum,
3318 5522 3434 5563 non
3484 5521 3553 5561 ex
3599 5506 3675 5564 iis

2022 5597 2161 5653 item
2212 5613 2363 5669 quas
2435 5597 2507 5651 ad
2566 5594 2874 5651 meridiem
2956 5600 3339 5667 austrumque
3410 5594 3537 5650 Indi
3615 5601 3674 5651 et

2021 5686 2316 5758 Ethiopes
2367 5684 2654 5751 incolunt,
2703 5683 2930 5753 ingenti
2979 5684 3384 5757 magnitudine
3420 5682 3674 5754 superba
