  <div class='ocr_page' id='page_1' title='image "/cluster/home/n/w/nwhite01/storage/ocr_20150623/145/mdp.39015061167048/207.png"; bbox 0 0 4062 6308; ppageno 0'>
   <div class='ocr_carea' id='block_1_1' title="bbox 405 377 526 444">
    <p class='ocr_par' dir='ltr' id='par_1_1' title="bbox 405 377 526 444">
     <span class='ocr_line' id='line_1_1' title="bbox 405 377 526 444; baseline 0 -3"><span class='ocrx_word' id='word_1_1' title='bbox 405 377 526 444; x_wconf 87' lang='lat'><strong>399</strong></span> 
     </span>
    </p>
   </div>
   <div class='ocr_carea' id='block_1_2' title="bbox 1714 383 2501 446">
    <p class='ocr_par' dir='ltr' id='par_1_2' title="bbox 1714 383 2501 446">
     <span class='ocr_line' id='line_1_2' title="bbox 1714 383 2501 446; baseline 0.001 -2"><span class='ocrx_word' id='word_1_2' title='bbox 1714 383 2111 446; x_wconf 87' lang='lat' dir='ltr'><strong>THEODULI</strong></span> <span class='ocrx_word' id='word_1_3' title='bbox 2157 385 2501 446; x_wconf 82' lang='lat' dir='ltr'><strong>MONACHI</strong></span> 
     </span>
    </p>
   </div>
   <div class='ocr_carea' id='block_1_3' title="bbox 3686 384 3796 454">
    <p class='ocr_par' dir='ltr' id='par_1_3' title="bbox 3686 384 3796 454">
     <span class='ocr_line' id='line_1_3' title="bbox 3686 384 3796 454; baseline -0.082 0"><span class='ocrx_word' id='word_1_4' title='bbox 3686 384 3796 454; x_wconf 74' lang='grc' dir='ltr'><strong>4ου</strong></span> 
     </span>
    </p>
   </div>
   <div class='ocr_carea' id='block_1_4' title="bbox 408 515 2049 593">
    <p class='ocr_par' dir='ltr' id='par_1_4' title="bbox 408 518 2049 592">
     <span class='ocr_line' id='line_1_4' title="bbox 408 518 2049 592; baseline 0 -18"><span class='ocrx_word' id='word_1_5' title='bbox 408 519 771 592; x_wconf 89' lang='lat' dir='ltr'><strong>Taprobane,</strong></span> <span class='ocrx_word' id='word_1_6' title='bbox 826 533 1003 589; x_wconf 88' lang='lat' dir='ltr'><strong>neque</strong></span> <span class='ocrx_word' id='word_1_7' title='bbox 1065 534 1209 589; x_wconf 89' lang='lat' dir='ltr'><strong>quas</strong></span> <span class='ocrx_word' id='word_1_8' title='bbox 1286 518 1535 573; x_wconf 82' lang='lat' dir='ltr'><strong>vicinum</strong></span> <span class='ocrx_word' id='word_1_9' title='bbox 1606 522 2049 591; x_wconf 89' lang='lat' dir='ltr'><strong>proximumque</strong></span> 
     </span>
    </p>
   </div>
   <div class='ocr_carea' id='block_1_5' title="bbox 2159 515 3796 593">
    <p class='ocr_par' dir='ltr' id='par_1_5' title="bbox 2161 515 3796 593">
     <span class='ocr_line' id='line_1_5' title="bbox 2161 515 3796 593; baseline -0.002 -21"><span class='ocrx_word' id='word_1_10' title='bbox 2161 523 2490 593; x_wconf 73' lang='grc' dir='ltr'><strong>περατοῦται</strong></span> <span class='ocrx_word' id='word_1_11' title='bbox 2524 515 2572 572; x_wconf 81' lang='grc' dir='ltr'><strong>δ’</strong></span> <span class='ocrx_word' id='word_1_12' title='bbox 2602 518 2653 579; x_wconf 82' lang='grc' dir='ltr'><strong>ἐς</strong></span> <span class='ocrx_word' id='word_1_13' title='bbox 2683 519 2780 580; x_wconf 79' lang='grc' dir='ltr'><strong>τάς</strong></span> <span class='ocrx_word' id='word_1_14' title='bbox 2813 517 3170 593; x_wconf 71' lang='grc' dir='ltr'><strong>’Ἡρακλείους</strong></span> <span class='ocrx_word' id='word_1_15' title='bbox 3219 516 3423 587; x_wconf 85' lang='grc' dir='ltr'>στήλας</span> <span class='ocrx_word' id='word_1_16' title='bbox 3456 535 3468 548; x_wconf 92' lang='grc'><strong>·</strong></span> <span class='ocrx_word' id='word_1_17' title='bbox 3520 517 3666 571; x_wconf 73' lang='grc' dir='ltr'>οὕτω</span> <span class='ocrx_word' id='word_1_18' title='bbox 3696 515 3796 591; x_wconf 78' lang='grc' dir='ltr'><strong>γὰρ</strong></span> 
     </span>
    </p>
   </div>
   <div class='ocr_carea' id='block_1_6' title="bbox 407 606 2055 680">
    <p class='ocr_par' dir='ltr' id='par_1_6' title="bbox 407 606 2055 680">
     <span class='ocr_line' id='line_1_6' title="bbox 407 606 2055 680; baseline 0.001 -16"><span class='ocrx_word' id='word_1_19' title='bbox 407 608 693 679; x_wconf 77' lang='lat' dir='ltr'><strong>Hyrcanis</strong></span> <span class='ocrx_word' id='word_1_20' title='bbox 750 606 1020 678; x_wconf 83' lang='lat' dir='ltr'><strong>gentibus</strong></span> <span class='ocrx_word' id='word_1_21' title='bbox 1078 623 1238 662; x_wconf 82' lang='lat' dir='ltr'><strong>mare</strong></span> <span class='ocrx_word' id='word_1_22' title='bbox 1285 608 1563 679; x_wconf 84' lang='lat' dir='ltr'><strong>Caspium</strong></span> <span class='ocrx_word' id='word_1_23' title='bbox 1623 608 1815 678; x_wconf 83' lang='lat' dir='ltr'><strong>habet,</strong></span> <span class='ocrx_word' id='word_1_24' title='bbox 1867 623 2055 680; x_wconf 85' lang='lat' dir='ltr'><strong>neque</strong></span> 
     </span>
    </p>
   </div>
   <div class='ocr_carea' id='block_1_7' title="bbox 409 697 2055 771">
    <p class='ocr_par' dir='ltr' id='par_1_7' title="bbox 409 697 2055 771">
     <span class='ocr_line' id='line_1_7' title="bbox 409 697 2055 771; baseline -0.001 -18"><span class='ocrx_word' id='word_1_25' title='bbox 409 713 581 768; x_wconf 85' lang='lat' dir='ltr'><strong>quam</strong></span> <span class='ocrx_word' id='word_1_26' title='bbox 615 698 873 767; x_wconf 89' lang='lat' dir='ltr'><strong>amplum</strong></span> <span class='ocrx_word' id='word_1_27' title='bbox 928 701 1034 764; x_wconf 85' lang='lat' dir='ltr'><strong>est,</strong></span> <span class='ocrx_word' id='word_1_28' title='bbox 1079 698 1229 767; x_wconf 93' lang='lat' dir='ltr'><strong>quod</strong></span> <span class='ocrx_word' id='word_1_29' title='bbox 1283 714 1312 752; x_wconf 92' lang='lat' dir='ltr'><strong>e</strong></span> <span class='ocrx_word' id='word_1_30' title='bbox 1363 697 1621 754; x_wconf 82' lang='lat' dir='ltr'><strong>Gadibus</strong></span> <span class='ocrx_word' id='word_1_31' title='bbox 1679 698 2055 771; x_wconf 84' lang='lat' dir='ltr'><strong>Herculisque</strong></span> 
     </span>
    </p>
   </div>
   <div class='ocr_carea' id='block_1_8' title="bbox 409 785 2052 860">
    <p class='ocr_par' dir='ltr' id='par_1_8' title="bbox 409 785 2052 860">
     <span class='ocr_line' id='line_1_8' title="bbox 409 785 2052 860; baseline 0.001 -19"><span class='ocrx_word' id='word_1_32' title='bbox 409 786 700 842; x_wconf 83' lang='lat' dir='ltr'><strong>columnis</strong></span> <span class='ocrx_word' id='word_1_33' title='bbox 729 801 1064 858; x_wconf 82' lang='lat' dir='ltr'><strong>erumpens,</strong></span> <span class='ocrx_word' id='word_1_34' title='bbox 1100 789 1171 842; x_wconf 89' lang='lat' dir='ltr'><strong>ad</strong></span> <span class='ocrx_word' id='word_1_35' title='bbox 1223 785 1382 858; x_wconf 90' lang='lat' dir='ltr'><strong>ipsos</strong></span> <span class='ocrx_word' id='word_1_36' title='bbox 1431 803 1620 860; x_wconf 88' lang='lat' dir='ltr'><strong>usque</strong></span> <span class='ocrx_word' id='word_1_37' title='bbox 1659 788 2052 860; x_wconf 86' lang='lat' dir='ltr'><strong>hyperboreos</strong></span> 
     </span>
    </p>
   </div>
   <div class='ocr_carea' id='block_1_9' title="bbox 406 875 2056 948">
    <p class='ocr_par' dir='ltr' id='par_1_9' title="bbox 406 875 2056 948">
     <span class='ocr_line' id='line_1_9' title="bbox 406 875 2056 948; baseline -0.001 -17"><span class='ocrx_word' id='word_1_38' title='bbox 406 876 650 948; x_wconf 79' lang='lat' dir='ltr'><strong>Scythas</strong></span> <span class='ocrx_word' id='word_1_39' title='bbox 683 875 942 948; x_wconf 82' lang='lat' dir='ltr'><strong>proxime</strong></span> <span class='ocrx_word' id='word_1_40' title='bbox 973 876 1256 944; x_wconf 81' lang='lat' dir='ltr'><strong>ascendit,</strong></span> <span class='ocrx_word' id='word_1_41' title='bbox 1288 878 1358 932; x_wconf 91' lang='lat' dir='ltr'><strong>ad</strong></span> <span class='ocrx_word' id='word_1_42' title='bbox 1391 882 1550 932; x_wconf 89' lang='lat' dir='ltr'><strong>tuam</strong></span> <span class='ocrx_word' id='word_1_43' title='bbox 1582 893 1716 933; x_wconf 86' lang='lat' dir='ltr'><strong>vero</strong></span> <span class='ocrx_word' id='word_1_44' title='bbox 1749 877 2056 933; x_wconf 86' lang='lat' dir='ltr'><strong>concludi-</strong></span> 
     </span>
    </p>
   </div>
   <div class='ocr_carea' id='block_1_10' title="bbox 406 966 2052 1038">
    <p class='ocr_par' dir='ltr' id='par_1_10' title="bbox 406 966 2052 1038">
     <span class='ocr_line' id='line_1_10' title="bbox 406 966 2052 1038; baseline 0.002 -21"><span class='ocrx_word' id='word_1_45' title='bbox 406 967 506 1018; x_wconf 89' lang='lat' dir='ltr'><strong>tur</strong></span> <span class='ocrx_word' id='word_1_46' title='bbox 555 966 827 1037; x_wconf 81' lang='lat' dir='ltr'><strong>Cyprum,</strong></span> <span class='ocrx_word' id='word_1_47' title='bbox 877 966 996 1021; x_wconf 82' lang='lat' dir='ltr'><strong>sive</strong></span> <span class='ocrx_word' id='word_1_48' title='bbox 1043 966 1233 1021; x_wconf 88' lang='lat' dir='ltr'><strong>verius</strong></span> <span class='ocrx_word' id='word_1_49' title='bbox 1281 983 1312 1021; x_wconf 88' lang='lat' dir='ltr'><strong>a</strong></span> <span class='ocrx_word' id='word_1_50' title='bbox 1361 970 1542 1038; x_wconf 82' lang='lat' dir='ltr'><strong>Cypro</strong></span> <span class='ocrx_word' id='word_1_51' title='bbox 1584 967 1820 1022; x_wconf 91' lang='lat' dir='ltr'><strong>initium</strong></span> <span class='ocrx_word' id='word_1_52' title='bbox 1870 966 2052 1033; x_wconf 85' lang='lat' dir='ltr'><strong>ducit,</strong></span> 
     </span>
    </p>
   </div>
   <div class='ocr_carea' id='block_1_11' title="bbox 405 1053 2055 1127">
    <p class='ocr_par' dir='ltr' id='par_1_11' title="bbox 405 1053 2055 1127">
     <span class='ocr_line' id='line_1_11' title="bbox 405 1053 2055 1127; baseline 0.002 -19"><span class='ocrx_word' id='word_1_53' title='bbox 405 1053 722 1109; x_wconf 86' lang='lat' dir='ltr'><strong>terminum</strong></span> <span class='ocrx_word' id='word_1_54' title='bbox 768 1054 840 1110; x_wconf 87' lang='lat' dir='ltr'><strong>ad</strong></span> <span class='ocrx_word' id='word_1_55' title='bbox 889 1055 1187 1110; x_wconf 78' lang='lat' dir='ltr'><strong>columnas</strong></span> <span class='ocrx_word' id='word_1_56' title='bbox 1231 1056 1460 1127; x_wconf 88' lang='lat' dir='ltr'><strong>accipit,</strong></span> <span class='ocrx_word' id='word_1_57' title='bbox 1504 1056 1587 1111; x_wconf 90' lang='lat' dir='ltr'><strong>sic</strong></span> <span class='ocrx_word' id='word_1_58' title='bbox 1636 1056 1790 1112; x_wconf 90' lang='lat' dir='ltr'><strong>enim</strong></span> <span class='ocrx_word' id='word_1_59' title='bbox 1837 1057 2055 1126; x_wconf 90' lang='lat' dir='ltr'><strong>justius</strong></span> 
     </span>
    </p>
   </div>
   <div class='ocr_carea' id='block_1_12' title="bbox 406 1143 2054 1216">
    <p class='ocr_par' dir='ltr' id='par_1_12' title="bbox 406 1143 2054 1216">
     <span class='ocr_line' id='line_1_12' title="bbox 406 1143 2054 1216; baseline 0.001 -18"><span class='ocrx_word' id='word_1_60' title='bbox 406 1144 821 1216; x_wconf 90' lang='lat' dir='ltr'><strong>decentiusque</strong></span> <span class='ocrx_word' id='word_1_61' title='bbox 851 1144 1179 1216; x_wconf 81' lang='lat' dir='ltr'><strong>loquemur.</strong></span> <span class='ocrx_word' id='word_1_62' title='bbox 1213 1145 1439 1216; x_wconf 86' lang='lat' dir='ltr'><strong>Quippe</strong></span> <span class='ocrx_word' id='word_1_63' title='bbox 1470 1161 1602 1200; x_wconf 91' lang='lat' dir='ltr'><strong>cum</strong></span> <span class='ocrx_word' id='word_1_64' title='bbox 1646 1145 1761 1201; x_wconf 92' lang='lat' dir='ltr'><strong>duo</strong></span> <span class='ocrx_word' id='word_1_65' title='bbox 1813 1143 2054 1202; x_wconf 81' lang='lat' dir='ltr'><strong>extremi</strong></span> 
     </span>
    </p>
   </div>
   <div class='ocr_carea' id='block_1_13' title="bbox 407 1231 2052 1307">
    <p class='ocr_par' dir='ltr' id='par_1_13' title="bbox 407 1231 2052 1307">
     <span class='ocr_line' id='line_1_13' title="bbox 407 1231 2052 1307; baseline 0.003 -21"><span class='ocrx_word' id='word_1_66' title='bbox 407 1231 551 1288; x_wconf 86' lang='lat' dir='ltr'><strong>ﬁnes</strong></span> <span class='ocrx_word' id='word_1_67' title='bbox 577 1232 838 1289; x_wconf 85' lang='lat' dir='ltr'><strong>cultioris</strong></span> <span class='ocrx_word' id='word_1_68' title='bbox 873 1234 1048 1304; x_wconf 87' lang='lat' dir='ltr'><strong>hujus</strong></span> <span class='ocrx_word' id='word_1_69' title='bbox 1079 1235 1379 1305; x_wconf 86' lang='lat' dir='ltr'><strong>nostrique</strong></span> <span class='ocrx_word' id='word_1_70' title='bbox 1423 1234 1599 1290; x_wconf 85' lang='lat' dir='ltr'><strong>maris</strong></span> <span class='ocrx_word' id='word_1_71' title='bbox 1630 1235 1769 1304; x_wconf 89' lang='lat' dir='ltr'><strong>sint,</strong></span> <span class='ocrx_word' id='word_1_72' title='bbox 1804 1252 2052 1307; x_wconf 91' lang='lat' dir='ltr'><strong>quorum</strong></span> 
     </span>
    </p>
   </div>
   <div class='ocr_carea' id='block_1_14' title="bbox 405 1319 2054 1394">
    <p class='ocr_par' dir='ltr' id='par_1_14' title="bbox 405 1319 2054 1394">
     <span class='ocr_line' id='line_1_14' title="bbox 405 1319 2054 1394; baseline 0.003 -20"><span class='ocrx_word' id='word_1_73' title='bbox 405 1319 568 1376; x_wconf 88' lang='lat' dir='ltr'><strong>alteri</strong></span> <span class='ocrx_word' id='word_1_74' title='bbox 599 1321 819 1376; x_wconf 88' lang='lat' dir='ltr'><strong>famosa</strong></span> <span class='ocrx_word' id='word_1_75' title='bbox 839 1327 895 1378; x_wconf 89' lang='lat' dir='ltr'><strong>et</strong></span> <span class='ocrx_word' id='word_1_76' title='bbox 916 1321 1131 1392; x_wconf 86' lang='lat' dir='ltr'><strong>inclyta</strong></span> <span class='ocrx_word' id='word_1_77' title='bbox 1163 1322 1358 1378; x_wconf 82' lang='lat' dir='ltr'><strong>insula</strong></span> <span class='ocrx_word' id='word_1_78' title='bbox 1396 1323 1617 1394; x_wconf 78' lang='lat' dir='ltr'><strong>Cyprus</strong></span> <span class='ocrx_word' id='word_1_79' title='bbox 1652 1324 2054 1394; x_wconf 57' lang='lat' dir='ltr'><strong>praetenditur,</strong></span> 
     </span>
    </p>
   </div>
   <div class='ocr_carea' id='block_1_15' title="bbox 405 1409 2052 1483">
    <p class='ocr_par' dir='ltr' id='par_1_15' title="bbox 405 1409 2052 1483">
     <span class='ocr_line' id='line_1_15' title="bbox 405 1409 2052 1483; baseline 0.003 -19"><span class='ocrx_word' id='word_1_80' title='bbox 405 1409 552 1464; x_wconf 83' lang='lat' dir='ltr'><strong>alter</strong></span> <span class='ocrx_word' id='word_1_81' title='bbox 582 1409 877 1467; x_wconf 85' lang='lat' dir='ltr'><strong>Herculeis</strong></span> <span class='ocrx_word' id='word_1_82' title='bbox 909 1411 1200 1468; x_wconf 87' lang='lat' dir='ltr'><strong>columnis</strong></span> <span class='ocrx_word' id='word_1_83' title='bbox 1244 1413 1612 1478; x_wconf 86' lang='lat' dir='ltr'><strong>describitur,</strong></span> <span class='ocrx_word' id='word_1_84' title='bbox 1643 1413 1738 1467; x_wconf 92' lang='lat' dir='ltr'><strong>hic</strong></span> <span class='ocrx_word' id='word_1_85' title='bbox 1787 1429 1889 1482; x_wconf 85' lang='lat' dir='ltr'><strong>ego</strong></span> <span class='ocrx_word' id='word_1_86' title='bbox 1938 1414 2052 1483; x_wconf 87' lang='lat' dir='ltr'><strong>pri-</strong></span> 
     </span>
    </p>
   </div>
   <div class='ocr_carea' id='block_1_16' title="bbox 407 1500 2057 1576">
    <p class='ocr_par' dir='ltr' id='par_1_16' title="bbox 407 1500 2057 1576">
     <span class='ocr_line' id='line_1_16' title="bbox 407 1500 2057 1576; baseline 0.002 -20"><span class='ocrx_word' id='word_1_87' title='bbox 407 1516 533 1556; x_wconf 88' lang='lat' dir='ltr'><strong>mas</strong></span> <span class='ocrx_word' id='word_1_88' title='bbox 554 1500 758 1556; x_wconf 91' lang='lat' dir='ltr'><strong>merito</strong></span> <span class='ocrx_word' id='word_1_89' title='bbox 782 1502 896 1558; x_wconf 88' lang='lat' dir='ltr'><strong>sibi</strong></span> <span class='ocrx_word' id='word_1_90' title='bbox 920 1503 1215 1558; x_wconf 87' lang='lat' dir='ltr'><strong>vindicare</strong></span> <span class='ocrx_word' id='word_1_91' title='bbox 1246 1504 1662 1559; x_wconf 84' lang='lat' dir='ltr'><strong>circumfusum</strong></span> <span class='ocrx_word' id='word_1_92' title='bbox 1689 1504 1876 1576; x_wconf 83' lang='lat' dir='ltr'><strong>Cypro</strong></span> <span class='ocrx_word' id='word_1_93' title='bbox 1899 1520 2057 1559; x_wconf 89' lang='lat' dir='ltr'><strong>mare</strong></span> 
     </span>
    </p>
   </div>
   <div class='ocr_carea' id='block_1_17' title="bbox 405 1592 2054 1660">
    <p class='ocr_par' dir='ltr' id='par_1_17' title="bbox 405 1592 2054 1660">
     <span class='ocr_line' id='line_1_17' title="bbox 405 1592 2054 1660; baseline 0.002 -15"><span class='ocrx_word' id='word_1_94' title='bbox 405 1593 632 1651; x_wconf 80' lang='lat' dir='ltr'><strong>statuo;</strong></span> <span class='ocrx_word' id='word_1_95' title='bbox 667 1595 842 1660; x_wconf 89' lang='lat' dir='ltr'><strong>atque</strong></span> <span class='ocrx_word' id='word_1_96' title='bbox 873 1592 1130 1646; x_wconf 92' lang='lat' dir='ltr'><strong>indidem</strong></span> <span class='ocrx_word' id='word_1_97' title='bbox 1173 1609 1406 1647; x_wconf 91' lang='lat' dir='ltr'><strong>omnem</strong></span> <span class='ocrx_word' id='word_1_98' title='bbox 1450 1593 1608 1648; x_wconf 85' lang='lat' dir='ltr'><strong>illam</strong></span> <span class='ocrx_word' id='word_1_99' title='bbox 1654 1593 1912 1648; x_wconf 73' lang='lat' dir='ltr'><strong>humidae</strong></span> <span class='ocrx_word' id='word_1_100' title='bbox 1942 1611 2054 1649; x_wconf 86' lang='lat' dir='ltr'><strong>na-</strong></span> 
     </span>
    </p>
   </div>
   <div class='ocr_carea' id='block_1_18' title="bbox 407 1677 2054 1750">
    <p class='ocr_par' dir='ltr' id='par_1_18' title="bbox 407 1677 2054 1750">
     <span class='ocr_line' id='line_1_18' title="bbox 407 1677 2054 1750; baseline 0.003 -19"><span class='ocrx_word' id='word_1_101' title='bbox 407 1685 552 1732; x_wconf 72' lang='lat' dir='ltr'><strong>turae</strong></span> <span class='ocrx_word' id='word_1_102' title='bbox 579 1677 695 1732; x_wconf 86' lang='lat' dir='ltr'><strong>vim</strong></span> <span class='ocrx_word' id='word_1_103' title='bbox 717 1683 1000 1748; x_wconf 81' lang='lat' dir='ltr'><strong>exortam,</strong></span> <span class='ocrx_word' id='word_1_104' title='bbox 1022 1679 1092 1734; x_wconf 88' lang='lat' dir='ltr'><strong>ad</strong></span> <span class='ocrx_word' id='word_1_105' title='bbox 1116 1678 1422 1734; x_wconf 89' lang='lat' dir='ltr'><strong>Herculeas</strong></span> <span class='ocrx_word' id='word_1_106' title='bbox 1465 1695 1647 1750; x_wconf 87' lang='lat' dir='ltr'><strong>usque</strong></span> <span class='ocrx_word' id='word_1_107' title='bbox 1681 1679 1893 1736; x_wconf 80' lang='lat' dir='ltr'><strong>deferri</strong></span> <span class='ocrx_word' id='word_1_108' title='bbox 1937 1685 2054 1736; x_wconf 88' lang='lat' dir='ltr'><strong>ter-</strong></span> 
     </span>
    </p>
   </div>
   <div class='ocr_carea' id='block_1_19' title="bbox 405 1767 2053 1840">
    <p class='ocr_par' dir='ltr' id='par_1_19' title="bbox 405 1767 2053 1840">
     <span class='ocr_line' id='line_1_19' title="bbox 405 1767 2053 1840; baseline 0.003 -19"><span class='ocrx_word' id='word_1_109' title='bbox 405 1767 741 1838; x_wconf 88' lang='lat' dir='ltr'><strong>minarique</strong></span> <span class='ocrx_word' id='word_1_110' title='bbox 775 1767 1101 1829; x_wconf 86' lang='lat' dir='ltr'><strong>columnas,</strong></span> <span class='ocrx_word' id='word_1_111' title='bbox 1137 1770 1330 1840; x_wconf 88' lang='lat' dir='ltr'><strong>potius</strong></span> <span class='ocrx_word' id='word_1_112' title='bbox 1364 1770 1673 1825; x_wconf 90' lang='lat' dir='ltr'><strong>dicendum</strong></span> <span class='ocrx_word' id='word_1_113' title='bbox 1702 1785 1852 1838; x_wconf 88' lang='lat' dir='ltr'><strong>esse,</strong></span> <span class='ocrx_word' id='word_1_114' title='bbox 1877 1787 2053 1840; x_wconf 90' lang='lat' dir='ltr'><strong>quam</strong></span> 
     </span>
    </p>
   </div>
   <div class='ocr_carea' id='block_1_20' title="bbox 405 1856 2132 1944">
    <p class='ocr_par' dir='ltr' id='par_1_20' title="bbox 405 1856 2132 1944">
     <span class='ocr_line' id='line_1_20' title="bbox 405 1856 2132 1944; baseline 0.003 -34"><span class='ocrx_word' id='word_1_115' title='bbox 405 1863 634 1911; x_wconf 86' lang='lat' dir='ltr'><strong>contra:</strong></span> <span class='ocrx_word' id='word_1_116' title='bbox 671 1862 793 1911; x_wconf 92' lang='lat' dir='ltr'><strong>tum</strong></span> <span class='ocrx_word' id='word_1_117' title='bbox 829 1857 978 1912; x_wconf 88' lang='lat' dir='ltr'><strong>hanc</strong></span> <span class='ocrx_word' id='word_1_118' title='bbox 1007 1856 1183 1912; x_wconf 89' lang='lat' dir='ltr'><strong>etiam</strong></span> <span class='ocrx_word' id='word_1_119' title='bbox 1216 1857 1447 1929; x_wconf 84' lang='lat' dir='ltr'><strong>utrique</strong></span> <span class='ocrx_word' id='word_1_120' title='bbox 1495 1859 1745 1914; x_wconf 87' lang='lat' dir='ltr'><strong>termino</strong></span> <span class='ocrx_word' id='word_1_121' title='bbox 1795 1858 2052 1930; x_wconf 84' lang='lat' dir='ltr'><strong>regulam</strong></span> <span class='ocrx_word' id='word_1_122' title='bbox 2083 1881 2132 1944; x_wconf 83' lang='lat' dir='ltr'><strong>B</strong></span> 
     </span>
    </p>
   </div>
   <div class='ocr_carea' id='block_1_21' title="bbox 410 1943 2054 2017">
    <p class='ocr_par' dir='ltr' id='par_1_21' title="bbox 410 1943 2054 2017">
     <span class='ocr_line' id='line_1_21' title="bbox 410 1943 2054 2017; baseline 0.004 -19"><span class='ocrx_word' id='word_1_123' title='bbox 410 1943 716 2017; x_wconf 84' lang='lat' dir='ltr'><strong>legemque</strong></span> <span class='ocrx_word' id='word_1_124' title='bbox 767 1946 1011 2016; x_wconf 84' lang='lat' dir='ltr'><strong>posthac</strong></span> <span class='ocrx_word' id='word_1_125' title='bbox 1055 1947 1178 2003; x_wconf 84' lang='lat' dir='ltr'><strong>fore</strong></span> <span class='ocrx_word' id='word_1_126' title='bbox 1227 1948 1494 2009; x_wconf 84' lang='lat' dir='ltr'><strong>dixerim,</strong></span> <span class='ocrx_word' id='word_1_127' title='bbox 1542 1952 1608 2002; x_wconf 91' lang='lat' dir='ltr'><strong>ut</strong></span> <span class='ocrx_word' id='word_1_128' title='bbox 1650 1955 1846 2004; x_wconf 86' lang='lat' dir='ltr'><strong>nostro</strong></span> <span class='ocrx_word' id='word_1_129' title='bbox 1893 1949 2054 2004; x_wconf 85' lang='lat' dir='ltr'><strong>vide-</strong></span> 
     </span>
    </p>
   </div>
   <div class='ocr_carea' id='block_1_22' title="bbox 407 2032 2052 2107">
    <p class='ocr_par' dir='ltr' id='par_1_22' title="bbox 407 2032 2052 2107">
     <span class='ocr_line' id='line_1_22' title="bbox 407 2032 2052 2107; baseline 0.003 -20"><span class='ocrx_word' id='word_1_130' title='bbox 407 2032 543 2088; x_wconf 92' lang='lat' dir='ltr'><strong>licet</strong></span> <span class='ocrx_word' id='word_1_131' title='bbox 572 2034 714 2088; x_wconf 87' lang='lat' dir='ltr'><strong>mari</strong></span> <span class='ocrx_word' id='word_1_132' title='bbox 746 2035 814 2089; x_wconf 90' lang='lat' dir='ltr'><strong>de</strong></span> <span class='ocrx_word' id='word_1_133' title='bbox 844 2036 1047 2107; x_wconf 79' lang='lat' dir='ltr'><strong>Cypro,</strong></span> <span class='ocrx_word' id='word_1_134' title='bbox 1073 2053 1186 2092; x_wconf 92' lang='lat' dir='ltr'><strong>non</strong></span> <span class='ocrx_word' id='word_1_135' title='bbox 1223 2038 1564 2092; x_wconf 89' lang='lat' dir='ltr'><strong>Herculanis</strong></span> <span class='ocrx_word' id='word_1_136' title='bbox 1594 2036 1711 2093; x_wconf 88' lang='lat' dir='ltr'><strong>illis</strong></span> <span class='ocrx_word' id='word_1_137' title='bbox 1742 2037 2052 2107; x_wconf 81' lang='lat' dir='ltr'><strong>columnis,</strong></span> 
     </span>
    </p>
   </div>
   <div class='ocr_carea' id='block_1_23' title="bbox 405 2121 2055 2183">
    <p class='ocr_par' dir='ltr' id='par_1_23' title="bbox 405 2121 2055 2183">
     <span class='ocr_line' id='line_1_23' title="bbox 405 2121 2055 2183; baseline 0.005 -8"><span class='ocrx_word' id='word_1_138' title='bbox 405 2121 638 2178; x_wconf 92' lang='lat' dir='ltr'><strong>initium</strong></span> <span class='ocrx_word' id='word_1_139' title='bbox 672 2125 1079 2181; x_wconf 86' lang='lat' dir='ltr'><strong>constituatur.</strong></span> <span class='ocrx_word' id='word_1_140' title='bbox 1142 2125 1289 2181; x_wconf 88' lang='lat' dir='ltr'><strong>Nam</strong></span> <span class='ocrx_word' id='word_1_141' title='bbox 1321 2131 1378 2182; x_wconf 92' lang='lat' dir='ltr'><strong>et</strong></span> <span class='ocrx_word' id='word_1_142' title='bbox 1421 2127 1630 2182; x_wconf 86' lang='lat' dir='ltr'><strong>almam</strong></span> <span class='ocrx_word' id='word_1_143' title='bbox 1662 2127 1814 2183; x_wconf 89' lang='lat' dir='ltr'><strong>hanc</strong></span> <span class='ocrx_word' id='word_1_144' title='bbox 1861 2144 2055 2183; x_wconf 91' lang='lat' dir='ltr'><strong>rerum</strong></span> 
     </span>
    </p>
   </div>
   <div class='ocr_carea' id='block_1_24' title="bbox 404 2212 2052 2287">
    <p class='ocr_par' dir='ltr' id='par_1_24' title="bbox 404 2212 2052 2287">
     <span class='ocr_line' id='line_1_24' title="bbox 404 2212 2052 2287; baseline 0.004 -21"><span class='ocrx_word' id='word_1_145' title='bbox 404 2212 666 2268; x_wconf 89' lang='lat' dir='ltr'><strong>omnium</strong></span> <span class='ocrx_word' id='word_1_146' title='bbox 697 2213 959 2270; x_wconf 89' lang='lat' dir='ltr'><strong>altricem</strong></span> <span class='ocrx_word' id='word_1_147' title='bbox 1003 2214 1145 2272; x_wconf 92' lang='lat' dir='ltr'><strong>solis</strong></span> <span class='ocrx_word' id='word_1_148' title='bbox 1193 2215 1511 2282; x_wconf 86' lang='lat' dir='ltr'><strong>ﬂammam,</strong></span> <span class='ocrx_word' id='word_1_149' title='bbox 1565 2216 1737 2283; x_wconf 89' lang='lat' dir='ltr'><strong>hanc,</strong></span> <span class='ocrx_word' id='word_1_150' title='bbox 1788 2218 2052 2287; x_wconf 89' lang='lat' dir='ltr'><strong>inquam,</strong></span> 
     </span>
    </p>
   </div>
   <div class='ocr_carea' id='block_1_25' title="bbox 411 2302 2057 2376">
    <p class='ocr_par' dir='ltr' id='par_1_25' title="bbox 411 2302 2057 2376">
     <span class='ocr_line' id='line_1_25' title="bbox 411 2302 2057 2376; baseline 0.004 -22"><span class='ocrx_word' id='word_1_151' title='bbox 411 2302 628 2358; x_wconf 89' lang='lat' dir='ltr'><strong>mundo</strong></span> <span class='ocrx_word' id='word_1_152' title='bbox 660 2303 926 2359; x_wconf 89' lang='lat' dir='ltr'><strong>universo</strong></span> <span class='ocrx_word' id='word_1_153' title='bbox 955 2303 1176 2360; x_wconf 90' lang='lat' dir='ltr'><strong>lumina</strong></span> <span class='ocrx_word' id='word_1_154' title='bbox 1206 2305 1556 2376; x_wconf 81' lang='lat' dir='ltr'><strong>praebentem</strong></span> <span class='ocrx_word' id='word_1_155' title='bbox 1589 2305 1862 2361; x_wconf 86' lang='lat' dir='ltr'><strong>diurnam</strong></span> <span class='ocrx_word' id='word_1_156' title='bbox 1905 2305 2057 2361; x_wconf 89' lang='lat' dir='ltr'><strong>lam-</strong></span> 
     </span>
    </p>
   </div>
   <div class='ocr_carea' id='block_1_26' title="bbox 407 2391 2054 2465">
    <p class='ocr_par' dir='ltr' id='par_1_26' title="bbox 407 2391 2054 2465">
     <span class='ocr_line' id='line_1_26' title="bbox 407 2391 2054 2465; baseline 0.002 -19"><span class='ocrx_word' id='word_1_157' title='bbox 407 2391 635 2461; x_wconf 86' lang='lat' dir='ltr'><strong>padem,</strong></span> <span class='ocrx_word' id='word_1_158' title='bbox 669 2407 738 2446; x_wconf 88' lang='lat' dir='ltr'><strong>ex</strong></span> <span class='ocrx_word' id='word_1_159' title='bbox 768 2391 868 2448; x_wconf 89' lang='lat' dir='ltr'><strong>illa</strong></span> <span class='ocrx_word' id='word_1_160' title='bbox 898 2393 1022 2448; x_wconf 73' lang='lat' dir='ltr'><strong>cmli</strong></span> <span class='ocrx_word' id='word_1_161' title='bbox 1058 2395 1222 2465; x_wconf 84' lang='lat' dir='ltr'><strong>plage</strong></span> <span class='ocrx_word' id='word_1_162' title='bbox 1252 2410 1421 2450; x_wconf 90' lang='lat' dir='ltr'><strong>suum</strong></span> <span class='ocrx_word' id='word_1_163' title='bbox 1471 2394 1758 2465; x_wconf 88' lang='lat' dir='ltr'><strong>auspicari</strong></span> <span class='ocrx_word' id='word_1_164' title='bbox 1791 2396 2054 2450; x_wconf 90' lang='lat' dir='ltr'><strong>curricu-</strong></span> 
     </span>
    </p>
   </div>
   <div class='ocr_carea' id='block_1_27' title="bbox 405 2479 2052 2556">
    <p class='ocr_par' dir='ltr' id='par_1_27' title="bbox 405 2479 2052 2556">
     <span class='ocr_line' id='line_1_27' title="bbox 405 2479 2052 2556; baseline 0.004 -23"><span class='ocrx_word' id='word_1_165' title='bbox 405 2479 552 2548; x_wconf 89' lang='lat' dir='ltr'><strong>lum,</strong></span> <span class='ocrx_word' id='word_1_166' title='bbox 578 2496 695 2536; x_wconf 70' lang='lat' dir='ltr'><strong>eavo</strong></span> <span class='ocrx_word' id='word_1_167' title='bbox 713 2481 892 2552; x_wconf 90' lang='lat' dir='ltr'><strong>omni,</strong></span> <span class='ocrx_word' id='word_1_168' title='bbox 915 2498 1113 2538; x_wconf 86' lang='lat' dir='ltr'><strong>omnes</strong></span> <span class='ocrx_word' id='word_1_169' title='bbox 1135 2482 1328 2538; x_wconf 88' lang='lat' dir='ltr'><strong>videre</strong></span> <span class='ocrx_word' id='word_1_170' title='bbox 1367 2483 1641 2539; x_wconf 84' lang='lat' dir='ltr'><strong>mortales</strong></span> <span class='ocrx_word' id='word_1_171' title='bbox 1675 2500 1688 2538; x_wconf 94' lang='lat'>:</span> <span class='ocrx_word' id='word_1_172' title='bbox 1741 2501 1857 2555; x_wconf 88' lang='lat' dir='ltr'><strong>qua</strong></span> <span class='ocrx_word' id='word_1_173' title='bbox 1890 2489 2052 2556; x_wconf 90' lang='lat' dir='ltr'><strong>parte</strong></span> 
     </span>
    </p>
   </div>
   <div class='ocr_carea' id='block_1_28' title="bbox 407 2570 2049 2643">
    <p class='ocr_par' dir='ltr' id='par_1_28' title="bbox 407 2570 2049 2643">
     <span class='ocr_line' id='line_1_28' title="bbox 407 2570 2049 2643; baseline 0.004 -20"><span class='ocrx_word' id='word_1_174' title='bbox 407 2570 655 2639; x_wconf 86' lang='lat' dir='ltr'><strong>Cyprum</strong></span> <span class='ocrx_word' id='word_1_175' title='bbox 690 2571 841 2626; x_wconf 90' lang='lat' dir='ltr'><strong>Deus</strong></span> <span class='ocrx_word' id='word_1_176' title='bbox 862 2570 1167 2642; x_wconf 87' lang='lat' dir='ltr'><strong>plantavit,</strong></span> <span class='ocrx_word' id='word_1_177' title='bbox 1212 2573 1428 2643; x_wconf 88' lang='lat' dir='ltr'><strong>quibus</strong></span> <span class='ocrx_word' id='word_1_178' title='bbox 1457 2572 1630 2627; x_wconf 89' lang='lat' dir='ltr'><strong>etiam</strong></span> <span class='ocrx_word' id='word_1_179' title='bbox 1662 2573 1734 2628; x_wconf 89' lang='lat' dir='ltr'><strong>de</strong></span> <span class='ocrx_word' id='word_1_180' title='bbox 1763 2574 2049 2643; x_wconf 87' lang='lat' dir='ltr'><strong>partibus,</strong></span> 
     </span>
    </p>
   </div>
   <div class='ocr_carea' id='block_1_29' title="bbox 407 2657 2048 2730">
    <p class='ocr_par' dir='ltr' id='par_1_29' title="bbox 407 2657 2048 2730">
     <span class='ocr_line' id='line_1_29' title="bbox 407 2657 2048 2730; baseline 0.004 -19"><span class='ocrx_word' id='word_1_181' title='bbox 407 2657 558 2712; x_wconf 87' lang='lat' dir='ltr'><strong>Solis</strong></span> <span class='ocrx_word' id='word_1_182' title='bbox 588 2659 739 2728; x_wconf 86' lang='lat' dir='ltr'><strong>ejus,</strong></span> <span class='ocrx_word' id='word_1_183' title='bbox 767 2676 939 2730; x_wconf 92' lang='lat' dir='ltr'><strong>quem</strong></span> <span class='ocrx_word' id='word_1_184' title='bbox 975 2661 1192 2716; x_wconf 89' lang='lat' dir='ltr'><strong>mentis</strong></span> <span class='ocrx_word' id='word_1_185' title='bbox 1214 2663 1499 2716; x_wconf 84' lang='lat' dir='ltr'><strong>duntaxat</strong></span> <span class='ocrx_word' id='word_1_186' title='bbox 1521 2663 1822 2717; x_wconf 89' lang='lat' dir='ltr'><strong>intuemur</strong></span> <span class='ocrx_word' id='word_1_187' title='bbox 1843 2662 2048 2730; x_wconf 89' lang='lat' dir='ltr'><strong>oculis,</strong></span> 
     </span>
    </p>
   </div>
   <div class='ocr_carea' id='block_1_30' title="bbox 311 2748 2049 2818">
    <p class='ocr_par' dir='ltr' id='par_1_30' title="bbox 311 2748 2049 2818">
     <span class='ocr_line' id='line_1_30' title="bbox 311 2748 2049 2818; baseline 0.005 -19"><span class='ocrx_word' id='word_1_188' title='bbox 311 2785 315 2788; x_wconf 72' lang='lat'><strong>.</strong></span> <span class='ocrx_word' id='word_1_189' title='bbox 405 2748 726 2802; x_wconf 86' lang='lat' dir='ltr'><strong>Servatoris</strong></span> <span class='ocrx_word' id='word_1_190' title='bbox 773 2749 1038 2804; x_wconf 82' lang='lat' dir='ltr'><strong>videlicet</strong></span> <span class='ocrx_word' id='word_1_191' title='bbox 1088 2752 1270 2805; x_wconf 90' lang='lat' dir='ltr'><strong>nostri</strong></span> <span class='ocrx_word' id='word_1_192' title='bbox 1321 2751 1444 2818; x_wconf 88' lang='lat' dir='ltr'><strong>Dei,</strong></span> <span class='ocrx_word' id='word_1_193' title='bbox 1488 2749 1792 2806; x_wconf 87' lang='lat' dir='ltr'><strong>familiaris</strong></span> <span class='ocrx_word' id='word_1_194' title='bbox 1838 2752 2049 2806; x_wconf 90' lang='lat' dir='ltr'><strong>conde-</strong></span> 
     </span>
    </p>
   </div>
   <div class='ocr_carea' id='block_1_31' title="bbox 407 2833 2050 2907">
    <p class='ocr_par' dir='ltr' id='par_1_31' title="bbox 407 2833 2050 2907">
     <span class='ocr_line' id='line_1_31' title="bbox 407 2833 2050 2907; baseline 0.004 -21"><span class='ocrx_word' id='word_1_195' title='bbox 407 2833 728 2889; x_wconf 88' lang='lat' dir='ltr'><strong>scensionis</strong></span> <span class='ocrx_word' id='word_1_196' title='bbox 770 2833 969 2890; x_wconf 91' lang='lat' dir='ltr'><strong>lumen</strong></span> <span class='ocrx_word' id='word_1_197' title='bbox 1027 2844 1402 2906; x_wconf 89' lang='lat' dir='ltr'><strong>conspectum</strong></span> <span class='ocrx_word' id='word_1_198' title='bbox 1457 2835 1583 2903; x_wconf 83' lang='lat' dir='ltr'><strong>fuit,</strong></span> <span class='ocrx_word' id='word_1_199' title='bbox 1627 2836 1887 2907; x_wconf 88' lang='lat' dir='ltr'><strong>illudque</strong></span> <span class='ocrx_word' id='word_1_200' title='bbox 1931 2842 2050 2892; x_wconf 90' lang='lat' dir='ltr'><strong>toto</strong></span> 
     </span>
    </p>
   </div>
   <div class='ocr_carea' id='block_1_32' title="bbox 403 2922 2047 2994">
    <p class='ocr_par' dir='ltr' id='par_1_32' title="bbox 403 2922 2047 2994">
     <span class='ocr_line' id='line_1_32' title="bbox 403 2922 2047 2994; baseline 0.003 -18"><span class='ocrx_word' id='word_1_201' title='bbox 403 2923 538 2976; x_wconf 90' lang='lat' dir='ltr'><strong>orbe</strong></span> <span class='ocrx_word' id='word_1_202' title='bbox 589 2922 867 2978; x_wconf 74' lang='lat' dir='ltr'><strong>diffusum</strong></span> <span class='ocrx_word' id='word_1_203' title='bbox 914 2924 1108 2993; x_wconf 80' lang='lat' dir='ltr'><strong>gaudii</strong></span> <span class='ocrx_word' id='word_1_204' title='bbox 1167 2925 1535 2994; x_wconf 85' lang='lat' dir='ltr'><strong>mysterium,</strong></span> <span class='ocrx_word' id='word_1_205' title='bbox 1592 2931 1656 2979; x_wconf 95' lang='lat' dir='ltr'><strong>ut</strong></span> <span class='ocrx_word' id='word_1_206' title='bbox 1703 2927 1759 2980; x_wconf 92' lang='lat' dir='ltr'><strong>in</strong></span> <span class='ocrx_word' id='word_1_207' title='bbox 1821 2931 2047 2981; x_wconf 84' lang='lat' dir='ltr'><strong>tantum</strong></span> 
     </span>
    </p>
   </div>
   <div class='ocr_carea' id='block_1_33' title="bbox 409 3011 2048 3084">
    <p class='ocr_par' dir='ltr' id='par_1_33' title="bbox 409 3011 2048 3084">
     <span class='ocr_line' id='line_1_33' title="bbox 409 3011 2048 3084; baseline 0.004 -20"><span class='ocrx_word' id='word_1_208' title='bbox 409 3011 613 3082; x_wconf 87' lang='lat' dir='ltr'><strong>utique</strong></span> <span class='ocrx_word' id='word_1_209' title='bbox 653 3012 1037 3082; x_wconf 87' lang='lat' dir='ltr'><strong>tenebricosa,</strong></span> <span class='ocrx_word' id='word_1_210' title='bbox 1088 3018 1143 3068; x_wconf 91' lang='lat' dir='ltr'><strong>et</strong></span> <span class='ocrx_word' id='word_1_211' title='bbox 1191 3015 1459 3081; x_wconf 88' lang='lat' dir='ltr'><strong>obscura,</strong></span> <span class='ocrx_word' id='word_1_212' title='bbox 1517 3021 1574 3070; x_wconf 85' lang='lat' dir='ltr'><strong>et</strong></span> <span class='ocrx_word' id='word_1_213' title='bbox 1634 3017 2048 3084; x_wconf 88' lang='lat' dir='ltr'><strong>immansueta,</strong></span> 
     </span>
    </p>
   </div>
   <div class='ocr_carea' id='block_1_34' title="bbox 404 3100 2050 3170">
    <p class='ocr_par' dir='ltr' id='par_1_34' title="bbox 404 3100 2050 3170">
     <span class='ocr_line' id='line_1_34' title="bbox 404 3100 2050 3170; baseline 0.006 -18"><span class='ocrx_word' id='word_1_214' title='bbox 404 3115 532 3168; x_wconf 70' lang='lat' dir='ltr'><strong>qua:</strong></span> <span class='ocrx_word' id='word_1_215' title='bbox 567 3100 636 3154; x_wconf 90' lang='lat' dir='ltr'><strong>ad</strong></span> <span class='ocrx_word' id='word_1_216' title='bbox 668 3101 971 3156; x_wconf 90' lang='lat' dir='ltr'><strong>columnas</strong></span> <span class='ocrx_word' id='word_1_217' title='bbox 1004 3102 1317 3158; x_wconf 88' lang='lat' dir='ltr'><strong>Herculeas</strong></span> <span class='ocrx_word' id='word_1_218' title='bbox 1347 3105 1459 3158; x_wconf 87' lang='lat' dir='ltr'><strong>sita</strong></span> <span class='ocrx_word' id='word_1_219' title='bbox 1481 3109 1639 3170; x_wconf 91' lang='lat' dir='ltr'><strong>sunt,</strong></span> <span class='ocrx_word' id='word_1_220' title='bbox 1669 3119 1796 3160; x_wconf 91' lang='lat' dir='ltr'><strong>esse</strong></span> <span class='ocrx_word' id='word_1_221' title='bbox 1819 3121 2050 3162; x_wconf 87' lang='lat' dir='ltr'><strong>necesse</strong></span> 
     </span>
    </p>
   </div>
   <div class='ocr_carea' id='block_1_35' title="bbox 402 3190 2049 3263">
    <p class='ocr_par' dir='ltr' id='par_1_35' title="bbox 402 3190 2049 3263">
     <span class='ocr_line' id='line_1_35' title="bbox 402 3190 2049 3263; baseline 0.005 -20"><span class='ocrx_word' id='word_1_222' title='bbox 402 3190 497 3256; x_wconf 87' lang='lat' dir='ltr'><strong>sit,</strong></span> <span class='ocrx_word' id='word_1_223' title='bbox 541 3191 600 3244; x_wconf 91' lang='lat' dir='ltr'><strong>in</strong></span> <span class='ocrx_word' id='word_1_224' title='bbox 660 3196 942 3260; x_wconf 89' lang='lat' dir='ltr'><strong>quantum</strong></span> <span class='ocrx_word' id='word_1_225' title='bbox 1021 3192 1204 3263; x_wconf 86' lang='lat' dir='ltr'><strong>Cypro</strong></span> <span class='ocrx_word' id='word_1_226' title='bbox 1254 3193 1526 3261; x_wconf 84' lang='lat' dir='ltr'><strong>ﬁnitima,</strong></span> <span class='ocrx_word' id='word_1_227' title='bbox 1580 3203 1632 3250; x_wconf 90' lang='lat' dir='ltr'><strong>et</strong></span> <span class='ocrx_word' id='word_1_228' title='bbox 1681 3193 2049 3251; x_wconf 85' lang='lat' dir='ltr'><strong>humanitate</strong></span> 
     </span>
    </p>
   </div>
   <div class='ocr_carea' id='block_1_36' title="bbox 2163 603 3799 681">
    <p class='ocr_par' dir='ltr' id='par_1_36' title="bbox 2163 603 3799 681">
     <span class='ocr_line' id='line_1_36' title="bbox 2163 603 3799 681; baseline -0.002 -21"><span class='ocrx_word' id='word_1_229' title='bbox 2163 605 2498 681; x_wconf 83' lang='grc' dir='ltr'>δικαιότερόν</span> <span class='ocrx_word' id='word_1_230' title='bbox 2529 628 2585 662; x_wconf 89' lang='grc' dir='ltr'><strong>τε</strong></span> <span class='ocrx_word' id='word_1_231' title='bbox 2614 608 2703 661; x_wconf 86' lang='grc' dir='ltr'><strong>καὶ</strong></span> <span class='ocrx_word' id='word_1_232' title='bbox 2753 609 3177 681; x_wconf 76' lang='grc' dir='ltr'><strong>εὐπρεπέστερον</strong></span> <span class='ocrx_word' id='word_1_233' title='bbox 3224 606 3399 680; x_wconf 84' lang='grc' dir='ltr'>λέγειν</span> <span class='ocrx_word' id='word_1_234' title='bbox 3432 625 3444 638; x_wconf 86' lang='grc'><strong>·</strong></span> <span class='ocrx_word' id='word_1_235' title='bbox 3499 603 3652 659; x_wconf 82' lang='grc' dir='ltr'>δυοῖν</span> <span class='ocrx_word' id='word_1_236' title='bbox 3696 605 3799 678; x_wconf 84' lang='grc' dir='ltr'><strong>γὰρ</strong></span> 
     </span>
    </p>
   </div>
   <div class='ocr_carea' id='block_1_37' title="bbox 2164 693 3803 770">
    <p class='ocr_par' dir='ltr' id='par_1_37' title="bbox 2164 693 3803 770">
     <span class='ocr_line' id='line_1_37' title="bbox 2164 693 3803 770; baseline -0.002 -20"><span class='ocrx_word' id='word_1_237' title='bbox 2164 693 2331 751; x_wconf 75' lang='grc' dir='ltr'>ὄντων</span> <span class='ocrx_word' id='word_1_238' title='bbox 2378 696 2556 770; x_wconf 80' lang='grc' dir='ltr'>ἄκρων</span> <span class='ocrx_word' id='word_1_239' title='bbox 2601 704 2700 766; x_wconf 82' lang='grc' dir='ltr'><strong>τῆς</strong></span> <span class='ocrx_word' id='word_1_240' title='bbox 2743 695 2956 768; x_wconf 79' lang='grc' dir='ltr'>ἡμέρού</span> <span class='ocrx_word' id='word_1_241' title='bbox 3005 697 3208 767; x_wconf 82' lang='grc' dir='ltr'>ταύτης</span> <span class='ocrx_word' id='word_1_242' title='bbox 3254 697 3343 749; x_wconf 86' lang='grc' dir='ltr'><strong>καὶ</strong></span> <span class='ocrx_word' id='word_1_243' title='bbox 3392 694 3660 768; x_wconf 74' lang='grc' dir='ltr'>ἡμετέρας</span> <span class='ocrx_word' id='word_1_244' title='bbox 3709 695 3803 748; x_wconf 81' lang='grc' dir='ltr'>θα-</span> 
     </span>
    </p>
   </div>
   <div class='ocr_carea' id='block_1_38' title="bbox 2165 780 3799 858">
    <p class='ocr_par' dir='ltr' id='par_1_38' title="bbox 2165 780 3799 858">
     <span class='ocr_line' id='line_1_38' title="bbox 2165 780 3799 858; baseline -0.002 -19"><span class='ocrx_word' id='word_1_245' title='bbox 2165 785 2391 855; x_wconf 84' lang='grc' dir='ltr'>λάττης,</span> <span class='ocrx_word' id='word_1_246' title='bbox 2422 787 2510 839; x_wconf 77' lang='grc' dir='ltr'><strong>καὶ</strong></span> <span class='ocrx_word' id='word_1_247' title='bbox 2558 790 2654 840; x_wconf 87' lang='grc' dir='ltr'><strong>τοῦ</strong></span> <span class='ocrx_word' id='word_1_248' title='bbox 2702 787 2796 858; x_wconf 72' lang='grc' dir='ltr'><strong>μέν</strong></span> <span class='ocrx_word' id='word_1_249' title='bbox 2827 791 2928 854; x_wconf 82' lang='grc' dir='ltr'><strong>τῆς</strong></span> <span class='ocrx_word' id='word_1_250' title='bbox 2977 780 3310 858; x_wconf 75' lang='grc' dir='ltr'>περιϐοήτου</span> <span class='ocrx_word' id='word_1_251' title='bbox 3357 785 3448 838; x_wconf 78' lang='grc' dir='ltr'><strong>καὶ</strong></span> <span class='ocrx_word' id='word_1_252' title='bbox 3501 782 3799 856; x_wconf 83' lang='grc' dir='ltr'><strong>θαυμασίας</strong></span> 
     </span>
    </p>
   </div>
   <div class='ocr_carea' id='block_1_39' title="bbox 2161 871 3803 949">
    <p class='ocr_par' dir='ltr' id='par_1_39' title="bbox 2161 871 3803 949">
     <span class='ocr_line' id='line_1_39' title="bbox 2161 871 3803 949; baseline -0.002 -21"><span class='ocrx_word' id='word_1_253' title='bbox 2161 877 2582 949; x_wconf 69' lang='grc' dir='ltr'><strong>προκαθημένης</strong></span> <span class='ocrx_word' id='word_1_254' title='bbox 2633 876 2869 949; x_wconf 78' lang='grc' dir='ltr'>Κύπρου,</span> <span class='ocrx_word' id='word_1_255' title='bbox 2919 879 3016 929; x_wconf 90' lang='grc' dir='ltr'><strong>τοῦ</strong></span> <span class='ocrx_word' id='word_1_256' title='bbox 3065 873 3110 929; x_wconf 83' lang='grc' dir='ltr'>δ’</span> <span class='ocrx_word' id='word_1_257' title='bbox 3163 875 3249 949; x_wconf 82' lang='grc' dir='ltr'>ὑφ’</span> <span class='ocrx_word' id='word_1_258' title='bbox 3298 871 3634 948; x_wconf 78' lang='grc' dir='ltr'><strong>Ἡρακλείων</strong></span> <span class='ocrx_word' id='word_1_259' title='bbox 3689 873 3803 946; x_wconf 84' lang='grc' dir='ltr'>ὁρι-</span> 
     </span>
    </p>
   </div>
   <div class='ocr_carea' id='block_1_40' title="bbox 2164 957 3804 1039">
    <p class='ocr_par' dir='ltr' id='par_1_40' title="bbox 2164 957 3804 1039">
     <span class='ocr_line' id='line_1_40' title="bbox 2164 957 3804 1039; baseline -0.002 -20"><span class='ocrx_word' id='word_1_260' title='bbox 2164 969 2392 1036; x_wconf 83' lang='grc' dir='ltr'>ζομένου</span> <span class='ocrx_word' id='word_1_261' title='bbox 2443 965 2683 1035; x_wconf 79' lang='grc' dir='ltr'>στηλῶν,</span> <span class='ocrx_word' id='word_1_262' title='bbox 2733 970 2880 1036; x_wconf 84' lang='grc' dir='ltr'>νικᾷν</span> <span class='ocrx_word' id='word_1_263' title='bbox 2935 961 3110 1039; x_wconf 82' lang='grc' dir='ltr'>ἔγωγε</span> <span class='ocrx_word' id='word_1_264' title='bbox 3157 965 3374 1036; x_wconf 81' lang='grc' dir='ltr'>τίθεμαι</span> <span class='ocrx_word' id='word_1_265' title='bbox 3425 965 3492 1018; x_wconf 85' lang='grc' dir='ltr'>τὰ</span> <span class='ocrx_word' id='word_1_266' title='bbox 3543 957 3804 1037; x_wconf 74' lang='grc' dir='ltr'>πρεσϐεῖα</span> 
     </span>
    </p>
   </div>
   <div class='ocr_carea' id='block_1_41' title="bbox 2162 1049 3802 1128">
    <p class='ocr_par' dir='ltr' id='par_1_41' title="bbox 2162 1049 3802 1128">
     <span class='ocr_line' id='line_1_41' title="bbox 2162 1049 3802 1128; baseline -0.001 -21"><span class='ocrx_word' id='word_1_267' title='bbox 2162 1056 2260 1123; x_wconf 79' lang='grc' dir='ltr'>τήν</span> <span class='ocrx_word' id='word_1_268' title='bbox 2295 1055 2418 1128; x_wconf 88' lang='grc' dir='ltr'>περὶ</span> <span class='ocrx_word' id='word_1_269' title='bbox 2461 1057 2674 1128; x_wconf 79' lang='grc' dir='ltr'>Κύπρον</span> <span class='ocrx_word' id='word_1_270' title='bbox 2727 1052 2873 1128; x_wconf 79' lang='grc' dir='ltr'>ἔχειν</span> <span class='ocrx_word' id='word_1_271' title='bbox 2923 1053 3219 1123; x_wconf 87' lang='grc' dir='ltr'>θάλασσαν,</span> <span class='ocrx_word' id='word_1_272' title='bbox 3250 1056 3341 1108; x_wconf 86' lang='grc' dir='ltr'><strong>καὶ</strong></span> <span class='ocrx_word' id='word_1_273' title='bbox 3389 1050 3608 1108; x_wconf 77' lang='grc' dir='ltr'>αὓτόθεν</span> <span class='ocrx_word' id='word_1_274' title='bbox 3660 1049 3802 1124; x_wconf 82' lang='grc' dir='ltr'>μᾶλ-</span> 
     </span>
    </p>
   </div>
   <div class='ocr_carea' id='block_1_42' title="bbox 2165 1140 3802 1219">
    <p class='ocr_par' dir='ltr' id='par_1_42' title="bbox 2165 1140 3802 1219">
     <span class='ocr_line' id='line_1_42' title="bbox 2165 1140 3802 1219; baseline -0.003 -21"><span class='ocrx_word' id='word_1_275' title='bbox 2165 1141 2260 1198; x_wconf 92' lang='grc' dir='ltr'>λον</span> <span class='ocrx_word' id='word_1_276' title='bbox 2289 1145 2574 1219; x_wconf 78' lang='grc' dir='ltr'>ἠργμένην</span> <span class='ocrx_word' id='word_1_277' title='bbox 2604 1145 2702 1212; x_wconf 84' lang='grc' dir='ltr'>τὴν</span> <span class='ocrx_word' id='word_1_278' title='bbox 2741 1143 2878 1214; x_wconf 80' lang='grc' dir='ltr'>ὅλην</span> <span class='ocrx_word' id='word_1_279' title='bbox 2927 1144 3128 1215; x_wconf 89' lang='grc' dir='ltr'>ταύτην</span> <span class='ocrx_word' id='word_1_280' title='bbox 3160 1140 3340 1218; x_wconf 87' lang='grc' dir='ltr'>λέγειν</span> <span class='ocrx_word' id='word_1_281' title='bbox 3395 1141 3562 1218; x_wconf 74' lang='grc' dir='ltr'>ὑγρὰν</span> <span class='ocrx_word' id='word_1_282' title='bbox 3595 1140 3802 1205; x_wconf 79' lang='grc' dir='ltr'>οὐσίαν,</span> 
     </span>
    </p>
   </div>
   <div class='ocr_carea' id='block_1_43' title="bbox 2163 1231 3800 1309">
    <p class='ocr_par' dir='ltr' id='par_1_43' title="bbox 2163 1231 3800 1309">
     <span class='ocr_line' id='line_1_43' title="bbox 2163 1231 3800 1309; baseline -0.024 2"><span class='ocrx_word' id='word_1_283' title='bbox 2163 1231 2295 1309; x_wconf 65' lang='grc' dir='ltr'>ἄχρι</span> <span class='ocrx_word' id='word_1_284' title='bbox 2335 1234 2424 1288; x_wconf 69' lang='grc' dir='ltr'>καὶ</span> <span class='ocrx_word' id='word_1_285' title='bbox 2474 1233 2527 1295; x_wconf 71' lang='grc' dir='ltr'>ἐς</span> <span class='ocrx_word' id='word_1_286' title='bbox 2576 1235 2672 1295; x_wconf 77' lang='grc' dir='ltr'>τὰς</span> <span class='ocrx_word' id='word_1_287' title='bbox 2703 1232 3059 1307; x_wconf 82' lang='grc' dir='ltr'>Ἡρακλείους</span> <span class='ocrx_word' id='word_1_288' title='bbox 3108 1231 3347 1287; x_wconf 79' lang='grc' dir='ltr'><strong>κατιέναι</strong></span> <span class='ocrx_word' id='word_1_289' title='bbox 3397 1231 3488 1285; x_wconf 83' lang='grc' dir='ltr'><strong>καὶ</strong></span> <span class='ocrx_word' id='word_1_290' title='bbox 3531 1231 3800 1303; x_wconf 82' lang='grc' dir='ltr'>περατοῦ.</span> 
     </span>
    </p>
   </div>
   <div class='ocr_carea' id='block_1_44' title="bbox 2164 1319 3803 1392">
    <p class='ocr_par' dir='ltr' id='par_1_44' title="bbox 2164 1319 3803 1392">
     <span class='ocr_line' id='line_1_44' title="bbox 2164 1319 3803 1392; baseline -0.002 -17"><span class='ocrx_word' id='word_1_291' title='bbox 2164 1323 2286 1376; x_wconf 89' lang='grc' dir='ltr'>σθαι</span> <span class='ocrx_word' id='word_1_292' title='bbox 2344 1321 2573 1392; x_wconf 79' lang='grc' dir='ltr'>στήλας,</span> <span class='ocrx_word' id='word_1_293' title='bbox 2627 1321 2660 1390; x_wconf 79' lang='grc' dir='ltr'><strong>ἢ</strong></span> <span class='ocrx_word' id='word_1_294' title='bbox 2718 1321 3050 1377; x_wconf 79' lang='grc' dir='ltr'>τούναντίον.</span> <span class='ocrx_word' id='word_1_295' title='bbox 3111 1321 3210 1375; x_wconf 61' lang='lat' dir='ltr'><strong>Kc}</strong></span> <span class='ocrx_word' id='word_1_296' title='bbox 3282 1319 3431 1374; x_wconf 80' lang='grc' dir='ltr'>τοῦτ’</span> <span class='ocrx_word' id='word_1_297' title='bbox 3482 1319 3622 1374; x_wconf 81' lang='grc' dir='ltr'>εἶναι</span> <span class='ocrx_word' id='word_1_298' title='bbox 3686 1322 3803 1380; x_wconf 85' lang='grc' dir='ltr'>τοῖς</span> 
     </span>
    </p>
   </div>
   <div class='ocr_carea' id='block_1_45' title="bbox 2165 1407 3800 1489">
    <p class='ocr_par' dir='ltr' id='par_1_45' title="bbox 2165 1407 3800 1489">
     <span class='ocr_line' id='line_1_45' title="bbox 2165 1407 3800 1489; baseline -0.002 -26"><span class='ocrx_word' id='word_1_299' title='bbox 2165 1408 2351 1484; x_wconf 80' lang='grc' dir='ltr'>ἄκροις</span> <span class='ocrx_word' id='word_1_300' title='bbox 2385 1411 2584 1489; x_wconf 81' lang='grc' dir='ltr'>ἀμφοῖν</span> <span class='ocrx_word' id='word_1_301' title='bbox 2615 1409 2675 1466; x_wconf 83' lang='grc' dir='ltr'>ἔκ</span> <span class='ocrx_word' id='word_1_302' title='bbox 2720 1431 2780 1484; x_wconf 90' lang='grc' dir='ltr'>γε</span> <span class='ocrx_word' id='word_1_303' title='bbox 2807 1415 2999 1465; x_wconf 92' lang='grc' dir='ltr'>τουνῦν</span> <span class='ocrx_word' id='word_1_304' title='bbox 3051 1409 3239 1486; x_wconf 81' lang='grc' dir='ltr'>ἐφεξῆς</span> <span class='ocrx_word' id='word_1_305' title='bbox 3269 1407 3464 1463; x_wconf 83' lang='grc' dir='ltr'>κανόνα</span> <span class='ocrx_word' id='word_1_306' title='bbox 3512 1407 3601 1462; x_wconf 81' lang='grc' dir='ltr'><strong>καὶ</strong></span> <span class='ocrx_word' id='word_1_307' title='bbox 3631 1408 3800 1479; x_wconf 88' lang='grc' dir='ltr'>νόμον</span> 
     </span>
    </p>
   </div>
   <div class='ocr_carea' id='block_1_46' title="bbox 2161 1494 3804 1575">
    <p class='ocr_par' dir='ltr' id='par_1_46' title="bbox 2161 1494 3804 1575">
     <span class='ocr_line' id='line_1_46' title="bbox 2161 1494 3804 1575; baseline -0.002 -23"><span class='ocrx_word' id='word_1_308' title='bbox 2161 1496 2331 1575; x_wconf 67' lang='grc' dir='ltr'>ἔγωγε</span> <span class='ocrx_word' id='word_1_309' title='bbox 2378 1500 2528 1574; x_wconf 81' lang='grc' dir='ltr'>λέγω</span> <span class='ocrx_word' id='word_1_310' title='bbox 2561 1519 2574 1532; x_wconf 87' lang='grc'><strong>·</strong></span> <span class='ocrx_word' id='word_1_311' title='bbox 2626 1499 2867 1554; x_wconf 88' lang='grc' dir='ltr'>τίθεσθαι</span> <span class='ocrx_word' id='word_1_312' title='bbox 2919 1497 3135 1570; x_wconf 79' lang='grc' dir='ltr'>δηλαδή</span> <span class='ocrx_word' id='word_1_313' title='bbox 3185 1499 3286 1566; x_wconf 75' lang='grc' dir='ltr'><strong>τὴν</strong></span> <span class='ocrx_word' id='word_1_314' title='bbox 3337 1497 3515 1573; x_wconf 76' lang='grc' dir='ltr'>ἀρχὴν</span> <span class='ocrx_word' id='word_1_315' title='bbox 3569 1494 3638 1570; x_wconf 77' lang='grc' dir='ltr'>τῇ</span> <span class='ocrx_word' id='word_1_316' title='bbox 3685 1496 3804 1550; x_wconf 84' lang='grc' dir='ltr'>καθ’</span> 
     </span>
    </p>
   </div>
   <div class='ocr_carea' id='block_1_47' title="bbox 2165 1584 3805 1662">
    <p class='ocr_par' dir='ltr' id='par_1_47' title="bbox 2165 1584 3805 1662">
     <span class='ocr_line' id='line_1_47' title="bbox 2165 1584 3805 1662; baseline -0.002 -20"><span class='ocrx_word' id='word_1_317' title='bbox 2165 1591 2312 1659; x_wconf 83' lang='grc' dir='ltr'>ἡμᾶς</span> <span class='ocrx_word' id='word_1_318' title='bbox 2355 1588 2556 1658; x_wconf 84' lang='grc' dir='ltr'>ταύτης</span> <span class='ocrx_word' id='word_1_319' title='bbox 2606 1589 2842 1662; x_wconf 78' lang='grc' dir='ltr'>θαλάττῃ</span> <span class='ocrx_word' id='word_1_320' title='bbox 2884 1589 2942 1643; x_wconf 79' lang='grc' dir='ltr'>ἐκ</span> <span class='ocrx_word' id='word_1_321' title='bbox 2993 1589 3234 1662; x_wconf 80' lang='grc' dir='ltr'>Κύπρου,</span> <span class='ocrx_word' id='word_1_322' title='bbox 3281 1587 3372 1641; x_wconf 79' lang='grc' dir='ltr'>καί</span> <span class='ocrx_word' id='word_1_323' title='bbox 3421 1587 3495 1657; x_wconf 83' lang='grc' dir='ltr'>μή</span> <span class='ocrx_word' id='word_1_324' title='bbox 3544 1584 3593 1658; x_wconf 78' lang='grc' dir='ltr'>ἐξ</span> <span class='ocrx_word' id='word_1_325' title='bbox 3640 1589 3805 1658; x_wconf 85' lang='grc' dir='ltr'>Ἦρα-</span> 
     </span>
    </p>
   </div>
   <div class='ocr_carea' id='block_1_48' title="bbox 2164 1676 3800 1753">
    <p class='ocr_par' dir='ltr' id='par_1_48' title="bbox 2164 1676 3800 1753">
     <span class='ocr_line' id='line_1_48' title="bbox 2164 1676 3800 1753; baseline -0.004 -20"><span class='ocrx_word' id='word_1_326' title='bbox 2164 1677 2366 1732; x_wconf 87' lang='grc' dir='ltr'>κλείων</span> <span class='ocrx_word' id='word_1_327' title='bbox 2407 1677 2626 1749; x_wconf 81' lang='grc' dir='ltr'>στηλῶν</span> <span class='ocrx_word' id='word_1_328' title='bbox 2661 1699 2674 1711; x_wconf 88' lang='grc'><strong>·</strong></span> <span class='ocrx_word' id='word_1_329' title='bbox 2727 1678 2815 1733; x_wconf 85' lang='grc' dir='ltr'><strong>καὶ</strong></span> <span class='ocrx_word' id='word_1_330' title='bbox 2866 1680 2971 1753; x_wconf 87' lang='grc' dir='ltr'><strong>γὰρ</strong></span> <span class='ocrx_word' id='word_1_331' title='bbox 3009 1679 3108 1746; x_wconf 81' lang='grc' dir='ltr'>τὴν</span> <span class='ocrx_word' id='word_1_332' title='bbox 3157 1677 3223 1731; x_wconf 79' lang='grc' dir='ltr'>τὰ</span> <span class='ocrx_word' id='word_1_333' title='bbox 3275 1678 3450 1731; x_wconf 84' lang='grc' dir='ltr'>πάντα</span> <span class='ocrx_word' id='word_1_334' title='bbox 3501 1676 3800 1748; x_wconf 85' lang='grc' dir='ltr'>βόσκουσαν</span> 
     </span>
    </p>
   </div>
   <div class='ocr_carea' id='block_1_49' title="bbox 2163 1765 3804 1843">
    <p class='ocr_par' dir='ltr' id='par_1_49' title="bbox 2163 1765 3804 1843">
     <span class='ocr_line' id='line_1_49' title="bbox 2163 1765 3804 1843; baseline -0.002 -22"><span class='ocrx_word' id='word_1_335' title='bbox 2163 1766 2330 1836; x_wconf 79' lang='grc' dir='ltr'>ἡλίου</span> <span class='ocrx_word' id='word_1_336' title='bbox 2371 1767 2568 1842; x_wconf 83' lang='grc' dir='ltr'>φλόγα.</span> <span class='ocrx_word' id='word_1_337' title='bbox 2599 1769 2698 1836; x_wconf 79' lang='grc' dir='ltr'>τήν</span> <span class='ocrx_word' id='word_1_338' title='bbox 2741 1768 3064 1843; x_wconf 87' lang='grc' dir='ltr'>πάγκοσμόν</span> <span class='ocrx_word' id='word_1_339' title='bbox 3107 1787 3251 1843; x_wconf 86' lang='grc' dir='ltr'>φημι</span> <span class='ocrx_word' id='word_1_340' title='bbox 3279 1771 3378 1831; x_wconf 82' lang='grc' dir='ltr'><strong>τῆς</strong></span> <span class='ocrx_word' id='word_1_341' title='bbox 3420 1766 3628 1837; x_wconf 78' lang='grc' dir='ltr'>ἡμέρας</span> <span class='ocrx_word' id='word_1_342' title='bbox 3662 1765 3804 1836; x_wconf 89' lang='grc' dir='ltr'>λαμ-</span> 
     </span>
    </p>
   </div>
   <div class='ocr_carea' id='block_1_50' title="bbox 2162 1854 3803 1931">
    <p class='ocr_par' dir='ltr' id='par_1_50' title="bbox 2162 1854 3803 1931">
     <span class='ocr_line' id='line_1_50' title="bbox 2162 1854 3803 1931; baseline -0.002 -21"><span class='ocrx_word' id='word_1_343' title='bbox 2162 1854 2324 1925; x_wconf 81' lang='grc' dir='ltr'>πάδα,</span> <span class='ocrx_word' id='word_1_344' title='bbox 2375 1856 2573 1911; x_wconf 82' lang='grc' dir='ltr'>ἐκεῖθεν</span> <span class='ocrx_word' id='word_1_345' title='bbox 2627 1856 2943 1931; x_wconf 77' lang='grc' dir='ltr'>ἀρχομένην</span> <span class='ocrx_word' id='word_1_346' title='bbox 2986 1857 3184 1926; x_wconf 84' lang='grc' dir='ltr'>ὁρῶσιν</span> <span class='ocrx_word' id='word_1_347' title='bbox 3232 1855 3284 1924; x_wconf 81' lang='grc' dir='ltr'><strong>ἐξ</strong></span> <span class='ocrx_word' id='word_1_348' title='bbox 3335 1855 3532 1915; x_wconf 79' lang='grc' dir='ltr'>αἰῶνος</span> <span class='ocrx_word' id='word_1_349' title='bbox 3579 1854 3803 1914; x_wconf 80' lang='grc' dir='ltr'>ἅπαντες</span> 
     </span>
    </p>
   </div>
   <div class='ocr_carea' id='block_1_51' title="bbox 2165 1943 3802 2020">
    <p class='ocr_par' dir='ltr' id='par_1_51' title="bbox 2165 1943 3802 2020">
     <span class='ocr_line' id='line_1_51' title="bbox 2165 1943 3802 2020; baseline -0.001 -23"><span class='ocrx_word' id='word_1_350' title='bbox 2165 1944 2460 2019; x_wconf 80' lang='grc' dir='ltr'>ἅνθρωποι.</span> <span class='ocrx_word' id='word_1_351' title='bbox 2511 1948 2664 2000; x_wconf 87' lang='grc' dir='ltr'>Ὅθεν</span> <span class='ocrx_word' id='word_1_352' title='bbox 2720 1948 2754 2016; x_wconf 77' lang='grc' dir='ltr'><strong>ἡ</strong></span> <span class='ocrx_word' id='word_1_353' title='bbox 2808 1945 3023 2020; x_wconf 83' lang='grc' dir='ltr'>Κύπρος</span> <span class='ocrx_word' id='word_1_354' title='bbox 3078 1945 3404 2020; x_wconf 73' lang='grc' dir='ltr'>πεφύτευται</span> <span class='ocrx_word' id='word_1_355' title='bbox 3458 1943 3594 2016; x_wconf 83' lang='grc' dir='ltr'>πρὸς</span> <span class='ocrx_word' id='word_1_356' title='bbox 3647 1945 3802 2008; x_wconf 88' lang='grc' dir='ltr'>Θεοῦ,</span> 
     </span>
    </p>
   </div>
   <div class='ocr_carea' id='block_1_52' title="bbox 2163 2032 3804 2108">
    <p class='ocr_par' dir='ltr' id='par_1_52' title="bbox 2163 2032 3804 2108">
     <span class='ocr_line' id='line_1_52' title="bbox 2163 2032 3804 2108; baseline -0.002 -23"><span class='ocrx_word' id='word_1_357' title='bbox 2163 2033 2267 2086; x_wconf 90' lang='grc' dir='ltr'><strong>κάκ</strong></span> <span class='ocrx_word' id='word_1_358' title='bbox 2295 2037 2401 2086; x_wconf 86' lang='grc' dir='ltr'>τῶν</span> <span class='ocrx_word' id='word_1_359' title='bbox 2453 2037 2630 2108; x_wconf 82' lang='grc' dir='ltr'>μερῶν</span> <span class='ocrx_word' id='word_1_360' title='bbox 2672 2032 2887 2087; x_wconf 81' lang='grc' dir='ltr'>ἐκείνων</span> <span class='ocrx_word' id='word_1_361' title='bbox 2920 2035 3058 2105; x_wconf 79' lang='grc' dir='ltr'>ἡμῖν</span> <span class='ocrx_word' id='word_1_362' title='bbox 3108 2032 3200 2086; x_wconf 82' lang='grc' dir='ltr'><strong>καὶ</strong></span> <span class='ocrx_word' id='word_1_363' title='bbox 3229 2033 3292 2086; x_wconf 84' lang='grc' dir='ltr'>τὸ</span> <span class='ocrx_word' id='word_1_364' title='bbox 3322 2035 3421 2096; x_wconf 82' lang='grc' dir='ltr'>τῆς</span> <span class='ocrx_word' id='word_1_365' title='bbox 3460 2034 3556 2085; x_wconf 88' lang='grc' dir='ltr'>τοῦ</span> <span class='ocrx_word' id='word_1_366' title='bbox 3602 2034 3804 2099; x_wconf 90' lang='grc' dir='ltr'>νοητοῦ</span> 
     </span>
    </p>
   </div>
   <div class='ocr_carea' id='block_1_53' title="bbox 2165 2114 3800 2196">
    <p class='ocr_par' dir='ltr' id='par_1_53' title="bbox 2165 2114 3800 2196">
     <span class='ocr_line' id='line_1_53' title="bbox 2165 2114 3800 2196; baseline -0.001 -21"><span class='ocrx_word' id='word_1_367' title='bbox 2165 2121 2329 2190; x_wconf 81' lang='grc' dir='ltr'>ἡλίου</span> <span class='ocrx_word' id='word_1_368' title='bbox 2359 2121 2447 2175; x_wconf 82' lang='grc' dir='ltr'><strong>καὶ</strong></span> <span class='ocrx_word' id='word_1_369' title='bbox 2491 2128 2751 2191; x_wconf 79' lang='grc' dir='ltr'>Σωτῆρος</span> <span class='ocrx_word' id='word_1_370' title='bbox 2791 2125 2955 2194; x_wconf 84' lang='grc' dir='ltr'>ἡμῶν</span> <span class='ocrx_word' id='word_1_371' title='bbox 2987 2125 3120 2176; x_wconf 91' lang='grc' dir='ltr'>Θεοῦ</span> <span class='ocrx_word' id='word_1_372' title='bbox 3159 2115 3605 2196; x_wconf 76' lang='grc' dir='ltr'>συγκαταϐάσεως</span> <span class='ocrx_word' id='word_1_373' title='bbox 3645 2114 3800 2193; x_wconf 75' lang='grc' dir='ltr'>ὤφθη</span> 
     </span>
    </p>
   </div>
   <div class='ocr_carea' id='block_1_54' title="bbox 2166 2208 3801 2288">
    <p class='ocr_par' dir='ltr' id='par_1_54' title="bbox 2166 2208 3801 2288">
     <span class='ocr_line' id='line_1_54' title="bbox 2166 2208 3801 2288; baseline -0.002 -25"><span class='ocrx_word' id='word_1_374' title='bbox 2166 2214 2300 2288; x_wconf 84' lang='grc' dir='ltr'>φῶς,</span> <span class='ocrx_word' id='word_1_375' title='bbox 2334 2210 2422 2264; x_wconf 83' lang='grc' dir='ltr'>καὶ</span> <span class='ocrx_word' id='word_1_376' title='bbox 2469 2211 2532 2264; x_wconf 89' lang='grc' dir='ltr'>τὸ</span> <span class='ocrx_word' id='word_1_377' title='bbox 2561 2217 2662 2280; x_wconf 80' lang='grc' dir='ltr'>τῆς</span> <span class='ocrx_word' id='word_1_378' title='bbox 2710 2209 3054 2286; x_wconf 81' lang='grc' dir='ltr'>παγκοσμίου</span> <span class='ocrx_word' id='word_1_379' title='bbox 3105 2214 3283 2287; x_wconf 78' lang='grc' dir='ltr'>χαρᾶς</span> <span class='ocrx_word' id='word_1_380' title='bbox 3335 2210 3632 2282; x_wconf 79' lang='grc' dir='ltr'>μυστήριον</span> <span class='ocrx_word' id='word_1_381' title='bbox 3667 2223 3682 2237; x_wconf 89' lang='grc'>⁶</span> <span class='ocrx_word' id='word_1_382' title='bbox 3727 2208 3801 2266; x_wconf 86' lang='grc' dir='ltr'>ὡς</span> 
     </span>
    </p>
   </div>
   <div class='ocr_carea' id='block_1_55' title="bbox 2165 2297 3801 2373">
    <p class='ocr_par' dir='ltr' id='par_1_55' title="bbox 2165 2297 3801 2373">
     <span class='ocr_line' id='line_1_55' title="bbox 2165 2297 3801 2373; baseline -0.002 -19"><span class='ocrx_word' id='word_1_383' title='bbox 2165 2300 2474 2373; x_wconf 73' lang='grc' dir='ltr'>εἶναιπαρὰ</span> <span class='ocrx_word' id='word_1_384' title='bbox 2514 2298 2773 2354; x_wconf 85' lang='grc' dir='ltr'>τοσοῦτον</span> <span class='ocrx_word' id='word_1_385' title='bbox 2824 2300 2898 2361; x_wconf 86' lang='grc' dir='ltr'><strong>ὡς</strong></span> <span class='ocrx_word' id='word_1_386' title='bbox 2936 2299 3160 2369; x_wconf 89' lang='grc' dir='ltr'>ἀληθῶς</span> <span class='ocrx_word' id='word_1_387' title='bbox 3198 2301 3266 2353; x_wconf 81' lang='grc' dir='ltr'>τὰ</span> <span class='ocrx_word' id='word_1_388' title='bbox 3311 2297 3456 2371; x_wconf 87' lang='grc' dir='ltr'><strong>παρά</strong></span> <span class='ocrx_word' id='word_1_389' title='bbox 3496 2299 3592 2358; x_wconf 81' lang='grc' dir='ltr'><strong>τὰς</strong></span> <span class='ocrx_word' id='word_1_390' title='bbox 3639 2298 3801 2368; x_wconf 81' lang='grc' dir='ltr'>Ἡραο</span> 
     </span>
    </p>
   </div>
   <div class='ocr_carea' id='block_1_56' title="bbox 2161 2384 3805 2462">
    <p class='ocr_par' dir='ltr' id='par_1_56' title="bbox 2161 2384 3805 2462">
     <span class='ocr_line' id='line_1_56' title="bbox 2161 2384 3805 2462; baseline -0.002 -20"><span class='ocrx_word' id='word_1_391' title='bbox 2161 2387 2379 2450; x_wconf 86' lang='grc' dir='ltr'>κλείους</span> <span class='ocrx_word' id='word_1_392' title='bbox 2413 2386 2618 2458; x_wconf 73' lang='grc' dir='ltr'>στήλας</span> <span class='ocrx_word' id='word_1_393' title='bbox 2654 2388 2789 2462; x_wconf 86' lang='grc' dir='ltr'>μέρη</span> <span class='ocrx_word' id='word_1_394' title='bbox 2824 2387 3070 2443; x_wconf 88' lang='grc' dir='ltr'>σκοτεινά</span> <span class='ocrx_word' id='word_1_395' title='bbox 3098 2389 3188 2442; x_wconf 85' lang='grc' dir='ltr'><strong>καὶ</strong></span> <span class='ocrx_word' id='word_1_396' title='bbox 3231 2386 3460 2460; x_wconf 85' lang='grc' dir='ltr'><strong>ἀλαμπῆ</strong></span> <span class='ocrx_word' id='word_1_397' title='bbox 3492 2385 3582 2440; x_wconf 83' lang='grc' dir='ltr'><strong>καὶ</strong></span> <span class='ocrx_word' id='word_1_398' title='bbox 3615 2384 3805 2462; x_wconf 79' lang='grc' dir='ltr'>ἄγρια,</span> 
     </span>
    </p>
   </div>
   <div class='ocr_carea' id='block_1_57' title="bbox 2160 2474 3802 2553">
    <p class='ocr_par' dir='ltr' id='par_1_57' title="bbox 2160 2474 3802 2553">
     <span class='ocr_line' id='line_1_57' title="bbox 2160 2474 3802 2553; baseline -0.003 -21"><span class='ocrx_word' id='word_1_399' title='bbox 2160 2479 2402 2552; x_wconf 86' lang='grc' dir='ltr'>παρόσον</span> <span class='ocrx_word' id='word_1_400' title='bbox 2444 2479 2512 2532; x_wconf 75' lang='grc' dir='ltr'>τὰ</span> <span class='ocrx_word' id='word_1_401' title='bbox 2566 2477 2712 2553; x_wconf 70' lang='grc' dir='ltr'>παρὰ</span> <span class='ocrx_word' id='word_1_402' title='bbox 2757 2479 2855 2547; x_wconf 77' lang='grc' dir='ltr'>τήν</span> <span class='ocrx_word' id='word_1_403' title='bbox 2917 2479 3130 2551; x_wconf 88' lang='grc' dir='ltr'>Κύπρον</span> <span class='ocrx_word' id='word_1_404' title='bbox 3181 2475 3361 2550; x_wconf 78' lang='grc' dir='ltr'>ἥμερα</span> <span class='ocrx_word' id='word_1_405' title='bbox 3418 2474 3506 2530; x_wconf 80' lang='grc' dir='ltr'><strong>καὶ</strong></span> <span class='ocrx_word' id='word_1_406' title='bbox 3554 2481 3802 2548; x_wconf 86' lang='grc' dir='ltr'>προσηνῆ</span> 
     </span>
    </p>
   </div>
   <div class='ocr_carea' id='block_1_58' title="bbox 2159 2562 3807 2640">
    <p class='ocr_par' dir='ltr' id='par_1_58' title="bbox 2159 2562 3807 2640">
     <span class='ocr_line' id='line_1_58' title="bbox 2159 2562 3807 2640; baseline -0.003 -19"><span class='ocrx_word' id='word_1_407' title='bbox 2159 2567 2249 2622; x_wconf 81' lang='grc' dir='ltr'><strong>καὶ</strong></span> <span class='ocrx_word' id='word_1_408' title='bbox 2282 2565 2572 2639; x_wconf 84' lang='grc' dir='ltr'>λάμποντα</span> <span class='ocrx_word' id='word_1_409' title='bbox 2605 2585 2619 2600; x_wconf 90' lang='grc'><strong>·</strong></span> <span class='ocrx_word' id='word_1_410' title='bbox 2673 2566 2764 2620; x_wconf 81' lang='grc' dir='ltr'>καὶ</span> <span class='ocrx_word' id='word_1_411' title='bbox 2793 2567 3059 2640; x_wconf 87' lang='grc' dir='ltr'>τέρποντα</span> <span class='ocrx_word' id='word_1_412' title='bbox 3113 2567 3189 2637; x_wconf 82' lang='grc' dir='ltr'>μή</span> <span class='ocrx_word' id='word_1_413' title='bbox 3225 2565 3388 2637; x_wconf 88' lang='grc' dir='ltr'>μόνον</span> <span class='ocrx_word' id='word_1_414' title='bbox 3429 2565 3677 2637; x_wconf 83' lang='grc' dir='ltr'>σώματα,</span> <span class='ocrx_word' id='word_1_415' title='bbox 3719 2562 3807 2618; x_wconf 74' lang='grc' dir='ltr'>ετι</span> 
     </span>
    </p>
   </div>
   <div class='ocr_carea' id='block_1_59' title="bbox 2163 2649 3808 2734">
    <p class='ocr_par' dir='ltr' id='par_1_59' title="bbox 2163 2649 3808 2734">
     <span class='ocr_line' id='line_1_59' title="bbox 2163 2649 3808 2734; baseline -0.004 -24"><span class='ocrx_word' id='word_1_416' title='bbox 2163 2657 2241 2728; x_wconf 77' lang='grc' dir='ltr'>μὴ</span> <span class='ocrx_word' id='word_1_417' title='bbox 2290 2657 2378 2710; x_wconf 76' lang='grc' dir='ltr'><strong>καὶ</strong></span> <span class='ocrx_word' id='word_1_418' title='bbox 2425 2655 2606 2734; x_wconf 77' lang='grc' dir='ltr'>ψυχὰς</span> <span class='ocrx_word' id='word_1_419' title='bbox 2657 2656 2823 2716; x_wconf 75' lang='grc' dir='ltr'>αὐτάς</span> <span class='ocrx_word' id='word_1_420' title='bbox 2875 2655 2997 2709; x_wconf 83' lang='grc' dir='ltr'>ὅσαι</span> <span class='ocrx_word' id='word_1_421' title='bbox 3041 2658 3248 2726; x_wconf 91' lang='grc' dir='ltr'>νοερῶς</span> <span class='ocrx_word' id='word_1_422' title='bbox 3295 2654 3486 2728; x_wconf 83' lang='grc' dir='ltr'>ὁρῶσι,</span> <span class='ocrx_word' id='word_1_423' title='bbox 3537 2649 3607 2705; x_wconf 82' lang='grc' dir='ltr'><strong>δι’</strong></span> <span class='ocrx_word' id='word_1_424' title='bbox 3656 2653 3808 2724; x_wconf 75' lang='grc' dir='ltr'>ἡμᾶς</span> 
     </span>
    </p>
   </div>
   <div class='ocr_carea' id='block_1_60' title="bbox 2161 2741 3805 2820">
    <p class='ocr_par' dir='ltr' id='par_1_60' title="bbox 2161 2741 3805 2820">
     <span class='ocr_line' id='line_1_60' title="bbox 2161 2741 3805 2820; baseline -0.003 -21"><span class='ocrx_word' id='word_1_425' title='bbox 2161 2746 2504 2818; x_wconf 83' lang='grc' dir='ltr'>σαρκωθέντα</span> <span class='ocrx_word' id='word_1_426' title='bbox 2534 2745 2660 2800; x_wconf 89' lang='grc' dir='ltr'><strong>Θεὸν</strong></span> <span class='ocrx_word' id='word_1_427' title='bbox 2714 2745 2911 2820; x_wconf 85' lang='grc' dir='ltr'>Λόγον,</span> <span class='ocrx_word' id='word_1_428' title='bbox 2942 2744 3034 2798; x_wconf 82' lang='grc' dir='ltr'><strong>καὶ</strong></span> <span class='ocrx_word' id='word_1_429' title='bbox 3083 2741 3320 2797; x_wconf 80' lang='grc' dir='ltr'>παθόντα</span> <span class='ocrx_word' id='word_1_430' title='bbox 3363 2743 3452 2796; x_wconf 83' lang='grc' dir='ltr'><strong>καὶ</strong></span> <span class='ocrx_word' id='word_1_431' title='bbox 3483 2742 3805 2810; x_wconf 82' lang='grc' dir='ltr'>ἀναστάντα,</span> 
     </span>
    </p>
   </div>
   <div class='ocr_carea' id='block_1_61' title="bbox 2157 2827 3801 2912">
    <p class='ocr_par' dir='ltr' id='par_1_61' title="bbox 2157 2827 3801 2912">
     <span class='ocr_line' id='line_1_61' title="bbox 2157 2827 3801 2912; baseline -0.004 -23"><span class='ocrx_word' id='word_1_432' title='bbox 2157 2835 2246 2890; x_wconf 79' lang='grc' dir='ltr'><strong>καὶ</strong></span> <span class='ocrx_word' id='word_1_433' title='bbox 2298 2833 2585 2889; x_wconf 86' lang='grc' dir='ltr'>συνελόντα</span> <span class='ocrx_word' id='word_1_434' title='bbox 2633 2835 2816 2912; x_wconf 87' lang='grc' dir='ltr'>φάναι,</span> <span class='ocrx_word' id='word_1_435' title='bbox 2868 2837 3098 2888; x_wconf 88' lang='grc' dir='ltr'>τοσοῦτο</span> <span class='ocrx_word' id='word_1_436' title='bbox 3133 2831 3366 2906; x_wconf 84' lang='grc' dir='ltr'>βελτίων</span> <span class='ocrx_word' id='word_1_437' title='bbox 3413 2834 3518 2885; x_wconf 91' lang='grc' dir='ltr'>τῶν</span> <span class='ocrx_word' id='word_1_438' title='bbox 3571 2827 3801 2885; x_wconf 84' lang='grc' dir='ltr'>δυτικῶν</span> 
     </span>
    </p>
   </div>
   <div class='ocr_carea' id='block_1_62' title="bbox 2155 2917 3799 2996">
    <p class='ocr_par' dir='ltr' id='par_1_62' title="bbox 2155 2917 3799 2996">
     <span class='ocr_line' id='line_1_62' title="bbox 2155 2917 3799 2996; baseline -0.004 -18"><span class='ocrx_word' id='word_1_439' title='bbox 2155 2924 2222 2978; x_wconf 79' lang='grc' dir='ltr'>τὰ</span> <span class='ocrx_word' id='word_1_440' title='bbox 2248 2921 2410 2978; x_wconf 71' lang='grc' dir='ltr'>ἕωθέν</span> <span class='ocrx_word' id='word_1_441' title='bbox 2459 2944 2517 2979; x_wconf 92' lang='grc' dir='ltr'>τε</span> <span class='ocrx_word' id='word_1_442' title='bbox 2547 2925 2637 2978; x_wconf 83' lang='grc' dir='ltr'>καὶ</span> <span class='ocrx_word' id='word_1_443' title='bbox 2683 2923 2740 2977; x_wconf 81' lang='grc' dir='ltr'>ἐκ</span> <span class='ocrx_word' id='word_1_444' title='bbox 2790 2923 3032 2996; x_wconf 82' lang='grc' dir='ltr'>Κύπρου,</span> <span class='ocrx_word' id='word_1_445' title='bbox 3065 2920 3190 2976; x_wconf 74' lang='grc' dir='ltr'>ὅσον</span> <span class='ocrx_word' id='word_1_446' title='bbox 3239 2919 3472 2990; x_wconf 78' lang='grc' dir='ltr'>ἀλήθεια</span> <span class='ocrx_word' id='word_1_447' title='bbox 3522 2917 3754 2993; x_wconf 81' lang='grc' dir='ltr'>ψεύδους</span> <span class='ocrx_word' id='word_1_448' title='bbox 3785 2935 3799 2949; x_wconf 91' lang='grc'><strong>·</strong></span> 
     </span>
    </p>
   </div>
   <div class='ocr_carea' id='block_1_63' title="bbox 2158 3007 3797 3088">
    <p class='ocr_par' dir='ltr' id='par_1_63' title="bbox 2158 3007 3797 3088">
     <span class='ocr_line' id='line_1_63' title="bbox 2158 3007 3797 3088; baseline -0.005 -20"><span class='ocrx_word' id='word_1_449' title='bbox 2158 3015 2201 3068; x_wconf 87' lang='grc' dir='ltr'>εἰ</span> <span class='ocrx_word' id='word_1_450' title='bbox 2234 3015 2332 3088; x_wconf 81' lang='grc' dir='ltr'><strong>γὰρ</strong></span> <span class='ocrx_word' id='word_1_451' title='bbox 2380 3016 2446 3068; x_wconf 82' lang='grc' dir='ltr'>τὰ</span> <span class='ocrx_word' id='word_1_452' title='bbox 2501 3011 2723 3087; x_wconf 82' lang='grc' dir='ltr'>μυθώδη</span> <span class='ocrx_word' id='word_1_453' title='bbox 2766 3013 2943 3068; x_wconf 88' lang='grc' dir='ltr'>πάντα</span> <span class='ocrx_word' id='word_1_454' title='bbox 2993 3008 3223 3085; x_wconf 77' lang='grc' dir='ltr'>ψεύδους</span> <span class='ocrx_word' id='word_1_455' title='bbox 3271 3009 3542 3078; x_wconf 87' lang='grc' dir='ltr'><strong>ἀπόζοντα</strong></span> <span class='ocrx_word' id='word_1_456' title='bbox 3590 3007 3797 3084; x_wconf 78' lang='grc' dir='ltr'>γέλωτα</span> 
     </span>
    </p>
   </div>
   <div class='ocr_carea' id='block_1_64' title="bbox 2158 3095 3791 3181">
    <p class='ocr_par' dir='ltr' id='par_1_64' title="bbox 2158 3095 3791 3181">
     <span class='ocr_line' id='line_1_64' title="bbox 2158 3095 3791 3181; baseline -0.004 -24"><span class='ocrx_word' id='word_1_457' title='bbox 2158 3101 2496 3181; x_wconf 72' lang='grc' dir='ltr'>ὀφλισκάνει,</span> <span class='ocrx_word' id='word_1_458' title='bbox 2527 3103 2562 3172; x_wconf 82' lang='grc' dir='ltr'>ἦ</span> <span class='ocrx_word' id='word_1_459' title='bbox 2596 3123 2700 3157; x_wconf 90' lang='grc' dir='ltr'>που</span> <span class='ocrx_word' id='word_1_460' title='bbox 2737 3102 2805 3156; x_wconf 72' lang='grc' dir='ltr'><strong>τά</strong></span> <span class='ocrx_word' id='word_1_461' title='bbox 2851 3100 3186 3176; x_wconf 86' lang='grc' dir='ltr'>Ἡρακλέους</span> <span class='ocrx_word' id='word_1_462' title='bbox 3217 3100 3426 3154; x_wconf 79' lang='grc' dir='ltr'>ἅπαντα</span> <span class='ocrx_word' id='word_1_463' title='bbox 3473 3099 3662 3170; x_wconf 84' lang='grc' dir='ltr'>μύθοις</span> <span class='ocrx_word' id='word_1_464' title='bbox 3706 3095 3791 3151; x_wconf 83' lang='grc' dir='ltr'><strong>καὶ</strong></span> 
     </span>
    </p>
   </div>
   <div class='ocr_carea' id='block_1_65' title="bbox 2156 3187 3800 3266">
    <p class='ocr_par' dir='ltr' id='par_1_65' title="bbox 2156 3187 3800 3266">
     <span class='ocr_line' id='line_1_65' title="bbox 2156 3187 3800 3266; baseline -0.004 -20"><span class='ocrx_word' id='word_1_465' title='bbox 2156 3191 2466 3265; x_wconf 74' lang='grc' dir='ltr'>πλάσμασιν</span> <span class='ocrx_word' id='word_1_466' title='bbox 2526 3189 2856 3266; x_wconf 71' lang='grc' dir='ltr'>ἐρειδόμενοι,</span> <span class='ocrx_word' id='word_1_467' title='bbox 2911 3188 3130 3264; x_wconf 85' lang='grc' dir='ltr'>γέλωτά</span> <span class='ocrx_word' id='word_1_468' title='bbox 3199 3208 3258 3243; x_wconf 90' lang='grc' dir='ltr'><strong>τε</strong></span> <span class='ocrx_word' id='word_1_469' title='bbox 3325 3187 3640 3264; x_wconf 77' lang='grc' dir='ltr'>ὀφλισκάνει</span> <span class='ocrx_word' id='word_1_470' title='bbox 3699 3206 3800 3259; x_wconf 86' lang='grc' dir='ltr'>μα-</span> 
     </span>
    </p>
   </div>
   <div class='ocr_carea' id='block_1_66' title="bbox 401 3245 2049 3355">
    <p class='ocr_par' dir='ltr' id='par_1_66' title="bbox 401 3245 2044 3354">
     <span class='ocr_line' id='line_1_66' title="bbox 401 3245 2044 3354; baseline 0.002 -20"><span class='ocrx_word' id='word_1_471' title='bbox 401 3245 744 3350; x_wconf 59' lang='lat' dir='ltr'><strong>temperata,</strong></span> <span class='ocrx_word' id='word_1_472' title='bbox 767 3287 821 3334; x_wconf 90' lang='lat' dir='ltr'><strong>et</strong></span> <span class='ocrx_word' id='word_1_473' title='bbox 859 3245 1047 3347; x_wconf 71' lang='lat' dir='ltr'><strong>mitia,</strong></span> <span class='ocrx_word' id='word_1_474' title='bbox 1065 3245 1158 3336; x_wconf 19' lang='lat' dir='ltr'><strong>uerti</strong></span> <span class='ocrx_word' id='word_1_475' title='bbox 1178 3245 1863 3352; x_wconf 37' lang='lat' dir='ltr'><strong>illustri—perfusa]qu</strong></span> <span class='ocrx_word' id='word_1_476' title='bbox 1886 3287 2044 3354; x_wconf 89' lang='lat' dir='ltr'><strong>sunt,</strong></span> 
     </span>
    </p>
   </div>
   <div class='ocr_carea' id='block_1_67' title="bbox 2159 3245 3800 3355">
    <p class='ocr_par' dir='ltr' id='par_1_67' title="bbox 2159 3245 3800 3355">
     <span class='ocr_line' id='line_1_67' title="bbox 2165 3245 3710 3266; baseline -0.005 0"><span class='ocrx_word' id='word_1_477' title='bbox 2165 3245 2171 3246; x_wconf 24' lang='grc' dir='ltr'><em>γ</em></span> <span class='ocrx_word' id='word_1_478' title='bbox 2203 3245 2231 3247; x_wconf 29' lang='lat' dir='ltr'><strong>7V</strong></span> <span class='ocrx_word' id='word_1_479' title='bbox 2262 3245 2290 3246; x_wconf 22' lang='grc' dir='ltr'><strong>γέ</strong></span> <span class='ocrx_word' id='word_1_480' title='bbox 2310 3245 2379 3265; x_wconf 61' lang='lat' dir='ltr'><strong>t&quot;&quot;</strong></span> <span class='ocrx_word' id='word_1_481' title='bbox 2555 3245 2564 3266; x_wconf 77' lang='grc' dir='ltr'><strong>Ι</strong></span> <span class='ocrx_word' id='word_1_482' title='bbox 2709 3245 2720 3264; x_wconf 69' lang='grc' dir='ltr'><strong>Ι</strong></span> <span class='ocrx_word' id='word_1_483' title='bbox 2760 3245 2767 3246; x_wconf 30' lang='lat'><em>7</em></span> <span class='ocrx_word' id='word_1_484' title='bbox 2841 3245 2856 3259; x_wconf 84' lang='grc'><strong><em>1</em></strong></span> <span class='ocrx_word' id='word_1_485' title='bbox 2924 3245 2935 3264; x_wconf 84' lang='grc' dir='ltr'><strong>Ι</strong></span> <span class='ocrx_word' id='word_1_486' title='bbox 3372 3245 3381 3264; x_wconf 71' lang='grc' dir='ltr'><strong>Δ</strong></span> <span class='ocrx_word' id='word_1_487' title='bbox 3699 3245 3710 3259; x_wconf 84' lang='lat' dir='ltr'><strong>I</strong></span> 
     </span>
     <span class='ocr_line' id='line_1_68' title="bbox 2159 3274 3800 3355; baseline -0.004 -20"><span class='ocrx_word' id='word_1_488' title='bbox 2159 3283 2309 3355; x_wconf 82' lang='grc' dir='ltr'>κρὸν,</span> <span class='ocrx_word' id='word_1_489' title='bbox 2367 3280 2458 3335; x_wconf 80' lang='grc' dir='ltr'><strong>καὶ</strong></span> <span class='ocrx_word' id='word_1_490' title='bbox 2513 3279 2722 3355; x_wconf 91' lang='grc' dir='ltr'>χλεύην</span> <span class='ocrx_word' id='word_1_491' title='bbox 2791 3280 2996 3334; x_wconf 80' lang='grc' dir='ltr'>ἅπασαν</span> <span class='ocrx_word' id='word_1_492' title='bbox 3059 3277 3411 3352; x_wconf 74' lang='grc' dir='ltr'>έπισύρεταιο</span> <span class='ocrx_word' id='word_1_493' title='bbox 3485 3274 3625 3330; x_wconf 83' lang='grc' dir='ltr'>ὥστε</span> <span class='ocrx_word' id='word_1_494' title='bbox 3694 3280 3800 3330; x_wconf 86' lang='grc' dir='ltr'><strong>ποῦ</strong></span> 
     </span>
    </p>
   </div>
   <div class='ocr_carea' id='block_1_68' title="bbox 403 3369 2045 3444">
    <p class='ocr_par' dir='ltr' id='par_1_68' title="bbox 403 3369 2045 3444">
     <span class='ocr_line' id='line_1_69' title="bbox 403 3369 2045 3444; baseline 0.002 -20"><span class='ocrx_word' id='word_1_495' title='bbox 403 3369 662 3440; x_wconf 87' lang='lat' dir='ltr'><strong>adeoque</strong></span> <span class='ocrx_word' id='word_1_496' title='bbox 710 3384 825 3423; x_wconf 92' lang='lat' dir='ltr'><strong>non</strong></span> <span class='ocrx_word' id='word_1_497' title='bbox 867 3384 1111 3440; x_wconf 91' lang='lat' dir='ltr'><strong>corpora</strong></span> <span class='ocrx_word' id='word_1_498' title='bbox 1158 3370 1330 3425; x_wconf 92' lang='lat' dir='ltr'><strong>modo</strong></span> <span class='ocrx_word' id='word_1_499' title='bbox 1381 3371 1691 3432; x_wconf 87' lang='lat' dir='ltr'><strong>delectant,</strong></span> <span class='ocrx_word' id='word_1_500' title='bbox 1744 3371 1843 3426; x_wconf 89' lang='lat' dir='ltr'><strong>sed</strong></span> <span class='ocrx_word' id='word_1_501' title='bbox 1894 3372 2045 3444; x_wconf 86' lang='lat' dir='ltr'><strong>ipsae</strong></span> 
     </span>
    </p>
   </div>
   <div class='ocr_carea' id='block_1_69' title="bbox 399 3457 2045 3532">
    <p class='ocr_par' dir='ltr' id='par_1_69' title="bbox 399 3457 2045 3532">
     <span class='ocr_line' id='line_1_70' title="bbox 399 3457 2045 3532; baseline 0.002 -20"><span class='ocrx_word' id='word_1_502' title='bbox 399 3457 574 3512; x_wconf 90' lang='lat' dir='ltr'><strong>etiam</strong></span> <span class='ocrx_word' id='word_1_503' title='bbox 622 3457 895 3512; x_wconf 87' lang='lat' dir='ltr'><strong>animas:</strong></span> <span class='ocrx_word' id='word_1_504' title='bbox 959 3462 1244 3530; x_wconf 90' lang='lat' dir='ltr'><strong>quotquot</strong></span> <span class='ocrx_word' id='word_1_505' title='bbox 1300 3463 1494 3515; x_wconf 88' lang='lat' dir='ltr'><strong>mente</strong></span> <span class='ocrx_word' id='word_1_506' title='bbox 1549 3464 1606 3515; x_wconf 92' lang='lat' dir='ltr'><strong>et</strong></span> <span class='ocrx_word' id='word_1_507' title='bbox 1661 3459 2045 3532; x_wconf 82' lang='lat' dir='ltr'><strong>intelligentia</strong></span> 
     </span>
    </p>
   </div>
   <div class='ocr_carea' id='block_1_70' title="bbox 397 3549 2044 3622">
    <p class='ocr_par' dir='ltr' id='par_1_70' title="bbox 397 3549 2044 3622">
     <span class='ocr_line' id='line_1_71' title="bbox 397 3549 2044 3622; baseline 0.003 -21"><span class='ocrx_word' id='word_1_508' title='bbox 397 3551 577 3602; x_wconf 91' lang='lat' dir='ltr'><strong>Deum</strong></span> <span class='ocrx_word' id='word_1_509' title='bbox 625 3551 962 3602; x_wconf 83' lang='lat' dir='ltr'><strong>Sermonem</strong></span> <span class='ocrx_word' id='word_1_510' title='bbox 1018 3557 1216 3604; x_wconf 85' lang='lat' dir='ltr'><strong>nostra</strong></span> <span class='ocrx_word' id='word_1_511' title='bbox 1264 3549 1470 3619; x_wconf 87' lang='lat' dir='ltr'><strong>gratia,</strong></span> <span class='ocrx_word' id='word_1_512' title='bbox 1515 3554 1814 3622; x_wconf 86' lang='lat' dir='ltr'><strong>assumpta</strong></span> <span class='ocrx_word' id='word_1_513' title='bbox 1871 3567 2044 3606; x_wconf 88' lang='lat' dir='ltr'><strong>carne</strong></span> 
     </span>
    </p>
   </div>
   <div class='ocr_carea' id='block_1_71' title="bbox 397 3636 2043 3712">
    <p class='ocr_par' dir='ltr' id='par_1_71' title="bbox 397 3636 2043 3712">
     <span class='ocr_line' id='line_1_72' title="bbox 397 3636 2043 3712; baseline 0.004 -23"><span class='ocrx_word' id='word_1_514' title='bbox 397 3636 688 3700; x_wconf 89' lang='lat' dir='ltr'><strong>indutum,</strong></span> <span class='ocrx_word' id='word_1_515' title='bbox 720 3640 776 3690; x_wconf 90' lang='lat' dir='ltr'><strong>et</strong></span> <span class='ocrx_word' id='word_1_516' title='bbox 807 3637 1094 3708; x_wconf 91' lang='lat' dir='ltr'><strong>supplicio</strong></span> <span class='ocrx_word' id='word_1_517' title='bbox 1121 3638 1419 3706; x_wconf 81' lang='lat' dir='ltr'><strong>affectum,</strong></span> <span class='ocrx_word' id='word_1_518' title='bbox 1448 3639 1582 3694; x_wconf 91' lang='lat' dir='ltr'><strong>etin</strong></span> <span class='ocrx_word' id='word_1_519' title='bbox 1615 3640 1796 3695; x_wconf 90' lang='lat' dir='ltr'><strong>vitam</strong></span> <span class='ocrx_word' id='word_1_520' title='bbox 1829 3657 2043 3712; x_wconf 88' lang='lat' dir='ltr'><strong>regres-</strong></span> 
     </span>
    </p>
   </div>
   <div class='ocr_carea' id='block_1_72' title="bbox 398 3727 2039 3796">
    <p class='ocr_par' dir='ltr' id='par_1_72' title="bbox 398 3727 2039 3796">
     <span class='ocr_line' id='line_1_73' title="bbox 398 3727 2039 3796; baseline 0.002 -15"><span class='ocrx_word' id='word_1_521' title='bbox 398 3742 550 3794; x_wconf 87' lang='lat' dir='ltr'><strong>sum,</strong></span> <span class='ocrx_word' id='word_1_522' title='bbox 583 3731 846 3780; x_wconf 90' lang='lat' dir='ltr'><strong>cernunt.</strong></span> <span class='ocrx_word' id='word_1_523' title='bbox 883 3727 954 3782; x_wconf 93' lang='lat' dir='ltr'><strong>Ut</strong></span> <span class='ocrx_word' id='word_1_524' title='bbox 1002 3727 1200 3796; x_wconf 88' lang='lat' dir='ltr'><strong>paucis</strong></span> <span class='ocrx_word' id='word_1_525' title='bbox 1243 3727 1420 3796; x_wconf 77' lang='lat' dir='ltr'><strong>igitur</strong></span> <span class='ocrx_word' id='word_1_526' title='bbox 1450 3729 1773 3795; x_wconf 88' lang='lat' dir='ltr'><strong>absolvam,</strong></span> <span class='ocrx_word' id='word_1_527' title='bbox 1815 3738 2039 3785; x_wconf 86' lang='lat' dir='ltr'><strong>tantum</strong></span> 
     </span>
    </p>
   </div>
   <div class='ocr_carea' id='block_1_73' title="bbox 2151 3365 3798 3443">
    <p class='ocr_par' dir='ltr' id='par_1_73' title="bbox 2151 3365 3798 3443">
     <span class='ocr_line' id='line_1_74' title="bbox 2151 3365 3798 3443; baseline -0.005 -17"><span class='ocrx_word' id='word_1_528' title='bbox 2151 3376 2258 3426; x_wconf 90' lang='grc' dir='ltr'>τῶν</span> <span class='ocrx_word' id='word_1_529' title='bbox 2313 3370 2539 3426; x_wconf 71' lang='grc' dir='ltr'>εῗκοτων</span> <span class='ocrx_word' id='word_1_530' title='bbox 2595 3371 2663 3424; x_wconf 75' lang='grc' dir='ltr'><strong>τά</strong></span> <span class='ocrx_word' id='word_1_531' title='bbox 2717 3367 2890 3443; x_wconf 79' lang='grc' dir='ltr'>ψευδῆ</span> <span class='ocrx_word' id='word_1_532' title='bbox 2949 3373 3057 3423; x_wconf 90' lang='grc' dir='ltr'>τῶν</span> <span class='ocrx_word' id='word_1_533' title='bbox 3115 3367 3339 3438; x_wconf 81' lang='grc' dir='ltr'>ἀληθῶν</span> <span class='ocrx_word' id='word_1_534' title='bbox 3393 3368 3663 3440; x_wconf 77' lang='grc' dir='ltr'>ἡγεῖσθαι,</span> <span class='ocrx_word' id='word_1_535' title='bbox 3709 3365 3798 3420; x_wconf 81' lang='grc' dir='ltr'><strong>καὶ</strong></span> 
     </span>
    </p>
   </div>
   <div class='ocr_carea' id='block_1_74' title="bbox 2153 3455 3802 3535">
    <p class='ocr_par' dir='ltr' id='par_1_74' title="bbox 2153 3455 3802 3535">
     <span class='ocr_line' id='line_1_75' title="bbox 2153 3455 3802 3535; baseline -0.004 -20"><span class='ocrx_word' id='word_1_536' title='bbox 2153 3459 2187 3514; x_wconf 78' lang='grc' dir='ltr'>ἓι</span> <span class='ocrx_word' id='word_1_537' title='bbox 2233 3460 2472 3533; x_wconf 90' lang='grc' dir='ltr'>γέλωτος</span> <span class='ocrx_word' id='word_1_538' title='bbox 2520 3459 2750 3535; x_wconf 85' lang='grc' dir='ltr'>πέφυκεν</span> <span class='ocrx_word' id='word_1_539' title='bbox 2802 3458 2943 3532; x_wconf 77' lang='grc' dir='ltr'>ἄξια,</span> <span class='ocrx_word' id='word_1_540' title='bbox 2997 3462 3106 3513; x_wconf 86' lang='grc' dir='ltr'>τῶν</span> <span class='ocrx_word' id='word_1_541' title='bbox 3156 3457 3506 3530; x_wconf 85' lang='grc' dir='ltr'>ὗμνουμένων</span> <span class='ocrx_word' id='word_1_542' title='bbox 3556 3455 3647 3509; x_wconf 83' lang='grc' dir='ltr'><strong>καὶ</strong></span> <span class='ocrx_word' id='word_1_543' title='bbox 3696 3476 3802 3527; x_wconf 86' lang='grc' dir='ltr'>μα-</span> 
     </span>
    </p>
   </div>
   <div class='ocr_carea' id='block_1_75' title="bbox 2151 3543 3806 3624">
    <p class='ocr_par' dir='ltr' id='par_1_75' title="bbox 2151 3543 3806 3624">
     <span class='ocr_line' id='line_1_76' title="bbox 2151 3543 3806 3624; baseline -0.004 -20"><span class='ocrx_word' id='word_1_544' title='bbox 2151 3549 2524 3624; x_wconf 85' lang='grc' dir='ltr'>καριζομένων</span> <span class='ocrx_word' id='word_1_545' title='bbox 2601 3549 2831 3624; x_wconf 73' lang='grc' dir='ltr'>ἅρχεινς</span> <span class='ocrx_word' id='word_1_546' title='bbox 2911 3547 3066 3602; x_wconf 77' lang='grc' dir='ltr'>Οὕτω</span> <span class='ocrx_word' id='word_1_547' title='bbox 3149 3546 3490 3621; x_wconf 86' lang='grc' dir='ltr'>πανταχόθεν</span> <span class='ocrx_word' id='word_1_548' title='bbox 3575 3543 3806 3607; x_wconf 79' lang='grc' dir='ltr'>εἶ’κότως</span> 
     </span>
    </p>
   </div>
   <div class='ocr_carea' id='block_1_76' title="bbox 2152 3632 3804 3711">
    <p class='ocr_par' dir='ltr' id='par_1_76' title="bbox 2152 3632 3804 3711">
     <span class='ocr_line' id='line_1_77' title="bbox 2152 3632 3804 3711; baseline -0.004 -18"><span class='ocrx_word' id='word_1_549' title='bbox 2152 3641 2186 3707; x_wconf 78' lang='grc' dir='ltr'><strong>ἡ</strong></span> <span class='ocrx_word' id='word_1_550' title='bbox 2247 3639 2314 3706; x_wconf 86' lang='grc' dir='ltr'>σή</span> <span class='ocrx_word' id='word_1_551' title='bbox 2374 3639 2436 3693; x_wconf 88' lang='grc' dir='ltr'>τὸ</span> <span class='ocrx_word' id='word_1_552' title='bbox 2495 3637 2708 3693; x_wconf 86' lang='grc' dir='ltr'>δίκαιον</span> <span class='ocrx_word' id='word_1_553' title='bbox 2771 3632 2891 3711; x_wconf 75' lang='grc' dir='ltr'>ἔχει</span> <span class='ocrx_word' id='word_1_554' title='bbox 2951 3637 3171 3711; x_wconf 84' lang='grc' dir='ltr'>Κύπρος</span> <span class='ocrx_word' id='word_1_555' title='bbox 3223 3637 3292 3690; x_wconf 87' lang='grc' dir='ltr'><strong>τά</strong></span> <span class='ocrx_word' id='word_1_556' title='bbox 3346 3639 3585 3710; x_wconf 86' lang='grc' dir='ltr'>πρωτεῖα</span> <span class='ocrx_word' id='word_1_557' title='bbox 3637 3632 3804 3706; x_wconf 86' lang='grc' dir='ltr'>κομί-</span> 
     </span>
    </p>
   </div>
   <div class='ocr_carea' id='block_1_77' title="bbox 2155 3730 2362 3797">
    <p class='ocr_par' dir='ltr' id='par_1_77' title="bbox 2155 3730 2362 3797">
     <span class='ocr_line' id='line_1_78' title="bbox 2155 3730 2362 3797; baseline 0.01 -15"><span class='ocrx_word' id='word_1_558' title='bbox 2155 3730 2362 3797; x_wconf 88' lang='grc' dir='ltr'>ζεσθαι.</span> 
     </span>
    </p>
   </div>
   <div class='ocr_carea' id='block_1_78' title="bbox 399 3816 3801 3893">
    <p class='ocr_par' dir='ltr' id='par_1_78' title="bbox 399 3816 3801 3893">
     <span class='ocr_line' id='line_1_79' title="bbox 399 3816 3801 3893; baseline 0 -22"><span class='ocrx_word' id='word_1_559' title='bbox 399 3816 857 3872; x_wconf 88' lang='lat' dir='ltr'><strong>occidentalibus</strong></span> <span class='ocrx_word' id='word_1_560' title='bbox 887 3818 1219 3889; x_wconf 86' lang='lat' dir='ltr'><strong>regionibus</strong></span> <span class='ocrx_word' id='word_1_561' title='bbox 1250 3819 1509 3874; x_wconf 89' lang='lat' dir='ltr'><strong>bonitate</strong></span> <span class='ocrx_word' id='word_1_562' title='bbox 1540 3821 1853 3876; x_wconf 89' lang='lat' dir='ltr'><strong>orientales</strong></span> <span class='ocrx_word' id='word_1_563' title='bbox 1876 3825 1931 3876; x_wconf 91' lang='lat' dir='ltr'><strong>et</strong></span> <span class='ocrx_word' id='word_1_564' title='bbox 1959 3820 2178 3893; x_wconf 71' lang='lat' dir='ltr'><strong>Cypria</strong></span> <span class='ocrx_word' id='word_1_565' title='bbox 2211 3825 2507 3890; x_wconf 68' lang='lat' dir='ltr'><strong>prmetant,</strong></span> <span class='ocrx_word' id='word_1_566' title='bbox 2541 3826 2822 3890; x_wconf 90' lang='lat' dir='ltr'><strong>quantum</strong></span> <span class='ocrx_word' id='word_1_567' title='bbox 2843 3819 3059 3875; x_wconf 86' lang='lat' dir='ltr'><strong>veritas</strong></span> <span class='ocrx_word' id='word_1_568' title='bbox 3092 3819 3410 3874; x_wconf 89' lang='lat' dir='ltr'><strong>mendacio.</strong></span> <span class='ocrx_word' id='word_1_569' title='bbox 3434 3817 3719 3872; x_wconf 88' lang='lat' dir='ltr'><strong>Nimirum</strong></span> <span class='ocrx_word' id='word_1_570' title='bbox 3751 3816 3801 3872; x_wconf 91' lang='lat' dir='ltr'><strong>si</strong></span> 
     </span>
    </p>
   </div>
   <div class='ocr_carea' id='block_1_79' title="bbox 399 3905 3802 3982">
    <p class='ocr_par' dir='ltr' id='par_1_79' title="bbox 399 3905 3802 3982">
     <span class='ocr_line' id='line_1_80' title="bbox 399 3905 3802 3982; baseline 0.001 -22"><span class='ocrx_word' id='word_1_571' title='bbox 399 3905 666 3961; x_wconf 79' lang='lat' dir='ltr'><strong>fabulosa</strong></span> <span class='ocrx_word' id='word_1_572' title='bbox 682 3922 813 3976; x_wconf 71' lang='lat' dir='ltr'><strong>qua:</strong></span> <span class='ocrx_word' id='word_1_573' title='bbox 831 3909 1205 3962; x_wconf 87' lang='lat' dir='ltr'><strong>mendacium</strong></span> <span class='ocrx_word' id='word_1_574' title='bbox 1230 3907 1511 3977; x_wconf 90' lang='lat' dir='ltr'><strong>redolent,</strong></span> <span class='ocrx_word' id='word_1_575' title='bbox 1535 3910 1732 3964; x_wconf 91' lang='lat' dir='ltr'><strong>omnia</strong></span> <span class='ocrx_word' id='word_1_576' title='bbox 1753 3911 1936 3966; x_wconf 87' lang='lat' dir='ltr'><strong>risum</strong></span> <span class='ocrx_word' id='word_1_577' title='bbox 1965 3911 2168 3967; x_wconf 90' lang='lat' dir='ltr'><strong>merito</strong></span> <span class='ocrx_word' id='word_1_578' title='bbox 2190 3911 2422 3976; x_wconf 89' lang='lat' dir='ltr'><strong>debent,</strong></span> <span class='ocrx_word' id='word_1_579' title='bbox 2447 3911 2646 3982; x_wconf 90' lang='lat' dir='ltr'><strong>utique</strong></span> <span class='ocrx_word' id='word_1_580' title='bbox 2677 3920 2733 3966; x_wconf 93' lang='lat' dir='ltr'><strong>et</strong></span> <span class='ocrx_word' id='word_1_581' title='bbox 2762 3909 3025 3966; x_wconf 84' lang='lat' dir='ltr'><strong>Herculis</strong></span> <span class='ocrx_word' id='word_1_582' title='bbox 3061 3909 3318 3964; x_wconf 86' lang='lat' dir='ltr'><strong>facinora</strong></span> <span class='ocrx_word' id='word_1_583' title='bbox 3343 3907 3560 3974; x_wconf 90' lang='lat' dir='ltr'><strong>omnia,</strong></span> <span class='ocrx_word' id='word_1_584' title='bbox 3584 3906 3802 3978; x_wconf 87' lang='lat' dir='ltr'><strong>quippe</strong></span> 
     </span>
    </p>
   </div>
   <div class='ocr_carea' id='block_1_80' title="bbox 399 3995 3799 4072">
    <p class='ocr_par' dir='ltr' id='par_1_80' title="bbox 399 3995 3799 4072">
     <span class='ocr_line' id='line_1_81' title="bbox 399 3995 3799 4072; baseline 0.001 -23"><span class='ocrx_word' id='word_1_585' title='bbox 399 3995 610 4050; x_wconf 84' lang='lat' dir='ltr'><strong>fabulis</strong></span> <span class='ocrx_word' id='word_1_586' title='bbox 641 3997 1048 4066; x_wconf 84' lang='lat' dir='ltr'><strong>ﬁgmentisque</strong></span> <span class='ocrx_word' id='word_1_587' title='bbox 1063 3997 1280 4065; x_wconf 83' lang='lat' dir='ltr'><strong>innixa,</strong></span> <span class='ocrx_word' id='word_1_588' title='bbox 1306 4004 1364 4052; x_wconf 94' lang='lat' dir='ltr'><strong>et</strong></span> <span class='ocrx_word' id='word_1_589' title='bbox 1387 4014 1629 4069; x_wconf 87' lang='lat' dir='ltr'><strong>magnos</strong></span> <span class='ocrx_word' id='word_1_590' title='bbox 1650 4001 2382 4070; x_wconf 89' lang='lat' dir='ltr'><strong>merenturrisus,etemne</strong></span> <span class='ocrx_word' id='word_1_591' title='bbox 2401 4001 2635 4057; x_wconf 87' lang='lat' dir='ltr'><strong>ludibrii</strong></span> <span class='ocrx_word' id='word_1_592' title='bbox 2650 4017 2832 4072; x_wconf 88' lang='lat' dir='ltr'><strong>genus</strong></span> <span class='ocrx_word' id='word_1_593' title='bbox 2849 4000 3003 4055; x_wconf 92' lang='lat' dir='ltr'><strong>ultro</strong></span> <span class='ocrx_word' id='word_1_594' title='bbox 3019 4000 3266 4055; x_wconf 89' lang='lat' dir='ltr'><strong>invitant</strong></span> <span class='ocrx_word' id='word_1_595' title='bbox 3287 4007 3459 4069; x_wconf 86' lang='lat' dir='ltr'><strong>atque</strong></span> <span class='ocrx_word' id='word_1_596' title='bbox 3477 3997 3799 4055; x_wconf 85' lang='lat' dir='ltr'><strong>attrahunt.</strong></span> 
     </span>
    </p>
   </div>
   <div class='ocr_carea' id='block_1_81' title="bbox 398 4085 3800 4162">
    <p class='ocr_par' dir='ltr' id='par_1_81' title="bbox 398 4085 3800 4162">
     <span class='ocr_line' id='line_1_82' title="bbox 398 4085 3800 4162; baseline 0.001 -24"><span class='ocrx_word' id='word_1_597' title='bbox 398 4085 582 4150; x_wconf 87' lang='lat' dir='ltr'><strong>Quam</strong></span> <span class='ocrx_word' id='word_1_598' title='bbox 641 4085 836 4156; x_wconf 83' lang='lat' dir='ltr'><strong>itaque</strong></span> <span class='ocrx_word' id='word_1_599' title='bbox 910 4087 1217 4157; x_wconf 89' lang='lat' dir='ltr'><strong>indignum</strong></span> <span class='ocrx_word' id='word_1_600' title='bbox 1278 4087 1451 4143; x_wconf 81' lang='lat' dir='ltr'><strong>fuerit</strong></span> <span class='ocrx_word' id='word_1_601' title='bbox 1500 4088 1644 4144; x_wconf 82' lang='lat' dir='ltr'><strong>falsa</strong></span> <span class='ocrx_word' id='word_1_602' title='bbox 1696 4094 1753 4144; x_wconf 91' lang='lat' dir='ltr'><strong>et</strong></span> <span class='ocrx_word' id='word_1_603' title='bbox 1799 4091 2078 4146; x_wconf 85' lang='lat' dir='ltr'><strong>ementita</strong></span> <span class='ocrx_word' id='word_1_604' title='bbox 2133 4097 2264 4145; x_wconf 91' lang='lat' dir='ltr'><strong>ante</strong></span> <span class='ocrx_word' id='word_1_605' title='bbox 2318 4108 2452 4146; x_wconf 91' lang='lat' dir='ltr'><strong>vera</strong></span> <span class='ocrx_word' id='word_1_606' title='bbox 2499 4107 2672 4146; x_wconf 85' lang='lat' dir='ltr'><strong>esse:</strong></span> <span class='ocrx_word' id='word_1_607' title='bbox 2725 4099 2777 4146; x_wconf 89' lang='lat' dir='ltr'><strong>et</strong></span> <span class='ocrx_word' id='word_1_608' title='bbox 2831 4107 2948 4162; x_wconf 87' lang='lat' dir='ltr'><strong>qua</strong></span> <span class='ocrx_word' id='word_1_609' title='bbox 2997 4089 3120 4144; x_wconf 90' lang='lat' dir='ltr'><strong>risu</strong></span> <span class='ocrx_word' id='word_1_610' title='bbox 3169 4104 3239 4144; x_wconf 84' lang='lat' dir='ltr'><strong>ex</strong></span> <span class='ocrx_word' id='word_1_611' title='bbox 3290 4104 3353 4144; x_wconf 87' lang='lat' dir='ltr'><strong>se</strong></span> <span class='ocrx_word' id='word_1_612' title='bbox 3403 4089 3581 4159; x_wconf 89' lang='lat' dir='ltr'><strong>digna</strong></span> <span class='ocrx_word' id='word_1_613' title='bbox 3641 4095 3800 4154; x_wconf 86' lang='lat' dir='ltr'><strong>sunt,</strong></span> 
     </span>
    </p>
   </div>
   <div class='ocr_carea' id='block_1_82' title="bbox 398 4175 3799 4251">
    <p class='ocr_par' dir='ltr' id='par_1_82' title="bbox 398 4175 3799 4251">
     <span class='ocr_line' id='line_1_83' title="bbox 398 4175 3799 4251; baseline 0.001 -22"><span class='ocrx_word' id='word_1_614' title='bbox 398 4175 720 4245; x_wconf 89' lang='lat' dir='ltr'><strong>principem</strong></span> <span class='ocrx_word' id='word_1_615' title='bbox 770 4175 920 4228; x_wconf 89' lang='lat' dir='ltr'><strong>inter</strong></span> <span class='ocrx_word' id='word_1_616' title='bbox 968 4191 1036 4231; x_wconf 91' lang='lat' dir='ltr'><strong>ea</strong></span> <span class='ocrx_word' id='word_1_617' title='bbox 1083 4183 1278 4233; x_wconf 89' lang='lat' dir='ltr'><strong>tenere</strong></span> <span class='ocrx_word' id='word_1_618' title='bbox 1338 4177 1549 4247; x_wconf 89' lang='lat' dir='ltr'><strong>locum,</strong></span> <span class='ocrx_word' id='word_1_619' title='bbox 1600 4195 1728 4251; x_wconf 67' lang='lat' dir='ltr'><strong>quae</strong></span> <span class='ocrx_word' id='word_1_620' title='bbox 1787 4181 2037 4235; x_wconf 87' lang='lat' dir='ltr'><strong>summis</strong></span> <span class='ocrx_word' id='word_1_621' title='bbox 2103 4187 2384 4237; x_wconf 89' lang='lat' dir='ltr'><strong>ornantur</strong></span> <span class='ocrx_word' id='word_1_622' title='bbox 2432 4182 2724 4247; x_wconf 89' lang='lat' dir='ltr'><strong>laudibus,</strong></span> <span class='ocrx_word' id='word_1_623' title='bbox 2778 4189 2833 4236; x_wconf 90' lang='lat' dir='ltr'><strong>et</strong></span> <span class='ocrx_word' id='word_1_624' title='bbox 2881 4181 2940 4236; x_wconf 90' lang='lat' dir='ltr'><strong>in</strong></span> <span class='ocrx_word' id='word_1_625' title='bbox 3009 4179 3365 4236; x_wconf 88' lang='lat' dir='ltr'><strong>beatissimis</strong></span> <span class='ocrx_word' id='word_1_626' title='bbox 3451 4177 3799 4234; x_wconf 81' lang='lat' dir='ltr'><strong>habentur?</strong></span> 
     </span>
    </p>
   </div>
   <div class='ocr_carea' id='block_1_83' title="bbox 398 4265 3799 4342">
    <p class='ocr_par' dir='ltr' id='par_1_83' title="bbox 398 4265 3799 4342">
     <span class='ocr_line' id='line_1_84' title="bbox 398 4265 3799 4342; baseline 0.001 -24"><span class='ocrx_word' id='word_1_627' title='bbox 398 4266 553 4319; x_wconf 82' lang='lat' dir='ltr'><strong>Adeo</strong></span> <span class='ocrx_word' id='word_1_628' title='bbox 584 4281 722 4321; x_wconf 85' lang='lat' dir='ltr'><strong>sane</strong></span> <span class='ocrx_word' id='word_1_629' title='bbox 751 4265 909 4320; x_wconf 92' lang='lat' dir='ltr'><strong>omni</strong></span> <span class='ocrx_word' id='word_1_630' title='bbox 939 4281 1007 4321; x_wconf 85' lang='lat' dir='ltr'><strong>ex</strong></span> <span class='ocrx_word' id='word_1_631' title='bbox 1049 4271 1212 4338; x_wconf 88' lang='lat' dir='ltr'><strong>parte</strong></span> <span class='ocrx_word' id='word_1_632' title='bbox 1262 4268 1638 4324; x_wconf 80' lang='lat' dir='ltr'><strong>meritissimo</strong></span> <span class='ocrx_word' id='word_1_633' title='bbox 1680 4286 1854 4324; x_wconf 91' lang='lat' dir='ltr'><strong>suum</strong></span> <span class='ocrx_word' id='word_1_634' title='bbox 1909 4270 2093 4342; x_wconf 86' lang='lat' dir='ltr'><strong>Cypro</strong></span> <span class='ocrx_word' id='word_1_635' title='bbox 2125 4276 2237 4326; x_wconf 71' lang='lat' dir='ltr'><strong>tua:</strong></span> <span class='ocrx_word' id='word_1_636' title='bbox 2261 4273 2358 4341; x_wconf 89' lang='lat' dir='ltr'><strong>jus</strong></span> <span class='ocrx_word' id='word_1_637' title='bbox 2389 4276 2633 4341; x_wconf 88' lang='lat' dir='ltr'><strong>constat,</strong></span> <span class='ocrx_word' id='word_1_638' title='bbox 2665 4277 2730 4326; x_wconf 91' lang='lat' dir='ltr'><strong>ut</strong></span> <span class='ocrx_word' id='word_1_639' title='bbox 2760 4271 2980 4342; x_wconf 88' lang='lat' dir='ltr'><strong>primas</strong></span> <span class='ocrx_word' id='word_1_640' title='bbox 3007 4270 3136 4341; x_wconf 89' lang='lat' dir='ltr'><strong>ipsa</strong></span> <span class='ocrx_word' id='word_1_641' title='bbox 3166 4269 3313 4324; x_wconf 79' lang='lat' dir='ltr'><strong>ferre</strong></span> <span class='ocrx_word' id='word_1_642' title='bbox 3344 4269 3550 4324; x_wconf 86' lang='lat' dir='ltr'><strong>debeat</strong></span> <span class='ocrx_word' id='word_1_643' title='bbox 3582 4273 3799 4340; x_wconf 85' lang='lat' dir='ltr'><strong>partes.</strong></span> 
     </span>
    </p>
   </div>
   <div class='ocr_carea' id='block_1_84' title="bbox 470 4354 2049 4434">
    <p class='ocr_par' dir='ltr' id='par_1_84' title="bbox 470 4354 2042 4427">
     <span class='ocr_line' id='line_1_85' title="bbox 470 4354 2042 4427; baseline 0.004 -18"><span class='ocrx_word' id='word_1_644' title='bbox 470 4355 540 4410; x_wconf 89' lang='lat' dir='ltr'><strong>ll.</strong></span> <span class='ocrx_word' id='word_1_645' title='bbox 563 4355 755 4426; x_wconf 84' lang='lat' dir='ltr'><strong>Atque</strong></span> <span class='ocrx_word' id='word_1_646' title='bbox 779 4354 900 4410; x_wconf 75' lang='lat' dir='ltr'><strong>haac</strong></span> <span class='ocrx_word' id='word_1_647' title='bbox 917 4356 1153 4427; x_wconf 90' lang='lat' dir='ltr'><strong>quidem</strong></span> <span class='ocrx_word' id='word_1_648' title='bbox 1176 4359 1497 4426; x_wconf 87' lang='lat' dir='ltr'><strong>commoda,</strong></span> <span class='ocrx_word' id='word_1_649' title='bbox 1518 4358 1679 4416; x_wconf 88' lang='lat' dir='ltr'><strong>nullo</strong></span> <span class='ocrx_word' id='word_1_650' title='bbox 1702 4359 2042 4416; x_wconf 88' lang='lat' dir='ltr'><strong>administro</strong></span> 
     </span>
    </p>
   </div>
   <div class='ocr_carea' id='block_1_85' title="bbox 2159 4354 3800 4434">
    <p class='ocr_par' dir='ltr' id='par_1_85' title="bbox 2229 4356 3800 4434">
     <span class='ocr_line' id='line_1_86' title="bbox 2229 4356 3800 4434; baseline -0.003 -20"><span class='ocrx_word' id='word_1_651' title='bbox 2229 4361 2302 4416; x_wconf 77' lang='lat' dir='ltr'><strong>B&#39;.</strong></span> <span class='ocrx_word' id='word_1_652' title='bbox 2339 4361 2434 4414; x_wconf 80' lang='grc' dir='ltr'><strong>Καὶ</strong></span> <span class='ocrx_word' id='word_1_653' title='bbox 2463 4365 2631 4414; x_wconf 85' lang='grc' dir='ltr'>ταῦτα</span> <span class='ocrx_word' id='word_1_654' title='bbox 2681 4359 2776 4434; x_wconf 78' lang='grc' dir='ltr'><strong>μὲν</strong></span> <span class='ocrx_word' id='word_1_655' title='bbox 2818 4358 3034 4432; x_wconf 88' lang='grc' dir='ltr'>ἀμέσως</span> <span class='ocrx_word' id='word_1_656' title='bbox 3067 4357 3126 4412; x_wconf 81' lang='grc' dir='ltr'><strong>ἐκ</strong></span> <span class='ocrx_word' id='word_1_657' title='bbox 3174 4361 3308 4412; x_wconf 85' lang='grc' dir='ltr'>Θεοῦ</span> <span class='ocrx_word' id='word_1_658' title='bbox 3345 4356 3547 4430; x_wconf 83' lang='grc' dir='ltr'>τάγαθά</span> <span class='ocrx_word' id='word_1_659' title='bbox 3595 4357 3800 4430; x_wconf 84' lang='grc' dir='ltr'>Κύπρῳ</span> 
     </span>
    </p>
   </div>
   <div class='ocr_carea' id='block_1_86' title="bbox 397 4443 2049 4538">
    <p class='ocr_par' dir='ltr' id='par_1_86' title="bbox 397 4443 2040 4519">
     <span class='ocr_line' id='line_1_87' title="bbox 397 4443 2040 4519; baseline 0.004 -21"><span class='ocrx_word' id='word_1_660' title='bbox 397 4443 763 4512; x_wconf 87' lang='lat' dir='ltr'><strong>intermedio,</strong></span> <span class='ocrx_word' id='word_1_661' title='bbox 814 4444 984 4500; x_wconf 91' lang='lat' dir='ltr'><strong>unice</strong></span> <span class='ocrx_word' id='word_1_662' title='bbox 1040 4461 1074 4500; x_wconf 89' lang='lat' dir='ltr'><strong>a</strong></span> <span class='ocrx_word' id='word_1_663' title='bbox 1129 4445 1247 4501; x_wconf 93' lang='lat' dir='ltr'><strong>Deo</strong></span> <span class='ocrx_word' id='word_1_664' title='bbox 1305 4447 1512 4501; x_wconf 66' lang='lat' dir='ltr'><strong>insulas</strong></span> <span class='ocrx_word' id='word_1_665' title='bbox 1578 4448 1759 4519; x_wconf 82' lang='lat' dir='ltr'><strong>Cypro</strong></span> <span class='ocrx_word' id='word_1_666' title='bbox 1821 4449 2040 4504; x_wconf 92' lang='lat' dir='ltr'><strong>dudum</strong></span> 
     </span>
    </p>
   </div>
   <div class='ocr_carea' id='block_1_87' title="bbox 2159 4443 3803 4538">
    <p class='ocr_par' dir='ltr' id='par_1_87' title="bbox 2159 4443 3803 4527">
     <span class='ocr_line' id='line_1_88' title="bbox 2159 4443 3803 4527; baseline -0.001 -23"><span class='ocrx_word' id='word_1_667' title='bbox 2159 4455 2222 4524; x_wconf 82' lang='grc' dir='ltr'>τῇ</span> <span class='ocrx_word' id='word_1_668' title='bbox 2253 4453 2404 4523; x_wconf 77' lang='grc' dir='ltr'>νήσῳ</span> <span class='ocrx_word' id='word_1_669' title='bbox 2453 4452 2883 4525; x_wconf 86' lang='grc' dir='ltr'>προῦπάρχοντα</span> <span class='ocrx_word' id='word_1_670' title='bbox 2931 4448 3174 4527; x_wconf 86' lang='grc' dir='ltr'>φαίνεται</span> <span class='ocrx_word' id='word_1_671' title='bbox 3208 4467 3224 4481; x_wconf 82' lang='lat'>&#39;</span> <span class='ocrx_word' id='word_1_672' title='bbox 3276 4446 3310 4501; x_wconf 86' lang='grc' dir='ltr'><strong>ἀ</strong></span> <span class='ocrx_word' id='word_1_673' title='bbox 3341 4445 3386 4501; x_wconf 85' lang='grc' dir='ltr'><strong>δ’</strong></span> <span class='ocrx_word' id='word_1_674' title='bbox 3436 4446 3493 4501; x_wconf 85' lang='grc' dir='ltr'><strong>ἐκ</strong></span> <span class='ocrx_word' id='word_1_675' title='bbox 3523 4451 3655 4502; x_wconf 85' lang='grc' dir='ltr'>Θεοῦ</span> <span class='ocrx_word' id='word_1_676' title='bbox 3705 4443 3803 4502; x_wconf 77' lang='grc' dir='ltr'><strong>διὰ</strong></span> 
     </span>
    </p>
   </div>
   <div class='ocr_carea' id='block_1_88' title="bbox 395 4533 2049 4609">
    <p class='ocr_par' dir='ltr' id='par_1_88' title="bbox 395 4533 2049 4609">
     <span class='ocr_line' id='line_1_89' title="bbox 395 4533 2049 4609; baseline 0.002 -19"><span class='ocrx_word' id='word_1_677' title='bbox 395 4533 609 4590; x_wconf 85' lang='lat' dir='ltr'><strong>tributa</strong></span> <span class='ocrx_word' id='word_1_678' title='bbox 641 4533 918 4589; x_wconf 87' lang='lat' dir='ltr'><strong>fuerant:</strong></span> <span class='ocrx_word' id='word_1_679' title='bbox 971 4551 1096 4606; x_wconf 62' lang='lat' dir='ltr'><strong>quae</strong></span> <span class='ocrx_word' id='word_1_680' title='bbox 1148 4550 1250 4607; x_wconf 91' lang='lat' dir='ltr'><strong>per</strong></span> <span class='ocrx_word' id='word_1_681' title='bbox 1279 4539 1334 4591; x_wconf 89' lang='lat' dir='ltr'><strong>te</strong></span> <span class='ocrx_word' id='word_1_682' title='bbox 1382 4551 1536 4605; x_wconf 91' lang='lat' dir='ltr'><strong>vero,</strong></span> <span class='ocrx_word' id='word_1_683' title='bbox 1585 4542 1645 4592; x_wconf 89' lang='lat' dir='ltr'><strong>et</strong></span> <span class='ocrx_word' id='word_1_684' title='bbox 1691 4542 1926 4609; x_wconf 87' lang='lat' dir='ltr'><strong>propter</strong></span> <span class='ocrx_word' id='word_1_685' title='bbox 1973 4543 2049 4607; x_wconf 91' lang='lat' dir='ltr'><strong>te,</strong></span> 
     </span>
    </p>
   </div>
   <div class='ocr_carea' id='block_1_89' title="bbox 398 4624 2047 4696">
    <p class='ocr_par' dir='ltr' id='par_1_89' title="bbox 398 4624 2047 4696">
     <span class='ocr_line' id='line_1_90' title="bbox 398 4624 2047 4696; baseline 0.004 -18"><span class='ocrx_word' id='word_1_686' title='bbox 398 4626 684 4694; x_wconf 88' lang='lat' dir='ltr'><strong>optimum</strong></span> <span class='ocrx_word' id='word_1_687' title='bbox 747 4624 859 4680; x_wconf 91' lang='lat' dir='ltr'><strong>Deo</strong></span> <span class='ocrx_word' id='word_1_688' title='bbox 918 4629 1212 4695; x_wconf 90' lang='lat' dir='ltr'><strong>repertum</strong></span> <span class='ocrx_word' id='word_1_689' title='bbox 1293 4626 1791 4696; x_wconf 88' lang='lat' dir='ltr'><strong>ministrum,Deo</strong></span> <span class='ocrx_word' id='word_1_690' title='bbox 1819 4633 2047 4685; x_wconf 89' lang='lat' dir='ltr'><strong>auctore</strong></span> 
     </span>
    </p>
   </div>
   <div class='ocr_carea' id='block_1_90' title="bbox 404 4715 2049 4787">
    <p class='ocr_par' dir='ltr' id='par_1_90' title="bbox 404 4715 2049 4787">
     <span class='ocr_line' id='line_1_91' title="bbox 404 4715 2049 4787; baseline 0.003 -20"><span class='ocrx_word' id='word_1_691' title='bbox 404 4717 799 4779; x_wconf 85' lang='lat' dir='ltr'><strong>accesserunt,</strong></span> <span class='ocrx_word' id='word_1_692' title='bbox 833 4716 890 4768; x_wconf 90' lang='lat' dir='ltr'><strong>et</strong></span> <span class='ocrx_word' id='word_1_693' title='bbox 912 4715 1281 4783; x_wconf 88' lang='lat' dir='ltr'><strong>postmodum</strong></span> <span class='ocrx_word' id='word_1_694' title='bbox 1305 4715 1528 4785; x_wconf 88' lang='lat' dir='ltr'><strong>adjecta</strong></span> <span class='ocrx_word' id='word_1_695' title='bbox 1575 4722 1733 4783; x_wconf 89' lang='lat' dir='ltr'><strong>sunt,</strong></span> <span class='ocrx_word' id='word_1_696' title='bbox 1766 4717 1898 4787; x_wconf 90' lang='lat' dir='ltr'><strong>quis</strong></span> <span class='ocrx_word' id='word_1_697' title='bbox 1947 4735 2049 4784; x_wconf 91' lang='lat' dir='ltr'><strong>pro</strong></span> 
     </span>
    </p>
   </div>
   <div class='ocr_carea' id='block_1_91' title="bbox 400 4803 2046 4874">
    <p class='ocr_par' dir='ltr' id='par_1_91' title="bbox 400 4803 2046 4874">
     <span class='ocr_line' id='line_1_92' title="bbox 400 4803 2046 4874; baseline 0.004 -18"><span class='ocrx_word' id='word_1_698' title='bbox 400 4803 570 4858; x_wconf 65' lang='lat' dir='ltr'><strong>fama:</strong></span> <span class='ocrx_word' id='word_1_699' title='bbox 609 4803 1012 4873; x_wconf 86' lang='lat' dir='ltr'><strong>magnitudine</strong></span> <span class='ocrx_word' id='word_1_700' title='bbox 1053 4803 1228 4874; x_wconf 89' lang='lat' dir='ltr'><strong>digne</strong></span> <span class='ocrx_word' id='word_1_701' title='bbox 1272 4804 1409 4859; x_wconf 90' lang='lat' dir='ltr'><strong>satis</strong></span> <span class='ocrx_word' id='word_1_702' title='bbox 1454 4806 1857 4861; x_wconf 82' lang='lat' dir='ltr'><strong>enarraverit?</strong></span> <span class='ocrx_word' id='word_1_703' title='bbox 1900 4806 2046 4862; x_wconf 83' lang='lat' dir='ltr'><strong>Rur-</strong></span> 
     </span>
    </p>
   </div>
   <div class='ocr_carea' id='block_1_92' title="bbox 401 4891 2046 4965">
    <p class='ocr_par' dir='ltr' id='par_1_92' title="bbox 401 4891 2046 4965">
     <span class='ocr_line' id='line_1_93' title="bbox 401 4891 2046 4965; baseline 0.004 -20"><span class='ocrx_word' id='word_1_704' title='bbox 401 4909 502 4945; x_wconf 91' lang='lat' dir='ltr'><strong>sus</strong></span> <span class='ocrx_word' id='word_1_705' title='bbox 535 4891 666 4962; x_wconf 90' lang='lat' dir='ltr'><strong>quis</strong></span> <span class='ocrx_word' id='word_1_706' title='bbox 699 4908 815 4946; x_wconf 93' lang='lat' dir='ltr'><strong>non</strong></span> <span class='ocrx_word' id='word_1_707' title='bbox 852 4909 953 4964; x_wconf 91' lang='lat' dir='ltr'><strong>pro</strong></span> <span class='ocrx_word' id='word_1_708' title='bbox 996 4891 1277 4963; x_wconf 87' lang='lat' dir='ltr'><strong>dignitate</strong></span> <span class='ocrx_word' id='word_1_709' title='bbox 1314 4909 1434 4947; x_wconf 90' lang='lat' dir='ltr'><strong>rem</strong></span> <span class='ocrx_word' id='word_1_710' title='bbox 1484 4894 1677 4950; x_wconf 90' lang='lat' dir='ltr'><strong>verbis</strong></span> <span class='ocrx_word' id='word_1_711' title='bbox 1717 4901 2046 4965; x_wconf 80' lang='lat' dir='ltr'><strong>exsecutus,</strong></span> 
     </span>
    </p>
   </div>
   <div class='ocr_carea' id='block_1_93' title="bbox 402 4983 2046 5052">
    <p class='ocr_par' dir='ltr' id='par_1_93' title="bbox 402 4983 2046 5052">
     <span class='ocr_line' id='line_1_94' title="bbox 402 4983 2046 5052; baseline 0.003 -17"><span class='ocrx_word' id='word_1_712' title='bbox 402 4997 514 5036; x_wconf 91' lang='lat' dir='ltr'><strong>non</strong></span> <span class='ocrx_word' id='word_1_713' title='bbox 555 4987 712 5036; x_wconf 88' lang='lat' dir='ltr'><strong>totus</strong></span> <span class='ocrx_word' id='word_1_714' title='bbox 757 4983 976 5052; x_wconf 90' lang='lat' dir='ltr'><strong>pudore</strong></span> <span class='ocrx_word' id='word_1_715' title='bbox 1007 4983 1397 5037; x_wconf 84' lang='lat' dir='ltr'><strong>confundatur</strong></span> <span class='ocrx_word' id='word_1_716' title='bbox 1425 4983 1452 5037; x_wconf 83' lang='lat'><strong>?</strong></span> <span class='ocrx_word' id='word_1_717' title='bbox 1511 4998 1706 5040; x_wconf 89' lang='lat' dir='ltr'><strong>coram</strong></span> <span class='ocrx_word' id='word_1_718' title='bbox 1767 4986 2046 5040; x_wconf 88' lang='lat' dir='ltr'><strong>nimirum</strong></span> 
     </span>
    </p>
   </div>
   <div class='ocr_carea' id='block_1_94' title="bbox 399 5070 2046 5142">
    <p class='ocr_par' dir='ltr' id='par_1_94' title="bbox 399 5070 2046 5142">
     <span class='ocr_line' id='line_1_95' title="bbox 399 5070 2046 5142; baseline 0.004 -18"><span class='ocrx_word' id='word_1_719' title='bbox 399 5070 556 5126; x_wconf 90' lang='lat' dir='ltr'><strong>illico</strong></span> <span class='ocrx_word' id='word_1_720' title='bbox 588 5077 642 5126; x_wconf 88' lang='lat' dir='ltr'><strong>et</strong></span> <span class='ocrx_word' id='word_1_721' title='bbox 672 5078 805 5127; x_wconf 88' lang='lat' dir='ltr'><strong>ante</strong></span> <span class='ocrx_word' id='word_1_722' title='bbox 836 5072 1033 5128; x_wconf 90' lang='lat' dir='ltr'><strong>oculos</strong></span> <span class='ocrx_word' id='word_1_723' title='bbox 1065 5078 1456 5142; x_wconf 69' lang='lat' dir='ltr'><strong>praesentanea</strong></span> <span class='ocrx_word' id='word_1_724' title='bbox 1501 5073 1726 5140; x_wconf 89' lang='lat' dir='ltr'><strong>objecta</strong></span> <span class='ocrx_word' id='word_1_725' title='bbox 1780 5076 2046 5131; x_wconf 88' lang='lat' dir='ltr'><strong>confuta-</strong></span> 
     </span>
    </p>
   </div>
   <div class='ocr_carea' id='block_1_95' title="bbox 399 5161 2048 5234">
    <p class='ocr_par' dir='ltr' id='par_1_95' title="bbox 399 5161 2048 5234">
     <span class='ocr_line' id='line_1_96' title="bbox 399 5161 2048 5234; baseline 0.004 -21"><span class='ocrx_word' id='word_1_726' title='bbox 399 5161 575 5216; x_wconf 88' lang='lat' dir='ltr'><strong>tione.</strong></span> <span class='ocrx_word' id='word_1_727' title='bbox 637 5162 860 5234; x_wconf 89' lang='lat' dir='ltr'><strong>Quippe</strong></span> <span class='ocrx_word' id='word_1_728' title='bbox 917 5163 1228 5233; x_wconf 66' lang='lat' dir='ltr'><strong>injustitiaa</strong></span> <span class='ocrx_word' id='word_1_729' title='bbox 1285 5164 1478 5219; x_wconf 90' lang='lat' dir='ltr'><strong>omnis</strong></span> <span class='ocrx_word' id='word_1_730' title='bbox 1536 5165 1918 5220; x_wconf 80' lang='lat' dir='ltr'><strong>fundamenta</strong></span> <span class='ocrx_word' id='word_1_731' title='bbox 1977 5165 2048 5220; x_wconf 91' lang='lat' dir='ltr'><strong>de</strong></span> 
     </span>
    </p>
   </div>
   <div class='ocr_carea' id='block_1_96' title="bbox 399 5249 2048 5326">
    <p class='ocr_par' dir='ltr' id='par_1_96' title="bbox 399 5249 2048 5326">
     <span class='ocr_line' id='line_1_97' title="bbox 399 5249 2048 5326; baseline 0.005 -23"><span class='ocrx_word' id='word_1_732' title='bbox 399 5249 594 5304; x_wconf 90' lang='lat' dir='ltr'><strong>insula</strong></span> <span class='ocrx_word' id='word_1_733' title='bbox 624 5253 1045 5319; x_wconf 87' lang='lat' dir='ltr'><strong>exterminasti,</strong></span> <span class='ocrx_word' id='word_1_734' title='bbox 1074 5268 1195 5322; x_wconf 64' lang='lat' dir='ltr'><strong>qua</strong></span> <span class='ocrx_word' id='word_1_735' title='bbox 1219 5255 1477 5326; x_wconf 90' lang='lat' dir='ltr'><strong>undique</strong></span> <span class='ocrx_word' id='word_1_736' title='bbox 1515 5269 1582 5310; x_wconf 86' lang='lat' dir='ltr'><strong>ex</strong></span> <span class='ocrx_word' id='word_1_737' title='bbox 1629 5254 1726 5311; x_wconf 88' lang='lat' dir='ltr'><strong>ille</strong></span> <span class='ocrx_word' id='word_1_738' title='bbox 1773 5253 2048 5312; x_wconf 82' lang='lat' dir='ltr'><strong>evelleras</strong></span> 
     </span>
    </p>
   </div>
   <div class='ocr_carea' id='block_1_97' title="bbox 402 5338 2048 5409">
    <p class='ocr_par' dir='ltr' id='par_1_97' title="bbox 402 5338 2048 5409">
     <span class='ocr_line' id='line_1_98' title="bbox 402 5338 2048 5409; baseline 0.004 -17"><span class='ocrx_word' id='word_1_739' title='bbox 402 5338 786 5409; x_wconf 84' lang='lat' dir='ltr'><strong>funditusque</strong></span> <span class='ocrx_word' id='word_1_740' title='bbox 819 5341 1163 5397; x_wconf 89' lang='lat' dir='ltr'><strong>sustuleras.</strong></span> <span class='ocrx_word' id='word_1_741' title='bbox 1197 5341 1360 5398; x_wconf 89' lang='lat' dir='ltr'><strong>Illius</strong></span> <span class='ocrx_word' id='word_1_742' title='bbox 1390 5349 1584 5399; x_wconf 91' lang='lat' dir='ltr'><strong>autem</strong></span> <span class='ocrx_word' id='word_1_743' title='bbox 1631 5343 1758 5399; x_wconf 93' lang='lat' dir='ltr'><strong>loco</strong></span> <span class='ocrx_word' id='word_1_744' title='bbox 1789 5345 2048 5399; x_wconf 89' lang='lat' dir='ltr'><strong>introdu-</strong></span> 
     </span>
    </p>
   </div>
   <div class='ocr_carea' id='block_1_98' title="bbox 402 5427 2047 5503">
    <p class='ocr_par' dir='ltr' id='par_1_98' title="bbox 402 5427 2047 5503">
     <span class='ocr_line' id='line_1_99' title="bbox 402 5427 2047 5503; baseline 0.004 -22"><span class='ocrx_word' id='word_1_745' title='bbox 402 5433 551 5482; x_wconf 90' lang='lat' dir='ltr'><strong>ctam</strong></span> <span class='ocrx_word' id='word_1_746' title='bbox 578 5427 892 5496; x_wconf 88' lang='lat' dir='ltr'><strong>justitiam,</strong></span> <span class='ocrx_word' id='word_1_747' title='bbox 925 5430 983 5483; x_wconf 89' lang='lat' dir='ltr'><strong>in</strong></span> <span class='ocrx_word' id='word_1_748' title='bbox 1015 5429 1256 5486; x_wconf 91' lang='lat' dir='ltr'><strong>domum</strong></span> <span class='ocrx_word' id='word_1_749' title='bbox 1301 5432 1876 5503; x_wconf 83' lang='lat' dir='ltr'><strong>familiaritatemque</strong></span> <span class='ocrx_word' id='word_1_750' title='bbox 1915 5433 2047 5488; x_wconf 90' lang='lat' dir='ltr'><strong>inti-</strong></span> 
     </span>
    </p>
   </div>
   <div class='ocr_carea' id='block_1_99' title="bbox 402 5517 2046 5592">
    <p class='ocr_par' dir='ltr' id='par_1_99' title="bbox 402 5517 2046 5592">
     <span class='ocr_line' id='line_1_100' title="bbox 402 5517 2046 5592; baseline 0.004 -21"><span class='ocrx_word' id='word_1_751' title='bbox 402 5532 559 5571; x_wconf 88' lang='lat' dir='ltr'><strong>mam</strong></span> <span class='ocrx_word' id='word_1_752' title='bbox 591 5517 883 5587; x_wconf 88' lang='lat' dir='ltr'><strong>recepisti,</strong></span> <span class='ocrx_word' id='word_1_753' title='bbox 917 5525 979 5572; x_wconf 90' lang='lat' dir='ltr'><strong>ut</strong></span> <span class='ocrx_word' id='word_1_754' title='bbox 1001 5536 1127 5590; x_wconf 63' lang='lat' dir='ltr'><strong>qua!</strong></span> <span class='ocrx_word' id='word_1_755' title='bbox 1160 5536 1306 5591; x_wconf 84' lang='lat' dir='ltr'><strong>apex</strong></span> <span class='ocrx_word' id='word_1_756' title='bbox 1336 5521 1642 5589; x_wconf 88' lang='lat' dir='ltr'><strong>virtutum,</strong></span> <span class='ocrx_word' id='word_1_757' title='bbox 1675 5526 1850 5592; x_wconf 89' lang='lat' dir='ltr'><strong>atque</strong></span> <span class='ocrx_word' id='word_1_758' title='bbox 1883 5521 2046 5578; x_wconf 78' lang='lat' dir='ltr'><strong>radix</strong></span> 
     </span>
    </p>
   </div>
   <div class='ocr_carea' id='block_1_100' title="bbox 401 5603 2042 5680">
    <p class='ocr_par' dir='ltr' id='par_1_100' title="bbox 401 5603 2042 5680">
     <span class='ocr_line' id='line_1_101' title="bbox 401 5603 2042 5680; baseline 0.004 -20"><span class='ocrx_word' id='word_1_759' title='bbox 401 5610 457 5660; x_wconf 95' lang='lat' dir='ltr'><strong>ct</strong></span> <span class='ocrx_word' id='word_1_760' title='bbox 491 5603 1234 5679; x_wconf 62' lang='lat' dir='ltr'><strong>fundamentumlconcinni</strong></span> <span class='ocrx_word' id='word_1_761' title='bbox 1257 5609 1476 5665; x_wconf 89' lang='lat' dir='ltr'><strong>ordinis</strong></span> <span class='ocrx_word' id='word_1_762' title='bbox 1499 5614 1604 5677; x_wconf 90' lang='lat' dir='ltr'><strong>est,</strong></span> <span class='ocrx_word' id='word_1_763' title='bbox 1628 5610 1754 5680; x_wconf 87' lang='lat' dir='ltr'><strong>ejus</strong></span> <span class='ocrx_word' id='word_1_764' title='bbox 1771 5610 2042 5678; x_wconf 88' lang='lat' dir='ltr'><strong>maxime,</strong></span> 
     </span>
    </p>
   </div>
   <div class='ocr_carea' id='block_1_101' title="bbox 401 5694 2046 5772">
    <p class='ocr_par' dir='ltr' id='par_1_101' title="bbox 401 5694 2046 5772">
     <span class='ocr_line' id='line_1_102' title="bbox 401 5694 2046 5772; baseline 0.004 -21"><span class='ocrx_word' id='word_1_765' title='bbox 401 5694 497 5766; x_wconf 90' lang='lat' dir='ltr'><strong>qui</strong></span> <span class='ocrx_word' id='word_1_766' title='bbox 555 5694 728 5752; x_wconf 85' lang='lat' dir='ltr'><strong>rebus</strong></span> <span class='ocrx_word' id='word_1_767' title='bbox 784 5695 1032 5768; x_wconf 88' lang='lat' dir='ltr'><strong>publicis</strong></span> <span class='ocrx_word' id='word_1_768' title='bbox 1090 5703 1363 5754; x_wconf 88' lang='lat' dir='ltr'><strong>ornatum</strong></span> <span class='ocrx_word' id='word_1_769' title='bbox 1438 5699 1626 5772; x_wconf 76' lang='lat' dir='ltr'><strong>affert,</strong></span> <span class='ocrx_word' id='word_1_770' title='bbox 1703 5699 2046 5772; x_wconf 86' lang='lat' dir='ltr'><strong>cunctisque</strong></span> 
     </span>
    </p>
   </div>
   <div class='ocr_carea' id='block_1_102' title="bbox 2159 4536 3800 4614">
    <p class='ocr_par' dir='ltr' id='par_1_102' title="bbox 2159 4536 3800 4614">
     <span class='ocr_line' id='line_1_103' title="bbox 2159 4536 3800 4614; baseline -0.002 -21"><span class='ocrx_word' id='word_1_771' title='bbox 2159 4543 2255 4593; x_wconf 79' lang='grc' dir='ltr'><strong>σοῦ</strong></span> <span class='ocrx_word' id='word_1_772' title='bbox 2305 4561 2396 4594; x_wconf 85' lang='grc' dir='ltr'><strong>και</strong></span> <span class='ocrx_word' id='word_1_773' title='bbox 2451 4537 2538 4593; x_wconf 81' lang='grc' dir='ltr'><strong>διὰ</strong></span> <span class='ocrx_word' id='word_1_774' title='bbox 2591 4539 2648 4593; x_wconf 71' lang='grc' dir='ltr'><strong>σε</strong></span> <span class='ocrx_word' id='word_1_775' title='bbox 2695 4540 2982 4614; x_wconf 86' lang='grc' dir='ltr'>κράτιστον</span> <span class='ocrx_word' id='word_1_776' title='bbox 3026 4537 3303 4612; x_wconf 77' lang='grc' dir='ltr'>ὑπηρέτην</span> <span class='ocrx_word' id='word_1_777' title='bbox 3332 4536 3631 4610; x_wconf 82' lang='grc' dir='ltr'>εὑρημένον</span> <span class='ocrx_word' id='word_1_778' title='bbox 3677 4540 3800 4608; x_wconf 85' lang='grc' dir='ltr'>Θεῷ</span> 
     </span>
    </p>
   </div>
   <div class='ocr_carea' id='block_1_103' title="bbox 2157 4624 3802 4705">
    <p class='ocr_par' dir='ltr' id='par_1_103' title="bbox 2157 4624 3802 4705">
     <span class='ocr_line' id='line_1_104' title="bbox 2157 4624 3802 4705; baseline -0.002 -24"><span class='ocrx_word' id='word_1_779' title='bbox 2157 4627 2486 4705; x_wconf 81' lang='grc' dir='ltr'>προσγέγονέ</span> <span class='ocrx_word' id='word_1_780' title='bbox 2516 4648 2572 4682; x_wconf 84' lang='grc' dir='ltr'><strong>τε</strong></span> <span class='ocrx_word' id='word_1_781' title='bbox 2602 4628 2692 4683; x_wconf 83' lang='grc' dir='ltr'><strong>καὶ</strong></span> <span class='ocrx_word' id='word_1_782' title='bbox 2725 4625 3026 4703; x_wconf 82' lang='grc' dir='ltr'>ἐπεγένετο,</span> <span class='ocrx_word' id='word_1_783' title='bbox 3058 4625 3138 4686; x_wconf 88' lang='grc' dir='ltr'><strong>τίς</strong></span> <span class='ocrx_word' id='word_1_784' title='bbox 3171 4625 3232 4679; x_wconf 79' lang='grc' dir='ltr'>ἃν</span> <span class='ocrx_word' id='word_1_785' title='bbox 3273 4624 3436 4695; x_wconf 82' lang='grc' dir='ltr'>ἀξίως</span> <span class='ocrx_word' id='word_1_786' title='bbox 3467 4631 3567 4694; x_wconf 86' lang='grc' dir='ltr'>τῆς</span> <span class='ocrx_word' id='word_1_787' title='bbox 3604 4626 3802 4702; x_wconf 79' lang='grc' dir='ltr'>φήμης</span> 
     </span>
    </p>
   </div>
   <div class='ocr_carea' id='block_1_104' title="bbox 2161 4712 3802 4787">
    <p class='ocr_par' dir='ltr' id='par_1_104' title="bbox 2161 4712 3802 4787">
     <span class='ocr_line' id='line_1_105' title="bbox 2161 4712 3802 4787; baseline -0.003 -16"><span class='ocrx_word' id='word_1_788' title='bbox 2161 4717 2327 4771; x_wconf 85' lang='grc' dir='ltr'>εἰπεῖν</span> <span class='ocrx_word' id='word_1_789' title='bbox 2363 4714 2660 4787; x_wconf 76' lang='grc' dir='ltr'>δυνηθείης</span> <span class='ocrx_word' id='word_1_790' title='bbox 2711 4718 2793 4778; x_wconf 87' lang='grc' dir='ltr'>τίς</span> <span class='ocrx_word' id='word_1_791' title='bbox 2827 4715 2873 4769; x_wconf 80' lang='grc' dir='ltr'>δ’</span> <span class='ocrx_word' id='word_1_792' title='bbox 2904 4715 3002 4770; x_wconf 84' lang='grc' dir='ltr'>οὐκ</span> <span class='ocrx_word' id='word_1_793' title='bbox 3045 4715 3208 4785; x_wconf 83' lang='grc' dir='ltr'>ἀξίως</span> <span class='ocrx_word' id='word_1_794' title='bbox 3259 4715 3426 4768; x_wconf 80' lang='grc' dir='ltr'>εἰπὼν</span> <span class='ocrx_word' id='word_1_795' title='bbox 3472 4715 3575 4768; x_wconf 84' lang='grc' dir='ltr'><strong>οὐκ</strong></span> <span class='ocrx_word' id='word_1_796' title='bbox 3612 4715 3672 4767; x_wconf 77' lang='grc' dir='ltr'>ἄν</span> <span class='ocrx_word' id='word_1_797' title='bbox 3719 4712 3802 4766; x_wconf 76' lang='grc' dir='ltr'><strong>αἶ’-</strong></span> 
     </span>
    </p>
   </div>
   <div class='ocr_carea' id='block_1_105' title="bbox 2159 4798 3800 4880">
    <p class='ocr_par' dir='ltr' id='par_1_105' title="bbox 2159 4798 3800 4880">
     <span class='ocr_line' id='line_1_106' title="bbox 2159 4798 3800 4880; baseline -0.002 -22"><span class='ocrx_word' id='word_1_798' title='bbox 2159 4805 2456 4879; x_wconf 74' lang='grc' dir='ltr'>σχυνθείης</span> <span class='ocrx_word' id='word_1_799' title='bbox 2505 4809 2597 4860; x_wconf 80' lang='grc' dir='ltr'><strong>τὸν</strong></span> <span class='ocrx_word' id='word_1_800' title='bbox 2646 4803 2834 4859; x_wconf 84' lang='grc' dir='ltr'>αὐτίκα</span> <span class='ocrx_word' id='word_1_801' title='bbox 2880 4799 3112 4880; x_wconf 82' lang='grc' dir='ltr'>ἔλεγχον</span> <span class='ocrx_word' id='word_1_802' title='bbox 3162 4800 3305 4876; x_wconf 79' lang='grc' dir='ltr'>ἔχων</span> <span class='ocrx_word' id='word_1_803' title='bbox 3350 4804 3457 4878; x_wconf 84' lang='grc' dir='ltr'>πρὸ</span> <span class='ocrx_word' id='word_1_804' title='bbox 3501 4798 3800 4878; x_wconf 86' lang='grc' dir='ltr'>ὀφθαλμῶν</span> 
     </span>
    </p>
   </div>
   <div class='ocr_carea' id='block_1_106' title="bbox 2157 4887 3801 4967">
    <p class='ocr_par' dir='ltr' id='par_1_106' title="bbox 2157 4887 3801 4967">
     <span class='ocr_line' id='line_1_107' title="bbox 2157 4887 3801 4967; baseline -0.003 -19"><span class='ocrx_word' id='word_1_805' title='bbox 2157 4893 2544 4966; x_wconf 78' lang='grc' dir='ltr'>ἀνθιστάμενον</span> <span class='ocrx_word' id='word_1_806' title='bbox 2582 4915 2596 4929; x_wconf 91' lang='grc'>·</span> <span class='ocrx_word' id='word_1_807' title='bbox 2653 4890 2863 4954; x_wconf 83' lang='grc' dir='ltr'>ἀδικίας</span> <span class='ocrx_word' id='word_1_808' title='bbox 2926 4893 3020 4966; x_wconf 75' lang='grc' dir='ltr'>μὶν</span> <span class='ocrx_word' id='word_1_809' title='bbox 3079 4893 3181 4967; x_wconf 77' lang='grc' dir='ltr'><strong>γὰρ</strong></span> <span class='ocrx_word' id='word_1_810' title='bbox 3237 4893 3450 4962; x_wconf 81' lang='grc' dir='ltr'>ἀπάσης</span> <span class='ocrx_word' id='word_1_811' title='bbox 3527 4887 3801 4966; x_wconf 81' lang='grc' dir='ltr'>κρηπῖδας</span> 
     </span>
    </p>
   </div>
   <div class='ocr_carea' id='block_1_107' title="bbox 2156 4975 3797 5057">
    <p class='ocr_par' dir='ltr' id='par_1_107' title="bbox 2156 4975 3797 5057">
     <span class='ocr_line' id='line_1_108' title="bbox 2156 4975 3797 5057; baseline -0.004 -20"><span class='ocrx_word' id='word_1_812' title='bbox 2156 4984 2255 5050; x_wconf 76' lang='grc' dir='ltr'>τῆς</span> <span class='ocrx_word' id='word_1_813' title='bbox 2285 4985 2453 5051; x_wconf 78' lang='grc' dir='ltr'>νήσου</span> <span class='ocrx_word' id='word_1_814' title='bbox 2501 4981 2777 5057; x_wconf 80' lang='grc' dir='ltr'>ἐξώρισας,</span> <span class='ocrx_word' id='word_1_815' title='bbox 2823 4981 3162 5056; x_wconf 88' lang='grc' dir='ltr'>πανταχόθεν</span> <span class='ocrx_word' id='word_1_816' title='bbox 3213 4979 3381 5048; x_wconf 79' lang='grc' dir='ltr'>αὐτῆς</span> <span class='ocrx_word' id='word_1_817' title='bbox 3425 4975 3655 5045; x_wconf 84' lang='grc' dir='ltr'>ἀνελὼν,</span> <span class='ocrx_word' id='word_1_818' title='bbox 3703 4978 3797 5031; x_wconf 79' lang='grc' dir='ltr'><strong>καὶ</strong></span> 
     </span>
    </p>
   </div>
   <div class='ocr_carea' id='block_1_108' title="bbox 2156 5065 3797 5150">
    <p class='ocr_par' dir='ltr' id='par_1_108' title="bbox 2156 5065 3797 5150">
     <span class='ocr_line' id='line_1_109' title="bbox 2156 5065 3797 5150; baseline -0.003 -25"><span class='ocrx_word' id='word_1_819' title='bbox 2156 5071 2446 5150; x_wconf 80' lang='grc' dir='ltr'>ἀφανισμῷ</span> <span class='ocrx_word' id='word_1_820' title='bbox 2474 5071 2727 5127; x_wconf 85' lang='grc' dir='ltr'>παντελεῖ</span> <span class='ocrx_word' id='word_1_821' title='bbox 2755 5068 3030 5145; x_wconf 85' lang='grc' dir='ltr'>παραδούς</span> <span class='ocrx_word' id='word_1_822' title='bbox 3064 5087 3077 5101; x_wconf 77' lang='grc'><strong>⁸</strong></span> <span class='ocrx_word' id='word_1_823' title='bbox 3124 5066 3471 5137; x_wconf 81' lang='grc' dir='ltr'>δικαιοσύνην</span> <span class='ocrx_word' id='word_1_824' title='bbox 3506 5065 3554 5121; x_wconf 87' lang='grc' dir='ltr'><strong>δ’</strong></span> <span class='ocrx_word' id='word_1_825' title='bbox 3590 5066 3797 5121; x_wconf 84' lang='grc' dir='ltr'>ἀντείσ-</span> 
     </span>
    </p>
   </div>
   <div class='ocr_carea' id='block_1_109' title="bbox 2158 5157 3799 5236">
    <p class='ocr_par' dir='ltr' id='par_1_109' title="bbox 2158 5157 3799 5236">
     <span class='ocr_line' id='line_1_110' title="bbox 2158 5157 3799 5236; baseline -0.003 -22"><span class='ocrx_word' id='word_1_826' title='bbox 2158 5160 2383 5236; x_wconf 73' lang='grc' dir='ltr'><strong>ήνεγκᾶς</strong></span> <span class='ocrx_word' id='word_1_827' title='bbox 2413 5181 2471 5215; x_wconf 87' lang='grc' dir='ltr'>τε</span> <span class='ocrx_word' id='word_1_828' title='bbox 2499 5161 2589 5215; x_wconf 82' lang='grc' dir='ltr'><strong>καὶ</strong></span> <span class='ocrx_word' id='word_1_829' title='bbox 2619 5159 2889 5232; x_wconf 82' lang='grc' dir='ltr'>εἶσῳκίσω</span> <span class='ocrx_word' id='word_1_830' title='bbox 2921 5161 3010 5214; x_wconf 79' lang='grc' dir='ltr'><strong>καὶ</strong></span> <span class='ocrx_word' id='word_1_831' title='bbox 3052 5158 3338 5230; x_wconf 83' lang='grc' dir='ltr'>ᾠκειώσω,</span> <span class='ocrx_word' id='word_1_832' title='bbox 3371 5157 3462 5212; x_wconf 76' lang='grc' dir='ltr'><strong>ἅτε</strong></span> <span class='ocrx_word' id='word_1_833' title='bbox 3501 5158 3565 5211; x_wconf 82' lang='grc' dir='ltr'>τὰ</span> <span class='ocrx_word' id='word_1_834' title='bbox 3605 5160 3799 5228; x_wconf 85' lang='grc' dir='ltr'>πρῶτα</span> 
     </span>
    </p>
   </div>
   <div class='ocr_carea' id='block_1_110' title="bbox 2155 5242 3799 5325">
    <p class='ocr_par' dir='ltr' id='par_1_110' title="bbox 2155 5242 3799 5325">
     <span class='ocr_line' id='line_1_111' title="bbox 2155 5242 3799 5325; baseline -0.003 -24"><span class='ocrx_word' id='word_1_835' title='bbox 2155 5249 2422 5325; x_wconf 81' lang='grc' dir='ltr'>φέρουσαν</span> <span class='ocrx_word' id='word_1_836' title='bbox 2449 5253 2555 5302; x_wconf 91' lang='grc' dir='ltr'>τῶν</span> <span class='ocrx_word' id='word_1_837' title='bbox 2593 5247 2775 5303; x_wconf 89' lang='grc' dir='ltr'>καλῶν</span> <span class='ocrx_word' id='word_1_838' title='bbox 2811 5247 2899 5302; x_wconf 84' lang='grc' dir='ltr'>καὶ</span> <span class='ocrx_word' id='word_1_839' title='bbox 2945 5247 3095 5322; x_wconf 81' lang='grc' dir='ltr'>ῥίζαν</span> <span class='ocrx_word' id='word_1_840' title='bbox 3136 5247 3226 5301; x_wconf 80' lang='grc' dir='ltr'><strong>καὶ</strong></span> <span class='ocrx_word' id='word_1_841' title='bbox 3258 5243 3514 5318; x_wconf 85' lang='grc' dir='ltr'>θεμέλιον</span> <span class='ocrx_word' id='word_1_842' title='bbox 3556 5242 3799 5314; x_wconf 77' lang='grc' dir='ltr'>εὐταξίας</span> 
     </span>
    </p>
   </div>
   <div class='ocr_carea' id='block_1_111' title="bbox 2156 5332 3796 5408">
    <p class='ocr_par' dir='ltr' id='par_1_111' title="bbox 2156 5332 3796 5408">
     <span class='ocr_line' id='line_1_112' title="bbox 2156 5332 3796 5408; baseline -0.002 -18"><span class='ocrx_word' id='word_1_843' title='bbox 2156 5335 2338 5407; x_wconf 77' lang='grc' dir='ltr'>οὖσαν,</span> <span class='ocrx_word' id='word_1_844' title='bbox 2373 5337 2472 5407; x_wconf 77' lang='grc' dir='ltr'>ὅση</span> <span class='ocrx_word' id='word_1_845' title='bbox 2521 5336 2616 5400; x_wconf 83' lang='grc' dir='ltr'><strong>τὰς</strong></span> <span class='ocrx_word' id='word_1_846' title='bbox 2655 5337 2938 5398; x_wconf 86' lang='grc' dir='ltr'>πολιτείας</span> <span class='ocrx_word' id='word_1_847' title='bbox 2983 5340 3181 5408; x_wconf 84' lang='grc' dir='ltr'>κοσμεῖ</span> <span class='ocrx_word' id='word_1_848' title='bbox 3227 5335 3317 5389; x_wconf 80' lang='grc' dir='ltr'><strong>καὶ</strong></span> <span class='ocrx_word' id='word_1_849' title='bbox 3367 5332 3629 5407; x_wconf 85' lang='grc' dir='ltr'>ἁρμονίαν</span> <span class='ocrx_word' id='word_1_850' title='bbox 3673 5337 3796 5395; x_wconf 87' lang='grc' dir='ltr'>τοῖς</span> 
     </span>
    </p>
   </div>
   <div class='ocr_carea' id='block_1_112' title="bbox 2153 5420 3795 5503">
    <p class='ocr_par' dir='ltr' id='par_1_112' title="bbox 2153 5420 3795 5503">
     <span class='ocr_line' id='line_1_113' title="bbox 2153 5420 3795 5503; baseline -0.002 -23"><span class='ocrx_word' id='word_1_851' title='bbox 2153 5426 2512 5502; x_wconf 85' lang='grc' dir='ltr'>ἀνθρωπίνοις</span> <span class='ocrx_word' id='word_1_852' title='bbox 2571 5425 2804 5498; x_wconf 83' lang='grc' dir='ltr'>ἐντίθησι</span> <span class='ocrx_word' id='word_1_853' title='bbox 2836 5427 3113 5503; x_wconf 83' lang='grc' dir='ltr'>πράγμασι</span> <span class='ocrx_word' id='word_1_854' title='bbox 3173 5428 3360 5495; x_wconf 83' lang='grc' dir='ltr'>πᾶσιν,</span> <span class='ocrx_word' id='word_1_855' title='bbox 3391 5423 3451 5478; x_wconf 80' lang='grc' dir='ltr'><strong>οὗ</strong></span> <span class='ocrx_word' id='word_1_856' title='bbox 3493 5421 3644 5498; x_wconf 85' lang='grc' dir='ltr'>λόγῳ</span> <span class='ocrx_word' id='word_1_857' title='bbox 3687 5420 3795 5493; x_wconf 85' lang='grc' dir='ltr'>μό-</span> 
     </span>
    </p>
   </div>
   <div class='ocr_carea' id='block_1_113' title="bbox 2151 5510 3792 5591">
    <p class='ocr_par' dir='ltr' id='par_1_113' title="bbox 2151 5510 3792 5591">
     <span class='ocr_line' id='line_1_114' title="bbox 2151 5510 3792 5591; baseline -0.004 -20"><span class='ocrx_word' id='word_1_858' title='bbox 2151 5538 2241 5571; x_wconf 91' lang='grc' dir='ltr'>νον</span> <span class='ocrx_word' id='word_1_859' title='bbox 2270 5524 2371 5586; x_wconf 85' lang='grc' dir='ltr'>τῆς</span> <span class='ocrx_word' id='word_1_860' title='bbox 2412 5518 2608 5591; x_wconf 85' lang='grc' dir='ltr'>ἀρετῆς</span> <span class='ocrx_word' id='word_1_861' title='bbox 2662 5521 2885 5590; x_wconf 89' lang='grc' dir='ltr'>κοσμῶν</span> <span class='ocrx_word' id='word_1_862' title='bbox 2913 5517 2976 5570; x_wconf 90' lang='grc' dir='ltr'>τὸ</span> <span class='ocrx_word' id='word_1_863' title='bbox 3033 5515 3248 5588; x_wconf 85' lang='grc' dir='ltr'>σεμνὸν,</span> <span class='ocrx_word' id='word_1_864' title='bbox 3278 5514 3374 5575; x_wconf 80' lang='grc' dir='ltr'>τὰς</span> <span class='ocrx_word' id='word_1_865' title='bbox 3431 5519 3530 5582; x_wconf 78' lang='grc' dir='ltr'>τῆς</span> <span class='ocrx_word' id='word_1_866' title='bbox 3573 5510 3792 5566; x_wconf 82' lang='grc' dir='ltr'>δικαιο-</span> 
     </span>
    </p>
   </div>
   <div class='ocr_carea' id='block_1_114' title="bbox 2153 5603 3789 5682">
    <p class='ocr_par' dir='ltr' id='par_1_114' title="bbox 2153 5603 3789 5682">
     <span class='ocr_line' id='line_1_115' title="bbox 2153 5603 3789 5682; baseline -0.002 -21"><span class='ocrx_word' id='word_1_867' title='bbox 2153 5606 2315 5678; x_wconf 90' lang='grc' dir='ltr'>σύνης</span> <span class='ocrx_word' id='word_1_868' title='bbox 2355 5605 2569 5678; x_wconf 79' lang='grc' dir='ltr'>δηλαδή</span> <span class='ocrx_word' id='word_1_869' title='bbox 2610 5605 2943 5682; x_wconf 82' lang='grc' dir='ltr'>πλάστιγγας</span> <span class='ocrx_word' id='word_1_870' title='bbox 2979 5605 3070 5660; x_wconf 84' lang='grc' dir='ltr'><strong>καὶ</strong></span> <span class='ocrx_word' id='word_1_871' title='bbox 3109 5608 3218 5660; x_wconf 82' lang='grc' dir='ltr'>τῶν</span> <span class='ocrx_word' id='word_1_872' title='bbox 3256 5603 3521 5659; x_wconf 89' lang='grc' dir='ltr'>τοιούτων</span> <span class='ocrx_word' id='word_1_873' title='bbox 3554 5603 3789 5657; x_wconf 79' lang='grc' dir='ltr'>κανόνων</span> 
     </span>
    </p>
   </div>
   <div class='ocr_carea' id='block_1_115' title="bbox 2149 5687 3793 5778">
    <p class='ocr_par' dir='ltr' id='par_1_115' title="bbox 2149 5687 3793 5778">
     <span class='ocr_line' id='line_1_116' title="bbox 2149 5687 3793 5778; baseline -0.002 -25"><span class='ocrx_word' id='word_1_874' title='bbox 2149 5697 2211 5753; x_wconf 88' lang='grc' dir='ltr'>τὸ</span> <span class='ocrx_word' id='word_1_875' title='bbox 2251 5695 2500 5778; x_wconf 76' lang='grc' dir='ltr'>ἀῤῥεπὶς,</span> <span class='ocrx_word' id='word_1_876' title='bbox 2539 5694 2686 5754; x_wconf 78' lang='grc' dir='ltr'>ἀλλὰ</span> <span class='ocrx_word' id='word_1_877' title='bbox 2730 5695 2820 5754; x_wconf 85' lang='grc' dir='ltr'>καὶ</span> <span class='ocrx_word' id='word_1_878' title='bbox 2857 5696 3079 5777; x_wconf 83' lang='grc' dir='ltr'>πράξεσι</span> <span class='ocrx_word' id='word_1_879' title='bbox 3127 5692 3506 5769; x_wconf 78' lang='grc' dir='ltr'>καταλλήλαις</span> <span class='ocrx_word' id='word_1_880' title='bbox 3557 5687 3793 5774; x_wconf 81' lang='grc' dir='ltr'>βεϐαιῶν</span> 
     </span>
    </p>
   </div>
  </div>
