4062 6308
314 422 416 486 401

1537 428 1929 506 LAUDATIO
1976 425 2196 487 REGIS
2239 422 2494 484 CYPRI.

3594 423 3712 482 402

310 559 403 626 τήν
451 555 754 629 εὐκοσμίαν
795 562 902 612 τῶν
938 556 1142 632 λόγων,
1195 555 1444 620 δικαστὰς
1505 559 1599 631 μὶν
1663 561 1954 630 ἐπιστήσας

2077 559 2341 615 humanis
2373 555 2618 627 negotiis
2650 570 2819 612 suum
2844 554 3106 626 impertit
3154 560 3540 626 concentum;
3594 575 3712 616 non

310 648 421 700 κατ’
471 647 716 714 ἐκλογήο
745 645 891 721 frob:
943 647 1217 722 ἀριστους,
1249 646 1491 722 φύλακας
1531 669 1621 704 και
1651 651 1953 722 προστάτας

310 743 406 802 τῆς
455 734 744 811 ἰσηγορίας
791 756 850 790 τε
895 736 983 790 καὶ
1034 757 1313 809 σονομιας,
1362 737 1435 799 ὡς
1488 742 1565 811 μή
1615 736 1756 814 λάθῃ
1807 737 1956 813 διαρ-

313 826 428 897 ῥυέν
473 826 535 879 τὸ
588 824 862 897 συμφέρον
904 844 917 857 ⁸
971 824 1306 899 ἀγορανόμοι
1353 847 1410 880 τε
1450 826 1540 880 καὶ
1571 827 1836 900 ὀψονόμοι
1868 827 1956 882 καὶ

314 911 641 967 δικασπόλοι
682 911 948 982 διηνεκῶς
978 913 1211 986 περιίασι
1245 914 1338 975 τὰς
1389 915 1587 990 ἀγοράς
1645 915 1732 970 καὶ
1789 921 1960 969 πᾶσαν

311 1004 407 1070 τὴν
439 1009 627 1071 νῆσον,
659 999 849 1076 ἔφοροι
895 1006 1000 1056 τῶν
1049 1001 1223 1056 ὠνίων
1264 1003 1351 1056 καὶ
1383 1003 1648 1076 πράσεων,
1671 1005 1756 1058 καὶ
1794 1025 1958 1082 φρου-

314 1094 398 1164 ροῖ
430 1097 531 1158 τῆς
577 1088 734 1159 δίκης
785 1090 1050 1163 ἀκάματοι
1089 1113 1101 1124 ·
1149 1092 1445 1167 ταξιάρχας
1481 1115 1538 1147 τε
1568 1094 1654 1146 καὶ
1685 1101 1782 1162 τῆς
1816 1092 1963 1148 εὔνο-

316 1181 444 1252 μίας
479 1178 765 1248 διοικητὰς
796 1182 871 1252 μὴ
902 1180 1079 1252 μόνων
1103 1181 1208 1235 τῶν
1243 1179 1521 1254 δημοσίων
1549 1181 1962 1257 πράξεων,ἀλλὰ

311 1269 399 1323 καὶ
431 1269 542 1322 τῶν
577 1267 629 1324 ἐν
661 1275 783 1330 τοῖς
816 1266 1017 1339 δήμοις
1066 1271 1214 1338 ἠθῶν
1262 1271 1352 1325 καὶ
1403 1270 1579 1344 λόγων
1607 1273 1694 1326 καὶ
1726 1273 1962 1345 τρόπων,

315 1359 390 1418 ὼς
423 1358 485 1411 ἂν
540 1357 865 1430 μαραίνηται
905 1359 997 1430 μὲν
1047 1358 1134 1412 καὶ
1175 1359 1284 1431 ἀπῇ
1315 1360 1379 1412 τὰ
1419 1360 1575 1428 κακά,
1610 1359 1707 1414 ὅσα
1736 1363 1832 1429 τὴν
1866 1365 1962 1415 τοῦ

312 1446 552 1519 ψεύδους
582 1447 699 1523 ἔχει
731 1449 1054 1522 προπέτειαν
1089 1450 1174 1502 καὶ
1210 1449 1512 1521 ἐπιορκίαν,
1537 1450 1714 1525 θάλλῃ
1772 1448 1826 1506 δὲ
1873 1450 1962 1506 καὶ

312 1537 446 1608 ἀνθῇ
473 1539 541 1590 τά
571 1536 715 1591 καλά
747 1556 760 1568 ·
797 1538 1065 1608 σεμνότης
1095 1539 1264 1606 ἠθῶν,
1295 1537 1382 1592 καὶ
1421 1537 1602 1615 λόγων
1637 1538 1913 1594 εὐστάθεια
1944 1558 1959 1572 °

315 1647 402 1680 και
453 1623 714 1701 γλώττης
762 1627 1061 1700 εὐσχήμων
1117 1627 1345 1696 ἀλήθεια
1374 1628 1497 1703 περὶ
1538 1632 1708 1683 πᾶσαν
1733 1631 1830 1698 τὴν
1864 1635 1964 1698 νῆ-

315 1737 435 1786 σον,
466 1717 712 1791 καθάπερ
764 1718 896 1787 ἄνθη
948 1719 1065 1771 κατ’
1114 1717 1314 1794 ἀγροὺς
1344 1720 1430 1772 καὶ
1464 1719 1689 1795 ζέφυρος
1719 1717 1769 1773 ἐν
1799 1720 1963 1794 θέρει,

311 1804 585 1880 τέρποντα
637 1805 727 1860 καὶ
775 1810 897 1860 νοῦν
945 1807 1035 1860 καὶ
1079 1805 1245 1884 λόγον
1290 1808 1380 1862 καὶ
1433 1806 1686 1876 α’ίσθησιν
1732 1829 1958 1884 περιφα-

311 1899 439 1959 νῶς.
495 1895 669 1968 Οἶμαι
717 1893 774 1949 δὲ
821 1897 910 1949 καί
961 1894 1187 1950 Πλάτων
1219 1897 1264 1950 εἰ
1312 1906 1524 1971 περιῆν,
1565 1897 1875 1970 ἐμιμήσατό
1907 1920 1965 1953 σε

313 1987 391 2058 ἂν,
424 1987 518 2042 καὶ
582 1987 838 2060 ἠγάπησε
891 1989 990 2056 τὴν
1051 1988 1149 2055 σήν
1176 1989 1398 2056 ταυτηνὶ
1442 1987 1722 2043 πολιτείαν
1756 1987 1968 2060 μᾶλλον

315 2075 348 2144 ἢ
377 2080 484 2145 τήν
535 2075 684 2147 αὐτῷ
734 2077 1189 2147 νομοθετηθεῖσαν
1235 2075 1405 2132 πάλαι
1440 2095 1452 2108 ·
1486 2076 1574 2131 καὶ
1596 2081 1691 2131 τοῦ
1724 2083 1969 2150 συνεχῶς

321 2164 394 2228 εἷς
454 2164 716 2220 Σικελίαν
774 2163 1038 2241 ἂφέμενος
1096 2165 1278 2237 πλεῖν,
1337 2163 1490 2220 ἔπλει
1541 2165 1600 2220 ἂν
1645 2164 1857 2237 μᾶλλον
1891 2167 1968 2229 εἰς

321 2255 544 2330 Κύπρον
576 2250 733 2309 ἕνεκα
765 2257 860 2308 σοῦ
889 2255 977 2310 καὶ
1020 2262 1120 2323 τῆς
1177 2257 1272 2323 σῆς
1317 2253 1595 2317 πολιτείας
1626 2275 1683 2308 τε
1738 2255 1824 2309 καί
1873 2276 1968 2309 νο-

325 2343 582 2418 μοθεσίας
593 2386 607 2401 ,

2070 650 2225 705 enim
2256 647 2604 703 verbotenus
2633 645 2915 700 duntaxat
2944 643 3175 699 virtutis
3208 646 3384 716 hujus
3424 647 3713 703 excellen-

2069 739 2208 794 tiam
2240 753 2436 804 ornas,
2498 736 2694 790 lances
2749 732 2906 789 illius
2953 731 3258 801 nimirum,
3310 740 3366 791 et
3421 737 3713 807 ejusmodi

2074 828 2431 884 trutinarum
2511 839 2804 894 nusquam
2875 821 3252 879 inclinantem
3328 826 3715 884 constantiam

2074 915 2512 978 commendans,
2553 930 2749 968 verum
2785 912 2956 967 etiam
2977 913 3217 983 pulchre
3239 914 3715 971 convenientibus

2074 1005 2396 1062 actionibus
2446 1005 2719 1058 honorem
2783 1002 3103 1056 orationem
3154 1005 3520 1072 comprobes,
3569 1005 3713 1060 dum

2075 1096 2190 1150 aeri
2257 1094 2468 1148 dilectu
2540 1093 2793 1160 optimos
2873 1106 3106 1160 quoque
3179 1091 3363 1147 civilis
3433 1093 3718 1149 libertatis

2076 1186 2335 1255 iurisque
2367 1180 2712 1252 aequalitatis
2742 1180 3007 1234 custodes
3037 1197 3101 1236 ac
3151 1183 3420 1251 praesides
3455 1184 3576 1252 juri
3629 1183 3722 1237 di-

2077 1274 2266 1329 cundo
2301 1272 2562 1344 praﬁcis,
2597 1286 2667 1324 ne
2707 1286 2808 1340 per
2867 1271 3148 1326 incuriam
3201 1271 3442 1327 fortasse
3490 1273 3722 1327 diffluat

2079 1363 2360 1434 paulatim
2401 1361 2699 1433 egregium
2747 1359 3064 1430 publicum,
3115 1368 3233 1416 tum
3286 1362 3484 1418 aediles
3542 1363 3716 1419 etiam

2078 1459 2134 1509 et
2166 1452 2388 1508 macelli
2423 1452 2620 1522 reique
2651 1449 3034 1505 frumentariis
3077 1450 3348 1520 praefecti,
3398 1457 3457 1506 et
3514 1456 3718 1522 prasto-

2079 1559 2170 1599 res
2203 1540 2671 1614 quaesitoresque,
2706 1539 2827 1594 fora
2857 1538 3051 1593 omnia
3081 1553 3432 1612 omnemque
3460 1539 3718 1595 insulam

2081 1638 2354 1703 perpetuo
2386 1629 2624 1694 obeunt,
2673 1627 3181 1682 mercimoniorum
3232 1632 3406 1699 atque
3449 1629 3723 1696 negotia-

2080 1725 2307 1780 tionum
2366 1721 2594 1788 arbitri,
2656 1725 2712 1776 et
2769 1721 3039 1775 indefessi
3083 1721 3330 1790 justitias
3387 1721 3648 1776 vindices
3705 1738 3719 1775 :

2079 1814 2280 1870 adhaic
2356 1813 2630 1867 ordinum
2716 1810 2852 1864 item
2907 1810 3298 1866 moderatores
3346 1810 3609 1880 praeﬁcis,
3669 1818 3724 1865 et

2080 1901 2225 1972 aequi
2259 1918 2323 1956 ac
2362 1900 2556 1955 decori
2609 1902 2922 1965 curatores,
2972 1915 3086 1954 non
3138 1899 3502 1970 publicarum
3551 1901 3720 1954 modo

2080 2007 2268 2047 rerum
2302 1994 2476 2062 atque
2509 1989 2826 2055 actionum,
2859 1989 2957 2044 sed
2993 1988 3049 2042 in
3099 1987 3243 2059 ipsis
3300 1988 3476 2043 etiam
3538 2005 3722 2059 popu-

2077 2079 2150 2134 lis
2180 2079 2614 2134 occurrentium
2647 2076 3020 2131 ali'ectionum
3044 2077 3574 2149 studiorumque,et
3590 2092 3716 2132 ser-

2079 2185 2342 2235 monum,
2376 2171 2432 2224 et
2462 2183 2711 2236 morum,
2746 2183 2954 2238 nempe
2986 2175 3046 2220 ut
3094 2173 3438 2222 evanescant
3487 2169 3718 2238 penitus

2075 2258 2493 2328 exiganturque
2526 2257 2698 2323 mala,
2738 2270 3110 2326 quaecunque
3159 2257 3444 2310 mendacii
3491 2256 3725 2311 temeri-

2074 2351 2253 2402 tatem
2288 2345 2820 2418 pejerationemque
2840 2344 3176 2412 adjunctam
3210 2344 3446 2411 habent,
3484 2345 3719 2415 vigeant

320 2440 514 2490 autem
548 2435 910 2506 ﬂoreantque
951 2437 1146 2490 bona:
1207 2434 1448 2490 honesta
1506 2435 1782 2490 nimirum
1846 2452 2073 2492 morum
2131 2435 2406 2508 gravitas,
2441 2439 2496 2490 et
2554 2435 2843 2489 dictorum
2905 2433 3070 2500 fides,
3129 2449 3194 2487 ac
3254 2435 3606 2500 constantia,
3667 2439 3723 2488 ct

326 2524 530 2579 decora
593 2521 804 2595 lingua
861 2524 1114 2590 veritas;
1165 2523 1342 2594 idque
1397 2540 1499 2594 per
1542 2529 1726 2579 totum
1795 2524 1998 2580 insula
2059 2525 2365 2589 ambitum,
2430 2524 2585 2578 haud
2635 2522 2801 2576 aliter
2858 2539 3033 2593 quam
3089 2521 3147 2577 in
3209 2523 3360 2593 agris
3409 2522 3601 2589 ﬂores,
3663 2524 3721 2578 in

333 2618 515 2668 estate
545 2612 782 2683 zephyri
837 2613 1054 2683 vigent,
1086 2629 1209 2683 quas
1241 2617 1298 2668 et
1335 2613 1552 2679 animo,
1614 2619 1669 2667 et
1727 2614 2118 2678 sermonibus,
2169 2619 2223 2668 et
2283 2613 2554 2669 sensibus
2612 2610 3084 2666 luculentissima
3143 2613 3378 2682 pariunt
3457 2611 3718 2667 oblecta-

335 2709 542 2757 menta.
610 2701 890 2768 Quocirca
943 2708 999 2757 et
1056 2703 1356 2758 Platonem
1417 2703 1709 2774 ipsum,si
1772 2703 1942 2758 hodie
2000 2702 2303 2757 nobiscum
2382 2705 2598 2773 ageret,
2661 2706 2717 2755 te
2775 2701 3160 2764 imitaturum,
3217 2705 3496 2771 tuamque
3552 2700 3720 2755 istam

327 2791 752 2864 rempublicam
783 2791 888 2862 illi,
923 2808 1094 2864 quam
1125 2792 1249 2847 suis
1310 2793 1433 2862 ipse
1494 2792 1718 2863 legibus
1775 2793 1913 2846 olim
1965 2793 2368 2862 descripserat.
2429 2791 2893 2862 antepositurum
2952 2789 3315 2850 crediderim.
3349 2796 3522 2860 atque
3579 2791 3720 2844 adeo

319 2880 418 2937 illa
449 2886 578 2936 tam
613 2881 812 2936 crebra
843 2881 901 2936 in
934 2880 1192 2938 Sicitiam
1227 2882 1442 2937 omisa
1483 2882 1868 2953 navigatione,
1917 2883 2168 2952 Cyprum
2230 2897 2386 2936 nunc
2444 2881 2658 2952 potius,
2715 2884 2818 2935 tua
2871 2885 3102 2950 tuaque
3160 2878 3489 2950 reipublic
3547 2885 3720 2950 atque

315 2970 519 3043 legum
551 2969 873 3042 disciplina
906 2971 1110 3042 gratia,
1144 2970 1484 3042 petiturum.

390 3065 468 3114 I".
502 3063 620 3114 Τῶν
645 3056 711 3127 δὴ
742 3057 1007 3114 τοιούτων
1039 3066 1138 3128 τῆς
1166 3061 1330 3130 νήσου
1365 3061 1565 3128 ταύτης
1621 3057 1823 3132 ἀρετῶν
1879 3057 1970 3113 α’ί-

312 3168 438 3208 τιος
476 3148 569 3220 μὲν
621 3147 705 3218 σὺ,
756 3145 934 3210 α’ίτιος
985 3145 1030 3201 δ’
1061 3150 1096 3217 ἡ
1146 3150 1212 3216 σή
1267 3145 1599 3218 δικαιοσύνη,
1637 3147 1790 3222 βάσις
1822 3168 1970 3222 γενο-

321 3236 463 3308 μένη
513 3235 602 3290 καὶ
661 3237 862 3311 κρηπὶς
926 3237 1016 3290 κὶα
1075 3235 1328 3309 θεμέλιος
1376 3235 1672 3305 ἀκλόνητος
1722 3243 1821 3304 τῆς
1870 3257 1966 3291 κα-

320 3325 431 3394 λῆς
489 3321 809 3398 οἰκοδομίας
876 3327 967 3379 σὺν
1043 3325 1278 3400 ἁρμονίᾳ
1342 3327 1431 3380 καὶ
1505 3327 1716 3399 στάθμη
1783 3327 1966 3399 κρατί-

318 3435 444 3488 στῃ.
503 3419 625 3476 Τοῖς
654 3417 781 3489 Ξγάρ
838 3415 1109 3477 τοιούτοις
1169 3421 1440 3489 χρηστοῖς
1499 3412 1969 3486 συνοικοδομεῖται

318 3505 416 3558 καὶ
480 3502 918 3576 ἐποικοδομεῖται
972 3507 1062 3558 καὶ
1112 3505 1174 3559 τὸ
1225 3505 1511 3579 κράτιστον
1579 3513 1679 3576 τῆς
1755 3507 1969 3579 ἀγάπης

316 3594 416 3647 καὶ
496 3590 583 3647 διὰ
652 3594 828 3663 πάσης
896 3590 1113 3671 ἔρχεται
1199 3600 1296 3662 τῆς
1349 3594 1598 3668 ἐργασίας
1655 3615 1668 3628 ·
1728 3596 1967 3668 καθάπερ

320 3689 536 3758 χρῶμα
591 3688 829 3759 χρυσοῦν
889 3684 1215 3758 ἐπανορθοῦν
1274 3685 1363 3738 καὶ
1421 3684 1583 3755 νὲμον
1633 3684 1967 3761 εὐφροσύνην

320 3777 487 3848 ψυχῇ
515 3795 572 3828 τε
601 3775 690 3829 καὶ
721 3778 936 3846 σώματι
968 3792 982 3805 ’
1089 3773 1302 3846 μᾶλλον
1351 3776 1590 3847 καθάπερ
1640 3798 1722 3838 τις
1770 3773 1966 3846 δεσμὸς

319 3863 701 3938 περισφίγγων
762 3863 851 3917 καὶ
901 3861 1324 3938 συιδαρμολογῶν
1373 3865 1474 3931 τήν
1506 3862 1639 3933 ὅλην
1671 3868 1777 3918 τῶν
1811 3863 1967 3937 εἰρη-

324 3952 510 4024 μένων
542 3953 810 4022 συνθήκην
843 3951 1048 4010 καλῶν.
1083 3952 1238 4008 Ἀνευ
1277 3951 1380 4026 γὰρ
1421 3950 1632 4026 ἂγάπης
1662 3950 1811 4007 οὐδὲν
1860 3956 1969 4008 τῶν

322 4042 544 4110 ἀγαθῶν
593 4040 790 4116 ἀγαθόν
826 4063 838 4074 υ
895 4042 1031 4111 αὕτη
1086 4041 1188 4114 γάρ
1236 4061 1321 4095 σοι
1368 4040 1455 4095 καὶ
1513 4048 1611 4110 τῆς
1663 4039 1976 4121 φιλοξενίας

319 4129 546 4204 γέγονεν
614 4128 760 4185 αῗτία
817 4131 1010 4208 σαφὴς,
1061 4129 1150 4184 καὶ
1207 4130 1421 4184 πάντων
1484 4130 1600 4203 μὲν,
1653 4130 1890 4204 μάλιστα
1922 4129 1970 4186 δ’

321 4220 574 4273 ἁπαντων
628 4224 726 4288 τῆς
784 4224 892 4287 τῷν
951 4219 1329 4297 αῗχμαλώτων
1377 4218 1684 4291 ἐλευθερίας
1718 4240 1732 4253 ·
1775 4221 1966 4276 ὁπόσοι

317 4304 647 4361 πλανῶνται
699 4309 795 4380 μὲν
847 4310 1265 4387 περιᾳερόμενοι
1295 4309 1385 4362 καὶ
1435 4308 1813 4381 περιαγόμενοι
1846 4331 1969 4365 παν-

315 4399 501 4470 ταχοῦ
547 4403 647 4466 τῆς
706 4395 1053 4471 οἰκουμένης,
1106 4396 1195 4452 καὶ
1251 4401 1360 4451 τῶν
1416 4404 1516 4466 τῆς
1575 4396 1966 4472 αῗχμαλωσίας

317 4491 618 4562 πειρῶνται
667 4486 855 4542 δεινῶν
890 4505 903 4520 ο
953 4486 1084 4542 ἐπὰν
1117 4484 1162 4542 δ’
1193 4485 1244 4548 ἐς
1275 4487 1372 4555 τήν
1407 4489 1505 4554 σήν
1535 4485 1831 4561 ἀφίκωνται
1867 4491 1968 4545 Κύ-

317 4598 486 4651 προν,
517 4576 864 4653 ἀφικνοῦνται
896 4573 941 4629 δ’
973 4577 1121 4637 ὅσοις
1157 4573 1215 4629 ἂν
1254 4573 1628 4649 εὐμενέστερον
1678 4575 1963 4652 ὰφθαλμὸν

2155 3059 2247 3115 IlI.
2293 3059 2701 3131 Huiuscemodi
2762 3059 2942 3131 igitur
2971 3057 3178 3113 insulae
3228 3059 3400 3114 istius
3443 3057 3720 3113 virtutum

2080 3165 2260 3205 causa
2287 3153 2410 3205 tute
2441 3165 2523 3215 es,
2557 3152 2611 3204 et
2643 3154 2747 3205 tua
2800 3148 3013 3220 pariter
3053 3147 3308 3218 justitia,
3368 3164 3498 3219 qum
3561 3148 3723 3202 basis

2081 3243 2136 3294 et
2179 3239 2638 3308 fundamentum,
2690 3241 2747 3294 ct
2792 3235 3148 3293 solidissima
3192 3236 3543 3293 substructio
3593 3237 3723 3308 pul-

2080 3326 2354 3383 cherrimi
2399 3327 2647 3391 aediﬁcii,
2707 3331 2816 3389 est,
2869 3343 3002 3381 cum
3052 3326 3262 3383 solerte
3311 3326 3562 3398 partium
3613 3327 3724 3382 dc-

2079 3417 2414 3488 ecriptione,
2439 3417 2774 3488 optimaque
2795 3417 3036 3472 amussi.
3054 3419 3195 3474 Cum
3219 3416 3539 3472 illiusmodi
3562 3418 3717 3474 enim

2080 3507 2390 3562 virtutibus
2418 3523 2534 3562 una
2563 3507 2957 3562 exaedificatur
3000 3523 3065 3562 ac
3097 3509 3524 3579 superstruitur
3571 3525 3717 3579 prae-

2078 3595 2300 3652 clarum
2324 3595 2466 3650 illud
2489 3594 3002 3662 charitatisdccus,
3032 3600 3205 3667 atque
3237 3595 3521 3667 reliquum
3549 3613 3719 3652 omne

2081 3684 2340 3756 pervadit
2371 3702 2514 3755 opus
2547 3702 2560 3740 :
2594 3684 2780 3741 instar
2822 3687 2978 3741 aurci
3028 3685 3260 3753 coloris,
3304 3687 3502 3742 omnia
3553 3690 3716 3743 ador-

2080 3775 2299 3844 nantis,
2332 3774 2645 3847 animoque
2674 3775 2891 3846 pariter
2920 3783 2975 3832 et
3023 3776 3249 3848 corpori
3304 3776 3715 3832 suavissimam

2078 3863 2922 3936 dispensantisjucunditatem
2950 3865 3314 3932 :autverius,
3339 3865 3525 3921 instar
3557 3865 3714 3920 nodi-

2078 3953 2712 4023 cujusdam,virtutum
2743 3969 2954 4014 earum.
3011 3969 3154 4025 quas
3205 3954 3479 4020 diximus,
3529 3959 3715 4009 totum

2078 4041 2529 4112 constringentis
2590 4039 3131 4113 compingentisque
3178 4045 3533 4098 contextum.
3583 4043 3715 4098 Sine

2077 4129 2354 4186 charitate
2383 4131 2539 4186 enim
2572 4130 2854 4186 bonarum
2888 4147 3077 4186 rerum
3103 4130 3263 4187 nulla
3293 4131 3447 4188 bona
3489 4137 3616 4198 est;
3649 4148 3716 4188 ea

2075 4219 2288 4290 quippe
2318 4223 2427 4273 tum
2459 4219 2636 4288 hujus
2658 4218 3071 4290 hospitalitatis
3092 4220 3397 4276 verissima
3417 4221 3522 4276 tibi
3538 4237 3716 4276 causa

2076 4313 2184 4373 est,
2215 4324 2282 4363 ea
2301 4323 2592 4364 concessas
2612 4308 2889 4364 omnibus
2911 4307 3320 4376 libertatis,sed
3345 4311 3610 4366 omnium
3637 4317 3714 4366 ta-

2077 4413 2209 4453 men
2242 4399 2491 4452 maxime
2522 4414 2627 4467 cap
2660 4397 2765 4452 ivis
2796 4413 2976 4454 causa
3014 4403 3121 4466 est,
3155 4399 3253 4470 qui
3280 4399 3429 4455 ultro
3452 4401 3714 4470 citroque

2077 4503 2179 4559 per
2193 4486 2390 4543 orbem
2420 4486 2749 4542 universum
2764 4489 2891 4557 vagi
2910 4504 2974 4541 ac
2999 4487 3258 4557 palantes
3280 4488 3601 4545 circumlati
3625 4506 3712 4543 ac-

2074 4576 2330 4647 tique,et
2359 4575 2685 4630 durissimae
2716 4576 3009 4631 servitutis
3053 4576 3389 4632 devorantes
3423 4577 3708 4642 miserias,

318 4652 741 4739 EmGa’lnrOsbc,
773 4664 926 4729 εὐθὺς
967 4666 1056 4720 καὶ
1120 4659 1428 4738 μεταϐολὴν
1484 4666 1652 4739 ὁρῶσι
1707 4665 1842 4738 βίου,
1873 4668 1962 4721 καὶ

2077 4664 2421 4735 quandoque
2444 4663 2764 4734 inCyprum
2788 4669 2944 4719 tuam
2973 4665 3232 4731 veniunt;
3264 4666 3506 4720 veniunt
3527 4672 3713 4721 autem

317 4755 619 4830 δυστυχίας
691 4753 1032 4829 ἀπαλλαγὴν,
1101 4754 1339 4829 καθάπερ
1422 4751 1625 4828 λέπρας
1703 4755 1960 4828 κάθαρσιν

315 4849 868 4921 θαυματουργοῦντος
898 4846 1132 4920 Χριστοῦ
1182 4865 1196 4878 ο
1247 4843 1323 4907 ὡς
1379 4844 1618 4920 γίνεσθαι
1659 4842 1962 4920 παράδοξον

315 4937 523 5010 τρόπον
554 4935 650 5004 τήν
679 4933 907 5009 ἀπορίαν
938 4933 1191 5007 εὐπορίας
1237 4932 1468 5005 μητέρα,
1498 4932 1588 4986 καὶ
1632 4935 1731 5003 τὴν
1777 4931 1961 4989 ’δυστυ-

318 5025 449 5101 χίαν
478 5021 826 5098 εὐδαιμονίας
854 5024 1058 5098 πηγήν.
1089 5022 1228 5078 Ὅσα
1256 5021 1357 5096 γάρ
1386 5018 1799 5095 αἰχμαλωσίαις
1837 5019 1963 5078 ἕπε-

314 5135 406 5169 ται
439 5110 606 5182 δεινὰ,
637 5112 728 5166 καὶ
769 5113 854 5171 οἷς
901 5111 1203 5185 ἐπαρῶνται
1244 5110 1438 5172 πάντες
1483 5110 1574 5164 καὶ
1627 5110 1961 5185 ἆπεύχονται

321 5205 398 5276 μή
433 5205 644 5277 τυχεῖν,
676 5200 848 5254 πάντα
903 5203 1069 5255 ταῦτα
1111 5198 1186 5260 εἷς
1235 5199 1406 5274 εὐχῆς
1449 5200 1824 5272 μετενήνεκται
1858 5199 1961 5270 λῆ-

316 5296 394 5366 ξιν
458 5293 667 5360 αὐτοῖς,
727 5290 916 5344 ὁπόσοι
973 5295 1074 5357 τῆς
1104 5294 1202 5357 σῆς
1259 5287 1604 5362 πεπείρανται
1654 5290 1840 5358 νήσου,
1873 5289 1962 5344 καὶ

316 5387 432 5442 οτῖς
482 5386 600 5441 σοῖς
654 5379 960 5457 προσέσχον
1009 5379 1110 5446 τήν
1150 5377 1378 5452 γνώμην
1423 5382 1711 5450 χρηστοῖς.
1746 5377 1820 5434 Οὐ
1860 5379 1963 5454 γάρ

313 5467 427 5526 ἔστι
449 5469 624 5547 χέγειν
659 5470 734 5530 ὡς
764 5469 791 5522 ὁ
819 5471 918 5538 τῆς
946 5469 1123 5542 τύχης
1155 5464 1341 5540 ἔρριψε
1377 5459 1542 5527 κύϐος
1588 5466 1774 5521 αὐτόθι
1805 5473 1961 5543 σφᾶς,

316 5558 429 5615 οὐδ’
462 5559 545 5615 ὅτι
576 5556 760 5630 ἄδηλα
781 5557 930 5637 φύων
963 5558 1166 5633 χρόνος
1204 5552 1367 5626 ἔδειξε
1403 5559 1563 5610 τοῦτο
1603 5561 1720 5620 τοῖς
1768 5556 1964 5613 ταλαι-

316 5651 527 5725 πώροις
557 5648 745 5704 καινόν
777 5667 790 5680 ·
817 5646 943 5702 ἄλλ’
973 5648 1008 5716 ἡ
1041 5644 1225 5708 καλῶς
1254 5665 1313 5699 τε
1350 5644 1443 5698 καὶ
1475 5644 1712 5717 εὐμενῶς
1763 5646 1964 5703 ἄνωθεν

320 5737 508 5803 αὐτοῖς
541 5734 847 5798 διατεθεῖσα
877 5735 994 5792 θεία
1021 5734 1248 5811 πρόνοια
1275 5729 1459 5795 καλῶς
1489 5734 1574 5788 καὶ
1622 5734 1836 5798 τούτοις
1887 5736 1962 5801 εἷς

2069 4759 2357 4824 quotquot
2405 4752 2743 4824 benigniore
2798 4753 2950 4810 Deus
3005 4753 3168 4810 oculo
3225 4753 3483 4824 recpicit,
3533 4756 3709 4809 simul

2071 4847 2247 4901 etiam
2283 4847 2524 4900 tortunai
2567 4860 2683 4900 suis
2744 4845 3123 4902 mutationem
3171 4846 3386 4912 vident,
3438 4862 3708 4901 erumnas

2071 4951 2184 5006 que
2213 4934 2405 4990 omnis
2432 4935 2834 5006 depulsionem
2869 4953 2882 4990 :
2917 4935 3085 5007 quasi
3127 4937 3489 5007 repentinam
3537 4935 3710 5006 lepra.-

2071 5022 2495 5096 purgationem,
2557 5022 2783 5080 Christo
2846 5023 3127 5079 miracula
3185 5031 3471 5094 patrante,
3517 5025 3600 5079 ita
3647 5030 3714 5080 ut

2072 5129 2219 5168 novo
2250 5116 2308 5167 et
2335 5112 2595 5168 inaudito
2641 5113 2896 5184 Quodam
2950 5114 3119 5168 modo
3171 5120 3356 5168 mater
3401 5112 3710 5186 opulentia;

2069 5201 2287 5273 inopia,
2311 5207 2367 5255 et
2399 5201 2688 5257 felicitatis
2741 5203 2869 5258 fons
2917 5203 3157 5258 exsistat
3203 5203 3524 5259 calamitas.
3575 5206 3709 5270 Quae

2073 5292 2227 5346 enim
2260 5307 2483 5361 cunque
2514 5292 2871 5362 captivorum
2904 5291 3294 5347 conditionem
3333 5293 3710 5349 circumstam

2074 5380 2244 5448 mala,
2313 5397 2554 5451 quinque
2620 5380 3034 5436 abominantur
3097 5397 3318 5448 omnes,
3365 5387 3423 5438 et
3471 5399 3544 5439 ne
3591 5383 3710 5439 ullo

2071 5477 2330 5540 tempore
2360 5469 2467 5524 sibi
2502 5468 2768 5524 accidant
2796 5475 3012 5540 optant,
3076 5471 3196 5526 hac
3236 5473 3433 5527 omnia
3489 5473 3548 5527 in
3598 5473 3711 5528 voti

2072 5562 2285 5614 sortem
2316 5558 2611 5626 omnibus,
2653 5559 2754 5629 qui
2788 5558 3038 5615 insulam
3091 5565 3249 5617 tuam
3307 5570 3441 5617 sunt
3489 5562 3708 5634 experti

2072 5652 2128 5702 et
2157 5649 2226 5702 ad
2259 5647 2624 5704 clementiam
2659 5655 2817 5702 tuam
2877 5664 2942 5705 ac
2997 5649 3169 5706 fidem
3228 5651 3490 5707 animum
3540 5666 3709 5708 suum

2073 5737 2426 5810 applicuere,
2456 5736 2738 5794 translata
2767 5745 2925 5795 sunt.
2956 5738 3150 5813 Neque
3182 5740 3338 5798 enim
3379 5744 3529 5796 recte
3557 5741 3686 5796 dixe
