4062 6308
305 401 423 464 403
1606 397 1909 458 THEODI

2097 397 2215 458 [ΟΝ
2222 397 2405 459 ACHI
3590 393 3701 455 ωι.

304 531 388 589 ris
462 549 618 591 oecu
665 533 921 606 quadam
969 532 1214 589 fortuna
1263 531 1388 588 alca
1472 531 1623 587 istuc
1653 531 1908 602 conjecto

2103 533 2158 600 ἧν
2192 531 2290 598 σήν
2339 530 2678 605 ἐπικράτειαν
2726 527 2973 603 ἤνεγκεν,
3003 528 3078 590 ὡς
3109 530 3436 593 καταστῆναι
3468 528 3532 584 τὸ
3571 527 3707 582 πάνυ

305 623 511 690 fuisse,
564 639 754 695 neque
808 622 1030 679 Occulta
1072 629 1282 694 tempus
1339 622 1480 693 quod
1543 621 1699 691 parit
1748 620 1909 693 (Sept

2103 642 2146 676 οι
2179 620 2422 696 χαλεπὸν
2449 627 2548 688 τῆς
2580 619 2965 694 αῗχμαλωσίας
2999 617 3166 674 δεινὸν
3209 617 3471 691 εὐθυμίας
3504 617 3707 692 ἀρχὴν,

308 708 542 768 Αἴαντι
570 715 719 785 652),
754 729 968 769 novum
1002 714 1110 768 hoc
1142 712 1370 768 miseris
1400 712 1730 784 ‘protulisse
1770 711 1912 766 mira

2102 714 2150 767 αἱ
2194 718 2416 788 πρᾶγμα
2465 712 2632 788 ῥᾷστα
2670 713 2855 766 πεῖθον
2907 713 2982 784 μὴ
3025 710 3360 764 παντάπασιν
3391 708 3706 783 ἐπαρᾶσθαι.

309 802 532 872 culum,
577 805 678 860 sed
722 802 977 858 divinam
1024 803 1194 874 plane
1242 802 1684 874 providentiam,
1726 802 1913 856 dudur

2104 801 2206 857 λλά
2254 823 2370 864 πως
2422 803 2507 856 καὶ
2576 799 2918 879 εὔχαριστεῖν
2975 805 3094 862 τοῖς
3161 801 3259 868 τήν
3319 797 3708 877 αῗχμαλωσίαν

309 891 455 964 ipsis
478 894 764 949 faventem
799 909 864 947 ac
907 891 1237 963 propitiam,
1269 896 1421 948 recte
1449 892 1507 946 in
1555 895 1723 946 tuum
1774 890 1913 946 etiat

2101 895 2393 966 παγαγοῦσι
2440 892 2539 958 τὴν
2591 891 2815 964 πρώτην
2872 891 2990 944 κατ’
3055 887 3248 944 «ista».
3301 886 3458 945 Οὕτω
3507 889 3705 947 πάντας

310 983 472 1054 ipsos
518 982 830 1036 deduxisse
878 997 1144 1051 regnum,
1199 984 1264 1036 ut
1311 980 1455 1034 adeo
1505 980 1914 1036 acerbissimur

2105 985 2180 1040 κῖς
2230 979 2448 1053 ἀγαθαῖς
2491 999 2585 1033 σου
2635 977 2979 1050 κατέπληξας
3025 981 3261 1056 φήμαις,
3295 977 3384 1032 καὶ
3427 976 3560 1052 πρὸς
3583 975 3709 1037 τοὺς

310 1069 658 1141 captivitatis
717 1067 937 1123 malum
997 1068 1230 1124 initium
1291 1068 1589 1139 quoddam
1639 1068 1851 1124 laetitias
1885 1068 1914 1122 ii

2104 1069 2188 1128 οὺς
2249 1065 2451 1141 ἔρωτας
2511 1066 2664 1140 ἄγεις
2717 1064 2914 1142 ῥᾳδίως
2963 1067 3052 1121 καὶ
3095 1065 3400 1142 πόρῥωθεν,
3443 1067 3560 1120 ὅσοι
3598 1069 3708 1117 τῶν

312 1160 534 1228 evadat,
593 1162 648 1214 et
704 1159 994 1228 ejusmodi
1078 1158 1382 1229 quiddam,
1451 1158 1605 1226 quod
1683 1157 1916 1212 facillim

2108 1156 2384 1212 ιλοκάλων
2402 1156 2492 1211 καὶ
2521 1155 2825 1232 φιλάρέτων
2850 1155 2974 1225 εἶσὶ,
3005 1155 3096 1210 καὶ
3129 1154 3368 1210 δσοιτῶν
3389 1153 3586 1227 λογίων
3620 1154 3711 1208 καὶ

311 1249 428 1306 illis
458 1249 819 1320 persuadeat,
852 1266 924 1305 ne
964 1249 1106 1305 diris
1153 1251 1393 1305 omnino
1437 1249 1915 1320 imprecationibu

2107 1251 2269 1319 οφῶν,
2320 1244 2614 1308 ἀκούοντας
2669 1247 2808 1320 πρὸς
2863 1251 2971 1300 τῶν
3022 1245 3243 1300 αὐτόθεν
3297 1245 3377 1298 ἀεὶ
3424 1243 3711 1318 καταιρόν›-

310 1340 496 1410 capita
532 1354 732 1395 eorum
780 1339 1059 1409 deﬁgunt,
1107 1339 1227 1394 imo
1277 1339 1472 1411 potius
1516 1339 1763 1410 gratiam
1808 1355 1914 1410 quo

2110 1357 2175 1390 ων
2205 1333 2390 1391 ἐνθάδε
2419 1337 2508 1390 καὶ
2550 1333 2929 1411 διηγουμένων
2962 1334 3128 1389 ταῦτά
3147 1355 3204 1388 τε
3231 1333 3322 1388 καὶ
3373 1331 3547 1388 πλείω
3584 1332 3714 1387 τού-

311 1428 621 1484 dammodo
653 1428 723 1482 iis
754 1427 1023 1495 habeant,
1066 1429 1165 1499 qui
1198 1428 1598 1499 captivitatem
1648 1428 1795 1500 ipsis
1844 1443 1915 1498 pr

2113 1448 2173 1480 ,ον
2201 1442 2216 1456 ⁹
2248 1427 2338 1480 καὶ
2375 1425 2610 1498 μάλιστα
2633 1425 2872 1493 πάντων,
2905 1423 2990 1479 ὅτι
3021 1424 3126 1479 κάκ
3154 1430 3254 1492 τῆς
3284 1423 3406 1486 θέας
3449 1423 3619 1491 αὐτῆς
3660 1418 3717 1475 δέ

313 1533 474 1574 mum
523 1517 870 1589 imposuere.
929 1520 994 1573 In
1052 1522 1284 1574 tantum
1341 1523 1401 1572 tu
1454 1523 1604 1574 certe
1684 1534 1917 1589 prosper

2113 1509 2195 1570 sic:
2227 1514 2315 1569 καθ
2346 1521 2445 1584 τῆς
2477 1520 2586 1569 τῶν
2637 1513 2811 1588 ἅψεων
2865 1515 3094 1588 χάριτος
3146 1512 3296 1582 ἥκειν
3333 1511 3490 1574 εὐθὺς
3534 1509 3717 1587 ὥσπερ

314 1605 570 1664 nominis
612 1607 699 1660 tui
730 1624 762 1662 o
795 1609 950 1661 fama
992 1623 1198 1662 omnes
1229 1607 1685 1679 obstupefecisti,
1717 1612 1772 1664 et
1801 1607 1918 1662 facil

2116 1604 2469 1678 (γοητεύοντα
2512 1609 2631 1664 ταῖς
2669 1607 2777 1658 τῶν
2825 1604 3079 1678 ὁρώντων
3132 1607 3330 1677 κυχαῖς
3399 1599 3569 1676 χαράν
3621 1601 3720 1654 τιν’

313 1697 488 1754 etiam
512 1712 584 1751 en
606 1695 920 1768 longinquo
965 1695 1265 1752 intervallo
1307 1697 1376 1751 ad
1429 1702 1486 1752 te
1560 1697 1917 1752 adamandur

2114 1691 2404 1769 πόῤῥητον,
2436 1694 2524 1748 καὶ
2558 1693 2688 1769 ὅπερ
2721 1692 2808 1748 ἐπὶ
2837 1697 2945 1747 τῶν
2995 1691 3243 1762 ἡλιακῶν
3288 1688 3460 1746 τῶνδε
3489 1690 3718 1745 ἀκτίνων

313 1785 609 1858 perpellis,
697 1788 982 1856 quotquot
1065 1802 1133 1841 ex
1212 1786 1532 1842 honestatis
1608 1786 1917 1858 virtutisqu

1845 1803 1957 1858 quo
1990 1771 2034 1834 Β
2059 1790 2157 1852 τῆς
2188 1780 2436 1857 οὒρανίας
2465 1779 2755 1854 λαμπάδος
2784 1782 3108 1856 γιγνόμενον
3146 1776 3447 1856 βλέπομεν.

321 1875 669 1944 amantium,
731 1891 997 1944 numero,
1082 1881 1364 1945 quotquot
1426 1875 1562 1931 item
1643 1893 1713 1931 ex
1769 1877 2129 1932 eruditorum
2188 1881 2361 1946 atque
2420 1873 2770 1945 sapientium
2828 1881 2982 1928 sunt.
3044 1873 3201 1936 Quod
3256 1871 3379 1927 haec
3437 1871 3718 1927 nimirum

313 1969 373 2021 et
427 1963 518 2018 his
577 1963 751 2018 etiam
812 1963 980 2035 plura
1063 1969 1239 2035 atque
1324 1952 1567 2036 majora,
1639 1965 1712 2021 ab
1797 1965 1871 2020 iis
1922 1964 2024 2036 qui
2081 1964 2194 2019 huc
2267 1962 2532 2034 quotidie
2591 1961 2721 2018 istis
2780 1977 2847 2018 ex
2901 1961 3046 2017 locis
3116 1962 3425 2030 ventitant,
3466 1975 3719 2016 comme-

315 2051 528 2108 morari
550 2052 820 2118 audiunt,
853 2057 908 2107 et
964 2054 1309 2123 pressertim,
1369 2055 1541 2124 quod,
1593 2070 1661 2109 ex
1716 2052 1843 2126 ipso
1904 2054 2170 2124 protinus
2244 2055 2505 2124 aspectu,
2563 2051 2976 2122 luminumque
3031 2054 3267 2106 tuorum
3328 2051 3533 2122 gratia,
3581 2053 3720 2104 tan—

315 2157 491 2213 quam
525 2141 752 2212 magica
782 2139 1106 2197 carminum
1153 2142 1230 2211 vi,
1291 2158 1566 2197 arcanum
1625 2143 1933 2213 quemdam
1990 2141 2302 2197 hilaritatis
2361 2157 2622 2207 ensum,
2679 2140 2895 2195 animis
2955 2139 3269 2196 visentium
3320 2144 3376 2195 te
3431 2138 3720 2196 insertum

314 2230 511 2287 venire
542 2230 729 2298 aiunt,
763 2238 820 2287 et
849 2231 906 2286 id
941 2231 1114 2303 plane
1141 2230 1357 2303 ipsum,
1391 2233 1548 2303 quod
1591 2232 1745 2288 circa
1797 2232 2016 2289 solares
2065 2232 2240 2289 hosce
2271 2232 2512 2288 aetheria
2563 2231 2847 2303 lampadis
2896 2229 3087 2287 radios
3137 2247 3246 2286 usu
3305 2228 3476 2286 nobis
3526 2228 3722 2284 venire

318 2319 613 2377 videmus.

334 2485 3720 2518 Μ

315 2835 318 2840 -
396 2859 426 2888 .
653 2724 2086 2899 ΘΕΟΔΟΥΛΟΥ
2237 2726 3404 2901 ΜΟΝΑΧΟΥ

1943 2973 2099 3028 ΗΤΟΙ

1005 3122 1499 3254 ΘΩΜΑ
1596 3123 1943 3252 ΤΟΥ
2042 3122 2930 3255 ΜΑΓΙΣΤΡΟ
2961 3128 3048 3252 Υ

1663 3379 2383 3478 ΕΠΙΣΤΟΛΑΙ.

989 3739 2024 3907 THEODULI
2140 3739 3070 3908 MONACHI

1276 4179 1914 4304 ΤΗΟΜλἘ
1977 4181 2793 4305 MAGISTRI

1749 4416 2343 4506 EPISTOL/E.

2027 4596 2098 4609 ὼ

521 4726 565 4780 Ι.
599 4723 784 4796 Magno
822 4722 1131 4793 Logothelav
1161 4720 1427 4778 Theodoro
1458 4722 1774 4780 Metochitae.
2003 4728 2046 4793 C

1751 4739 1774 4779 '.
2003 4728 2046 4793 C
2457 4726 2532 4781 A'.
2566 4731 2660 4799 Τῷ
2696 4726 2968 4800 μεγάλῳ
2999 4727 3355 4804 λογοθέτῃ.

403 4815 446 4869 ι.
481 4815 550 4869 At
579 4818 641 4869 tu
674 4829 827 4882 vero,
859 4829 992 4868 cum
1028 4819 1109 4868 tot
1157 4817 1566 4883 tantorumque
1617 4811 1981 4883 negotiorum

2166 4813 2241 4868 A'.
2284 4813 2344 4868 Εἰ
2399 4811 2454 4867 δὲ
2501 4816 2590 4868 καὶ
2639 4813 2873 4871 τοσῶνδε
2922 4818 3256 4891 πραγμάτων
3317 4817 3736 4892 περιῤῥεόμενος

332 4903 774 4958 circumﬂuente
804 4902 998 4966 turba,
1033 4901 1189 4956 haud
1204 4900 1372 4957 aliter
1394 4917 1569 4972 quam
1595 4902 1655 4956 in
1676 4903 1812 4968 otio,
1831 4903 1936 4955 varf

2133 4899 2278 4974 χλῳ,
2313 4899 2478 4956 ἔπειθ’
2497 4900 2676 4978 ὥσπερ
2706 4904 2790 4958 ἐπὶ
2825 4903 2908 4959 ἐπὶ
2936 4904 3146 4981 σχολῆς
3171 4906 3374 4981 λόγους
3407 4906 3737 4982 ἐργάζῃ,καὲ

333 4994 526 5047 omnis
557 4993 785 5063 generis
817 4990 1052 5061 scripta,
1085 5007 1257 5061 eaque
1279 4990 1694 5046 venustissima
1717 4995 1773 5045 et
1796 4990 1937 5061 splen

2140 4988 2478 5054 αντοδαποὺς
2513 4991 2568 5047 δὲ
2623 4995 2846 5056 τούτους
2905 4995 2994 5049 καὶ
3043 4994 3238 5051 κάλλει
3296 4996 3610 5070 λάμποντας
3657 4997 3741 5058 τίς

333 5081 669 5152 didissima,
701 5083 926 5148 condis,
961 5081 1059 5152 qui
1089 5096 1250 5136 esses
1281 5097 1442 5147 sane,
1476 5080 1526 5134 si
1578 5079 1678 5134 tibi
1732 5079 1930 5135 Platon

2135 5103 2155 5133 ν
2197 5080 2337 5149 ἦσθα
2361 5089 2458 5151 τῆς
2494 5080 2788 5146 Πλάτωνος
2822 5085 3036 5163 σχολῆς
3072 5083 3380 5156 ἀπολαύων,
3415 5084 3486 5140 ὦν
3513 5085 3739 5142 Πλάτω-

333 5173 697 5243 contingeret
727 5171 946 5227 otium:
970 5187 1002 5226 ο
1027 5170 1235 5226 aemula
1265 5167 1542 5234 Platonis,
1568 5173 1787 5240 tuoque
1807 5168 1937 5239 ipsit

2136 5189 2188 5231 ος
2223 5172 2458 5242 μιμητὰ,
2492 5171 2579 5225 καὶ
2607 5175 2725 5228 κατ’
2758 5173 2913 5236 αὐτὸς
2949 5176 3138 5229 σαυτὸν
3168 5181 3284 5238 ταῖς
3335 5175 3562 5248 μούσαις
3616 5197 3740 5231 συν-

333 5275 497 5316 more
530 5261 698 5316 unice
731 5275 1034 5317 musarum
1067 5259 1300 5316 cultor?
1328 5262 1462 5331 Quae
1509 5275 1623 5314 non
1675 5274 1741 5312 eo
1793 5262 1937 5312 tame

2133 5279 2170 5312 ιν
2203 5277 2216 5328 ;
2253 5262 2407 5337 Λέγω
2427 5258 2483 5314 δε
2511 5265 2698 5330 ταῦτα,
2734 5262 2840 5338 οὐχ
2871 5264 2951 5318 ὅτι
2987 5269 3098 5326 τοῖς
3126 5262 3312 5341 λόγοις
3363 5268 3454 5317 νῦν
3512 5262 3737 5321 ἔλαττον

337 5349 486 5409 dico.
521 5351 686 5420 quasi
719 5349 994 5405 doctrinm
1027 5348 1527 5420 humanitatisque
1557 5347 1941 5404 laudeinferic

2137 5365 2241 5421 ίεις
2275 5353 2343 5419 τῇ
2377 5346 2466 5402 διὰ
2511 5352 2708 5412 παντὸς
2758 5351 3017 5428 ἀσχολίᾳ,
3050 5353 3124 5414 ὡς
3177 5351 3306 5426 μηδ’
3341 5355 3587 5408 ἀναπνεῖν
3621 5357 3741 5417 οἷός

337 5453 494 5494 nunc
527 5437 632 5502 sis,
682 5453 780 5508 per
829 5437 1173 5509 multijuges
1205 5439 1347 5492 istas
1394 5436 1802 5508 occupationes
1834 5440 1941 5490 tua:

2135 5438 2137 5445 ’
2169 5437 2298 5490 εἶναι
2349 5435 2556 5507 δοκεῖν,
2586 5445 2664 5513 τῷ
2714 5442 2869 5495 πάνθ’
2905 5443 3036 5518 ὑπὲρ
3074 5445 3169 5497 τοῦ
3199 5447 3355 5518 κοινῇ
3387 5441 3739 5499 λυσιτελοῦν-

339 5543 464 5598 quae
499 5527 624 5594 tibi,
656 5526 778 5580 dies
811 5531 1124 5598 noctesque
1163 5527 1461 5582 assiduam
1511 5525 1843 5591 commodis
1868 5526 1943 5580 rei

2136 5547 2186 5588 ος
2221 5527 2340 5580 ὅσαι
2381 5529 2520 5597 ὧραι
2564 5530 2726 5586 πόνον
2769 5533 3032 5608 αἱρεῖσθαι
3063 5553 3076 5566 ·
3115 5530 3230 5588 οὐδ’
3260 5534 3343 5588 ὅτι
3373 5554 3455 5595 τις
3486 5538 3588 5587 νῶν
3622 5539 3740 5588 νῦν-

342 5613 588 5686 publicaa
621 5628 855 5686 operam
889 5613 1144 5678 navanti,
1167 5615 1257 5668 vix
1291 5613 1613 5686 respirandi
1644 5615 1946 5683 potestate:

2135 5637 2289 5687 ντων,
2321 5619 2408 5673 καὶ
2471 5617 2671 5698 λόγους
2731 5622 2861 5678 αὐττ
2918 5628 3078 5679 τοῦτο
3119 5623 3600 5700 προστησαμένων,
3632 5623 3739 5697 ἅμ-

347 5703 678 5777 relinquam
711 5703 899 5762 facere
919 5703 1190 5759 videntur
1222 5721 1234 5759 :
1286 5720 1390 5760 nec
1433 5703 1586 5775 quod
1633 5719 1854 5772 eorum,
1889 5719 1951 5774 qu

2140 5702 2353 5782 ισόητεῖ
2409 5733 2493 5767 σοι
2549 5718 2656 5769 τῶν
2714 5711 2853 5771 ’ἰσων
2890 5735 2902 5749 ⁸
2955 5712 3079 5771 οὐδὲ
3139 5717 3335 5791 μικροῦ
3375 5710 3503 5769 δεῖ·
3537 5713 3742 5781 πάντας
