4062 6308
237 370 346 434 405

1730 373 2150 436 EPISTOLE.

3519 379 3639 440 4m

236 510 328 582 γὰρ
369 505 552 578 δήπου
598 512 777 578 νικᾷς,
809 508 893 562 καὶ
948 507 1091 580 ποιρά
1139 507 1349 560 πάντων
1397 505 1530 582 φέρῃ
1577 507 1639 560 τὸ
1687 527 1876 581 συγκε-

1994 528 2150 568 nunc
2179 519 2335 583 sunt,
2369 518 2425 570 et
2480 515 2620 571 solis
2677 514 3095 585 elegantiarum
3134 515 3458 573 litterarum
3501 522 3634 572 stu—

237 596 515 672 χωρηκὸς,
548 599 758 670 Ἐρμοῦ
789 595 987 672 λογίου
1018 595 1208 663 τύπος,
1242 595 1317 656 ὡς
1348 594 1540 663 εἰπεῖν,
1570 595 1660 648 καὶ
1694 592 1766 648 ὢν
1797 599 1884 649 καὶ

235 684 599 756 καλούμενος,
633 683 762 739 ἀλλ’
810 685 890 738 ὅτι
944 689 1051 737 τῶν
1102 684 1438 757 πραγμάτων
1485 682 1754 748 ἀπόντων,
1793 683 1885 738 λό-

237 796 348 850 γοις
377 776 468 828 τὸν
501 778 628 828 νοῦν
685 774 848 846 μόνον
881 778 1170 847 προσεῖχεν
1201 774 1228 825 ὁ
1279 779 1380 840 τῆς
1423 771 1749 844 οἰκουμένης
1785 771 1886 842 δη-

241 866 521 940 μαγωγός.
558 865 658 919 Καὶ
713 861 888 936 ὄχλος
918 863 1082 933 ἀπῆν,
1117 862 1195 938 ἐφ’
1246 860 1388 916 οὕτω
1419 862 1470 935 γ’
1503 860 1560 915 ἄν
1612 883 1704 934 μοι
1739 861 1889 916 δοκεῖ

237 954 430 1029 σοφίας
465 953 724 1031 ἀφῖχθαι,
758 952 830 1013 ὡς
867 954 942 1024 μή
980 950 1062 1005 ὅτι
1101 953 1249 1018 τοὺς,
1279 951 1494 1005 πώποτ’
1529 948 1888 1023 εὖδοκιμηκό-

235 1064 330 1103 τας
362 1041 681 1115 παρελθεῖν,
714 1039 860 1095 ἀλλά
903 1039 991 1094 καὶ
1024 1045 1140 1100 τοῖς
1172 1038 1392 1114 ὕστερον
1433 1038 1710 1115 ἐσομένοις
1739 1040 1883 1093 ἀπο-

236 1131 450 1186 κλεῖσαι
481 1132 546 1184 τὸ
594 1126 723 1202 μηδ’
756 1129 909 1204 ἐγγύς
946 1149 957 1160 ·
1009 1130 1223 1182 τοσοῦθ’
1256 1127 1540 1204 ὑπεράγεις
1593 1130 1679 1182 καὶ
1714 1128 1884 1189 οὕτως

238 1221 528 1297 ὑπερφυὲς,
564 1219 631 1271 ἶν’
679 1219 852 1280 οὕτως
885 1218 1042 1286 εἷ’πω,
1073 1219 1135 1272 τὸ
1178 1220 1313 1271 κατά
1344 1219 1402 1271 σε
1446 1218 1681 1295 πεφυκός
1719 1239 1730 1250 ⁸
1787 1219 1886 1288 μό-

234 1331 327 1371 νος
359 1313 490 1382 γοῦν
546 1309 619 1362 ὧν
671 1306 810 1380 ἀκοῇ
842 1306 994 1379 ¹ἴσμεν
1044 1305 1335 1376 κάλλιστα,
1366 1305 1456 1359 καὶ
1508 1307 1640 1375 μετὰ
1689 1306 1887 1367 παντὸς

231 1404 330 1453 τοῦ
363 1396 583 1473 ῥᾳδίου,
606 1397 697 1450 καὶ
733 1396 1013 1469 βουλεύεις
1043 1395 1130 1449 καὶ
1165 1395 1414 1469 πράττεις
1442 1397 1528 1449 καὶ
1567 1395 1764 1468 λόγους
1799 1416 1889 1466 με·

231 1489 597 1564 ταχειρίζεις,
629 1487 720 1542 καὶ
767 1487 832 1540 τά
863 1493 961 1555 τῆς
1016 1485 1342 1558 οἰκουμένης
1388 1486 1698 1559 πράγματα,
1749 1488 1887 1558 μήτε

230 1579 364 1640 τοὺς
401 1577 610 1653 λόγους
664 1574 764 1646 ἔξω
809 1577 1146 1650 πραγμάτων
1195 1576 1384 1645 τιθεὶς,
1420 1577 1558 1646 μήτε
1610 1577 1706 1644 τήν
1757 1576 1885 1629 τού-

231 1691 342 1722 των
368 1665 647 1745 ἀσχολίαν
696 1665 879 1742 λόγων
921 1663 1076 1726 ἐκτός
1112 1683 1124 1696 ⁸
1177 1663 1304 1720 ἀλλ’
1339 1662 1480 1736 ὁμοῦ
1523 1664 1692 1719 πάντα
1745 1666 1886 1738 χρή-

236 1779 401 1830 ματα,
434 1757 528 1811 καὶ
562 1757 624 1811 τὸ
675 1755 991 1830 γιγνόμενον
1027 1755 1215 1823 σώζων
1265 1755 1583 1832 ἅπανταχοῦ
1624 1756 1710 1808 καὶ
1765 1751 1889 1808 οὔτε

1994 602 2488 671 diisdedltisunt,
2521 604 2812 676 quispiam
2868 605 2964 674 sit,
2995 607 3094 677 qui
3153 623 3353 677 parem
3407 623 3470 662 se
3530 607 3636 660 tibi

1995 709 2058 746 ac
2081 692 2357 764 aqualem
2393 695 2556 750 ferat.
2579 697 2814 750 Minime
2840 711 3000 751 sane.
3030 695 3227 766 Usque
3270 697 3412 752 adeo
3442 697 3632 752 victor

1994 782 2119 852 ipse
2149 784 2414 838 omnium
2437 801 2518 850 es,
2543 793 2600 840 et
2631 785 2851 841 delatas
2882 785 2986 840 tibi
3015 790 3085 840 ab
3116 785 3394 840 omnibus
3417 787 3640 857 primas

1993 876 2171 926 tenes.
2206 872 2351 928 Vera
2385 874 2661 928 nimirum
2693 875 2954 944 praesidis
2981 874 3331 946 eloquentiae
3361 875 3639 931 Mercurii

1992 961 2232 1031 efﬁgies,
2258 979 2368 1017 uno
2401 963 2591 1028 verbo,
2626 971 2684 1018 et
2713 981 2796 1027 es,
2830 971 2886 1018 et
2917 979 3109 1019 nuncu
3135 965 3311 1035 paris.
3343 965 3449 1019 Sed
3484 965 3640 1036 quod

1993 1053 2237 1106 sublatis
2273 1052 2514 1123 negotiis
2543 1053 2612 1106 ad
2647 1052 2770 1107 sola
2802 1054 3157 1122 Optimarum
3194 1053 3410 1108 artium
3445 1055 3635 1109 studia

1993 1143 2256 1194 animum
2314 1141 2466 1194 haud
2521 1142 2695 1195 dubie
2753 1142 3115 1212 adjungeret,
3158 1141 3495 1197 communis
3542 1142 3639 1198 ille

1990 1229 2146 1284 orbis
2175 1237 2462 1284 terrarum
2494 1233 2608 1283 dua
2639 1246 2703 1283 ac
2737 1231 3062 1285 moderator
3094 1247 3108 1285 :
3143 1235 3318 1300 atque
3349 1235 3414 1286 ut
3444 1231 3632 1286 turbaa

1993 1318 2116 1372 istae
2149 1334 2215 1372 ac
2249 1319 2522 1373 molestiae
2554 1319 2974 1385 abscesserant,
2996 1320 3076 1373 ita
3106 1319 3276 1390 longe
3307 1320 3365 1373 in
3396 1320 3637 1375 erudita

1993 1407 2291 1474 sapientia:
2333 1408 2523 1462 stadio
2573 1424 2983 1478 progressurus
3033 1409 3177 1463 mihi
3209 1407 3539 1463 videretur:
3574 1413 3637 1463 ut

1995 1514 2111 1552 non
2168 1497 2339 1551 modo
2399 1501 2682 1567 quotquot
2729 1496 2800 1552 ad
2847 1496 3250 1552 claritudinem
3301 1498 3640 1553 studiorum

1995 1587 2156 1642 omni
2179 1587 2456 1642 memoria
2486 1601 2815 1656 pervenere,
2849 1587 2972 1655 ipse
3021 1603 3054 1640 a
3096 1592 3257 1657 tergo
3317 1587 3643 1643 relicturus

1995 1680 2172 1744 esset,
2205 1675 2303 1730 sed
2338 1676 2583 1745 posteris
2614 1674 2788 1730 etiam
2823 1676 3038 1728 nostris
3079 1675 3400 1746 propiorem
3449 1676 3521 1730 ad
3583 1692 3646 1732 se

1994 1765 2220 1820 aditum
2254 1765 2704 1819 interclusuros.
2738 1763 2920 1819 Tanto
2957 1763 3102 1819 alios
3159 1763 3464 1820 intervallo
3521 1764 3644 1835 ipse

232 1848 296 1901 τά
322 1847 486 1901 κοινά
538 1839 748 1918 βλάϐος
780 1849 897 1904 τοὶς
949 1843 1155 1919 λόγοις,
1189 1841 1299 1898 οὔτ’
1346 1842 1411 1897 αὖ
1457 1845 1509 1898 oi.
1559 1842 1714 1917 λόγοι
1762 1848 1881 1904 τοῖς

1991 1869 2322 1922 exsuperas,
2359 1853 2622 1924 adeoque
2653 1854 2807 1907 ultra
2836 1857 3057 1907 natura:
3095 1852 3361 1907 humana
3420 1857 3633 1919 metas,

232 1943 440 1997 κοινοῖς
473 1933 708 2007 ἀμέλεια
737 1953 748 1965 ⁸
801 1932 926 1988 ἀλλ’
957 1929 1096 1988 ἔστιν
1145 1932 1472 2009 ἀμφοτέροις
1519 1935 1646 2006 παρ’
1695 1933 1880 1989 ἑκατέ-

237 2049 338 2100 ρων
368 2027 404 2082 a
438 2023 545 2096 δεῖ,
577 2029 685 2080 τῶν
740 2024 833 2096 μὲν
861 2022 1195 2097 πραγμάτων
1248 2019 1337 2077 διὰ
1368 2021 1546 2098 λόγων
1600 2024 1735 2077 κατά
1785 2022 1878 2076 λό-

237 2139 326 2191 γον
357 2122 723 2191 χωρούντων,
755 2117 859 2168 τῶν
895 2109 940 2166 δ’
986 2112 1053 2167 αὖ
1085 2111 1262 2187 λόγων
1309 2109 1694 2186 δοκιμωτέρων
1735 2111 1881 2186 παρὰ

239 2210 328 2274 τήν
381 2212 498 2262 τῶν
549 2205 882 2278 πραγμάτων
935 2209 1125 2277 πεῖραν
1181 2203 1610 2274 καθισταμένων.
1663 2211 1877 2274 Μαρτυ-

244 2301 382 2369 ροῦσι
420 2297 522 2368 μὲν
575 2292 665 2348 οὖν
714 2295 800 2347 οἷς
852 2292 1018 2365 λέγω,
1052 2293 1141 2346 καὶ
1193 2290 1404 2358 πόλεις,
1454 2293 1542 2346 καὶ
1592 2287 1738 2361 ἔθνη,
1787 2293 1877 2346 καὶ

244 2383 410 2456 δῆμος
458 2380 603 2446 ἅπας
663 2383 767 2437 ὑπὸ
814 2385 910 2435 σοῦ
954 2380 1263 2454 σωζόμενος
1309 2381 1399 2435 καὶ
1445 2383 1472 2435 ὁ
1528 2379 1619 2435 διά
1659 2382 1876 2436 πάντων

247 2474 524 2546 στομάτων
558 2471 617 2527 εὖ
667 2471 1018 2525 πεπονθότων
1066 2469 1412 2546 ἐγειρόμενος
1461 2469 1679 2541 κρότος.
1731 2477 1878 2544 Μαρ-

251 2568 385 2633 τυρεῖ
414 2560 472 2616 δὲ
502 2561 597 2616 καὶ
629 2559 663 2614 ἆ
706 2559 1036 2627 καθεκάστην
1072 2560 1146 2619 ὡς
1196 2559 1362 2613 εἰπεῖν
1413 2556 1610 2620 τίκτεις
1661 2553 1877 2633 βιϐλία,

257 2654 509 2724 θαύματος
544 2649 737 2726 πρόσω
769 2651 855 2705 καὶ
887 2654 1005 2710 τοῖς
1037 2669 1094 2704 τε
1125 2651 1243 2703 οὖσι
1282 2654 1397 2710 τοῖς
1437 2670 1494 2703 τε
1526 2648 1880 2724 ἐπιγιγνομέ-

256 2763 353 2803 νοις
393 2741 552 2797 παισὶ
605 2739 853 2815 ῥητόρων
890 2759 904 2771 ·
933 2740 1020 2793 καὶ
1077 2737 1224 2811 μάλα
1255 2759 1316 2814 γε
1347 2738 1400 2793 ἐν
1447 2743 1622 2812 καιρῷ
1667 2743 1744 2808 τῷ
1790 2736 1878 2793 διὰ

249 2833 430 2893 παντὸς
494 2830 650 2899 ἥκειν
705 2828 948 2890 κάλλους
1004 2828 1094 2882 καὶ
1145 2826 1453 2882 τελευταῖον
1510 2827 1633 2898 ὅρον
1694 2825 1874 2898 ὥσπερ

237 2919 377 2976 ταῦτ’
404 2921 547 2974 εἶναι
579 2925 681 2987 τῆς
719 2917 841 2990 περὶ
875 2919 1006 2978 τοὺς
1049 2916 1243 2992 λόγους
1288 2915 1544 2992 βακχείας
1581 2935 1592 2946 ·
1630 2919 1709 2977 οἷς
1741 2913 1877 2981 δῆτα

230 3011 316 3066 καὶ
365 3008 666 3084 χορεύουσι
724 3010 964 3079 μανικῶς
1011 3006 1101 3060 τὸν
1150 3000 1359 3060 ἅπαντα
1407 3005 1630 3079 χρόνον,
1673 3007 1759 3060 καὶ
1810 3005 1876 3060 τὰ

225 3097 450 3173 μεγάλα
481 3098 809 3168 μυήσονται,
843 3098 930 3150 καὶ
963 3096 1428 3169 φιλοτιμήσονται
1459 3095 1672 3154 τούτοις
1724 3091 1874 3148 οὐδὲν

219 3191 394 3257 ἦττον
426 3185 463 3255 ἢ
494 3192 610 3247 τοῖς
663 3185 957 3245 Πλάτωνος
989 3185 1266 3253 Ἀθηναῖοι
1299 3203 1312 3215 ·
1367 3182 1456 3237 καὶ
1486 3183 1546 3238 τὸ
1592 3184 1680 3237 σὸν
1715 3183 1872 3244 κλέος

220 3275 425 3332 οὔποτ’
468 3275 699 3343 ὀλεῖται,
729 3271 874 3328 ἀλλά
921 3273 1006 3327 καὶ
1059 3273 1381 3348 προσεροῦσί
1429 3293 1487 3326 σε
1533 3274 1622 3327 τὸν
1670 3272 1876 3327 τούτων

215 3366 437 3437 πατέρα
493 3367 580 3417 νῦν
646 3363 738 3434 μὲν
803 3366 1019 3433 μουσῶν
1085 3360 1374 3430 Ἑλικῶνα,
1430 3365 1517 3414 νῦν
1584 3357 1640 3414 δὲ
1698 3360 1877 3433 λόγων

216 3455 440 3520 ἑστίαν,
469 3451 560 3506 καὶ
607 3451 931 3526 φιλοσοφίας
981 3450 1226 3521 τέμενος,
1259 3451 1349 3504 καὶ
1399 3450 1694 3523 ῥητορικῆς
1747 3448 1874 3524 ὄφε-

215 3543 358 3612 λος,
389 3543 478 3597 καί
524 3541 814 3614 συμπάσης
863 3537 1044 3610 ἄλλης
1076 3539 1307 3614 λογικῆς
1347 3540 1676 3611 ἐπιστήμης,
1723 3539 1772 3593 εἶ’
1795 3537 1877 3593 δεῖ

218 3634 520 3705 συντόμως
571 3631 739 3686 εἰπεῖν
787 3634 1102 3703 πρυτανεῖον
1139 3649 1151 3661 '
1205 3634 1374 3684 ταῦτα
1425 3630 1528 3705 γὰρ
1578 3627 1645 3696 δὴ
1693 3630 1759 3683 τὰ
1811 3629 1876 3682 σά

217 3723 478 3781 δίδωσι·
529 3725 594 3777 τά
641 3744 696 3778 τε
755 3719 920 3792 ἄλλα,
969 3721 1058 3774 καὶ
1109 3718 1177 3774 δι’
1223 3721 1296 3773 ὧν
1349 3718 1487 3774 ἔστιν
1536 3716 1753 3788 εἰδέναι,
1800 3720 1874 3780 ὡς

153 3803 158 3806 ι
216 3818 343 3889 ἄρα
377 3813 541 3885 μόνος
579 3818 687 3866 τῶν
716 3812 925 3866 πάντων
977 3811 1270 3880 ἀξιώτατος
1307 3809 1552 3879 ἀθλητὴς
1602 3810 1718 3878 εἷής
1765 3815 1872 3863 τῶν

218 3904 523 3974 Ὀλύμπου
578 3903 934 3975 πραγμάτων.
992 3899 1088 3954 Καὶ
1139 3901 1167 3953 ὁ
1222 3899 1313 3962 σὸς
1369 3904 1577 3972 Ἑρμῆς
1637 3900 1738 3954 οὐκ
1786 3897 1874 3953 ἐπὶ

215 4001 344 4070 γῆς
395 3991 557 4063 μόνον
610 3990 889 4065 βακχεύει,
928 3988 1057 4044 ἀλλ’
1102 3987 1206 4062 ἄρα
1252 3989 1341 4043 καὶ
1381 3989 1607 4063 οὐρανὸς
1660 3988 1876 4063 μετέχει

214 4091 338 4152 τῆς
371 4081 533 4136 αὐτοῦ
561 4080 804 4148 τελετῆς.
841 4080 940 4134 Καὶ
971 4083 1062 4132 νύν
1096 4078 1190 4151 μὲν
1225 4082 1403 4153 Ἑρμῇ
1447 4077 1596 4150 μάλα
1623 4084 1701 4149 τῷ
1748 4099 1878 4152 συγ-

214 4175 383 4249 γενεῖ
427 4171 636 4240 ξύνεστι
685 4169 750 4223 τὰ
795 4169 1114 4242 γιγνόμενα,
1164 4166 1253 4222 καὶ
1300 4168 1423 4240 περὶ
1475 4168 1644 4223 αὐτοῦ
1684 4189 1744 4224 τε
1789 4167 1880 4222 καὶ

219 4261 567 4333 συμπάντων
620 4255 808 4314 ἄλλων
865 4257 1128 4331 ἀστέρων,
1193 4254 1402 4332 μεγάλα
1459 4258 1548 4312 καὶ
1631 4258 1873 4335 ὑπερφυῆ

219 4353 326 4408 καὶ
363 4351 633 4421 θαύματος
663 4348 892 4424 κρείττω
943 4345 1100 4401 δίεισι
1135 4365 1148 4378 ⁸
1184 4351 1274 4400 νῦν
1317 4344 1375 4401 δὲ
1420 4346 1766 4422 κοινωφελής
1797 4345 1878 4408 τίς

223 4444 374 4508 ἐστι,
426 4440 514 4494 καὶ
563 4435 846 4510 πάνδημον
904 4437 1120 4512 ἀγαθὸν,
1169 4437 1258 4491 καὶ
1309 4434 1478 4506 δεξιὸς
1532 4437 1879 4510 παραστάτης

223 4530 452 4601 ἑκάστῳ
497 4529 634 4602 πρὸς
682 4527 820 4582 ἅπαν
867 4527 1051 4581 ὁτιοῦν
1101 4525 1164 4580 τὸ
1212 4528 1399 4600 χρείας
1448 4525 1636 4591 ἑστὼς,
1686 4546 1878 4580 παντο-

1993 1949 2057 1997 ut
2086 1944 2172 1999 sic
2211 1944 2424 2010 dicam,
2447 1947 2642 1998 evecta
2671 1942 2894 1997 indoles
2920 1947 3224 2009 tua;unus
3243 1957 3311 1997 ex
3340 1943 3410 1998 iis
3439 1942 3648 2013 igitur.

1991 2050 2139 2106 quos
2165 2036 2278 2088 hac
2306 2038 2469 2104 parte
2499 2032 2778 2087 celebrari
2827 2032 3181 2100 accepimus.
3214 2031 3627 2102 pulcherrime,

1989 2122 2372 2192 omniumque
2411 2120 2707 2188 facillime,
2741 2125 2796 2174 et
2846 2120 3155 2175 consilium
3215 2119 3398 2193 capis,
3431 2129 3486 2177 et
3533 2138 3626 2177 res

1987 2213 2192 2278 efficis,
2223 2218 2282 2267 et
2311 2211 2503 2266 studia
2534 2211 2670 2265 item
2695 2209 3336 2281 litterarum,orbisque
3367 2211 3626 2266 universi

1990 2303 2220 2372 negotia
2249 2306 2486 2365 tractas,
2511 2301 2670 2354 itaut
2700 2315 2884 2370 neque
2913 2298 3136 2354 litteras
3163 2301 3233 2353 ab
3267 2304 3396 2355 actu
3431 2315 3625 2355 rerum

1987 2391 2282 2457 excludas,
2341 2403 2529 2460 neque
2605 2403 2796 2442 rerum
2875 2387 3283 2458 occupationes
3337 2404 3370 2442 a
3419 2387 3625 2443 litteris

1988 2482 2317 2549 disjungas,
2338 2481 2438 2532 sed
2457 2479 2568 2532 ista
2589 2475 2764 2532 simul
2795 2475 2965 2530 obeas
2993 2480 3212 2543 omnia,
3244 2480 3299 2530 et
3320 2477 3399 2530 ita
3430 2476 3622 2543 obeas,

1985 2576 2051 2625 ut
2086 2571 2361 2624 decorum
2393 2566 2451 2621 in
2505 2566 2777 2621 omnibus
2836 2571 3011 2637 atque
3067 2566 3330 2621 ordinem
3384 2566 3620 2621 tuearis.

1985 2664 2344 2729 Quapropter
2366 2673 2470 2712 nec
2504 2656 2708 2711 litteris
2739 2655 3070 2726 reipublicae
3115 2654 3382 2711 tractatio
3421 2655 3621 2725 efﬁcit,

1990 2767 2093 2806 nec
2123 2766 2322 2805 curam
2354 2746 2686 2819 reipublicae
2711 2747 2902 2801 laxant
2925 2745 3318 2816 franguntque
3349 2745 3620 2800 doctrinas

1986 2839 2226 2905 studia;
2259 2854 2460 2893 verum
2489 2835 2653 2892 alteri
2685 2843 3004 2905 opportune
3041 2835 3305 2890 subvenit
3353 2833 3620 2900 alterum,

1985 2929 2222 3000 quando
2243 2932 2300 2981 et
2331 2929 2562 2997 negotia
2603 2925 2834 2994 publica
2862 2923 3154 2994 sapientiae
3189 2923 3395 2978 studiis
3425 2923 3626 2990 adjuta

1987 3025 2201 3073 rectius
2232 3016 2574 3086 feliciusque
2619 3015 2966 3078 succedunt,
3001 3018 3058 3067 et
3098 3012 3219 3066 haec
3270 3013 3400 3082 ipsa
3429 3011 3626 3067 studia

1986 3120 2189 3160 rursus
2214 3119 2321 3158 usu
2355 3105 2713 3172 negotiorum
2745 3105 3108 3170 tractataque
3165 3099 3407 3155 meliora
3455 3110 3626 3170 atque

1985 3194 2262 3249 solidiora
2319 3192 2668 3247 elﬁciuntur.
2728 3188 2956 3245 Nostris
3015 3194 3207 3244 autem
3260 3189 3452 3244 verbis
3491 3205 3622 3244 cum

1985 3286 2162 3338 urbes
2191 3287 2508 3354 gentesque
2567 3279 2968 3334 testimonium
3027 3277 3356 3348 perhibent,
3382 3283 3440 3332 et
3497 3278 3626 3332 uni-

1985 3388 2184 3428 versus
2215 3371 2398 3433 illam,
2424 3369 2525 3440 qui
2558 3385 2722 3423 suam
2755 3367 2860 3421 tibi
2884 3365 3132 3422 salutem
3174 3365 3625 3435 felicitatemque

1985 3463 2172 3526 debet,
2203 3459 2466 3530 pepulus,
2490 3462 2546 3512 et
2576 3457 2675 3527 qui
2700 3472 2796 3526 per
2846 3472 2947 3511 ora
2994 3455 3281 3518 omnium,
3314 3471 3459 3526 quos
3509 3455 3620 3510 tuis

1985 3552 2091 3606 tibi
2134 3549 2496 3606 obstrinxisti
2530 3547 2851 3614 beneﬁciis,
2873 3545 3156 3601 excitatur
3205 3544 3466 3616 plausus,
3498 3548 3622 3599 tum

1986 3641 2140 3696 idem
2171 3639 2342 3694 etiam
2378 3637 2784 3701 testificantur,
2816 3651 2944 3706 quae
2967 3633 3026 3688 in
3057 3634 3319 3706 singulos
3351 3634 3466 3688 fere
3497 3633 3622 3688 dies

1985 3730 2088 3785 tibi
2122 3733 2444 3784 nascuntur
2473 3725 2707 3796 scripta,
2739 3725 3050 3780 maximam
3098 3723 3197 3778 illa
3243 3739 3385 3778 sane
3429 3722 3626 3778 rheto-

1988 3835 2118 3875 rum
2162 3817 2322 3882 ﬁliis,
2365 3816 2462 3887 qui
2507 3830 2663 3869 nunc
2711 3817 2870 3874 sunt.
2903 3813 3002 3883 qui
3051 3812 3299 3883 aliisque
3349 3811 3405 3866 in
3457 3811 3628 3866 annis

1987 3912 2179 3972 erunt,
2233 3904 2526 3961 moventia
2573 3901 3204 3958 admirationem.Jure
3256 3901 3506 3972 profecto
3563 3917 3628 3955 ac

1989 3997 2195 4053 merito
2224 4013 2240 4062 ;
2270 3994 2488 4066 quippe
2517 4009 2645 4063 quas
2677 4007 2778 4062 per
2827 3991 3150 4062 elegantias
3208 4006 3411 4047 omnes
3451 4006 3627 4062 pene-

1989 4091 2166 4152 trant,
2211 4091 2384 4156 atque
2441 4083 2671 4138 oratorii
2724 4082 2968 4154 spiritus
3009 4081 3368 4152 adﬂatusque
3429 4079 3632 4135 ultima

1991 4173 2423 4248 quodammodo
2456 4177 2613 4227 meta
2643 4176 2800 4227 sunt.
2835 4170 3222 4235 Quamobrem
3262 4168 3416 4226 velut
3463 4185 3630 4224 sacro

1991 4266 2247 4336 quodam
2280 4263 2563 4317 instinctu
2584 4261 2832 4332 perculsi
2854 4260 3011 4314 omni
3036 4265 3296 4330 tempore
3320 4259 3379 4312 in
3413 4257 3504 4312 his
3533 4258 3635 4312 tri-

1993 4354 2236 4426 pudiant
2267 4350 2625 4416 scholastici,
2644 4365 2746 4420 per
2760 4349 2878 4403 hmc
2903 4346 3220 4418 majoribus
3241 4345 3633 4400 initiabuntur

1993 4441 2282 4513 mysteriis
2315 4457 2328 4494 :
2367 4441 2458 4494 bis
2488 4455 2603 4495 non
2636 4438 2746 4508 ipsi
2773 4437 2968 4492 minus
2997 4435 3424 4507 gloriabuntur,
3453 4450 3632 4504 quam

1992 4530 2310 4588 Platonicis
2340 4528 2721 4583 Athenienses
2755 4543 2769 4580 :
2809 4527 3070 4596 Vivelque
3100 4535 3257 4579 tuum
3284 4539 3385 4594 per
3430 4523 3634 4578 saecula

224 4615 434 4689 πόρος,
466 4611 668 4688 ἄπορος
719 4612 803 4667 ἐπ’
841 4609 994 4666 οὐδὲν
1041 4611 1338 4686 ἐρχόμενος
1378 4612 1513 4666 κατᾶ
1556 4612 1648 4666 τὸν
1702 4617 1876 4688 Σοφο-

1994 4639 2212 4676 nomen.
2255 4615 2345 4686 (Ιλ
2365 4659 2376 4670 .
2414 4617 2484 4688 β’,
2513 4618 2639 4672 225.
2673 4619 2811 4686 etc.)
2843 4616 2950 4670 Sed
2977 4622 3033 4669 et
3061 4618 3118 4668 te
3138 4613 3492 4683 scriptorum
3525 4609 3628 4664 ho-

225 4704 396 4774 κλέα,
429 4703 555 4759 ἀλλ’
603 4703 706 4758 αἰεὶ
757 4703 1011 4777 κρείττων
1063 4703 1254 4757 ἑαυτοῦ
1303 4700 1648 4775 δεικνύμενος
1684 4722 1697 4735 ·
1753 4702 1878 4756 ὥσθ’

229 4799 262 4852 ’ὁ
297 4795 426 4868 περὶ
457 4793 836 4867 Δημοσθένους
881 4786 983 4871 ἔφη
1014 4813 1118 4857 τις,
1171 4791 1268 4846 οὐκ
1299 4795 1504 4866 Ἑρμοῦ
1554 4789 1749 4868 λογίου
1790 4791 1884 4846 τύ-

228 4906 344 4946 πος
375 4885 450 4944 ὡς
498 4886 646 4956 ἡμᾶς
694 4881 844 4950 ἥκεις
879 4882 1064 4950 αὐτὸς,
1095 4879 1243 4936 ἀλλά
1293 4882 1380 4935 καὶ
1434 4883 1548 4951 μεθ’
1601 4883 1763 4953 ἡμῶν
1814 4878 1887 4934 ὢν

230 4976 349 5030 τῶν
399 4972 721 5046 ἀνθρώπων,
772 4972 858 5025 καὶ
907 4975 1025 5032 ταῖς
1077 4971 1202 5042 περὶ
1251 4975 1358 5025 τῶν
1408 4969 1552 5024 ὅλων
1609 4969 1882 5046 φροντίσιν

233 5062 501 5138 ἀσχόλως
551 5060 891 5138 ἐγκαρτερῶν
940 5055 1032 5114 ἅτε
1077 5065 1185 5114 τῶν
1238 5056 1538 5132 βασιλικῶν
1589 5060 1886 5131 θεσπισμάο

231 5175 352 5210 των
390 5150 549 5224 μόνος
579 5155 660 5220 τῷ
710 5148 825 5204 ὄντι
857 5149 1083 5222 τρίπους
1130 5145 1440 5223 ἀναφανείς.
1469 5148 1544 5202 Σὺ
1594 5144 1640 5201 δ’
1685 5145 1758 5208 ὥς
1803 5169 1886 5208 τις

236 5243 522 5317 ὑπερφυὴς
550 5239 641 5294 καὶ
674 5236 936 5312 μηδαμοῦ
967 5245 1066 5307 τῆς
1095 5244 1194 5311 γῆς
1234 5237 1512 5312 χωρητὸς.
1546 5237 1636 5290 καὶ
1669 5235 1883 5310 ἄφτριυν

237 5330 481 5406 ἰχνεύεις
512 5329 738 5390 πυκινὰς
789 5325 1170 5403 ἀμφιδρόμους
1215 5325 1404 5388 ἕλικας
1455 5326 1545 5380 καὶ
1599 5326 1733 5397 μετά
1779 5331 1886 5379 τῶν

233 5416 374 5492 τῇδε
405 5419 740 5491 πραγμάτων
789 5416 951 5486 ἀξίως
995 5415 1225 5471 ἐπαίνων
1276 5415 1366 5469 καὶ
1416 5414 1569 5468 τάκεῖ
1616 5411 1887 5489 διαφέρεις

241 5507 379 5582 ὑπὲρ
429 5507 554 5566 τοὺς
605 5512 703 5574 τῆς
752 5504 948 5579 τέχνης
1000 5505 1216 5578 εὑρετὰς
1265 5503 1354 5558 καὶ
1399 5503 1726 5576 προστάτας,
1774 5501 1889 5555 ὥσ-

235 5618 342 5670 περ
391 5596 428 5664 ἢ
476 5597 603 5670 παρ’
652 5597 810 5668 ἡμῶν
862 5595 1012 5662 ἥκων
1065 5593 1255 5662 ἐκεῖσε,
1298 5593 1332 5661 ἢ
1386 5594 1511 5664 παρ’
1560 5594 1707 5664 ἡμᾶς
1750 5590 1887 5646 ἐκεῖ·

243 5688 331 5742 θεν
365 5684 464 5739 ἴών
499 5705 510 5716 ·
565 5683 679 5738 ἀνθ’
711 5683 784 5737 ὧν
829 5683 920 5737 καὶ
951 5682 1233 5758 γνωρίζεις
1280 5681 1490 5757 τάῳανῆ
1521 5685 1638 5741 τοῖς
1686 5680 1890 5754 ἀνθρώ-

1996 4729 2194 4767 rumce
2228 4714 2550 4782 parentem,
2579 4707 2744 4761 modo
2768 4704 3096 4759 Heliconem
3116 4702 3438 4766 Musarum,
3456 4699 3626 4754 modo

1993 4801 2229 4855 Vestam
2309 4799 2643 4869 politiorum
2727 4795 3064 4856 litterarum,
3120 4795 3178 4846 et
3245 4787 3628 4859 philosophias

1994 4888 2251 4944 animum
2277 4903 2342 4941 ac
2373 4886 2664 4956 spiritum,
2695 4888 2754 4937 et
2803 4881 2942 4936 artis
2962 4880 3220 4936 oratoriae
3260 4877 3547 4944 columen,
3581 4882 3637 4931 et

1997 4984 2212 5033 caetera:
2268 4975 2526 5031 liberalis
2570 4973 2842 5029 doctrinas
2883 4973 3187 5034 universe,
3213 4972 3276 5022 ut
3322 4967 3498 5022 verbo
3551 4966 3632 5020 di-

1999 5083 2150 5130 cam,
2176 5064 2473 5136 publicum
2505 5068 2871 5135 prytaneum,
2905 5057 3301 5130 appellabunt.
3335 5055 3450 5112 Hos
3473 5058 3630 5111 enim

2000 5154 2240 5210 laudum
2275 5153 2478 5208 titulos
2505 5158 2601 5206 tua
2633 5150 2736 5205 tibi
2769 5150 3034 5204 tribuunt
3073 5148 3301 5210 decora,
3334 5161 3469 5201 cum
3517 5161 3633 5200 cae-

1997 5249 2142 5310 tera,
2170 5249 2292 5297 tum
2326 5242 2428 5296 illa
2466 5241 2526 5295 in
2577 5239 2806 5311 primis,
2830 5237 2984 5292 unde
3016 5250 3194 5290 unum
3239 5240 3295 5289 te
3343 5234 3634 5305 optimum

1996 5333 2534 5404 dignissimumque
2565 5345 2758 5383 rerum
2794 5325 3114 5381 ccclestium
3171 5323 3448 5379 athletam
3507 5339 3636 5379 esse

1997 5427 2242 5476 constat.
2276 5424 2540 5488 Namque
2563 5421 2698 5471 tuus
2728 5415 2838 5470 iste
2872 5412 3211 5478 Mercurius,
3237 5429 3348 5466 non
3391 5411 3450 5465 in
3483 5417 3644 5467 terra‘

1998 5510 2187 5565 solum
2210 5507 2548 5570 bacchatur,
2579 5505 2678 5560 sed
2723 5509 2780 5557 et
2827 5502 3038 5556 coelum
3096 5501 3285 5571 ipsum
3335 5516 3632 5555 sacrorum

1995 5597 2154 5654 illius
2187 5595 2591 5666 mysteriorum
2625 5591 2907 5663 particeps
2937 5594 3025 5646 est
3048 5605 3060 5643 :
3087 5587 3183 5658 qui
3213 5604 3366 5644 nunc
3396 5589 3628 5658 quidem

1996 5687 2247 5743 maxime
2277 5701 2402 5741 cum
2429 5682 2647 5740 caslesti
2681 5681 2780 5736 illo
2812 5678 3118 5746 Mercurio,
3150 5693 3255 5733 suo
3306 5677 3630 5747 propinquo
