4062 6308
457 368 573 429 ιοτ

457 591 758 656 mercium,
778 596 833 644 et
863 589 934 644 de
955 587 1083 660 ipso
1111 586 1450 656 caaterisque
1482 583 1775 640 sideribus
1797 583 2095 654 omnibus,

458 680 735 751 praclara
755 678 1018 750 quaedam
1050 679 1106 732 et
1136 675 1426 742 divina,et
1456 673 1842 730 admiratione
1878 675 2102 744 majora

455 768 690 824 disserit
724 783 920 822 :nunc
975 764 1310 820 communis
1354 764 1508 818 idem
1561 762 1830 817 utilitatis
1878 771 2098 828 auctor,

456 863 514 914 et
535 857 856 914 universale
878 855 1175 927 quoddam
1215 854 1435 910 bonum
1493 857 1617 920 est;
1648 857 1705 907 et
1765 852 2101 922 ubicunque

452 947 916 1018 quandocumque
950 960 1092 999 usus
1125 947 1235 1010 est,
1259 942 1479 998 sodalis
1511 942 1859 1012 adjutorque
1881 942 2107 997 dexter-

457 1037 690 1091 rimus:
759 1034 948 1090 Omni:
1003 1035 1094 1089 cui
1135 1032 1224 1087 via
1279 1033 1469 1103 pervia
1522 1034 1766 1091 est;nec
1820 1039 2103 1087 conantem

455 1123 676 1179 animus
696 1122 914 1187 deserit,
947 1125 1045 1176 aut
1072 1136 1291 1187 manus,
1322 1129 1383 1173 ut
1434 1119 1517 1174 ait
1549 1117 1883 1188 Sophocles.
1916 1119 2102 1190 (Anti-

453 1229 608 1284 gone.
652 1212 801 1282 365.)
857 1211 976 1266 Imo
1023 1225 1159 1266 vero
1218 1207 1576 1280 praestantior
1615 1222 1846 1278 semper
1882 1207 2106 1263 melior-

1757 361 2150 426 THEODULI
2199 363 2549 425 MONACHI

458 505 632 574 atque
662 498 1004 568 necessario,
1033 512 1316 570 perquam
1349 494 1630 552 familiare
1663 499 1888 552 exercet
1935 512 2092 552 com-

2216 514 2354 565 ποις,
2386 495 2473 549 καὶ
2528 493 2817 570 προλέγεις
2861 496 2942 549 ἅτ’
2985 494 3152 565 ἔξεστι
3188 517 3200 528 ·

3733 367 3851 429 408

3250 496 3338 550 καί
3387 497 3448 552 τὸ
3497 495 3702 570 μέλλον
3751 497 3852 553 ὥσ-

2208 602 2309 657 περ
2338 604 2419 644 τις
2473 583 2685 655 μάντις,
2720 585 2794 645 ὡς
2825 585 2992 659 παρὸν
3043 582 3292 659 διεξέρχῃ
3327 607 3338 618 ·
3393 585 3426 640 ἃ
3455 585 3597 647 τίνος
3643 585 3739 641 οὐκ
3769 586 3848 648 ἂν,

2210 672 2391 745 οἶμαι,
2449 671 2866 748 περιφανέστερα
2935 672 3026 727 καὶ
3084 672 3304 728 καλλίω
3375 679 3704 746 κοσμοῦντα,
3764 677 3852 729 καὶ

2209 759 2450 816 πλοῦτον
2509 761 2599 815 καὶ
2659 757 2816 830 δόξαν
2875 761 2966 815 καὶ
3027 759 3336 817 δυναστείαν
3386 764 3474 816 καὶ
3533 763 3705 836 γένος,
3764 765 3852 818 καὶ

2208 852 2307 919 τὴν
2359 849 2482 922 περὶ
2526 850 2620 911 τὰς
2673 850 2768 910 σὰς
2819 849 3005 923 θύρας,
3047 849 3106 904 εἷ’
3149 873 3242 923 μοι
3294 849 3459 912 δίδως
3499 853 3683 920 εἰπεῖν,
3735 853 3852 906 ὅσαι

2210 941 2351 1014 ὧραι
2406 946 2508 1008 τῆς
2568 938 2899 1012 οἰκουμένης
2953 940 3215 1018 φατρίαν;
3277 943 3375 995 Καί
3435 962 3518 996 σοι
3576 943 3737 1016 χάρις
3793 943 3851 996 ἂν

2211 1027 2295 1096 εἴη
2353 1030 2633 1100 θαυμαστή
2691 1050 2773 1090 τις
2831 1028 3142 1105 ἀναφανέντι
3202 1029 3412 1106 φύσεως
3464 1031 3713 1105 χορηγία
3765 1034 3855 1085 καὶ

2213 1114 2506 1191 φιλοτιμία
2534 1117 2822 1188 κοινῆ,καί
2852 1113 3050 1194 ὄφελος
3080 1118 3426 1191 οἰκουμένης,
3458 1120 3545 1173 καὶ
3571 1121 3722 1193 ψυχὴ
3744 1126 3854 1173 τῶν

2211 1208 2550 1280 πραγμάτων
2587 1224 2600 1237 ⁸
2637 1205 2819 1281 ὥσπερ
2849 1209 2915 1276 ἣν
2951 1209 2980 1261 ὁ
3031 1206 3258 1262 Πλάτων
3289 1203 3455 1285 ἔφησε
3503 1213 3603 1262 τοῦ
3636 1209 3855 1271 παντός.

454 1319 567 1374 qua
607 1309 920 1373 semetipso
962 1298 1336 1369 conspicitur.
1389 1303 1510 1352 Non
1557 1301 1616 1352 tu
1639 1297 1836 1369 igitur,
1868 1297 2026 1368 quod
2073 1297 2144 1352 de
2174 1298 2561 1353 Demosthene
2616 1313 2730 1352 non
2792 1314 2962 1354 nemo
2995 1299 3411 1368 pronuntiabat
3441 1299 3768 1370 (Aristides,
3799 1299 3853 1353 ἐν

451 1394 534 1461 τῷ
557 1389 687 1465 ὑπὲρ
714 1393 823 1444 τῶν
853 1389 1147 1460 τεσσάρων.
1180 1392 1224 1442 ι.
1259 1388 1356 1442 III.
1391 1405 1447 1458 p.
1478 1387 1604 1457 511,
1636 1389 1716 1454 Α;
1754 1386 1960 1457 Syne,
1993 1386 2107 1458 epis

2216 1386 2321 1452 .01,
2355 1387 2492 1457 tina)
2512 1386 2773 1458 praesidis
2801 1386 3130 1459 eloquentiae
3161 1389 3417 1445 Mercurii
3445 1391 3628 1461 imago
3656 1395 3733 1448 ad
3760 1407 3860 1448 nos

451 1497 700 1542 veneras,
738 1482 837 1536 sed
878 1484 935 1535 et
979 1480 1088 1536 hoc
1139 1479 1282 1549 ipso.
1334 1493 1446 1549 quo
1491 1480 1646 1532 inter
1693 1493 1798 1531 nos
1847 1475 2115 1532 homines
2144 1476 2264 1546 agis
2295 1481 2574 1546 tempore,
2605 1476 2748 1532 etin
2784 1477 3052 1532 assiduas
3087 1494 3186 1546 pro
3247 1479 3515 1536 universa
3561 1481 3861 1552 republica

453 1589 646 1638 curas,
677 1572 803 1627 sine
861 1569 975 1626 ulla
1029 1569 1490 1636 intermissione,
1537 1566 1854 1633 incumbis,
1886 1566 2103 1637 quippe
2157 1566 2255 1637 qui
2313 1565 2601 1636 regiorum
2641 1565 3008 1621 oraculorum
3065 1567 3252 1638 tripus
3309 1574 3364 1622 at
3413 1569 3645 1626 Cortina
3706 1586 3860 1625 unu

454 1663 750 1720 verissime
781 1661 939 1715 visus
961 1675 1045 1725 es,
1077 1659 1150 1714 ad
1182 1674 1316 1714 eum
1359 1657 1529 1729 plane
1561 1657 1822 1720 modum,
1854 1655 2008 1710 velut
2063 1655 2359 1727 quispiam
2409 1655 2722 1711 humanam
2775 1673 3186 1729 supergressus
3223 1663 3462 1720 ortem,
3510 1676 3699 1732 neque
3739 1661 3860 1716 ullo

449 1754 734 1807 terrarum
764 1749 1028 1804 inclusus
1052 1747 1196 1814 loco,
1228 1751 1285 1801 et
1313 1752 1601 1802 astrorum
1628 1747 1860 1801 [timoris
1897 1747 2088 1800 varias
2117 1744 2491 1816 ancipitesque
2528 1747 2662 1815 vias,
2695 1749 2750 1800 et
2782 1760 2927 1800 unus
2957 1762 3090 1801 cum
3143 1749 3327 1804 nostri
3357 1749 3513 1804 orbis
3587 1751 3861 1822 negotiis,

451 1840 704 1895 omlestia
749 1838 1011 1906 insimul,
1055 1837 1336 1892 laudabili
1378 1836 1673 1890 industria
1695 1835 1978 1902 sustines,
2008 1835 2186 1905 idque
2233 1851 2412 1906 supra
2450 1833 2610 1905 ipsos
2640 1835 3046 1892 astronomica
3097 1837 3242 1892 artis
3291 1844 3614 1910 repertores
3651 1844 3706 1897 et
3756 1858 3863 1897 an-

453 1929 688 1995 tistites,
721 1927 885 1998 quasi
929 1927 979 1981 si
1009 1932 1108 1981 aut
1145 1943 1180 1981 a
1225 1925 1392 1981 nobis
1444 1923 1585 1980 illuc
1635 1924 1884 1979 subinde
1946 1928 2004 1978 te
2047 1923 2356 1994 reciperes,
2390 1937 2491 1977 aut
2539 1924 2650 1979 huc
2684 1923 2821 1979 inde
2871 1926 3198 1981 ventitares.
3257 1927 3640 1991 Quamobrem
3665 1935 3865 2002 patent

455 2019 557 2074 tibi
588 2034 752 2085 sane,
785 2034 913 2088 quae
943 2017 1192 2073 obscura
1220 2015 1416 2086 itaque
1455 2015 1756 2070 inaccessa
1782 2013 1912 2069 aliis
1941 2013 2281 2069 hominibus
2312 2017 2488 2081 sunt;
2531 2017 2587 2069 et
2625 2014 2906 2086 praedicis,
2945 2016 3226 2088 quidquid
3266 2019 3572 2074 enuntiare
3612 2021 3715 2090 ias,
3749 2027 3860 2076 est.

453 2112 512 2163 et
541 2109 695 2178 quod
727 2106 918 2163 adhuc
951 2109 1208 2161 futurum
1240 2110 1343 2172 est,
1375 2112 1653 2175 tanquam
1678 2104 1801 2173 jam
1832 2119 2110 2173 praesens,
2141 2118 2298 2158 more
2329 2103 2470 2158 vatis
2500 2101 2770 2174 alicujus,
2801 2120 3127 2175 percenses.
3161 2107 3296 2171 Qus
3354 2108 3551 2164 omnia
3604 2125 3859 2178 quanam

453 2212 514 2251 re
545 2196 775 2264 eximia,
809 2200 872 2250 ut
902 2195 1170 2261 arbitror,
1206 2211 1320 2250 non
1356 2193 1754 2265 splendidiora
1783 2198 1960 2263 atque
1993 2191 2323 2263 pulchriora
2368 2193 2552 2247 sunt?
2583 2193 2796 2264 quippe
2849 2210 2979 2264 quae
3017 2199 3074 2250 et
3111 2196 3320 2266 Opibus
3362 2197 3496 2262 tuis,
3536 2202 3593 2252 et
3640 2197 3862 2270 gloria,

453 2289 510 2341 et
549 2302 780 2341 summo
819 2286 876 2340 in
947 2284 1250 2357 republica
1314 2284 1564 2356 fastigio,
1631 2287 1689 2337 et
1744 2281 1937 2354 generi
1997 2282 2130 2353 ipsi,
2171 2285 2228 2336 et
2284 2281 2371 2336 illi
2422 2281 2556 2336 item
2626 2283 2724 2353 qui
2765 2283 2913 2339 fores
2971 2288 3123 2353 tuas,
3163 2285 3213 2340 si
3269 2285 3411 2341 mihi
3444 2286 3602 2342 cﬂ'ari
3653 2305 3755 2360 per
3808 2295 3867 2343 te

450 2377 607 2443 licet,
683 2376 840 2432 horis
903 2377 1177 2433 omnibus
1248 2376 1494 2444 obsidet,
1555 2374 1713 2429 orbis
1769 2379 2057 2428 terrarum
2107 2372 2442 2439 conventui,
2503 2373 2800 2443 singulare
2874 2379 3278 2430 ornamentum
3333 2377 3594 2432 afferunt.
3660 2377 3864 2434 Merito

449 2466 645 2538 itaque
685 2466 874 2538 gratia
912 2466 1020 2520 tibi
1074 2467 1341 2532 debetur,
1384 2466 1482 2535 qui
1533 2462 1876 2518 admirabile
1937 2467 1994 2516 et
2048 2461 2422 2533 magniﬁcum
2480 2463 2776 2533 quoddam
2832 2468 3050 2519 naturas
3102 2480 3334 2532 munus,
3365 2469 3423 2520 et
3478 2467 3654 2524 decus
3704 2484 3868 2522 com-

452 2570 650 2623 mune,
691 2561 748 2610 et
793 2555 953 2610 orbis
1019 2555 1202 2610 nostri
1254 2555 1552 2617 columen,
1602 2559 1660 2607 et
1724 2552 1925 2606 anima
1988 2549 2338 2621 reipublicae,
2388 2550 2571 2605 instar
2627 2551 2801 2620 illius,
2845 2568 3022 2623 quam
3071 2553 3322 2608 animam
3379 2557 3627 2611 universi
3701 2557 3864 2613 Plato

451 2644 784 2715 appellabat
814 2643 894 2712 (in
935 2645 1150 2711 Timavo,
1196 2649 1237 2698 t.
1284 2644 1382 2702 IIl,
1422 2644 1492 2696 34-
1537 2643 1591 2712 b)
1636 2641 1806 2696 nobis
1847 2639 2192 2712 apparuisti.

538 2735 610 2788 II.
633 2733 845 2788 Nostra
865 2749 995 2789 vero
1025 2735 1184 2799 urbs,
1208 2749 1384 2804 quam
1422 2739 1510 2800 tu,
1544 2736 1610 2786 ut
1663 2747 1797 2786 cum
1848 2727 2112 2801 IEscbylo
2143 2735 2190 2798 B

375 2849 379 2852 -
451 2821 639 2878 dicam
661 2821 854 2893 (Ἑπτὰ
897 2820 990 2874 ἐπὶ
1057 2816 1288 2889 Θήϐαις,
1324 2822 1499 2891 110);
1568 2822 1703 2876 olim
1759 2820 2108 2874 carissimam

453 2907 1022 2979 habuisti,cujusque
1061 2908 1120 2962 in
1156 2908 1404 2979 gratiam
1444 2905 1673 2960 nullum
1717 2922 1831 2960 non
1863 2904 2109 2959 subeun-

453 2997 596 3051 dum
627 2996 733 3050 tibi
764 2998 994 3052 statueb
1009 3013 1073 3051 as
1100 2995 1385 3060 laborem;
1413 3001 1538 3049 tum
1573 2996 1723 3065 quod
1761 2995 1959 3048 urbem
1984 2993 2108 3062 ipse

449 3085 916 3151 adamares,tum
941 3086 1092 3156 quod
1118 3084 1350 3140 tuisilla
1372 3085 1550 3154 digna
1581 3091 1738 3140 esset
1771 3081 2103 3147 beneﬁciis;

458 3173 582 3229 hinc
614 3175 808 3244 igitur,
842 3176 1008 3242 cujus
1046 3173 1216 3242 longe
1255 3172 1489 3244 lateque
1514 3177 1824 3243 pervagata
1863 3175 1954 3225 est
1983 3169 2108 3239 glo-

462 3262 572 3330 ria,
603 3277 729 3332 quae
752 3266 809 3317 et
830 3266 1114 3334 quotquot
1163 3262 1455 3328 viderunt,
1481 3268 1769 3316 amatores
1829 3259 2106 3314 habebat.

458 3356 516 3406 et
544 3353 644 3422 qui
669 3351 911 3406 necdum
934 3351 1217 3419 viderant,
1239 3349 1345 3405 hos
1377 3350 1498 3404 sola
1533 3349 1787 3403 nominis
1820 3348 1912 3402 sui
1957 3347 2106 3401 fama

461 3439 573 3494 sibi
639 3440 1024 3510 mancipabat,
1082 3456 1210 3510 quas
1281 3440 1421 3493 urbs
1485 3438 1821 3492 Gratiarum
1881 3436 2105 3490 dudum

462 3529 669 3590 fuerat,
703 3545 860 3585 nunc
896 3528 1182 3584 malorum
1213 3527 1476 3583 omnium
1500 3526 1640 3580 urbs
1670 3530 1779 3595 est,
1811 3530 1868 3580 et
1898 3524 2104 3580 horum

463 3618 714 3689 perfecto
764 3617 1088 3687 ejusmodi;
1124 3633 1249 3686 quae
1299 3632 1403 3670 nec
1459 3613 1650 3670 verbis
1682 3614 1950 3686 exprimi,
2002 3628 2107 3668 nec

472 3707 717 3764 auribus
763 3707 946 3778 accipi
994 3711 1229 3778 queant.
1273 3706 1421 3761 Sunt
1463 3720 1530 3759 ea
1577 3704 1732 3760 enim
1782 3708 1839 3759 et
1875 3708 1958 3759 tot
1997 3719 2108 3757 nu-

465 3813 647 3862 mero,
696 3802 754 3851 et
801 3799 964 3850 tanta
1013 3795 1441 3865 magnitudine,
1476 3801 1530 3849 et
1578 3799 1699 3849 tam
1742 3793 1942 3865 gravia
1972 3808 2108 3864 per-

465 3901 662 3956 pessu.
697 3889 758 3940 ut
792 3884 938 3939 nulli
971 3899 1173 3939 corum
1198 3883 1298 3954 qui
1332 3898 1593 3953 unquam
1625 3881 1812 3952 pressi
1866 3880 2105 3936 calami-

465 3974 681 4030 tatibus
715 3973 1031 4044 afnictique
1063 3974 1317 4039 fuerunt,
1346 3976 1410 4026 ut
1454 3986 1697 4026 numero
1737 3971 1847 4025 hoc
1889 3971 2102 4036 dicam,

2293 2729 2362 2783 B'.
2398 2731 2560 2800 Ἡμῖν
2603 2726 2672 2799 ¹δὲ
2728 2731 2762 2797 ἡ
2822 2728 3006 2800 πόλις,
3065 2732 3126 2799 ἢν
3188 2731 3348 2794 αὐτὸς
3404 2735 3520 2787 κατ’
3578 2732 3858 2810 Αἰσχύλον

2215 2815 2385 2871 πάλαι
2445 2816 2738 2895 εὐφιλήταν
2799 2816 2943 2888 ἔθου,
3021 2820 3109 2874 καὶ
3190 2820 3322 2889 ὑπὲρ
3377 2823 3444 2889 ἧς
3516 2821 3688 2876 πάντα
3755 2822 3860 2878 δεῖν

2215 2905 2326 2976 ᾤου
2373 2911 2574 2975 ποιεῖν,
2618 2912 2698 2978 τῷ
2753 2908 2800 2961 τ’
2857 2907 3022 2970 αὐτὸς
3079 2909 3280 2977 ταύτης
3334 2908 3477 2983 ipim,
3518 2915 3599 2982 τῷ
3657 2914 3705 2966 τ’
3763 2914 3855 2966 ἅῧ-

2214 2997 2313 3063 τήν
2370 2993 2425 3049 εὖ
2485 2999 2716 3070 πάσχειν
2777 2997 2924 3066 ἀξίαν
2981 2998 3131 3066 εἶναι,
3194 2999 3328 3068 αὕτη
3387 2999 3565 3053 τοίνυν
3635 3004 3669 3069 ἡ
3726 2998 3846 3070 δόξη

2215 3082 2303 3138 διὰ
2364 3087 2576 3140 πάντων
2635 3087 2816 3153 ἰοῦσα,
2873 3089 2966 3141 καὶ
3041 3091 3166 3148 τοὺς
3247 3091 3341 3160 μὲν
3421 3087 3642 3152 ἰδόντας
3707 3090 3848 3162 ἐρασ-

2214 3172 2307 3232 τὰς
2356 3173 2695 3245 κτησαμένη,
2747 3177 2877 3235 τοὺς
2924 3173 2980 3230 δὲ
3028 3175 3128 3230 οὐκ
3173 3174 3387 3240 ἰδόντας
3436 3176 3484 3248 ἐξ
3537 3180 3640 3250 ἄρα
3690 3181 3852 3250 μόνης

2215 3260 2723 3336 ἀνδραποδισαμένη
2798 3267 2900 3332 τῆς
2972 3267 3184 3341 φήμης,
3243 3265 3417 3320 πάλαι
3489 3266 3654 3328 πόλις
3729 3267 3857 3322 οὖσα

2215 3351 2487 3428 χαρίτων,
2545 3357 2632 3405 νῦν
2688 3352 2849 3414 πόλις
2908 3353 3020 3409 ἐστὶ
3077 3359 3282 3423 κακῶν,
3341 3352 3452 3410 οὔτ’
3519 3354 3654 3410 οῗων
3711 3357 3858 3430 εἰρῆ-

2215 3441 2359 3507 σθαι,
2419 3437 2535 3494 οὔθ’
2611 3439 2745 3495 σ’ίων
2803 3441 2977 3511 ἀκοῆς
3049 3445 3396 3520 γεγενῆσθαι,
3449 3443 3594 3499 ἀλλά
3666 3446 3860 3500 τοσού-

2215 3549 2322 3580 των
2383 3529 2479 3599 μὲν
2535 3530 2597 3582 τὸ
2656 3529 2892 3598 πλῆθος,
2950 3530 3296 3600 τηλικούτων
3365 3530 3422 3587 δὲ
3472 3533 3537 3587 τὸ
3603 3533 3857 3610 μέγεθος,

2215 3616 2357 3670 οὕτω
2417 3615 2474 3670 δὲ
2534 3615 2836 3693 δυσχερῶν,
2895 3619 2969 3682 ὡς
3031 3618 3267 3692 μηδένας
3333 3620 3403 3674 ἃν
3458 3626 3566 3675 τῶν
3630 3623 3858 3677 πώποτε

2215 3701 2720 3780 δεδυστυχηκότων,
2807 3708 2851 3761 εἰ
2931 3705 3011 3762 δεῖ
3089 3709 3306 3784 τάχιστ’
3390 3711 3581 3781 εἰπεῖν,
3657 3709 3858 3788 στέφα-

2213 3816 2300 3847 νον
2380 3798 2539 3868 ἡμῶν
2614 3795 2664 3850 ἐν
2735 3802 2942 3864 κακοῖς,
3004 3797 3146 3852 εἶπεν
3225 3797 3284 3852 ἂν
3359 3801 3496 3872 ἀνὴρ
3575 3801 3855 3875 τραγικὸς,

2211 3883 2548 3957 ἆνθηρῆσθαι
2578 3903 2590 3915 ⁶
2643 3885 2844 3940 ἐνταῦθ’
2894 3887 3103 3960 ἥκομεν
3140 3910 3153 3921 ·
3208 3889 3297 3942 καὶ
3348 3888 3490 3943 οὕτω
3537 3891 3654 3943 καθ’
3693 3892 3856 3962 ἡμῶν

3384 3979 3475 4032 καὶ
3531 3981 3564 4047 ὴ
3619 3980 3853 4052 πρόσθεν

2217 3973 2465 4044 ἐκώμασέ
2520 3995 2602 4037 τις
2649 3973 2858 4048 δαίμων
2919 3975 3018 4030 οὐκ
3074 3978 3276 4052 ἀγαθός
3310 3994 3324 4008 ⁶

465 4071 713 4116 nostram
775 4062 837 4114 in
891 4060 1134 4115 adversis
1201 4075 1458 4116 coronam
1485 4076 1645 4115 suam
1699 4075 1810 4114 esse
1855 4060 2103 4125 mallent,

2217 4065 2336 4118 κατ’
2365 4063 2687 4138 ἀνθρώπους
2736 4065 3081 4138 ἐννομωτςὶτη
3119 4069 3208 4122 καὶ
3259 4065 3574 4138 δικαιοτάτη
3606 4070 3695 4123 καὶ
3752 4091 3860 4124 σω-

466 4153 958 4221 quemadmodnm
1007 4152 1262 4223 tragicus
1318 4153 1605 4222 quispiam
1656 4151 1866 4207 dixerit
1918 4157 2107 4223 posta.

467 4238 548 4293 Eo
569 4254 725 4293 nunc
753 4243 904 4293 certe
927 4254 1032 4293 nos
1063 4238 1353 4292 malorum
1376 4236 1663 4292 venimus.
1697 4236 1896 4307 Itaque
1926 4237 1985 4292 in
2004 4253 2110 4292 nos

467 4327 673 4398 genius
685 4327 919 4397 quidam
935 4326 1175 4382 minime
1190 4325 1874 4383 bonuscomissabundus
1888 4341 2111 4398 grassa-

466 4421 563 4472 tus
585 4416 852 4472 t'uit.Jam
869 4415 2108 4485 illaigitur,omniumconsensione,urbium

466 4505 891 4576 quasincolunt
911 4504 1468 4574 homines,omnium
1492 4504 1737 4559 antehac
1750 4505 2106 4574 aequissima.

466 4602 524 4650 et
565 4593 912 4664 justissima,
952 4599 1010 4650 et
1059 4593 1547 4658 moderatissima,
1599 4599 1656 4648 et
1703 4609 1771 4648 ea
1814 4593 1988 4648 etiam
2048 4610 2109 4648 re

467 4685 755 4750 omnium,
807 4701 936 4754 quas
979 4684 1194 4754 ubique
1240 4690 1398 4749 sunt,
1423 4683 1538 4738 Deo
1581 4683 1984 4750 dilectissime,
2009 4683 2109 4739 illa

472 4790 648 4840 nunc,
683 4775 949 4844 inquam,
1009 4790 1041 4828 o
1099 4772 1208 4842 sol,
1256 4789 1288 4827 o
1342 4772 1533 4840 tellus,
1583 4789 1868 4844 quorem
1917 4772 2106 4829 dicam

468 4863 681 4919 modo?
710 4879 898 4934 quave
930 4861 1180 4918 narrabo
1212 4861 1434 4917 ratione
1453 4862 1481 4916 ?
1510 4877 1746 4932 prorsus
1771 4877 1842 4918 ex
1881 4868 2110 4919 contra-

470 4953 575 5019 rio,
599 4951 988 5019 exsecrabilis,
1039 4956 1096 5006 et
1140 4951 1407 5018 scelesta,
1450 4957 1507 5006 et
1571 4951 1716 5006 diris
1765 4952 1992 5017 devota,
2053 4957 2109 5008 et

469 5042 755 5106 omnium,
790 5048 854 5095 ut
882 5045 1061 5095 verbo
1105 5040 1422 5107 absolvam,
1464 5040 1897 5096 dirissimorum
1931 5047 2109 5112 atque

470 5132 940 5186 tristissimorum
981 5133 1298 5200 certamen,
1330 5128 1524 5185 omnis
1568 5129 1768 5201 ﬂagitii
1806 5138 1860 5184 et
1890 5130 2107 5186 intem-

469 5219 742 5290 perantia:
795 5224 1104 5291 tropeum,
1157 5225 1214 5275 et
1270 5219 1469 5274 omnia
1515 5218 1636 5274 hec
1676 5218 1875 5290 utique
1917 5219 2105 5291 magis

469 5328 646 5384 quam
670 5311 810 5366 urbs
842 5317 950 5366 est.
980 5312 1102 5375 Qua
1132 5314 1200 5367 de
1220 5329 1417 5379 causa,
1452 5327 1606 5366 nunc
1638 5311 1882 5367 invisior
1903 5312 2104 5366 eadem

2220 4152 2548 4229 φρονεστάτη
2612 4153 2849 4224 πόλεων,
2909 4157 2982 4218 ὡς
3053 4159 3281 4220 ἅπαντες
3345 4157 3516 4226 ἳσασι,
3578 4159 3667 4212 καὶ
3743 4165 3856 4214 τῶν

2217 4243 2534 4316 ἀπανταχοῦ
2582 4249 2770 4298 πασῶν
2802 4245 2891 4299 διὰ
2941 4250 3106 4300 ταῦτα
3157 4245 3368 4317 μᾶλλον
3417 4247 3698 4324 θεοφιλὴς,
3741 4252 3856 4318 νῦν,

2217 4329 2345 4398 ἥλιε
2393 4332 2477 4384 καὶ
2539 4339 2634 4407 γῆ,
2686 4337 2801 4396 πῶς
2856 4331 3188 4402 ε’ίπω;πῶς
3250 4332 3546 4408 διεξέλθως
3606 4335 3858 4412 ἐξαίφνης

2218 4424 2318 4474 πᾶν
2371 4421 2680 4474 τούναντίον
2715 4441 2728 4454 ·
2791 4421 3066 4497 ἐξάγιστος
3123 4422 3212 4478 καί
3282 4425 3452 4498 μιαρά
3503 4426 3591 4478 καὶ
3649 4424 3858 4500 ἐπαρα-

2217 4529 2332 4576 τος,
2383 4509 2469 4561 καὶ
2530 4510 2748 4564 πάντων
2798 4511 2874 4572 ὡς
2934 4511 3102 4565 εἰπεῖν
3160 4511 3447 4585 ἀγώνισμα
3499 4518 3608 4566 τῶν
3673 4531 3858 4587 χειρι-

2219 4618 2380 4666 στων,
2413 4599 2589 4668 πάσης
2624 4596 2680 4653 δὲ
2727 4601 2988 4674 τρόπαιον
3031 4601 3289 4674 ἀκρασίας
3321 4621 3334 4632 ·

2221 4685 2430 4757 μᾶλλον
2470 4687 2503 4754 ἢ
2555 4687 2714 4748 πόλις
2749 4708 2761 4720 ·

3386 4602 3558 4656 πάντα
3589 4599 3645 4656 δὲ
3687 4607 3859 4658 ταῦτα

2809 4690 3002 4743 οὐκοῦν
3049 4690 3136 4743 καὶ
3169 4692 3430 4763 θεομισὴς
3473 4692 3530 4746 ἂν
3579 4690 3662 4762 ε’ίη
3717 4695 3858 4764 μᾶλ-

2217 4775 2311 4830 λον
2340 4777 2372 4844 ἢ
2407 4777 2635 4850 πρόσθεν
2670 4779 2954 4854 θεοφιλής,
2990 4780 3078 4833 καί
3119 4787 3218 4848 τῆς
3257 4781 3641 4843 πενταπόλεως
3671 4803 3856 4854 τιμω-

2217 4863 2335 4937 ρίας
2370 4864 2432 4918 οὐ
2464 4864 2651 4939 πόρῥω
2685 4867 2895 4925 θέουσα.
2933 4869 3174 4930 Εἰκότως
3208 4887 3221 4898 ⁸
3274 4871 3476 4942 νόμους
3511 4872 3614 4946 γᾶρ
3662 4868 3727 4940 δὴ
3762 4874 3855 4926 καὶ

2214 4954 2307 5015 τὰς
2364 4954 2560 5009 ἐκεῖθεν
2622 4957 2878 5030 ἀνάγκας,
2937 4959 3021 5012 καί
3082 4959 3144 5012 τὸ
3204 4961 3499 5036 σωφρόνως
3559 4981 3615 5015 τε
3690 4961 3855 5016 πολι-

2215 5043 2408 5113 τεύειν,
2459 5045 2547 5098 καί
2598 5050 2704 5099 τῶν
2747 5046 3030 5123 προγόνων
3081 5047 3267 5116 ἀξίως,
3315 5049 3403 5102 καὶ
3452 5051 3700 5123 πράττειν
3755 5053 3850 5121 μὲν

2217 5131 2248 5184 ἀ
2305 5131 2555 5203 πράττειν
2616 5129 2851 5204 μάλιστα
2919 5133 3096 5206 θέμις,
3158 5140 3335 5206 μισεῖν
3416 5133 3490 5207 δὲ,
3576 5136 3607 5190 ’ἀ
3677 5143 3848 5207 μισεῖν

2217 5217 2384 5290 ἄξιον,
2435 5220 2484 5289 ἐξ
2535 5221 2607 5273 ὧν
2663 5223 2832 5276 πάντα
2881 5222 2947 5276 τα
2993 5224 3252 5297 κράτιστα
3297 5225 3553 5300 γίγνεται,
3608 5223 3718 5279 οὐδ’
3776 5227 3852 5288 εἰς

2213 5312 2337 5360 νῡῦν
2386 5306 2623 5382 ’ἔσχομεν
2661 5328 2671 5338 ·
2724 5309 2849 5365 ἀλλ’
2888 5311 3066 5386 ὥσπερ
3113 5310 3255 5366 ἄλλο
3302 5335 3352 5367 τι
3402 5318 3506 5367 τῶν
3561 5313 3852 5387 ἀπειρημέ-

469 5399 626 5456 haud
658 5400 832 5455 dubie
853 5401 969 5456 Deo
1003 5401 1191 5462 fuerit,
1225 5418 1400 5472 quam
1447 5402 1736 5470 acceptior
1764 5406 1931 5455 antea
1960 5406 2103 5468 erat,

2216 5417 2338 5463 νων,
2380 5396 2469 5449 καὶ
2516 5398 2643 5458 τοὺς
2685 5401 2805 5472 περὶ
2856 5401 3061 5454 τούτων
3113 5399 3414 5478 λογισμοὺς
3459 5401 3852 5476 ἀπεσεισάμεθα

477 5508 582 5546 nec
612 5490 812 5561 procul
843 5509 874 5544 ιι
904 5508 1067 5558 pinna
1096 5495 1338 5564 quinque
1357 5493 1580 5548 urbium
1611 5493 1899 5548 abfutura.
1924 5490 2102 5557 (Gem,

467 5597 583 5649 xix,
645 5581 670 5635 1
730 5596 888 5651 seqq.
933 5596 947 5634 :
1009 5580 1138 5651 Sap.
1188 5598 1245 5652 x,
1274 5582 1355 5652 6.)
1410 5581 1562 5639 Sane
1610 5581 1838 5652 merito,
1869 5581 2104 5651 quando

2215 5485 2455 5555 καθάπαξ
2512 5487 2673 5558 ἡμῶν
2731 5488 2926 5558 αὐτῶν,
2963 5494 3189 5545 τοσοῦτο
3247 5491 3342 5546 τοῦ
3397 5491 3568 5546 καλοῦ
3626 5495 3712 5547 καὶ
3773 5489 3850 5545 δι-

3671 5579 3697 5597 ν

2216 5573 2371 5629 καίου
2429 5576 2745 5649 ποιούμενοι
2807 5578 2994 5655 λόγον,
3047 5579 3186 5636 ὥστε
3244 5581 3334 5636 καὶ
3391 5583 3602 5658 γραφήν
3663 5579 3720 5635 ἄν
3774 5600 3852 5641 τις
