4062 6308
251 401 362 464 409

1738 409 2158 474 EPISTOLE.

3525 406 3647 471 410

253 537 475 594 ἐνταῦθα
523 538 711 618 φύγοι,
740 542 816 612 μὴ
866 542 984 597 κατ’
1030 536 1320 616 εὐρύϐατον
1378 545 1481 612 ζῶν
1512 562 1526 576 ·
1559 542 1732 606 οὕτως
1780 544 1887 601 ἄνω

2010 546 2177 617 leges,
2208 550 2264 602 et
2299 543 2685 602 necessariam
2714 542 2915 616 legum
2962 543 3491 614 cbeervantiam,et
3537 561 3639 599 sa-

253 634 507 702 ποταμῶν
567 630 634 683 τὰ
692 630 973 707 πράγμαθ’
1024 633 1202 705 ἡμῖν’
1252 632 1341 687 καὶ
1397 630 1605 704 τοσῷδε
1651 630 1890 706 μᾶλλον,

252 718 324 779 ὡς
381 716 525 789 μηδὲ
578 716 886 790 προσδοκᾷν
946 718 1142 789 ἐξεῖναι
1199 720 1459 795 τάρχαῖα,
1491 720 1626 776 κατὰ
1673 727 1775 777 πᾶν
1829 722 1893 778 τὸ

252 806 310 861 ἐκ
344 811 441 861 τοῦ
490 807 759 882 παρόντος
808 808 972 871 εἰκός.
1004 810 1279 883 Χαίρομεν
1326 809 1531 879 τοίνυν,
1564 812 1650 871 οἷς
1681 811 1892 886 χαίρειν

251 901 390 952 πᾶσα
445 898 713 973 αἰσχύνη,
760 897 849 953 καὶ
925 900 997 952 ὧν
1064 900 1126 953 τὸ
1197 898 1497 972 μεμνῆσθαι
1580 899 1741 972 μόνον
1819 902 1894 963 εἰς

252 985 380 1062 ἄγος
407 984 565 1042 τελεῖ
587 1007 600 1018 ·
632 987 695 1042 τὸ
730 988 831 1062 γὰρ
862 989 996 1063 πρὸς
1039 986 1325 1058 ἀλλήλους
1353 988 1605 1060 ὠμότητι
1636 991 1896 1063 χρῆσθαι,

250 1076 337 1132 καὶ
397 1079 495 1145 ζῆν
554 1074 824 1153 ἒγγύτατα
872 1081 981 1133 τῶν
1058 1078 1287 1148 θηρίων,
1345 1077 1435 1133 καὶ
1509 1079 1722 1141 στάσεις
1775 1078 1896 1134 ἑκά-

253 1186 407 1220 στοτε
453 1165 547 1220 καὶ
600 1165 829 1236 μελετᾷν
877 1164 967 1221 καὶ
1015 1170 1218 1237 ποιεῖν,
1265 1167 1354 1221 καὶ
1405 1164 1720 1240 διαρπάζειν
1779 1173 1894 1230 τοῖς

249 1253 509 1329 εὐπόροις
589 1256 661 1309 τὰ
744 1254 892 1324 ὄντα,
951 1256 1190 1331 καθάπερ
1250 1257 1537 1331 Ἀθήνῃσιν
1619 1254 1703 1311 ἐπὶ
1787 1260 1894 1311 τῶν

247 1344 569 1416 τριάκοντα,
599 1344 685 1399 καὶ
743 1348 834 1398 νῦν
897 1344 991 1416 μὲν
1048 1343 1431 1418 ἐπιορκοῦντας
1491 1346 1739 1419 ὁρᾶσθαι,
1799 1347 1891 1401 νῦν

253 1430 407 1487 δ’ἐπὶ
438 1438 562 1495 τοῖς
594 1432 778 1493 αὐτοῖς
826 1433 977 1495 αὗθις
1024 1432 1316 1508 ὀμνύντας,
1345 1433 1593 1496 καὶτοὺς
1654 1434 1749 1506 μὲν
1809 1432 1896 1490 ἐπὶ

250 1527 344 1590 τῆς
406 1521 612 1597 ἀγορᾶς
669 1518 1006 1590 κονδυλίζειν
1067 1522 1157 1577 καὶ
1218 1523 1541 1597 συγκόπτειν
1591 1522 1680 1577 καὶ
1720 1523 1895 1578 παίειν

250 1611 333 1665 καί
392 1610 598 1680 ξαίνειν
652 1609 787 1665 κατὰ
832 1612 1009 1666 νώτου
1070 1608 1310 1678 πολλὰς,
1335 1610 1466 1673 τοὺς
1523 1609 1580 1666 δὲ
1629 1612 1718 1665 καὶ
1768 1612 1896 1666 πώ-

253 1718 428 1775 γωνος
482 1695 667 1753 ἕλκειν
725 1695 918 1773 ἄνδρας
972 1693 1113 1752 ἔστιν
1172 1698 1262 1753 ὅτε
1316 1694 1642 1771 πρεσϐύτας,
1675 1700 1763 1752 καὶ
1807 1698 1901 1753 αἶ-

253 1783 354 1848 δὼς
385 1785 605 1856 ἄπεστι,
637 1785 764 1849 τοὺς
791 1784 837 1841 δ’
870 1782 1055 1857 ὕϐρεσι
1086 1784 1331 1855 πλύνειν,
1357 1793 1473 1849 τοῖς
1505 1785 1563 1842 δὲ
1598 1789 1665 1843 τὰ
1695 1786 1899 1866 ἔσχατα

253 1875 534 1932 ἀπειλεῖν·
588 1877 954 1952 νυκτομαχίαι
1003 1897 1060 1931 τε
1102 1877 1364 1950 ἀγεννεῖς,
1414 1878 1502 1931 καὶ
1551 1876 1717 1952 λόχοι
1764 1877 1899 1932 κατᾶ
1933 1914 1976 1978 Β

253 1965 351 2019 τῶν
384 1963 718 2041 ὁμοφύλων,
750 1966 839 2019 καὶ
901 1962 1236 2039 στρατόπεδα
1283 1964 1623 2034 ἀκολάστων,
1655 1967 1744 2021 καὶ
1773 1967 1902 2021 τοί-

255 2072 359 2129 χων
394 2050 685 2129 διορυχαὶ,
732 2054 822 2109 καὶ
880 2053 1105 2121 κλοπαὶ,
1155 2053 1246 2109 καί
1301 2054 1492 2109 οἰκιῶν
1539 2053 1899 2127 καθαιρέσεις,

255 2144 332 2198 καὶ
395 2143 501 2198 ὅσα
564 2142 639 2204 εἰς
692 2146 852 2197 τοῦτο
892 2143 1091 2198 τείνει·
1146 2139 1226 2198 ἔτι
1280 2164 1341 2198 τε
1396 2140 1586 2198 ἄδικον
1641 2148 1770 2218 πῦρ,
1810 2144 1899 2199 καὶ

259 2232 413 2289 λίθων
471 2233 718 2305 ἀφέσεις,
768 2233 858 2287 καὶ
913 2234 1217 2306 τραύματα,
1274 2235 1363 2288 καί
1429 2230 1664 2308 πληγαὶ,
1722 2233 1811 2291 καὶ
1869 2234 1899 2289 ὁ

258 2322 418 2383 πολὺς
469 2322 732 2377 ἑκάστοτε
779 2321 964 2396 φόνος,
995 2323 1059 2378 τό
1103 2342 1163 2377 τε
1211 2319 1301 2377 διὰ
1343 2323 1520 2393 πάσης
1552 2321 1775 2392 ἡλικίας
1804 2344 1895 2378 νο-

263 2410 551 2484 μιζόμενον
611 2410 785 2487 ξίφος,
818 2410 906 2465 καὶ
960 2412 989 2465 ὁ
1046 2411 1407 2484 στεργόμενος
1463 2412 1747 2482 ἀκινάκης,
1783 2414 1900 2487 μεθ’

264 2501 324 2554 ὢν
362 2501 456 2555 καὶ
519 2498 700 2569 ἡδέως
760 2497 1098 2562 καθεύδουσι,
1157 2501 1247 2556 καὶ
1314 2502 1389 2556 ὧν
1457 2498 1580 2557 ἄνευ
1640 2507 1738 2576 ζῇν
1794 2501 1902 2576 οὐχ

272 2589 367 2642 οῖᾶν
418 2610 503 2645 τε.
557 2587 697 2651 Τοὺς
748 2590 851 2664 γάρ
910 2587 1000 2645 ἐπὶ
1060 2593 1197 2662 κακῇ
1261 2590 1427 2664 μοίρᾳ
1482 2593 1583 2658 τῆς
1630 2591 1900 2665 ἡμετέρας

275 2679 348 2732 καὶ
394 2680 605 2756 φύντας
656 2677 747 2732 καὶ
797 2679 1092 2756 τραφέντας
1135 2679 1228 2733 καὶ
1297 2677 1640 2751 αὐξηθέντας,
1691 2680 1782 2734 καὶ

279 2765 470 2842 πατρίδι
504 2769 674 2841 κριοῦ
701 2772 930 2844 τροφεῖα
976 2765 1283 2831 δεδωκότας
1334 2770 1406 2830 ὡς
1456 2767 1646 2842 λόγος,
1675 2767 1901 2831 τούτους

270 2853 318 2924 δὴ
344 2858 477 2917 τοὺς
521 2855 859 2929 Σαλμωνέας
907 2857 1151 2930 ἀτεχνῶς
1194 2858 1285 2912 καὶ
1321 2856 1688 2931 Δυκούργους,
1711 2859 1746 2929 ἢ
1778 2879 1904 2913 και-

258 2950 361 3012 νούς
423 2970 581 3010 τινας
639 2948 889 3024 γίγαντας
944 2949 979 3017 ἢ
1039 2954 1138 3004 τοῦ
1188 2948 1529 3024 Πολυφήμου
1564 2950 1831 3022 μαθητὰς,
1866 2949 1902 3019 ἦ

255 3038 341 3094 οὐκ
389 3035 513 3094 οἷδ’
547 3035 578 3092 ὅ
606 3058 661 3093 τι
715 3036 806 3092 καὶ
854 3038 1045 3114 φαίην,
1099 3034 1224 3093 οὐδὶ
1274 3036 1449 3111 λέγειν
1498 3034 1690 3108 ἔξεστι,
1737 3042 1906 3094 ταῦτα

249 3131 431 3183 τοίνυν
483 3125 576 3183 καὶ
634 3124 810 3182 πλείω
868 3126 1074 3182 τούτων
1132 3125 1390 3198 ἐξώλειαν
1452 3123 1673 3202 ἔχοντα,
1722 3129 1785 3182 τό
1843 3148 1907 3203 γε

251 3218 498 3291 τήμερον
550 3214 704 3285 εἶναι,
753 3214 820 3270 τὰ
865 3215 1076 3271 πάντων
1119 3218 1254 3285 ἡμῖν
1301 3215 1533 3285 ἥδιστα·
1584 3216 1676 3272 καὶ
1723 3214 1906 3271 κινδυ-

249 3308 479 3379 νεύομεν
531 3303 586 3359 ἐν
636 3304 856 3367 τούτοις
898 3301 1263 3378 εὐδαιμονεῖν,
1296 3306 1369 3360 ὧν
1401 3307 1463 3360 τὸ
1506 3307 1744 3378 καθάπαξ
1775 3306 1906 3363 ἀτυ-

250 3401 359 3470 χεῖν
439 3391 764 3466 εὐδαιμονία
821 3395 1032 3470 σαφής·
1092 3393 1232 3465 ὃίξιοι
1294 3396 1391 3467 μὲν
1466 3395 1612 3469 παρᾶ
1694 3396 1905 3452 πάντων

256 3485 540 3557 μισεῖσθαι
597 3487 708 3538 τῶν
767 3486 892 3537 νοῦν
940 3481 1205 3559 ἐχόντων,
1239 3483 1379 3557 ἄξιοι
1430 3481 1486 3539 δὲ
1523 3491 1783 3558 κρημνῶν
1815 3487 1904 3542 καὶ

251 3575 551 3650 βαράθρων
600 3572 691 3629 καὶ
740 3578 977 3646 σεισμῶν
1026 3575 1116 3629 καὶ
1173 3574 1506 3649 χωσμάτων,
1555 3576 1643 3629 καὶ
1685 3579 1794 3630 τῶν
1853 3575 1903 3649 ἒξ

248 3666 492 3741 οὐρανοῦ
522 3664 740 3719 πάντων
779 3662 954 3736 βελῶν
979 3683 991 3697 ·
1026 3666 1140 3743 οὐχ
1169 3666 1243 3727 ὡς
1289 3667 1396 3720 τῶν
1449 3663 1769 3721 δεινοτάτων
1815 3665 1906 3721 αὐ-

245 3756 511 3833 τόχειρες
575 3754 764 3824 μόνον,
798 3751 945 3809 ἀλλὰ
999 3755 1087 3808 καὶ
1148 3759 1227 3825 τῷ
1274 3752 1619 3830 παράδειγμα
1650 3760 1772 3817 τοῖς
1803 3754 1905 3810 ἅλ-

249 3842 365 3907 λοις
424 3841 707 3919 γεγονέναι
758 3847 866 3897 τῶν
926 3841 1098 3898 ἴσων·
1140 3844 1276 3917 πρὸς
1333 3845 1438 3919 γάρ
1482 3846 1580 3906 τὰς
1616 3845 1907 3918 μητροπό-

251 3932 361 3997 λεις
428 3928 651 3988 ἕκαστοι
727 3930 1044 4006 βλέποντες,
1104 3939 1237 4009 σφᾶς
1306 3932 1502 3996 αὐτοὺς
1560 3932 1904 3989 πλάττουσι·

252 4029 484 4099 Φεραῖοι
539 4026 667 4095 γοῦν
714 4022 804 4077 καὶ
854 4020 1230 4091 Ποτιδαιᾶται,
1278 4024 1368 4078 καὶ
1426 4025 1480 4078 αἱ
1546 4023 1736 4080 λοιπαὶ
1800 4024 1906 4079 πό·-

252 4112 390 4181 λεις,
424 4109 553 4170 οὐδ’
584 4110 726 4167 ἔστιν
770 4111 938 4168 εἰπεῖν
986 4113 1037 4176 ἐς
1083 4114 1207 4169 ὅσον
1262 4114 1452 4187 μανίας
1483 4114 1692 4183 ἤλασαν
1716 4133 1728 4147 ·
1763 4112 1905 4170 οὕτω

247 4225 300 4258 τι
354 4204 869 4272 πλεονεκτήσαντες
922 4204 1063 4276 πρὸς
1131 4205 1230 4271 τήν
1294 4205 1551 4278 μίμησιν.
1614 4205 1713 4260 Καὶ
1775 4204 1908 4276 μετὰ

248 4292 525 4349 τοσούτου
569 4290 708 4346 πάνυ
755 4295 854 4347 τοῦ
900 4293 1150 4366 θράσους,
1184 4293 1258 4353 ὡς
1314 4293 1406 4348 καὶ
1455 4292 1740 4365 παρελθεῖν
1789 4298 1906 4355 τοῖς

250 4376 431 4458 ἔργοις
494 4382 599 4450 τήν
659 4377 842 4458 φύσιν,
893 4381 988 4435 καί
1045 4378 1239 4435 παιδαν
1319 4381 1566 4456 ἀτεχνῶς
1619 4379 1786 4452 δεῖξαι
1841 4382 1909 4437 τὰ

249 4473 375 4544 παρ’
424 4473 622 4542 ἡμῶν,
671 4468 733 4523 ἐκ
773 4467 1036 4543 δευτέρων
1078 4470 1146 4524 τὰ
1192 4475 1434 4543 πρωτεῖα
1481 4471 1686 4544 τρόπον
1724 4468 1905 4545 ἕτερον

250 4561 640 4633 κομισάμενοι.
696 4559 762 4616 Εἰ
819 4556 866 4613 δ’
914 4560 942 4613 ὁ
998 4559 1061 4614 τὸ
1114 4561 1330 4632 σπερμα
1387 4560 1707 4635 παρασχὼν,
1749 4561 1907 4624 οὗτος

2004 635 2231 707 pienter
2260 650 2325 690 ac
2347 632 2608 691 modeste
2647 631 3063 706 rempublicam
3096 648 3316 705 gerere,
3348 632 3642 705 dignoque

2006 724 2323 795 majoribus
2372 738 2532 779 more
2564 740 2578 779 :
2613 739 2798 795 eaque
2847 738 3031 793 agere,
3065 740 3194 796 quin
3245 723 3495 780 maxime
3551 723 3638 778 fas

2005 815 2283 888 piumque
2311 814 2390 869 sit
2418 829 2608 885 agere,
2645 813 2840 869 odisse
2896 829 3049 883 vero,
3089 829 3215 884 qua
3273 829 3508 885 isquum
3565 814 3644 869 sit

2004 905 2217 971 odisse,
2250 903 2463 975 quibus
2492 919 2561 959 ex
2589 902 2761 959 rebus
2792 903 3015 974 optima
3045 903 3244 958 omnia
3275 902 3639 973 proveniunt,

2006 995 2126 1051 haec
2156 1009 2227 1049 ne
2258 994 2315 1048 in
2348 994 2544 1049 animo
2575 993 2814 1063 quidem
2859 992 3164 1060 habemus,
3198 993 3299 1049 sed
3349 992 3437 1048 vel
3486 992 3643 1063 ipsas

2006 1084 2077 1138 de
2105 1082 2263 1138 hisce
2281 1080 2682 1154 cogitationes,
2713 1086 2992 1153 tanquam
3032 1081 3185 1138 aliud
3238 1080 3460 1154 aliquid
3492 1081 3644 1153 legi-

2006 1172 2117 1228 bus
2152 1170 2547 1238 interdictum,
2581 1189 2615 1228 a
2641 1170 2810 1228 nobis
2840 1169 3074 1242 penitus
3104 1170 3406 1241 exegimus
3435 1184 3644 1226 excus-

2005 1261 2317 1332 simusque
2336 1260 2460 1318 Han
2476 1279 2506 1318 ο
2553 1278 2657 1318 nos
2677 1260 2901 1317 scilicet
2929 1260 3158 1317 honesti
3171 1261 3440 1332 justique
3469 1259 3643 1316 duci-

2007 1364 2138 1406 mus
2175 1349 2479 1417 rationem,
2511 1353 2578 1405 ut
2625 1348 2855 1420 publico
2888 1365 3033 1418 pene
3074 1348 3294 1418 judicio
3342 1348 3498 1404 diem
3554 1348 3638 1404 illi

2006 1438 2298 1504 dicamus,
2330 1437 2602 1511 quisquis
2633 1455 2749 1495 non
2797 1438 3070 1511 Eurybati
3105 1436 3273 1508 plane
3330 1437 3507 1494 vitam
3557 1438 3647 1493 vi-

2008 1529 2186 1594 xerit;
2215 1527 2478 1600 adeoque
2506 1527 2665 1583 velut
2690 1543 2927 1584 sursum
2978 1526 3415 1583 recurrentibus
3459 1528 3644 1583 amni-

2006 1618 2118 1674 bus
2149 1621 2363 1673 nostrm
2393 1633 2549 1673 nunc
2578 1632 2669 1673 res
2724 1620 2911 1677 erant.
2943 1615 3121 1688 idque
3173 1620 3337 1673 tanto
3385 1617 3641 1688 profecto

2009 1706 2217 1780 magis,
2246 1710 2312 1762 ut
2339 1722 2444 1762 nec
2475 1706 2788 1777 pristinum
2820 1704 3075 1776 amplius
3112 1709 3444 1776 exspectare
3473 1706 3645 1761 liceat

2008 1801 2251 1866 statum,
2274 1800 2559 1867 quantum
2591 1794 2825 1866 quidem
2860 1795 3192 1864 conjectura
3219 1809 3289 1849 ex
3339 1794 3643 1867 praesenti-

2008 1885 2119 1940 bus
2148 1882 2426 1955 augurari
2468 1899 2803 1954 possumus.
2838 1882 3056 1952 Nempe
3085 1882 3158 1938 iis
3205 1882 3371 1939 unice
3427 1884 3648 1955 gaude-

2010 1990 2164 2042 mus,
2197 1973 2408 2044 quibus
2437 1971 2846 2042 turpissimum
2876 1972 3128 2043 gaudere
3165 1980 3270 2039 est,
3308 1976 3368 2028 et
3401 1987 3649 2043 quorum

2008 2060 2095 2117 vel
2131 2059 2470 2117 meminisse
2502 2061 2801 2127 duntaxat,
2829 2059 3065 2116 sceleris
3115 2060 3451 2117 habendum
3500 2060 3647 2117 loco.

2009 2149 2231 2223 Quippe
2248 2154 2456 2206 mutua
2481 2149 2727 2206 invicem
2748 2148 3092 2206 crudelitate
3108 2149 3301 2207 savire
3324 2170 3340 2220 ;
3372 2155 3429 2207 et
3450 2150 3644 2222 proxi-

2009 2254 2104 2294 me
2133 2238 2205 2294 ad
2234 2237 2663 2295 immanitatem
2692 2239 2947 2295 ferarum
2976 2240 3286 2309 accedere;
3318 2243 3376 2295 et
3403 2239 3643 2296 seditio-

2009 2342 2115 2385 nes
2142 2328 2396 2399 quotidie
2420 2332 2545 2384 tum
2577 2327 2867 2393 meditari,
2901 2331 3027 2384 tum
3076 2329 3229 2385 ciere
3285 2336 3462 2402 atque
3507 2344 3644 2385 con-

2010 2416 2178 2485 ﬂare;
2210 2422 2269 2473 et
2296 2416 2542 2473 divitum
2574 2416 2826 2488 diripere
2867 2422 3045 2489 atque
3082 2417 3334 2490 expilare
3388 2418 3592 2475 domos
3624 2434 3638 2474 :

2010 2523 2077 2563 eo
2109 2505 2279 2579 plane
2307 2506 2500 2577 modo,
2533 2522 2649 2577 quo
2678 2505 2919 2561 Athenis
2963 2511 3227 2579 tempore
3272 2506 3507 2579 triginta
3566 2511 3649 2579 ty-

2010 2611 2362 2665 rannorum;
2390 2601 2448 2652 et
2478 2596 2646 2653 modo
2674 2598 2734 2650 in
2766 2596 3075 2652 manifesto
3123 2597 3472 2667 deprehendi
3518 2614 3653 2670 per-

2008 2688 2185 2759 jurio,
2217 2688 2391 2743 modo
2422 2687 2576 2744 idem
2621 2703 2826 2743 rursus
2868 2687 3163 2758 conceptis
3206 2688 3462 2757 dejerare
3519 2704 3653 2744 ver-

2013 2776 2140 2847 bis;
2178 2780 2237 2832 et
2266 2792 2421 2833 nunc
2448 2775 2566 2833 illis
2596 2777 2696 2848 qui
2724 2776 2783 2831 in
2809 2776 2928 2832 fero
2946 2776 3184 2848 degunt,
3207 2793 3273 2833 os
3305 2791 3494 2848 pugno
3511 2793 3650 2833 con-

2011 2866 2331 2932 verberare,
2361 2872 2417 2921 et
2444 2865 2764 2933 concidere,
2806 2869 2864 2921 et
2900 2864 3091 2936 ferire,
3123 2870 3180 2921 et
3233 2866 3407 2936 virgis
3456 2866 3648 2922 verbe—

2012 2955 2295 3028 ribusque
2316 2953 2888 3028 frequentibusterga
2908 2955 3186 3024 lacerare;
3212 2970 3366 3011 nunc
3383 2959 3647 3027 arreptos

2014 3045 2194 3101 barba
2222 3045 2400 3101 etiam
2429 3059 2548 3102 mro
2577 3059 2995 3116 nonnunquam
3017 3044 3268 3117 grandes
3285 3044 3434 3100 viros
3455 3047 3651 3116 rapta-

2015 3150 2099 3203 re,
2157 3135 2330 3206 idque
2378 3132 2537 3190 nullo
2596 3135 2819 3205 pudore
2868 3139 2971 3189 aut
3022 3133 3409 3200 verecundia;
3451 3149 3655 3189 rursus

2019 3224 2160 3281 alios
2189 3223 2545 3280 contumelia
2564 3228 2624 3278 et
2652 3222 2884 3293 injuriis
2924 3221 3298 3293 perfundere;
3333 3222 3462 3278 aliis
3512 3229 3659 3278 atro~

1937 3278 1980 3347 Β
2020 3278 2535 3385 cissimis—qumvis
2594 3278 2875 3381 minitari;
2918 3278 2985 3368 et,
3031 3278 3194 3368 {mdis
3250 3278 3656 3368 dimicationes

2014 3409 2308 3459 nocturnas
2333 3420 2348 3470 ;
2371 3405 2428 3456 et
2455 3401 2606 3473 globi
2640 3401 2983 3457 sicariorum
3015 3402 3298 3458 adversus
3327 3401 3653 3472 municipes

2015 3496 2073 3546 et
2100 3490 2369 3559 tribules,
2402 3497 2460 3549 et
2482 3492 2662 3562 justas
2706 3490 3239 3561 perditissimorum
3291 3489 3649 3546 nebulonum

2015 3581 2231 3652 copiis;
2262 3588 2318 3637 et
2363 3581 2752 3651 perfossiones
2794 3580 3115 3650 parietum;
3147 3587 3206 3637 et
3245 3582 3418 3642 furta,
3451 3585 3508 3637 et
3556 3580 3655 3636 do-

2016 3686 2220 3726 muum
2250 3670 2616 3739 eversiones;
2646 3674 2966 3742 casteraque
2997 3670 3057 3727 id
3086 3686 3272 3743 genus
3302 3670 3519 3727 omnia.
3546 3670 3657 3725 Ad-

2017 3758 2136 3814 huc
2169 3774 2338 3830 porro
2368 3759 2570 3815 nefarii
2601 3774 2669 3816 ac
2696 3760 2912 3816 funesti
2943 3760 3130 3831 ignes,
3163 3768 3217 3815 et
3246 3757 3652 3832 lapidationes,

2014 3850 2071 3904 et
2099 3848 2323 3918 ingesta
2379 3846 2644 3913 vulnera,
2707 3864 2773 3904 ac
2832 3848 3006 3915 lctus,
3037 3852 3093 3904 et
3144 3848 3433 3905 continuas
3479 3851 3657 3919 atque

2014 3937 2366 4007 quotidiana
2395 3937 2583 3992 credes
2613 3940 2971 4010 stragesque,
3005 3942 3064 3994 et
3111 3937 3267 3993 omni
3324 3936 3479 3992 atati
3538 3935 3652 3992 fre-

2015 4041 2205 4097 quens
2235 4026 2370 4081 ferri
2402 4042 2564 4093 usus,
2596 4032 2768 4097 atque
2826 4028 2885 4082 in
2934 4026 3157 4082 deliciis
3213 4026 3497 4092 acinaces,
3530 4025 3656 4098 qui-

2017 4114 2260 4171 buscum
2294 4121 2352 4171 et
2372 4117 2539 4187 quies
2570 4116 2699 4187 ipsa
2730 4132 3094 4189 somnusque
3118 4116 3350 4172 suavior
3377 4116 3646 4185 habetur,

2015 4208 2073 4261 et
2100 4206 2227 4260 sine
2256 4205 2468 4275 quibus
2498 4221 2601 4261 nec
2632 4205 2841 4278 degere
2868 4206 3044 4261 vitam
3078 4211 3342 4278 possunt.
3361 4207 3473 4263 Hos
3505 4208 3657 4263 enim

2015 4294 2074 4350 in
2107 4294 2418 4366 perniciem
2449 4298 2619 4365 atque
2647 4295 2883 4351 exitium
2916 4295 3248 4368 reipublicae
3280 4302 3651 4365 nostrm,tum

2015 4388 2183 4441 natos
2197 4384 2483 4457 altosque,
2501 4390 2627 4441 tum
2653 4385 2880 4459 magnis
2904 4385 3114 4459 opibus
3128 4394 3348 4455 auctos,
3366 4403 3468 4445 nec
3481 4387 3656 4443 aliam

2016 4474 2236 4544 patriis,
2269 4490 2446 4546 quam
2477 4474 2696 4542 arietis,
2724 4475 2874 4530 utin
2936 4475 3242 4547 proverbio
3284 4481 3391 4543 est,
3453 4477 3662 4533 educa-

2018 4564 2195 4618 tionis
2225 4563 2619 4635 persolventes
2673 4566 2993 4622 mercedem
3028 4582 3041 4619 :
3075 4564 3181 4622 hos
3237 4565 3502 4637 inquam,
3535 4565 3653 4622 sive

251 4652 336 4704 καί
393 4654 513 4704 τῶν
572 4645 787 4725 φύντων
840 4645 1015 4708 αἴτιος
1046 4648 1074 4702 ὁ
1107 4649 1198 4708 σὸς
1259 4647 1473 4723 ἑταῖρός
1531 4669 1662 4724 φησι
1718 4657 1900 4723 Δημο-

2016 4668 2208 4708 meros
2227 4667 2509 4723 verosque
2538 4653 2876 4710 Salmoneos
2905 4658 2965 4709 et
2995 4654 3441 4726 Lycurgos,sive
3472 4669 3649 4711 novos

252 4739 461 4807 σθὲνης,
504 4736 597 4789 καὶ
636 4734 809 4797 οὕτως
852 4738 957 4809 ἄρα
994 4741 1243 4798 νικῶντες
1290 4739 1453 4810 ἡμεῖς
1503 4742 1684 4807 νίκην,
1724 4739 1786 4806 ἢν
1835 4736 1897 4793 ἄν

255 4847 357 4901 gos
405 4825 565 4882 δοκεῖ
610 4843 696 4887 τις
748 4824 837 4879 καὶ
884 4822 1014 4895 ὄναρ
1067 4821 1196 4880 ἰδὼν
1234 4824 1333 4881 οὐκ
1381 4825 1461 4895 ἃν,
1492 4824 1644 4901 εἴπερ
1685 4826 1805 4881 οἷόν
1851 4829 1899 4882 τ’

251 4900 337 4986 ἦν,
369 4913 445 4969 ἔθ’
487 4910 659 4969 ὕπνου
702 4918 991 4990 μετασχεῖν
1047 4911 1324 4983 ἐθελῆσαι,
1356 4908 1511 4990 φόϐῳ
1558 4900 1667 4970 τῶν
1727 4914 1857 4970 ἴσων
1883 4934 1898 4949 ο

254 5000 303 5058 ἐν
329 5003 514 5058 τοίνυν
571 4999 846 5063 τοιούτοις
896 4999 1045 5056 οὖσιν
1094 5003 1230 5074 ἡμῖν
1278 5003 1364 5064 τίς
1395 5002 1553 5064 ἐλπὶς
1585 5004 1898 5079 σωτηρίαςς

256 5092 470 5163 μᾶλλον
508 5089 567 5146 δὲ
613 5091 696 5153 τίς
740 5090 840 5145 οὐκ
886 5087 946 5144 ἂν
979 5088 1138 5153 ἐλπὶς
1168 5091 1486 5162 ἀπωλείας;
1517 5092 1655 5147 ὅπου
1685 5096 1786 5167 γὰρ
1819 5095 1900 5157 εἷς

253 5181 503 5237 ὁστισοῦν
556 5181 724 5240 κακὸς
781 5176 1058 5243 πολλάκις
1111 5179 1397 5258 ἀναφανεὶς
1446 5180 1621 5244 αἶ’τιος
1671 5183 1773 5255 ὅλῃ
1804 5181 1900 5237 πό-

254 5266 336 5324 λει
390 5268 582 5345 γέγονε
630 5274 936 5344 συμφορᾶς,
987 5270 1077 5322 καὶ
1124 5276 1226 5338 τῆς
1278 5270 1398 5332 ἑνός
1446 5291 1594 5332 τινος
1637 5271 1899 5346 ἀκρασίας

255 5359 389 5413 ἅπαν
433 5363 590 5432 κοινῇ
648 5360 710 5413 τὸ
766 5356 979 5427 πλῆθος
1032 5359 1131 5425 τὴν
1195 5356 1354 5430 δίκην
1402 5356 1599 5423 ἔτισαν,
1630 5360 1683 5414 τί
1723 5361 1899 5415 πείσε-

257 5448 377 5501 σθαι
405 5447 520 5521 χρὴ
556 5444 794 5519 νομίζειι
824 5447 996 5519 ἡμᾶς,
1035 5450 1139 5500 τῶν
1196 5448 1291 5519 μὲν
1330 5447 1893 5521 πεπλημμεληκότων

255 5532 423 5589 ὄντων
480 5535 614 5610 ὖπὶρ
667 5533 762 5597 τὰς
818 5532 999 5608 μυίας,
1026 5541 1127 5604 τῆς
1171 5531 1229 5590 δὲ
1266 5533 1502 5609 ἀδικίας,
1535 5535 1661 5592 ἀλλ’
1692 5536 1791 5591 οὐκ
1832 5534 1892 5592 ἂν

259 5618 520 5695 δυναίμην
549 5622 719 5679 εἰπεῖν
751 5622 851 5695 ὅση
882 5643 988 5684 τις.

2010 4740 2318 4812 quospiam
2349 4740 2768 4813 gigantes,sive
2787 4757 3096 4813 germanos
3117 4741 3647 4813 Polyphemidisci-

1956 4826 2204 4900 “pulos,
2236 4829 2357 4885 sive
2413 4845 2527 4901 quo
2582 4828 2697 4885 alio
2748 4830 3040 4903 appellum
3099 4830 3335 4887 nomine
3390 4831 3649 4888 incertus

2012 4916 2235 4987 haereo;
2270 4932 2375 4974 nec
2415 4920 2717 4975 nominare
2767 4923 2984 4977 tutum.
3036 4920 3129 4975 Has
3200 4918 3413 4990 itaque,
3446 4922 3503 4975 et
3558 4920 3652 4977 his

2012 5006 2183 5064 etiam
2216 5006 2564 5063 funcstiores
2593 5024 2836 5080 quisque
2858 5012 3071 5081 pestes,
3106 5025 3233 5080 qua
3266 5024 3422 5063 nunc
3455 5024 3650 5066 rerum

2009 5095 2186 5152 facies
2214 5100 2304 5151 est
2333 5096 2597 5154 omnium
2658 5097 2825 5155 nobis
2856 5097 3305 5168 jucundissimas
3365 5102 3543 5153 sunt:
3576 5103 3655 5155 at-

2010 5200 2121 5257 que
2160 5186 2304 5242 adeo
2338 5186 2409 5242 iis
2438 5186 2498 5241 in
2527 5189 2701 5244 rebus
2729 5187 2923 5244 felices
2965 5187 3134 5243 nobis
3192 5185 3484 5254 videmur,
3517 5205 3652 5261 qua-

2009 5290 2138 5328 rum
2170 5273 2501 5345 inexpertos
2526 5276 2695 5348 plane
2706 5292 2851 5341 esse,
2871 5292 2938 5331 ea
2959 5276 3196 5332 demum
3215 5293 3349 5333 vera
3360 5278 3647 5336 estfelici-

2009 5370 2113 5418 las.
2130 5363 2295 5433 Digni
2321 5365 2561 5434 proinde
2582 5364 3398 5437 omnium,quisapiunt,odio
3412 5384 3641 5438 sumus;

2004 5451 2165 5522 digni
2197 5468 2334 5508 saxo
2365 5453 2608 5525 Tarpeio
2639 5459 2814 5526 atque
2837 5453 3159 5521 barathris;
3193 5454 3352 5525 digni
3393 5457 3647 5515 motibus

2004 5542 2170 5594 terra
2232 5541 2644 5615 hiatibusque;
2678 5542 2841 5615 digni
2883 5542 3096 5614 jaculis
3143 5542 3491 5616 fulminiqus
3538 5562 3651 5604 cm-

2003 5626 2255 5688 lestibus
2300 5632 2589 5690 omnibus.
2628 5633 2807 5705 quue
2854 5649 2973 5691 non
3024 5631 3152 5690 ideo
3195 5637 3447 5701 tantum,
3497 5638 3650 5708 quod

258 5717 377 5769 tam
406 5713 687 5785 capitales
712 5713 946 5774 fraudes
973 5729 1271 5787 noxasque
1301 5715 1362 5774 in
1392 5731 1498 5775 nos
1542 5716 1941 5791 admissimus,
1990 5735 2195 5778 verum
2244 5721 2423 5781 etiam
2468 5721 2624 5796 quod
2657 5722 2939 5783 similium
2989 5739 3267 5782 ausorum
3314 5726 3650 5796 exemplum
