4062 6308
374 329 488 388 411
1673 337 2033 399 THEODUI

2146 335 2472 398 HONACHI
3665 338 3729 400 Η
3743 341 3781 400 2

372 467 596 523 caeteris
625 467 915 524 dedimus.
945 471 1067 534 Quo
1124 469 1212 536 ﬁt,
1243 472 1309 524 ut
1347 470 1423 526 ad
1483 471 1828 542 metropoles
1885 473 2138 544 quisque
2195 489 2334 528 suas
2395 473 2792 544 respicientes,
2837 474 3178 544 semetipsos
3220 475 3609 532 conformant.
3659 474 3780 529 Dici

372 557 530 612 enim
587 559 840 629 profecto
892 561 1115 630 nequit,
1174 569 1454 630 quantam
1512 561 1730 616 Pheraei
1788 567 1846 617 et
1912 563 2258 630 Potidaeatae,
2321 569 2378 617 et
2461 563 2718 618 civitates
2782 572 3024 631 cetera,
3085 565 3782 621 insenierintinsaniamv

370 649 470 718 qui
513 665 696 720 usque
731 651 873 704 adeo
925 649 1143 706 dociles
1201 667 1266 706 ac
1309 653 1573 722 egregios
1623 652 1968 719 imitatores,
2022 654 2281 724 adeoque
2328 672 2468 710 sane
2516 656 2764 709 audaces
2825 661 2883 711 et
2939 657 3211 711 vecordes
3276 671 3400 710 sese
3465 656 3780 725 praebuere,

372 743 438 793 ut
466 745 733 795 naturam
764 739 949 810 ipsam
981 739 1103 795 suis
1135 740 1472 797 transierint
1501 742 1877 811 facinoribus,
1909 743 2233 815 ludumque
2265 746 2432 799 modo
2464 751 2519 800 et
2543 747 2744 813 jocum
2777 746 2898 800 haec
2931 753 3129 801 nostra
3160 747 3339 802 fuisse
3370 745 3728 802 ostenderint
3767 784 3780 818 ε

370 829 594 885 scilicet
626 834 687 883 ut
715 834 976 900 tempore
1009 831 1354 900 posteriores
1393 841 1551 902 sunt,
1583 834 1662 888 ita
1691 834 1803 890 alio
1836 835 2092 905 quodam
2127 837 2297 889 modo
2332 835 2582 906 palmam
2635 836 2745 890 sibi
2779 837 3272 902 vindicant.Quod
3293 839 3338 892 si
3370 843 3565 892 tamen
3598 842 3782 892 enata

369 920 565 989 segetis
604 921 650 972 is
689 919 963 974 habendus
1018 927 1212 976 auctor
1237 931 1336 988 est,
1369 925 1464 992 qui
1519 939 1700 978 semen
1747 925 2004 993 praebuit,
2047 941 2114 980 ex
2173 925 2476 979 familiaris
2529 925 2612 977 tui
2657 924 3063 981 Demosthenis
3121 925 3413 981 sententia
3467 924 3648 997 (Ὑπὲρ
3680 927 3781 976 τοῦ

373 1005 634 1079 στεφάνου
688 1008 817 1080 νβ’),
878 1010 1079 1079 utique
1174 1009 1262 1065 vel
1337 1009 1446 1066 hoc
1490 1017 1682 1082 pacto,
1741 1013 2094 1083 ejuscemodi
2149 1029 2255 1068 nos
2313 1012 2614 1068 victoriam
2674 1013 2963 1068 vincimus
3025 1031 3036 1067 :
3097 1015 3268 1084 cujus
3343 1014 3565 1084 objecta
3634 1014 3785 1068 forte

372 1107 618 1178 cuipiam
660 1108 720 1164 in
761 1108 986 1162 somnis
1026 1108 1234 1180 specie,
1278 1109 1434 1164 haud
1477 1110 1647 1176 ultra,
1709 1116 1774 1166 ut
1827 1113 2094 1179 arbitror,
2156 1113 2205 1166 si
2258 1114 2378 1167 ﬁeri
2444 1114 2646 1184 possit,
2681 1112 2859 1183 quieti
2921 1129 3047 1167 sese
3105 1113 3244 1168 dare
3290 1113 3450 1179 velit,
3510 1113 3787 1168 consimi-

372 1198 515 1252 lium
550 1196 907 1252 somniorum
943 1206 1116 1252 metu.
1180 1197 1298 1253 Hoc
1345 1199 1524 1270 igitur
1583 1216 1779 1256 rerum
1836 1211 2164 1258 nostrarum
2227 1203 2450 1269 habitu,
2512 1219 2638 1273 quae
2689 1203 2922 1256 residua
2982 1201 3145 1256 nobis
3193 1202 3397 1256 salutis
3475 1218 3608 1273 spes
3640 1203 3782 1256 est?

373 1286 490 1341 sive
538 1285 733 1356 potius
784 1294 984 1342 contra
1036 1302 1164 1358 quae
1222 1303 1337 1342 non
1383 1287 1540 1342 exitii
1599 1305 1735 1359 spes
1778 1290 1917 1346 est?
1975 1291 2211 1362 quando
2272 1293 2423 1346 enim
2473 1292 2646 1347 etiam
2697 1307 2852 1346 unus
2909 1290 3121 1362 aliquis
3190 1291 3496 1360 multiplici
3565 1291 3784 1346 scelere

373 1377 698 1444 coopertus,
766 1374 874 1429 toti
943 1374 1275 1445 reipublicae
1341 1375 1692 1433 calamitatis
1756 1394 1934 1434 causa
2015 1379 2142 1448 fuit,
2202 1379 2493 1450 uniusque
2550 1381 2852 1449 cujusdam
2927 1380 3386 1451 intemperantia
3461 1379 3779 1434 libidinum

373 1479 575 1536 pmnas
624 1463 895 1518 universa
943 1461 1259 1519 multitudo
1315 1465 1882 1522 communiterluit:
1934 1469 2088 1539 quod
2147 1470 2385 1524 tandem
2429 1485 2535 1523 nos
2592 1468 3033 1523 autumabimus
3107 1485 3338 1523 manere
3396 1468 3781 1538 supplicium,

376 1556 477 1611 ubi
510 1555 967 1611 facinorosorum
1001 1554 1133 1626 plus
1157 1555 1356 1617 etiam,
1387 1556 1547 1627 (cum
1580 1558 1824 1628 caletur)
1857 1575 2190 1614 muscarum
2223 1561 2347 1614 est?
2379 1575 2512 1614 nam
2572 1560 2847 1630 injuriam
2906 1575 2970 1614 ac
3026 1559 3346 1614 facinorum
3399 1575 3524 1630 quas
3575 1560 3664 1613 vis
3723 1565 3786 1614 et

374 1645 711 1701 immanitas
740 1645 838 1712 sit,
879 1645 937 1700 id
966 1661 1100 1700 vero
1128 1644 1288 1700 nulla
1319 1661 1554 1716 possum
1587 1649 1845 1704 oratione
1874 1649 2203 1720 complecti.

1040 1760 1112 1819 II.
1145 1761 1351 1817 Eidem.

452 1896 1014 1954 Praestantissimum
1053 1896 1239 1952 virum
1279 1897 1780 1970 Amphilochium,
1814 1907 1936 1956 tum
1965 1906 2028 1958 ut

385 2003 572 2045 unum
605 1985 928 2041 amicorum
970 2001 1106 2056 erga
1138 2002 1230 2041 me
1258 1987 1570 2057 optimum,
1609 1989 1815 2044 merito
1873 2006 2025 2059 amo,

379 2080 506 2131 tum
541 2075 735 2147 magni
765 2076 932 2143 facio,
967 2080 1032 2130 ut
1061 2076 1247 2131 virum
1280 2091 1422 2131 sane
1455 2077 1697 2149 probum
1720 2095 1734 2146 ;
1755 2081 1845 2133 est
1865 2079 2022 2134 enim

377 2166 554 2222 homo
584 2181 700 2220 non
733 2170 902 2221 acuto
933 2164 1124 2222 solum
1159 2168 1331 2236 atque
1381 2166 1574 2237 sagaci
1626 2167 1905 2238 praaditus
1933 2169 2025 2224 in-

380 2253 574 2328 genio,
604 2258 663 2310 et
691 2255 902 2310 eximia
941 2254 1268 2324 prudentia,
1299 2254 1633 2326 artiumque
1671 2255 2023 2327 optimarum

383 2343 658 2401 assiduus
683 2343 897 2411 cutlor,
928 2345 1028 2398 sed
1063 2343 1218 2399 idem
1252 2342 1427 2399 etiam
1464 2346 1522 2398 in
1547 2345 1749 2416 primis
1769 2347 2024 2416 profecto

378 2435 707 2490 moderatus
725 2449 790 2488 ac
814 2433 1026 2500 bonus,
1065 2432 1344 2504 omnique
1374 2432 1593 2488 virtute
1623 2434 2023 2491 cumulatissi-

382 2539 534 2591 mus,
584 2527 756 2592 atque
806 2538 1033 2578 morum
1081 2523 1390 2589 suavitate,
1431 2522 1595 2592 quasi
1637 2523 2026 2579 medicamine

380 2614 654 2684 quodam,
681 2611 994 2667 familiares
1013 2627 1151 2666 suos
1180 2611 1400 2666 viscare
1421 2611 1650 2666 solitus.
1684 2613 1847 2678 Quod
1873 2613 2024 2668 idem

381 2718 512 2758 vero
546 2700 854 2772 plerosque
892 2700 979 2755 tui
1028 2699 1464 2756 amantissimos
1504 2716 1697 2756 amore
1734 2701 1939 2770 vincit,
1971 2708 2030 2758 et

353 2792 456 2847 .ad
490 2799 716 2846 tuarum
745 2789 985 2844 laudum
1015 2789 1304 2860 praeconia
1348 2787 1703 2861 plaususque
1746 2806 1889 2861 pene
1939 2793 2028 2846 in-

386 2879 761 2948 sanit,eoque
783 2878 1100 2949 posteriora
1132 2879 1332 2933 omnia
1353 2878 1536 2946 ducit,
1551 2883 1616 2933 ut
1630 2879 1850 2949 optima
1869 2896 2024 2935 sem-

385 2983 488 3039 per
514 2967 583 3021 de
617 2971 694 3032 te,
716 2972 841 3022 tum
867 2967 1085 3033 audiat,
1114 2974 1235 3022 tum
1269 2967 1558 3038 pradicet,
1593 2967 1701 3023 hoc
1733 2969 1924 3040 ipsum
1949 2969 2030 3025 fa-

386 3057 484 3126 cit,
509 3061 574 3110 ut
603 3056 659 3110 in
692 3072 890 3112 eorum
910 3055 1208 3112 hominem
1223 3072 1465 3113 numero
1495 3056 2026 3130 habeam,quorum

2051 1768 2106 1833 Α

2706 1767 2780 1817 B'.
2823 1766 2928 1835 Τῷ
2986 1763 3213 1834 αὐτῷ.

2208 1895 2579 1974 Ἀμφιλόχιον
2611 1897 2702 1951 τὸν
2735 1895 2901 1950 καλὸν
2932 1895 3079 1972 φιλῶ
3115 1897 3208 1967 μὶν
3239 1896 3312 1956 ὼς
3367 1893 3582 1967 ἄριστον
3628 1893 3782 1948 ἑταί-

2137 2007 2244 2062 ρων
2298 1986 2458 2057 ἐμοί³
2510 1987 2769 2057 Θαυμάζω
2811 1983 2868 2038 δὲ
2913 1985 2986 2047 ὡς
3028 1982 3198 2059 ἄνδρα
3246 1984 3510 2059 χρηστόν.
3551 1983 3626 2039 Ού
3678 1983 3781 2056 γὰρ

2135 2074 2263 2130 ὅσον
2292 2074 2412 2145 ὀξὺς
2441 2074 2530 2130 καὶ
2579 2073 2836 2148 ἀγχίνους
2886 2075 2973 2128 καὶ
3017 2072 3208 2151 φρένας
3258 2073 3475 2148 ἀγαθὸς,
3507 2072 3598 2127 καὶ
3651 2092 3784 2126 παι-

2137 2163 2280 2226 δείας
2339 2162 2728 2238 ἒταῖρος,ἂλλ’
2783 2160 2893 2233 ἤδη
2953 2163 3042 2218 καὶ
3105 2164 3324 2236 μέτριος
3377 2163 3471 2217 καὶ
3529 2161 3780 2230 έπιεικής

2135 2255 2210 2317 ὡς
2237 2254 2337 2308 οὐκ
2376 2250 2476 2308 οἶδ’
2503 2251 2552 2306 ετί
2597 2271 2707 2323 τις,
2737 2252 2828 2306 καὶ
2869 2257 3052 2326 γέμων
3102 2251 3320 2325 ἀρετῆς,
3351 2250 3442 2306 καὶ
3491 2249 3619 2313 τοὺς
3653 2270 3782 2304 συν-

2137 2344 2293 2404 όντας
2352 2340 2716 2422 φαρμακεύων
2767 2345 2884 2402 τοῖς
2939 2340 3206 2416 τρόποις’
3242 2342 3324 2395 δτι
3384 2337 3442 2394 δὲ
3497 2339 3585 2393 καὶ
3633 2342 3781 2414 παρὰ

2133 2432 2383 2494 πολλούς
2437 2430 2548 2486 ἐστι
2596 2435 2706 2485 τῶν
2755 2434 2858 2484 σῶν
2911 2427 3146 2503 ἐραστῶν
3185 2430 3271 2484 καὶ
3305 2429 3442 2501 πρὸς
3471 2430 3596 2490 τοὺς
3641 2431 3779 2484 κατὰ

2137 2525 2231 2575 σοῦ
2263 2515 2527 2594 Θορύϐους
2558 2521 2648 2574 καὶ
2677 2519 2906 2592 κρότους
2956 2518 3220 2592 μαίνεται,
3255 2518 3343 2572 καὶ
3377 2519 3532 2573 πάντ’
3563 2516 3779 2572 ἒλάττω

2133 2612 2343 2683 νομίζει
2392 2614 2489 2666 τοῦ
2536 2611 2657 2682 περὶ
2707 2613 2802 2663 σοῦ
2857 2609 2925 2662 τὰ
2973 2608 3211 2683 βέλτιστ’
3260 2607 3366 2662 αἰεὶ
3425 2608 3514 2661 καὶ
3561 2607 3780 2662 ἀκούειν

2133 2702 2223 2756 καὶ
2257 2701 2430 2776 λέγειν
2463 2721 2475 2733 ο
2508 2704 2669 2755 τοῦτο
2702 2697 2759 2754 δὲ
2795 2699 2883 2752 καὶ
2936 2698 3012 2761 εἰς
3060 2696 3226 2771 ἓμοὺς
3277 2696 3557 2772 εὐεργέτας
3613 2697 3777 2752 αὑτὸν

2133 2789 2362 2858 τίθησιν.
2398 2787 2462 2842 Εἴ
2489 2788 2588 2861 γὰρ
2619 2787 2743 2860 ἐμοὶ
2779 2787 2873 2858 μὶν
2906 2784 3130 2855 ἥδιστος
3173 2787 3332 2848 οὗτος
3378 2785 3548 2847 ἆθλος
3590 2787 3655 2841 τὸ
3713 2787 3782 2840 τὰ

2139 2881 2205 2932 σὰ
2242 2878 2482 2948 καθάπαξ
2512 2878 2602 2932 καὶ
2639 2881 2850 2951 κροτεῖν
2906 2877 2996 2930 καὶ
3055 2875 3364 2947 θαυμάζειν,
3394 2876 3484 2929 καὶ
3538 2877 3615 2946 μὴ
3659 2882 3779 2938 τοῖς

2139 2968 2377 3028 ἐπαίνοις
2410 2967 2606 3040 ὁρίζειν
2646 2965 2925 3036 δύνασθαι,
2957 2964 3104 3020 ἀλλά
3150 2966 3320 3020 πάντα
3366 2965 3460 3038 μὲν
3510 2964 3645 3038 ὑπὲρ
3683 2969 3777 3019 σοῦ

2139 3058 2370 3114 πάντοτε
2398 3058 2487 3112 καὶ
2518 3061 2693 3112 ποιεῖν
2721 3057 2813 3111 καὶ
2842 3054 3046 3132 λέγειν,
3077 3059 3156 3126 τῷ
3186 3052 3243 3110 δὲ
3290 3058 3397 3110 τῶν
3451 3059 3556 3109 σῶν
3611 3055 3774 3129 ἐγκωο

385 3147 678 3219 praeclaris
711 3152 950 3204 ornatus
982 3149 1206 3203 fueram
1233 3148 1554 3205 beneficiis.
1587 3149 1813 3221 Quippe
1844 3151 1893 3205 si
1936 3151 2028 3221 ju-

2146 3150 2280 3219 μίων
2329 3146 2625 3216 ἀπλήστως
2671 3145 2844 3220 ἔχειν,
2881 3144 3049 3216 μηδὲν
3098 3144 3264 3199 πλέον
3313 3150 3490 3199 ποιεῖν
3536 3142 3773 3199 οτίεσθαι·

389 3237 806 3292 cundissimum
838 3235 985 3290 mihi
1016 3241 1304 3292 certamen
1336 3243 1444 3305 est,
1467 3241 1570 3292 tua
1596 3237 1794 3293 omnia
1832 3253 2040 3310 usque-

389 3343 622 3398 quaque
649 3327 857 3397 plausu
890 3327 1175 3398 prosequi,
1207 3326 1512 3398 verbisque
1542 3327 1825 3398 attollere,
1849 3343 2038 3399 neque

392 3416 530 3472 ullis
560 3415 794 3472 laudum
828 3415 1097 3472 terminis
1149 3416 1390 3471 definire
1449 3432 1642 3488 posse,
1675 3418 1777 3472 sed
1835 3423 1892 3473 et
1938 3424 2038 3473 tua

391 3519 590 3572 causa,
623 3505 782 3561 omni
813 3509 1095 3576 tempore,
1125 3504 1324 3560 omnia
1353 3521 1487 3560 cum
1537 3505 1750 3572 facere,
1786 3513 1909 3560 tum
1941 3507 2038 3561 di-

393 3611 519 3649 cere
552 3611 564 3648 :
597 3599 652 3649 et
681 3611 746 3649 eo
774 3597 992 3664 tamen,
1023 3594 1176 3664 quod
1213 3593 1330 3648 tuis
1365 3593 1628 3648 exsatiari
1663 3609 1884 3665 nequeo
1933 3611 2038 3650 en-

394 3684 995 3751 comiis,nullumfere
1023 3699 1208 3756 operae
1241 3685 1489 3753 pretium
1523 3701 1650 3739 meo
1684 3685 2036 3755 ipsiusjudi-

397 3776 483 3830 cio
514 3775 718 3842 facere,
755 3774 804 3829 si
837 3774 934 3829 ille
965 3775 1104 3829 item
1163 3774 1219 3827 in
1286 3772 1382 3830 his
1436 3774 1785 3845 quinpertiis
1841 3775 2037 3831 socius

394 3867 737 3935 adjutorque
768 3863 910 3918 mihi
934 3868 1048 3930 est,
1081 3869 1140 3918 et
1167 3865 1237 3918 ad
1272 3865 1421 3919 hanc
1451 3869 1611 3918 tuam
1642 3862 2036 3932 Pisam,Ambo

393 3969 491 4008 nos
545 3954 720 4023 parili
772 3968 957 4022 gressu
1014 3952 1388 4008 contendimus
1448 3949 1554 4024 (Ιλ.
1604 3957 1667 4008 Κ.
1722 3953 1854 4024 224)
1887 3969 2036 4023 :quo

393 4042 623 4098 tandem
659 4045 826 4112 pacto
857 4057 972 4096 non
1001 4041 1130 4110 jure
1155 4042 1469 4112 meritoque
1501 4039 1748 4112 gratiam
1781 4039 1918 4095 huic
1938 4040 2035 4095 ho-

395 4129 540 4186 mini
563 4130 762 4198 debeo,
787 4146 948 4186 meos
981 4130 1259 4185 nimirum
1312 4129 1450 4185 mihi
1511 4145 1736 4184 amores
1776 4145 1843 4184 ac
1902 4128 2039 4184 deli-

394 4219 542 4286 cias,
575 4219 766 4285 dictis,
786 4218 1263 4289 factisque,ultro
1294 4216 1772 4290 representanti?
1799 4217 1950 4284 Quin
1983 4222 2037 4272 te

396 4310 572 4366 etiam
605 4309 750 4364 bene
783 4308 1025 4364 invicem
1071 4309 1142 4363 de
1200 4309 1322 4378 ipso
1372 4307 1584 4364 mereri
1630 4323 1867 4378 aequum
1925 4313 2035 4377 est,

396 4400 445 4456 si
478 4416 594 4472 qua
624 4399 682 4453 in
716 4413 773 4453 re
803 4397 887 4453 illi
916 4413 1093 4469 opera
1122 4403 1221 4453 tua
1261 4414 1408 4469 opus
1459 4397 1650 4464 fuerit,
1684 4401 1749 4452 ut
1798 4398 2037 4453 omnino

2146 3239 2173 3292 ὁ
2206 3236 2262 3291 δὲ
2292 3241 2542 3290 κοινωνεῖ
2576 3257 2667 3308 μοι
2704 3234 2933 3290 τουτωνὶ
2984 3237 3091 3288 τῶν
3143 3231 3477 3303 πεντάθλων,
3513 3233 3600 3287 καὶ
3648 3233 3786 3306 πρὸς

2143 3329 2242 3395 τήν
2277 3331 2372 3394 σὴν
2409 3324 2574 3380 Πίσαν
2608 3323 2699 3378 σύν
2741 3345 2799 3378 τε
2830 3321 2910 3377 δύ’
2935 3321 3244 3397 ἐρχομένω,
3276 3325 3395 3383 πῶς
3444 3321 3506 3376 οὐ
3564 3321 3792 3395 χάριτος

2145 3415 2382 3494 ὀφείλειν
2422 3421 2502 3488 τῷ
2547 3413 2782 3486 τοιούτῳ
2836 3411 3063 3481 δίκαιος,
3099 3412 3188 3466 καὶ
3241 3414 3322 3474 οἷς
3371 3411 3538 3486 λέγει,
3569 3412 3660 3466 καὶ
3701 3414 3789 3472 οἷς

2143 3508 2391 3580 πράττει,
2439 3504 2792 3580 χαριζομένῳ
2837 3505 2903 3557 τὰ
2946 3499 3172 3557 παιδικά
3199 3521 3213 3573 ;
3245 3501 3464 3564 Δίκαιος
3515 3499 3562 3555 δ’
3592 3503 3652 3555 ἂν
3699 3502 3792 3555 καὶ

2144 3595 2304 3655 αὐτὸς
2364 3592 2478 3662 ε’ίης
2531 3593 2720 3648 τοῦτον
2803 3593 3160 3660 ἀντευποιεῖν,
3219 3587 3266 3644 εἳ
3333 3610 3429 3643 σου
3504 3587 3789 3658 δεήσεται·

2145 3681 2394 3752 δεήσεται
2452 3679 2509 3736 δὲ
2563 3682 2794 3749 πάντως,
2857 3679 3094 3752 μάλιστα
3160 3681 3256 3751 μὶν
3337 3675 3495 3740 εἰδώς
3562 3699 3621 3732 σε
3671 3683 3796 3739 τοῖς

2142 3771 2416 3834 τοιούτοις
2467 3771 2752 3846 χαίροντα,
2784 3768 2969 3824 ἔπειτα
3014 3767 3072 3823 δὲ
3123 3769 3214 3822 καὶ
3262 3773 3368 3823 τῶν
3418 3768 3786 3822 ἀτοπωτάτων

2143 3861 2406 3933 νομίζων,
2440 3860 2485 3915 εἷ
2542 3862 2668 3922 τοὺς
2732 3861 2835 3914 ὑπὸ
2895 3862 2991 3912 σοῦ
3048 3857 3501 3929 κεκοσμημένους
3556 3854 3793 3928 διεξιὼν,

2145 3951 2306 4010 αὐτὸς
2359 3944 2459 4019 ἔξω
2515 3953 2611 4003 τοῦ
2665 3947 2968 4021 καταλόγου
3025 3951 3133 4000 τῶν
3193 3947 3459 4001 τοιούτων
3516 3946 3790 4018 φαίνοιτο.

2145 4039 2325 4114 Χωρῖς
2377 4037 2436 4093 δὲ
2481 4039 2690 4094 τούτων
2751 4038 2838 4092 καὶ
2894 4037 3086 4104 κοινήν
3139 4034 3291 4107 οἶμαι
3337 4035 3436 4102 τήν
3479 4043 3642 4111 χάριν
3670 4028 3792 4088 ἔσε-

2147 4131 2304 4183 σθαι’
2341 4128 2422 4190 οἷς
2481 4127 2584 4202 γάρ
2635 4126 2710 4190 είς
2765 4125 2922 4181 αὐτὸν
2981 4123 3202 4198 ἐργάσῃ,
3259 4123 3420 4178 αὐτόν
3474 4143 3534 4178 τε
3593 4122 3791 4198 εὐφρα-

2144 4223 2274 4286 νεῖς,
2308 4219 2397 4272 καὶ
2448 4221 2654 4288 σεαυτῷ
2715 4214 2932 4288 μείζοος
2986 4212 3112 4274 τοὺς
3167 4219 3396 4273 παιᾶνας
3455 4212 3698 4288 ὲργάσῃ’
3762 4213 3791 4266 ὁ

2143 4306 2242 4381 γὰρ
2277 4306 2365 4360 καὶ
2396 4305 2520 4381 πρὶν
2563 4305 2620 4359 εὖ
2659 4307 2846 4360 παθεῖν
2888 4303 3165 4358 τοιουτοσὶ
3212 4303 3336 4375 περὶ
3387 4303 3463 4370 σε,
3492 4301 3576 4363 τίς
3607 4299 3670 4355 ἂν
3705 4298 3790 4370 εἴη

2144 4397 2328 4450 παθὼν
2362 4395 2419 4449 εὖ
2446 4415 2460 4464 ;
2489 4396 2580 4450 καὶ
2627 4395 2654 4450 ὁ
2711 4391 2842 4466 μηδ’
2873 4396 3193 4462 ἡστινοσοῦν
3253 4391 3487 4466 ἀνάγκης
3548 4389 3791 4459 ὑπούσης

395 4489 505 4546 erit
536 4507 548 4542 :
585 4487 873 4559 praecipue
903 4487 1155 4559 quidem,
1190 4487 1346 4558 quod
1378 4485 1737 4558 singularem
1768 4486 2032 4559 volupta-

2150 4485 2415 4559 χρηστὸς,
2472 4484 2631 4538 παντί
2689 4505 2794 4538 που
2856 4480 3030 4551 δῆλον
3089 4482 3161 4542 ὡς
3219 4478 3608 4554 ὑπερϐαλεῖται
3667 4478 3796 4541 τοὺς

393 4580 511 4633 tem
553 4577 672 4632 haec
728 4575 833 4631 tibi
893 4577 1097 4632 afferre
1140 4575 1420 4646 intelligit
1473 4576 1685 4642 officia,
1729 4579 1854 4631 tum
1904 4592 2033 4630 vero

2151 4576 2311 4648 ὅρους
2343 4575 2579 4649 ἀνάγκης
2607 4571 2938 4647 προσούσης.

395 4667 570 4724 etiam
611 4665 767 4736 quod
797 4665 943 4722 nihil
973 4664 1057 4721 illi
1087 4665 1400 4721 absurdius
1429 4681 1557 4721 esse
1588 4665 1832 4732 videtur,
1859 4681 2034 4736 quam
2057 4681 2115 4721 se
2145 4665 2479 4736 ipsum,qui
2509 4667 2616 4720 abs
2645 4669 2703 4719 te
2749 4670 2984 4719 ornatos
3029 4661 3456 4732 productosque
3495 4659 3794 4731 sigillatim

395 4772 696 4812 recensere
741 4755 931 4811 suevit
967 4763 1122 4811 extra
1159 4756 1498 4810 corumdem
1537 4753 1868 4825 catalogum
1900 4755 2104 4810 videri.
2128 4754 2316 4825 Super
2347 4756 2467 4810 haec
2499 4761 2716 4819 autem,
2749 4757 3014 4809 mutuam
3046 4754 3196 4806 hanc
3254 4751 3374 4806 fore
3441 4749 3792 4804 crediderim

398 4846 674 4919 gratiam;
705 4846 811 4902 hoc
841 4844 1020 4912 cnim,
1052 4845 1208 4916 quod
1270 4845 1329 4899 in
1387 4843 1686 4900 hominem
1709 4845 1969 4900 conferes
1999 4844 2298 4912 beneﬁcio,
2331 4851 2388 4900 et
2433 4845 2520 4900 illi
2574 4861 2694 4899 rem
2756 4843 2926 4914 plane
2975 4842 3366 4911 gratissimam
3426 4842 3709 4904 facturus,
3742 4847 3801 4891 et

400 4936 686 5007 ampliora
743 4935 848 4991 tibi
895 4933 1133 4990 laudum
1189 4933 1378 5005 elogia
1425 4937 1875 5004 comparaturus
1931 4948 2014 4988 es.
2073 4932 2215 4988 Nam
2267 4935 2364 5004 qui
2409 4933 2545 4988 talis
2603 4933 2659 4987 in
2728 4939 2781 4987 te
2847 4937 2955 4999 est,
3010 4930 3168 4986 nullo
3253 4929 3441 4984 adhuc
3515 4926 3798 4982 beneficio

398 5041 498 5091 tuo
529 5037 894 5106 provocatus,
926 5032 1026 5102 qui
1056 5036 1206 5088 esset
1258 5047 1394 5086 sane
1423 5030 1714 5100 ejusmodi
1747 5035 2182 5086 auctoramento
2214 5032 2490 5084 incitatus
2515 5029 2543 5083 ?
2570 5037 2628 5084 et
2653 5029 2751 5100 qui
2811 5045 2940 5084 cum
2982 5028 3146 5083 nulla
3202 5028 3407 5082 subest
3465 5028 3798 5087 necessitas.

401 5126 542 5180 adeo
577 5123 910 5178 ofasciosum
943 5138 1004 5177 se
1033 5120 1282 5192 praebet;
1315 5120 1459 5192 quin
1514 5121 1666 5175 idem
1727 5121 1824 5176 ubi
1885 5121 2002 5176 haec
2030 5121 2360 5187 accesserit,
2394 5119 2560 5175 facile
2618 5135 2820 5174 omnes
2871 5117 3195 5174 efficiorum
3266 5116 3664 5188 praeteriturus
3723 5114 3803 5169 sit

403 5218 603 5280 metas,
638 5212 773 5282 quis
794 5219 882 5267 est
911 5211 1012 5282 qui
1039 5212 1308 5267 dubitare
1336 5210 1522 5282 possit
1541 5213 1570 5264 Ὺ

632 5328 728 5383 ΙΙΙ.
759 5329 1024 5394 Tricanav,
1055 5326 1253 5383 aerarii
1279 5326 1513 5381 minoris
1543 5328 1817 5397 quaestori.

2495 5325 2567 5380 I".
2608 5326 2710 5393 Τῷ
2752 5321 3115 5378 σακελλίου
3155 5324 3459 5395 Τρικανᾷ.

473 5436 644 5506 Atqui
677 5451 897 5503 aequum
932 5451 1072 5490 sane
1101 5440 1242 5501 erat,
1275 5451 1305 5489 ο
1337 5435 1601 5490 divinum
1660 5439 1717 5489 et
1784 5442 2049 5490 sanctum

404 5531 594 5595 caput,
628 5524 952 5594 animaeque
975 5540 1114 5579 mea:
1153 5524 1430 5579 eximium
1481 5525 1684 5589 decus,
1712 5528 1777 5578 ut
1808 5541 1926 5579 una
1952 5541 2053 5594 per

407 5620 578 5692 petuo
609 5628 1010 5685 essemus,nec
1043 5613 1160 5669 ullo
1190 5617 1449 5686 tempore
1478 5613 1565 5668 vel
1583 5611 1873 5671 tantillum
1906 5615 2053 5671 alter

2233 5435 2437 5507 Ἐχρῆν
2499 5435 2592 5507 μὲν
2649 5437 2816 5508 ἡμᾶς,
2851 5435 2894 5488 ὧ
2955 5433 3070 5489 θεία
3126 5433 3212 5487 καὶ
3273 5431 3394 5506 ἰερᾶ
3440 5429 3798 5503 κεφαλή,καὶ

2160 5528 2258 5591 τῆς
2291 5522 2430 5596 ἐμῆς
2481 5527 2666 5599 ψυχῆς
2725 5521 2970 5599 ἄγαλμα,
3000 5523 3105 5577 αἰεὶ
3164 5523 3279 5595 μετ’
3309 5519 3576 5590 ἀλλήλων
3642 5517 3799 5587 εἶναι,

2159 5611 2249 5671 καὶ
2316 5610 2454 5688 μηδέ
2501 5614 2623 5669 ποτ’
2679 5614 2997 5691 ἀφίστασθαι
3061 5609 3506 5686 μηδοπωστιοῦν,
3536 5609 3662 5672 τοὺς
3712 5605 3801 5662 καὶ
