4062 6308
173 444 260 503 M3

1603 509 1609 512 _
1636 442 2062 506 EPISTOLE.

3431 448 3549 507 414

171 574 326 635 ἄλλως
343 595 406 651 γε
425 576 545 646 μετ’
569 572 839 645 ἀλλήλων
865 575 1036 640 ύντας·
1057 575 1171 632 ἐπεὶ
1201 573 1250 631 δ’
1280 578 1308 632 ὁ
1339 579 1493 633 πάντ’
1524 577 1636 652 ἐγὼ
1660 574 1787 629 δυσ-

1900 576 1968 631 ab
2000 575 2180 632 altero
2233 574 2658 642 divelleremur,
2702 575 2799 647 qui
2848 575 3067 649 alioqui
3119 576 3231 634 alio
3288 580 3544 650 quodam

168 671 313 739 τυχής
372 664 465 718 καὶ
520 668 683 719 τοῦτο
740 664 1056 742 ἀφῄρημαι,
1112 666 1203 721 καὶ
1272 667 1398 729 τοὺς
1454 666 1617 740 ἐμοὺς
1669 665 1790 739 ἳμέο

165 773 267 829 ρους
316 752 578 827 ἴσχουσιν
612 756 663 807 οἱ
715 754 1020 823 Βυζάντιοι,
1054 755 1181 834 φέρε
1228 761 1358 831 γοῦν
1410 757 1443 811 ἅ
1471 762 1566 810 τοῦ
1599 757 1788 829 φθινο-

161 844 325 914 πώρου
383 838 585 912 συνέϐη
648 841 887 911 δηλώσω
939 865 1045 900 σοι.
1107 843 1562 917 Ἐπτακαιδεκάτῃ
1623 844 1789 918 μηνὸς

161 930 457 1006 Γορπιαίου,
528 932 662 1004 μετὰ
708 932 804 994 τᾶς
862 934 1008 1007 ἱερὰς
1094 932 1355 996 συνόδους
1432 932 1615 989 οἴκαδ’
1700 931 1792 988 ἑλ-

161 1023 310 1089 θόντι,
365 1020 441 1075 ἔτ’
500 1018 671 1090 οῦσης
728 1021 946 1094 βαθείας
1002 1023 1164 1095 ἑῴας,
1221 1023 1383 1078 εὐθὺσ
1413 1022 1652 1093 ἠπίαλός
1708 1044 1821 1102 τις.

159 1105 480 1184 προσϐάλλει
542 1111 753 1185 μεγέθει
811 1132 870 1166 τε
930 1111 1205 1187 μέγιστος,
1261 1113 1351 1168 καὶ
1426 1114 1611 1188 κράτει
1667 1114 1793 1187 κράο

158 1220 317 1261 τιστος
348 1219 361 1232 ·
388 1200 455 1254 ού
487 1200 593 1275 γᾶρ
626 1201 867 1271 συνήθης
916 1198 1090 1256 ἰδόκει
1136 1207 1252 1264 τοῖς
1285 1202 1513 1275 ἰατροῖς,
1545 1207 1623 1275 τῷ
1661 1202 1794 1274 μετά

158 1290 403 1359 τοσαύτης
448 1290 762 1355 ἄπαντῆσαι
810 1292 1174 1365 παρασκευῆς,
1207 1291 1281 1354 ὡς
1330 1293 1505 1346 πάντα
1552 1289 1792 1368 διαφθεῖ-

161 1396 235 1448 ραι
287 1374 519 1451 ῥαδίως,
555 1376 646 1432 διὰ
688 1377 865 1447 πάσης
913 1380 1122 1453 ἡμέρας
1165 1400 1225 1434 τε
1274 1381 1364 1435 καὶ
1412 1379 1606 1441 νυκτὸς
1657 1379 1794 1434 ἅπαν

157 1466 207 1520 τὸ
233 1472 385 1540 σῶμα
436 1466 727 1542 συνεχέσιν
784 1466 1124 1538 ἑλεπολίζων
1180 1474 1296 1531 τοῖς
1347 1464 1796 1542 ἀκροϐολισμοῖς.

158 1556 227 1609 καὶ
285 1557 485 1630 μὲχρις
536 1557 714 1610 ἂστῶν
768 1576 828 1610 τε
876 1554 966 1611 καί
1027 1556 1265 1630 μυελῶν,
1305 1561 1467 1612 τοῦτο
1508 1553 1575 1626 δὴ
1603 1557 1669 1611 τὸ
1695 1560 1792 1610 τοῦ

159 1641 319 1717 λόγου,
368 1645 476 1713 τήν
532 1641 889 1718 καταδρομήν
945 1645 1262 1721 ἆπεισὲγων.
1321 1644 1387 1701 Τί
1443 1649 1507 1700 τὸ
1550 1644 1637 1700 ἐπὶ
1675 1645 1795 1699 τού-

159 1752 294 1801 τοιςς
343 1732 566 1790 Ἀσιτία
624 1733 899 1804 παντελής
947 1736 1023 1797 εἱς
1074 1734 1323 1811 ἑσπέραν,
1371 1736 1459 1790 καὶ
1503 1737 1794 1804 τηνικαῦτα

162 1826 253 1883 τοῖς
280 1821 491 1897 ἰατροῖς
526 1820 708 1877 ἐδόκει
757 1823 1071 1897 χαρίζεσθαι
1117 1825 1202 1886 οἷς
1261 1822 1429 1894 ἔξεστι
1465 1844 1478 1857 ·
1510 1825 1597 1879 καὶ
1629 1823 1790 1897 ἔχρη,

162 1911 335 1983 σάμεθά
390 1933 479 1988 γε.
528 1917 643 1980 Τῆς
687 1909 746 1966 δὲ
787 1910 1048 1982 ἐπιούσης
1102 1912 1267 1967 πάλιν
1300 1914 1329 1967 ὁ
1358 1913 1519 1975 αὐτὸς
1548 1912 1785 1987 χειμὼν,
1825 1941 1872 2008 Β

166 2000 231 2052 καὶ
256 2002 307 2055 αἱ
340 2000 505 2056 αὗταί
538 2000 868 2076 καταιγίοες,
899 2002 987 2055 καί
1039 2007 1155 2065 τοῖς
1200 2002 1384 2064 αὐτοῖς
1432 2001 1791 2075 ἐκλυζόμεθα.

167 2092 574 2170 Προσεπεγὲνετο
632 2088 689 2145 δὶ
744 2091 835 2146 καὶ
891 2090 1107 2165 κύματα
1174 2090 1305 2148 ἅττα
1390 2091 1618 2165 ἰμὲτων,
1704 2091 1794 2146 καὶ

166 2179 310 2254 χολῆς
335 2180 597 2256 σύρροια,
635 2181 769 2254 μετὰ
796 2178 1031 2250 τοσῆσδε
1077 2178 1390 2257 δυσχερείας
1422 2181 1511 2234 καὶ
1558 2177 1796 2235 τοσοῦδε

163 2272 234 2323 τοῦ
266 2269 435 2325 σάλου
496 2270 890 2347 ἀμφοτέρωθεν
946 2274 1241 2345 προῖοῦσα,
1275 2269 1350 2332 ὡς
1404 2271 1480 2344 μὴ
1540 2266 1793 2324 δύνασθαι

162 2358 260 2431 εερί
299 2362 518 2415 τούτων
585 2357 785 2433 λέγειν,
841 2360 927 2415 σοὶ
988 2356 1036 2413 δ’
1092 2359 1322 2429 εἰκάζειν
1390 2359 1603 2431 ἐξεῖναι.
1694 2360 1792 2415 Καὶ

162 2452 298 2503 τοῦτο
352 2448 774 2525 προύχώρησεν
825 2446 880 2511 ἐς
936 2449 1151 2522 ἡμέρας
1204 2446 1349 2519 δέκα,
1403 2448 1497 2504 τόν
1559 2469 1616 2503 τε
1697 2446 1792 2503 κά·

163 2557 340 2607 μνοντα
391 2538 681 2612 κατάκρας
741 2535 987 2602 ἐλαῦνον,
1017 2537 1150 2600 τούς
1188 2558 1246 2593 τε
1290 2537 1510 2612 ἷατρους
1539 2537 1592 2599 ἐς
1623 2532 1791 2616 φόϐον

161 2624 212 2679 οῦ
241 2629 416 2703 μικρὸν
445 2628 716 2683 καθιστάν
750 2646 764 2659 ·
798 2620 966 2682 ἔπειθ’
1007 2626 1187 2703 ὥσπερ
1222 2628 1497 2698 Ἀθηναῖοι
1533 2627 1668 2701 μετά
1693 2627 1791 2695 τὴν

162 2714 204 2768 ἓν
248 2717 390 2791 Δίγὸς
419 2721 708 2789 ποταμοῖς
769 2712 1085 2792 δυστυχίαν,
1123 2714 1213 2770 καὶ
1264 2716 1364 2785 τήν
1400 2721 1496 2772 τοῦ
1528 2719 1796 2791 Πειραιῶς

168 2806 481 2880 κατάσχεσιν,
520 2806 618 2861 καὶ
644 2811 737 2862 τόν
795 2804 1073 2879 ξυμϐάντα
1131 2804 1219 2862 διὰ
1264 2828 1429 2862 ταυτα
1483 2806 1671 2879 λιμὸν,
1702 2808 1788 2862 καὶ

174 2892 259 2959 τὴν
285 2893 422 2951 πόλιν
453 2894 781 2960 ἀπώλεσαν,
813 2897 949 2951 κατὰ
995 2896 1163 2951 ταυτα
1209 2898 1295 2951 καὶ
1342 2898 1506 2969 ἡμεῖς
1547 2893 1795 2951 δεδυστυ-

179 2983 350 3056 χηκότε
399 2986 722 3065 ὤφθημεν’
784 2985 919 3059 μετὰ
974 2987 1078 3063 γὰρ
1133 2988 1261 3049 τοὺς
1319 2983 1525 3049 δεινοὺς
1553 2986 1793 3048 ἐκείνους

174 3068 400 3149 ἰλίγγους,
428 3076 535 3132 καὶ
563 3077 663 3138 τὰς
696 3075 796 3130 οῦκ
823 3074 942 3131 ἄνευ
971 3074 1208 3146 αἵματος
1255 3080 1363 3131 τῶν
1398 3075 1590 3151 χολῶν
1636 3074 1792 3151 ἰκρύ-

167 3181 275 3232 σεις,
304 3166 471 3221 καὶτὰ
508 3161 685 3220 πόλλ’
713 3162 870 3240 ἕτερα
903 3171 1011 3220 τῶν
1053 3164 1175 3221 τότε
1234 3163 1445 3233 δεινῶν,
1501 3162 1711 3220 τοιόνδε
1738 3186 1791 3219 τι

164 3250 265 3325 περὶ
291 3254 347 3308 τὸ
376 3259 550 3327 σῶμα
580 3251 815 3329 ἐγεγόνει
848 3275 861 3287 ·
912 3255 943 3309 ’ὀ
996 3254 1220 3311 θάνατον
1271 3259 1387 3316 τοῖς
1426 3275 1487 3330 γε
1541 3255 1789 3309 πλείοσιν

161 3317 398 3417 ἐπίιρέρειν
443 3317 646 3405 παῖδές
682 3317 856 3421 ’φασιν
906 3344 1108 3419 ἱατρῶν
1142 3363 1157 3377 ο
1206 3344 1330 3419 περὶ
1371 3317 1476 3419 γὰρ
1522 3343 1616 3398 τὸν
1668 3342 1791 3398 στό-
1820 3317 1872 3383 C

164 3447 315 3505 μαχον
343 3436 722 3507 περιπεσοῦσα
750 3430 902 3509 χολή
934 3432 1121 3504 πολλή
1153 3454 1212 3488 τε
1240 3436 1330 3488 καί
1354 3430 1628 3511 δυσχερής
1667 3453 1791 3487 συν-

162 3517 319 3594 ἑπνιγε
374 3523 480 3592 τὴν
544 3519 793 3597 καρδίαν,
851 3525 944 3578 καὶ
1002 3522 1251 3578 ἀναπνεῖν
1315 3519 1415 3578 οὒκ
1472 3518 1557 3578 ε’ία
1607 3540 1620 3554 ⁸
1698 3521 1789 3576 καὶ

157 3606 303 3664 πάντα
351 3611 419 3665 τὰ
483 3607 749 3665 δεινότατ’
788 3611 982 3681 ἐποίει,
1032 3613 1172 3684 μήτε
1206 3617 1306 3681 τῆς
1336 3607 1561 3685 καρδίας
1596 3607 1789 3686 διαφο-

160 3697 403 3770 ρουμένης
464 3701 614 3754 κατᾶ
668 3699 732 3754 τὸ
786 3698 929 3772 ἔθος,
976 3704 1073 3755 τοῦ
1147 3720 1205 3756 τε
1274 3700 1559 3774 στομάχου
1614 3703 1788 3754 πᾶσαν

159 3785 381 3853 ἡντινοῦν
430 3790 698 3861 ἱσχνντος
753 3785 971 3859 ἀηδίαν,
1002 3789 1092 3844 καὶ
1153 3787 1323 3862 μηδὲν
1370 3786 1519 3849 ὅλως
1566 3808 1788 3863 προσιε-

160 3876 299 3942 μένου
332 3893 345 3906 ·
376 3875 535 3932 ἀλλὰ
581 3873 679 3930 κᾶν
726 3876 772 3929 εί
820 3877 1046 3951 θερμοῖς
1084 3876 1180 3932 κᾶν
1217 3879 1454 3952 ψυχροῖς
1483 3875 1579 3930 κᾶν
1615 3877 1788 3930 οἱστι-

158 3967 307 4017 σινοῦν
355 3970 479 4029 τοῖς
530 3964 637 4019 ἀπὸ
692 3971 793 4034 τῆς
849 3966 1053 4041 τέχνης
1108 3965 1420 4041 ἐχρώμεθα,
1479 3962 1668 4020 ἅπαντ’
1718 3964 1787 4033 ἦν

158 4048 370 4128 ρλυαρία
402 4062 417 4087 ⁶
449 4052 549 4110 καὶ
605 4051 765 4109 οὐδὲν
814 4054 880 4123 ἧν
925 4055 955 4109 ’ὀ
1007 4056 1084 4127 μὴ
1114 4055 1306 4110 αὐτίκα
1336 4075 1395 4131 γε
1423 4056 1489 4123 ἦν
1522 4051 1648 4125 ἔξω.
1688 4052 1787 4108 Καὶ

157 4144 295 4196 τοῦτο
347 4148 471 4205 τοῖς
535 4140 744 4217 ἰατροῖς
802 4141 879 4205 εἷς
926 4142 1130 4218 ἄπορον
1189 4144 1555 4213 καθειστήκει,
1615 4143 1787 4197 πάντα

159 4229 238 4301 μὲν
287 4231 352 4287 τὰ
403 4235 515 4297 τῆς
557 4232 761 4307 τὲχνης
806 4236 1075 4302 ποιοῦσιν,
1108 4229 1330 4294 οὐδενὸς
1389 4228 1446 4286 δὲ
1503 4232 1576 4285 ὦν
1620 4229 1785 4304 ἔξεστι

156 4322 497 4395 γιγνομένου.
531 4321 670 4378 Τότε
701 4318 749 4376 δ’
778 4321 871 4376 οὗν
896 4324 933 4391 ἡ
983 4322 1162 4400 φύσις,
1195 4319 1391 4396 ἄλογος
1443 4321 1594 4391 οὗσα,
1653 4321 1789 4376 κατὰ

160 4405 303 4485 λόγον
354 4411 589 4489 ἐξεφάνη
650 4411 826 4465 πάντα
877 4414 1108 4466 ποιοῦσα
1140 4431 1151 4443 ο
1215 4408 1431 4465 οίίκοθεν
1487 4410 1592 4485 γὰρ
1623 4407 1790 4484 ἔχρη-

160 4498 316 4571 σάμην
373 4499 515 4573 μετᾶ
568 4502 751 4574 ψιχῶν
794 4498 926 4573 οἵνῳ
981 4502 1167 4574 θερμῷ
1212 4519 1228 4533 ο
1286 4498 1373 4554 καί
1405 4500 1523 4561 πώς
1566 4520 1628 4574 γε
1657 4499 1789 4572 ῥᾷον

159 4579 318 4661 ἶσχον.
380 4589 485 4645 Καὶ
516 4593 635 4649 τοῖς
669 4588 876 4663 ἰατροῖς
936 4587 1154 4644 ἕπεσθαί
1210 4609 1269 4644 τε
1322 4588 1650 4660 τούντεῦθεν,
1698 4587 1788 4642 καὶ

1902 666 2073 720 modo
2102 681 2221 720 una
2253 680 2483 719 sumus.
2525 664 2769 729 Quando
2801 665 2944 721 mihi
2987 682 3145 733 vero,
3176 666 3403 724 homini
3432 685 3551 724 un-

1901 753 2078 826 dique
2106 754 2534 821 infelicissimo,
2565 755 2675 810 hoc
2706 770 2865 810 nunc
2893 755 3071 811 etiam
3123 762 3387 829 ereptum
3438 766 3552 828 est,

1901 860 2178 916 meosque
2207 844 2464 915 Byzantii
2497 859 2724 899 amores
2747 848 2970 912 tenent,
3003 847 3254 917 agedum
3275 848 3412 917 quid
3439 848 3550 904 hoc

1901 933 2116 988 interea
2146 938 2428 988 autumno
2459 931 2600 988 mihi
2630 931 2926 1001 acciderit,
2959 933 3068 989 tibi
3101 934 3365 991 narrabo.
3397 939 3548 992 Ante

1900 1022 2052 1077 diem
2087 1023 2359 1093 quintum
2391 1021 2683 1078 decimum
2728 1021 3011 1077 Kalendas
3048 1022 3324 1079 Octobres
3371 1025 3546 1095 (Gor-

1901 1111 2029 1183 piaei
2064 1110 2249 1184 XVII),
2273 1125 2403 1167 cum
2462 1109 2701 1166 domum
2735 1125 2765 1165 e
2795 1110 2978 1166 sacris
3018 1112 3258 1183 synodis
3297 1113 3552 1169 revenis-

1903 1216 2045 1262 sem,
2075 1198 2259 1255 multo
2291 1198 2483 1254 adhuc
2498 1200 2900 1266 mane,horror
2931 1201 3198 1271 protinus
3220 1201 3441 1258 fabrilis
3455 1219 3550 1259 oc-

1902 1294 2100 1360 cupat,
2129 1288 2228 1343 ille
2261 1293 2385 1342 tum
2402 1287 2807 1359 magnitudine
2838 1288 3152 1358 maximus,
3171 1290 3553 1347 tumvivshe-

1904 1378 2335 1445 mentissimus;
2370 1392 2482 1433 non
2499 1378 2655 1433 enim
2687 1376 2979 1432 familiaris
2991 1378 3283 1450 quispiam
3300 1380 3543 1436 medicis

1902 1482 2031 1523 esse
2062 1467 2388 1533 videbatur,
2403 1466 2504 1537 qui
2528 1471 2692 1522 tanta
2720 1468 3094 1539 apparatione
3124 1467 3456 1540 ingruebat,
3478 1476 3544 1525 ut

1903 1556 2101 1612 omnia
2131 1571 2267 1611 mox
2296 1558 2743 1627 pessumdaret:
2786 1554 3009 1611 scilicet
3040 1556 3180 1611 dum
3228 1556 3384 1612 diem
3443 1574 3548 1614 no-

1903 1650 2168 1716 otemque
2196 1648 2399 1713 totam,
2430 1660 2643 1715 corpus
2685 1660 2859 1700 omne
2881 1645 3173 1715 perpetuis
3199 1645 3547 1703 velitationi-

1902 1734 2221 1806 bus,quasi
2253 1732 2457 1790 murali
2489 1738 2777 1789 tormento
2809 1734 3016 1805 quatit,
3049 1737 3104 1789 et
3141 1736 3198 1788 in
3237 1750 3370 1791 ossa
3417 1735 3549 1806 ipsa

1902 1840 1967 1879 ac
2007 1822 2316 1891 medullas,
2347 1824 2500 1895 quod
2535 1824 2838 1895 proverbio
2866 1822 3110 1893 dicitur,
3142 1839 3352 1879 savum
3386 1823 3545 1879 illam

1901 1911 2347 1984 impressionem
2379 1928 2548 1968 suam
2579 1913 2982 1984 impetumque
3013 1911 3212 1984 adigit.
3249 1912 3398 1978 Quid
3422 1918 3546 1968 tum

1903 2000 2147 2073 postea?
2178 2000 2425 2072 inquies.
2445 2001 2663 2072 Nempe
2692 2001 3130 2073 religiosissima
3154 2002 3222 2055 ad
3245 2017 3544 2072 vesperam

1906 2106 2091 2161 usque
2117 2089 2550 2146 esculentorum
2598 2089 2859 2146 omnium
2902 2089 3274 2156 abstinentia,
3306 2090 3546 2162 quando

1902 2179 2145 2235 medicis
2164 2194 2366 2235 eorum
2395 2195 2520 2251 quas
2552 2195 2666 2235 non
2707 2180 3011 2248 obessent,
3041 2197 3153 2235 usu
3198 2180 3368 2235 nobis
3417 2195 3551 2252 gra-

1901 2265 2110 2322 tificari
2144 2265 2399 2335 placuit;
2432 2266 2645 2337 quibus
2673 2266 2773 2323 usi
2819 2267 2997 2322 etiam
3046 2282 3280 2323 sumus.
3314 2265 3552 2323 Postero

1902 2371 2111 2411 rursus
2138 2355 2232 2411 die
2263 2356 2468 2411 eadem
2490 2355 2732 2427 urgebat
2762 2354 3036 2427 procella,
3055 2356 3233 2412 iidem
3258 2354 3539 2424 turbines,

1901 2443 2221 2516 iisdemque
2247 2444 2640 2501 obruebamur
2695 2444 2993 2515 ﬂuctibus,
3028 2445 3140 2500 nisi
3198 2446 3354 2517 quod
3413 2446 3550 2501 novi

1902 2535 2139 2607 quidam
2187 2533 2574 2590 vomitionum
2623 2543 2986 2590 accesserant
3028 2533 3262 2603 ﬂuctus,
3293 2538 3350 2590 et
3406 2534 3542 2591 bilis

1900 2623 2226 2692 oonﬂuxus,
2256 2627 2414 2679 tanto
2471 2639 2597 2680 meo
2626 2638 2760 2680 eum
2806 2623 3024 2684 dolore.
3069 2628 3348 2696 tantoque
3392 2629 3538 2679 testu

1901 2714 2177 2785 utrinque
2200 2727 2539 2785 erumpens,
2571 2716 2637 2768 ut
2664 2714 2934 2783 quoniam
2967 2712 3178 2769 idonea
3228 2730 3335 2769 nos
3391 2714 3534 2768 defi-

1901 2802 2065 2858 ciunt
2093 2803 2285 2869 verba,
2318 2818 2439 2858 rem
2470 2817 2704 2858 omnem
2761 2802 2866 2858 tibi
2916 2802 3352 2873 conjsctandam
3402 2816 3534 2873 per-

1900 2891 2228 2949 mittamus.
2263 2896 2466 2947 Decem
2494 2890 2656 2962 ipsos
2686 2892 2809 2947 dies
2837 2892 2996 2948 hunc
3035 2890 3272 2947 morbus
3321 2896 3538 2947 statum

1898 2981 2111 3048 tenuit,
2137 2985 2200 3036 ut
2244 2985 2302 3036 et
2331 2996 2543 3052 aegrum
2598 2980 3112 3039 vehementissime
3158 2980 3458 3048 affictaret,
3488 2983 3546 3035 et

1899 3086 2172 3142 magnam
2204 3070 2574 3127 medentibus
2626 3070 2998 3126 formidinem
3056 3069 3336 3141 injiceret.
3371 3070 3539 3125 Post-

1899 3160 2156 3225 modum,
2190 3159 2430 3231 perinde
2469 3163 2536 3215 ut
2562 3159 2969 3226 Athenienses,
3001 3160 3249 3214 maxima
3280 3159 3352 3213 ad
3374 3158 3544 3230 Egos

1898 3248 2119 3306 ilumen
2151 3254 2389 3321 accepta
2417 3248 2760 3316 calamitate,
2786 3248 3115 3320 Piraeeoque
3157 3252 3455 3319 occupato,
3488 3252 3546 3302 et

1899 3356 2135 3397 summa
2177 3340 2314 3396 inde
2346 3356 2588 3397 annona
2626 3339 2824 3412 inopia
2872 3356 2939 3395 ao
2996 3341 3148 3396 fame
3204 3343 3545 3406 consecuta,

1899 3429 2101 3486 urbem
2133 3438 2422 3500 postremo
2451 3430 2641 3502 ipsam
2666 3431 3106 3499 amiserunt,ita
3139 3447 3253 3487 non
3285 3428 3545 3485 absimili

1899 3526 1953 3575 et
1982 3534 2090 3575 nos
2108 3519 2490 3575 circumventi
2539 3519 2877 3575 videbamur
2932 3518 3285 3576 discrimine.
3321 3518 3545 3590 Quippe

1899 3613 2031 3680 post
2074 3608 2446 3679 gravissimas
2513 3606 2813 3664 oculorum
2869 3607 3202 3680 vertigines,
3245 3612 3300 3663 et
3371 3607 3548 3662 mista

1899 3696 2183 3769 sanguine
2206 3696 2339 3752 bilis
2374 3696 2677 3769 proﬂuvia,
2696 3701 2752 3753 et
2773 3696 3078 3770 complura
3106 3696 3241 3758 alia.
3263 3712 3391 3768 quin
3413 3700 3540 3750 tum

1898 3786 2262 3860 premebant,
2295 3786 2465 3857 mala,
2490 3788 2724 3843 tandem
2756 3788 3037 3859 quiddam
3080 3785 3403 3843 illiusmodi
3457 3802 3547 3842 se-

1898 3875 2155 3931 cundum
2203 3891 2413 3947 corpus
2461 3881 2730 3932 nostrum
2772 3876 3004 3944 accidit,
3038 3875 3187 3946 quod
3254 3874 3545 3945 plerisque

1895 3966 2230 4023 lsthiferum
2287 3983 2415 4023 esse
2464 3967 2824 4023 medicorum
2873 3972 3117 4024 censent
3174 3965 3299 4021 filii.
3334 3965 3547 4036 Nempe

1897 4071 2110 4127 magna
2140 4056 2225 4112 vis
2255 4055 2411 4126 bilis,
2434 4065 2488 4113 et
2518 4056 2641 4114 hac
2669 4073 2807 4113 sane
2838 4072 3013 4128 quam
3047 4054 3545 4124 molesta,circum

1898 4144 2266 4201 stomachum
2299 4145 2542 4218 allapsa,
2574 4162 2674 4203 cor
2728 4145 2920 4218 ipsum
2977 4144 3319 4212 suil'ocabat,
3353 4143 3544 4216 respi-

1898 4234 2185 4306 randique
2215 4234 2512 4292 adimebat
2541 4234 2896 4291 facultatem.
2929 4235 3056 4290 lam
3087 4234 3283 4305 itaque
3332 4231 3545 4288 ultima

1897 4322 2281 4380 imminebant
2308 4324 2519 4395 ornnia,
2552 4324 3024 4397 quandoquidem
3069 4338 3260 4397 neque
3298 4337 3397 4378 cor
3427 4323 3548 4378 usi-

1896 4416 2018 4468 tato
2068 4429 2248 4477 more.
2282 4419 2513 4486 recepto
2544 4416 2829 4487 sanguine
2858 4418 3267 4475 evacuaretur.
3296 4416 3353 4469 et
3384 4411 3545 4466 nullo

1898 4519 2012 4559 non
2047 4505 2205 4560 tedii
2233 4508 2408 4577 atque
2437 4505 2657 4561 fastidii
2687 4519 2895 4576 genere
2924 4504 3215 4560 laboraret
3242 4503 3540 4558 ventricu-

1895 4590 2012 4659 lus,
2045 4591 2391 4665 nullumque
2422 4592 2593 4666 plane
2618 4593 2793 4649 ferret
2822 4592 3181 4649 alimentum.
3210 4591 3339 4647 Sive
3386 4589 3542 4645 enim

162 4673 427 4749 θαυμάζειν
461 4678 645 4752 παρῆν
680 4699 692 4710 ·
737 4676 880 4734 οὕτω
931 4675 988 4733 δὲ
1038 4677 1300 4754 χαλεπῶς
1349 4677 1437 4731 καὶ
1492 4676 1788 4753 ἀφορήτώς

1900 4679 2125 4749 calidis,
2157 4682 2275 4737 sive
2300 4682 2529 4753 frigidis
2562 4687 2881 4749 uteremur,
2914 4683 3029 4738 sive
3070 4694 3429 4752 quascunque
3470 4678 3543 4732 ab

162 4762 291 4819 πάντ’
352 4763 500 4844 ἔχειν
550 4766 782 4836 ταυτησί
834 4773 936 4836 τῆς
1000 4766 1182 4842 χολῆς
1249 4765 1788 4838 παρασκευαζούσης,

162 4852 233 4905 καὶ
284 4854 505 4927 πολλῆς
560 4855 636 4917 ὡς
695 4854 838 4919 εἰκὸς
898 4853 1194 4929 δυσθυμίας
1242 4853 1431 4925 οὔσης,
1481 4853 1672 4924 ἔξωθεν
1723 4855 1788 4923 ἧν

161 4941 274 5012 ἡμῖν
308 4944 444 5020 ὑγρὰ
482 4944 608 5019 περὶ
660 4945 724 4999 τὸ
780 4944 1071 5019 πρόσωπον
1128 4943 1232 5000 οὒκ
1270 4943 1433 5019 ὀλίγα
1466 4962 1478 4976 ·
1512 4943 1602 4998 καὶ
1633 4941 1791 5018 ἀὲρες

1904 4773 2026 4825 arte
2058 4770 2283 4825 medica
2305 4771 2764 4841 imperabantur,
2797 4788 2963 4842 nuga
3020 4775 3078 4826 et
3126 4769 3334 4825 fabulas
3382 4775 3548 4823 erant

1901 4858 2126 4928 omnia;
2150 4858 2297 4914 nihil
2355 4859 2511 4915 enim
2539 4861 2849 4932 erat,quod
2875 4876 2990 4915 non
3024 4875 3155 4915 mox
3183 4861 3542 4927 assumptum

1911 4946 2265 5017 reﬁceretur.
2298 4948 2357 5004 Id
2392 4949 2546 5020 quod
2579 4950 2832 5006 medicos
2863 4965 2978 5005 non
3024 4964 3227 5021 parum
3266 4944 3547 5002 sollicitos

162 5025 213 5083 ἐκ
265 5040 543 5109 μηχανῆς,
610 5034 700 5088 καὶ
766 5033 951 5109 μύρων
1011 5033 1287 5111 ἐκχύσεις,
1344 5034 1448 5088 κάκ
1502 5033 1686 5087 τόπων
1719 5031 1791 5093 εἰς

1908 5035 2135 5092 habuit.
2159 5038 2380 5110 Quippe
2404 5039 2639 5095 tametsi
2668 5039 2868 5094 omnia
2898 5039 3040 5094 artis
3065 5038 3319 5093 remedia
3342 5033 3545 5090 sedulo

161 5118 338 5185 τόπους
370 5119 675 5196 μεταϐολαί
709 5141 721 5154 ·
759 5122 821 5178 ού
847 5127 950 5201 γὰρ
977 5123 1123 5194 ἐνῆν,
1156 5123 1260 5178 οὐκ
1306 5122 1431 5191 ἐνῆν
1484 5124 1583 5194 μιᾷ
1626 5118 1786 5194 κλίνῃ

1906 5124 2433 5192 adhiberent,nihil
2464 5143 2663 5183 eorum
2704 5134 2920 5193 tamen,
2953 5142 3081 5200 quae
3114 5125 3231 5181 fieri
3263 5124 3542 5196 oportuit,

164 5212 618 5286 κεχρῆσθαι,ἆλλ’
649 5212 788 5268 ὅπου
828 5215 950 5268 ποτ’
980 5213 1039 5268 ἂν
1092 5213 1232 5284 ἐξείη
1288 5219 1388 5282 τῆς
1437 5209 1634 5272 οἰκίας.
1688 5210 1791 5266 Καὶ

1904 5215 2395 5285 consequebatur.
2428 5217 2501 5271 At
2528 5215 2624 5271 hic
2660 5220 2931 5272 naturam
2977 5216 3192 5287 ipsam,
3224 5211 3540 5283 quamlibet
3612 5234 3623 5239 -

164 5296 316 5380 πάντα
344 5297 416 5354 δι’
444 5301 520 5357 ὧν
547 5300 673 5371 ἐξῆν
732 5301 1009 5378 ῥᾳστώνην
1064 5304 1314 5372 ἡντινοῦν
1363 5300 1630 5373 εὑρεσθαι,
1692 5297 1791 5353 ούκ

1901 5302 2148 5357 rationis
2179 5308 2497 5374 expertem,
2528 5304 2725 5361 omnia
2765 5304 3086 5359 secundum
3127 5303 3411 5358 rationem
3464 5301 3549 5355 fa-

171 5385 220 5439 ἂν
251 5384 508 5462 δυναίμην
540 5388 711 5445 εἰπεῖν
738 5392 838 5460 τήν
876 5390 1000 5446 τότε
1054 5396 1163 5446 τῶν
1220 5390 1513 5464 λογισμῶν
1555 5386 1784 5463 ἀπορίαν

1901 5404 2051 5455 cere,
2088 5391 2397 5445 manifesto
2476 5390 2895 5462 deprehensum
2970 5390 3102 5445 fuit.
3139 5390 3303 5446 Forte
3359 5388 3539 5456 enim,

164 5477 241 5528 καὶ
302 5474 631 5555 δυσχέρειαν,
682 5480 881 5536 καὶτὸ
959 5482 1037 5555 μὴ
1122 5483 1300 5557 φέρειν
1381 5480 1597 5551 ἐξεῖναι,
1691 5477 1784 5532 κᾶν

1900 5493 2030 5533 mea
2062 5484 2293 5549 sponte,
2325 5479 2525 5534 vinum
2566 5479 2900 5549 calfactum,
2931 5495 3065 5534 cum
3121 5478 3291 5534 micis
3326 5477 3549 5550 aliquot

166 5561 351 5621 ἅπαντά
409 5589 489 5630 τις
550 5568 740 5627 ἐποίει.
801 5572 896 5628 Ἐκ
952 5569 1018 5640 δὴ
1076 5574 1185 5626 τῶν
1237 5570 1510 5626 τοσοὺτων
1567 5566 1690 5644 περὶ
1720 5567 1782 5621 τὸ

1900 5565 2049 5622 lriati
2082 5569 2273 5639 panis,
2301 5572 2622 5641 gustaram.
2654 5576 2708 5624 et
2735 5568 2999 5623 nonnihil
3021 5568 3288 5640 protinus
3319 5567 3542 5622 malum

168 5655 431 5722 πρόσωπον
489 5658 671 5735 ὑγρῶν
729 5660 936 5735 γίγεναί
980 5680 1036 5716 τι
1080 5657 1326 5717 τοιόνδεο
1371 5658 1539 5738 ἄμφω
1567 5658 1647 5713 τὼ
1676 5676 1779 5711 πα-

1900 5655 2190 5713 remittere
2220 5657 2430 5713 visum.
2464 5656 2627 5714 Unde
2686 5661 2887 5730 postea
2943 5659 3162 5716 eimdse
3190 5657 3310 5730 qui,
3372 5661 3546 5728 atque

172 5743 271 5815 9⁸ιά
318 5742 564 5818 ἐτξειίίίὶννλς
621 5746 934 5825 δξώγκωντο
966 5769 981 5786 ο
1036 5748 1130 5805 καὶ
1184 5753 1425 5828 παρῆσαν
1456 5745 1655 5824 ἰατροὶ,
1685 5744 1777 5803 καὶ

1900 5760 2237 5820 magnopere
2282 5747 2684 5821 comprobare,
2722 5747 2965 5806 medicis
3045 5747 3359 5806 consilium
3406 5744 3544 5801 fuit.
