4062 6308
511 383 629 443 415

1823 389 2220 452 THEODULI
2267 386 2614 451 MONACHI

3784 384 3896 444 416

511 516 741 574 Interea
769 522 985 587 autem,
1018 535 1151 575 cum
1184 520 1384 576 omnia
1413 521 1555 577 adeo
1585 523 1777 593 gravia
1806 531 1859 580 et
1889 523 2146 582 intolera-

2263 520 2396 594 πρὸς
2429 517 2600 580 ἄλλος
2655 514 2825 572 ἄλλον
2884 511 3034 585 ἐϐόα,
3083 513 3293 590 Τάχους
3351 513 3433 570 ὅτι
3492 515 3726 588 μάλιστα
3767 515 3874 572 δεῖ·

513 606 656 661 bilia
684 606 782 662 illa
803 607 938 663 bilis
963 609 1354 666 redundantia
1379 610 1594 667 faceret
1624 616 1800 684 atque
1843 613 2048 679 multa,
2090 619 2154 670 ut

511 699 636 750 erat
689 695 988 763 virsimile,
1048 697 1184 753 inde
1245 699 1426 753 animi
1504 700 1779 772 aegritudo
1830 702 2152 769 exsisteret,

511 783 869 840 extrinsecus
897 786 1220 841 secundum
1257 787 1460 842 faciem
1484 803 1600 843 non
1649 789 1858 860 exigua
1891 789 2155 846 humoris

510 873 678 943 copia
702 888 939 928 manare
983 879 1255 946 cmperat,
1290 875 1488 930 adhuc
1544 877 1766 932 ventuli
1815 894 1846 933 ο
1886 878 2154 934 machina

511 961 764 1032 quadam
789 962 1100 1029 ﬁebant,et
1122 970 1556 1035 unguentorum
1589 967 1921 1032 eﬂ'usiones,
1947 973 2005 1024 et
2021 985 2152 1024 cre-

509 1051 622 1105 bras
664 1051 1020 1107 mutationes
1048 1051 1340 1121 locorum;
1376 1071 1490 1109 non
1533 1057 1689 1111 enim
1749 1057 1982 1119 licebat;
2016 1075 2153 1127 non,

509 1137 776 1208 inquam,
819 1137 1048 1206 licebat,
1084 1157 1200 1196 uno
1249 1142 1332 1196 uti
1394 1141 1628 1209 lectulo,
1663 1143 1766 1199 sed
1822 1144 2154 1214 ubicunque

509 1225 853 1280 commodus
909 1241 1160 1297 usquam
1217 1227 1278 1282 in
1333 1228 1554 1285 aadibus
1613 1231 1924 1300 apparebat
1965 1230 2149 1300 locus,

508 1312 738 1384 aliaque
786 1316 1007 1386 omnia,
1031 1317 1187 1373 unde
1217 1319 1805 1390 quantulumcunque
1826 1321 2151 1391 exspectari

509 1405 733 1472 poterat
763 1403 1073 1471 levamen;
1119 1406 1380 1477 adeoque
1441 1423 1515 1463 ne
1583 1410 1863 1480 consequi
1911 1410 2150 1479 quidem

509 1491 700 1546 verbis
733 1496 950 1563 potero,
985 1508 1114 1564 qum
1143 1499 1269 1549 tum
1302 1496 1530 1552 consilii
1562 1497 1757 1568 inopia
1789 1501 1963 1569 atque
1993 1497 2154 1552 difﬂ-

511 1579 716 1647 cultas,
749 1585 805 1636 et
837 1598 1012 1652 quam
1046 1599 1159 1638 non
1211 1583 1447 1640 ferenda
1489 1586 1671 1641 morbi
1706 1587 1928 1642 sevitia
1958 1586 2151 1649 fuerit,

508 1671 742 1727 tamesti
790 1672 933 1727 nihil
991 1689 1108 1730 non
1159 1674 1461 1731 moliretur
1515 1677 1831 1749 quispiam.
1866 1680 2040 1734 Porro
2087 1694 2156 1733 ex

506 1760 601 1816 his
632 1765 752 1816 tam
784 1762 1035 1833 capiosis
1087 1763 1250 1819 faciei
1296 1763 1663 1834 humoribus,
1714 1768 1830 1823 tale
1877 1767 2154 1838 quiddam

2263 611 2351 665 καὶ
2405 605 2724 677 σπουδάζειν
2783 601 2948 678 ἔξεστι
3005 604 3094 659 καὶ
3145 602 3407 679 μαλάχης
3465 602 3662 673 λευκῆς
3691 607 3883 678 χρεία·

2263 701 2353 755 καὶ
2400 705 2577 766 παρῆν
2635 695 2716 751 ὅτι
2773 696 2947 773 τάχος
3001 695 3090 748 καὶ
3134 693 3374 749 πτελεῶν
3425 691 3637 769 φλοιὸς,
3667 693 3749 748 καί
3795 696 3886 749 τιν’

2259 786 2437 862 ἕτερα,
2463 785 2554 840 ’ίνα
2585 783 2929 859 διαχυθέντες
2960 785 3009 837 o't
3061 779 3214 857 ὄγκοι
3249 783 3324 854 μὴ
3373 784 3700 856 χωρήσωσιν
3746 781 3884 850 ε’ίσω,

2260 877 2544 932 κάντεῦθεο
2576 879 2690 935 τοῖς
2718 894 2776 928 τε
2837 874 3044 945 ἰατροῖς
3105 870 3363 945 ἀγωνίας,
3415 875 3492 942 τῷ
3545 892 3603 926 τε
3648 871 3886 943 κάμνοντι

2264 969 2489 1022 θανάτου
2520 965 2645 1039 τάχ’
2673 962 2812 1025 ’ίσως
2871 961 3036 1016 α’ίτιοι
3088 961 3342 1035 γένωται.
3389 962 3457 1018 Τί
3511 961 3574 1017 τὸ
3625 962 3885 1030 ἐντεῦθεν;

2268 1055 2539 1111 [Ιέπαυται
2569 1057 2736 1108 ταῦτα
2761 1071 2774 1085 ⁸
2810 1053 2921 1107 εἶτα
2951 1049 3232 1115 δοκοῦντες
3261 1048 3406 1125 ἔχειν
3440 1050 3708 1127 γαλήνην,
3741 1050 3890 1106 πάλιν

2260 1151 2375 1206 τοῖς
2407 1144 2598 1216 πρώην
2632 1141 2992 1215 ἐμπίπτομεν,
3029 1141 3184 1195 εἶκαὶ
3221 1141 3295 1211 μή
3321 1137 3748 1210 παραπλησίοις,
3778 1139 3893 1210 τρό-

2262 1255 2362 1290 πον
2393 1232 2440 1287 δ’
2470 1231 2651 1307 ἕτερον
2690 1230 3096 1304 παραπλησίοις
3133 1249 3145 1262 ⁸
3200 1231 3234 1298 ἡ
3284 1231 3388 1304 γὰρ
3431 1229 3568 1298 αὐτή
3626 1250 3708 1290 τις
3763 1230 3890 1283 ἀπο-

2261 1323 2348 1397 ρία
2396 1328 2511 1384 τοῖς
2570 1322 2779 1395 ἰατροῖς
2817 1339 2833 1353 ⁸
2885 1320 3114 1393 πυρετὸς
3159 1319 3265 1394 γὰρ
3294 1315 3354 1372 ἐκ
3393 1321 3627 1393 πυρετοῦ
3659 1315 3891 1389 συλλαμ-

2265 1407 2439 1467 ϐάνων
2474 1409 2634 1486 διῆγε
2668 1432 2680 1444 ·
2717 1410 2804 1464 καὶ
2835 1409 2902 1464 τὰ
2932 1405 3131 1480 πολλῷ
3161 1411 3242 1479 τῷ
3282 1407 3469 1481 χρόνῳ
3521 1406 3662 1478 μέλη
3715 1427 3890 1479 κατερ-

2263 1502 2530 1577 γασθὲντα
2585 1503 2701 1560 πῶς
2783 1497 2888 1553 θ’ίει
2956 1497 3281 1571 κατέτρυχεν
3315 1513 3327 1525 ⁸
3390 1496 3464 1556 ὡς
3517 1492 3645 1567 μηδ’
3702 1495 3890 1562 ὁτιοῦν,

2267 1591 2398 1664 μήθ’
2453 1593 2614 1663 ἡμῖν,
2677 1590 2816 1661 μήτε
2866 1592 2983 1650 τοῖς
3043 1587 3250 1660 ἰατροῖς
3307 1583 3501 1655 ἐξεῖναι
3543 1589 3887 1657 προσεευρεῖν.

2263 1681 2543 1742 Τοιούτοις
2575 1681 2721 1751 ἡμᾶς
2752 1680 2814 1732 τὸ
2865 1674 3207 1750 φθινόπωρον
3253 1674 3524 1742 ἑστιᾶσαν,
3557 1670 3671 1728 δέον
3715 1673 3888 1744 ᾠήθη·

2270 1791 2363 1843 μεν
2412 1768 2672 1823 κοινωνὸν
2729 1769 2820 1820 καὶ
2880 1766 2937 1820 σὲ
2992 1771 3220 1833 ποιῆσαι
3274 1769 3374 1833 τῆς
3431 1761 3654 1829 θοίνης·
3716 1761 3815 1836 οὐχ
3837 1759 3886 1814 ’ίν

507 1851 718 1906 evenit.
752 1852 952 1907 Ambae
983 1854 1176 1909 subito
1207 1858 1545 1912 extumuere
1577 1872 1756 1928 genae.
1793 1858 1896 1912 Hic
1944 1875 2146 1913 rursus

507 1938 996 1960 _J___.____--,:-g
1362 1945 1420 1960 ,.
1492 1945 1524 1960 .-
1689 1946 1702 1960 .
1813 1947 1846 1960 ..

2265 1857 2496 1931 ἀλγοίης
2530 1876 2542 1888 ⁸
2577 1855 2767 1931 πόρῥω
2798 1853 2901 1928 γὰρ
2959 1855 3122 1924 ἡμεῖς
3178 1857 3284 1906 τῶν
3343 1850 3608 1907 τοιούτων
3655 1854 3764 1911 τοῖς
3811 1847 3892 1926 φί-

2265 1946 2283 1960 \
2503 1943 2618 1960 9\\a
2645 1942 2669 1960 ﬂ
2707 1949 2718 1960 ι
2804 1940 2853 1960 ’⁸5
2891 1943 2902 1960 Ι
3040 1941 3085 1960 ἰ
3177 1951 3200 1960 ιι
3339 1935 3393 1960 ’I,
3505 1959 3519 1960 κ
3571 1959 3579 1960 κ
3649 1937 3680 1960 Π
3761 1958 3764 1960 .
3819 1937 3878 1960 μ’-

504 1938 773 1994 advolare
788 1940 1020 2007 medici,
1054 1941 1320 2013 aliusque
1351 1945 1421 1998 ad
1454 1945 1632 2000 alium
1655 1946 2146 2016 clamitare,nunc

2265 1946 2384 2007 λοις
2419 1963 2432 1976 ⁸
2492 1943 2618 1999 ἀλλ’
2645 1942 2718 1997 ’ἶν’
2776 1940 2976 2012 εἰδείης
3035 1941 3085 2013 ἐξ
3146 1951 3277 1994 υϊων
3335 1935 3438 2013 ἄρα
3493 1937 3767 1994 σκοπέλων
3815 1937 3879 1998 εἰς

505 2026 592 2081 vel
627 2026 876 2083 maxime
915 2033 1340 2100 properandum
1385 2040 1436 2088 et
1479 2049 1580 2102 pro
1630 2033 1854 2090 viribus
1919 2035 2146 2092 adlabo-

2264 2033 2416 2095 οἵους
2447 2033 2788 2107 κατέσχομεν
2813 2029 2902 2084 σὺν
2934 2033 3051 2102 Θεῷ
3079 2027 3207 2089 τοὺς
3240 2028 3490 2101 λιμένας.

505 2117 756 2171 randum
785 2132 934 2182 esse,
966 2118 1026 2173 in
1057 2119 1262 2189 primis
1291 2121 1481 2177 malva
1509 2121 1638 2178 alba
1667 2139 1814 2192 opus
1844 2140 1990 2192 esse,
2022 2141 2149 2197 quis
2175 2126 2332 2182 illico
2362 2124 2587 2192 adfuit,
2621 2128 2678 2180 et
2733 2120 3005 2178 similiter
3053 2117 3198 2176 ulmi
3236 2123 3452 2186 cortex,
3485 2122 3545 2174 et
3581 2117 3692 2174 alia
3732 2132 3880 2190 qua—

502 2205 655 2270 dem,
689 2207 750 2260 ut
775 2205 1046 2277 dissipati
1087 2207 1196 2264 hoc
1238 2211 1411 2266 modo
1467 2214 1729 2268 tumores
1788 2230 1904 2269 non
1944 2215 2014 2270 ad
2065 2215 2341 2272 interiora
2387 2219 2770 2285 penetrarent,
2803 2216 2980 2281 atque
3039 2213 3236 2282 postea
3280 2212 3408 2264 tum
3460 2224 3619 2264 nova
3668 2205 3888 2263 medicis

503 2294 932 2366 trepidationis,
964 2301 1093 2353 tum
1115 2314 1268 2370 aegro
1302 2299 1569 2358 interitus
1594 2301 1835 2359 fortasse
1868 2319 2043 2359 causa
2067 2305 2287 2361 ﬁerent.
2311 2304 2464 2360 Cedo
2493 2302 2633 2374 quid
2659 2310 2856 2373 postea
2876 2300 2904 2356 ?
2926 2303 3146 2356 tantum
3178 2299 3332 2368 quod
3357 2297 3474 2354 ista
3494 2297 3887 2369 conquierunt;

503 2402 637 2441 cum
685 2387 1054 2443 serenitatem
1109 2405 1213 2444 nos
1261 2390 1388 2460 jam
1455 2396 1650 2447 tenere
1709 2393 1838 2458 rati,
1868 2394 2059 2448 denuo
2117 2394 2177 2449 in
2225 2393 2321 2448 illa
2370 2393 2667 2463 superiora
2705 2389 3041 2457 recidimus,
3070 2393 3202 2444 utut
3241 2404 3355 2442 non
3386 2388 3622 2459 gemina
3643 2384 3804 2456 plane
3831 2399 3887 2437 ac

501 2475 826 2546 simillima,
859 2477 969 2534 alio
1009 2482 1204 2535 tamen
1239 2496 1354 2551 quo
1383 2485 1552 2552 pacto
1583 2482 1944 2550 consimilia;
1979 2485 2191 2556 quippe
2219 2485 2420 2540 eadem
2475 2483 2687 2539 iterum
2719 2478 2963 2536 medicis
2994 2479 3109 2534 fere
3165 2477 3366 2534 aderat
3395 2475 3698 2536 hesitatio.
3746 2473 3884 2546 quod

501 2565 680 2622 febris
700 2567 905 2622 febrim
929 2570 1580 2642 excipiens,suspensos
1604 2571 1971 2645 incertosque
2009 2579 2258 2630 teneret:
2302 2579 2582 2645 artusque
2611 2571 2869 2644 corporis
2897 2571 3019 2642 ipsa
3046 2567 3233 2623 morbi
3258 2566 3648 2623 diuturnitate
3679 2564 3879 2636 pridem

498 2657 790 2712 confectos
855 2659 1255 2716 incredibilem
1333 2662 1395 2718 in
1469 2663 1710 2718 modum
1785 2670 2225 2735 conquassaret,
2304 2668 2366 2718 ut
2437 2662 2666 2718 nullum
2749 2660 2842 2714 hic
2928 2658 3202 2729 amplius,
3265 2672 3455 2727 neque
3535 2671 3660 2750 nos,
3719 2667 3882 2750 neque

503 2748 731 2817 medici,
787 2749 1112 2820 excogitare
1164 2767 1465 2821 possemus
1522 2753 1858 2809 consilium.
1909 2755 2151 2820 Quando
2195 2751 2604 2824 hujuscemodi
2651 2751 2833 2840 igitur
2881 2765 2987 2804 nos
3027 2751 3381 2803 auctumnus
3419 2745 3614 2840 epulis
3661 2744 3884 2840 accepit,

505 2839 562 2890 te
607 2837 868 2905 ejusdem
926 2839 1102 2894 etiam
1155 2840 1496 2913 participem
1539 2842 1787 2897 convivii
1826 2842 2155 2898 faciendum
2209 2843 2377 2898 nobis
2424 2858 2549 2898 esse
2604 2839 3032 2897 arbitrabamur
3073 2853 3087 2891 :
3140 2852 3255 2892 non
3309 2833 3587 2904 equidem
3723 2833 3879 2888 animi

503 2929 562 2980 te
613 2926 976 2982 excruciares
1033 2928 1235 3000 (apage
1289 2931 1465 2986 istam
1517 2949 1550 2986 a
1614 2932 1781 2988 nobis
1847 2932 1907 2987 in
1973 2933 2191 2990 amicos
2257 2931 2796 2999 inbumanitatem),
2847 2928 2948 2984 sed
3011 2930 3076 2983 ut
3129 2940 3514 2997 cognosceres
3571 2921 3773 2996 quibus
3822 2932 3879 2971 ex

508 3016 765 3088 scapulis
791 3017 850 3073 in
883 3033 1020 3090 quos
1043 3023 1265 3090 portus,
1288 3020 1388 3076 Dei
1417 3021 1766 3080 immortalis
1797 3039 1923 3095 ope,
1959 3024 2190 3079 tandem
2217 3021 2535 3094 aliquando
2569 3019 3022 3093 appulissemus.

1158 3154 1250 3211 IV.
1293 3155 1497 3212 Eidem.

581 3285 762 3353 Atque
792 3284 898 3340 tibi
936 3287 1226 3356 equidem,
1259 3289 1346 3344 vir
1367 3289 1607 3360 optime,
1638 3291 1860 3363 optima
1916 3307 2147 3362 semper

506 3373 774 3429 eveniant
815 3373 1032 3440 omnia,
1067 3379 1122 3430 et
1181 3375 1422 3432 meliore
1475 3377 1794 3434 identidem
1854 3378 2145 3435 felicitatis

504 3464 884 3528 incremento,
913 3463 1406 3522 secundissimam
1459 3467 1773 3538 experieris
1828 3468 2142 3537 fortunam,

501 3567 633 3605 cum
669 3552 836 3606 nobis
871 3551 989 3606 haec
1020 3552 1126 3608 tibi
1173 3555 1696 3625 comprecantibus,
1731 3559 1854 3611 tum
1903 3560 1983 3611 tot
2014 3557 2144 3612 aliis

498 3641 615 3695 tuis
639 3640 843 3696 amicis
879 3656 893 3694 :
927 3657 1265 3714 quanquam
1299 3644 1442 3699 mihi
1474 3643 1628 3700 haud
1670 3645 1916 3715 proclive
1974 3646 2146 3702 fuerit

499 3744 701 3784 eorum
763 3729 910 3786 inire
952 3747 1288 3800 numerum,
1335 3750 1482 3804 quos
1523 3738 1625 3789 tuo
1686 3734 2145 3791 consauciaveris

502 3833 716 3885 amore,
741 3823 866 3873 tum
896 3819 1010 3874 isto
1040 3819 1178 3875 item
1228 3824 1425 3877 animo
1458 3827 1557 3878 tuo
1606 3823 1763 3879 haud
1820 3822 1970 3878 aliud
2027 3823 2145 3879 voti

499 3905 810 3975 recipiente
839 3913 1281 3979 argumentum;
1316 3911 1416 3980 qui
1443 3910 1598 3966 enim
1632 3928 1746 3967 non
1780 3911 1972 3967 solum
2001 3912 2146 3967 ami-

497 3993 602 4060 cis,
627 3995 725 4050 sed
759 3995 1022 4052 universe
1055 3998 1351 4066 omnibus,
1376 4003 1433 4054 et
1473 4000 1621 4056 laetis
1668 4001 1728 4056 in
1779 4001 1951 4058 rebus
2011 4020 2145 4057 con-

498 4081 824 4154 gratularis,
842 4088 900 4139 et
928 4085 988 4139 in
1017 4084 1248 4141 afﬂictis
1281 4088 1652 4144 verissimum
1677 4090 1834 4160 capis
1863 4090 2142 4156 dolorem,

496 4186 692 4226 annon
733 4171 901 4227 talem
923 4176 980 4228 te
1011 4173 1252 4246 inquam
1284 4175 1785 4248 virum,perpetua
1804 4179 2148 4234 animilaati-

497 4261 600 4326 tia,
633 4263 1235 4333 summaquefortunse
1259 4268 1663 4336 prosperitate,
1685 4269 2145 4339 perfruiaaquum

501 4350 716 4406 fuerit?
753 4351 866 4407 Nos
918 4369 1051 4408 vero
1112 4371 1244 4410 cum
1297 4356 1561 4412 nonnihil
1621 4358 1692 4413 de
1746 4359 2148 4430 superioribus

502 4439 674 4496 malis
706 4441 1186 4513 respirassemus,
1219 4449 1276 4500 et
1305 4445 1364 4500 in
1409 4445 1708 4503 meliorem
1739 4450 2146 4521 recuperandis

2862 3151 2934 3208 Δ’.
2965 3153 3067 3222 Τῷ
3100 3149 3304 3219 αὐτῷ.

2329 3287 2403 3343 Σὺ
2439 3289 2534 3360 μὲν
2567 3287 2681 3358 ε’ίης
2711 3284 2799 3340 διὰ
2847 3283 3062 3354 τελους,
3091 3283 3295 3358 ἄριστε,
3349 3282 3608 3355 πράττων
3667 3278 3736 3346 εὗ,
3788 3271 3862 3327 καὶ

2259 3382 2372 3449 μετ’
2413 3375 2696 3449 ἀμείνονος
2738 3373 2841 3428 αἰεὶ
2898 3379 3000 3442 τῆς
3028 3372 3370 3445 προσθήκης,
3399 3369 3642 3446 τάγαθοῦ
3695 3361 3863 3434 πειρώ-

2258 3486 2412 3538 μενος
2472 3462 2753 3537 δαίμονος,
2810 3465 2970 3534 ἡμῶν
3007 3461 3064 3516 τὲ
3111 3481 3195 3514 σοι
3246 3463 3413 3514 ταῦτα
3460 3452 3865 3531 συνευχομένων,

2251 3554 2340 3610 καὶ
2371 3559 2575 3622 τῶν·..,
2607 3551 2737 3608 ἀλλ’
2766 3551 2865 3607 ούκ
2893 3550 2953 3605 ἃν
2987 3549 3252 3622 δυναίμην
3301 3549 3471 3602 εἰπεῖν
3528 3546 3680 3608 ὅσους
3726 3538 3870 3614 ἔτρω-

2255 3665 2371 3715 σας,
2397 3650 2495 3712 τῆς
2525 3663 2581 3696 τε
2613 3647 2712 3710 σῆς
2741 3641 2970 3714 γνώμης
3001 3639 3180 3711 ἕτὲραν
3225 3636 3286 3692 ού
3338 3634 3646 3711 δεχομένης
3703 3629 3873 3686 ὑπόθε-

2255 3754 2334 3786 σιν
2363 3751 2376 3765 ⁸
2410 3733 2438 3786 6
2469 3732 2575 3805 γὰρ
2605 3729 2665 3784 ού
2698 3727 2881 3808 φίκοις
2935 3728 3122 3800 μόνον,
3157 3723 3304 3781 ἀλλὰ
3344 3724 3436 3779 καὶ
3492 3729 3662 3808 πᾶσιν,
3705 3718 3874 3808 ἀπλῶς

2255 3823 2311 3876 εὗ
2349 3823 2443 3893 μὶν
2477 3805 2770 3894 πράττδυσι
2812 3814 3204 3888 συνηδόμενος,
3231 3813 3319 3868 ἐπὶ
3372 3811 3429 3868 δὲ
3475 3818 3591 3873 τοῖς
3639 3805 3872 3864 ἔναντίοις

2255 3912 2342 3964 καὶ
2381 3909 2492 3982 μάλ
2527 3928 2540 3940 ⁸
2575 3905 2905 3982 ἀχθόμενος,
2938 3906 3028 3959 τὸν
3060 3902 3125 3973 δὴ
3159 3904 3404 3958 τοιοὸτον
3426 3906 3546 3964 πῶς
3579 3899 3638 3954 οὓ
3668 3896 3874 3953 διαπαν-

2253 4000 2344 4061 τὸς
2403 3998 2743 4071 εὐθυμεῖσθαι
2811 4001 3075 4069 προσῆκε,
3141 3993 3232 4047 καὶ
3304 3992 3378 4052 ὡς
3456 3989 3644 4066 ἄριστα
3697 3984 3874 4071 ἔχεινι

2252 4089 2446 4161 Ἡμεῖς
2505 4070 2563 4142 δὲ
2611 4086 2804 4159 μικρὸν
2853 4081 3307 4143 ἀναπεπνευκέτες
3359 4079 3576 4136 ἐκείνων
3611 4080 3714 4132 τῶν
3764 4070 3872 4161 δυσ-

2254 4159 2455 4252 χερῶν,
2514 4175 2604 4230 καὶ
2662 4175 2798 4248 πρὸς
2873 4173 3126 4245 ἀμείνους
3201 4170 3560 4230 καταστάντες
3642 4159 3868 4252 ἑλπίδας,

2256 4250 2329 4329 ob;
2364 4264 2490 4340 ῥᾷον
2539 4264 2613 4320 ἔθ’
2661 4262 2870 4337 ἕξομεν,
2904 4259 3092 4329 ἐπειδὴ
3138 4264 3246 4315 τῶν
3303 4258 3510 4332 ἰητρῶν
3565 4250 3869 4312 κελευόντων

2256 4355 2608 4430 ἐχρησάμεθα
2659 4353 2932 4427 λουτροῖς,
2966 4351 3114 4411 αὖθις
3171 4349 3236 4402 αὗ
3267 4349 3406 4422 ἦμεν
3437 4347 3488 4401 ἐν
3516 4350 3628 4401 τοῖς
3659 4341 3826 4397 αὐτοῖς

2256 4423 2341 4499 xui
2387 4423 2432 4498 V6
2477 4423 2712 4518 ⁷πρόσθεν
2770 4423 2984 4516 χειμὼν
3054 4439 3210 4512 ἐπῄει
3285 4434 3643 4514 σφοδρότερος
3699 4449 3711 4461 '
3793 4423 3870 4518 In}

501 4531 712 4585 iterum
743 4530 952 4586 salutis
974 4549 1139 4604 spem
1171 4535 1572 4604 venissemus;
1605 4537 1693 4592 hic
1713 4553 1847 4594 vero
1889 4539 1960 4594 de
1998 4555 2130 4593 con~

2258 4537 2419 4606 μήπω
2473 4515 2721 4602 καθαρῶς
2776 4515 3179 4604 ἀπηλλαχότας
3233 4533 3334 4596 τῆς
3373 4520 3702 4600 τυραννίδος,
3733 4519 3758 4572 6
3785 4515 3870 4607 τνῦ

498 4618 632 4674 silio
663 4621 1020 4677 medicorum
1053 4622 1259 4680 balneo
1299 4625 1444 4680 forte
1492 4625 1776 4695 adhibito,
1809 4626 1872 4683 in
1918 4626 2137 4683 eisdem

497 4710 687 4764 denuo
720 4709 888 4765 malis
914 4727 1150 4768 eramus
1181 4729 1194 4768 :
1228 4714 1500 4785 priorque
1521 4715 1643 4784 illa,
1676 4715 1778 4771 sed
1829 4716 2141 4773 vehemen-

500 4795 628 4864 tior,
661 4797 969 4870 ingruebat
997 4803 1571 4876 tempestas,nosque
1591 4806 1852 4861 nondum
1867 4823 1934 4862 ex
1948 4814 2142 4879 tyran-

497 4885 630 4942 nide
655 4887 888 4958 penitus
904 4893 1149 4959 ereptos,
1170 4889 1270 4947 ille
1309 4891 1643 4951 Phalaridis
1671 4895 1773 4951 bos
1806 4897 2059 4952 tenebat.
2083 4897 2142 4951 in

501 4991 677 5032 causa
717 4984 859 5043 erat,
895 4979 1046 5049 quod
1092 4995 1207 5034 non
1274 4986 1599 5052 opportune
1657 4982 1798 5039 salis
1857 4983 2144 5040 lavatione

503 5065 594 5121 usi
627 5067 961 5134 fuissemus,
996 5068 1180 5123 multa
1209 5068 1402 5125 adhuc
1462 5069 1596 5126 bilis
1644 5071 1698 5126 vi
1754 5073 2140 5129 ventriculum

501 5154 826 5210 obsidente.
861 5155 1034 5211 Retro
1067 5157 1264 5227 itaque
1295 5173 1428 5214 mox
1478 5158 1770 5230 sublapsa,
1803 5166 1861 5217 et
1897 5161 1958 5216 in
2007 5178 2143 5217 con-

501 5243 746 5298 trarium
800 5243 916 5299 lata
969 5247 1185 5313 omnia,
1222 5246 1527 5320 nullisque
1583 5265 1697 5306 non
1748 5249 1886 5306 mali
1945 5251 2144 5307 aderat

504 5330 750 5403 species,
782 5332 904 5388 sive
934 5334 1146 5403 verius,
1180 5324 1322 5390 nihil
1366 5353 1480 5392 non
1516 5353 1788 5409 supremo
1835 5338 1894 5393 in
1939 5341 2138 5411 gradu.

501 5420 719 5488 Nempe
749 5425 804 5474 et
825 5422 1076 5492 pessime
1106 5425 1313 5481 affecta
1342 5429 1507 5480 erant
1545 5427 1934 5496 intestina,ita
1957 5432 2020 5483 ut
2048 5427 2144 5483 vix

504 5509 768 5564 attollere
801 5526 892 5565 me
920 5528 987 5566 ac
1016 5511 1204 5569 levare
1233 5530 1491 5585 possem.
1522 5516 1590 5572 Et
1621 5517 1908 5588 reliquum
1931 5533 2142 5588 corpus

503 5596 734 5652 assidue
764 5599 1242 5674 gravissimisque
1256 5605 1639 5676 torquebatur
1667 5605 2144 5678 doloribus,quo-

509 5690 668 5748 niam
701 5705 1052 5764 unoquoque
1097 5693 1159 5752 in
1216 5693 1498 5763 membro,
1529 5711 1660 5768 sua,
1687 5700 1753 5756 ut
1791 5696 1871 5755 ita
1925 5695 2140 5768 dicam,

2254 4603 2557 4696 ᾧακάριδος
2615 4620 2743 4695 ἔσχε
2795 4621 2946 4694 βοῦς.
2979 4603 3164 4675 Ατίτιον
3226 4613 3285 4671 δὶ
3333 4616 3396 4670 τὸ
3432 4617 3507 4687 μὴ
3704 4603 3868 4708 καιρδν

2255 4715 2469 4774 πάντως
2498 4710 2813 4777 λελοῦσθαι,
2846 4707 3026 4782 χολῆς
3057 4704 3128 4762 ἔτ’
3177 4704 3415 4781 ἕχούσης
3443 4703 3585 4778 ιπερὶ
3625 4699 3712 4752 τὸν
3759 4699 3865 4795 στόῖ

2254 4823 2451 4878 μαχον.
2511 4803 2755 4857 ’Δπαντα
2806 4796 2874 4867 δὴ
2933 4795 3024 4852 οὖν
3075 4795 3226 4858 εὐθὺς
3282 4793 3669 4867 ἀνατέτραπται
3719 4807 3730 4820 ·
3784 4793 3864 4835 και

2249 4893 2386 4966 πρὸς
2433 4888 2742 4946 τούναντίον
2791 4887 3040 4961 ὡρμήκει
3074 4903 3088 4918 ⁸
3140 4884 3231 4938 καὶ
3262 4880 3415 4939 ούδὶν
3448 4881 3478 4936 6'
3514 4901 3565 4935 τι
3603 4879 3676 4951 μή

2247 4957 2354 5035 των
2385 4977 2569 5035 δεινῶν
2603 4997 2616 5012 ⁸
2654 4957 2955 5052 μᾶλλονδὲ
2983 4971 3139 5030 οὐδὲν
3171 4971 3202 5028 6'
3229 4993 3282 5028 τι
3305 4972 3369 5027 οὗ
3406 4957 3860 5058 μεθ’ὑπερὸολῆξ·

2248 5071 2316 5124 τά
2344 5090 2402 5124 τε
2432 5071 2537 5145 γὰρ
2569 5065 2718 5123 ἔνδον
2775 5066 3033 5138 πονήρως
3086 5058 3269 5137 ἔσχεν,
3326 5063 3401 5125 ὡς
3446 5057 3598 5147 μηδ’,
3625 5055 3858 5147 ἀνασχεῖν

2249 5158 2369 5214 οἶόν
2398 5159 2445 5212 τ’
2494 5157 2647 5228 εἶναι,
2678 5155 2740 5210 τό
2787 5175 2846 5210 τε
2895 5159 3056 5226 σῶμα
3103 5155 3328 5212 πυκναῖς
3373 5149 3456 5205 ὅτι
3510 5145 3735 5220 μάλιστα
3780 5153 3857 5236 κξι

2253 5247 2492 5320 βαρείαις
2541 5241 2738 5318 ἔκαμνε
2792 5246 2910 5304 ταῖς
2973 5239 3189 5302 ὀδύναις
3238 5239 3372 5294 κατά
3418 5236 3608 5296 παντὸς
3658 5232 3854 5329 ὁτουίῖυν

2253 5317 2478 5407 μέλους,
2528 5328 3094 5409 ἐστρατοπεδευκότων
3147 5330 3220 5390 ὡς
3288 5326 3455 5383 εἰπεῖν
3509 5328 3614 5380 τῶν
3667 5317 3858 5420 ’δεινῶ-ξ

2252 5424 2349 5478 Καὶ
2381 5445 2562 5502 σιωπιρ
2612 5421 2898 5496 στομάχου
2935 5420 3251 5493 κατάψυξιν,
3282 5417 3373 5472 καὶ
3419 5417 3514 5485 τὴν
3565 5410 3682 5512 περὶ
3719 5410 3859 5512 πὰνῗ

2249 5510 2466 5582 ἀηδίαν,
2497 5500 2586 5568 καὶ
2641 5511 2767 5573 τοὺς
2827 5509 2916 5565 ὅτε
2969 5530 3021 5563 τι
3070 5512 3177 5562 τῶν
3232 5506 3286 5562 ἐν
3341 5511 3459 5568 τοῖς
3497 5500 3755 5558 τοιούτοις
3783 5500 3842 5544 ὑπ

2249 5600 2485 5678 ἀνάγκης
2563 5602 2887 5674 προσιέμην,
2963 5595 3138 5652 αὐτίκ’
3219 5596 3558 5655 ἀπαντῶντας
3639 5583 3854 5678 ἒμέτουξ-

2249 5665 2404 5752 Ἀλλ’
2441 5665 2700 5766 ⁷ἠπίαλοι
2727 5665 2882 5753 τινες*
2925 5687 3156 5759 ἑκάστης
3210 5686 3420 5765 ἡμέρας
3466 5682 3518 5749 ἐς
3565 5684 3700 5756 μῆνα
3722 5665 3853 5727 κατέ·
