  <div class='ocr_page' id='page_1' title='image "/cluster/home/n/w/nwhite01/storage/ocr_20150623/145/mdp.39015061167048/216.png"; bbox 0 0 4062 6308; ppageno 0'>
   <div class='ocr_carea' id='block_1_1' title="bbox 220 386 315 446">
    <p class='ocr_par' dir='ltr' id='par_1_1' title="bbox 220 386 315 446">
     <span class='ocr_line' id='line_1_1' title="bbox 220 386 315 446; baseline -0.021 0"><span class='ocrx_word' id='word_1_1' title='bbox 220 386 315 446; x_wconf 73' lang='lat' dir='ltr'><strong>H7</strong></span> 
     </span>
    </p>
   </div>
   <div class='ocr_carea' id='block_1_2' title="bbox 1673 377 2100 440">
    <p class='ocr_par' dir='ltr' id='par_1_2' title="bbox 1673 377 2100 440">
     <span class='ocr_line' id='line_1_2' title="bbox 1673 377 2100 440; baseline 0.002 -1"><span class='ocrx_word' id='word_1_2' title='bbox 1673 377 2100 440; x_wconf 70' lang='lat' dir='ltr'><strong>EPISTOLE.</strong></span> 
     </span>
    </p>
   </div>
   <div class='ocr_carea' id='block_1_3' title="bbox 3466 382 3586 442">
    <p class='ocr_par' dir='ltr' id='par_1_3' title="bbox 3466 382 3586 442">
     <span class='ocr_line' id='line_1_3' title="bbox 3466 382 3586 442; baseline 0.017 -2"><span class='ocrx_word' id='word_1_3' title='bbox 3466 382 3586 442; x_wconf 81' lang='grc'><strong>418</strong></span> 
     </span>
    </p>
   </div>
   <div class='ocr_carea' id='block_1_4' title="bbox 221 492 1835 590">
    <p class='ocr_par' dir='ltr' id='par_1_4' title="bbox 221 507 1833 590">
     <span class='ocr_line' id='line_1_4' title="bbox 221 507 1833 590; baseline -0.004 -20"><span class='ocrx_word' id='word_1_4' title='bbox 221 535 353 590; x_wconf 79' lang='grc' dir='ltr'>σχον,</span> <span class='ocrx_word' id='word_1_5' title='bbox 385 512 549 569; x_wconf 84' lang='grc' dir='ltr'>δεινοί</span> <span class='ocrx_word' id='word_1_6' title='bbox 599 515 696 587; x_wconf 76' lang='grc' dir='ltr'>μὲν</span> <span class='ocrx_word' id='word_1_7' title='bbox 745 512 990 589; x_wconf 73' lang='grc' dir='ltr'>ἐκτρίψαι</span> <span class='ocrx_word' id='word_1_8' title='bbox 1039 513 1127 568; x_wconf 78' lang='grc' dir='ltr'><strong>καὶ</strong></span> <span class='ocrx_word' id='word_1_9' title='bbox 1178 507 1539 567; x_wconf 77' lang='grc' dir='ltr'>καταϐαλεῖν·</span> <span class='ocrx_word' id='word_1_10' title='bbox 1597 511 1708 584; x_wconf 85' lang='grc' dir='ltr'><strong>οὐχ</strong></span> <span class='ocrx_word' id='word_1_11' title='bbox 1751 511 1833 564; x_wconf 81' lang='grc' dir='ltr'><strong>ὅτι</strong></span> 
     </span>
    </p>
   </div>
   <div class='ocr_carea' id='block_1_5' title="bbox 1947 492 3584 590">
    <p class='ocr_par' dir='ltr' id='par_1_5' title="bbox 1948 511 3584 586">
     <span class='ocr_line' id='line_1_5' title="bbox 1948 511 3584 586; baseline 0.002 -20"><span class='ocrx_word' id='word_1_12' title='bbox 1948 517 2158 578; x_wconf 86' lang='lat' dir='ltr'><strong>castra,</strong></span> <span class='ocrx_word' id='word_1_13' title='bbox 2189 511 2276 566; x_wconf 90' lang='lat' dir='ltr'><strong>vis</strong></span> <span class='ocrx_word' id='word_1_14' title='bbox 2343 513 2528 568; x_wconf 83' lang='lat' dir='ltr'><strong>morbi</strong></span> <span class='ocrx_word' id='word_1_15' title='bbox 2577 516 2868 584; x_wconf 82' lang='lat' dir='ltr'><strong>posuerat.</strong></span> <span class='ocrx_word' id='word_1_16' title='bbox 2935 515 3122 586; x_wconf 81' lang='lat' dir='ltr'><strong>Atque</strong></span> <span class='ocrx_word' id='word_1_17' title='bbox 3183 517 3342 570; x_wconf 86' lang='lat' dir='ltr'><strong>taceo</strong></span> <span class='ocrx_word' id='word_1_18' title='bbox 3391 520 3584 570; x_wconf 90' lang='lat' dir='ltr'><strong>tamen</strong></span> 
     </span>
    </p>
   </div>
   <div class='ocr_carea' id='block_1_6' title="bbox 217 600 1836 680">
    <p class='ocr_par' dir='ltr' id='par_1_6' title="bbox 217 600 1836 680">
     <span class='ocr_line' id='line_1_6' title="bbox 217 600 1836 680; baseline -0.003 -23"><span class='ocrx_word' id='word_1_19' title='bbox 217 625 262 680; x_wconf 83' lang='grc' dir='ltr'><strong>γε</strong></span> <span class='ocrx_word' id='word_1_20' title='bbox 303 606 440 676; x_wconf 71' lang='grc' dir='ltr'>ἡμᾶς</span> <span class='ocrx_word' id='word_1_21' title='bbox 487 602 614 664; x_wconf 81' lang='grc' dir='ltr'>τοὺς</span> <span class='ocrx_word' id='word_1_22' title='bbox 664 601 774 672; x_wconf 78' lang='grc' dir='ltr'>ἤδη</span> <span class='ocrx_word' id='word_1_23' title='bbox 825 601 1350 677; x_wconf 77' lang='grc' dir='ltr'><strong>διαπεπραγμένους,</strong></span> <span class='ocrx_word' id='word_1_24' title='bbox 1381 601 1472 654; x_wconf 84' lang='grc' dir='ltr'><strong>καὶ</strong></span> <span class='ocrx_word' id='word_1_25' title='bbox 1506 600 1685 672; x_wconf 78' lang='grc' dir='ltr'>ὥσπερ</span> <span class='ocrx_word' id='word_1_26' title='bbox 1737 619 1836 653; x_wconf 86' lang='grc' dir='ltr'>κα-</span> 
     </span>
    </p>
   </div>
   <div class='ocr_carea' id='block_1_7' title="bbox 221 689 1836 765">
    <p class='ocr_par' dir='ltr' id='par_1_7' title="bbox 221 689 1836 765">
     <span class='ocr_line' id='line_1_7' title="bbox 221 689 1836 765; baseline -0.002 -18"><span class='ocrx_word' id='word_1_27' title='bbox 221 700 406 764; x_wconf 75' lang='grc' dir='ltr'>μόντων</span> <span class='ocrx_word' id='word_1_28' title='bbox 437 690 670 748; x_wconf 80' lang='grc' dir='ltr'>εἴδωλον</span> <span class='ocrx_word' id='word_1_29' title='bbox 704 692 885 760; x_wconf 80' lang='grc' dir='ltr'>ὄντας,</span> <span class='ocrx_word' id='word_1_30' title='bbox 927 691 1073 747; x_wconf 84' lang='grc' dir='ltr'><strong>ἀλλά</strong></span> <span class='ocrx_word' id='word_1_31' title='bbox 1124 693 1210 746; x_wconf 84' lang='grc' dir='ltr'><strong>καὶ</strong></span> <span class='ocrx_word' id='word_1_32' title='bbox 1253 693 1379 752; x_wconf 80' lang='grc' dir='ltr'>τοὺς</span> <span class='ocrx_word' id='word_1_33' title='bbox 1425 689 1554 763; x_wconf 89' lang='grc' dir='ltr'>μάλ’</span> <span class='ocrx_word' id='word_1_34' title='bbox 1587 689 1836 765; x_wconf 75' lang='grc' dir='ltr'>ἒῤῥωμέ-</span> 
     </span>
    </p>
   </div>
   <div class='ocr_carea' id='block_1_8' title="bbox 218 776 1834 854">
    <p class='ocr_par' dir='ltr' id='par_1_8' title="bbox 218 776 1834 854">
     <span class='ocr_line' id='line_1_8' title="bbox 218 776 1834 854; baseline -0.002 -21"><span class='ocrx_word' id='word_1_35' title='bbox 218 800 320 840; x_wconf 83' lang='grc' dir='ltr'>νους</span> <span class='ocrx_word' id='word_1_36' title='bbox 345 779 404 833; x_wconf 89' lang='grc' dir='ltr'>τὸ</span> <span class='ocrx_word' id='word_1_37' title='bbox 435 784 615 851; x_wconf 87' lang='grc' dir='ltr'>σῶμα,</span> <span class='ocrx_word' id='word_1_38' title='bbox 647 780 736 834; x_wconf 86' lang='grc' dir='ltr'><strong>καὶ</strong></span> <span class='ocrx_word' id='word_1_39' title='bbox 766 781 863 848; x_wconf 75' lang='grc' dir='ltr'><strong>τήν</strong></span> <span class='ocrx_word' id='word_1_40' title='bbox 898 778 1228 854; x_wconf 80' lang='grc' dir='ltr'>Ἡρακλέους</span> <span class='ocrx_word' id='word_1_41' title='bbox 1281 776 1538 853; x_wconf 71' lang='grc' dir='ltr'>ἴσχοντας</span> <span class='ocrx_word' id='word_1_42' title='bbox 1598 776 1794 852; x_wconf 83' lang='grc' dir='ltr'>ῥώμην</span> <span class='ocrx_word' id='word_1_43' title='bbox 1820 795 1834 809; x_wconf 85' lang='grc'>⁶</span> 
     </span>
    </p>
   </div>
   <div class='ocr_carea' id='block_1_9' title="bbox 221 864 1837 942">
    <p class='ocr_par' dir='ltr' id='par_1_9' title="bbox 221 864 1837 942">
     <span class='ocr_line' id='line_1_9' title="bbox 221 864 1837 942; baseline -0.002 -19"><span class='ocrx_word' id='word_1_44' title='bbox 221 866 481 940; x_wconf 76' lang='grc' dir='ltr'><strong>δεινότεροι</strong></span> <span class='ocrx_word' id='word_1_45' title='bbox 531 864 610 935; x_wconf 79' lang='grc' dir='ltr'>δὲ,</span> <span class='ocrx_word' id='word_1_46' title='bbox 656 872 734 938; x_wconf 82' lang='grc' dir='ltr'>τῷ</span> <span class='ocrx_word' id='word_1_47' title='bbox 789 868 977 929; x_wconf 87' lang='grc' dir='ltr'>νυκτὸς</span> <span class='ocrx_word' id='word_1_48' title='bbox 1035 867 1353 942; x_wconf 70' lang='grc' dir='ltr'>ἀρχομένης</span> <span class='ocrx_word' id='word_1_49' title='bbox 1409 865 1561 929; x_wconf 86' lang='grc' dir='ltr'>εὐθὺς</span> <span class='ocrx_word' id='word_1_50' title='bbox 1607 864 1837 935; x_wconf 71' lang='grc' dir='ltr'>ἐπιέναι,</span> 
     </span>
    </p>
   </div>
   <div class='ocr_carea' id='block_1_10' title="bbox 217 952 1836 1032">
    <p class='ocr_par' dir='ltr' id='par_1_10' title="bbox 217 952 1836 1032">
     <span class='ocr_line' id='line_1_10' title="bbox 217 952 1836 1032; baseline -0.001 -22"><span class='ocrx_word' id='word_1_51' title='bbox 217 958 280 1018; x_wconf 82' lang='grc' dir='ltr'><strong>ὡς</strong></span> <span class='ocrx_word' id='word_1_52' title='bbox 311 954 433 1029; x_wconf 86' lang='grc' dir='ltr'>μηδ’</span> <span class='ocrx_word' id='word_1_53' title='bbox 460 957 630 1010; x_wconf 76' lang='grc' dir='ltr'>ὕπνου</span> <span class='ocrx_word' id='word_1_54' title='bbox 675 956 964 1032; x_wconf 73' lang='grc' dir='ltr'>λαγχάνειν</span> <span class='ocrx_word' id='word_1_55' title='bbox 1017 954 1311 1011; x_wconf 86' lang='grc' dir='ltr'>δύνασθαι·</span> <span class='ocrx_word' id='word_1_56' title='bbox 1356 956 1452 1010; x_wconf 71' lang='grc' dir='ltr'>εἶθ’</span> <span class='ocrx_word' id='word_1_57' title='bbox 1482 952 1662 1029; x_wconf 70' lang='grc' dir='ltr'>ἕτεροι</span> <span class='ocrx_word' id='word_1_58' title='bbox 1709 975 1836 1009; x_wconf 91' lang='grc' dir='ltr'>του-</span> 
     </span>
    </p>
   </div>
   <div class='ocr_carea' id='block_1_11' title="bbox 214 1041 1837 1120">
    <p class='ocr_par' dir='ltr' id='par_1_11' title="bbox 214 1041 1837 1120">
     <span class='ocr_line' id='line_1_11' title="bbox 214 1041 1837 1120; baseline -0.001 -21"><span class='ocrx_word' id='word_1_59' title='bbox 214 1067 346 1100; x_wconf 87' lang='grc' dir='ltr'>τουσι</span> <span class='ocrx_word' id='word_1_60' title='bbox 391 1043 761 1120; x_wconf 74' lang='grc' dir='ltr'>διαδέχονται,</span> <span class='ocrx_word' id='word_1_61' title='bbox 792 1045 857 1100; x_wconf 81' lang='grc' dir='ltr'>οὐ</span> <span class='ocrx_word' id='word_1_62' title='bbox 907 1047 1043 1101; x_wconf 86' lang='grc' dir='ltr'><strong>κατά</strong></span> <span class='ocrx_word' id='word_1_63' title='bbox 1091 1045 1260 1100; x_wconf 86' lang='grc' dir='ltr'>ταυτά</span> <span class='ocrx_word' id='word_1_64' title='bbox 1308 1042 1665 1116; x_wconf 83' lang='grc' dir='ltr'>διακείμενοι,</span> <span class='ocrx_word' id='word_1_65' title='bbox 1707 1041 1837 1098; x_wconf 80' lang='grc' dir='ltr'>ἀλλ’</span> 
     </span>
    </p>
   </div>
   <div class='ocr_carea' id='block_1_12' title="bbox 215 1130 1836 1206">
    <p class='ocr_par' dir='ltr' id='par_1_12' title="bbox 215 1130 1836 1206">
     <span class='ocr_line' id='line_1_12' title="bbox 215 1130 1836 1206; baseline -0.001 -18"><span class='ocrx_word' id='word_1_66' title='bbox 215 1135 423 1196; x_wconf 80' lang='grc' dir='ltr'>ἐοικότες</span> <span class='ocrx_word' id='word_1_67' title='bbox 452 1139 571 1196; x_wconf 88' lang='grc' dir='ltr'>τοῖς</span> <span class='ocrx_word' id='word_1_68' title='bbox 602 1133 776 1190; x_wconf 84' lang='grc' dir='ltr'>πάλαι</span> <span class='ocrx_word' id='word_1_69' title='bbox 802 1155 815 1168; x_wconf 77' lang='grc' dir='ltr'><strong>ο</strong></span> <span class='ocrx_word' id='word_1_70' title='bbox 850 1135 944 1189; x_wconf 83' lang='grc' dir='ltr'>εἶτ’</span> <span class='ocrx_word' id='word_1_71' title='bbox 977 1133 1130 1196; x_wconf 76' lang='grc' dir='ltr'>αὖθις</span> <span class='ocrx_word' id='word_1_72' title='bbox 1163 1133 1352 1204; x_wconf 77' lang='grc' dir='ltr'>ἄλλοι,</span> <span class='ocrx_word' id='word_1_73' title='bbox 1385 1135 1474 1189; x_wconf 88' lang='grc' dir='ltr'>καὶ</span> <span class='ocrx_word' id='word_1_74' title='bbox 1530 1130 1679 1206; x_wconf 87' lang='grc' dir='ltr'>μάλα</span> <span class='ocrx_word' id='word_1_75' title='bbox 1728 1131 1836 1187; x_wconf 80' lang='grc' dir='ltr'><strong>ἄλ-</strong></span> 
     </span>
    </p>
   </div>
   <div class='ocr_carea' id='block_1_13' title="bbox 213 1216 1836 1298">
    <p class='ocr_par' dir='ltr' id='par_1_13' title="bbox 213 1216 1836 1298">
     <span class='ocr_line' id='line_1_13' title="bbox 213 1216 1836 1298; baseline -0.002 -21"><span class='ocrx_word' id='word_1_76' title='bbox 213 1223 312 1290; x_wconf 83' lang='grc' dir='ltr'>λοι,</span> <span class='ocrx_word' id='word_1_77' title='bbox 354 1221 532 1297; x_wconf 80' lang='grc' dir='ltr'>ὥσπερ</span> <span class='ocrx_word' id='word_1_78' title='bbox 591 1223 696 1277; x_wconf 82' lang='grc' dir='ltr'><strong>ἀπὸ</strong></span> <span class='ocrx_word' id='word_1_79' title='bbox 777 1225 1140 1297; x_wconf 75' lang='grc' dir='ltr'>συνθήματος.</span> <span class='ocrx_word' id='word_1_80' title='bbox 1204 1223 1304 1278; x_wconf 83' lang='grc' dir='ltr'><strong>Καὶ</strong></span> <span class='ocrx_word' id='word_1_81' title='bbox 1352 1225 1518 1296; x_wconf 76' lang='grc' dir='ltr'>ἡμεῖς</span> <span class='ocrx_word' id='word_1_82' title='bbox 1570 1222 1620 1276; x_wconf 81' lang='grc' dir='ltr'><strong>έν</strong></span> <span class='ocrx_word' id='word_1_83' title='bbox 1681 1216 1836 1298; x_wconf 78' lang='grc' dir='ltr'>φόϐῳ</span> 
     </span>
    </p>
   </div>
   <div class='ocr_carea' id='block_1_14' title="bbox 210 1309 1836 1391">
    <p class='ocr_par' dir='ltr' id='par_1_14' title="bbox 210 1309 1836 1391">
     <span class='ocr_line' id='line_1_14' title="bbox 210 1309 1836 1391; baseline 0 -26"><span class='ocrx_word' id='word_1_84' title='bbox 210 1311 392 1382; x_wconf 83' lang='grc' dir='ltr'>πολλῴ</span> <span class='ocrx_word' id='word_1_85' title='bbox 420 1313 510 1366; x_wconf 80' lang='grc' dir='ltr'><strong>καὶ</strong></span> <span class='ocrx_word' id='word_1_86' title='bbox 552 1312 802 1391; x_wconf 86' lang='grc' dir='ltr'>ταράχῳ,</span> <span class='ocrx_word' id='word_1_87' title='bbox 829 1318 938 1368; x_wconf 90' lang='grc' dir='ltr'><strong>τῶν</strong></span> <span class='ocrx_word' id='word_1_88' title='bbox 993 1313 1087 1384; x_wconf 74' lang='grc' dir='ltr'>μὲν</span> <span class='ocrx_word' id='word_1_89' title='bbox 1137 1312 1334 1388; x_wconf 80' lang='grc' dir='ltr'>ἰατρῶν</span> <span class='ocrx_word' id='word_1_90' title='bbox 1385 1310 1500 1367; x_wconf 74' lang='grc' dir='ltr'>ἅνω</span> <span class='ocrx_word' id='word_1_91' title='bbox 1549 1310 1640 1366; x_wconf 88' lang='grc' dir='ltr'><strong>καὶ</strong></span> <span class='ocrx_word' id='word_1_92' title='bbox 1689 1309 1836 1365; x_wconf 88' lang='grc' dir='ltr'>κάτω</span> 
     </span>
    </p>
   </div>
   <div class='ocr_carea' id='block_1_15' title="bbox 211 1397 1832 1474">
    <p class='ocr_par' dir='ltr' id='par_1_15' title="bbox 211 1397 1832 1474">
     <span class='ocr_line' id='line_1_15' title="bbox 211 1397 1832 1474; baseline 0 -21"><span class='ocrx_word' id='word_1_93' title='bbox 211 1400 470 1474; x_wconf 79' lang='grc' dir='ltr'>βοώντων,</span> <span class='ocrx_word' id='word_1_94' title='bbox 501 1401 576 1461; x_wconf 84' lang='grc' dir='ltr'>ὡς</span> <span class='ocrx_word' id='word_1_95' title='bbox 612 1400 702 1455; x_wconf 82' lang='grc' dir='ltr'>ἐπὶ</span> <span class='ocrx_word' id='word_1_96' title='bbox 753 1401 941 1472; x_wconf 85' lang='grc' dir='ltr'>θύραις</span> <span class='ocrx_word' id='word_1_97' title='bbox 992 1403 1026 1470; x_wconf 86' lang='grc' dir='ltr'>ἡ</span> <span class='ocrx_word' id='word_1_98' title='bbox 1074 1399 1328 1470; x_wconf 77' lang='grc' dir='ltr'>τελευτὴ,</span> <span class='ocrx_word' id='word_1_99' title='bbox 1377 1401 1468 1455; x_wconf 89' lang='grc' dir='ltr'><strong>καὶ</strong></span> <span class='ocrx_word' id='word_1_100' title='bbox 1529 1397 1681 1454; x_wconf 74' lang='grc' dir='ltr'>οὐδὲν</span> <span class='ocrx_word' id='word_1_101' title='bbox 1719 1400 1832 1472; x_wconf 73' lang='grc' dir='ltr'>χρὴ</span> 
     </span>
    </p>
   </div>
   <div class='ocr_carea' id='block_1_16' title="bbox 209 1486 1834 1563">
    <p class='ocr_par' dir='ltr' id='par_1_16' title="bbox 209 1486 1834 1563">
     <span class='ocr_line' id='line_1_16' title="bbox 209 1486 1834 1563; baseline -0.001 -20"><span class='ocrx_word' id='word_1_102' title='bbox 209 1487 413 1560; x_wconf 72' lang='grc' dir='ltr'>μέλλειν</span> <span class='ocrx_word' id='word_1_103' title='bbox 446 1486 562 1543; x_wconf 75' lang='grc' dir='ltr'>οὐδ’</span> <span class='ocrx_word' id='word_1_104' title='bbox 591 1486 933 1558; x_wconf 70' lang='grc' dir='ltr'>ἀναδύεσθαι,</span> <span class='ocrx_word' id='word_1_105' title='bbox 962 1487 1108 1544; x_wconf 86' lang='grc' dir='ltr'><strong>ἀλλά</strong></span> <span class='ocrx_word' id='word_1_106' title='bbox 1145 1491 1235 1544; x_wconf 87' lang='grc' dir='ltr'>καὶ</span> <span class='ocrx_word' id='word_1_107' title='bbox 1285 1491 1538 1563; x_wconf 83' lang='grc' dir='ltr'>πράττειν</span> <span class='ocrx_word' id='word_1_108' title='bbox 1589 1489 1622 1542; x_wconf 74' lang='grc' dir='ltr'>ἆ</span> <span class='ocrx_word' id='word_1_109' title='bbox 1660 1489 1834 1562; x_wconf 83' lang='grc' dir='ltr'>πράτ-</span> 
     </span>
    </p>
   </div>
   <div class='ocr_carea' id='block_1_17' title="bbox 207 1573 1833 1655">
    <p class='ocr_par' dir='ltr' id='par_1_17' title="bbox 207 1573 1833 1655">
     <span class='ocr_line' id='line_1_17' title="bbox 207 1573 1833 1655; baseline -0.001 -24"><span class='ocrx_word' id='word_1_110' title='bbox 207 1597 306 1631; x_wconf 84' lang='grc' dir='ltr'>τειν</span> <span class='ocrx_word' id='word_1_111' title='bbox 361 1576 598 1649; x_wconf 82' lang='grc' dir='ltr'>μάλιστα</span> <span class='ocrx_word' id='word_1_112' title='bbox 656 1579 792 1655; x_wconf 78' lang='grc' dir='ltr'>χρή.</span> <span class='ocrx_word' id='word_1_113' title='bbox 827 1573 1257 1650; x_wconf 79' lang='grc' dir='ltr'>Θορυϐουμένων</span> <span class='ocrx_word' id='word_1_114' title='bbox 1314 1576 1371 1632; x_wconf 75' lang='grc' dir='ltr'>δὲ</span> <span class='ocrx_word' id='word_1_115' title='bbox 1418 1580 1526 1632; x_wconf 90' lang='grc' dir='ltr'><strong>τῶν</strong></span> <span class='ocrx_word' id='word_1_116' title='bbox 1587 1577 1833 1649; x_wconf 71' lang='grc' dir='ltr'>ἑταίρων,</span> 
     </span>
    </p>
   </div>
   <div class='ocr_carea' id='block_1_18' title="bbox 202 1665 1835 1743">
    <p class='ocr_par' dir='ltr' id='par_1_18' title="bbox 202 1665 1835 1743">
     <span class='ocr_line' id='line_1_18' title="bbox 202 1665 1835 1743; baseline -0.001 -23"><span class='ocrx_word' id='word_1_117' title='bbox 202 1667 283 1720; x_wconf 78' lang='grc' dir='ltr'>καὶ</span> <span class='ocrx_word' id='word_1_118' title='bbox 327 1666 720 1741; x_wconf 73' lang='grc' dir='ltr'>προστιθέντων</span> <span class='ocrx_word' id='word_1_119' title='bbox 768 1665 1040 1740; x_wconf 76' lang='grc' dir='ltr'>οἰμωγαῖς</span> <span class='ocrx_word' id='word_1_120' title='bbox 1093 1667 1365 1743; x_wconf 81' lang='grc' dir='ltr'>οἰμωγὰς,</span> <span class='ocrx_word' id='word_1_121' title='bbox 1417 1666 1508 1721; x_wconf 85' lang='grc' dir='ltr'><strong>καὶ</strong></span> <span class='ocrx_word' id='word_1_122' title='bbox 1561 1684 1835 1740; x_wconf 87' lang='grc' dir='ltr'>συνευχο-</span> 
     </span>
    </p>
   </div>
   <div class='ocr_carea' id='block_1_19' title="bbox 205 1751 1835 1832">
    <p class='ocr_par' dir='ltr' id='par_1_19' title="bbox 205 1751 1835 1832">
     <span class='ocr_line' id='line_1_19' title="bbox 205 1751 1835 1832; baseline -0.001 -23"><span class='ocrx_word' id='word_1_123' title='bbox 205 1755 362 1825; x_wconf 78' lang='grc' dir='ltr'>μένων</span> <span class='ocrx_word' id='word_1_124' title='bbox 395 1754 675 1830; x_wconf 73' lang='grc' dir='ltr'>ῥαστώνην</span> <span class='ocrx_word' id='word_1_125' title='bbox 701 1775 714 1788; x_wconf 70' lang='grc'><strong>⁸</strong></span> <span class='ocrx_word' id='word_1_126' title='bbox 745 1757 874 1819; x_wconf 82' lang='grc' dir='ltr'>τοὺς</span> <span class='ocrx_word' id='word_1_127' title='bbox 903 1754 995 1810; x_wconf 80' lang='grc' dir='ltr'>οὖν</span> <span class='ocrx_word' id='word_1_128' title='bbox 1042 1755 1184 1810; x_wconf 73' lang='grc' dir='ltr'>οὕτω</span> <span class='ocrx_word' id='word_1_129' title='bbox 1238 1757 1332 1828; x_wconf 73' lang='grc' dir='ltr'>μὲν</span> <span class='ocrx_word' id='word_1_130' title='bbox 1382 1752 1635 1832; x_wconf 74' lang='grc' dir='ltr'>ἔχοντας,</span> <span class='ocrx_word' id='word_1_131' title='bbox 1668 1754 1720 1808; x_wconf 76' lang='grc' dir='ltr'>ἐν</span> <span class='ocrx_word' id='word_1_132' title='bbox 1780 1751 1835 1808; x_wconf 82' lang='grc' dir='ltr'>δὲ</span> 
     </span>
    </p>
   </div>
   <div class='ocr_carea' id='block_1_20' title="bbox 1945 599 3589 674">
    <p class='ocr_par' dir='ltr' id='par_1_20' title="bbox 1945 599 3589 674">
     <span class='ocr_line' id='line_1_20' title="bbox 1945 599 3589 674; baseline 0.001 -20"><span class='ocrx_word' id='word_1_133' title='bbox 1945 599 2251 656; x_wconf 84' lang='lat' dir='ltr'><strong>ventriculi</strong></span> <span class='ocrx_word' id='word_1_134' title='bbox 2290 601 2808 672; x_wconf 81' lang='lat' dir='ltr'><strong>refrigerationem,</strong></span> <span class='ocrx_word' id='word_1_135' title='bbox 2855 603 3204 674; x_wconf 87' lang='lat' dir='ltr'><strong>tristemque</strong></span> <span class='ocrx_word' id='word_1_136' title='bbox 3260 603 3334 658; x_wconf 89' lang='lat' dir='ltr'><strong>ad</strong></span> <span class='ocrx_word' id='word_1_137' title='bbox 3391 603 3589 657; x_wconf 89' lang='lat' dir='ltr'><strong>omnia</strong></span> 
     </span>
    </p>
   </div>
   <div class='ocr_carea' id='block_1_21' title="bbox 1943 689 3588 764">
    <p class='ocr_par' dir='ltr' id='par_1_21' title="bbox 1943 689 3588 764">
     <span class='ocr_line' id='line_1_21' title="bbox 1943 689 3588 764; baseline 0.001 -20"><span class='ocrx_word' id='word_1_138' title='bbox 1943 705 2245 758; x_wconf 87' lang='lat' dir='ltr'><strong>nauseam,</strong></span> <span class='ocrx_word' id='word_1_139' title='bbox 2278 695 2336 746; x_wconf 91' lang='lat' dir='ltr'><strong>et</strong></span> <span class='ocrx_word' id='word_1_140' title='bbox 2364 689 2544 755; x_wconf 90' lang='lat' dir='ltr'><strong>illico,</strong></span> <span class='ocrx_word' id='word_1_141' title='bbox 2576 696 2642 746; x_wconf 94' lang='lat' dir='ltr'><strong>ut</strong></span> <span class='ocrx_word' id='word_1_142' title='bbox 2681 691 2925 764; x_wconf 90' lang='lat' dir='ltr'><strong>aliquid,</strong></span> <span class='ocrx_word' id='word_1_143' title='bbox 2959 693 3111 763; x_wconf 89' lang='lat' dir='ltr'><strong>quod</strong></span> <span class='ocrx_word' id='word_1_144' title='bbox 3172 693 3243 747; x_wconf 91' lang='lat' dir='ltr'><strong>ad</strong></span> <span class='ocrx_word' id='word_1_145' title='bbox 3297 691 3588 764; x_wconf 83' lang='lat' dir='ltr'><strong>ejusmodi</strong></span> 
     </span>
    </p>
   </div>
   <div class='ocr_carea' id='block_1_22' title="bbox 1944 779 3588 846">
    <p class='ocr_par' dir='ltr' id='par_1_22' title="bbox 1944 779 3588 846">
     <span class='ocr_line' id='line_1_22' title="bbox 1944 779 3588 846; baseline 0.002 -13"><span class='ocrx_word' id='word_1_146' title='bbox 1944 779 2215 835; x_wconf 89' lang='lat' dir='ltr'><strong>morbum</strong></span> <span class='ocrx_word' id='word_1_147' title='bbox 2262 779 2447 835; x_wconf 85' lang='lat' dir='ltr'><strong>facere</strong></span> <span class='ocrx_word' id='word_1_148' title='bbox 2495 780 2657 846; x_wconf 88' lang='lat' dir='ltr'><strong>solet,</strong></span> <span class='ocrx_word' id='word_1_149' title='bbox 2691 781 3004 838; x_wconf 89' lang='lat' dir='ltr'><strong>necssitate</strong></span> <span class='ocrx_word' id='word_1_150' title='bbox 3059 790 3293 837; x_wconf 88' lang='lat' dir='ltr'><strong>coactus</strong></span> <span class='ocrx_word' id='word_1_151' title='bbox 3351 798 3588 837; x_wconf 86' lang='lat' dir='ltr'><strong>assum-</strong></span> 
     </span>
    </p>
   </div>
   <div class='ocr_carea' id='block_1_23' title="bbox 1945 869 3588 940">
    <p class='ocr_par' dir='ltr' id='par_1_23' title="bbox 1945 869 3588 940">
     <span class='ocr_line' id='line_1_23' title="bbox 1945 869 3588 940; baseline 0 -16"><span class='ocrx_word' id='word_1_152' title='bbox 1945 869 2219 940; x_wconf 88' lang='lat' dir='ltr'><strong>psissem,</strong></span> <span class='ocrx_word' id='word_1_153' title='bbox 2263 874 2635 926; x_wconf 88' lang='lat' dir='ltr'><strong>occurrentes</strong></span> <span class='ocrx_word' id='word_1_154' title='bbox 2681 871 2957 926; x_wconf 88' lang='lat' dir='ltr'><strong>vomitus.</strong></span> <span class='ocrx_word' id='word_1_155' title='bbox 3007 870 3138 926; x_wconf 87' lang='lat' dir='ltr'><strong>Jam</strong></span> <span class='ocrx_word' id='word_1_156' title='bbox 3196 877 3255 926; x_wconf 91' lang='lat' dir='ltr'><strong>et</strong></span> <span class='ocrx_word' id='word_1_157' title='bbox 3303 870 3588 926; x_wconf 72' lang='lat' dir='ltr'><strong>continuis</strong></span> 
     </span>
    </p>
   </div>
   <div class='ocr_carea' id='block_1_24' title="bbox 1947 957 3586 1031">
    <p class='ocr_par' dir='ltr' id='par_1_24' title="bbox 1947 957 3586 1031">
     <span class='ocr_line' id='line_1_24' title="bbox 1947 957 3586 1031; baseline -0.001 -18"><span class='ocrx_word' id='word_1_158' title='bbox 1947 957 2213 1028; x_wconf 69' lang='lat' dir='ltr'><strong>quaedam</strong></span> <span class='ocrx_word' id='word_1_159' title='bbox 2245 958 2720 1030; x_wconf 63' lang='lat' dir='ltr'><strong>quotidianaque</strong></span> <span class='ocrx_word' id='word_1_160' title='bbox 2760 958 2947 1014; x_wconf 85' lang='lat' dir='ltr'><strong>febres</strong></span> <span class='ocrx_word' id='word_1_161' title='bbox 2993 975 3249 1014; x_wconf 85' lang='lat' dir='ltr'><strong>mensem</strong></span> <span class='ocrx_word' id='word_1_162' title='bbox 3293 960 3586 1031; x_wconf 89' lang='lat' dir='ltr'><strong>integrum</strong></span> 
     </span>
    </p>
   </div>
   <div class='ocr_carea' id='block_1_25' title="bbox 1946 1047 3590 1119">
    <p class='ocr_par' dir='ltr' id='par_1_25' title="bbox 1946 1047 3590 1119">
     <span class='ocr_line' id='line_1_25' title="bbox 1946 1047 3590 1119; baseline 0.002 -18"><span class='ocrx_word' id='word_1_163' title='bbox 1946 1047 2242 1114; x_wconf 87' lang='lat' dir='ltr'><strong>tenebant,</strong></span> <span class='ocrx_word' id='word_1_164' title='bbox 2275 1063 2470 1119; x_wconf 69' lang='lat' dir='ltr'><strong>eaeque</strong></span> <span class='ocrx_word' id='word_1_165' title='bbox 2518 1065 2633 1103; x_wconf 92' lang='lat' dir='ltr'><strong>non</strong></span> <span class='ocrx_word' id='word_1_166' title='bbox 2684 1064 2788 1104; x_wconf 87' lang='lat' dir='ltr'><strong>nos</strong></span> <span class='ocrx_word' id='word_1_167' title='bbox 2833 1049 3025 1115; x_wconf 85' lang='lat' dir='ltr'><strong>modo,</strong></span> <span class='ocrx_word' id='word_1_168' title='bbox 3053 1049 3175 1118; x_wconf 81' lang='lat' dir='ltr'><strong>jam</strong></span> <span class='ocrx_word' id='word_1_169' title='bbox 3235 1055 3360 1104; x_wconf 89' lang='lat' dir='ltr'><strong>tum</strong></span> <span class='ocrx_word' id='word_1_170' title='bbox 3422 1049 3590 1119; x_wconf 91' lang='lat' dir='ltr'><strong>plane</strong></span> 
     </span>
    </p>
   </div>
   <div class='ocr_carea' id='block_1_26' title="bbox 1945 1137 3591 1208">
    <p class='ocr_par' dir='ltr' id='par_1_26' title="bbox 1945 1137 3591 1208">
     <span class='ocr_line' id='line_1_26' title="bbox 1945 1137 3591 1208; baseline 0.002 -18"><span class='ocrx_word' id='word_1_171' title='bbox 1945 1137 2258 1196; x_wconf 84' lang='lat' dir='ltr'><strong>confectos.</strong></span> <span class='ocrx_word' id='word_1_172' title='bbox 2298 1143 2356 1192; x_wconf 94' lang='lat' dir='ltr'><strong>et</strong></span> <span class='ocrx_word' id='word_1_173' title='bbox 2383 1138 2680 1208; x_wconf 88' lang='lat' dir='ltr'><strong>quoddam</strong></span> <span class='ocrx_word' id='word_1_174' title='bbox 2715 1138 2877 1206; x_wconf 88' lang='lat' dir='ltr'><strong>quasi</strong></span> <span class='ocrx_word' id='word_1_175' title='bbox 2913 1139 3295 1194; x_wconf 88' lang='lat' dir='ltr'><strong>simulacrum</strong></span> <span class='ocrx_word' id='word_1_176' title='bbox 3328 1143 3591 1194; x_wconf 88' lang='lat' dir='ltr'><strong>mortuo-</strong></span> 
     </span>
    </p>
   </div>
   <div class='ocr_carea' id='block_1_27' title="bbox 1946 1221 3590 1298">
    <p class='ocr_par' dir='ltr' id='par_1_27' title="bbox 1946 1221 3590 1298">
     <span class='ocr_line' id='line_1_27' title="bbox 1946 1221 3590 1298; baseline 0.002 -19"><span class='ocrx_word' id='word_1_177' title='bbox 1946 1241 2072 1280; x_wconf 90' lang='lat' dir='ltr'><strong>rum</strong></span> <span class='ocrx_word' id='word_1_178' title='bbox 2102 1221 2208 1296; x_wconf 90' lang='grc' dir='ltr'><strong>(Ιλ.</strong></span> <span class='ocrx_word' id='word_1_179' title='bbox 2241 1226 2301 1296; x_wconf 84' lang='grc' dir='ltr'><strong>ψ,</strong></span> <span class='ocrx_word' id='word_1_180' title='bbox 2324 1225 2396 1278; x_wconf 84' lang='grc'><strong>72</strong></span> <span class='ocrx_word' id='word_1_181' title='bbox 2425 1227 2574 1296; x_wconf 64' lang='grc' dir='ltr'>δια),</span> <span class='ocrx_word' id='word_1_182' title='bbox 2608 1226 2707 1280; x_wconf 90' lang='lat' dir='ltr'><strong>sed</strong></span> <span class='ocrx_word' id='word_1_183' title='bbox 2738 1232 2794 1280; x_wconf 90' lang='lat' dir='ltr'><strong>et</strong></span> <span class='ocrx_word' id='word_1_184' title='bbox 2828 1241 3067 1298; x_wconf 92' lang='lat' dir='ltr'><strong>corpore</strong></span> <span class='ocrx_word' id='word_1_185' title='bbox 3117 1243 3291 1297; x_wconf 84' lang='lat' dir='ltr'><strong>quam</strong></span> <span class='ocrx_word' id='word_1_186' title='bbox 3336 1227 3590 1282; x_wconf 77' lang='lat' dir='ltr'><strong>maxime</strong></span> 
     </span>
    </p>
   </div>
   <div class='ocr_carea' id='block_1_28' title="bbox 1946 1312 3590 1387">
    <p class='ocr_par' dir='ltr' id='par_1_28' title="bbox 1946 1312 3590 1387">
     <span class='ocr_line' id='line_1_28' title="bbox 1946 1312 3590 1387; baseline 0.003 -21"><span class='ocrx_word' id='word_1_187' title='bbox 1946 1312 2228 1381; x_wconf 91' lang='lat' dir='ltr'><strong>valentes,</strong></span> <span class='ocrx_word' id='word_1_188' title='bbox 2261 1313 2673 1385; x_wconf 86' lang='lat' dir='ltr'><strong>Herculeisque</strong></span> <span class='ocrx_word' id='word_1_189' title='bbox 2705 1315 2972 1383; x_wconf 68' lang='lat' dir='ltr'><strong>praeditos</strong></span> <span class='ocrx_word' id='word_1_190' title='bbox 3024 1314 3264 1380; x_wconf 87' lang='lat' dir='ltr'><strong>viribus,</strong></span> <span class='ocrx_word' id='word_1_191' title='bbox 3323 1315 3590 1387; x_wconf 82' lang='lat' dir='ltr'><strong>frangere</strong></span> 
     </span>
    </p>
   </div>
   <div class='ocr_carea' id='block_1_29' title="bbox 1947 1404 3586 1475">
    <p class='ocr_par' dir='ltr' id='par_1_29' title="bbox 1947 1404 3586 1475">
     <span class='ocr_line' id='line_1_29' title="bbox 1947 1404 3586 1475; baseline 0.001 -17"><span class='ocrx_word' id='word_1_192' title='bbox 1947 1419 2012 1458; x_wconf 92' lang='lat' dir='ltr'><strong>ac</strong></span> <span class='ocrx_word' id='word_1_193' title='bbox 2053 1409 2434 1475; x_wconf 78' lang='lat' dir='ltr'><strong>prosternere,</strong></span> <span class='ocrx_word' id='word_1_194' title='bbox 2477 1419 2617 1459; x_wconf 87' lang='lat' dir='ltr'><strong>sane</strong></span> <span class='ocrx_word' id='word_1_195' title='bbox 2703 1419 2874 1474; x_wconf 89' lang='lat' dir='ltr'><strong>quam</strong></span> <span class='ocrx_word' id='word_1_196' title='bbox 2959 1404 3199 1460; x_wconf 69' lang='lat' dir='ltr'><strong>idonea.</strong></span> <span class='ocrx_word' id='word_1_197' title='bbox 3231 1404 3418 1459; x_wconf 90' lang='lat' dir='ltr'><strong>Tanto</strong></span> <span class='ocrx_word' id='word_1_198' title='bbox 3458 1421 3586 1460; x_wconf 89' lang='lat' dir='ltr'><strong>vero</strong></span> 
     </span>
    </p>
   </div>
   <div class='ocr_carea' id='block_1_30' title="bbox 1948 1492 3590 1564">
    <p class='ocr_par' dir='ltr' id='par_1_30' title="bbox 1948 1492 3590 1564">
     <span class='ocr_line' id='line_1_30' title="bbox 1948 1492 3590 1564; baseline -0.001 -16"><span class='ocrx_word' id='word_1_199' title='bbox 1948 1493 2162 1549; x_wconf 67' lang='lat' dir='ltr'><strong>eadem</strong></span> <span class='ocrx_word' id='word_1_200' title='bbox 2182 1492 2485 1562; x_wconf 78' lang='lat' dir='ltr'><strong>graviores,</strong></span> <span class='ocrx_word' id='word_1_201' title='bbox 2517 1493 2674 1563; x_wconf 92' lang='lat' dir='ltr'><strong>quod</strong></span> <span class='ocrx_word' id='word_1_202' title='bbox 2705 1493 2814 1548; x_wconf 90' lang='lat' dir='ltr'><strong>sub</strong></span> <span class='ocrx_word' id='word_1_203' title='bbox 2859 1492 3106 1564; x_wconf 87' lang='lat' dir='ltr'><strong>primam</strong></span> <span class='ocrx_word' id='word_1_204' title='bbox 3154 1493 3471 1548; x_wconf 89' lang='lat' dir='ltr'><strong>identidem</strong></span> <span class='ocrx_word' id='word_1_205' title='bbox 3506 1494 3590 1547; x_wconf 82' lang='lat' dir='ltr'><strong>fa-</strong></span> 
     </span>
    </p>
   </div>
   <div class='ocr_carea' id='block_1_31' title="bbox 1947 1580 3584 1652">
    <p class='ocr_par' dir='ltr' id='par_1_31' title="bbox 1947 1580 3584 1652">
     <span class='ocr_line' id='line_1_31' title="bbox 1947 1580 3584 1652; baseline 0 -16"><span class='ocrx_word' id='word_1_206' title='bbox 1947 1595 2069 1636; x_wconf 89' lang='lat' dir='ltr'><strong>cem</strong></span> <span class='ocrx_word' id='word_1_207' title='bbox 2104 1584 2481 1647; x_wconf 88' lang='lat' dir='ltr'><strong>recurrerent,</strong></span> <span class='ocrx_word' id='word_1_208' title='bbox 2515 1585 2579 1634; x_wconf 94' lang='lat' dir='ltr'><strong>ut</strong></span> <span class='ocrx_word' id='word_1_209' title='bbox 2609 1596 2680 1636; x_wconf 92' lang='lat' dir='ltr'><strong>ne</strong></span> <span class='ocrx_word' id='word_1_210' title='bbox 2736 1596 3012 1636; x_wconf 88' lang='lat' dir='ltr'><strong>somnum</strong></span> <span class='ocrx_word' id='word_1_211' title='bbox 3044 1597 3248 1652; x_wconf 87' lang='lat' dir='ltr'><strong>capere</strong></span> <span class='ocrx_word' id='word_1_212' title='bbox 3295 1580 3584 1652; x_wconf 87' lang='lat' dir='ltr'><strong>integrum</strong></span> 
     </span>
    </p>
   </div>
   <div class='ocr_carea' id='block_1_32' title="bbox 1947 1670 3586 1740">
    <p class='ocr_par' dir='ltr' id='par_1_32' title="bbox 1947 1670 3586 1740">
     <span class='ocr_line' id='line_1_32' title="bbox 1947 1670 3586 1740; baseline 0.001 -15"><span class='ocrx_word' id='word_1_213' title='bbox 1947 1678 2117 1726; x_wconf 83' lang='lat' dir='ltr'><strong>esset.</strong></span> <span class='ocrx_word' id='word_1_214' title='bbox 2151 1672 2305 1735; x_wconf 89' lang='lat' dir='ltr'><strong>Quas</strong></span> <span class='ocrx_word' id='word_1_215' title='bbox 2336 1685 2467 1726; x_wconf 80' lang='lat' dir='ltr'><strong>mox</strong></span> <span class='ocrx_word' id='word_1_216' title='bbox 2490 1670 2758 1736; x_wconf 67' lang='lat' dir='ltr'><strong>alie,nec</strong></span> <span class='ocrx_word' id='word_1_217' title='bbox 2788 1670 3050 1740; x_wconf 89' lang='lat' dir='ltr'><strong>ejusdem</strong></span> <span class='ocrx_word' id='word_1_218' title='bbox 3087 1670 3586 1738; x_wconf 88' lang='lat' dir='ltr'><strong>moditamen,sed</strong></span> 
     </span>
    </p>
   </div>
   <div class='ocr_carea' id='block_1_33' title="bbox 1947 1760 3587 1833">
    <p class='ocr_par' dir='ltr' id='par_1_33' title="bbox 1947 1760 3587 1833">
     <span class='ocr_line' id='line_1_33' title="bbox 1947 1760 3587 1833; baseline -0.001 -16"><span class='ocrx_word' id='word_1_219' title='bbox 1947 1761 2348 1833; x_wconf 86' lang='lat' dir='ltr'><strong>superioribus</strong></span> <span class='ocrx_word' id='word_1_220' title='bbox 2365 1761 2483 1816; x_wconf 88' lang='lat' dir='ltr'><strong>illis</strong></span> <span class='ocrx_word' id='word_1_221' title='bbox 2499 1761 2835 1826; x_wconf 68' lang='lat' dir='ltr'><strong>simillimas,</strong></span> <span class='ocrx_word' id='word_1_222' title='bbox 2849 1760 3226 1832; x_wconf 87' lang='lat' dir='ltr'><strong>excipiebant,</strong></span> <span class='ocrx_word' id='word_1_223' title='bbox 3242 1767 3367 1816; x_wconf 89' lang='lat' dir='ltr'><strong>tum</strong></span> <span class='ocrx_word' id='word_1_224' title='bbox 3382 1777 3587 1816; x_wconf 87' lang='lat' dir='ltr'><strong>rursus</strong></span> 
     </span>
    </p>
   </div>
   <div class='ocr_carea' id='block_1_34' title="bbox 202 1841 1835 1924">
    <p class='ocr_par' dir='ltr' id='par_1_34' title="bbox 202 1841 1835 1920">
     <span class='ocr_line' id='line_1_34' title="bbox 202 1841 1835 1920; baseline -0.001 -22"><span class='ocrx_word' id='word_1_225' title='bbox 202 1845 456 1899; x_wconf 73' lang='grc' dir='ltr'>τοσούτων</span> <span class='ocrx_word' id='word_1_226' title='bbox 514 1843 675 1906; x_wconf 83' lang='grc' dir='ltr'>ὄντας</span> <span class='ocrx_word' id='word_1_227' title='bbox 735 1841 920 1899; x_wconf 87' lang='grc' dir='ltr'>δεινῶν</span> <span class='ocrx_word' id='word_1_228' title='bbox 1004 1841 1340 1920; x_wconf 76' lang='grc' dir='ltr'>μεσημϐρίᾳ,</span> <span class='ocrx_word' id='word_1_229' title='bbox 1403 1841 1719 1916; x_wconf 82' lang='grc' dir='ltr'>μηδαμόθεν</span> <span class='ocrx_word' id='word_1_230' title='bbox 1780 1842 1835 1897; x_wconf 75' lang='grc' dir='ltr'>δὲ</span> 
     </span>
    </p>
   </div>
   <div class='ocr_carea' id='block_1_35' title="bbox 1947 1841 3584 1924">
    <p class='ocr_par' dir='ltr' id='par_1_35' title="bbox 1950 1849 3584 1921">
     <span class='ocr_line' id='line_1_35' title="bbox 1950 1849 3584 1921; baseline 0 -17"><span class='ocrx_word' id='word_1_231' title='bbox 1950 1850 2097 1914; x_wconf 75' lang='lat' dir='ltr'><strong>aliis,</strong></span> <span class='ocrx_word' id='word_1_232' title='bbox 2128 1850 2372 1921; x_wconf 70' lang='lat' dir='ltr'><strong>aliaeque</strong></span> <span class='ocrx_word' id='word_1_233' title='bbox 2430 1849 2782 1921; x_wconf 88' lang='lat' dir='ltr'><strong>complures,</strong></span> <span class='ocrx_word' id='word_1_234' title='bbox 2816 1855 3096 1921; x_wconf 88' lang='lat' dir='ltr'><strong>tanquam</strong></span> <span class='ocrx_word' id='word_1_235' title='bbox 3138 1868 3208 1906; x_wconf 81' lang='lat' dir='ltr'><strong>ex</strong></span> <span class='ocrx_word' id='word_1_236' title='bbox 3264 1857 3584 1920; x_wconf 88' lang='lat' dir='ltr'><strong>compacto.</strong></span> 
     </span>
    </p>
   </div>
   <div class='ocr_carea' id='block_1_36' title="bbox 204 1931 1834 2006">
    <p class='ocr_par' dir='ltr' id='par_1_36' title="bbox 204 1931 1834 2006">
     <span class='ocr_line' id='line_1_36' title="bbox 204 1931 1834 2006; baseline -0.001 -20"><span class='ocrx_word' id='word_1_237' title='bbox 204 1940 434 2006; x_wconf 76' lang='grc' dir='ltr'>χρηστῆς</span> <span class='ocrx_word' id='word_1_238' title='bbox 481 1931 557 1986; x_wconf 82' lang='grc' dir='ltr'><strong>ἔτ’</strong></span> <span class='ocrx_word' id='word_1_239' title='bbox 611 1931 776 2002; x_wconf 76' lang='grc' dir='ltr'>οῦσης</span> <span class='ocrx_word' id='word_1_240' title='bbox 823 1931 1069 2004; x_wconf 79' lang='grc' dir='ltr'>ἐλπίδος,</span> <span class='ocrx_word' id='word_1_241' title='bbox 1099 1939 1205 1988; x_wconf 88' lang='grc' dir='ltr'><strong>τῶν</strong></span> <span class='ocrx_word' id='word_1_242' title='bbox 1251 1931 1298 1988; x_wconf 88' lang='grc' dir='ltr'>δ’</span> <span class='ocrx_word' id='word_1_243' title='bbox 1355 1931 1609 1987; x_wconf 83' lang='grc' dir='ltr'>ἐναντίων</span> <span class='ocrx_word' id='word_1_244' title='bbox 1656 1931 1834 1986; x_wconf 84' lang='grc' dir='ltr'>ἁπάν-</span> 
     </span>
    </p>
   </div>
   <div class='ocr_carea' id='block_1_37' title="bbox 201 2023 1831 2101">
    <p class='ocr_par' dir='ltr' id='par_1_37' title="bbox 201 2023 1831 2101">
     <span class='ocr_line' id='line_1_37' title="bbox 201 2023 1831 2101; baseline -0.001 -23"><span class='ocrx_word' id='word_1_245' title='bbox 201 2046 314 2090; x_wconf 76' lang='grc' dir='ltr'>των,</span> <span class='ocrx_word' id='word_1_246' title='bbox 344 2026 434 2078; x_wconf 80' lang='grc' dir='ltr'><strong>καὶ</strong></span> <span class='ocrx_word' id='word_1_247' title='bbox 480 2030 600 2087; x_wconf 89' lang='grc' dir='ltr'>τοῖς</span> <span class='ocrx_word' id='word_1_248' title='bbox 649 2025 743 2097; x_wconf 75' lang='grc' dir='ltr'>μὶν</span> <span class='ocrx_word' id='word_1_249' title='bbox 795 2025 947 2087; x_wconf 81' lang='grc' dir='ltr'>ὅλοις</span> <span class='ocrx_word' id='word_1_250' title='bbox 1001 2026 1369 2101; x_wconf 79' lang='grc' dir='ltr'>ἀπειρηκότας</span> <span class='ocrx_word' id='word_1_251' title='bbox 1410 2023 1632 2100; x_wconf 84' lang='grc' dir='ltr'>σχεδὸν,</span> <span class='ocrx_word' id='word_1_252' title='bbox 1667 2024 1831 2096; x_wconf 83' lang='grc' dir='ltr'>μόνον</span> 
     </span>
    </p>
   </div>
   <div class='ocr_carea' id='block_1_38' title="bbox 206 2109 1833 2191">
    <p class='ocr_par' dir='ltr' id='par_1_38' title="bbox 206 2109 1833 2191">
     <span class='ocr_line' id='line_1_38' title="bbox 206 2109 1833 2191; baseline 0.002 -26"><span class='ocrx_word' id='word_1_253' title='bbox 206 2109 248 2165; x_wconf 72' lang='grc' dir='ltr'>δὲ</span> <span class='ocrx_word' id='word_1_254' title='bbox 279 2116 374 2182; x_wconf 76' lang='grc' dir='ltr'>τήν</span> <span class='ocrx_word' id='word_1_255' title='bbox 425 2114 551 2187; x_wconf 84' lang='grc' dir='ltr'>περὶ</span> <span class='ocrx_word' id='word_1_256' title='bbox 598 2116 786 2191; x_wconf 83' lang='grc' dir='ltr'>ψυχῆς</span> <span class='ocrx_word' id='word_1_257' title='bbox 823 2113 1064 2184; x_wconf 78' lang='grc' dir='ltr'>θέοντας,</span> <span class='ocrx_word' id='word_1_258' title='bbox 1098 2112 1398 2187; x_wconf 76' lang='grc' dir='ltr'>μᾶλλονδὲ</span> <span class='ocrx_word' id='word_1_259' title='bbox 1453 2118 1532 2186; x_wconf 82' lang='grc' dir='ltr'><strong>τῷ</strong></span> <span class='ocrx_word' id='word_1_260' title='bbox 1591 2113 1833 2185; x_wconf 84' lang='grc' dir='ltr'>πλείστῳ</span> 
     </span>
    </p>
   </div>
   <div class='ocr_carea' id='block_1_39' title="bbox 201 2201 1835 2280">
    <p class='ocr_par' dir='ltr' id='par_1_39' title="bbox 201 2201 1835 2280">
     <span class='ocr_line' id='line_1_39' title="bbox 201 2201 1835 2280; baseline 0.001 -26"><span class='ocrx_word' id='word_1_261' title='bbox 201 2203 510 2272; x_wconf 79' lang='grc' dir='ltr'>τεθνηκότας</span> <span class='ocrx_word' id='word_1_262' title='bbox 543 2206 640 2255; x_wconf 88' lang='grc' dir='ltr'><strong>τοῦ</strong></span> <span class='ocrx_word' id='word_1_263' title='bbox 675 2202 818 2277; x_wconf 85' lang='grc' dir='ltr'>βίου,</span> <span class='ocrx_word' id='word_1_264' title='bbox 851 2202 896 2256; x_wconf 80' lang='grc' dir='ltr'>ὢ</span> <span class='ocrx_word' id='word_1_265' title='bbox 925 2209 1028 2272; x_wconf 84' lang='grc' dir='ltr'>τῆς</span> <span class='ocrx_word' id='word_1_266' title='bbox 1058 2203 1264 2280; x_wconf 74' lang='grc' dir='ltr'>ἀφάτου</span> <span class='ocrx_word' id='word_1_267' title='bbox 1296 2203 1421 2277; x_wconf 86' lang='grc' dir='ltr'>περὶ</span> <span class='ocrx_word' id='word_1_268' title='bbox 1464 2205 1612 2274; x_wconf 76' lang='grc' dir='ltr'>ἡμᾶς</span> <span class='ocrx_word' id='word_1_269' title='bbox 1645 2201 1835 2278; x_wconf 83' lang='grc' dir='ltr'>φιλαν-</span> 
     </span>
    </p>
   </div>
   <div class='ocr_carea' id='block_1_40' title="bbox 201 2285 1834 2368">
    <p class='ocr_par' dir='ltr' id='par_1_40' title="bbox 201 2285 1834 2368">
     <span class='ocr_line' id='line_1_40' title="bbox 201 2285 1834 2368; baseline 0.001 -26"><span class='ocrx_word' id='word_1_270' title='bbox 201 2290 430 2364; x_wconf 81' lang='grc' dir='ltr'>θρωπίας</span> <span class='ocrx_word' id='word_1_271' title='bbox 487 2292 660 2346; x_wconf 61' lang='lat' dir='ltr'><strong>Osci!</strong></span> <span class='ocrx_word' id='word_1_272' title='bbox 707 2292 932 2368; x_wconf 73' lang='grc' dir='ltr'>ὓφέσθαι</span> <span class='ocrx_word' id='word_1_273' title='bbox 982 2313 1040 2346; x_wconf 88' lang='grc' dir='ltr'><strong>τε</strong></span> <span class='ocrx_word' id='word_1_274' title='bbox 1086 2299 1428 2368; x_wconf 78' lang='grc' dir='ltr'>παραχρῆμα</span> <span class='ocrx_word' id='word_1_275' title='bbox 1486 2285 1678 2364; x_wconf 75' lang='grc' dir='ltr'>ξυνέϐη</span> <span class='ocrx_word' id='word_1_276' title='bbox 1738 2294 1834 2344; x_wconf 83' lang='grc' dir='ltr'><strong>τοῦ</strong></span> 
     </span>
    </p>
   </div>
   <div class='ocr_carea' id='block_1_41' title="bbox 195 2377 1831 2456">
    <p class='ocr_par' dir='ltr' id='par_1_41' title="bbox 195 2377 1831 2456">
     <span class='ocr_line' id='line_1_41' title="bbox 195 2377 1831 2456; baseline -0.001 -22"><span class='ocrx_word' id='word_1_277' title='bbox 195 2377 410 2435; x_wconf 77' lang='grc' dir='ltr'>τοσοῦδε</span> <span class='ocrx_word' id='word_1_278' title='bbox 478 2377 784 2445; x_wconf 78' lang='grc' dir='ltr'>κλύδωνος,</span> <span class='ocrx_word' id='word_1_279' title='bbox 842 2381 933 2435; x_wconf 87' lang='grc' dir='ltr'><strong>καὶ</strong></span> <span class='ocrx_word' id='word_1_280' title='bbox 990 2387 1090 2450; x_wconf 86' lang='grc' dir='ltr'><strong>τῆς</strong></span> <span class='ocrx_word' id='word_1_281' title='bbox 1147 2380 1414 2456; x_wconf 84' lang='grc' dir='ltr'>προτέρας</span> <span class='ocrx_word' id='word_1_282' title='bbox 1465 2381 1558 2454; x_wconf 78' lang='grc' dir='ltr'>μὲν</span> <span class='ocrx_word' id='word_1_283' title='bbox 1622 2380 1723 2434; x_wconf 84' lang='grc' dir='ltr'>οὐκ</span> <span class='ocrx_word' id='word_1_284' title='bbox 1770 2379 1831 2434; x_wconf 80' lang='grc' dir='ltr'><strong>ἃν</strong></span> 
     </span>
    </p>
   </div>
   <div class='ocr_carea' id='block_1_42' title="bbox 196 2466 1831 2547">
    <p class='ocr_par' dir='ltr' id='par_1_42' title="bbox 196 2466 1831 2547">
     <span class='ocr_line' id='line_1_42' title="bbox 196 2466 1831 2547; baseline 0.001 -25"><span class='ocrx_word' id='word_1_285' title='bbox 196 2469 371 2547; x_wconf 53' lang='lat' dir='ltr'><strong>palm,</strong></span> <span class='ocrx_word' id='word_1_286' title='bbox 405 2469 587 2544; x_wconf 75' lang='grc' dir='ltr'>ὑγείας</span> <span class='ocrx_word' id='word_1_287' title='bbox 624 2466 669 2523; x_wconf 88' lang='grc' dir='ltr'>δ’</span> <span class='ocrx_word' id='word_1_288' title='bbox 702 2468 792 2524; x_wconf 77' lang='grc' dir='ltr'>οὖν</span> <span class='ocrx_word' id='word_1_289' title='bbox 841 2468 1188 2547; x_wconf 72' lang='grc' dir='ltr'>ἐπειλῆφθαι,</span> <span class='ocrx_word' id='word_1_290' title='bbox 1227 2469 1378 2544; x_wconf 84' lang='grc' dir='ltr'>μάλα</span> <span class='ocrx_word' id='word_1_291' title='bbox 1428 2472 1523 2544; x_wconf 68' lang='grc' dir='ltr'>μὲν</span> <span class='ocrx_word' id='word_1_292' title='bbox 1576 2471 1831 2540; x_wconf 76' lang='grc' dir='ltr'>ἡδίστης,</span> 
     </span>
    </p>
   </div>
   <div class='ocr_carea' id='block_1_43' title="bbox 197 2556 1833 2634">
    <p class='ocr_par' dir='ltr' id='par_1_43' title="bbox 197 2556 1833 2634">
     <span class='ocr_line' id='line_1_43' title="bbox 197 2556 1833 2634; baseline 0.001 -23"><span class='ocrx_word' id='word_1_293' title='bbox 197 2561 274 2612; x_wconf 78' lang='grc' dir='ltr'>ὅτι</span> <span class='ocrx_word' id='word_1_294' title='bbox 317 2557 521 2632; x_wconf 81' lang='grc' dir='ltr'>παρῄει</span> <span class='ocrx_word' id='word_1_295' title='bbox 570 2559 718 2632; x_wconf 83' lang='grc' dir='ltr'>παρᾶ</span> <span class='ocrx_word' id='word_1_296' title='bbox 763 2564 936 2613; x_wconf 83' lang='grc' dir='ltr'>πᾶσαν</span> <span class='ocrx_word' id='word_1_297' title='bbox 991 2562 1243 2628; x_wconf 79' lang='grc' dir='ltr'>ἡντινοῦν</span> <span class='ocrx_word' id='word_1_298' title='bbox 1289 2557 1638 2634; x_wconf 81' lang='grc' dir='ltr'>προσδοκίαν,</span> <span class='ocrx_word' id='word_1_299' title='bbox 1686 2556 1833 2631; x_wconf 78' lang='grc' dir='ltr'>μάλα</span> 
     </span>
    </p>
   </div>
   <div class='ocr_carea' id='block_1_44' title="bbox 201 2644 1829 2727">
    <p class='ocr_par' dir='ltr' id='par_1_44' title="bbox 201 2644 1829 2727">
     <span class='ocr_line' id='line_1_44' title="bbox 201 2644 1829 2727; baseline 0.001 -27"><span class='ocrx_word' id='word_1_300' title='bbox 201 2644 250 2700; x_wconf 68' lang='grc' dir='ltr'>δὲ</span> <span class='ocrx_word' id='word_1_301' title='bbox 301 2648 678 2718; x_wconf 83' lang='grc' dir='ltr'>πιθανωτάτης</span> <span class='ocrx_word' id='word_1_302' title='bbox 733 2647 791 2702; x_wconf 77' lang='grc' dir='ltr'>ἂν</span> <span class='ocrx_word' id='word_1_303' title='bbox 846 2647 936 2703; x_wconf 82' lang='grc' dir='ltr'><strong>καὶ</strong></span> <span class='ocrx_word' id='word_1_304' title='bbox 995 2649 1214 2704; x_wconf 85' lang='grc' dir='ltr'>εἰσάπαν</span> <span class='ocrx_word' id='word_1_305' title='bbox 1273 2649 1526 2727; x_wconf 72' lang='grc' dir='ltr'>ἀφῖχθαι.</span> <span class='ocrx_word' id='word_1_306' title='bbox 1586 2649 1684 2704; x_wconf 80' lang='grc' dir='ltr'><strong>Καὶ</strong></span> <span class='ocrx_word' id='word_1_307' title='bbox 1738 2653 1829 2702; x_wconf 86' lang='grc' dir='ltr'><strong>νῦν</strong></span> 
     </span>
    </p>
   </div>
   <div class='ocr_carea' id='block_1_45' title="bbox 203 2732 1827 2811">
    <p class='ocr_par' dir='ltr' id='par_1_45' title="bbox 203 2732 1827 2811">
     <span class='ocr_line' id='line_1_45' title="bbox 203 2732 1827 2811; baseline 0.001 -22"><span class='ocrx_word' id='word_1_308' title='bbox 203 2741 306 2796; x_wconf 77' lang='grc' dir='ltr'>τοῖς</span> <span class='ocrx_word' id='word_1_309' title='bbox 366 2737 566 2811; x_wconf 79' lang='grc' dir='ltr'>ὁρῶσιν</span> <span class='ocrx_word' id='word_1_310' title='bbox 644 2735 822 2809; x_wconf 81' lang='grc' dir='ltr'>ὥσπερ</span> <span class='ocrx_word' id='word_1_311' title='bbox 894 2732 1318 2792; x_wconf 75' lang='grc' dir='ltr'>ἀναϐεϐιωκόσιν</span> <span class='ocrx_word' id='word_1_312' title='bbox 1395 2737 1672 2806; x_wconf 84' lang='grc' dir='ltr'>ἐοίκαμεν.</span> <span class='ocrx_word' id='word_1_313' title='bbox 1734 2739 1827 2791; x_wconf 79' lang='grc' dir='ltr'>Καὶ</span> 
     </span>
    </p>
   </div>
   <div class='ocr_carea' id='block_1_46' title="bbox 211 2823 1832 2904">
    <p class='ocr_par' dir='ltr' id='par_1_46' title="bbox 211 2823 1832 2904">
     <span class='ocr_line' id='line_1_46' title="bbox 211 2823 1832 2904; baseline 0.003 -29"><span class='ocrx_word' id='word_1_314' title='bbox 211 2823 290 2876; x_wconf 86' lang='grc' dir='ltr'><strong>νῦν</strong></span> <span class='ocrx_word' id='word_1_315' title='bbox 482 2826 580 2888; x_wconf 84' lang='grc' dir='ltr'><strong>τάς</strong></span> <span class='ocrx_word' id='word_1_316' title='bbox 639 2824 878 2904; x_wconf 72' lang='grc' dir='ltr'>κεφαλάς</span> <span class='ocrx_word' id='word_1_317' title='bbox 935 2831 1233 2897; x_wconf 82' lang='grc' dir='ltr'>κινοῦντες,</span> <span class='ocrx_word' id='word_1_318' title='bbox 1283 2830 1374 2881; x_wconf 88' lang='grc' dir='ltr'><strong>νῦν</strong></span> <span class='ocrx_word' id='word_1_319' title='bbox 1433 2824 1489 2882; x_wconf 73' lang='grc' dir='ltr'>δὲ</span> <span class='ocrx_word' id='word_1_320' title='bbox 1543 2828 1622 2881; x_wconf 87' lang='grc' dir='ltr'>τὼ</span> <span class='ocrx_word' id='word_1_321' title='bbox 1680 2832 1832 2901; x_wconf 88' lang='grc' dir='ltr'>χεῖρε</span> 
     </span>
    </p>
   </div>
   <div class='ocr_carea' id='block_1_47' title="bbox 218 2913 1828 2990">
    <p class='ocr_par' dir='ltr' id='par_1_47' title="bbox 218 2913 1828 2990">
     <span class='ocr_line' id='line_1_47' title="bbox 218 2913 1828 2990; baseline 0.002 -23"><span class='ocrx_word' id='word_1_322' title='bbox 218 2914 567 2985; x_wconf 83' lang='grc' dir='ltr'>πατ-άσσοντες,</span> <span class='ocrx_word' id='word_1_323' title='bbox 628 2913 1090 2986; x_wconf 83' lang='grc' dir='ltr'>ἀπαλλάττονται,</span> <span class='ocrx_word' id='word_1_324' title='bbox 1167 2917 1285 2987; x_wconf 85' lang='grc' dir='ltr'><strong>Θεῴ</strong></span> <span class='ocrx_word' id='word_1_325' title='bbox 1365 2916 1525 2990; x_wconf 83' lang='grc' dir='ltr'>χάριν</span> <span class='ocrx_word' id='word_1_326' title='bbox 1605 2914 1828 2984; x_wconf 80' lang='grc' dir='ltr'>εἰδότες,</span> 
     </span>
    </p>
   </div>
   <div class='ocr_carea' id='block_1_48' title="bbox 215 3001 1830 3078">
    <p class='ocr_par' dir='ltr' id='par_1_48' title="bbox 215 3001 1830 3078">
     <span class='ocr_line' id='line_1_48' title="bbox 215 3001 1830 3078; baseline 0.001 -21"><span class='ocrx_word' id='word_1_327' title='bbox 215 3006 278 3075; x_wconf 81' lang='grc' dir='ltr'>τῷ</span> <span class='ocrx_word' id='word_1_328' title='bbox 325 3004 494 3058; x_wconf 74' lang='grc' dir='ltr'>πάντα</span> <span class='ocrx_word' id='word_1_329' title='bbox 555 3005 653 3076; x_wconf 78' lang='grc' dir='ltr'>μὶν</span> <span class='ocrx_word' id='word_1_330' title='bbox 709 3001 1008 3078; x_wconf 72' lang='grc' dir='ltr'>δυναμένῳ,</span> <span class='ocrx_word' id='word_1_331' title='bbox 1065 3005 1239 3060; x_wconf 83' lang='grc' dir='ltr'>πάντα</span> <span class='ocrx_word' id='word_1_332' title='bbox 1307 3003 1362 3060; x_wconf 83' lang='grc' dir='ltr'>δὲ</span> <span class='ocrx_word' id='word_1_333' title='bbox 1419 3009 1665 3061; x_wconf 87' lang='grc' dir='ltr'>ποιοῦντι</span> <span class='ocrx_word' id='word_1_334' title='bbox 1740 3005 1830 3060; x_wconf 80' lang='grc' dir='ltr'><strong>καὶ</strong></span> 
     </span>
    </p>
   </div>
   <div class='ocr_carea' id='block_1_49' title="bbox 209 3093 1829 3169">
    <p class='ocr_par' dir='ltr' id='par_1_49' title="bbox 209 3093 1829 3169">
     <span class='ocr_line' id='line_1_49' title="bbox 209 3093 1829 3169; baseline 0.001 -23"><span class='ocrx_word' id='word_1_335' title='bbox 209 3093 643 3164; x_wconf 77' lang='grc' dir='ltr'>μετασκευάζοντι</span> <span class='ocrx_word' id='word_1_336' title='bbox 677 3093 830 3166; x_wconf 85' lang='grc' dir='ltr'>μόνῳ</span> <span class='ocrx_word' id='word_1_337' title='bbox 879 3099 960 3166; x_wconf 81' lang='grc' dir='ltr'><strong>τῷ</strong></span> <span class='ocrx_word' id='word_1_338' title='bbox 1007 3093 1317 3169; x_wconf 83' lang='grc' dir='ltr'>βούλεσθαι.</span> <span class='ocrx_word' id='word_1_339' title='bbox 1347 3099 1537 3167; x_wconf 84' lang='grc' dir='ltr'>Ἡμεῖς</span> <span class='ocrx_word' id='word_1_340' title='bbox 1593 3095 1687 3168; x_wconf 71' lang='grc' dir='ltr'>μὲν</span> <span class='ocrx_word' id='word_1_341' title='bbox 1719 3093 1829 3163; x_wconf 80' lang='grc' dir='ltr'>οὖν,</span> 
     </span>
    </p>
   </div>
   <div class='ocr_carea' id='block_1_50' title="bbox 205 3177 1830 3259">
    <p class='ocr_par' dir='ltr' id='par_1_50' title="bbox 205 3177 1830 3259">
     <span class='ocr_line' id='line_1_50' title="bbox 205 3177 1830 3259; baseline 0.002 -27"><span class='ocrx_word' id='word_1_342' title='bbox 205 3181 293 3234; x_wconf 84' lang='grc' dir='ltr'><strong>ιιἰεί</strong></span> <span class='ocrx_word' id='word_1_343' title='bbox 339 3186 478 3237; x_wconf 78' lang='grc' dir='ltr'>Θεοῦ</span> <span class='ocrx_word' id='word_1_344' title='bbox 531 3177 800 3252; x_wconf 88' lang='grc' dir='ltr'>διδόντος,</span> <span class='ocrx_word' id='word_1_345' title='bbox 849 3183 986 3258; x_wconf 89' lang='grc' dir='ltr'>πρὸς</span> <span class='ocrx_word' id='word_1_346' title='bbox 1029 3183 1096 3238; x_wconf 83' lang='grc' dir='ltr'><strong>τὰ</strong></span> <span class='ocrx_word' id='word_1_347' title='bbox 1148 3181 1350 3258; x_wconf 86' lang='grc' dir='ltr'>βελτίω</span> <span class='ocrx_word' id='word_1_348' title='bbox 1399 3188 1691 3259; x_wconf 84' lang='grc' dir='ltr'>χωροῦμεν</span> <span class='ocrx_word' id='word_1_349' title='bbox 1740 3193 1830 3237; x_wconf 80' lang='grc' dir='ltr'><strong>και</strong></span> 
     </span>
    </p>
   </div>
   <div class='ocr_carea' id='block_1_51' title="bbox 205 3267 1830 3347">
    <p class='ocr_par' dir='ltr' id='par_1_51' title="bbox 205 3267 1830 3347">
     <span class='ocr_line' id='line_1_51' title="bbox 205 3267 1830 3347; baseline 0.001 -24"><span class='ocrx_word' id='word_1_350' title='bbox 205 3267 364 3342; x_wconf 76' lang='grc' dir='ltr'>ζῶμεν</span> <span class='ocrx_word' id='word_1_351' title='bbox 418 3272 536 3343; x_wconf 89' lang='grc' dir='ltr'>μετ’</span> <span class='ocrx_word' id='word_1_352' title='bbox 584 3270 801 3347; x_wconf 82' lang='grc' dir='ltr'>ἀγαθῶν</span> <span class='ocrx_word' id='word_1_353' title='bbox 844 3275 955 3325; x_wconf 85' lang='grc' dir='ltr'><strong>τῶν</strong></span> <span class='ocrx_word' id='word_1_354' title='bbox 997 3270 1259 3341; x_wconf 70' lang='grc' dir='ltr'>ἐλπίδων,</span> <span class='ocrx_word' id='word_1_355' title='bbox 1318 3271 1491 3327; x_wconf 74' lang='grc' dir='ltr'>ἐκεῖνα</span> <span class='ocrx_word' id='word_1_356' title='bbox 1553 3272 1830 3340; x_wconf 85' lang='grc' dir='ltr'>παθόντες,</span> 
     </span>
    </p>
   </div>
   <div class='ocr_carea' id='block_1_52' title="bbox 201 3360 1832 3439">
    <p class='ocr_par' dir='ltr' id='par_1_52' title="bbox 201 3360 1832 3439">
     <span class='ocr_line' id='line_1_52' title="bbox 201 3360 1832 3439; baseline 0.001 -27"><span class='ocrx_word' id='word_1_357' title='bbox 201 3361 263 3412; x_wconf 80' lang='grc' dir='ltr'>ὧν</span> <span class='ocrx_word' id='word_1_358' title='bbox 316 3360 411 3414; x_wconf 83' lang='grc' dir='ltr'><strong>καὶ</strong></span> <span class='ocrx_word' id='word_1_359' title='bbox 477 3361 540 3413; x_wconf 85' lang='grc' dir='ltr'><strong>τὸ</strong></span> <span class='ocrx_word' id='word_1_360' title='bbox 608 3363 916 3432; x_wconf 81' lang='grc' dir='ltr'>μεμνῆσθαι</span> <span class='ocrx_word' id='word_1_361' title='bbox 981 3362 1142 3433; x_wconf 89' lang='grc' dir='ltr'>μόνον</span> <span class='ocrx_word' id='word_1_362' title='bbox 1191 3360 1489 3439; x_wconf 73' lang='grc' dir='ltr'>κατηφείας</span> <span class='ocrx_word' id='word_1_363' title='bbox 1544 3361 1832 3422; x_wconf 81' lang='grc' dir='ltr'>ὑπόθεσις·</span> 
     </span>
    </p>
   </div>
   <div class='ocr_carea' id='block_1_53' title="bbox 200 3445 1835 3526">
    <p class='ocr_par' dir='ltr' id='par_1_53' title="bbox 200 3445 1835 3526">
     <span class='ocr_line' id='line_1_53' title="bbox 200 3445 1835 3526; baseline 0.002 -25"><span class='ocrx_word' id='word_1_364' title='bbox 200 3448 432 3520; x_wconf 81' lang='grc' dir='ltr'>Ἱεροθέῳ</span> <span class='ocrx_word' id='word_1_365' title='bbox 463 3445 521 3502; x_wconf 70' lang='grc' dir='ltr'>δὲ</span> <span class='ocrx_word' id='word_1_366' title='bbox 549 3453 628 3519; x_wconf 81' lang='grc' dir='ltr'>τῷ</span> <span class='ocrx_word' id='word_1_367' title='bbox 658 3447 814 3521; x_wconf 88' lang='grc' dir='ltr'><strong>καλῷ</strong></span> <span class='ocrx_word' id='word_1_368' title='bbox 843 3448 1031 3505; x_wconf 87' lang='grc' dir='ltr'>πολλά</span> <span class='ocrx_word' id='word_1_369' title='bbox 1059 3450 1232 3526; x_wconf 86' lang='grc' dir='ltr'>ἀγαθά</span> <span class='ocrx_word' id='word_1_370' title='bbox 1278 3452 1511 3525; x_wconf 85' lang='grc' dir='ltr'>γένοιτο,</span> <span class='ocrx_word' id='word_1_371' title='bbox 1535 3449 1648 3525; x_wconf 77' lang='grc' dir='ltr'>οὔχ</span> <span class='ocrx_word' id='word_1_372' title='bbox 1685 3450 1835 3511; x_wconf 82' lang='grc' dir='ltr'>ὅπως</span> 
     </span>
    </p>
   </div>
   <div class='ocr_carea' id='block_1_54' title="bbox 197 3535 1837 3612">
    <p class='ocr_par' dir='ltr' id='par_1_54' title="bbox 197 3535 1837 3612">
     <span class='ocr_line' id='line_1_54' title="bbox 197 3535 1837 3612; baseline 0.001 -22"><span class='ocrx_word' id='word_1_373' title='bbox 197 3537 254 3602; x_wconf 74' lang='grc' dir='ltr'>ἧς</span> <span class='ocrx_word' id='word_1_374' title='bbox 299 3535 420 3612; x_wconf 82' lang='grc' dir='ltr'>ἔχει</span> <span class='ocrx_word' id='word_1_375' title='bbox 473 3539 857 3611; x_wconf 84' lang='grc' dir='ltr'>χρηστότητος</span> <span class='ocrx_word' id='word_1_376' title='bbox 907 3541 997 3594; x_wconf 85' lang='grc' dir='ltr'>καί</span> <span class='ocrx_word' id='word_1_377' title='bbox 1047 3539 1356 3609; x_wconf 85' lang='grc' dir='ltr'>ἐπιεικείας,</span> <span class='ocrx_word' id='word_1_378' title='bbox 1410 3541 1501 3594; x_wconf 83' lang='grc' dir='ltr'><strong>καὶ</strong></span> <span class='ocrx_word' id='word_1_379' title='bbox 1547 3543 1644 3594; x_wconf 89' lang='grc' dir='ltr'><strong>τοῦ</strong></span> <span class='ocrx_word' id='word_1_380' title='bbox 1714 3538 1837 3612; x_wconf 85' lang='grc' dir='ltr'>περὶ</span> 
     </span>
    </p>
   </div>
   <div class='ocr_carea' id='block_1_55' title="bbox 197 3623 1840 3703">
    <p class='ocr_par' dir='ltr' id='par_1_55' title="bbox 197 3623 1840 3703">
     <span class='ocr_line' id='line_1_55' title="bbox 197 3623 1840 3703; baseline 0.001 -25"><span class='ocrx_word' id='word_1_381' title='bbox 197 3623 455 3681; x_wconf 77' lang='grc' dir='ltr'>πλείστου</span> <span class='ocrx_word' id='word_1_382' title='bbox 485 3627 578 3680; x_wconf 87' lang='grc' dir='ltr'><strong>καὶ</strong></span> <span class='ocrx_word' id='word_1_383' title='bbox 613 3626 903 3700; x_wconf 88' lang='grc' dir='ltr'>βούλεσθαι</span> <span class='ocrx_word' id='word_1_384' title='bbox 934 3628 1022 3682; x_wconf 85' lang='grc' dir='ltr'>καὶ</span> <span class='ocrx_word' id='word_1_385' title='bbox 1070 3630 1373 3698; x_wconf 87' lang='grc' dir='ltr'>ποιεῖσθαι,</span> <span class='ocrx_word' id='word_1_386' title='bbox 1406 3627 1586 3702; x_wconf 80' lang='grc' dir='ltr'>ὥσπερ</span> <span class='ocrx_word' id='word_1_387' title='bbox 1619 3626 1840 3703; x_wconf 73' lang='grc' dir='ltr'>ἄγαλμά</span> 
     </span>
    </p>
   </div>
   <div class='ocr_carea' id='block_1_56' title="bbox 196 3713 1840 3793">
    <p class='ocr_par' dir='ltr' id='par_1_56' title="bbox 196 3713 1840 3793">
     <span class='ocr_line' id='line_1_56' title="bbox 196 3713 1840 3793; baseline 0.002 -27"><span class='ocrx_word' id='word_1_388' title='bbox 196 3735 241 3767; x_wconf 85' lang='grc' dir='ltr'><strong>τι</strong></span> <span class='ocrx_word' id='word_1_389' title='bbox 269 3714 556 3791; x_wconf 77' lang='grc' dir='ltr'>πάγκαλον</span> <span class='ocrx_word' id='word_1_390' title='bbox 587 3713 675 3769; x_wconf 83' lang='grc' dir='ltr'><strong>διὰ</strong></span> <span class='ocrx_word' id='word_1_391' title='bbox 705 3717 922 3771; x_wconf 85' lang='grc' dir='ltr'>πάντων</span> <span class='ocrx_word' id='word_1_392' title='bbox 948 3718 1046 3786; x_wconf 83' lang='grc' dir='ltr'><strong>τήν</strong></span> <span class='ocrx_word' id='word_1_393' title='bbox 1083 3719 1268 3792; x_wconf 75' lang='grc' dir='ltr'>ψυχὴν</span> <span class='ocrx_word' id='word_1_394' title='bbox 1299 3717 1636 3793; x_wconf 81' lang='grc' dir='ltr'>ἐξειργάσθαι</span> <span class='ocrx_word' id='word_1_395' title='bbox 1663 3737 1674 3749; x_wconf 88' lang='grc'><strong>·</strong></span> <span class='ocrx_word' id='word_1_396' title='bbox 1711 3716 1840 3770; x_wconf 84' lang='grc' dir='ltr'>ἀλλ’</span> 
     </span>
    </p>
   </div>
   <div class='ocr_carea' id='block_1_57' title="bbox 200 3802 1839 3882">
    <p class='ocr_par' dir='ltr' id='par_1_57' title="bbox 200 3802 1839 3882">
     <span class='ocr_line' id='line_1_57' title="bbox 200 3802 1839 3882; baseline 0.003 -26"><span class='ocrx_word' id='word_1_397' title='bbox 200 3802 272 3858; x_wconf 76' lang='grc' dir='ltr'>ὅτι</span> <span class='ocrx_word' id='word_1_398' title='bbox 317 3805 493 3878; x_wconf 77' lang='grc' dir='ltr'>κάμοὶ</span> <span class='ocrx_word' id='word_1_399' title='bbox 542 3804 690 3878; x_wconf 83' lang='grc' dir='ltr'>μάλα</span> <span class='ocrx_word' id='word_1_400' title='bbox 737 3807 999 3878; x_wconf 78' lang='grc' dir='ltr'>κάμνοντι</span> <span class='ocrx_word' id='word_1_401' title='bbox 1048 3809 1135 3862; x_wconf 82' lang='grc' dir='ltr'><strong>καὶ</strong></span> <span class='ocrx_word' id='word_1_402' title='bbox 1185 3808 1717 3882; x_wconf 65' lang='grc' dir='ltr'>ταλαιπωρουμένῳ,</span> <span class='ocrx_word' id='word_1_403' title='bbox 1749 3808 1839 3862; x_wconf 81' lang='grc' dir='ltr'><strong>καὶ</strong></span> 
     </span>
    </p>
   </div>
   <div class='ocr_carea' id='block_1_58' title="bbox 201 3890 1841 3972">
    <p class='ocr_par' dir='ltr' id='par_1_58' title="bbox 201 3890 1841 3972">
     <span class='ocr_line' id='line_1_58' title="bbox 201 3890 1841 3972; baseline 0.005 -28"><span class='ocrx_word' id='word_1_404' title='bbox 201 3892 246 3945; x_wconf 85' lang='grc' dir='ltr'><strong>τί</strong></span> <span class='ocrx_word' id='word_1_405' title='bbox 287 3894 389 3970; x_wconf 77' lang='grc' dir='ltr'><strong>γάρ</strong></span> <span class='ocrx_word' id='word_1_406' title='bbox 449 3890 597 3948; x_wconf 77' lang='grc' dir='ltr'>ἄλλο</span> <span class='ocrx_word' id='word_1_407' title='bbox 649 3893 683 3962; x_wconf 74' lang='grc' dir='ltr'><strong>ἢ</strong></span> <span class='ocrx_word' id='word_1_408' title='bbox 735 3900 892 3948; x_wconf 82' lang='grc' dir='ltr'>πᾶσιν</span> <span class='ocrx_word' id='word_1_409' title='bbox 944 3894 1134 3957; x_wconf 84' lang='grc' dir='ltr'>ἁπλῶς</span> <span class='ocrx_word' id='word_1_410' title='bbox 1197 3896 1284 3950; x_wconf 83' lang='grc' dir='ltr'><strong>ὑπ’</strong></span> <span class='ocrx_word' id='word_1_411' title='bbox 1328 3895 1554 3972; x_wconf 81' lang='grc' dir='ltr'>ἀπορίας</span> <span class='ocrx_word' id='word_1_412' title='bbox 1615 3895 1841 3972; x_wconf 89' lang='grc' dir='ltr'>δυσαρε-</span> 
     </span>
    </p>
   </div>
   <div class='ocr_carea' id='block_1_59' title="bbox 203 3981 1842 4062">
    <p class='ocr_par' dir='ltr' id='par_1_59' title="bbox 203 3981 1842 4062">
     <span class='ocr_line' id='line_1_59' title="bbox 203 3981 1842 4062; baseline 0.003 -26"><span class='ocrx_word' id='word_1_413' title='bbox 203 3988 401 4038; x_wconf 84' lang='grc' dir='ltr'>στοῦντι</span> <span class='ocrx_word' id='word_1_414' title='bbox 435 3983 579 4037; x_wconf 88' lang='grc' dir='ltr'><strong>κατά</strong></span> <span class='ocrx_word' id='word_1_415' title='bbox 606 3984 703 4051; x_wconf 75' lang='grc' dir='ltr'>τὴν</span> <span class='ocrx_word' id='word_1_416' title='bbox 732 3981 1035 4058; x_wconf 87' lang='grc' dir='ltr'>τραγῳδίαν</span> <span class='ocrx_word' id='word_1_417' title='bbox 1068 3986 1230 4058; x_wconf 90' lang='grc' dir='ltr'>μόνος</span> <span class='ocrx_word' id='word_1_418' title='bbox 1272 3985 1390 4040; x_wconf 84' lang='grc' dir='ltr'>ἀντὶ</span> <span class='ocrx_word' id='word_1_419' title='bbox 1442 3986 1654 4041; x_wconf 88' lang='grc' dir='ltr'>πάντων</span> <span class='ocrx_word' id='word_1_420' title='bbox 1697 4006 1842 4062; x_wconf 90' lang='grc' dir='ltr'>παρ-</span> 
     </span>
    </p>
   </div>
   <div class='ocr_carea' id='block_1_60' title="bbox 205 4071 1841 4150">
    <p class='ocr_par' dir='ltr' id='par_1_60' title="bbox 205 4071 1841 4150">
     <span class='ocr_line' id='line_1_60' title="bbox 205 4071 1841 4150; baseline 0.002 -26"><span class='ocrx_word' id='word_1_421' title='bbox 205 4076 286 4140; x_wconf 81' lang='grc' dir='ltr'><strong>ῆν,</strong></span> <span class='ocrx_word' id='word_1_422' title='bbox 330 4071 648 4150; x_wconf 83' lang='grc' dir='ltr'>ύπανέχων,</span> <span class='ocrx_word' id='word_1_423' title='bbox 703 4073 1000 4146; x_wconf 76' lang='grc' dir='ltr'>κουφίζων,</span> <span class='ocrx_word' id='word_1_424' title='bbox 1063 4075 1371 4144; x_wconf 77' lang='grc' dir='ltr'>θεραπεύων</span> <span class='ocrx_word' id='word_1_425' title='bbox 1426 4075 1481 4129; x_wconf 81' lang='grc' dir='ltr'>εὖ</span> <span class='ocrx_word' id='word_1_426' title='bbox 1545 4076 1713 4147; x_wconf 83' lang='grc' dir='ltr'>μάλα,</span> <span class='ocrx_word' id='word_1_427' title='bbox 1752 4077 1841 4130; x_wconf 84' lang='grc' dir='ltr'><strong>καὶ</strong></span> 
     </span>
    </p>
   </div>
   <div class='ocr_carea' id='block_1_61' title="bbox 203 4161 1835 4238">
    <p class='ocr_par' dir='ltr' id='par_1_61' title="bbox 203 4161 1835 4238">
     <span class='ocr_line' id='line_1_61' title="bbox 203 4161 1835 4238; baseline 0.003 -25"><span class='ocrx_word' id='word_1_428' title='bbox 203 4161 292 4227; x_wconf 65' lang='grc' dir='ltr'><strong>τὴν</strong></span> <span class='ocrx_word' id='word_1_429' title='bbox 324 4163 418 4234; x_wconf 78' lang='grc' dir='ltr'>μὲν</span> <span class='ocrx_word' id='word_1_430' title='bbox 458 4161 537 4224; x_wconf 80' lang='grc' dir='ltr'><strong>εἰς</strong></span> <span class='ocrx_word' id='word_1_431' title='bbox 565 4161 725 4216; x_wconf 74' lang='grc' dir='ltr'>αὐτὸν</span> <span class='ocrx_word' id='word_1_432' title='bbox 760 4161 996 4231; x_wconf 77' lang='grc' dir='ltr'>ἥκουσαν</span> <span class='ocrx_word' id='word_1_433' title='bbox 1035 4162 1133 4217; x_wconf 81' lang='grc' dir='ltr'><strong>οὐκ</strong></span> <span class='ocrx_word' id='word_1_434' title='bbox 1183 4163 1670 4238; x_wconf 86' lang='grc' dir='ltr'>ἐγκαταλιμπάνων</span> <span class='ocrx_word' id='word_1_435' title='bbox 1723 4185 1835 4218; x_wconf 76' lang='grc' dir='ltr'>συνσ</span> 
     </span>
    </p>
   </div>
   <div class='ocr_carea' id='block_1_62' title="bbox 203 4248 1842 4328">
    <p class='ocr_par' dir='ltr' id='par_1_62' title="bbox 203 4248 1842 4328">
     <span class='ocr_line' id='line_1_62' title="bbox 203 4248 1842 4328; baseline 0.002 -27"><span class='ocrx_word' id='word_1_436' title='bbox 203 4248 424 4321; x_wconf 78' lang='grc' dir='ltr'>τέλειαν,</span> <span class='ocrx_word' id='word_1_437' title='bbox 459 4254 593 4304; x_wconf 79' lang='grc' dir='ltr'>πᾶσι</span> <span class='ocrx_word' id='word_1_438' title='bbox 665 4249 710 4304; x_wconf 87' lang='grc' dir='ltr'>δ’</span> <span class='ocrx_word' id='word_1_439' title='bbox 759 4253 842 4314; x_wconf 84' lang='grc' dir='ltr'>οἷς</span> <span class='ocrx_word' id='word_1_440' title='bbox 891 4251 1011 4312; x_wconf 83' lang='grc' dir='ltr'>οἷός</span> <span class='ocrx_word' id='word_1_441' title='bbox 1060 4253 1108 4305; x_wconf 79' lang='grc' dir='ltr'>τ’</span> <span class='ocrx_word' id='word_1_442' title='bbox 1139 4253 1203 4321; x_wconf 78' lang='grc' dir='ltr'><strong>ἦν</strong></span> <span class='ocrx_word' id='word_1_443' title='bbox 1234 4254 1328 4314; x_wconf 81' lang='grc' dir='ltr'><strong>τάς</strong></span> <span class='ocrx_word' id='word_1_444' title='bbox 1368 4249 1556 4316; x_wconf 80' lang='grc' dir='ltr'>ὀδύνας</span> <span class='ocrx_word' id='word_1_445' title='bbox 1586 4253 1842 4328; x_wconf 85' lang='grc' dir='ltr'>παράγων</span> 
     </span>
    </p>
   </div>
   <div class='ocr_carea' id='block_1_63' title="bbox 203 4339 1844 4415">
    <p class='ocr_par' dir='ltr' id='par_1_63' title="bbox 203 4339 1844 4415">
     <span class='ocr_line' id='line_1_63' title="bbox 203 4339 1844 4415; baseline 0.002 -24"><span class='ocrx_word' id='word_1_446' title='bbox 203 4339 280 4391; x_wconf 83' lang='grc' dir='ltr'><strong>καὶ</strong></span> <span class='ocrx_word' id='word_1_447' title='bbox 334 4339 728 4412; x_wconf 84' lang='grc' dir='ltr'>συναιρόμενος</span> <span class='ocrx_word' id='word_1_448' title='bbox 777 4341 845 4394; x_wconf 80' lang='grc' dir='ltr'><strong>τά</strong></span> <span class='ocrx_word' id='word_1_449' title='bbox 896 4340 1209 4415; x_wconf 89' lang='grc' dir='ltr'>γιγνόμενα,</span> <span class='ocrx_word' id='word_1_450' title='bbox 1240 4339 1302 4396; x_wconf 78' lang='grc' dir='ltr'><strong>τδ</strong></span> <span class='ocrx_word' id='word_1_451' title='bbox 1355 4339 1647 4411; x_wconf 76' lang='grc' dir='ltr'>λαθικηδὲς</span> <span class='ocrx_word' id='word_1_452' title='bbox 1697 4339 1844 4396; x_wconf 78' lang='grc' dir='ltr'>ἄντι·</span> 
     </span>
    </p>
   </div>
   <div class='ocr_carea' id='block_1_64' title="bbox 203 4426 1845 4506">
    <p class='ocr_par' dir='ltr' id='par_1_64' title="bbox 203 4426 1845 4506">
     <span class='ocr_line' id='line_1_64' title="bbox 203 4426 1845 4506; baseline 0.003 -26"><span class='ocrx_word' id='word_1_453' title='bbox 203 4446 321 4502; x_wconf 86' lang='grc' dir='ltr'>κρυς</span> <span class='ocrx_word' id='word_1_454' title='bbox 377 4429 556 4484; x_wconf 79' lang='grc' dir='ltr'>ἐκεῖνο</span> <span class='ocrx_word' id='word_1_455' title='bbox 616 4430 708 4483; x_wconf 83' lang='grc' dir='ltr'><strong>καὶ</strong></span> <span class='ocrx_word' id='word_1_456' title='bbox 763 4431 845 4491; x_wconf 83' lang='grc' dir='ltr'>οἷς</span> <span class='ocrx_word' id='word_1_457' title='bbox 895 4428 1051 4506; x_wconf 83' lang='grc' dir='ltr'>ἔλεγε</span> <span class='ocrx_word' id='word_1_458' title='bbox 1080 4430 1170 4485; x_wconf 84' lang='grc' dir='ltr'>καὶ</span> <span class='ocrx_word' id='word_1_459' title='bbox 1211 4433 1292 4492; x_wconf 83' lang='grc' dir='ltr'>οἷς</span> <span class='ocrx_word' id='word_1_460' title='bbox 1323 4426 1552 4505; x_wconf 76' lang='grc' dir='ltr'>ἔπραττε</span> <span class='ocrx_word' id='word_1_461' title='bbox 1581 4432 1845 4506; x_wconf 83' lang='grc' dir='ltr'>γιγνόμε-</span> 
     </span>
    </p>
   </div>
   <div class='ocr_carea' id='block_1_65' title="bbox 205 4516 1840 4596">
    <p class='ocr_par' dir='ltr' id='par_1_65' title="bbox 205 4516 1840 4596">
     <span class='ocr_line' id='line_1_65' title="bbox 205 4516 1840 4596; baseline 0.004 -28"><span class='ocrx_word' id='word_1_462' title='bbox 205 4536 283 4578; x_wconf 87' lang='grc' dir='ltr'><strong>νος</strong></span> <span class='ocrx_word' id='word_1_463' title='bbox 319 4523 629 4596; x_wconf 67' lang='grc' dir='ltr'>φάρμακον.</span> <span class='ocrx_word' id='word_1_464' title='bbox 662 4519 759 4580; x_wconf 75' lang='grc' dir='ltr'>’ος</span> <span class='ocrx_word' id='word_1_465' title='bbox 803 4516 856 4572; x_wconf 82' lang='grc' dir='ltr'>ἒν</span> <span class='ocrx_word' id='word_1_466' title='bbox 909 4519 1003 4592; x_wconf 75' lang='grc' dir='ltr'>μὲν</span> <span class='ocrx_word' id='word_1_467' title='bbox 1055 4524 1171 4580; x_wconf 88' lang='grc' dir='ltr'>ταῖς</span> <span class='ocrx_word' id='word_1_468' title='bbox 1219 4517 1678 4589; x_wconf 72' lang='grc' dir='ltr'>ἀλλεπαλλήλοις</span> <span class='ocrx_word' id='word_1_469' title='bbox 1734 4523 1840 4574; x_wconf 89' lang='grc' dir='ltr'><strong>τῶν</strong></span> 
     </span>
    </p>
   </div>
   <div class='ocr_carea' id='block_1_66' title="bbox 1946 1938 3586 2012">
    <p class='ocr_par' dir='ltr' id='par_1_66' title="bbox 1946 1938 3586 2012">
     <span class='ocr_line' id='line_1_66' title="bbox 1946 1938 3586 2012; baseline 0 -18"><span class='ocrx_word' id='word_1_470' title='bbox 1946 1940 2156 2011; x_wconf 88' lang='lat' dir='ltr'><strong>Magna</strong></span> <span class='ocrx_word' id='word_1_471' title='bbox 2195 1939 2375 2010; x_wconf 87' lang='lat' dir='ltr'><strong>igitur</strong></span> <span class='ocrx_word' id='word_1_472' title='bbox 2409 1956 2512 1996; x_wconf 92' lang='lat' dir='ltr'><strong>nos</strong></span> <span class='ocrx_word' id='word_1_473' title='bbox 2560 1939 2621 1994; x_wconf 91' lang='lat' dir='ltr'><strong>in</strong></span> <span class='ocrx_word' id='word_1_474' title='bbox 2669 1939 3020 2006; x_wconf 87' lang='lat' dir='ltr'><strong>forimidine,</strong></span> <span class='ocrx_word' id='word_1_475' title='bbox 3054 1955 3266 2012; x_wconf 86' lang='lat' dir='ltr'><strong>magno</strong></span> <span class='ocrx_word' id='word_1_476' title='bbox 3335 1938 3586 1994; x_wconf 88' lang='lat' dir='ltr'><strong>tumultu</strong></span> 
     </span>
    </p>
   </div>
   <div class='ocr_carea' id='block_1_67' title="bbox 1945 2027 3586 2098">
    <p class='ocr_par' dir='ltr' id='par_1_67' title="bbox 1945 2027 3586 2098">
     <span class='ocr_line' id='line_1_67' title="bbox 1945 2027 3586 2098; baseline -0.001 -14"><span class='ocrx_word' id='word_1_477' title='bbox 1945 2029 2484 2097; x_wconf 81' lang='lat' dir='ltr'><strong>versabamur,cum</strong></span> <span class='ocrx_word' id='word_1_478' title='bbox 2507 2028 2749 2085; x_wconf 89' lang='lat' dir='ltr'><strong>medicis</strong></span> <span class='ocrx_word' id='word_1_479' title='bbox 2778 2045 3014 2084; x_wconf 88' lang='lat' dir='ltr'><strong>sursum</strong></span> <span class='ocrx_word' id='word_1_480' title='bbox 3047 2027 3436 2098; x_wconf 89' lang='lat' dir='ltr'><strong>deorsumque</strong></span> <span class='ocrx_word' id='word_1_481' title='bbox 3463 2028 3586 2083; x_wconf 87' lang='lat' dir='ltr'><strong>cla-</strong></span> 
     </span>
    </p>
   </div>
   <div class='ocr_carea' id='block_1_68' title="bbox 1946 2117 3587 2188">
    <p class='ocr_par' dir='ltr' id='par_1_68' title="bbox 1946 2117 3587 2188">
     <span class='ocr_line' id='line_1_68' title="bbox 1946 2117 3587 2188; baseline -0.001 -15"><span class='ocrx_word' id='word_1_482' title='bbox 1946 2117 2312 2185; x_wconf 87' lang='lat' dir='ltr'><strong>mitantibus,</strong></span> <span class='ocrx_word' id='word_1_483' title='bbox 2361 2117 2721 2188; x_wconf 87' lang='lat' dir='ltr'><strong>jamjamque</strong></span> <span class='ocrx_word' id='word_1_484' title='bbox 2764 2134 2876 2188; x_wconf 66' lang='lat' dir='ltr'><strong>pra</strong></span> <span class='ocrx_word' id='word_1_485' title='bbox 2936 2117 3161 2173; x_wconf 83' lang='lat' dir='ltr'><strong>foribus</strong></span> <span class='ocrx_word' id='word_1_486' title='bbox 3209 2118 3342 2173; x_wconf 74' lang='lat' dir='ltr'><strong>vitae</strong></span> <span class='ocrx_word' id='word_1_487' title='bbox 3381 2117 3587 2173; x_wconf 88' lang='lat' dir='ltr'><strong>adesse</strong></span> 
     </span>
    </p>
   </div>
   <div class='ocr_carea' id='block_1_69' title="bbox 1948 2205 3582 2277">
    <p class='ocr_par' dir='ltr' id='par_1_69' title="bbox 1948 2205 3582 2277">
     <span class='ocr_line' id='line_1_69' title="bbox 1948 2205 3582 2277; baseline 0 -16"><span class='ocrx_word' id='word_1_488' title='bbox 1948 2208 2146 2271; x_wconf 89' lang='lat' dir='ltr'><strong>linem,</strong></span> <span class='ocrx_word' id='word_1_489' title='bbox 2169 2221 2275 2262; x_wconf 93' lang='lat' dir='ltr'><strong>nec</strong></span> <span class='ocrx_word' id='word_1_490' title='bbox 2306 2205 2493 2260; x_wconf 89' lang='lat' dir='ltr'><strong>ullum</strong></span> <span class='ocrx_word' id='word_1_491' title='bbox 2529 2205 3361 2277; x_wconf 68' lang='lat' dir='ltr'><strong>mormatquetergiversationi</strong></span> <span class='ocrx_word' id='word_1_492' title='bbox 3388 2206 3582 2261; x_wconf 91' lang='lat' dir='ltr'><strong>locum</strong></span> 
     </span>
    </p>
   </div>
   <div class='ocr_carea' id='block_1_70' title="bbox 1945 2293 3582 2366">
    <p class='ocr_par' dir='ltr' id='par_1_70' title="bbox 1945 2293 3582 2366">
     <span class='ocr_line' id='line_1_70' title="bbox 1945 2293 3582 2366; baseline -0.001 -16"><span class='ocrx_word' id='word_1_493' title='bbox 1945 2293 2220 2366; x_wconf 83' lang='lat' dir='ltr'><strong>relinqui,</strong></span> <span class='ocrx_word' id='word_1_494' title='bbox 2254 2310 2457 2349; x_wconf 90' lang='lat' dir='ltr'><strong>verum</strong></span> <span class='ocrx_word' id='word_1_495' title='bbox 2513 2299 2768 2355; x_wconf 88' lang='lat' dir='ltr'><strong>strenue,</strong></span> <span class='ocrx_word' id='word_1_496' title='bbox 2803 2293 3089 2365; x_wconf 87' lang='lat' dir='ltr'><strong>quidquid</strong></span> <span class='ocrx_word' id='word_1_497' title='bbox 3128 2294 3275 2348; x_wconf 85' lang='lat' dir='ltr'><strong>facto</strong></span> <span class='ocrx_word' id='word_1_498' title='bbox 3333 2295 3582 2349; x_wconf 82' lang='lat' dir='ltr'><strong>maxime</strong></span> 
     </span>
    </p>
   </div>
   <div class='ocr_carea' id='block_1_71' title="bbox 1944 2383 3586 2453">
    <p class='ocr_par' dir='ltr' id='par_1_71' title="bbox 1944 2383 3586 2453">
     <span class='ocr_line' id='line_1_71' title="bbox 1944 2383 3586 2453; baseline -0.001 -13"><span class='ocrx_word' id='word_1_499' title='bbox 1944 2399 2089 2453; x_wconf 88' lang='lat' dir='ltr'><strong>Opus</strong></span> <span class='ocrx_word' id='word_1_500' title='bbox 2119 2386 2294 2450; x_wconf 90' lang='lat' dir='ltr'><strong>esset,</strong></span> <span class='ocrx_word' id='word_1_501' title='bbox 2327 2400 2456 2439; x_wconf 89' lang='lat' dir='ltr'><strong>esse</strong></span> <span class='ocrx_word' id='word_1_502' title='bbox 2489 2383 3039 2450; x_wconf 84' lang='lat' dir='ltr'><strong>factitandum,tum</strong></span> <span class='ocrx_word' id='word_1_503' title='bbox 3072 2383 3277 2439; x_wconf 88' lang='lat' dir='ltr'><strong>amicis</strong></span> <span class='ocrx_word' id='word_1_504' title='bbox 3304 2383 3586 2438; x_wconf 83' lang='lat' dir='ltr'><strong>tumultu-</strong></span> 
     </span>
    </p>
   </div>
   <div class='ocr_carea' id='block_1_72' title="bbox 1944 2470 3589 2544">
    <p class='ocr_par' dir='ltr' id='par_1_72' title="bbox 1944 2470 3589 2544">
     <span class='ocr_line' id='line_1_72' title="bbox 1944 2470 3589 2544; baseline -0.001 -17"><span class='ocrx_word' id='word_1_505' title='bbox 1944 2473 2201 2540; x_wconf 87' lang='lat' dir='ltr'><strong>antibus,</strong></span> <span class='ocrx_word' id='word_1_506' title='bbox 2236 2474 2619 2544; x_wconf 90' lang='lat' dir='ltr'><strong>planctusque</strong></span> <span class='ocrx_word' id='word_1_507' title='bbox 2653 2471 2949 2544; x_wconf 89' lang='lat' dir='ltr'><strong>plantibus</strong></span> <span class='ocrx_word' id='word_1_508' title='bbox 2990 2470 3507 2542; x_wconf 87' lang='lat' dir='ltr'><strong>ingeminantibus,</strong></span> <span class='ocrx_word' id='word_1_509' title='bbox 3531 2476 3589 2528; x_wconf 92' lang='lat' dir='ltr'><strong>et</strong></span> 
     </span>
    </p>
   </div>
   <div class='ocr_carea' id='block_1_73' title="bbox 1943 2559 3583 2630">
    <p class='ocr_par' dir='ltr' id='par_1_73' title="bbox 1943 2559 3583 2630">
     <span class='ocr_line' id='line_1_73' title="bbox 1943 2559 3583 2630; baseline -0.001 -14"><span class='ocrx_word' id='word_1_510' title='bbox 1943 2561 2336 2617; x_wconf 87' lang='lat' dir='ltr'><strong>levamentum</strong></span> <span class='ocrx_word' id='word_1_511' title='bbox 2371 2560 2638 2616; x_wconf 88' lang='lat' dir='ltr'><strong>dolorum</strong></span> <span class='ocrx_word' id='word_1_512' title='bbox 2678 2559 3030 2630; x_wconf 87' lang='lat' dir='ltr'><strong>optantibus.</strong></span> <span class='ocrx_word' id='word_1_513' title='bbox 3059 2559 3220 2615; x_wconf 87' lang='lat' dir='ltr'><strong>l-lunc</strong></span> <span class='ocrx_word' id='word_1_514' title='bbox 3279 2565 3471 2616; x_wconf 89' lang='lat' dir='ltr'><strong>autem</strong></span> <span class='ocrx_word' id='word_1_515' title='bbox 3499 2560 3583 2616; x_wconf 90' lang='lat' dir='ltr'><strong>af-</strong></span> 
     </span>
    </p>
   </div>
   <div class='ocr_carea' id='block_1_74' title="bbox 1945 2648 3583 2721">
    <p class='ocr_par' dir='ltr' id='par_1_74' title="bbox 1945 2648 3583 2721">
     <span class='ocr_line' id='line_1_74' title="bbox 1945 2648 3583 2721; baseline 0 -16"><span class='ocrx_word' id='word_1_516' title='bbox 1945 2651 2113 2707; x_wconf 89' lang='lat' dir='ltr'><strong>fectis</strong></span> <span class='ocrx_word' id='word_1_517' title='bbox 2143 2651 2202 2706; x_wconf 90' lang='lat' dir='ltr'><strong>in</strong></span> <span class='ocrx_word' id='word_1_518' title='bbox 2237 2650 2496 2716; x_wconf 89' lang='lat' dir='ltr'><strong>modum,</strong></span> <span class='ocrx_word' id='word_1_519' title='bbox 2528 2650 2772 2721; x_wconf 88' lang='lat' dir='ltr'><strong>ipsoque</strong></span> <span class='ocrx_word' id='word_1_520' title='bbox 2805 2648 2980 2704; x_wconf 86' lang='lat' dir='ltr'><strong>veluti</strong></span> <span class='ocrx_word' id='word_1_521' title='bbox 3041 2653 3124 2704; x_wconf 91' lang='lat' dir='ltr'><strong>tot</strong></span> <span class='ocrx_word' id='word_1_522' title='bbox 3175 2648 3463 2704; x_wconf 90' lang='lat' dir='ltr'><strong>malorum</strong></span> <span class='ocrx_word' id='word_1_523' title='bbox 3524 2649 3583 2705; x_wconf 89' lang='lat' dir='ltr'><strong>in</strong></span> 
     </span>
    </p>
   </div>
   <div class='ocr_carea' id='block_1_75' title="bbox 1943 2738 3583 2811">
    <p class='ocr_par' dir='ltr' id='par_1_75' title="bbox 1943 2738 3583 2811">
     <span class='ocr_line' id='line_1_75' title="bbox 1943 2738 3583 2811; baseline -0.001 -15"><span class='ocrx_word' id='word_1_524' title='bbox 1943 2741 2184 2796; x_wconf 89' lang='lat' dir='ltr'><strong>meridie</strong></span> <span class='ocrx_word' id='word_1_525' title='bbox 2217 2741 2607 2811; x_wconf 89' lang='lat' dir='ltr'><strong>positis,bona</strong></span> <span class='ocrx_word' id='word_1_526' title='bbox 2637 2738 2796 2794; x_wconf 90' lang='lat' dir='ltr'><strong>nulla</strong></span> <span class='ocrx_word' id='word_1_527' title='bbox 2825 2740 3089 2794; x_wconf 90' lang='lat' dir='ltr'><strong>alicunde</strong></span> <span class='ocrx_word' id='word_1_528' title='bbox 3118 2739 3372 2810; x_wconf 90' lang='lat' dir='ltr'><strong>amplius</strong></span> <span class='ocrx_word' id='word_1_529' title='bbox 3411 2739 3583 2795; x_wconf 81' lang='lat' dir='ltr'><strong>alful-</strong></span> 
     </span>
    </p>
   </div>
   <div class='ocr_carea' id='block_1_76' title="bbox 1943 2827 3579 2899">
    <p class='ocr_par' dir='ltr' id='par_1_76' title="bbox 1943 2827 3579 2899">
     <span class='ocr_line' id='line_1_76' title="bbox 1943 2827 3579 2899; baseline 0.001 -16"><span class='ocrx_word' id='word_1_530' title='bbox 1943 2834 2113 2898; x_wconf 87' lang='lat' dir='ltr'><strong>gente</strong></span> <span class='ocrx_word' id='word_1_531' title='bbox 2157 2843 2280 2899; x_wconf 88' lang='lat' dir='ltr'><strong>spe,</strong></span> <span class='ocrx_word' id='word_1_532' title='bbox 2332 2830 2449 2884; x_wconf 92' lang='lat' dir='ltr'><strong>imo</strong></span> <span class='ocrx_word' id='word_1_533' title='bbox 2495 2844 2628 2884; x_wconf 90' lang='lat' dir='ltr'><strong>vero</strong></span> <span class='ocrx_word' id='word_1_534' title='bbox 2676 2827 2806 2882; x_wconf 91' lang='lat' dir='ltr'><strong>aliis</strong></span> <span class='ocrx_word' id='word_1_535' title='bbox 2855 2845 2924 2883; x_wconf 82' lang='lat' dir='ltr'><strong>ex</strong></span> <span class='ocrx_word' id='word_1_536' title='bbox 2966 2827 3250 2883; x_wconf 89' lang='lat' dir='ltr'><strong>contrario</strong></span> <span class='ocrx_word' id='word_1_537' title='bbox 3281 2829 3579 2894; x_wconf 89' lang='lat' dir='ltr'><strong>omnibus,</strong></span> 
     </span>
    </p>
   </div>
   <div class='ocr_carea' id='block_1_77' title="bbox 1941 2917 3576 2989">
    <p class='ocr_par' dir='ltr' id='par_1_77' title="bbox 1941 2917 3576 2989">
     <span class='ocr_line' id='line_1_77' title="bbox 1941 2917 3576 2989; baseline 0.001 -17"><span class='ocrx_word' id='word_1_538' title='bbox 1941 2933 2288 2988; x_wconf 86' lang='lat' dir='ltr'><strong>summaque</strong></span> <span class='ocrx_word' id='word_1_539' title='bbox 2320 2934 2512 2972; x_wconf 91' lang='lat' dir='ltr'><strong>rerum</strong></span> <span class='ocrx_word' id='word_1_540' title='bbox 2543 2917 2802 2972; x_wconf 90' lang='lat' dir='ltr'><strong>omnium</strong></span> <span class='ocrx_word' id='word_1_541' title='bbox 2834 2917 3235 2988; x_wconf 89' lang='lat' dir='ltr'><strong>desperatione</strong></span> <span class='ocrx_word' id='word_1_542' title='bbox 3268 2933 3576 2989; x_wconf 89' lang='lat' dir='ltr'><strong>propemo-</strong></span> 
     </span>
    </p>
   </div>
   <div class='ocr_carea' id='block_1_78' title="bbox 1942 3005 3577 3074">
    <p class='ocr_par' dir='ltr' id='par_1_78' title="bbox 1942 3005 3577 3074">
     <span class='ocr_line' id='line_1_78' title="bbox 1942 3005 3577 3074; baseline 0.002 -14"><span class='ocrx_word' id='word_1_543' title='bbox 1942 3006 2082 3060; x_wconf 90' lang='lat' dir='ltr'><strong>dum</strong></span> <span class='ocrx_word' id='word_1_544' title='bbox 2123 3005 2615 3074; x_wconf 87' lang='lat' dir='ltr'><strong>conﬂictantihus,</strong></span> <span class='ocrx_word' id='word_1_545' title='bbox 2647 3009 2703 3061; x_wconf 90' lang='lat' dir='ltr'><strong>et</strong></span> <span class='ocrx_word' id='word_1_546' title='bbox 2730 3009 3051 3061; x_wconf 77' lang='lat' dir='ltr'><strong>extremum</strong></span> <span class='ocrx_word' id='word_1_547' title='bbox 3084 3021 3239 3060; x_wconf 88' lang='lat' dir='ltr'><strong>nunc</strong></span> <span class='ocrx_word' id='word_1_548' title='bbox 3279 3007 3349 3060; x_wconf 90' lang='lat' dir='ltr'><strong>de</strong></span> <span class='ocrx_word' id='word_1_549' title='bbox 3380 3007 3577 3063; x_wconf 91' lang='lat' dir='ltr'><strong>anima</strong></span> 
     </span>
    </p>
   </div>
   <div class='ocr_carea' id='block_1_79' title="bbox 1941 3093 3571 3163">
    <p class='ocr_par' dir='ltr' id='par_1_79' title="bbox 1941 3093 3571 3163">
     <span class='ocr_line' id='line_1_79' title="bbox 1941 3093 3571 3163; baseline 0.001 -14"><span class='ocrx_word' id='word_1_550' title='bbox 1941 3095 2303 3150; x_wconf 80' lang='lat' dir='ltr'><strong>currentibus</strong></span> <span class='ocrx_word' id='word_1_551' title='bbox 2333 3093 2712 3161; x_wconf 86' lang='lat' dir='ltr'><strong>curriculum,</strong></span> <span class='ocrx_word' id='word_1_552' title='bbox 2746 3095 2864 3149; x_wconf 88' lang='lat' dir='ltr'><strong>sive</strong></span> <span class='ocrx_word' id='word_1_553' title='bbox 2907 3093 3120 3163; x_wconf 85' lang='lat' dir='ltr'><strong>potius,</strong></span> <span class='ocrx_word' id='word_1_554' title='bbox 3154 3094 3404 3148; x_wconf 83' lang='lat' dir='ltr'><strong>maxima</strong></span> <span class='ocrx_word' id='word_1_555' title='bbox 3443 3095 3571 3149; x_wconf 68' lang='lat' dir='ltr'><strong>vitae</strong></span> 
     </span>
    </p>
   </div>
   <div class='ocr_carea' id='block_1_80' title="bbox 1942 3182 3576 3254">
    <p class='ocr_par' dir='ltr' id='par_1_80' title="bbox 1942 3182 3576 3254">
     <span class='ocr_line' id='line_1_80' title="bbox 1942 3182 3576 3254; baseline 0 -15"><span class='ocrx_word' id='word_1_556' title='bbox 1942 3184 2244 3254; x_wconf 90' lang='lat' dir='ltr'><strong>partejam</strong></span> <span class='ocrx_word' id='word_1_557' title='bbox 2286 3183 2596 3252; x_wconf 82' lang='lat' dir='ltr'><strong>defunctis,</strong></span> <span class='ocrx_word' id='word_1_558' title='bbox 2630 3199 2662 3238; x_wconf 95' lang='lat' dir='ltr'><strong>o</strong></span> <span class='ocrx_word' id='word_1_559' title='bbox 2691 3182 3140 3238; x_wconf 88' lang='lat' dir='ltr'><strong>inenarrabilem</strong></span> <span class='ocrx_word' id='word_1_560' title='bbox 3175 3183 3274 3238; x_wconf 87' lang='lat' dir='ltr'><strong>Dei</strong></span> <span class='ocrx_word' id='word_1_561' title='bbox 3314 3199 3448 3252; x_wconf 84' lang='lat' dir='ltr'><strong>erga</strong></span> <span class='ocrx_word' id='word_1_562' title='bbox 3469 3200 3576 3239; x_wconf 84' lang='lat' dir='ltr'><strong>nos</strong></span> 
     </span>
    </p>
   </div>
   <div class='ocr_carea' id='block_1_81' title="bbox 1947 3271 3577 3344">
    <p class='ocr_par' dir='ltr' id='par_1_81' title="bbox 1947 3271 3577 3344">
     <span class='ocr_line' id='line_1_81' title="bbox 1947 3271 3577 3344; baseline -0.001 -17"><span class='ocrx_word' id='word_1_563' title='bbox 1947 3271 2394 3344; x_wconf 78' lang='lat' dir='ltr'><strong>benignitatem!</strong></span> <span class='ocrx_word' id='word_1_564' title='bbox 2423 3273 2613 3328; x_wconf 89' lang='lat' dir='ltr'><strong>subito</strong></span> <span class='ocrx_word' id='word_1_565' title='bbox 2645 3288 2786 3328; x_wconf 90' lang='lat' dir='ltr'><strong>sane</strong></span> <span class='ocrx_word' id='word_1_566' title='bbox 2815 3271 3080 3342; x_wconf 83' lang='lat' dir='ltr'><strong>contigit,</strong></span> <span class='ocrx_word' id='word_1_567' title='bbox 3113 3279 3174 3326; x_wconf 90' lang='lat' dir='ltr'><strong>ut</strong></span> <span class='ocrx_word' id='word_1_568' title='bbox 3197 3277 3355 3328; x_wconf 86' lang='lat' dir='ltr'><strong>tanto</strong></span> <span class='ocrx_word' id='word_1_569' title='bbox 3378 3273 3577 3328; x_wconf 88' lang='lat' dir='ltr'><strong>subsi-</strong></span> 
     </span>
    </p>
   </div>
   <div class='ocr_carea' id='block_1_82' title="bbox 1947 3362 3587 3433">
    <p class='ocr_par' dir='ltr' id='par_1_82' title="bbox 1947 3362 3587 3433">
     <span class='ocr_line' id='line_1_82' title="bbox 1947 3362 3587 3433; baseline -0.001 -15"><span class='ocrx_word' id='word_1_570' title='bbox 1947 3364 2118 3418; x_wconf 87' lang='lat' dir='ltr'><strong>dente</strong></span> <span class='ocrx_word' id='word_1_571' title='bbox 2168 3363 2462 3418; x_wconf 88' lang='lat' dir='ltr'><strong>undarum</strong></span> <span class='ocrx_word' id='word_1_572' title='bbox 2517 3362 2694 3418; x_wconf 85' lang='lat' dir='ltr'><strong>ﬂuctu</strong></span> <span class='ocrx_word' id='word_1_573' title='bbox 2748 3363 3110 3433; x_wconf 91' lang='lat' dir='ltr'><strong>eriperemur</strong></span> <span class='ocrx_word' id='word_1_574' title='bbox 3139 3363 3587 3433; x_wconf 83' lang='lat' dir='ltr'><strong>sanitatemque,</strong></span> 
     </span>
    </p>
   </div>
   <div class='ocr_carea' id='block_1_83' title="bbox 1950 3451 3590 3525">
    <p class='ocr_par' dir='ltr' id='par_1_83' title="bbox 1950 3451 3590 3525">
     <span class='ocr_line' id='line_1_83' title="bbox 1950 3451 3590 3525; baseline -0.002 -16"><span class='ocrx_word' id='word_1_575' title='bbox 1950 3453 2105 3509; x_wconf 92' lang='lat' dir='ltr'><strong>haud</strong></span> <span class='ocrx_word' id='word_1_576' title='bbox 2138 3452 2297 3508; x_wconf 88' lang='lat' dir='ltr'><strong>illam</strong></span> <span class='ocrx_word' id='word_1_577' title='bbox 2329 3453 2567 3524; x_wconf 89' lang='lat' dir='ltr'><strong>quidem</strong></span> <span class='ocrx_word' id='word_1_578' title='bbox 2594 3453 2898 3525; x_wconf 87' lang='lat' dir='ltr'><strong>pristinam</strong></span> <span class='ocrx_word' id='word_1_579' title='bbox 2929 3451 3312 3518; x_wconf 84' lang='lat' dir='ltr'><strong>dixerim,sed</strong></span> <span class='ocrx_word' id='word_1_580' title='bbox 3336 3452 3590 3523; x_wconf 85' lang='lat' dir='ltr'><strong>aliquam</strong></span> 
     </span>
    </p>
   </div>
   <div class='ocr_carea' id='block_1_84' title="bbox 1947 3541 3594 3614">
    <p class='ocr_par' dir='ltr' id='par_1_84' title="bbox 1947 3541 3594 3614">
     <span class='ocr_line' id='line_1_84' title="bbox 1947 3541 3594 3614; baseline -0.001 -16"><span class='ocrx_word' id='word_1_581' title='bbox 1947 3548 2164 3612; x_wconf 89' lang='lat' dir='ltr'><strong>tamen,</strong></span> <span class='ocrx_word' id='word_1_582' title='bbox 2197 3542 2705 3614; x_wconf 89' lang='lat' dir='ltr'><strong>prehenderemus,</strong></span> <span class='ocrx_word' id='word_1_583' title='bbox 2739 3557 2982 3613; x_wconf 87' lang='lat' dir='ltr'><strong>eamque</strong></span> <span class='ocrx_word' id='word_1_584' title='bbox 3012 3541 3182 3612; x_wconf 91' lang='lat' dir='ltr'><strong>longe</strong></span> <span class='ocrx_word' id='word_1_585' title='bbox 3218 3545 3344 3596; x_wconf 89' lang='lat' dir='ltr'><strong>tum</strong></span> <span class='ocrx_word' id='word_1_586' title='bbox 3376 3541 3594 3597; x_wconf 87' lang='lat' dir='ltr'><strong>dulcis-</strong></span> 
     </span>
    </p>
   </div>
   <div class='ocr_carea' id='block_1_85' title="bbox 1949 3630 3592 3704">
    <p class='ocr_par' dir='ltr' id='par_1_85' title="bbox 1949 3630 3592 3704">
     <span class='ocr_line' id='line_1_85' title="bbox 1949 3630 3592 3704; baseline 0 -18"><span class='ocrx_word' id='word_1_587' title='bbox 1949 3630 2180 3699; x_wconf 85' lang='lat' dir='ltr'><strong>simam,</strong></span> <span class='ocrx_word' id='word_1_588' title='bbox 2213 3631 2428 3703; x_wconf 88' lang='lat' dir='ltr'><strong>quippe</strong></span> <span class='ocrx_word' id='word_1_589' title='bbox 2456 3646 2523 3687; x_wconf 84' lang='lat' dir='ltr'><strong>ex</strong></span> <span class='ocrx_word' id='word_1_590' title='bbox 2555 3630 2853 3704; x_wconf 89' lang='lat' dir='ltr'><strong>inopinato</strong></span> <span class='ocrx_word' id='word_1_591' title='bbox 2901 3631 3134 3702; x_wconf 87' lang='lat' dir='ltr'><strong>penitus</strong></span> <span class='ocrx_word' id='word_1_592' title='bbox 3182 3630 3592 3702; x_wconf 88' lang='lat' dir='ltr'><strong>insperatoque</strong></span> 
     </span>
    </p>
   </div>
   <div class='ocr_carea' id='block_1_86' title="bbox 1951 3718 3595 3792">
    <p class='ocr_par' dir='ltr' id='par_1_86' title="bbox 1951 3718 3595 3792">
     <span class='ocr_line' id='line_1_86' title="bbox 1951 3718 3595 3792; baseline -0.001 -17"><span class='ocrx_word' id='word_1_593' title='bbox 1951 3718 2253 3790; x_wconf 85' lang='lat' dir='ltr'><strong>allapsam,</strong></span> <span class='ocrx_word' id='word_1_594' title='bbox 2286 3725 2410 3775; x_wconf 91' lang='lat' dir='ltr'><strong>tum</strong></span> <span class='ocrx_word' id='word_1_595' title='bbox 2444 3735 2616 3792; x_wconf 90' lang='lat' dir='ltr'><strong>quam</strong></span> <span class='ocrx_word' id='word_1_596' title='bbox 2649 3719 2945 3790; x_wconf 91' lang='lat' dir='ltr'><strong>propriam</strong></span> <span class='ocrx_word' id='word_1_597' title='bbox 2991 3735 3055 3774; x_wconf 92' lang='lat' dir='ltr'><strong>ac</strong></span> <span class='ocrx_word' id='word_1_598' title='bbox 3113 3722 3453 3789; x_wconf 85' lang='lat' dir='ltr'><strong>perpetuam</strong></span> <span class='ocrx_word' id='word_1_599' title='bbox 3502 3733 3595 3773; x_wconf 86' lang='lat' dir='ltr'><strong>ve-</strong></span> 
     </span>
    </p>
   </div>
   <div class='ocr_carea' id='block_1_87' title="bbox 1951 3806 3594 3880">
    <p class='ocr_par' dir='ltr' id='par_1_87' title="bbox 1951 3806 3594 3880">
     <span class='ocr_line' id='line_1_87' title="bbox 1951 3806 3594 3880; baseline -0.002 -18"><span class='ocrx_word' id='word_1_600' title='bbox 1951 3807 2128 3874; x_wconf 88' lang='lat' dir='ltr'><strong>nisse,</strong></span> <span class='ocrx_word' id='word_1_601' title='bbox 2147 3822 2280 3864; x_wconf 90' lang='lat' dir='ltr'><strong>vero</strong></span> <span class='ocrx_word' id='word_1_602' title='bbox 2302 3823 2478 3880; x_wconf 89' lang='lat' dir='ltr'><strong>quam</strong></span> <span class='ocrx_word' id='word_1_603' title='bbox 2503 3806 2871 3862; x_wconf 88' lang='lat' dir='ltr'><strong>simillimum</strong></span> <span class='ocrx_word' id='word_1_604' title='bbox 2904 3806 2998 3862; x_wconf 89' lang='lat' dir='ltr'><strong>sit.</strong></span> <span class='ocrx_word' id='word_1_605' title='bbox 3020 3807 3148 3861; x_wconf 86' lang='lat' dir='ltr'><strong>Jam</strong></span> <span class='ocrx_word' id='word_1_606' title='bbox 3178 3807 3372 3877; x_wconf 87' lang='lat' dir='ltr'><strong>itaque</strong></span> <span class='ocrx_word' id='word_1_607' title='bbox 3403 3807 3594 3860; x_wconf 89' lang='lat' dir='ltr'><strong>visen-</strong></span> 
     </span>
    </p>
   </div>
   <div class='ocr_carea' id='block_1_88' title="bbox 1950 3893 3596 3966">
    <p class='ocr_par' dir='ltr' id='par_1_88' title="bbox 1950 3893 3596 3966">
     <span class='ocr_line' id='line_1_88' title="bbox 1950 3893 3596 3966; baseline -0.001 -14"><span class='ocrx_word' id='word_1_608' title='bbox 1950 3897 2111 3953; x_wconf 86' lang='lat' dir='ltr'><strong>tibus</strong></span> <span class='ocrx_word' id='word_1_609' title='bbox 2166 3895 2324 3953; x_wconf 89' lang='lat' dir='ltr'><strong>velut</strong></span> <span class='ocrx_word' id='word_1_610' title='bbox 2398 3914 2467 3952; x_wconf 83' lang='lat' dir='ltr'><strong>ex</strong></span> <span class='ocrx_word' id='word_1_611' title='bbox 2509 3897 2834 3952; x_wconf 85' lang='lat' dir='ltr'><strong>Acheronte</strong></span> <span class='ocrx_word' id='word_1_612' title='bbox 2880 3897 3112 3951; x_wconf 84' lang='lat' dir='ltr'><strong>excitati</strong></span> <span class='ocrx_word' id='word_1_613' title='bbox 3159 3896 3448 3961; x_wconf 90' lang='lat' dir='ltr'><strong>videmur,</strong></span> <span class='ocrx_word' id='word_1_614' title='bbox 3492 3893 3596 3966; x_wconf 90' lang='lat' dir='ltr'><strong>qui</strong></span> 
     </span>
    </p>
   </div>
   <div class='ocr_carea' id='block_1_89' title="bbox 1953 3983 3594 4058">
    <p class='ocr_par' dir='ltr' id='par_1_89' title="bbox 1953 3983 3594 4058">
     <span class='ocr_line' id='line_1_89' title="bbox 1953 3983 3594 4058; baseline -0.001 -18"><span class='ocrx_word' id='word_1_615' title='bbox 1953 3986 2167 4058; x_wconf 88' lang='lat' dir='ltr'><strong>partim</strong></span> <span class='ocrx_word' id='word_1_616' title='bbox 2209 3985 2385 4041; x_wconf 89' lang='lat' dir='ltr'><strong>motis</strong></span> <span class='ocrx_word' id='word_1_617' title='bbox 2407 3986 2714 4056; x_wconf 87' lang='lat' dir='ltr'><strong>capitibus,</strong></span> <span class='ocrx_word' id='word_1_618' title='bbox 2749 3985 2960 4056; x_wconf 88' lang='lat' dir='ltr'><strong>partim</strong></span> <span class='ocrx_word' id='word_1_619' title='bbox 2981 3983 3292 4055; x_wconf 87' lang='lat' dir='ltr'><strong>complosis</strong></span> <span class='ocrx_word' id='word_1_620' title='bbox 3324 3984 3594 4040; x_wconf 89' lang='lat' dir='ltr'><strong>manibu</strong></span> 
     </span>
    </p>
   </div>
   <div class='ocr_carea' id='block_1_90' title="bbox 1954 4070 3598 4146">
    <p class='ocr_par' dir='ltr' id='par_1_90' title="bbox 1954 4070 3598 4146">
     <span class='ocr_line' id='line_1_90' title="bbox 1954 4070 3598 4146; baseline -0.001 -16"><span class='ocrx_word' id='word_1_621' title='bbox 1954 4094 1985 4130; x_wconf 87' lang='lat' dir='ltr'><strong>a</strong></span> <span class='ocrx_word' id='word_1_622' title='bbox 2009 4076 2196 4131; x_wconf 87' lang='lat' dir='ltr'><strong>nobis.</strong></span> <span class='ocrx_word' id='word_1_623' title='bbox 2219 4075 2454 4143; x_wconf 88' lang='lat' dir='ltr'><strong>abeunt,</strong></span> <span class='ocrx_word' id='word_1_624' title='bbox 2471 4075 2694 4145; x_wconf 92' lang='lat' dir='ltr'><strong>Deoque</strong></span> <span class='ocrx_word' id='word_1_625' title='bbox 2725 4073 2973 4146; x_wconf 87' lang='lat' dir='ltr'><strong>gratiam</strong></span> <span class='ocrx_word' id='word_1_626' title='bbox 3017 4072 3251 4140; x_wconf 87' lang='lat' dir='ltr'><strong>habent,</strong></span> <span class='ocrx_word' id='word_1_627' title='bbox 3271 4073 3370 4144; x_wconf 87' lang='lat' dir='ltr'><strong>qui</strong></span> <span class='ocrx_word' id='word_1_628' title='bbox 3399 4070 3598 4128; x_wconf 87' lang='lat' dir='ltr'><strong>omnia</strong></span> 
     </span>
    </p>
   </div>
   <div class='ocr_carea' id='block_1_91' title="bbox 1952 4158 3595 4234">
    <p class='ocr_par' dir='ltr' id='par_1_91' title="bbox 1952 4158 3595 4234">
     <span class='ocr_line' id='line_1_91' title="bbox 1952 4158 3595 4234; baseline -0.002 -15"><span class='ocrx_word' id='word_1_629' title='bbox 1952 4169 2078 4219; x_wconf 90' lang='lat' dir='ltr'><strong>tum</strong></span> <span class='ocrx_word' id='word_1_630' title='bbox 2104 4168 2451 4234; x_wconf 89' lang='lat' dir='ltr'><strong>potest,tum</strong></span> <span class='ocrx_word' id='word_1_631' title='bbox 2485 4163 2618 4217; x_wconf 87' lang='lat' dir='ltr'><strong>facit</strong></span> <span class='ocrx_word' id='word_1_632' title='bbox 2665 4162 3172 4232; x_wconf 89' lang='lat' dir='ltr'><strong>transformatque,</strong></span> <span class='ocrx_word' id='word_1_633' title='bbox 3197 4161 3319 4216; x_wconf 89' lang='lat' dir='ltr'><strong>solo</strong></span> <span class='ocrx_word' id='word_1_634' title='bbox 3359 4158 3595 4216; x_wconf 90' lang='lat' dir='ltr'><strong>arbitrio</strong></span> 
     </span>
    </p>
   </div>
   <div class='ocr_carea' id='block_1_92' title="bbox 1955 4250 3596 4323">
    <p class='ocr_par' dir='ltr' id='par_1_92' title="bbox 1955 4250 3596 4323">
     <span class='ocr_line' id='line_1_92' title="bbox 1955 4250 3596 4323; baseline -0.004 -14"><span class='ocrx_word' id='word_1_635' title='bbox 1955 4270 2080 4309; x_wconf 86' lang='lat' dir='ltr'><strong>suo.</strong></span> <span class='ocrx_word' id='word_1_636' title='bbox 2131 4253 2330 4321; x_wconf 85' lang='lat' dir='ltr'><strong>(Amos,</strong></span> <span class='ocrx_word' id='word_1_637' title='bbox 2365 4252 2518 4323; x_wconf 88' lang='lat' dir='ltr'><strong>v,8.)</strong></span> <span class='ocrx_word' id='word_1_638' title='bbox 2553 4252 2646 4307; x_wconf 87' lang='lat' dir='ltr'><strong>Sic</strong></span> <span class='ocrx_word' id='word_1_639' title='bbox 2679 4267 2786 4307; x_wconf 88' lang='lat' dir='ltr'><strong>nos</strong></span> <span class='ocrx_word' id='word_1_640' title='bbox 2836 4251 3015 4322; x_wconf 91' lang='lat' dir='ltr'><strong>igitur</strong></span> <span class='ocrx_word' id='word_1_641' title='bbox 3072 4250 3188 4305; x_wconf 90' lang='lat' dir='ltr'><strong>Deo</strong></span> <span class='ocrx_word' id='word_1_642' title='bbox 3237 4250 3436 4316; x_wconf 89' lang='lat' dir='ltr'><strong>dante,</strong></span> <span class='ocrx_word' id='word_1_643' title='bbox 3468 4265 3596 4320; x_wconf 84' lang='lat' dir='ltr'><strong>per-</strong></span> 
     </span>
    </p>
   </div>
   <div class='ocr_carea' id='block_1_93' title="bbox 1956 4338 3599 4412">
    <p class='ocr_par' dir='ltr' id='par_1_93' title="bbox 1956 4338 3599 4412">
     <span class='ocr_line' id='line_1_93' title="bbox 1956 4338 3599 4412; baseline -0.004 -15"><span class='ocrx_word' id='word_1_644' title='bbox 1956 4352 2121 4412; x_wconf 89' lang='lat' dir='ltr'><strong>petuo</strong></span> <span class='ocrx_word' id='word_1_645' title='bbox 2149 4343 2220 4396; x_wconf 88' lang='lat' dir='ltr'><strong>ad</strong></span> <span class='ocrx_word' id='word_1_646' title='bbox 2255 4343 2491 4396; x_wconf 83' lang='lat' dir='ltr'><strong>meliora</strong></span> <span class='ocrx_word' id='word_1_647' title='bbox 2524 4341 3186 4412; x_wconf 89' lang='lat' dir='ltr'><strong>progredimur,speque</strong></span> <span class='ocrx_word' id='word_1_648' title='bbox 3207 4338 3599 4410; x_wconf 86' lang='lat' dir='ltr'><strong>optimavivi-</strong></span> 
     </span>
    </p>
   </div>
   <div class='ocr_carea' id='block_1_94' title="bbox 1955 4427 3593 4502">
    <p class='ocr_par' dir='ltr' id='par_1_94' title="bbox 1955 4427 3593 4502">
     <span class='ocr_line' id='line_1_94' title="bbox 1955 4427 3593 4502; baseline -0.002 -16"><span class='ocrx_word' id='word_1_649' title='bbox 1955 4447 2106 4498; x_wconf 88' lang='lat' dir='ltr'><strong>mus,</strong></span> <span class='ocrx_word' id='word_1_650' title='bbox 2138 4447 2205 4486; x_wconf 90' lang='lat' dir='ltr'><strong>ea</strong></span> <span class='ocrx_word' id='word_1_651' title='bbox 2233 4429 2493 4485; x_wconf 90' lang='lat' dir='ltr'><strong>videlicet</strong></span> <span class='ocrx_word' id='word_1_652' title='bbox 2514 4431 2934 4502; x_wconf 66' lang='lat' dir='ltr'><strong>perpessi,qua</strong></span> <span class='ocrx_word' id='word_1_653' title='bbox 2963 4429 3053 4483; x_wconf 90' lang='lat' dir='ltr'><strong>vel</strong></span> <span class='ocrx_word' id='word_1_654' title='bbox 3085 4427 3281 4483; x_wconf 88' lang='lat' dir='ltr'><strong>animo</strong></span> <span class='ocrx_word' id='word_1_655' title='bbox 3308 4429 3593 4483; x_wconf 77' lang='lat' dir='ltr'><strong>duntaxat</strong></span> 
     </span>
    </p>
   </div>
   <div class='ocr_carea' id='block_1_95' title="bbox 1961 4516 3591 4591">
    <p class='ocr_par' dir='ltr' id='par_1_95' title="bbox 1961 4516 3591 4591">
     <span class='ocr_line' id='line_1_95' title="bbox 1961 4516 3591 4591; baseline 0 -19"><span class='ocrx_word' id='word_1_656' title='bbox 1961 4521 2250 4576; x_wconf 78' lang='lat' dir='ltr'><strong>revolvere</strong></span> <span class='ocrx_word' id='word_1_657' title='bbox 2307 4521 2497 4591; x_wconf 79' lang='lat' dir='ltr'><strong>pigeat</strong></span> <span class='ocrx_word' id='word_1_658' title='bbox 2538 4521 2879 4590; x_wconf 68' lang='lat' dir='ltr'><strong>tadeatque.</strong></span> <span class='ocrx_word' id='word_1_659' title='bbox 2938 4517 3167 4589; x_wconf 91' lang='lat' dir='ltr'><strong>Optimo</strong></span> <span class='ocrx_word' id='word_1_660' title='bbox 3203 4533 3335 4573; x_wconf 92' lang='lat' dir='ltr'><strong>vero</strong></span> <span class='ocrx_word' id='word_1_661' title='bbox 3387 4516 3591 4572; x_wconf 83' lang='lat' dir='ltr'><strong>Hiero-</strong></span> 
     </span>
    </p>
   </div>
   <div class='ocr_carea' id='block_1_96' title="bbox 210 4586 1835 4685">
    <p class='ocr_par' dir='ltr' id='par_1_96' title="bbox 210 4599 1835 4685">
     <span class='ocr_line' id='line_1_96' title="bbox 210 4599 1835 4685; baseline 0.003 -28"><span class='ocrx_word' id='word_1_662' title='bbox 210 4599 380 4660; x_wconf 86' lang='grc' dir='ltr'>δεινῶν</span> <span class='ocrx_word' id='word_1_663' title='bbox 409 4605 754 4680; x_wconf 86' lang='grc' dir='ltr'>τρικυμίαις,</span> <span class='ocrx_word' id='word_1_664' title='bbox 785 4606 875 4661; x_wconf 82' lang='grc' dir='ltr'><strong>καὶ</strong></span> <span class='ocrx_word' id='word_1_665' title='bbox 913 4611 1030 4669; x_wconf 87' lang='grc' dir='ltr'>τοῖς</span> <span class='ocrx_word' id='word_1_666' title='bbox 1084 4608 1351 4685; x_wconf 88' lang='grc' dir='ltr'>μεγάλοις</span> <span class='ocrx_word' id='word_1_667' title='bbox 1398 4607 1620 4669; x_wconf 78' lang='grc' dir='ltr'>ἐκείνοις</span> <span class='ocrx_word' id='word_1_668' title='bbox 1673 4607 1835 4681; x_wconf 84' lang='grc' dir='ltr'>κύμα-</span> 
     </span>
    </p>
   </div>
   <div class='ocr_carea' id='block_1_97' title="bbox 1947 4586 3597 4685">
    <p class='ocr_par' dir='ltr' id='par_1_97' title="bbox 1954 4607 3597 4682">
     <span class='ocr_line' id='line_1_97' title="bbox 1954 4607 3597 4682; baseline -0.002 -17"><span class='ocrx_word' id='word_1_669' title='bbox 1954 4613 2084 4666; x_wconf 89' lang='lat' dir='ltr'><strong>theo</strong></span> <span class='ocrx_word' id='word_1_670' title='bbox 2117 4613 2270 4667; x_wconf 90' lang='lat' dir='ltr'><strong>bona</strong></span> <span class='ocrx_word' id='word_1_671' title='bbox 2297 4612 2497 4666; x_wconf 91' lang='lat' dir='ltr'><strong>omnia</strong></span> <span class='ocrx_word' id='word_1_672' title='bbox 2524 4611 2810 4677; x_wconf 90' lang='lat' dir='ltr'><strong>eveniant,</strong></span> <span class='ocrx_word' id='word_1_673' title='bbox 2843 4627 3064 4682; x_wconf 90' lang='lat' dir='ltr'><strong>precor,</strong></span> <span class='ocrx_word' id='word_1_674' title='bbox 3102 4625 3219 4666; x_wconf 94' lang='lat' dir='ltr'><strong>non</strong></span> <span class='ocrx_word' id='word_1_675' title='bbox 3259 4610 3332 4664; x_wconf 93' lang='lat' dir='ltr'><strong>ob</strong></span> <span class='ocrx_word' id='word_1_676' title='bbox 3389 4607 3597 4681; x_wconf 82' lang='lat' dir='ltr'><strong>probi-</strong></span> 
     </span>
    </p>
   </div>
   <div class='ocr_carea' id='block_1_98' title="bbox 207 4694 1844 4774">
    <p class='ocr_par' dir='ltr' id='par_1_98' title="bbox 207 4694 1844 4774">
     <span class='ocr_line' id='line_1_98' title="bbox 207 4694 1844 4774; baseline 0.004 -30"><span class='ocrx_word' id='word_1_677' title='bbox 207 4711 296 4763; x_wconf 87' lang='grc' dir='ltr'>σιν,</span> <span class='ocrx_word' id='word_1_678' title='bbox 328 4694 485 4751; x_wconf 77' lang='grc' dir='ltr'>οὐδὲν</span> <span class='ocrx_word' id='word_1_679' title='bbox 515 4697 679 4764; x_wconf 70' lang='grc' dir='ltr'>ἧττον</span> <span class='ocrx_word' id='word_1_680' title='bbox 712 4694 900 4771; x_wconf 82' lang='grc' dir='ltr'>ἀλγῶν</span> <span class='ocrx_word' id='word_1_681' title='bbox 931 4694 1184 4766; x_wconf 85' lang='grc' dir='ltr'>διετέλει,</span> <span class='ocrx_word' id='word_1_682' title='bbox 1215 4697 1305 4752; x_wconf 88' lang='grc' dir='ltr'>καὶ</span> <span class='ocrx_word' id='word_1_683' title='bbox 1363 4699 1462 4766; x_wconf 80' lang='grc' dir='ltr'>τήν</span> <span class='ocrx_word' id='word_1_684' title='bbox 1521 4697 1706 4774; x_wconf 73' lang='grc' dir='ltr'>ψυχήν</span> <span class='ocrx_word' id='word_1_685' title='bbox 1749 4716 1844 4751; x_wconf 90' lang='grc' dir='ltr'>κα-</span> 
     </span>
    </p>
   </div>
   <div class='ocr_carea' id='block_1_99' title="bbox 207 4781 1842 4860">
    <p class='ocr_par' dir='ltr' id='par_1_99' title="bbox 207 4781 1842 4860">
     <span class='ocr_line' id='line_1_99' title="bbox 207 4781 1842 4860; baseline 0.003 -26"><span class='ocrx_word' id='word_1_686' title='bbox 207 4781 478 4854; x_wconf 83' lang='grc' dir='ltr'>τακλύζων</span> <span class='ocrx_word' id='word_1_687' title='bbox 539 4784 771 4857; x_wconf 88' lang='grc' dir='ltr'>ἀθυμίας</span> <span class='ocrx_word' id='word_1_688' title='bbox 833 4784 1028 4860; x_wconf 77' lang='grc' dir='ltr'>ῥοθίῳ,</span> <span class='ocrx_word' id='word_1_689' title='bbox 1069 4785 1231 4840; x_wconf 80' lang='grc' dir='ltr'>ὁπότε</span> <span class='ocrx_word' id='word_1_690' title='bbox 1290 4783 1334 4840; x_wconf 87' lang='grc' dir='ltr'>δ’</span> <span class='ocrx_word' id='word_1_691' title='bbox 1367 4785 1518 4847; x_wconf 84' lang='grc' dir='ltr'>αὖθις</span> <span class='ocrx_word' id='word_1_692' title='bbox 1569 4784 1842 4860; x_wconf 73' lang='grc' dir='ltr'>ῥαΐσαιμι,</span> 
     </span>
    </p>
   </div>
   <div class='ocr_carea' id='block_1_100' title="bbox 207 4873 1840 4954">
    <p class='ocr_par' dir='ltr' id='par_1_100' title="bbox 207 4873 1840 4954">
     <span class='ocr_line' id='line_1_100' title="bbox 207 4873 1840 4954; baseline 0.003 -25"><span class='ocrx_word' id='word_1_693' title='bbox 207 4873 285 4925; x_wconf 78' lang='grc' dir='ltr'><strong>καὶ</strong></span> <span class='ocrx_word' id='word_1_694' title='bbox 338 4875 501 4938; x_wconf 81' lang='grc' dir='ltr'>αὐτός</span> <span class='ocrx_word' id='word_1_695' title='bbox 560 4876 840 4954; x_wconf 72' lang='grc' dir='ltr'>ἀναφέρων</span> <span class='ocrx_word' id='word_1_696' title='bbox 899 4878 988 4932; x_wconf 81' lang='grc' dir='ltr'><strong>καὶ</strong></span> <span class='ocrx_word' id='word_1_697' title='bbox 1065 4879 1321 4951; x_wconf 76' lang='grc' dir='ltr'>μεθιστὰς</span> <span class='ocrx_word' id='word_1_698' title='bbox 1397 4877 1472 4941; x_wconf 70' lang='grc' dir='ltr'>εἷς</span> <span class='ocrx_word' id='word_1_699' title='bbox 1549 4879 1840 4950; x_wconf 81' lang='grc' dir='ltr'>εὐθύμους.</span> 
     </span>
    </p>
   </div>
   <div class='ocr_carea' id='block_1_101' title="bbox 210 4960 1842 5042">
    <p class='ocr_par' dir='ltr' id='par_1_101' title="bbox 210 4960 1842 5042">
     <span class='ocr_line' id='line_1_101' title="bbox 210 4960 1842 5042; baseline 0.004 -31"><span class='ocrx_word' id='word_1_700' title='bbox 210 4960 378 5018; x_wconf 78' lang='grc' dir='ltr'>Καίτοι</span> <span class='ocrx_word' id='word_1_701' title='bbox 406 4963 462 5020; x_wconf 85' lang='grc' dir='ltr'><strong>τί</strong></span> <span class='ocrx_word' id='word_1_702' title='bbox 494 4963 670 5038; x_wconf 86' lang='grc' dir='ltr'>λέγως</span> <span class='ocrx_word' id='word_1_703' title='bbox 703 4962 974 5027; x_wconf 84' lang='grc' dir='ltr'>πολλάκις</span> <span class='ocrx_word' id='word_1_704' title='bbox 1006 4967 1108 5042; x_wconf 82' lang='grc' dir='ltr'><strong>γάρ</strong></span> <span class='ocrx_word' id='word_1_705' title='bbox 1140 4965 1228 5020; x_wconf 89' lang='grc' dir='ltr'><strong>καὶ</strong></span> <span class='ocrx_word' id='word_1_706' title='bbox 1255 4966 1391 5040; x_wconf 87' lang='grc' dir='ltr'>πρὸς</span> <span class='ocrx_word' id='word_1_707' title='bbox 1423 4963 1669 5027; x_wconf 84' lang='grc' dir='ltr'>πολλοὺς</span> <span class='ocrx_word' id='word_1_708' title='bbox 1705 4962 1842 5037; x_wconf 78' lang='grc' dir='ltr'>διεξ-</span> 
     </span>
    </p>
   </div>
   <div class='ocr_carea' id='block_1_102' title="bbox 209 5047 1842 5131">
    <p class='ocr_par' dir='ltr' id='par_1_102' title="bbox 209 5047 1842 5131">
     <span class='ocr_line' id='line_1_102' title="bbox 209 5047 1842 5131; baseline 0.001 -23"><span class='ocrx_word' id='word_1_709' title='bbox 209 5047 287 5119; x_wconf 66' lang='grc' dir='ltr'><strong>ῄει</strong></span> <span class='ocrx_word' id='word_1_710' title='bbox 314 5055 472 5127; x_wconf 79' lang='grc' dir='ltr'>ἡμῶν</span> <span class='ocrx_word' id='word_1_711' title='bbox 504 5053 837 5123; x_wconf 87' lang='grc' dir='ltr'>ἀκουόντων,</span> <span class='ocrx_word' id='word_1_712' title='bbox 869 5055 956 5109; x_wconf 69' lang='grc' dir='ltr'><strong>καὶ</strong></span> <span class='ocrx_word' id='word_1_713' title='bbox 990 5055 1150 5130; x_wconf 79' lang='grc' dir='ltr'>ὅρκον</span> <span class='ocrx_word' id='word_1_714' title='bbox 1182 5061 1300 5120; x_wconf 89' lang='grc' dir='ltr'>τοῖς</span> <span class='ocrx_word' id='word_1_715' title='bbox 1353 5057 1564 5131; x_wconf 73' lang='grc' dir='ltr'>ῥήμασι</span> <span class='ocrx_word' id='word_1_716' title='bbox 1613 5075 1842 5130; x_wconf 90' lang='grc' dir='ltr'>προστι-</span> 
     </span>
    </p>
   </div>
   <div class='ocr_carea' id='block_1_103' title="bbox 210 5135 1840 5220">
    <p class='ocr_par' dir='ltr' id='par_1_103' title="bbox 210 5135 1840 5220">
     <span class='ocr_line' id='line_1_103' title="bbox 210 5135 1840 5220; baseline 0 -23"><span class='ocrx_word' id='word_1_717' title='bbox 210 5135 327 5210; x_wconf 73' lang='grc' dir='ltr'>θεὶς,</span> <span class='ocrx_word' id='word_1_718' title='bbox 357 5143 428 5204; x_wconf 84' lang='grc' dir='ltr'>ὡς</span> <span class='ocrx_word' id='word_1_719' title='bbox 461 5140 644 5212; x_wconf 79' lang='grc' dir='ltr'>ἥδιστ’</span> <span class='ocrx_word' id='word_1_720' title='bbox 673 5143 734 5198; x_wconf 79' lang='grc' dir='ltr'><strong>ἂν</strong></span> <span class='ocrx_word' id='word_1_721' title='bbox 767 5141 916 5217; x_wconf 77' lang='grc' dir='ltr'>εἷ’περ</span> <span class='ocrx_word' id='word_1_722' title='bbox 949 5143 1012 5212; x_wconf 74' lang='grc' dir='ltr'>ἦν</span> <span class='ocrx_word' id='word_1_723' title='bbox 1038 5142 1288 5214; x_wconf 75' lang='grc' dir='ltr'>ἐθελῆσαι</span> <span class='ocrx_word' id='word_1_724' title='bbox 1321 5147 1421 5215; x_wconf 77' lang='grc' dir='ltr'>τὴν</span> <span class='ocrx_word' id='word_1_725' title='bbox 1459 5145 1637 5220; x_wconf 84' lang='grc' dir='ltr'>τύχην</span> <span class='ocrx_word' id='word_1_726' title='bbox 1672 5141 1840 5198; x_wconf 86' lang='grc' dir='ltr'>ἀλλά-</span> 
     </span>
    </p>
   </div>
   <div class='ocr_carea' id='block_1_104' title="bbox 209 5225 1840 5310">
    <p class='ocr_par' dir='ltr' id='par_1_104' title="bbox 209 5225 1840 5310">
     <span class='ocr_line' id='line_1_104' title="bbox 209 5225 1840 5310; baseline 0.006 -31"><span class='ocrx_word' id='word_1_727' title='bbox 209 5225 417 5293; x_wconf 80' lang='grc' dir='ltr'>ξασθαι·</span> <span class='ocrx_word' id='word_1_728' title='bbox 451 5230 670 5306; x_wconf 78' lang='grc' dir='ltr'>μᾶλλον</span> <span class='ocrx_word' id='word_1_729' title='bbox 731 5229 788 5286; x_wconf 75' lang='grc' dir='ltr'>δὲ</span> <span class='ocrx_word' id='word_1_730' title='bbox 842 5233 932 5286; x_wconf 83' lang='grc' dir='ltr'>καὶ</span> <span class='ocrx_word' id='word_1_731' title='bbox 989 5236 1088 5300; x_wconf 84' lang='grc' dir='ltr'><strong>τήν</strong></span> <span class='ocrx_word' id='word_1_732' title='bbox 1145 5236 1330 5309; x_wconf 75' lang='grc' dir='ltr'>ψυχὴν</span> <span class='ocrx_word' id='word_1_733' title='bbox 1387 5234 1446 5289; x_wconf 76' lang='grc' dir='ltr'>ἂν</span> <span class='ocrx_word' id='word_1_734' title='bbox 1499 5233 1665 5302; x_wconf 79' lang='grc' dir='ltr'>αὐτὴν</span> <span class='ocrx_word' id='word_1_735' title='bbox 1707 5233 1840 5310; x_wconf 79' lang='grc' dir='ltr'>ὑπὲρ</span> 
     </span>
    </p>
   </div>
   <div class='ocr_carea' id='block_1_105' title="bbox 211 5314 1836 5398">
    <p class='ocr_par' dir='ltr' id='par_1_105' title="bbox 211 5314 1836 5398">
     <span class='ocr_line' id='line_1_105' title="bbox 211 5314 1836 5398; baseline 0.004 -29"><span class='ocrx_word' id='word_1_736' title='bbox 211 5314 356 5386; x_wconf 78' lang='grc' dir='ltr'>ἡμῶν</span> <span class='ocrx_word' id='word_1_737' title='bbox 387 5319 624 5394; x_wconf 70' lang='grc' dir='ltr'>ἑτοίμως</span> <span class='ocrx_word' id='word_1_738' title='bbox 668 5321 949 5396; x_wconf 77' lang='grc' dir='ltr'>προέσθαι.</span> <span class='ocrx_word' id='word_1_739' title='bbox 984 5325 1248 5385; x_wconf 87' lang='grc' dir='ltr'>Τοσοῦτος</span> <span class='ocrx_word' id='word_1_740' title='bbox 1298 5323 1448 5394; x_wconf 83' lang='grc' dir='ltr'>αύτῷ</span> <span class='ocrx_word' id='word_1_741' title='bbox 1498 5321 1660 5398; x_wconf 80' lang='grc' dir='ltr'>λόγος</span> <span class='ocrx_word' id='word_1_742' title='bbox 1709 5322 1836 5378; x_wconf 73' lang='grc' dir='ltr'>τοῦ-</span> 
     </span>
    </p>
   </div>
   <div class='ocr_carea' id='block_1_106' title="bbox 213 5408 1836 5488">
    <p class='ocr_par' dir='ltr' id='par_1_106' title="bbox 213 5408 1836 5488">
     <span class='ocr_line' id='line_1_106' title="bbox 213 5408 1836 5488; baseline 0.007 -32"><span class='ocrx_word' id='word_1_743' title='bbox 213 5408 310 5473; x_wconf 85' lang='grc' dir='ltr'><strong>μοῦ</strong></span> <span class='ocrx_word' id='word_1_744' title='bbox 338 5411 638 5482; x_wconf 88' lang='grc' dir='ltr'>περιόντος.</span> <span class='ocrx_word' id='word_1_745' title='bbox 672 5413 828 5465; x_wconf 87' lang='grc' dir='ltr'>Ὅθεν</span> <span class='ocrx_word' id='word_1_746' title='bbox 870 5409 1019 5488; x_wconf 73' lang='grc' dir='ltr'>φιλῶ</span> <span class='ocrx_word' id='word_1_747' title='bbox 1063 5411 1157 5483; x_wconf 73' lang='grc' dir='ltr'>μὶν</span> <span class='ocrx_word' id='word_1_748' title='bbox 1208 5411 1368 5466; x_wconf 78' lang='grc' dir='ltr'>αὑτὸν</span> <span class='ocrx_word' id='word_1_749' title='bbox 1423 5411 1534 5466; x_wconf 74' lang='grc' dir='ltr'>ἴσον</span> <span class='ocrx_word' id='word_1_750' title='bbox 1588 5410 1696 5486; x_wconf 80' lang='grc' dir='ltr'>ἐμῇ</span> <span class='ocrx_word' id='word_1_751' title='bbox 1745 5433 1836 5468; x_wconf 91' lang='grc' dir='ltr'>κε-</span> 
     </span>
    </p>
   </div>
   <div class='ocr_carea' id='block_1_107' title="bbox 212 5488 1833 5579">
    <p class='ocr_par' dir='ltr' id='par_1_107' title="bbox 212 5488 1833 5579">
     <span class='ocr_line' id='line_1_107' title="bbox 212 5488 1833 5579; baseline 0.006 -33"><span class='ocrx_word' id='word_1_752' title='bbox 212 5488 368 5566; x_wconf 65' lang='grc' dir='ltr'>φαλῇ,</span> <span class='ocrx_word' id='word_1_753' title='bbox 402 5499 486 5552; x_wconf 77' lang='grc' dir='ltr'><strong>καὶ</strong></span> <span class='ocrx_word' id='word_1_754' title='bbox 517 5502 617 5570; x_wconf 82' lang='grc' dir='ltr'><strong>τήν</strong></span> <span class='ocrx_word' id='word_1_755' title='bbox 639 5521 700 5576; x_wconf 91' lang='grc' dir='ltr'><strong>γε</strong></span> <span class='ocrx_word' id='word_1_756' title='bbox 732 5499 904 5575; x_wconf 85' lang='grc' dir='ltr'>μέσην</span> <span class='ocrx_word' id='word_1_757' title='bbox 936 5500 1128 5576; x_wconf 86' lang='grc' dir='ltr'>χώραν</span> <span class='ocrx_word' id='word_1_758' title='bbox 1165 5507 1265 5570; x_wconf 83' lang='grc' dir='ltr'><strong>τῆς</strong></span> <span class='ocrx_word' id='word_1_759' title='bbox 1320 5503 1506 5579; x_wconf 81' lang='grc' dir='ltr'>ψυχῆς</span> <span class='ocrx_word' id='word_1_760' title='bbox 1554 5499 1833 5574; x_wconf 82' lang='grc' dir='ltr'>ἀπονέμω,</span> 
     </span>
    </p>
   </div>
   <div class='ocr_carea' id='block_1_108' title="bbox 212 5583 1833 5665">
    <p class='ocr_par' dir='ltr' id='par_1_108' title="bbox 212 5583 1833 5665">
     <span class='ocr_line' id='line_1_108' title="bbox 212 5583 1833 5665; baseline 0.008 -35"><span class='ocrx_word' id='word_1_761' title='bbox 212 5583 525 5660; x_wconf 78' lang='grc' dir='ltr'>συνεύχομαι</span> <span class='ocrx_word' id='word_1_762' title='bbox 558 5585 615 5644; x_wconf 76' lang='grc' dir='ltr'>δὲ</span> <span class='ocrx_word' id='word_1_763' title='bbox 643 5595 854 5665; x_wconf 84' lang='grc' dir='ltr'>τυχεῖν,</span> <span class='ocrx_word' id='word_1_764' title='bbox 888 5590 962 5643; x_wconf 82' lang='grc' dir='ltr'><strong>ὧν</strong></span> <span class='ocrx_word' id='word_1_765' title='bbox 995 5594 1184 5664; x_wconf 85' lang='grc' dir='ltr'>τυχεῖν</span> <span class='ocrx_word' id='word_1_766' title='bbox 1216 5587 1532 5658; x_wconf 80' lang='grc' dir='ltr'>ἐσπούδακε,</span> <span class='ocrx_word' id='word_1_767' title='bbox 1569 5590 1658 5643; x_wconf 81' lang='grc' dir='ltr'><strong>καὶ</strong></span> <span class='ocrx_word' id='word_1_768' title='bbox 1713 5594 1833 5652; x_wconf 85' lang='grc' dir='ltr'>ταῖς</span> 
     </span>
    </p>
   </div>
   <div class='ocr_carea' id='block_1_109' title="bbox 212 5671 1834 5757">
    <p class='ocr_par' dir='ltr' id='par_1_109' title="bbox 212 5671 1834 5757">
     <span class='ocr_line' id='line_1_109' title="bbox 212 5671 1834 5757; baseline 0.008 -36"><span class='ocrx_word' id='word_1_769' title='bbox 212 5671 308 5726; x_wconf 82' lang='grc' dir='ltr'><strong>τῶν</strong></span> <span class='ocrx_word' id='word_1_770' title='bbox 354 5673 550 5751; x_wconf 79' lang='grc' dir='ltr'>ἀρετῶν</span> <span class='ocrx_word' id='word_1_771' title='bbox 594 5676 837 5756; x_wconf 86' lang='grc' dir='ltr'>ἀρδείαις</span> <span class='ocrx_word' id='word_1_772' title='bbox 892 5680 992 5750; x_wconf 78' lang='grc' dir='ltr'>τὴν</span> <span class='ocrx_word' id='word_1_773' title='bbox 1044 5680 1229 5757; x_wconf 76' lang='grc' dir='ltr'>ψυχὴν</span> <span class='ocrx_word' id='word_1_774' title='bbox 1269 5677 1559 5751; x_wconf 85' lang='grc' dir='ltr'>τεθηλότα,</span> <span class='ocrx_word' id='word_1_775' title='bbox 1591 5679 1834 5757; x_wconf 87' lang='grc' dir='ltr'>καρποὺς</span> 
     </span>
    </p>
   </div>
   <div class='ocr_carea' id='block_1_110' title="bbox 1957 4699 3593 4772">
    <p class='ocr_par' dir='ltr' id='par_1_110' title="bbox 1957 4699 3593 4772">
     <span class='ocr_line' id='line_1_110' title="bbox 1957 4699 3593 4772; baseline -0.002 -16"><span class='ocrx_word' id='word_1_776' title='bbox 1957 4706 2134 4756; x_wconf 89' lang='lat' dir='ltr'><strong>tatem</strong></span> <span class='ocrx_word' id='word_1_777' title='bbox 2169 4699 2942 4772; x_wconf 84' lang='lat' dir='ltr'><strong>tantumhumanitatemque</strong></span> <span class='ocrx_word' id='word_1_778' title='bbox 2964 4716 3155 4768; x_wconf 84' lang='lat' dir='ltr'><strong>suam,</strong></span> <span class='ocrx_word' id='word_1_779' title='bbox 3177 4699 3333 4770; x_wconf 92' lang='lat' dir='ltr'><strong>quod</strong></span> <span class='ocrx_word' id='word_1_780' title='bbox 3366 4713 3593 4754; x_wconf 86' lang='lat' dir='ltr'><strong>somme</strong></span> 
     </span>
    </p>
   </div>
   <div class='ocr_carea' id='block_1_111' title="bbox 1955 4787 3591 4859">
    <p class='ocr_par' dir='ltr' id='par_1_111' title="bbox 1955 4787 3591 4859">
     <span class='ocr_line' id='line_1_111' title="bbox 1955 4787 3591 4859; baseline -0.001 -16"><span class='ocrx_word' id='word_1_781' title='bbox 1955 4788 2094 4845; x_wconf 90' lang='lat' dir='ltr'><strong>item</strong></span> <span class='ocrx_word' id='word_1_782' title='bbox 2135 4794 2261 4844; x_wconf 88' lang='lat' dir='ltr'><strong>tum</strong></span> <span class='ocrx_word' id='word_1_783' title='bbox 2308 4791 2520 4855; x_wconf 90' lang='lat' dir='ltr'><strong>studet,</strong></span> <span class='ocrx_word' id='word_1_784' title='bbox 2556 4795 2677 4844; x_wconf 90' lang='lat' dir='ltr'><strong>tum</strong></span> <span class='ocrx_word' id='word_1_785' title='bbox 2734 4789 2988 4844; x_wconf 78' lang='lat' dir='ltr'><strong>maximo</strong></span> <span class='ocrx_word' id='word_1_786' title='bbox 3037 4789 3096 4844; x_wconf 90' lang='lat' dir='ltr'><strong>in</strong></span> <span class='ocrx_word' id='word_1_787' title='bbox 3155 4788 3338 4859; x_wconf 91' lang='lat' dir='ltr'><strong>pretio</strong></span> <span class='ocrx_word' id='word_1_788' title='bbox 3394 4787 3591 4856; x_wconf 89' lang='lat' dir='ltr'><strong>habet,</strong></span> 
     </span>
    </p>
   </div>
   <div class='ocr_carea' id='block_1_112' title="bbox 1955 4877 3590 4949">
    <p class='ocr_par' dir='ltr' id='par_1_112' title="bbox 1955 4877 3590 4949">
     <span class='ocr_line' id='line_1_112' title="bbox 1955 4877 3590 4949; baseline -0.002 -15"><span class='ocrx_word' id='word_1_789' title='bbox 1955 4880 2211 4935; x_wconf 89' lang='lat' dir='ltr'><strong>animam</strong></span> <span class='ocrx_word' id='word_1_790' title='bbox 2243 4895 2410 4934; x_wconf 90' lang='lat' dir='ltr'><strong>suam</strong></span> <span class='ocrx_word' id='word_1_791' title='bbox 2441 4879 2980 4933; x_wconf 88' lang='lat' dir='ltr'><strong>velutfaherrimum</strong></span> <span class='ocrx_word' id='word_1_792' title='bbox 3015 4877 3590 4949; x_wconf 89' lang='lat' dir='ltr'><strong>pulcherrimumque</strong></span> 
     </span>
    </p>
   </div>
   <div class='ocr_carea' id='block_1_113' title="bbox 1953 4967 3593 5040">
    <p class='ocr_par' dir='ltr' id='par_1_113' title="bbox 1953 4967 3593 5040">
     <span class='ocr_line' id='line_1_113' title="bbox 1953 4967 3593 5040; baseline -0.002 -17"><span class='ocrx_word' id='word_1_793' title='bbox 1953 4967 2248 5040; x_wconf 89' lang='lat' dir='ltr'><strong>quoddam</strong></span> <span class='ocrx_word' id='word_1_794' title='bbox 2277 4967 2536 5039; x_wconf 90' lang='lat' dir='ltr'><strong>signum,</strong></span> <span class='ocrx_word' id='word_1_795' title='bbox 2568 4969 2729 5022; x_wconf 92' lang='lat' dir='ltr'><strong>omni</strong></span> <span class='ocrx_word' id='word_1_796' title='bbox 2776 4983 2845 5022; x_wconf 81' lang='lat' dir='ltr'><strong>ex</strong></span> <span class='ocrx_word' id='word_1_797' title='bbox 2887 4973 3047 5038; x_wconf 88' lang='lat' dir='ltr'><strong>parte</strong></span> <span class='ocrx_word' id='word_1_798' title='bbox 3095 4981 3362 5034; x_wconf 80' lang='lat' dir='ltr'><strong>exonare,</strong></span> <span class='ocrx_word' id='word_1_799' title='bbox 3395 4981 3593 5020; x_wconf 89' lang='lat' dir='ltr'><strong>verum</strong></span> 
     </span>
    </p>
   </div>
   <div class='ocr_carea' id='block_1_114' title="bbox 1952 5054 3591 5128">
    <p class='ocr_par' dir='ltr' id='par_1_114' title="bbox 1952 5054 3591 5128">
     <span class='ocr_line' id='line_1_114' title="bbox 1952 5054 3591 5128; baseline -0.001 -17"><span class='ocrx_word' id='word_1_800' title='bbox 1952 5057 2126 5111; x_wconf 88' lang='lat' dir='ltr'><strong>etiam</strong></span> <span class='ocrx_word' id='word_1_801' title='bbox 2140 5056 2294 5128; x_wconf 86' lang='lat' dir='ltr'><strong>quod</strong></span> <span class='ocrx_word' id='word_1_802' title='bbox 2317 5055 2461 5111; x_wconf 89' lang='lat' dir='ltr'><strong>mihi</strong></span> <span class='ocrx_word' id='word_1_803' title='bbox 2475 5057 2817 5128; x_wconf 84' lang='lat' dir='ltr'><strong>gravissime</strong></span> <span class='ocrx_word' id='word_1_804' title='bbox 2836 5055 3140 5127; x_wconf 58' lang='lat' dir='ltr'><strong>aegrotanti</strong></span> <span class='ocrx_word' id='word_1_805' title='bbox 3164 5054 3591 5125; x_wconf 88' lang='lat' dir='ltr'><strong>laborantique,</strong></span> 
     </span>
    </p>
   </div>
   <div class='ocr_carea' id='block_1_115' title="bbox 1952 5146 3594 5219">
    <p class='ocr_par' dir='ltr' id='par_1_115' title="bbox 1952 5146 3594 5219">
     <span class='ocr_line' id='line_1_115' title="bbox 1952 5146 3594 5219; baseline -0.001 -17"><span class='ocrx_word' id='word_1_806' title='bbox 1952 5148 2162 5219; x_wconf 88' lang='lat' dir='ltr'><strong>quidve</strong></span> <span class='ocrx_word' id='word_1_807' title='bbox 2211 5147 2392 5215; x_wconf 91' lang='lat' dir='ltr'><strong>aliud,</strong></span> <span class='ocrx_word' id='word_1_808' title='bbox 2425 5163 2599 5218; x_wconf 90' lang='lat' dir='ltr'><strong>quam</strong></span> <span class='ocrx_word' id='word_1_809' title='bbox 2657 5162 2776 5218; x_wconf 62' lang='lat' dir='ltr'><strong>pra:</strong></span> <span class='ocrx_word' id='word_1_810' title='bbox 2831 5146 3150 5218; x_wconf 88' lang='lat' dir='ltr'><strong>angoribus</strong></span> <span class='ocrx_word' id='word_1_811' title='bbox 3209 5161 3344 5217; x_wconf 86' lang='lat' dir='ltr'><strong>erga</strong></span> <span class='ocrx_word' id='word_1_812' title='bbox 3391 5159 3594 5201; x_wconf 86' lang='lat' dir='ltr'><strong>omnes</strong></span> 
     </span>
    </p>
   </div>
   <div class='ocr_carea' id='block_1_116' title="bbox 1951 5234 3594 5306">
    <p class='ocr_par' dir='ltr' id='par_1_116' title="bbox 1951 5234 3594 5306">
     <span class='ocr_line' id='line_1_116' title="bbox 1951 5234 3594 5306; baseline -0.002 -15"><span class='ocrx_word' id='word_1_813' title='bbox 1951 5235 2190 5291; x_wconf 90' lang='lat' dir='ltr'><strong>omnino</strong></span> <span class='ocrx_word' id='word_1_814' title='bbox 2230 5235 2516 5292; x_wconf 89' lang='lat' dir='ltr'><strong>morosius</strong></span> <span class='ocrx_word' id='word_1_815' title='bbox 2537 5234 2740 5290; x_wconf 74' lang='lat' dir='ltr'><strong>affecto</strong></span> <span class='ocrx_word' id='word_1_816' title='bbox 2760 5235 2790 5289; x_wconf 87' lang='lat'><strong>?</strong></span> <span class='ocrx_word' id='word_1_817' title='bbox 2816 5241 2874 5290; x_wconf 90' lang='lat' dir='ltr'><strong>ut</strong></span> <span class='ocrx_word' id='word_1_818' title='bbox 2903 5235 2964 5289; x_wconf 93' lang='lat' dir='ltr'><strong>in</strong></span> <span class='ocrx_word' id='word_1_819' title='bbox 2996 5234 3276 5306; x_wconf 79' lang='lat' dir='ltr'><strong>tragcedia</strong></span> <span class='ocrx_word' id='word_1_820' title='bbox 3301 5237 3407 5303; x_wconf 89' lang='lat' dir='ltr'><strong>est,</strong></span> <span class='ocrx_word' id='word_1_821' title='bbox 3442 5249 3594 5288; x_wconf 89' lang='lat' dir='ltr'><strong>unus</strong></span> 
     </span>
    </p>
   </div>
   <div class='ocr_carea' id='block_1_117' title="bbox 1949 5321 3589 5395">
    <p class='ocr_par' dir='ltr' id='par_1_117' title="bbox 1949 5321 3589 5395">
     <span class='ocr_line' id='line_1_117' title="bbox 1949 5321 3589 5395; baseline -0.002 -15"><span class='ocrx_word' id='word_1_822' title='bbox 1949 5324 2214 5380; x_wconf 88' lang='lat' dir='ltr'><strong>omnium</strong></span> <span class='ocrx_word' id='word_1_823' title='bbox 2244 5323 2425 5380; x_wconf 89' lang='lat' dir='ltr'><strong>vicem</strong></span> <span class='ocrx_word' id='word_1_824' title='bbox 2457 5329 2662 5395; x_wconf 75' lang='lat' dir='ltr'><strong>praasto</strong></span> <span class='ocrx_word' id='word_1_825' title='bbox 2708 5323 2849 5378; x_wconf 87' lang='lat' dir='ltr'><strong>fuit:</strong></span> <span class='ocrx_word' id='word_1_826' title='bbox 2884 5322 3280 5392; x_wconf 88' lang='lat' dir='ltr'><strong>sustollentes,</strong></span> <span class='ocrx_word' id='word_1_827' title='bbox 3314 5321 3589 5390; x_wconf 87' lang='lat' dir='ltr'><strong>allevans,</strong></span> 
     </span>
    </p>
   </div>
   <div class='ocr_carea' id='block_1_118' title="bbox 1947 5411 3589 5484">
    <p class='ocr_par' dir='ltr' id='par_1_118' title="bbox 1947 5411 3589 5484">
     <span class='ocr_line' id='line_1_118' title="bbox 1947 5411 3589 5484; baseline -0.001 -15"><span class='ocrx_word' id='word_1_828' title='bbox 1947 5413 2377 5469; x_wconf 87' lang='lat' dir='ltr'><strong>studiosissime</strong></span> <span class='ocrx_word' id='word_1_829' title='bbox 2412 5429 2641 5481; x_wconf 89' lang='lat' dir='ltr'><strong>curans,</strong></span> <span class='ocrx_word' id='word_1_830' title='bbox 2676 5417 2978 5484; x_wconf 89' lang='lat' dir='ltr'><strong>ratamque</strong></span> <span class='ocrx_word' id='word_1_831' title='bbox 3023 5411 3196 5469; x_wconf 82' lang='lat' dir='ltr'><strong>officii</strong></span> <span class='ocrx_word' id='word_1_832' title='bbox 3241 5411 3333 5467; x_wconf 91' lang='lat' dir='ltr'><strong>sui</strong></span> <span class='ocrx_word' id='word_1_833' title='bbox 3366 5417 3589 5483; x_wconf 86' lang='lat' dir='ltr'><strong>partem</strong></span> 
     </span>
    </p>
   </div>
   <div class='ocr_carea' id='block_1_119' title="bbox 1945 5501 3589 5573">
    <p class='ocr_par' dir='ltr' id='par_1_119' title="bbox 1945 5501 3589 5573">
     <span class='ocr_line' id='line_1_119' title="bbox 1945 5501 3589 5573; baseline 0 -15"><span class='ocrx_word' id='word_1_834' title='bbox 1945 5503 2399 5573; x_wconf 88' lang='lat' dir='ltr'><strong>haudquaquam</strong></span> <span class='ocrx_word' id='word_1_835' title='bbox 2430 5501 2728 5570; x_wconf 81' lang='lat' dir='ltr'><strong>amittens,</strong></span> <span class='ocrx_word' id='word_1_836' title='bbox 2759 5507 2935 5572; x_wconf 89' lang='lat' dir='ltr'><strong>atque</strong></span> <span class='ocrx_word' id='word_1_837' title='bbox 2963 5503 3257 5573; x_wconf 86' lang='lat' dir='ltr'><strong>omnibus,</strong></span> <span class='ocrx_word' id='word_1_838' title='bbox 3295 5501 3458 5573; x_wconf 88' lang='lat' dir='ltr'><strong>queis</strong></span> <span class='ocrx_word' id='word_1_839' title='bbox 3488 5517 3589 5572; x_wconf 87' lang='lat' dir='ltr'><strong>po-</strong></span> 
     </span>
    </p>
   </div>
   <div class='ocr_carea' id='block_1_120' title="bbox 1946 5590 3585 5662">
    <p class='ocr_par' dir='ltr' id='par_1_120' title="bbox 1946 5590 3585 5662">
     <span class='ocr_line' id='line_1_120' title="bbox 1946 5590 3585 5662; baseline -0.001 -14"><span class='ocrx_word' id='word_1_840' title='bbox 1946 5595 2090 5648; x_wconf 88' lang='lat' dir='ltr'><strong>terat</strong></span> <span class='ocrx_word' id='word_1_841' title='bbox 2118 5591 2326 5660; x_wconf 87' lang='lat' dir='ltr'><strong>modis,</strong></span> <span class='ocrx_word' id='word_1_842' title='bbox 2349 5590 2569 5648; x_wconf 90' lang='lat' dir='ltr'><strong>doloris</strong></span> <span class='ocrx_word' id='word_1_843' title='bbox 2599 5606 2840 5647; x_wconf 89' lang='lat' dir='ltr'><strong>sensum</strong></span> <span class='ocrx_word' id='word_1_844' title='bbox 2871 5595 3140 5648; x_wconf 89' lang='lat' dir='ltr'><strong>avertens</strong></span> <span class='ocrx_word' id='word_1_845' title='bbox 3171 5609 3238 5650; x_wconf 91' lang='lat' dir='ltr'><strong>ac</strong></span> <span class='ocrx_word' id='word_1_846' title='bbox 3259 5592 3585 5662; x_wconf 84' lang='lat' dir='ltr'><strong>deducens;</strong></span> 
     </span>
    </p>
   </div>
   <div class='ocr_carea' id='block_1_121' title="bbox 1942 5675 3589 5755">
    <p class='ocr_par' dir='ltr' id='par_1_121' title="bbox 1942 5675 3589 5755">
     <span class='ocr_line' id='line_1_121' title="bbox 1942 5675 3589 5755; baseline -0.001 -18"><span class='ocrx_word' id='word_1_847' title='bbox 1942 5685 1998 5738; x_wconf 88' lang='lat' dir='ltr'><strong>et</strong></span> <span class='ocrx_word' id='word_1_848' title='bbox 2027 5697 2198 5755; x_wconf 90' lang='lat' dir='ltr'><strong>quam</strong></span> <span class='ocrx_word' id='word_1_849' title='bbox 2230 5680 2442 5738; x_wconf 88' lang='lat' dir='ltr'><strong>licebat</strong></span> <span class='ocrx_word' id='word_1_850' title='bbox 2469 5695 2638 5753; x_wconf 90' lang='lat' dir='ltr'><strong>opem</strong></span> <span class='ocrx_word' id='word_1_851' title='bbox 2669 5694 3022 5754; x_wconf 87' lang='lat' dir='ltr'><strong>operamque</strong></span> <span class='ocrx_word' id='word_1_852' title='bbox 3072 5688 3376 5754; x_wconf 67' lang='lat' dir='ltr'><strong>praeteris,</strong></span> <span class='ocrx_word' id='word_1_853' title='bbox 3416 5675 3589 5752; x_wconf 81' lang='lat' dir='ltr'><strong>quive</strong></span> 
     </span>
    </p>
   </div>
  </div>
