4062 6308
505 345 624 412 419

1809 341 2207 406 THEODULI
2252 343 2600 408 MONACHI

3782 341 3898 402 420

508 484 684 539 dictis
723 483 842 540 suis
901 482 1211 554 factisque,
1260 481 1400 536 illud
1447 495 1840 536 aerumnarum
1890 482 2143 536 omnium:

2270 480 2577 554 βλαστῆσαι
2627 479 2925 558 θεοφιλεῖς,
2957 483 3174 553 καρπῶν
3227 477 3497 534 ἀθανάτων
3551 476 3780 541 αἰτίους,
3809 473 3896 528 καὶ

512 574 854 630 memoriam
923 571 1150 627 diluens
1215 570 1598 640 pharmacum
1655 568 1748 640 (ex
1779 565 1900 624 Ὀδ.
1937 570 1995 636 Α’
2027 571 2153 638 221,

511 662 718 730 Synes,
751 659 918 732 epist.
954 660 1080 730 146)
1110 658 1253 713 mihi
1293 658 1464 729 plane
1501 662 1638 713 erat.
1673 659 1895 730 Quippe
1952 664 2049 733 qui
2095 658 2156 714 in

511 750 877 806 creberrimis
900 749 1257 803 oruciatuum
1290 747 1629 802 decumanis
1659 747 2158 815 ﬂuctibus,maxi-

511 841 733 909 misque
763 837 880 892 illis
911 835 1106 904 undis,
1131 836 1315 891 nihilo
1365 836 1487 906 ipse
1535 837 1734 891 minus
1765 846 1817 891 et
1877 843 2157 908 perpetuo

2266 573 2398 623 Θεοῦ
2426 568 2671 644 γενέσθαι
2719 570 2963 640 τέμενος.
3001 569 3276 645 Συνεύχου
3326 566 3382 622 δὲ
3437 566 3525 622 καὶ
3587 565 3768 632 αὐτὸς,
3800 561 3901 636 οὐχ

2265 658 2338 720 ὡς
2373 658 2447 720 εἷς
2479 663 2667 719 τοκέας
2703 659 2863 732 μόνον
2895 656 3091 726 τελῶν,
3127 657 3272 712 ἀλλᾶ
3317 659 3409 712 καὶ
3440 657 3513 717 ὡς
3555 652 3714 728 ἀνδρὶ
3755 651 3899 722 καλῷ

2265 745 2505 818 κάγαθῷ,
2563 747 2652 800 καὶ
2729 745 2954 820 τρόποις
3032 751 3296 820 χρηστοῖς
3373 747 3578 804 πάντας
3636 740 3898 800 ἐπαινέτας

2268 833 2472 908 ἔχοντι.

507 928 744 993 doleret,
779 928 1157 998 animamque
1189 943 1354 982 suam
1401 927 1664 981 mmroris
1705 927 1980 981 ﬂuctibus
2038 928 2370 991 inundaret,
2423 928 2522 982 ubi
2565 945 2670 984 nos
2718 945 2851 983 vero
2903 929 3107 983 iterum
3167 928 3700 992 convaluissemus,
3740 925 3901 980 etiam

505 1017 629 1086 ipse
687 1016 894 1086 pariter
935 1033 997 1071 se
1026 1015 1346 1087 colligeret,
1375 1021 1432 1070 et
1484 1016 1555 1070 ad
1615 1014 1876 1070 laetantes
1928 1014 2224 1070 transiret.
2258 1014 2602 1086 Quanquam
2663 1016 2802 1087 quid
2855 1015 3021 1071 dico?
3061 1032 3208 1087 saepe
3265 1015 3362 1070 ille
3409 1016 3588 1081 enim,
3649 1018 3707 1069 et
3759 1010 3900 1083 apud

506 1105 860 1174 complures,
895 1105 1063 1160 nobis
1097 1104 1488 1173 audientibus,
1521 1104 1695 1160 etiam
1720 1105 2101 1176 jurejurando
2133 1104 2325 1160 verbis
2384 1105 2507 1160 suis
2567 1107 2852 1176 apposito,
2887 1105 3038 1162 ultro
3095 1107 3390 1176 professus
3438 1108 3528 1160 est
3577 1120 3661 1170 se,
3697 1101 3747 1158 si
3795 1118 3899 1173 qua

506 1196 630 1250 ﬁeri
663 1201 878 1267 posset,
912 1195 1302 1252 libentissimo
1335 1195 1529 1251 animo
1555 1195 1842 1250 fortunam
1869 1199 2216 1267 praesentem
2250 1211 2480 1250 mecum
2522 1201 3044 1264 commutaturum,
3077 1196 3189 1251 imo
3237 1212 3370 1251 vero
3417 1194 3679 1250 animam
3737 1192 3898 1248 etiam

511 1288 701 1359 ipsam
734 1303 858 1342 mea
889 1286 1029 1355 vice,
1062 1286 1190 1342 sine
1221 1286 1342 1342 ulla
1365 1286 1733 1342 cunctatione
1763 1286 2167 1357 profusurum,
2200 1301 2387 1356 usque
2419 1287 2559 1340 adeo
2601 1303 2878 1358 magnam
2923 1286 3098 1342 homo
3157 1288 3268 1342 mei
3294 1291 3356 1341 ut
3384 1289 3677 1355 superstes
3698 1298 3894 1348 essem,

506 1379 753 1434 ducebat
784 1379 1089 1434 rationem.
1127 1379 1282 1433 Haud
1317 1379 1608 1433 immerito
1637 1377 1800 1432 illum
1837 1376 2040 1448 igitur,
2065 1375 2305 1447 perinde
2361 1381 2422 1430 ut
2469 1383 2644 1447 caput
2693 1393 2881 1433 meum
2939 1377 3147 1432 adamo
3176 1373 3303 1447 (Ἰλ.
3335 1395 3390 1450 γ,
3422 1376 3515 1446 82)
3549 1379 3609 1429 et
3663 1373 3896 1428 mediam

504 1470 711 1524 animae
760 1469 956 1524 sedem
1015 1469 1098 1523 illi
1147 1469 1416 1535 attribuo,
1476 1473 1602 1523 tum
1661 1472 1795 1539 opto
1847 1467 1985 1521 item
2044 1466 2239 1536 ipsum
2288 1468 2587 1538 consequi,
2616 1468 2901 1539 quidquid
2955 1467 3233 1537 consequi
3265 1467 3459 1522 studet
3493 1483 3507 1519 :
3543 1470 3599 1521 et
3628 1464 3890 1519 virtutum

502 1560 942 1632 irrigationibus
981 1561 1178 1614 anima
1225 1560 1546 1627 ﬂorentem,
1594 1559 1820 1614 fructus
1871 1557 1984 1612 Deo
2043 1572 2329 1627 acceptos,
2376 1558 2670 1613 fructuum
2729 1563 3076 1613 aternorum
3125 1573 3351 1624 causas,
3385 1557 3726 1628 producere,
3771 1552 3890 1608 Dei-

504 1666 617 1721 que
649 1651 818 1719 plane
842 1647 1122 1720 templum
1155 1648 1300 1716 fieri,
1335 1650 1489 1720 quod
1522 1653 1576 1704 te
1605 1650 1776 1703 etiam
1811 1646 2026 1717 pariter
2053 1649 2252 1716 optare
2277 1644 2424 1713 volo,
2495 1663 2609 1701 non
2658 1648 2730 1704 ob
2797 1647 2854 1701 id
2901 1663 3085 1702 unum
3144 1647 3338 1715 modo,
3385 1646 3536 1716 quod
3590 1644 3892 1700 liberorum

501 1755 710 1810 parens
735 1739 859 1806 jam
886 1739 1103 1801 es.sed
1156 1745 1430 1808 praeterea
1486 1745 1550 1794 ut
1609 1740 1726 1793 viro
1786 1737 2042 1807 optimos
2088 1735 2566 1806 santissimoque,
2629 1742 2685 1791 et
2742 1753 2971 1792 morum
3025 1737 3310 1806 probitate
3371 1734 3644 1791 homines
3675 1748 3872 1789 omnes

507 1829 840 1883 laudatores
871 1831 1062 1883 nacto.

1005 1960 1074 2015 V.
1117 1961 1303 2032 Magno
1333 1960 1638 2032 logothetae.

578 2096 662 2150 Tu
699 2112 857 2165 vero,
901 2098 1003 2166 qui
1035 2095 1256 2166 optima
1295 2097 1490 2152 omnia
1529 2102 1586 2151 et
1628 2095 1737 2161 vis,
1770 2105 1824 2152 et
1883 2101 2067 2169 potes,
2101 2103 2158 2153 et

505 2187 736 2258 egregia
767 2186 946 2241 animi
980 2185 1273 2241 alacritate
1307 2187 1448 2259 agis,
1481 2187 1624 2242 nihil
1669 2188 1942 2258 equidem
2000 2188 2157 2258 novi,

506 2282 573 2330 ut
597 2275 863 2343 arbitror,
898 2277 1158 2330 facturus
1187 2291 1250 2330 es
1276 2292 1288 2330 :
1315 2276 1363 2330 si
1389 2275 1603 2346 quibus
1654 2281 1772 2331 tam
1816 2276 2000 2332 multa
2049 2276 2158 2331 du-

505 2363 644 2416 dum
693 2362 974 2417 beneﬁcia
1019 2363 1252 2429 dedisti,
1318 2365 1555 2418 eosdem
1600 2381 1755 2418 nunc
1811 2365 1988 2418 etiam
2035 2366 2154 2421 tuis

504 2467 676 2506 ornes
706 2451 1000 2506 beneﬁciis
1027 2469 1040 2506 :
1069 2453 1405 2522 quibusque
1431 2468 1545 2506 non
1585 2469 1710 2507 raro
1750 2453 1990 2507 antehac
2021 2469 2154 2524 gra-

503 2539 757 2594 tiﬁcatus
783 2556 866 2607 es,
899 2541 970 2595 iis
1003 2557 1159 2594 nunc
1197 2541 1337 2594 item
1363 2541 1725 2612 gratiticeris.
1759 2544 1968 2597 Verum
2002 2542 2149 2597 illud

497 2628 669 2699 plane
722 2627 935 2698 ipsum,
973 2631 1124 2700 quod
1185 2629 1444 2699 quotidie
1503 2635 1560 2683 et
1612 2629 1894 2685 adversus
1950 2647 2152 2686 omnes

501 2729 684 2782 facere
718 2719 1034 2777 consuesti,
1061 2723 1320 2789 petentes
1353 2719 1586 2789 pariter,
1619 2724 1674 2773 et
1698 2735 1809 2774 non
1843 2725 2102 2790 petentes
2133 2737 2145 2774 :

497 2806 605 2860 hos
638 2806 944 2874 nimirum,
965 2811 1028 2860 ut
1059 2823 1128 2860 ne
1162 2812 1379 2877 petant,
1411 2807 1564 2871 illos,
1589 2807 1728 2878 quia
1757 2813 2145 2878 petunt.Tum

496 2912 628 2950 vero
660 2901 955 2966 prmterea,
997 2912 1152 2950 nunc
1179 2897 1353 2950 etiam
1388 2897 1690 2967 superiora
1729 2898 1944 2968 omnia,
1970 2901 2143 2968 quasi

495 2985 723 3040 decreto
754 2985 1010 3054 quodam
1041 2984 1264 3039 sancire
1305 2992 1476 3055 atque
1525 2985 1874 3040 conﬁrmare
1909 2988 2146 3042 videbe-

495 3075 595 3142 ris,
629 3079 680 3129 et
712 3075 885 3128 simul
918 3075 1237 3141 ostendere,
1273 3092 1405 3129 vera
1436 3080 1490 3129 te
1520 3077 1699 3130 animi
1739 3077 2140 3148 magnitudine

494 3171 549 3217 et
580 3163 805 3216 dedisse
840 3164 1026 3229 nobis,
1062 3163 1346 3233 quidquid
1368 3166 1653 3224 dedisses,
1686 3170 1742 3220 et
1791 3165 1896 3220 hac
1943 3169 2142 3222 eadem

494 3253 562 3307 de
593 3266 790 3318 causa,
819 3252 1018 3306 eadem
1055 3252 1110 3306 in
1145 3268 1399 3322 praesens
1448 3252 1779 3324 gratiﬁcari.
1818 3256 1937 3320 Qua
1985 3257 2042 3310 in
2078 3273 2137 3312 re

2622 1964 2692 2014 E'.
2732 1961 2826 2028 Τῷ
2868 1956 3137 2033 μεγάλῳ
3179 1955 3537 2030 λογοθὲτῃ.

2340 2092 2508 2148 Οὐδὲν
2550 2093 2634 2170 ἄρ’
2666 2095 2822 2166 οἶμαι
2864 2095 3070 2160 καινὸν,
3104 2094 3148 2148 ὦ
3197 2095 3368 2148 πάντα
3413 2095 3484 2148 τά
3536 2092 3781 2167 βέλτιστα
3834 2093 3888 2144 σὺ

2265 2184 2354 2236 καὶ
2415 2183 2752 2256 βουλόμενος
2806 2187 2898 2238 καὶ
2957 2182 3252 2255 δυνάμενος
3306 2184 3396 2237 καὶ
3456 2184 3706 2257 πράττων
3757 2182 3888 2236 ἑτοί-

2269 2293 2405 2342 μως,
2446 2272 2492 2325 εἴ
2522 2274 2615 2334 οὓς
2649 2272 2703 2326 εὗ
2734 2273 3007 2335 πολλάκις
3038 2271 3372 2342 πεποίηκας,
3405 2273 3634 2332 τούτους
3678 2271 3763 2325 καὶ
3806 2273 3887 2322 νῦν

2265 2359 2321 2414 εὖ
2368 2363 2649 2430 ποιήσαις,
2679 2363 2768 2414 καί
2819 2360 2981 2438 χάριν
3025 2362 3337 2437 παράσχοις
3388 2361 3475 2420 οἷς
3528 2358 3626 2414 οὐκ
3657 2357 3885 2433 ὀλιγάκις

2263 2444 2498 2512 ἔδωκαςο
2551 2449 2694 2504 ἀλλὰ
2744 2451 2979 2522 μάλιστα
3024 2451 3116 2522 μὲν
3164 2448 3196 2502 ἃ
3242 2448 3576 2518 καθεκάστην
3631 2449 3716 2502 καὶ
3765 2446 3884 2520 πρὸς

2261 2540 2465 2600 πάντας
2522 2544 2695 2592 ποιεῖν
2756 2535 3132 2608 ε’ίωθας,τοῦς
3187 2559 3245 2592 τε
3300 2535 3610 2610 δεομένους,
3666 2536 3784 2597 τούς
3833 2553 3882 2588 τε

2265 2627 2364 2698 μὴ,
2395 2625 2521 2687 τοὺς
2575 2627 2694 2698 μὲν,
2719 2625 2810 2679 ’ίνα
2872 2627 2946 2698 μὴ
3001 2623 3262 2696 δεηθεῖεν,
3291 2627 3416 2687 τοὺς
3462 2623 3510 2679 δ’
3543 2624 3626 2679 ὅτι
3658 2622 3877 2678 δὲονται·

2258 2711 2440 2769 ἔπειτα
2500 2714 2542 2768 δ’
2602 2712 2710 2784 ἤδη
2765 2714 2852 2768 καὶ
2931 2711 3100 2784 δόξεις
3175 2713 3356 2786 ὥσπερ
3433 2714 3771 2790 ἐπιψηφίζειν
3821 2710 3879 2765 τὰ

2256 2804 2504 2878 πρόσθεν,
2566 2805 2654 2858 καὶ
2736 2805 2848 2876 ἅμα
2918 2802 3182 2858 δεικνύναι
3252 2803 3327 2865 ὡς
3407 2801 3786 2877 μεγαλοψυχίᾳ
3836 2799 3877 2852 θ’

2256 2895 2391 2964 ἡμῖν
2440 2890 2643 2955 ἔδωκας
2705 2895 2836 2966 ἅπερ
2897 2890 3126 2960 ἔδωκας,
3185 2892 3276 2947 καὶ
3333 2897 3497 2946 τανῦν
3560 2894 3720 2947 ταυτα
3779 2908 3868 2942 πα-

2257 2983 2486 3058 ράσχοις
2519 2981 2623 3035 ἀπὸ
2670 2988 2768 3051 τῆς
2803 2979 2969 3050 αὒτῆς
3001 2985 3203 3050 ταύτης
3249 2981 3448 3041 αἰτίας.
3488 2981 3588 3034 Καὶ
3639 2981 3707 3041 ὡς
3755 2980 3865 3046 ἡμῖν

2257 3070 2364 3145 οὐχ
2394 3071 2506 3124 οἷόν
2539 3092 2597 3126 τε
2632 3073 2704 3143 μή
2756 3071 2964 3126 τούτων
3003 3072 3332 3144 μεμνῆσθαι,
3369 3071 3461 3123 καὶ
3517 3071 3674 3144 χάριν
3707 3065 3857 3137 ’ἴσχειν

2253 3161 2338 3214 καὶ
2404 3161 2531 3234 βθᾷν
2590 3161 2675 3230 ξὺν
2727 3159 2992 3229 ἐπαίνοις,
3028 3161 3091 3214 οὐ
3154 3158 3366 3232 μᾶλλον
3419 3159 3456 3228 ἢ
3508 3163 3664 3230 ἡμῶν
3714 3149 3858 3208 αὐτῶν

2258 3252 2331 3320 μή
2400 3250 2949 3322 μεμνῆσθαι-’πάντα
3007 3249 3112 3323 γὰρ
3167 3249 3231 3302 τά
3290 3249 3338 3302 τ’
3379 3247 3473 3302 οὖν
3534 3249 3718 3319 πάρος,
3746 3241 3800 3296 τά
3823 3240 3859 3293 τ’

492 3344 986 3414 quemadmodum
1017 3347 1253 3398 tuorum
1308 3361 1412 3398 nos
1477 3362 1591 3399 non
1647 3362 1960 3416 possumus
2018 3364 2130 3403 non

2256 3339 2516 3394 εΐσὲπειτα
2566 3343 2632 3412 σῇ
2709 3334 3058 3414 κυϐερνῶμαι
3120 3337 3288 3412 χειρὶ,
3357 3340 3498 3392 κατά
3571 3332 3862 3413 Σοφοκλέα*

494 3431 829 3486 meminisse
861 3431 1296 3499 beneﬁciorum,
1321 3437 1376 3486 et
1397 3434 1640 3504 gratiam
1675 3436 1907 3504 habere,
1940 3441 1996 3491 et
2037 3439 2140 3493 tibi

496 3537 628 3575 cum
662 3520 937 3574 laudibus
987 3523 1306 3576 acclamare
1341 3522 1534 3578 :haud
1561 3524 1746 3594 magis
1786 3542 2141 3596 sane,quam

495 3610 680 3663 nostri
712 3609 973 3678 ipsorum
1015 3611 1302 3680 deponere
1321 3615 1678 3667 memoriam.
1705 3615 1845 3668 Nam
1877 3617 2142 3687 quidquid

489 3699 623 3753 olim
675 3715 966 3767 gesseram,
1033 3698 1300 3770 quidquid
1356 3717 1566 3768 geram,
1617 3703 1674 3756 id
1716 3719 1874 3758 omne
1939 3705 2135 3761 dextra

496 3790 677 3856 fretus
733 3787 1025 3855 aggrediar
1080 3797 1194 3855 tua,
1258 3795 1320 3842 ut
1377 3807 1511 3845 cum
1570 3791 1857 3862 Sephocle
1914 3793 2138 3865 loquar.

490 3871 777 3944 (Α’ίαντι,
812 3875 1022 3944 34.)Δό
1041 3877 1308 3931 eumdem
1326 3881 1379 3932 et
1407 3883 1467 3932 tu
1490 3879 2138 3952 modum,temetipsum

491 3964 935 4033 haudquaquam
983 3964 1260 4031 inficiari;
1298 3983 1571 4038 quanque
1612 3969 1963 4039 jampridem
2007 3973 2139 4042 pul-

495 4052 849 4106 cherrimam
881 4053 1091 4123 agendi
1122 4054 1430 4124 rationem,
1466 4073 1578 4111 non
1612 4063 1808 4112 nostro
1841 4062 2135 4130 duntaxat,

497 4143 596 4196 sed
628 4141 882 4196 omnium
902 4143 1066 4212 plane
1089 4145 1421 4199 mortalium
1450 4146 1622 4214 bono,
1643 4148 1824 4203 semel
1841 4151 2140 4221 ingressus

497 4247 580 4298 es,
615 4230 856 4284 missam
913 4247 1064 4285 nunc
1122 4234 1305 4287 facere
1362 4235 1595 4303 poteris.
1628 4235 1789 4291 Unus
1871 4245 1927 4292 tu
1982 4241 2138 4295 enim

497 4323 705 4387 praeter
737 4324 996 4386 caeteros,
1031 4321 1154 4390 qui,
1188 4326 1251 4375 ut
1279 4322 1361 4376 ait
1401 4323 1845 4395 Demosthenes,
1868 4327 1937 4381 ad
1994 4345 2140 4383 com-

494 4425 711 4464 munem
743 4411 982 4478 fructum
1032 4427 1299 4482 usumque
1346 4414 1744 4484 rempublicam
1801 4422 2139 4486 tractarunt,

496 4498 773 4553 omnibus
812 4498 870 4552 in
931 4499 1100 4554 rebus
1146 4500 1416 4569 excellis;
1452 4518 1602 4558 unus
1652 4520 1931 4576 magnum
1985 4507 2140 4562 hunc

496 4587 859 4641 tribunatum
893 4590 1084 4654 tuum,
1113 4588 1232 4643 sive
1263 4592 1619 4662 prytanicam
1664 4592 1888 4664 imperii
1940 4611 2140 4665 procu-

2391 3429 2431 3447 ηε

2253 3431 2326 3492 ὡς
2387 3431 2442 3484 δὲ

2251 3519 2341 3573 καὶ
2390 3521 2489 3589 την
2529 3519 2764 3596 ἐξαρχῆς
2806 3517 2913 3594 οὺχ
2959 3519 3088 3592 ὑπὲρ
3139 3505 3302 3591 ἡμῶν
3367 3521 3557 3591 μόνον,
3616 3515 3750 3571 ἀλλὰ
3788 3505 3863 3564 καὶ

2250 3615 2460 3663 πάντων
2502 3609 2800 3680 ἀνθρώπων
2850 3606 3150 3678 καλλίστην
3196 3609 3395 3677 ταύτην
3450 3603 3684 3662 ἔνστασιν
3731 3601 3863 3674 ἐγκα-

2248 3697 2528 3752 ταλιπεῖν
2566 3698 2728 3770 μόνος
2770 3717 2828 3750 τε
2881 3697 2984 3770 γὰρ
3032 3700 3140 3750 τῶν
3201 3695 3277 3756 είς
3332 3697 3518 3751 κοινὸν
3574 3693 3862 3750 πολιτευσα-

2253 3788 2446 3857 μένων,
2482 3786 2614 3859 φησὶ
2662 3785 3038 3858 Δημοσθένης,
3087 3791 3202 3845 τοῖς
3252 3784 3407 3846 ὅλοις
3465 3785 3622 3844 αὐτὸς
3676 3779 3866 3855 ἄριστος

2247 3877 2337 3930 καὶ
2398 3877 2584 3949 μόνος,
2619 3874 2801 3949 ὥσπερ
2853 3873 3071 3944 ἔνδειξιν
3135 3877 3348 3949 ἀρετῆς,
3382 3877 3473 3929 καὶ
3532 3878 3624 3928 τοῦ
3680 3869 3866 3949 φιλοτι-

2252 3969 2491 4037 μοτάτου
2534 3972 2633 4033 τῆς
2681 3965 2933 4038 γνώμης,
2983 3967 3082 4033 τὴν
3145 3963 3384 4038 μεγάλην
3440 3959 3661 4033 ταυτηνί
3715 3957 3863 4029 δημα-

2250 4054 2458 4130 γωγίαν
2560 4053 2903 4126 πρυτανείαν,
2936 4052 2970 4122 ἢ
3013 4055 3042 4106 δ
3071 4075 3124 4107 τι
3153 4074 3238 4114 τις
3287 4052 3438 4128 λὲγει
3488 4051 3738 4124 νομίζων,
3769 4043 3861 4116 οὐχ

2248 4144 2370 4199 ὅσον
2424 4146 2658 4205 ἅπαντας
2718 4142 2774 4198 εὖ
2833 4148 3031 4211 ποιεῖς,
3065 4140 3178 4197 οὐδ’
3227 4141 3317 4197 ἐπὶ
3359 4143 3520 4198 παντὶ
3578 4139 3744 4210 δήπου
3795 4135 3863 4202 τῷ

2245 4233 2448 4308 χρόνῳ,
2491 4231 2672 4307 ὥσπερ
2703 4233 2838 4307 πρὸς
2869 4233 2957 4294 τὸς
2992 4233 3228 4286 ἑκάστων
3260 4229 3648 4305 ἁμιλλώμενος
3690 4222 3858 4303 χρείας

2246 4324 2336 4378 καὶ
2394 4322 2719 4400 φιλονεικῶν
2777 4319 2980 4395 μηδένα
3053 4327 3160 4376 τῶν
3249 4323 3525 4389 ἁπάντων,
3585 4315 3717 4393 μηδὲ
3761 4311 3862 4368 καθ’

2249 4411 2634 4482 ὁντιναδήποτε
2698 4412 2900 4485 τρόπον
2958 4413 3180 4466 ὁτουοῦν
3238 4410 3565 4486 ἐτερῆσθαι·
3599 4405 3732 4463 ἀλλὰ
3781 4397 3858 4455 καὶ

2248 4501 2458 4577 χαίρεις
2494 4500 2550 4555 εὖ
2581 4505 2751 4555 ποιῶν
2780 4500 2923 4556 πολὺ
2960 4499 3171 4574 μᾶλλον
3200 4502 3235 4570 ἢ
3268 4501 3320 4555 οἱ
3359 4501 3654 4574 πάσχοντες
3683 4487 3850 4547 αὐτοί·

2253 4592 2464 4664 μᾶλλον
2525 4589 2582 4646 δῖε
2639 4593 2726 4646 καὶ
2770 4593 2934 4665 χάριν
2974 4592 3137 4655 αὐτὸς
3193 4589 3300 4645 ο⁹ίει
3359 4587 3671 4664 λαμϐάνειν,
3719 4581 3857 4656 χάριν

2497 3431 2586 3484 καὶ
2643 3428 2798 3490 αότὸς
2854 3429 2952 3483 οὐκ
3009 3430 3070 3483 ἃν
3127 3424 3280 3506 ἔχοις
3324 3431 3521 3485 σαυτὸν
3549 3428 3863 3503 ἀρνηθῆναι*

498 4677 808 4738 rationem,
843 4675 964 4730 sive
995 4693 1106 4746 quo
1165 4677 1278 4732 alio
1340 4678 1630 4751 quispiam
1678 4681 1929 4752 appellet
1971 4701 2137 4740 voca-

2256 4682 2450 4758 ἕτέροις
2511 4678 2728 4742 διδούς⁹
2791 4682 2937 4735 ταῦτ’
2985 4677 3086 4753 ἄρα
3143 4685 3310 4735 ταῦτα
3365 4680 3453 4734 καὶ
3513 4678 3712 4746 νύκτωρ
3741 4673 3854 4724 επα-

498 4765 960 4835 bulo,quoddam
976 4767 1141 4836 quasi
1176 4768 1469 4838 specimen
1505 4770 1751 4840 virtutis,
1794 4771 2140 4828 honestissi-

501 4869 719 4924 maaque
751 4853 929 4908 animi
961 4855 1297 4910 ambitionis
1329 4860 1526 4927 ratus;
1554 4874 1667 4913 non
1698 4859 1841 4916 bene
1871 4860 2043 4916 modo
2069 4863 2138 4917 de

499 4941 808 5009 universis,
841 4946 1014 5012 atque
1045 4941 1203 4998 nullo
1237 4960 1352 5000 non
1387 4949 1648 5017 tempore
1695 4949 1960 5018 mereris,
1985 4948 2142 5006 velut

498 5036 793 5087 certamen
834 5048 967 5087 cum
998 5033 1445 5092 necessitatibus
1500 5036 1965 5110 uniuscujusque
1994 5057 2143 5096 sua-

497 5118 740 5191 cipiens,
773 5136 1091 5194 omnesque
1122 5121 1180 5177 in
1214 5138 1280 5180 eo
1311 5141 1519 5181 nervos
1568 5129 1698 5181 tuos
1757 5129 2138 5197 contendens,

499 5226 572 5264 ne
610 5212 742 5281 quis
808 5210 1110 5269 homnium
1163 5215 1452 5283 omnium,
1505 5233 1852 5289 quocunque
1900 5221 2139 5276 tandem

502 5303 696 5368 modo,
750 5318 810 5358 re
864 5305 1139 5376 quapiam
1195 5305 1308 5362 ulla
1382 5307 1658 5378 privetur,
1717 5326 1914 5365 verum
1964 5312 2140 5366 etiam

504 5392 715 5461 gaudio
747 5393 1027 5462 exsultas,
1064 5397 1204 5451 dum
1238 5395 1576 5454 beneﬁcium
1627 5399 1834 5455 tribuis
1871 5417 1884 5454 :
1918 5405 1975 5455 et
2031 5401 2140 5456 hoc

502 5478 688 5534 multo
721 5480 964 5549 majore,
997 5499 1169 5552 quam
1204 5483 1289 5538 illi
1347 5486 1462 5556 ipsi
1512 5487 1609 5557 qui
1658 5488 1989 5560 accipiunt;
2023 5490 2140 5546 imo

497 5582 637 5624 vero
662 5573 787 5624 tum
809 5570 1153 5628 beneficium
1172 5577 1544 5648 temetipsum
1567 5579 1828 5650 accipere
1849 5585 2139 5648 autumas,

503 5672 630 5713 cum
664 5657 793 5714 aliis
825 5657 949 5714 das.
984 5662 1143 5717 Hanc
1186 5663 1383 5735 igitur;
1416 5665 1587 5728 hanc,
1615 5667 1876 5739 inquam,
1908 5669 1980 5728 ob
2010 5686 2138 5727 cau-

2250 4776 2525 4846 γρυπνεῖς,
2583 4771 2674 4825 καὶ
2735 4771 2851 4842 μεθ’
2909 4769 3118 4840 ἡμέραν
3191 4769 3518 4842 φροντίζεις,
3573 4765 3696 4834 ὑπὲρ
3772 4757 3853 4846 τοῖξ

2252 4866 2435 4915 κοινοῦ
2502 4859 2846 4936 γιγνομένου,
2910 4856 3136 4932 βουλαῖς
3203 4854 3335 4934 ἔργα
3391 4842 3852 4936 προστιθείςξικαῖ

2249 4953 2422 5005 πάντα
2468 4929 2634 5004 πόνον
2689 4949 2868 5028 ιρέρεις
2913 4944 3090 5016 ἡδέως
3115 4969 3128 4980 ο
3160 4947 3245 5024 ἔφ’
3275 4947 3320 5018 ᾧ
3367 4951 3485 5009 τοῖς
3512 4942 3694 5001 ἄλλοις
3721 4929 3846 4990 ἔσται

2255 5040 2456 5115 βελτίω
2512 5040 2578 5094 τὰ
2633 5039 2952 5113 πράγματα,
3009 5036 3097 5091 καὶ
3146 5041 3250 5097 π’ἄς
3325 5057 3405 5098 τις
3477 5032 3700 5103 τεύξεται
3759 5032 3848 5076 τῶν

2251 5127 2496 5188 δικαίων,
2528 5131 2688 5182 ’Ώστε
2719 5129 2808 5182 καὶ
2864 5125 2913 5180 εί
2963 5123 3133 5200 μηδὲν
3167 5126 3380 5180 πώποθ’
3410 5127 3553 5197 ἡμᾶς
3585 5119 3636 5176 εὖ
3667 5115 3848 5200 ποῆσξίῗ

2250 5219 2558 5294 ἐτύγχανες,
2621 5215 2747 5290 μήδ’
2806 5219 3126 5285 ἡστινοσοῦν
3204 5216 3432 5284 ἀξιώσας
3488 5207 3748 5288 προνοίας,
3801 5197 3843 5300 ἐξ

2251 5307 2353 5382 ἄρα
2417 5308 2582 5381 μόνου
2634 5311 2731 5361 τοῦ
2781 5312 2909 5360 πᾶσι
2941 5305 3137 5365 παντὸς
3166 5301 3343 5358 καλοῦ
3373 5303 3674 5377 πρυτανεῖον
3725 5303 3846 5382 παρα

2250 5397 2404 5452 πάντ’
2433 5395 2564 5450 εἶναί
2616 5417 2672 5450 σε
2710 5395 2800 5448 τὸν
2853 5394 3075 5472 χρόνον,
3108 5393 3251 5454 εἰκὸς
3301 5390 3359 5446 ἂν
3406 5393 3471 5460 ἦν
3504 5388 3688 5458 δήπου,
3719 5374 3844 5472 μᾶλ·

2251 5486 2346 5542 λον
2405 5483 2460 5539 δὲ
2515 5489 2659 5540 πᾶσα
2709 5483 2934 5560 ἀνάγκη,
2987 5487 3092 5536 τῶν
3152 5481 3255 5536 ὑπὸ
3315 5484 3410 5535 σοῦ
3467 5467 3843 5566 κεκοσμημένωξ

2249 5576 2337 5631 καὶ
2395 5577 2542 5647 ἡμᾶς
2598 5575 2954 5650 γεγενῆσθαι·
3027 5571 3102 5632 ὡς
3160 5567 3244 5639 ἂν,
3289 5571 3364 5642 μὴ
3425 5572 3531 5622 τῶν
3585 5559 3750 5617 ἄλλων
3798 5569 3842 5602 ευ

2249 5665 2480 5742 πάσχειν
2538 5660 2833 5744 λεγόντων,
2869 5662 3026 5738 μόνοι
3082 5663 3188 5714 τῶν
3248 5660 3498 5714 ἁπάντων
3555 5650 3838 5725 ἣσιγῶμενι
