4062 6308
257 402 381 462 421

1763 395 2189 460 ΕΡΙΞΤΟΙΛΕ.

3561 403 3683 464 422

257 537 296 605 ἢ
329 529 696 607 ψευδώμεθα·
733 528 794 583 οὗ
826 529 928 604 γὰρ
977 521 1140 581 ἔνεστ’
1189 525 1378 586 ἄλλως
1420 523 1911 599 παρρησιάζεσθαι,

2051 549 2180 601 ιεω,
2220 539 2276 590 et
2315 537 2515 590 noctes
2562 533 2872 590 insomnes
2910 535 3098 602 ducis,
3139 542 3192 591 et
3240 536 3363 591 dies
3413 539 3561 592 totos
3615 538 3686 592 de

257 622 478 677 πάντων
529 617 752 673 εἰδότων
800 617 896 684 τὴν
958 616 1054 682 σὴν
1103 613 1297 684 δεξιάν.
1331 615 1461 670 ’Ότε
1513 610 1559 666 δ’
1588 613 1639 667 ἐν
1671 613 1907 676 πολλοῖς

259 711 541 771 πολλάκις
592 716 691 779 τῆς
741 708 839 775 σῆς
884 708 1072 784 χειρός
1118 727 1176 760 τε
1233 705 1322 760 καὶ
1372 706 1599 781 γνώμης
1638 707 1725 760 καὶ
1783 703 1914 777 μάλ’

259 799 706 860 ἀπολελαυκότες
764 799 949 870 ἡμεῖς,
998 796 1088 850 καὶ
1164 791 1280 849 οὔτ’
1337 793 1496 854 αὐτὸς
1566 791 1916 864 ἐπιλέλησαι,

262 894 409 963 ἡμῖν
469 890 515 942 θ’
582 889 727 942 οὕτω
785 885 854 941 δι’
909 885 1158 961 εὐφήμου
1221 885 1372 938 ταῦτ’
1429 881 1613 958 ἐίγεται
1667 885 1916 957 μνήμης,

267 980 404 1034 ὥσθ’
437 980 518 1033 ὅτι
581 980 656 1051 μὴ
718 977 806 1030 καὶ
861 981 970 1030 τῶν
1002 977 1246 1048 Ὀμήρου
1307 975 1590 1045 στομάτων
1652 974 1916 1049 εὐποροῦ-

269 1091 401 1142 μεν,
430 1067 734 1143 ἆλγοῦμεν,
766 1062 998 1135 εὔδηλον
1051 1064 1124 1124 ὡς
1175 1063 1271 1119 κάν
1321 1068 1400 1135 τῷ
1433 1065 1662 1135 παρόντι
1697 1065 1916 1137 μιμήσῃ

267 1157 495 1228 σαυτὸν,
561 1155 652 1210 καὶ
717 1159 835 1216 τοῖς
907 1153 1092 1215 αὐτοῖς
1171 1155 1360 1227 χρήσῃ
1435 1152 1572 1226 πρὸς
1631 1152 1920 1226 ἄνθρωπον

268 1245 553 1304 πολλάκις
630 1246 724 1317 μέν
787 1241 840 1297 έν
900 1248 1016 1304 τοῖς
1082 1247 1197 1303 σοῖς
1250 1241 1580 1314 Ὀλυμπίοις
1649 1246 1923 1316 κραταιῶς

267 1333 575 1402 ἀποδόντα,
605 1333 695 1387 καὶ
728 1330 816 1386 διὰ
847 1330 1061 1386 πάντων
1105 1329 1541 1410 ἐστεφανωμένον
1575 1336 1684 1386 τῶν
1719 1330 1926 1398 ἄθλων,

267 1423 553 1485 πολλάκις
604 1422 650 1477 δ’
681 1423 812 1496 ὑπὲρ
863 1424 958 1475 σοῦ
1001 1421 1086 1474 καὶ
1138 1425 1244 1474 τῶν
1295 1424 1402 1476 σῶν
1436 1421 1628 1494 χείρας
1659 1421 1734 1482 εἰς
1765 1420 1925 1494 οὖρα-

266 1515 404 1575 νοὺς
459 1511 678 1586 ἄραντα,
723 1509 935 1584 μᾶλλον
995 1507 1041 1564 δ’
1073 1508 1276 1585 α’ίροντ’
1334 1509 1461 1578 nisi,
1520 1511 1612 1564 καὶ
1669 1511 1928 1584 συνευχό-

275 1626 443 1677 μενον
489 1604 642 1658 πάντ³
701 1602 898 1656 ἐκεῖθεν
961 1602 1028 1655 τά
1099 1601 1147 1673 γ’
1199 1598 1408 1675 ἄριστα.
1465 1599 1814 1675 Συναίρονται
1875 1598 1930 1654 δέ

277 1714 383 1765 μοι
412 1691 640 1745 τουτωνὶ
679 1694 786 1744 τῶν
834 1687 1008 1763 εὗχῶν
1050 1693 1214 1741 πᾶσαι
1269 1688 1362 1759 μὲν
1413 1687 1627 1758 πόλεις,
1660 1688 1850 1748 πάντες
1884 1683 1932 1740 δ’

272 1783 584 1851 ἅνθρωποι.
620 1785 753 1833 Πᾶσι
802 1778 908 1852 γὰρ
957 1775 1022 1846 δὴ
1069 1780 1176 1831 τῶν
1225 1781 1332 1831 σῶν
1386 1776 1560 1849 μέλει,
1593 1777 1684 1831 καὶ
1715 1777 1930 1831 πάντων

2025 621 2212 678 salute
2245 624 2580 693 reipublicae
2622 628 2814 679 tecum
2862 626 3298 691 commentaris,
3330 625 3500 681 simul
3527 626 3685 681 curis

2024 711 2528 784 consiliisquetuis
2553 731 2733 785 opera
2749 715 3100 786 adjungens,
3123 731 3475 786 omnemque
3496 713 3688 770 liben-

2025 805 2109 856 ter
2143 803 2359 873 perfers
2393 803 2671 871 laborem,
2703 820 2818 874 quo
2853 802 3196 859 meliuscule
3235 820 3329 860 res
3378 803 3508 859 aliis
3549 821 3686 874 pro-

2027 890 2236 944 cedant
2269 896 2326 946 et
2357 892 2604 962 quisque
2632 893 2732 960 jus
2765 907 2937 947 suum
2988 897 3403 962 consequatur.
3435 893 3590 947 Adeo
3625 897 3688 947 ut

2029 979 2076 1033 si
2116 979 2207 1034 vel
2247 979 2472 1035 nullum
2489 996 2749 1052 unquam
2766 981 3160 1052 separatimin
3199 997 3305 1036 nos
3339 980 3688 1037 contulisses

2028 1066 2395 1135 beneficium,
2425 1084 2612 1140 neque
2645 1069 2766 1124 ulla
2795 1069 2972 1141 plane
3005 1086 3147 1124 cura
3177 1069 3686 1142 providentiasque

2029 1159 2130 1211 tua
2159 1149 2430 1229 dignatus
2467 1158 2695 1226 fuisses,
2740 1158 2826 1214 vel
2875 1159 2983 1214 hoc
3024 1159 3148 1215 solo
3189 1164 3380 1214 tamen
3424 1161 3684 1228 nomine,

2037 1247 2188 1314 quod
2207 1246 2367 1302 omni
2383 1248 2821 1319 tempore,boni
2855 1248 3072 1314 omnis,
3099 1248 3397 1320 publicum
3412 1249 3688 1305 omnibus

2036 1337 2307 1394 mrarium
2368 1352 2452 1404 es,
2494 1353 2716 1409 inquam
2779 1337 3068 1404 videlicet,
3099 1337 3219 1393 sive
3259 1337 3451 1408 potius
3514 1338 3687 1409 plane

2037 1426 2430 1483 necessarium
2461 1427 2666 1492 fuerat,
2704 1435 2762 1482 ut
2791 1427 2957 1482 deiis
2989 1428 3089 1498 qui
3133 1427 3236 1482 abs
3283 1433 3335 1481 te
3366 1427 3547 1497 adjuti
3589 1445 3686 1483 or-

2037 1517 2272 1586 natique
2313 1514 2574 1583 fuissent,
2603 1533 2706 1571 nos
2763 1517 2941 1570 etiam
2993 1531 3303 1570 essemus:
3344 1532 3415 1571 ne
3474 1514 3692 1570 scilicet

2040 1608 2178 1662 dum
2214 1614 2313 1660 tua
2333 1620 2471 1676 erga
2532 1621 2662 1660 sese
2717 1604 2817 1660 alii
2881 1609 3339 1660 commemorant
3394 1604 3694 1674 beneﬁcia,

2041 1694 2149 1748 soli
2183 1694 2336 1748 inter
2368 1709 2573 1748 omnes
2602 1710 2707 1748 nos
2731 1698 2838 1749 aut
2893 1694 3381 1761 obmutescamus,
3409 1698 3510 1748 aut
3547 1694 3695 1749 falsa

2039 1789 2097 1840 et
2121 1783 2375 1840 conficta
2405 1781 2735 1838 efferamus.
2760 1783 2959 1853 Neque
2989 1783 3145 1837 enim
3190 1781 3356 1838 aliter
3385 1783 3580 1854 palam
3641 1792 3696 1837 et

274 1893 344 1948 γε
400 1870 522 1924 σοί’
554 1868 638 1923 σοὶ
702 1869 794 1940 μέν
856 1867 1004 1928 ὅπως
1063 1866 1119 1920 εὗ
1177 1866 1487 1941 πράττοιεν,
1518 1872 1637 1928 τοῖς
1687 1864 1733 1920 δ’
1783 1867 1931 1928 ὅπως

2051 1878 2237 1945 aperte
2261 1873 2366 1928 hoc
2398 1871 2563 1926 nobis
2613 1872 2871 1943 profiteri
2931 1871 3246 1943 integrum,
3278 1871 3510 1940 quando
3569 1888 3695 1942 per-

275 1961 332 2022 ἐς
395 1961 657 2032 μήκιστον
707 1957 831 2010 ὅσον
882 1953 1206 2029 ἐρρωμένως
1269 1957 1482 2029 βιῴης⁶
1532 1955 1675 2012 οὕτω
1722 1956 1822 2032 γὰρ
1873 1954 1934 2010 ἂν

276 2049 379 2105 καὶ
405 2050 476 2103 τὰ
504 2047 709 2123 σφέτερ’
739 2046 914 2100 αὐτῶν
957 2047 1031 2107 ὡς
1087 2044 1357 2100 κάλλιστα
1405 2042 1574 2121 ἔχειν,
1608 2047 1682 2106 ὡς
1727 2047 1788 2100 τὸ
1843 2047 1939 2119 μέν

281 2137 384 2192 διὰ
438 2133 631 2197 τέλους
678 2133 941 2210 ἐρῥῶσθαι
984 2133 1068 2187 σοὶ
1117 2133 1264 2205 μάλα
1310 2140 1607 2208 προσῆκον,
1642 2133 1820 2196 αὐτοῖς
1879 2132 1935 2188 δὲ

275 2227 391 2294 τήν
424 2225 627 2298 ἀγαθὴν
663 2223 864 2296 τύχην,
898 2221 997 2276 οὐκ
1033 2221 1092 2276 ἂν
1134 2221 1320 2284 ἄλλως
1372 2222 1552 2278 οὖσαν.
1585 2222 1724 2279 Εἶεν.
1760 2221 1932 2278 Ἀλλὰ

285 2318 402 2390 γὰρ
452 2313 536 2366 ὅτι
587 2313 680 2385 μὶν
729 2313 866 2386 ἡμῖν
916 2312 1055 2366 ἐσαεὶ
1109 2313 1388 2386 πρόθυμος
1419 2311 1538 2386 ἔσῃ,
1567 2311 1755 2367 καὶτὰ
1803 2311 1931 2386 βέλ-

285 2404 436 2461 τισθ’
478 2402 699 2474 αἱρήσῃ,
757 2401 846 2455 καὶ
897 2405 1065 2474 τιμῆς
1115 2400 1382 2472 ἀξιώσεις,
1431 2402 1521 2456 καὶ
1578 2403 1751 2456 πάντα
1795 2408 1938 2475 πρά-

285 2498 402 2566 ξεις
451 2490 628 2560 ἡδέως
678 2491 712 2544 ’ἁ
755 2511 813 2544 τε
861 2484 1031 2560 ἔξεστι
1070 2490 1158 2544 καὶ
1193 2487 1385 2544 δίδωσι
1414 2491 1477 2545 τὸ
1528 2488 1720 2564 χρείας
1750 2490 1938 2550 ἑστὼς.

285 2584 387 2636 καὶ
439 2578 590 2653 μάλα
649 2578 917 2652 λαμπρῶς
961 2576 1103 2644 οἶδα,
1136 2582 1241 2633 τῶν
1291 2601 1348 2634 τε
1388 2578 1575 2634 ἄλλων
1626 2577 1816 2646 ε’ίνεκα,
1849 2578 1939 2634 καὶ

289 2672 384 2725 ὅτι
440 2670 669 2744 πρόσθεν
719 2670 866 2723 κάτω
922 2675 1025 2740 γῆς
1084 2667 1213 2722 εἶσιν
1276 2666 1464 2743 ἄστρα,
1511 2672 1582 2742 γῆ
1639 2669 1686 2723 τ’
1745 2666 1937 2723 ἄνεισιν

297 2761 380 2822 εἷς
406 2758 611 2832 αἰθέρα,
645 2758 777 2835 φησί
807 2759 1066 2827 ποιητὴς,
1099 2759 1225 2832 πρὶν
1281 2759 1356 2830 μὴ
1409 2759 1555 2834 παρὰ
1604 2762 1699 2812 σοῦ
1750 2764 1936 2832 τυχεῖν

305 2850 380 2902 ὢν
413 2849 469 2900 ἄν
499 2869 578 2910 τις
611 2846 819 2918 δέηται,
854 2849 911 2909 ὅς
943 2868 1005 2922 γε
1041 2848 1130 2901 καὶ
1175 2844 1344 2920 μηδὲν
1386 2845 1619 2917 δεηθεῖσι
1670 2847 1941 2910 πολλάκις

605 2937 697 2991 καὶ
794 2934 1076 3005 δεηθέντας
1156 2938 1418 3008 μειζόνων
1497 2939 1755 3006 ἠξίωσας.
1840 2936 1939 2991 Καὶ

305 3028 448 3080 τοῦθ’
497 3028 567 3087 ὡς
615 3026 840 3096 ἀληθῶς
889 3047 972 3080 σοι
1016 3027 1312 3101 πρόσρημα
1370 3025 1518 3080 πολὺ
1562 3025 1790 3082 κάλλιον
1850 3026 1940 3080 καὶ

290 3118 638 3191 σεμνότερον,
666 3117 742 3176 ὡς
799 3114 1034 3189 ἐγῷμαι,
1061 3117 1258 3180 παντὸς
1306 3115 1366 3170 ἃν
1402 3115 1532 3171 ὅτου
1570 3118 1657 3171 καὶ
1703 3119 1898 3192 φήσαις
1924 3133 1938 3148 ⁸

293 3203 514 3260 δέδοικα
567 3205 770 3276 μέντοι,
805 3201 1042 3275 δέδοικα,
1064 3205 1154 3259 καὶ
1211 3204 1345 3268 ἴσως
1405 3205 1612 3266 εἰκότος
1673 3206 1771 3260 οὐκ
1817 3202 1940 3274 ἔξω,

309 2934 523 3006 ἔδωκας,

296 3297 379 3369 μή
435 3293 678 3369 μεγάλας
745 3294 999 3368 πεφυκὼς
1059 3290 1264 3348 διδόναι
1318 3296 1568 3370 χάριτος,
1604 3291 1786 3349 ἔπειτα
1842 3296 1940 3363 τὴν
1972 3272 2015 3338 C

288 3385 409 3438 νυνὶ
453 3383 655 3452 ταύτην
696 3385 926 3457 σμικράν
976 3403 1034 3436 τε
1081 3383 1172 3436 καὶ
1222 3383 1515 3457 παραπολὺ
1543 3392 1644 3451 τῆς
1695 3391 1792 3453 σῆς
1847 3404 1944 3456 με-

289 3470 647 3548 γαλοψυχίῃς
677 3472 930 3544 νομίσας,
963 3470 998 3539 ἢ
1029 3472 1267 3544 καθάπαξ
1321 3473 1382 3527 οὐ
1433 3470 1564 3544 δῷς,
1597 3474 1629 3543 ἢ
1665 3473 1800 3545 ἐμοῦ
1846 3493 1943 3526 κα-

290 3561 630 3637 tat-{v6.1ng
682 3561 742 3614 οὐ
798 3560 923 3634 περὶ
973 3565 1068 3615 σοῦ
1125 3560 1191 3616 τὰ
1246 3567 1591 3635 προσήκοντα
1620 3559 1945 3633 διανοουμέ-

501 3651 514 3670 ν
555 3647 596 3666 Α·
655 3672 666 3680 _
729 3649 743 3670 ς
864 3653 889 3664 ~
931 3652 944 3672 ν
1173 3647 1197 3668 ἢ
1231 3649 1286 3670 ιιι
1508 3650 1521 3668 \
1602 3655 1625 3665 ..
1766 3652 1778 3670 ρ
1878 3656 1904 3665 ..

292 3673 418 3709 νου.
456 3657 517 3706 Et
552 3669 609 3704 οε
657 3671 745 3704 και
793 3670 924 3704 ταυτ
976 3649 1129 3704 οἶσθα
1171 3669 1403 3719 οιοοναι,
1435 3673 1522 3705 και
1556 3672 1714 3704 πασιν
1756 3650 1946 3712 απλως

291 3741 700 3817 ἐγχειρεῖηκαὶ
752 3742 779 3793 ὁ
827 3739 1147 3802 καλλίνικος
1199 3743 1332 3814 ἡμῖν
1384 3741 1660 3815 Ἡρακλῆς
1706 3740 1948 3815 πάρεργα

290 3835 407 3886 τῶν
472 3831 739 3905 μεγίστων
809 3828 989 3884 ἄθλων
1061 3827 1201 3885 ἔστιν
1257 3830 1289 3884 ἃ
1345 3836 1752 3904 κατεργάζεται,
1812 3828 1948 3903 θαρ-

296 3922 416 3994 ῥεῖν
473 3916 572 3974 δεῖ.
625 3920 852 3974 Μᾶλλον
907 3916 966 3973 δὲ
1015 3920 1060 3973 εἰ
1118 3917 1308 3982 δώσεις
1372 3920 1630 3993 ἑτοίμως,
1689 3923 1833 3991 ἡμᾶς
1889 3941 1947 3974 τε

298 4007 494 4078 δείξεις
524 4006 586 4062 οὐ
615 4006 798 4069 καλῶς
831 4007 1136 4080 οἰομένους,
1169 4009 1357 4063 σαυτὸν
1407 4007 1464 4063 δὲ
1511 4013 1628 4069 πῶς
1679 4007 1779 4062 ο⁹ίει
1819 4029 1945 4062 κοσ-

303 4099 526 4168 μήσεις,
559 4097 620 4150 οὗ
657 4095 819 4168 μόνον
852 4101 931 4167 τῷ
973 4097 1184 4172 μεγάλα
1229 4099 1320 4152 καὶ
1371 4099 1651 4169 θαυμαστὰ
1695 4098 1944 4171 πράττειν

302 4187 584 4255 δύνασθαι,
615 4187 700 4241 καὶ
761 4186 1033 4263 στεφάνων
1085 4187 1174 4242 καὶ
1225 4191 1588 4262 κηρυγμάτων
1638 4187 1950 4257 Ξίξια,ἀλλὰ

300 4276 397 4332 καί
445 4280 524 4346 τῷ
572 4281 823 4349 σμικροῖς
857 4272 1054 4330 εἰδέναι
1112 4274 1316 4331 διδόναι
1363 4279 1498 4332 κατὰ
1542 4279 1726 4350 καιρὸν
1781 4276 1949 4330 ἐπιει-

301 4364 452 4426 κείας
488 4359 769 4437 ὑπερϐολῇ
799 4383 812 4396 ⁸
846 4363 892 4418 εἷ
944 4367 1021 4438 μὴ
1071 4365 1160 4418 καὶ
1204 4371 1364 4420 τοῦτο
1407 4365 1608 4440 τρόπον
1635 4363 1840 4439 ἕτερον,
1873 4367 1947 4426 ὡς

301 4453 480 4528 ἔγωγε
538 4453 712 4525 οἶμαι,
776 4451 1164 4528 μεγαλοψυχίᾳ
1221 4476 1303 4516 τις
1365 4454 1638 4531 λογιοῖτο,
1685 4456 1746 4508 τὸ
1809 4452 1950 4525 μηδὲ

300 4547 414 4598 τῶν
471 4542 611 4596 πάνυ
673 4539 976 4596 δοκούντων
1035 4540 1340 4616 ἐλαχίστων
1392 4544 1675 4618 ὑπερορᾷν.
1710 4545 1832 4599 "Ott
1893 4541 1950 4597 δὲ

2046 1963 2412 2036 spectissima
2441 1961 2713 2018 omnibus
2744 1961 2946 2016 dextra
2992 1960 3257 2031 fidesque
3305 1965 3404 2015 tua
3449 1965 3556 2016 est.
3586 1960 3695 2017 Ve-

2049 2069 2179 2108 rum
2235 2052 2392 2108 enim
2449 2066 2582 2106 vero
2641 2065 2769 2107 cum
2816 2065 3210 2122 sepenumero
3261 2049 3578 2120 multisque
3634 2049 3695 2106 in

2051 2144 2236 2208 rebus,
2271 2158 2482 2196 manus
2527 2141 2850 2210 mentisque
2907 2143 3022 2194 tua:
3072 2137 3395 2193 maximum
3444 2139 3694 2194 antehac

2051 2233 2306 2287 fructum
2356 2246 2613 2300 cepmus,
2665 2230 2818 2300 quod
2889 2245 3072 2299 neque
3121 2228 3224 2282 tibi
3288 2227 3397 2298 ipsi
3448 2227 3692 2295 excidit,

2053 2319 2220 2375 nobis
2249 2335 2379 2373 vero
2412 2333 2594 2388 usque
2626 2319 2768 2372 adeo
2811 2318 3117 2388 magnifice
3171 2316 3291 2372 haec
3334 2332 3694 2372 commemo-

2051 2411 2255 2462 rantur
2285 2406 2783 2477 celebranturque,
2807 2411 2864 2460 ut
2894 2422 2962 2461 ex
2989 2406 3182 2461 animo
3205 2405 3510 2473 doleamus,
3543 2407 3693 2461 dena

2053 2495 2154 2551 illa
2200 2513 2299 2552 ora
2355 2496 2657 2552 Homerica
2710 2497 2754 2565 (Ι
2777 2492 2832 2548 λ.
2866 2496 2938 2550 B’.
2979 2495 3101 2566 189)
3133 2496 3300 2550 nobis
3331 2511 3441 2550 non
3474 2511 3690 2567 suppe-

2051 2591 2190 2641 tere.
2218 2585 2362 2640 llinc
2405 2589 2557 2656 patet
2605 2601 2768 2650 sane,
2799 2584 2974 2639 etiam
3025 2584 3133 2639 hoc
3180 2587 3436 2656 tempore
3493 2584 3578 2638 tui
3637 2587 3691 2638 te

2053 2675 2240 2748 ipsius
2271 2676 2622 2730 imitatorem
2659 2675 2800 2738 fore,
2823 2675 3146 2746 eademque
3197 2691 3327 2744 erga
3392 2674 3690 2728 hominem

2052 2782 2296 2822 usurum
2329 2763 2747 2832 benevolentia,
2780 2765 2878 2834 qui
2913 2765 3026 2818 tuis
3055 2763 3264 2836 saepius
3290 2763 3350 2819 in
3391 2763 3690 2835 Olympiis,

2052 2857 2214 2911 omni
2262 2855 2470 2910 virium
2521 2854 2786 2920 connisu,
2826 2860 2984 2910 veste
3023 2854 3208 2923 posita
3253 2853 3580 2919 decertarit,
3624 2853 3696 2908 do

2053 2945 2443 3014 omnibusque
2483 2943 2900 2998 certaminibus
2931 2958 3142 2998 corona
3184 2942 3433 2997 donatus
3482 2941 3648 2996 fuerit
3682 2957 3694 3006 ;

2053 3035 2152 3107 qui
2184 3034 2517 3105 frequenter
2547 3033 2682 3088 item
2715 3037 2814 3087 tua
2835 3037 3188 3103 tuorumque
3205 3031 3410 3102 gratia,
3434 3030 3700 3101 geminas

2053 3125 2124 3179 ad
2155 3124 2367 3180 omium
2401 3123 2624 3195 palmas
2663 3121 2958 3188 extulerit,
2981 3122 3101 3176 sive
3160 3120 3399 3188 rectius,
3423 3124 3700 3190 perpetuo

2055 3210 2310 3278 extollat,
2345 3217 2519 3282 atque
2549 3211 2772 3281 optima
2805 3210 2937 3264 inde
2968 3208 3166 3264 omnia
3195 3207 3339 3263 votis
3379 3207 3502 3262 suis
3532 3206 3702 3261 efﬂa-

2055 3303 2213 3372 gitet.
2255 3301 2477 3366 Quibus
2527 3298 2920 3370 suscipiendis
2957 3298 3506 3368 nuncupandisque,
3566 3311 3701 3349 suas

2053 3404 2279 3444 mecum
2347 3404 2573 3460 operas,
2601 3404 2732 3443 cum
2776 3387 2953 3442 urbes
2993 3403 3214 3452 omnes,
3252 3390 3374 3439 tum
3429 3382 3701 3439 mortales

2055 3480 2226 3533 etiam
2260 3495 2464 3534 omnes
2497 3479 2772 3548 jungunt.
2807 3479 2889 3532 ita
2919 3476 3072 3531 enim
3099 3491 3248 3530 cura
3286 3473 3562 3530 omnibus
3604 3477 3706 3527 tua

2055 3572 2212 3631 sunt,
2237 3571 2301 3621 ut
2330 3567 2436 3622 tibi
2458 3565 2724 3621 omnium
2779 3581 2912 3620 cura
2944 3570 3066 3632 est;
3096 3564 3200 3618 tibi
3250 3563 3553 3629 nimirum,
3586 3577 3701 3632 quo

2055 3652 2138 3708 illi
2179 3669 2457 3724 prospera
2495 3662 2548 3707 et
2581 3653 2820 3708 ﬂorente
2861 3653 3089 3707 fortuna
3134 3651 3273 3717 sint,
3298 3649 3414 3704 illis
3460 3664 3591 3704 vero
3634 3653 3702 3703 ut

2056 3747 2115 3797 tu
2150 3758 2323 3812 quam
2354 3741 2758 3814 longissimum
2792 3741 2893 3795 sivi
2924 3741 3177 3812 spatium
3204 3739 3398 3794 salvus
3446 3750 3497 3794 et
3532 3739 3698 3793 inco-

2055 3830 2232 3886 lumis
2263 3830 2565 3898 conficias;
2599 3830 2675 3885 ita
2699 3830 2856 3885 enim
2909 3845 3045 3884 suas
3096 3829 3263 3884 etiam
3306 3829 3428 3883 loco
3480 3829 3702 3898 optimo

2059 3937 2149 3976 res
2171 3921 2415 3975 futuras.
2441 3920 2724 3984 Quoniam
2762 3925 2819 3974 et
2858 3924 2913 3974 te
2945 3919 3201 3974 secundo
3240 3918 3371 3972 vitae
3428 3917 3704 3972 valetudi-

2059 4011 2265 4080 nisque
2301 4027 2474 4064 cursu
2529 4014 2806 4080 perpetuo
2867 4007 3089 4075 ﬂorere,
3130 4007 3299 4079 plane
3357 4008 3594 4062 deceat:
3645 4011 3703 4062 et

2058 4101 2203 4168 ipsis
2235 4099 2388 4154 haud
2420 4098 2588 4153 aliter
2609 4098 2920 4153 fortunatis
2953 4097 3342 4170 felicibusque
3391 4114 3519 4153 esse
3562 4114 3702 4153 con-

2058 4190 2263 4260 tingat.
2286 4189 2394 4244 Sed
2421 4189 2536 4244 sint
2565 4189 2676 4243 ista
2695 4204 2852 4243 sane.
2886 4187 2962 4242 Te
2996 4204 3128 4242 vero
3163 4188 3356 4259 ipsum
3407 4187 3704 4258 singulari

2057 4294 2285 4349 semper
2310 4294 2447 4348 erga
2475 4295 2563 4332 me
2599 4277 2892 4333 voluntate
2959 4278 3097 4348 fore,
3140 4278 3398 4348 meisque
3441 4277 3694 4333 fortunis

2059 4385 2124 4424 ac
2153 4369 2495 4436 commodis,
2528 4383 2664 4423 mea
2697 4367 2987 4437 dignitati,
3025 4371 3229 4438 sponte
3262 4372 3362 4421 tua
3393 4367 3696 4422 consultu-

2058 4473 2212 4524 rum,
2245 4473 2426 4527 eaque
2457 4458 2657 4513 omnia
2689 4457 2937 4512 libenter
2985 4461 3276 4523 acturum,
3309 4472 3438 4526 quis
3487 4454 3700 4530 poteris

2059 4562 2310 4616 cunque,
2344 4563 2585 4616 quaeque
2625 4563 2880 4618 prasens
2916 4563 3060 4601 usus
3102 4562 3168 4601 ac
3212 4545 3528 4600 necessitas
3573 4561 3702 4615 per-

302 4633 516 4687 τοιαῦτ³
571 4626 714 4685 ἔστιν
762 4632 796 4685 ’ἁ
843 4635 931 4684 νῦν
989 4630 1424 4707 ἐπαγγέλλομεν,
1473 4633 1562 4688 καὶ
1613 4633 1674 4688 οὐ
1733 4637 1798 4688 σά
1841 4630 1935 4688 οὐδ

2065 4637 2273 4702 mittet,
2308 4635 2364 4690 id
2399 4636 2859 4692 luculentissima
2901 4643 3261 4706 compertum
3314 4634 3534 4700 habeo;
3569 4649 3702 4688 cum

307 4723 383 4776 ὧν
444 4722 698 4776 ἑκάστοτε
757 4722 1030 4795 πράττεις,
1090 4719 1238 4777 ἀλλὰ
1292 4727 1382 4777 καὶ
1438 4726 1766 4778 παντάπασιν
1827 4725 1956 4778 ἀπε-

307 4809 606 4882 ληλάμενα
634 4816 736 4879 τῆς
771 4810 1020 4885 μεγάλης
1059 4811 1288 4881 ταυτησί
1341 4819 1578 4890 στροφῆς
1623 4817 1729 4867 τῶν
1782 4834 1954 4886 πραγ-

313 4900 529 4973 μάτων,
563 4896 728 4968 δῆκον
760 4895 821 4952 ἔκ
869 4920 926 4952 τε
972 4900 1044 4953 ὧν
1096 4900 1221 4974 περῖ
1255 4898 1436 4962 αὐτοῖς
1469 4901 1683 4962 τούτοις
1717 4900 1954 4972 δέδιμεν,

310 4984 374 5043 ἔκ
426 5008 487 5042 τε
544 4989 618 5041 ὧν
677 4987 1105 5062 παραιτούμεθα,
1136 4991 1198 5043 τὸ
1249 4989 1366 5062 μὲν,
1404 4991 1479 5062 μὴ
1514 4988 1614 5063 ἄρα
1646 4992 1708 5044 οὐ
1742 4989 1954 5056 δώσεις,

311 5077 520 5138 εἰωθὼς
558 5074 765 5150 μεγάλα
796 5075 1137 5150 χαρίζεσθαι,
1165 5078 1228 5133 τὸ
1270 5076 1317 5132 δ’
1348 5078 1422 5140 ὡς
1471 5080 1653 5141 καλῶς
1703 5074 1821 5154 ἔχει
1871 5079 1956 5132 σοὶ

313 5167 413 5240 μὲν
448 5162 658 5236 δοῦναι,
689 5169 826 5238 ἡμῖν
861 5163 918 5220 δὲ
950 5163 1161 5223 λαϐεῖν.
1184 5169 1329 5242 Ἐγώ
1377 5189 1435 5222 τε
1481 5170 1584 5244 γὰρ
1616 5168 1648 5222 ἃ
1681 5169 1957 5242 βούλομαι

308 5255 590 5329 λήψομαι,
626 5256 690 5309 σύ
729 5257 777 5309 τ’
807 5253 1202 5331 ἐπιεικέστερος
1261 5254 1430 5328 δόξεις
1487 5260 1577 5312 καὶ
1630 5255 1847 5328 σαυτοῦ,
1878 5262 1956 5329 τῷ

305 5345 399 5400 καὶ
456 5341 777 5414 τηλικοῖσδε
828 5346 1152 5420 κεχρῆσθαι.
1217 5347 1305 5400 Ἐν
1368 5347 1471 5422 γὰρ
1529 5350 1597 5419 τῇ
1656 5348 1770 5400 καθ’
1812 5348 1957 5418 ἡμᾶς

304 5438 430 5509 ἱερᾷ
487 5429 620 5508 τῇδε
677 5433 768 5487 καὶ
828 5435 1114 5508 θαυμαστῇ
1172 5436 1432 5509 ξυνοικία,
1493 5435 1555 5490 οὗ
1602 5435 1690 5490 καὶ
1745 5436 1841 5496 τὰς
1901 5434 1960 5489 ἐκ

309 5519 586 5599 βασιλέως
658 5524 862 5601 τροφὰς
930 5522 1164 5602 ἔχομεν,
1238 5524 1515 5598 οἰκήματά
1597 5525 1737 5580 ἐστιν
1804 5524 1955 5594 ἄττα,

307 5610 583 5668 κάλλιστα
617 5612 712 5686 μὲν
753 5611 948 5676 θέσεως
998 5609 1220 5688 ἔχοντα,
1251 5615 1342 5668 καὶ
1390 5616 1527 5690 πρὸς
1584 5620 1757 5670 πᾶσαν
1807 5608 1960 5676 ἔτους

310 5700 456 5783 ὥραν
507 5699 565 5759 εὗ
620 5701 1119 5782 παρεσκευασμένα,
1146 5707 1215 5784 τῇ
1264 5724 1322 5760 τε
1370 5703 1526 5785 φύσει
1566 5707 1664 5760 τοῦ
1723 5703 1958 5779 χωρίου,

2067 4726 2139 4780 ob
2171 4725 2303 4790 alia,
2327 4730 2451 4780 tum
2484 4725 2634 4796 quod
2669 4740 2818 4781 astra
2845 4726 2945 4781 sub
2973 4732 3181 4780 terram
3228 4726 3388 4795 prius
3435 4725 3611 4791 ibunt,
3653 4731 3705 4778 et

2064 4816 2245 4868 altum
2267 4821 2418 4868 terra
2439 4832 2496 4870 se
2514 4816 2576 4869 in
2605 4816 2790 4885 polum
2819 4819 2978 4887 feret,
3005 4821 3069 4870 ut
3107 4815 3190 4869 ait
3256 4818 3423 4884 poeta
3455 4813 3708 4884 (Euripi-

2065 4904 2181 4958 des.
2216 4900 2371 4955 Οῑλεῖ
2401 4904 2519 4959 sive
2551 4901 2737 4972 Συλεῖ,
2771 4910 2836 4959 ut
2866 4906 3130 4970 arbilror,
3163 4903 3317 4974 apud
3377 4902 3703 4969 Philonem,

2066 5008 2123 5062 p.
2165 4991 2289 5059 603,
2325 4997 2382 5046 et
2413 5010 2466 5062 p.
2501 4993 2593 5058 66,
2625 4994 2750 5060 365,
2782 4993 3082 5063 Turneb.),
3118 5007 3292 5063 quam
3323 4991 3429 5046 abs
3460 4995 3516 5046 te
3547 4989 3709 5062 quis-

2069 5081 2222 5150 piam
2250 5097 2448 5135 eorum
2480 5099 2603 5150 qua:
2638 5082 2781 5152 petit
2826 5082 3116 5152 repulsam
3173 5081 3353 5147 feret;
3387 5080 3484 5150 qui
3536 5079 3709 5134 etiam

2067 5169 2213 5224 nihil
2247 5170 2589 5241 rogantibus
2619 5170 2829 5242 saepius
2861 5169 3100 5234 dedisti,
3132 5177 3186 5224 et
3229 5175 3494 5240 rogantes
3526 5170 3710 5238 majo-

2068 5259 2230 5314 ribus
2262 5276 2433 5330 quam
2453 5266 2748 5331 optassent
2767 5259 2984 5315 ornasti
3001 5258 3525 5331 muneribus,quod
3540 5263 3707 5313 tuum

2068 5348 2344 5420 elogium,
2362 5366 2489 5404 meo
2516 5349 2755 5420 judicio,
2776 5349 2929 5404 haud
2949 5347 3434 5419 paulopulchrius
3472 5349 3710 5404 omnino

2067 5443 2241 5509 atque
2299 5438 2636 5510 gloriosius,
2669 5438 2802 5506 allo,
2839 5438 2990 5508 quod
3045 5452 3316 5508 usurpes,
3356 5437 3560 5509 quovis
3598 5439 3711 5494 est.

2069 5529 2264 5586 Metuo
2295 5545 2453 5596 vero,
2481 5534 2702 5596 metuo,
2743 5544 2849 5583 nec
2899 5528 3153 5583 absurde
3201 5527 3464 5597 fortasse,
3498 5545 3568 5582 ne
3623 5531 3709 5598 tu,

2069 5619 2168 5688 qui
2191 5617 2448 5690 ingentia
2513 5616 2712 5689 largiri
2768 5615 3052 5672 beneficia
3098 5624 3314 5672 natura:
3375 5619 3485 5670 tua;
3532 5616 3712 5672 ductu

2068 5707 2245 5778 soles,
2277 5724 2433 5766 nunc
2466 5707 2575 5764 hoc
2606 5705 2804 5780 ipsum
2835 5719 3108 5780 presens,
3131 5703 3712 5783 minutum,etlongs
