4062 6308
462 378 581 440 423

1763 379 1866 442 ΤΗ
1879 381 2158 443 EODULI
2204 380 2551 441 MONACHI

3740 378 3853 440 ιρι

460 517 611 572 intra
641 515 821 571 animi
852 514 937 570 tui
969 515 1430 586 magnitudinem
1460 514 1884 586 positum,esss
1915 522 2100 583 ratus,

2224 520 2295 586 τῷ
2325 536 2381 570 τε
2416 515 2864 587 μεμηχανῆσθαι,
2897 518 2974 584 τῷ
3006 511 3050 568 δ’
3098 512 3206 586 ἰδίᾳ
3236 515 3324 568 καὶ
3375 515 3549 588 χωρὶς
3598 515 3688 568 καὶ
3743 517 3857 570 καθ’

464 609 566 660 aut
595 621 709 660 non
743 604 846 660 des
875 603 1133 669 omnino,
1166 605 1265 659 aut
1298 619 1390 660 me
1422 605 1677 673 incuses,
1711 605 1871 661 velut
1903 607 2002 677 qui
2033 608 2106 664 de

464 697 522 748 te
553 709 668 748 non
699 693 838 748 satis
868 693 1041 764 digne
1072 692 1594 764 convenienterque
1623 693 1971 750 existimem.
2007 696 2105 750 Sin

467 787 658 838 autem
688 786 807 837 tum
831 783 951 837 haec
973 783 1112 837 dare
1130 788 1310 853 potes,
1332 787 1455 838 tum
1489 784 1702 854 quaevis
1729 784 1840 840 alia
1865 785 2106 840 omnino

468 873 720 946 aggredi,
754 873 1035 928 nimirum
1066 877 1128 929 ut
1161 873 1411 942 inclytus
1456 873 1553 930 ille
1598 874 2106 945 plurimarumque

466 962 796 1035 palmarum
837 960 1135 1027 Hercules,
1165 963 1471 1034 praecipuis
1501 964 1779 1035 operibus
1818 965 1942 1020 suis
1990 965 2106 1020 alia

464 1051 731 1124 quaedam
753 1055 909 1107 extra
931 1051 1191 1108 ordinem
1210 1051 1547 1122 interponit,
1565 1053 1716 1109 bono
1739 1069 1882 1109 sane
1908 1053 2104 1110 animo

467 1158 593 1198 esse
623 1141 907 1198 convenit.
943 1141 1064 1196 Imo
1105 1157 1237 1197 vero
1286 1142 1334 1196 si
1394 1147 1657 1213 prompte
1715 1124 1965 1212 dederis,
1998 1142 2107 1200 hoc

465 1231 592 1300 ipso
619 1231 854 1301 planum
890 1231 1089 1296 facies,
1121 1247 1306 1302 neque
1337 1247 1441 1286 nos
1472 1232 1647 1286 animi
1691 1231 1868 1288 falsos
1908 1233 2103 1302 fuisse,

464 1325 639 1392 teque
668 1320 862 1391 ipsum
895 1320 1178 1389 majorem
1212 1320 1271 1375 in
1306 1321 1538 1376 modum
1588 1323 1846 1378 ornabis.
1876 1322 2109 1377 Scilicet

464 1411 619 1481 quod
653 1426 768 1466 non
801 1425 1018 1481 magna
1049 1411 1221 1464 modo
1255 1415 1311 1465 et
1344 1410 1692 1466 admiranda
1740 1415 1978 1481 praetare
2007 1428 2106 1468 va-

460 1499 673 1567 leas,et
702 1499 952 1570 publicis
983 1499 1212 1556 coronis
1246 1503 1419 1570 atque
1451 1500 1758 1570 praeconiis
1789 1501 2103 1572 digna,sed

465 1588 619 1659 quod
650 1587 926 1643 tenuibus
955 1587 1153 1657 etiam,
1187 1589 1440 1659 quodam
1494 1589 1793 1644 modestia
1843 1606 2103 1657 excessu,

467 1680 900 1748 peropportune
957 1675 1268 1731 subvenire
1320 1676 1502 1732 noris.
1561 1677 1683 1733 Nisi
1741 1677 1811 1745 si,
1861 1682 1926 1733 ut
1984 1693 2112 1734 mea

2215 604 2376 657 ἑαυτᾶ
2413 608 2520 656 τῶν
2554 601 2741 656 ἄλλων
2788 600 3057 675 ἱδρῦσθαι,
3090 601 3355 673 πλείστην
3388 603 3516 673 ὅσην
3560 603 3857 676 ἐμποιοῦν-

2211 714 2276 746 τα
2333 692 2581 764 γαλήνην
2639 689 2695 744 ἐν
2749 697 2831 763 τῷ
2881 699 2980 760 τῆς
3033 696 3218 766 ψυχῆς
3258 693 3582 766 πρυτανείῳ,
3617 694 3692 753 ὡς
3727 694 3856 747 εἶναι

2213 785 2291 851 τῷ
2325 780 2437 834 ὄντι
2481 783 2674 853 ψυχῶν
2727 786 2909 855 σοφῶν
2945 785 3352 858 φροντιστήρια,
3391 779 3606 855 μᾶλλον
3669 780 3724 836 δὲ
3777 785 3860 836 καὶ

2214 869 2395 942 ψυχὰς
2453 867 2958 942 ἐῤῥᾳστωνευμένας
3031 871 3124 923 οἷα
3193 875 3488 926 κατεπᾶσαι
3548 873 3685 944 πρὸς
3743 871 3861 945 ἀρε-

2211 959 2334 1026 τήν,
2366 958 2456 1010 καὶ
2511 959 2704 1029 μένους
2760 957 3040 1031 ἐμπλῆσαι
3090 959 3225 1032 πρὸς
3271 961 3372 1028 τήν
3423 956 3609 1014 ἔνθεον
3640 961 3728 1014 καὶ
3763 961 3858 1014 σώ-

2213 1067 2382 1124 φρονα
2430 1046 2517 1100 καὶ
2572 1046 2802 1122 θεοφιλῆ
2847 1048 3052 1117 ταύτην
3106 1046 3321 1119 μανίαν.
3367 1055 3467 1104 “HV
3517 1050 3570 1102 οἱ
3628 1048 3855 1122 γνησίως

2218 1137 2469 1208 μανέντες
2514 1135 2613 1189 οὐκ
2671 1133 3008 1208 εὐδαίμονες,
3059 1136 3185 1191 ἀλλ’
3232 1135 3333 1211 ἄρα
3401 1135 3680 1210 δαιμόνιοί
3726 1158 3858 1200 τινες

2214 1225 2479 1302 ἀτεχνῶς.
2527 1225 2676 1301 Ἐγὼ
2725 1222 2782 1280 δὲ
2834 1225 2948 1298 εἶμι
2998 1227 3089 1299 μὲν
3143 1227 3203 1280 οὐ
3251 1231 3524 1296 τοιοῦτος,
3569 1225 3697 1281 οὐδὲ
3753 1232 3854 1282 τῶν

2213 1312 2265 1375 ἐς
2311 1318 2475 1368 τοῦτο
2525 1314 2822 1389 φερόντων,
2853 1313 2978 1369 οὐδὲ
3033 1319 3230 1389 μικροῦ
3262 1313 3378 1369 δεῖ·
3413 1317 3719 1389 θαυμαστὸν
3765 1317 3854 1388 μὲν

2215 1401 2308 1456 οὖν
2340 1403 2384 1456 εἰ
2420 1404 2494 1475 μή
2527 1402 2616 1456 καὶ
2649 1402 2792 1457 πολὺ
2821 1403 3161 1460 τούναντίον.
3195 1409 3297 1459 Τοῦ
3331 1403 3376 1459 δ’
3402 1403 3586 1482 ’ἴσχειν
3636 1405 3856 1478 ἡσύχως

2215 1491 2304 1545 καὶ
2362 1493 2480 1545 κατ’
2513 1491 2745 1562 ἐμαυτὸν
2806 1493 2933 1546 εἶναι
2993 1493 3084 1546 καὶ
3130 1496 3224 1565 ζῇν
3261 1491 3402 1546 οὕτω
3426 1515 3512 1547 τοι
3554 1493 3755 1562 ἥττων,
3788 1495 3857 1556 ὡς

2217 1601 2434 1635 παντων
2489 1581 2548 1634 ἂν
2604 1580 2755 1634 τουτὶ
2813 1581 3090 1654 πρίασθαι.
3125 1583 3194 1636 Τό
3251 1602 3309 1636 τε
3358 1583 3458 1658 γὰρ
3518 1587 3627 1637 τῶν
3663 1581 3856 1658 ὀφθαλ-

2226 1673 2340 1740 μῶν
2400 1668 2572 1730 οὕτως
2632 1667 2999 1744 ἐσαναγκάζει,
3055 1669 3232 1744 χωρίς
3290 1691 3349 1724 τε
3404 1672 3605 1725 τούτου
3655 1671 3736 1732 τίς
3772 1671 3863 1725 οὐκ

469 1767 709 1838 quidem
739 1766 846 1822 fert
875 1765 1183 1833 sententia,
1216 1769 1325 1822 tuae
1385 1767 1584 1838 potius
1641 1768 2109 1838 magnanimitati

2224 1759 2284 1812 ἂν
2327 1757 2382 1812 εὖ
2427 1764 2639 1836 φρονῶν
2691 1759 2924 1832 ἡσυχίας
2973 1759 3115 1832 ἐρῴη
3147 1779 3160 1827 ;
3193 1755 3284 1813 ἅτε
3316 1757 3594 1834 δᾳδούχου
3623 1761 3713 1813 καὶ
3762 1781 3859 1832 μυ-

466 1853 575 1908 hoc
614 1853 910 1924 quispiam
966 1862 1262 1924 acceptum
1322 1855 1535 1910 referre
1592 1855 1749 1924 velit,
1783 1857 1937 1926 quod
2003 1872 2109 1912 nec

471 1960 596 2014 quae
633 1943 814 1998 multo
864 1941 1260 1998 minutissima
1290 1959 1419 1999 esse
1465 1943 1752 2013 videntur,
1785 1946 1908 2015 ipse
1957 1945 2114 2001 dedi-

462 2033 678 2105 gneris.
712 2033 874 2098 Quod
908 2037 1101 2088 autem
1127 2032 1470 2102 bujusmodi
1501 2033 1763 2103 quaedam
1797 2043 1948 2100 sunt,
1984 2051 2111 2105 quas

469 2141 626 2178 nunc
672 2125 1144 2193 rogitamus,nec
1189 2123 1277 2178 tui
1320 2122 1533 2194 operis,
1567 2139 1673 2178 nec
1731 2139 1800 2179 ex
1855 2124 1927 2179 iis
1977 2141 2103 2196 quis

473 2213 784 2269 identidem
818 2211 1025 2283 agitas,
1047 2210 1163 2267 imo
1197 2210 1367 2282 plane
1394 2213 1570 2268 etiam
1591 2217 1816 2268 remota
1847 2229 1880 2268 a
1902 2228 2113 2285 magno

471 2302 585 2373 isto
607 2318 800 2357 rerum
830 2299 1235 2371 actionemque
1265 2305 1498 2357 tuarum
1545 2301 1705 2368 orbe,
1740 2317 1871 2356 cum
1923 2319 1992 2357 ex
2045 2318 2113 2358 eo

482 2395 638 2462 patet
667 2391 818 2462 quod
847 2390 1084 2462 ipsimet
1112 2390 1182 2446 de
1203 2389 1276 2446 iis
1306 2390 1787 2451 subdubitamus;
1812 2397 1933 2446 tum
1960 2394 2115 2463 quod

483 2485 645 2536 tanto
675 2495 798 2535 rem
829 2479 1025 2535 stud-io
1066 2495 1339 2551 urgemus
1365 2498 1380 2547 ;
1405 2479 1570 2543 illud,
1603 2496 1674 2534 ne
1705 2480 1846 2537 forte
1869 2497 1982 2536 non
2007 2481 2118 2536 da-

482 2574 652 2625 turus
709 2568 812 2635 eis,
847 2568 1063 2638 quippe
1111 2583 1321 2639 magna
1376 2568 1688 2638 gratiﬁcari
1739 2573 1967 2636 suetus,
2011 2569 2116 2624 hoc

479 2658 754 2729 quoniam
786 2662 843 2711 et
871 2657 976 2711 tibi
1009 2657 1145 2711 dare
1175 2656 1482 2727 pulchrum
1525 2661 1633 2725 est,
1657 2661 1712 2711 et
1756 2657 1924 2712 nobis
1973 2658 2119 2712 acci—

475 2765 634 2820 pere.
668 2747 812 2803 Nam
843 2751 900 2801 et
929 2759 1034 2817 ego
1065 2759 1192 2816 quas
1224 2747 1394 2818 cupio
1415 2747 1716 2816 accipiam,
1738 2752 1796 2803 et
1824 2755 1885 2802 tu
1917 2752 2119 2803 temet-

395 2857 399 2861 ’
473 2836 600 2906 ipso
667 2834 973 2903 benignior
1023 2835 1329 2904 mitiorque
1385 2833 1672 2900 videbere,
1721 2832 1818 2904 qui
1876 2835 1945 2889 ad
2001 2834 2119 2891 haec

478 2924 652 2980 etiam
683 2927 802 2978 tam
835 2921 1045 2993 pusilla
1095 2926 1150 2976 te
1209 2922 1506 2977 demittas.
1541 2922 1687 2978 Sunt
1738 2923 2007 2980 videlicet
2057 2925 2118 2982 in

478 3012 655 3069 sacris
684 3013 843 3068 hisce
873 3017 930 3066 et
961 3011 1286 3082 magnificis
1313 3011 1556 3080 aedibus,
1587 3011 1646 3066 in
1703 3013 1923 3083 quibus
1964 3015 2119 3085 regia

2225 1855 2506 1924 σταγωγοῦ
2558 1856 2662 1904 τῶν
2708 1850 2848 1905 ὅτων
2880 1853 2939 1904 ἄν
2985 1872 3068 1912 τις
3111 1849 3256 1905 εἴποι
3286 1849 3628 1918 καλλίστων,
3660 1850 3857 1905 καὶτὸν

2221 1946 2319 2007 τῆς
2365 1943 2551 2012 ψυχῆς
2603 1940 2786 2009 αἰθέρα
2833 1941 3068 2009 καθάπαξ
3118 1940 3395 2013 τηρούσης
3437 1938 3712 2014 εἰλικρινῆ
3773 1940 3860 1994 καὶ

2222 2030 2476 2102 καθαρὸν,
2506 2029 2596 2082 καὶ
2652 2026 2784 2100 μαλ’
2835 2028 3010 2103 ἀμιγῆ
3073 2030 3269 2090 παντὸς
3337 2025 3590 2091 ὑλώδους
3644 2032 3858 2098 καπνοῦ,

2221 2121 2301 2188 τῷ
2350 2118 2438 2170 τὸν
2489 2121 2611 2170 νοῦν
2666 2118 2908 2192 συνάγειν
2957 2116 3047 2171 καὶ
3098 2117 3340 2190 συνέχειν
3382 2115 3473 2170 καῖ
3512 2119 3586 2189 μή
3647 2136 3858 2189 συγχω-

2227 2211 2335 2279 ρεῖν
2369 2203 2673 2279 διαχεῖσθαι
2706 2206 2796 2259 καὶ
2845 2204 3224 2278 κατακλυσμὸν
3281 2206 3574 2278 ὑπομένειν
3611 2206 3710 2260 ὑπὸ
3760 2209 3857 2260 τῶν

2224 2299 2321 2347 τοῦ
2352 2296 2565 2366 κόσμου
2599 2295 2819 2368 ῥοθίων,
2861 2293 3006 2350 ἀλλὰ
3037 2295 3125 2349 καὶ
3172 2300 3268 2348 τοῦ
3311 2296 3622 2370 πεφυκότος
3657 2300 3857 2369 μεμνῆ-

2226 2395 2347 2447 σθαι
2403 2386 2843 2457 παρασκευάζειν,
2869 2385 2957 2438 καὶ
3015 2383 3126 2438 ἄνω
3181 2385 3382 2460 φέρειν,
3412 2387 3503 2439 καὶ
3568 2385 3720 2439 πάντ’
3774 2378 3859 2437 ἔν-

2226 2475 2342 2527 θεον
2377 2473 2529 2541 εἶναι,
2567 2473 2702 2546 μόνα
2745 2475 2814 2527 τὰ
2862 2470 3116 2546 δαιμόνια
3164 2473 3652 2549 περιεργαζόμενον
3685 2474 3856 2548 πράγ-

2232 2583 2390 2635 ματα.
2420 2569 2521 2616 Σον
2567 2560 2657 2616 οῦν
2707 2560 2767 2616 ἃν
2819 2560 2901 2633 ε’ίη
2952 2563 3041 2617 καὶ
3091 2570 3190 2631 τῆς
3219 2570 3319 2632 σῆς
3352 2563 3474 2637 περὶ
3526 2566 3699 2618 πάντα
3727 2582 3856 2636 χρη-

2226 2654 2510 2723 στότητος,
2542 2653 2614 2706 ὧν
2648 2655 2820 2709 πάντα
2857 2654 2924 2707 τὰ
2974 2653 3227 2727 βέλτιστα
3273 2653 3334 2708 σὺ
3379 2654 3470 2708 καὶ
3535 2653 3856 2729 βουλόμενος

2223 2745 2314 2798 καὶ
2366 2742 2678 2815 δυνάμενος,
2717 2745 2806 2797 καὶ
2845 2745 3097 2818 πράττων
3148 2743 3404 2816 ἑτοίμως,
3436 2741 3535 2798 ’ἱνα
3583 2745 3673 2798 καὶ
3720 2742 3858 2802 αὖθις

2227 2832 2293 2886 αὖ
2341 2838 2460 2892 τοῖς
2509 2833 2693 2894 αὐτοῖς
2734 2834 3058 2907 χρήσωμαι,
3089 2835 3149 2887 τὸ
3197 2833 3285 2886 καὶ
3324 2833 3538 2887 τούτων
3590 2836 3734 2905 ἡμᾶς
3774 2852 3854 2884 τυ-

2229 2928 2350 2996 χεῖν
2397 2922 2522 2983 τοὺς
2579 2923 3012 2994 μανικωτάτους,
3064 2922 3160 2976 οὐκ
3204 2920 3326 2977 οἶδα
3373 2922 3607 2997 πότερον
3651 2921 3852 2998 ἐραστὰς

2233 3011 2396 3072 δίδως
2429 3011 2628 3087 λέγειν,
2659 3012 2694 3080 ἢ
2723 3017 2830 3066 τῶν
2881 3015 3019 3066 κατὰ
3059 3016 3154 3066 σοῦ
3184 3007 3428 3086 θορύϐων
3461 3012 3731 3088 τεχνίτας,
3763 3013 3852 3069 πᾶς

483 3102 730 3174 pecunia
755 3101 970 3156 alimur
991 3099 1443 3168 etsustinemur,
1459 3101 1820 3156 domunculaa
1837 3083 2113 3171 quaedam,

2235 3100 2282 3156 δ’
2309 3100 2366 3156 ἄν
2399 3122 2480 3163 τις
2513 3101 2642 3179 φαίη
2676 3118 2737 3171 γε
2767 3103 2854 3156 καὶ
2889 3103 3086 3177 εὐχῶν,

480 3210 614 3249 cum
659 3194 775 3248 situ
833 3189 1361 3261 opportunissimae,
1412 3191 1802 3261 omnibusque
1851 3193 1990 3248 anni
2049 3194 2408 3265 temporibus
2465 3193 3098 3262 accommodatissima,
3149 3195 3267 3249 sive
3318 3196 3532 3251 natura
3582 3191 3709 3258 loci,
3753 3189 3852 3244 sive

481 3288 602 3338 arte
632 3287 686 3337 et
716 3281 1024 3344 industria,
1056 3287 1175 3334 tum
1203 3295 1270 3333 eo
1301 3279 1455 3349 quod
1488 3281 1795 3350 separatim
1819 3285 1876 3336 et
1903 3298 2188 3350 seorsum,
2219 3287 2276 3338 et
2331 3285 2606 3354 sejunctas
2657 3283 2726 3337 ab
2773 3281 2900 3337 aliis
2958 3286 3082 3338 sita:
3135 3287 3294 3350 sunt,
3345 3299 3645 3339 summam
3696 3277 3856 3335 maxie

483 3387 756 3442 mamque
795 3369 1073 3426 sanctiori
1130 3369 1338 3423 animae
1377 3367 1594 3439 templo
1650 3371 2019 3427 serenitatem
2089 3377 2374 3444 parentes,
2418 3378 2478 3426 ut
2524 3388 2714 3440 reapse
2794 3375 3109 3426 animarum
3198 3371 3542 3443 sapientium
3627 3370 3735 3426 ludi
3805 3380 3860 3419 ac

481 3461 762 3516 domicilia
811 3457 1068 3529 quaedam
1124 3459 1236 3511 sint
1283 3456 1602 3528 (Aristoph.
1661 3463 1788 3531 Νεφ.
1822 3460 1936 3531 94),
1970 3461 2084 3516 sive
2134 3464 2325 3533 potius
2379 3462 2694 3532 ejusmodi,
2746 3478 2871 3532 qua:
2959 3463 3186 3516 animas
3263 3463 3376 3516 otio
3444 3466 3738 3531 torpentes
3800 3453 3860 3509 ad

484 3553 754 3607 virtutem
795 3549 1063 3614 excitare,
1113 3550 1171 3602 et
1225 3563 1388 3603 sacro
1444 3550 1645 3603 ardore
1701 3551 1772 3604 ad
1830 3551 2090 3605 divinum
2168 3551 2345 3619 hunc,
2407 3556 2465 3606 et
2544 3557 2794 3619 castum,
2844 3554 3074 3624 Deoque
3139 3552 3543 3623 gratissimum
3615 3553 3861 3608 furorem,

486 3638 732 3708 implere
762 3641 1022 3707 queant:
1060 3650 1230 3706 quem
1262 3635 1360 3706 qui
1392 3651 1734 3707 germanum
1793 3637 1851 3690 in
1903 3638 2143 3693 modum
2191 3641 2410 3706 furunt,
2454 3638 2538 3692 illi
2588 3655 2705 3694 non
2764 3637 2958 3694 felices
3007 3639 3178 3693 modo
3229 3655 3295 3693 ac
3343 3639 3524 3708 beati,
3556 3637 3654 3694 sed
3703 3632 3865 3689 divini

487 3731 657 3801 plane
688 3737 842 3784 sunt.
876 3728 993 3799 Ego
1021 3743 1157 3781 vero
1189 3743 1524 3798 quanquam
1561 3728 1799 3782 minime
1819 3745 1883 3783 ex
1916 3729 2027 3785 isto
2069 3730 2369 3784 hominum
2431 3745 2640 3800 genere
2686 3745 2837 3795 sum,
2876 3744 3061 3800 neque
3119 3730 3187 3783 iis
3236 3747 3364 3800 quas
3414 3729 3533 3784 huc
3582 3727 3866 3799 pertinent.

483 3819 808 3874 instructus
866 3817 1198 3882 virtutibus,
1233 3816 1398 3887 longe
1446 3832 1585 3871 sane
1643 3819 1847 3872 absum
1885 3835 1898 3886 ;
1933 3823 2100 3887 atque
2149 3819 2290 3874 adeo
2337 3821 2552 3873 mirum
2613 3820 2804 3885 fuerit,
2830 3821 2880 3873 si
2939 3835 3054 3874 non
3107 3819 3396 3874 contrario
3455 3834 3690 3890 prorsus
3754 3827 3867 3868 mea

483 3911 811 3978 comparata
843 3907 1015 3962 modo
1050 3911 1205 3960 sunt.
1231 3905 1324 3960 Sic
1346 3912 1541 3961 tamen
1572 3906 1629 3960 in
1662 3908 1857 3977 quiete
1905 3908 2176 3979 degendi,
2208 3914 2266 3963 et
2323 3925 2586 3965 seorsum
2638 3909 2780 3963 mihi
2839 3908 3050 3980 agendi
3106 3907 3450 3978 viventique,
3507 3912 3705 3977 captus
3752 3915 3867 3956 sum

483 3999 699 4065 studio,
733 4004 797 4052 ut
827 3998 933 4052 hoc
961 3996 1086 4049 vitae
1111 4012 1296 4067 genus
1320 3998 1562 4052 fortunis
1594 3999 1738 4053 meis
1779 3999 2052 4054 omnibus
2109 4001 2470 4068 redemptum
2529 3999 2724 4053 velim.
2769 4000 2890 4054 Huc
2946 3999 3101 4054 enim
3155 4004 3212 4053 et
3269 3997 3574 4054 oculorum
3634 4012 3722 4050 me
3772 4009 3867 4047 va-

484 4087 682 4144 letudo
740 4084 1051 4155 compellit,
1083 4089 1208 4140 tum
1269 4092 1331 4140 ut
1387 4087 1608 4156 absque
1676 4087 1783 4142 boc
1831 4096 2002 4153 esset,
2061 4089 2193 4160 quis
2248 4089 2482 4159 sapiens
2540 4105 2653 4143 non
2703 4093 2908 4159 sponte
2968 4088 3215 4158 quietem
3267 4087 3639 4142 amet‘Hiac
3669 4084 3867 4156 quippe

490 4179 671 4234 facem
707 4175 998 4246 praelucet,
1037 4179 1094 4229 et
1148 4174 1424 4246 magistra
1483 4175 2011 4245 pulcherrimarum
2070 4194 2258 4232 rerum
2321 4178 2584 4232 omnium
2643 4184 2752 4247 est,
2795 4193 2921 4248 quae
2970 4177 3257 4232 nominari
3315 4193 3349 4230 a
3409 4179 3678 4247 quapiam
3745 4187 3868 4242 pos—

493 4271 650 4321 sunt.
698 4265 826 4319 Haec
865 4279 1155 4318 summum
1218 4263 1422 4318 animae
1480 4265 1777 4332 atherem,
1836 4267 2152 4334 sincerum,
2213 4269 2520 4332 mundum,
2581 4269 2652 4322 ab
2701 4267 2979 4337 omnique
3031 4265 3312 4320 materiali
3371 4266 3530 4321 fumo
3581 4270 3864 4324 secretum,

492 4367 905 4424 usquequaque
943 4357 1152 4417 servat,
1187 4351 1325 4407 dum
1359 4356 1612 4409 mentem
1644 4353 1910 4410 videlicet
1938 4354 2158 4426 colligit
2193 4371 2260 4411 ac
2315 4356 2608 4423 continet;
2642 4372 2748 4410 nec
2805 4355 3071 4422 diffundi,
3097 4354 3414 4424 mundique
3467 4354 3640 4422 hujus
3675 4345 3866 4421 jactari

488 4443 802 4512 obruisque
833 4441 1104 4497 ﬂuctibus
1136 4443 1369 4511 patitur,
1403 4441 1580 4514 idque
1609 4443 1823 4513 efﬁciit,
1859 4451 1920 4499 ut
1949 4453 2104 4500 ortus
2135 4445 2465 4516 indolisque
2517 4462 2624 4499 suae
2660 4461 2877 4500 memor
2905 4445 3108 4499 eadem
3165 4446 3255 4511 sit,
3289 4452 3343 4499 et
3408 4442 3656 4499 sublime
3711 4436 3868 4493 attol—

486 4534 660 4603 latur,
692 4541 748 4589 et
777 4538 902 4590 tota
938 4534 1180 4588 numine
1237 4532 1510 4589 instincta
1567 4533 1804 4601 feratur,
1846 4539 1902 4590 et
1958 4535 2079 4590 sola
2135 4537 2418 4592 duntaxat
2473 4537 2667 4592 divina
2724 4535 3156 4591 studiosissime
3186 4539 3408 4590 tractet.
3439 4539 3628 4588 Tuum
3686 4531 3866 4601 igitur,

485 4630 718 4696 tuaeque
747 4624 814 4679 ad
847 4623 1045 4678 omnia
1071 4639 1195 4678 sese
1236 4623 1585 4695 porrigentis
1631 4625 2003 4696 benignitatis
2055 4626 2158 4680 hoc
2203 4626 2392 4694 fuerit,
2425 4642 2454 4681 o
2511 4636 2592 4692 tu,
2650 4626 2750 4697 qui
2787 4627 2992 4698 Optima
3023 4628 3228 4688 omnia,
3273 4629 3325 4679 et
3367 4626 3449 4678 vis
3499 4630 3551 4679 et
3606 4626 3769 4694 potes,
3818 4621 3870 4670 ει

484 4717 670 4770 animo
726 4715 1155 4785 prompitissimo
1210 4715 1346 4782 agis,
1388 4715 1606 4769 eisdem
1665 4715 1824 4770 enim
1881 4717 2069 4770 denuo
2127 4717 2366 4786 (quibus
2413 4716 2604 4785 initio)
2667 4721 2797 4770 utar
2851 4716 3059 4781 verbis,
3111 4719 3174 4770 ut
3213 4719 3271 4769 et
3326 4714 3448 4770 hac
3518 4729 3622 4767 nos
3677 4721 3868 4765 conse-

489 4821 740 4877 quamur
797 4804 1098 4864 beneﬁcia,
1156 4821 1284 4870 nos,
1334 4805 1593 4874 inquam,
1651 4805 2029 4860 furiosissimi
2088 4807 2362 4878 profecto,
2406 4807 2598 4862 nescio
2654 4823 2786 4862 vero
2856 4815 3050 4861 utrum
3109 4810 3396 4861 amatores
3454 4804 3562 4871 tui,
3614 4817 3686 4856 an
3748 4810 3866 4852 vero

494 4896 795 4968 plaussum
827 4898 884 4950 et
909 4895 1393 4951 acclamationum
1426 4896 1494 4950 de
1524 4903 1576 4951 te
1605 4895 1876 4964 artiﬁces,
1925 4895 2093 4951 nobis
2123 4897 2428 4968 permittas
2451 4897 2679 4964 dicere;
2715 4895 2921 4950 dixerit
2976 4912 3108 4951 vero
3167 4895 3404 4966 insuper
3461 4889 3864 4962 unusquisque,

486 4989 543 5041 et
571 4990 860 5043 votorum.

1115 5203 1210 5265 VI.
1250 5207 1456 5266 Eidem.
2161 5207 2207 5273 D

2821 5205 2921 5280 ς’.
2961 5207 3057 5276 Τῷ
3097 5202 3290 5275 αὐτῷ.

567 5355 711 5412 Cum
741 5371 807 5412 eo
842 5354 1074 5411 nomine
1105 5352 1258 5426 quod
1291 5357 1414 5410 tute
1443 5370 1547 5410 nos
1568 5354 1696 5425 jam
1729 5351 1953 5424 pridem
2003 5349 2104 5407 dili

2323 5351 2421 5405 Καὶ
2474 5351 2558 5411 οἷς
2607 5351 2765 5412 αὐτὸς
2813 5353 2961 5422 ἡμᾶς
3008 5351 3206 5403 ἄνωθεν
3260 5347 3517 5422 στέργεις,
3558 5344 3646 5397 καὶ
3691 5341 3767 5400 οἷς

500 5445 606 5516 gis,
654 5450 779 5499 tum
821 5445 967 5514 quod
1019 5459 1228 5511 unum,
1259 5447 1316 5498 te
1373 5442 1632 5499 omnium
1689 5443 1863 5498 rebus
1922 5440 2138 5496 nostris

499 5536 962 5592 faventissimum
1015 5536 1230 5606 experti
1292 5550 1397 5590 nos
1453 5550 1679 5601 sumus,
1732 5534 1838 5589 tibi
1891 5533 2137 5587 invicem

497 5625 750 5681 maxime
806 5624 1069 5678 omnium
1127 5623 1459 5691 studemus,
1526 5628 1700 5693 teque
1767 5622 2140 5693 singulariter

500 5728 787 5774 amamus.
821 5712 1210 5785 Prwterquam
1243 5711 1396 5784 quod
1439 5715 1738 5783 comperta
1788 5711 1910 5767 hinc
1954 5711 2140 5767 omni-

2253 5446 2370 5514 μεῖς
2429 5442 2484 5495 σὲ
2537 5441 2773 5512 μάλιστα
2824 5440 3037 5496 πάντων
3082 5441 3148 5494 τα
3188 5439 3323 5512 πρὸς
3374 5441 3520 5510 ἡμᾶς
3560 5432 3745 5491 αὐτοὺς
3776 5425 3866 5514 ,ἔγ-

2247 5529 2501 5590 νωκότες,
2535 5529 2618 5583 σοὶ
2672 5529 2910 5602 μάλιστα
2957 5528 3171 5582 πάντων
3215 5523 3606 5600 τιθέμεθα,καῖ
3663 5521 3717 5573 σὲ
3769 5512 3866 5568 δια-

2248 5619 2524 5696 φερόντως
2577 5617 2866 5697 φιλοῦμεν.
2932 5624 3087 5672 ’Ἄνευ
3144 5617 3240 5671 τοῦ
3318 5615 3516 5676 πάντας
3572 5609 3758 5666 εἰδέναι
3814 5619 3863 5655 τε

2250 5709 2338 5766 καὶ
2398 5709 2549 5784 βοᾷν,
2610 5706 2679 5762 δι’
2736 5706 3004 5779 ἀλλήλων
3060 5706 3207 5762 τοῦτ’
3269 5704 3543 5789 ἀμφότερα
3598 5698 3858 5755 δείκνυται.
