4062 6308
237 466 349 528 425

1731 471 2162 533 ΕΡΙΒΤΟιιΕ.

3509 473 3628 532 426

235 593 362 651 Οῦτε
407 598 513 672 γάρ
563 595 727 666 ἔστιν,
767 597 865 654 ούκ
893 598 1035 654 ἔστιν
1082 597 1240 655 οὐδὲν
1287 605 1396 656 τῶν
1428 602 1677 655 ἁπάντων
1708 602 1737 656 ὁ
1792 602 1859 674 μὶ

1987 603 2116 670 bus,
2175 602 2556 672 omniumque
2609 603 2913 658 decantata
2967 619 3066 658 ore
3122 611 3277 664 sunt.
3326 603 3468 660 satis
3517 603 3630 661 hoc

234 686 290 738 σὺ
349 687 484 758 μετά
533 691 628 742 τοῦ
678 689 1007 763 γιγνομένου
1053 709 1113 743 τε
1161 690 1250 744 καὶ
1309 690 1642 767 ψηφίζοντος
1701 693 1875 764 πράτ-

235 796 358 842 τεις,
391 776 456 830 οὐ
494 774 706 848 μᾶλλόν
737 797 800 852 γε
827 778 862 847 ἢ
895 779 990 848 τὰς
1027 783 1174 853 τρεῖς
1223 783 1320 832 τοῦ
1349 781 1620 855 τριγώνου
1671 779 1875 856 γωνίας

241 866 310 935 μὴ
343 862 494 918 δυοῖν
531 865 710 939 ὀρθαῖν
756 865 880 928 ’ίσας
911 867 1066 924 εἶναι.
1100 868 1260 921 Ταῦτ’
1308 867 1414 940 ἄρα
1443 867 1531 921 καὶ
1589 869 1742 940 μόνῳ
1790 889 1876 923 σοι

236 958 338 1008 τῶν
382 955 597 1008 πάντων
648 957 796 1009 τοῦθ’
837 956 1018 1030 ὥσπερ
1069 957 1358 1029 ἐπίσημον,
1412 954 1522 1011 οὔθ’
1570 960 1729 1030 ἡμῶν
1777 959 1874 1012 αύ-

242 1047 359 1112 τῶν,
400 1043 490 1096 ἐὰν
545 1046 618 1115 μὴ
669 1040 877 1104 δεινούς
925 1065 1072 1105 τινας
1123 1043 1280 1106 ὄντας
1333 1043 1484 1118 ᾔδεις
1535 1048 1602 1100 τά
1649 1047 1734 1116 σὰ,
1785 1046 1875 1101 καὶ

237 1138 327 1201 τῆς
378 1136 481 1196 σῆς
541 1132 748 1194 εὐνοίας
796 1136 922 1208 παρ’
988 1133 1335 1189 οὑστινασοῦν
1395 1134 1719 1209 ἐχομένους,
1781 1135 1878 1191 οῦκ

236 1222 291 1275 ἂν
320 1221 649 1297 ἐφρόντιζες.
681 1227 791 1277 Νῦν
847 1220 901 1277 δέ
935 1223 1040 1278 οὐκ
1084 1221 1228 1280 ἔστιν
1261 1225 1339 1278 ὅθ’
1385 1227 1546 1297 ἡμῶν
1597 1229 1657 1280 ού
1711 1226 1877 1303 λόγον

237 1316 384 1384 ποιῇ,
437 1310 611 1365 πάλαι
661 1312 755 1384 μὲν
810 1311 862 1366 ἐν
909 1311 1148 1376 πολλοῖς
1197 1313 1469 1376 πολλάκις
1521 1315 1589 1369 τὰ
1646 1314 1876 1390 μέγιστα

237 1400 606 1473 ξυναράμενος,
657 1401 745 1454 καὶ
798 1401 1031 1476 γεγονὼς
1080 1401 1132 1456 ἐν
1190 1407 1388 1477 καιρῷ,
1441 1406 1532 1456 νῦν
1592 1400 1639 1456 δ’
1697 1403 1747 1474 ἐξ
1798 1405 1874 1457 ὧν

237 1488 397 1550 οὕτως
428 1488 487 1544 εὖ
544 1490 691 1563 μάλα
736 1492 824 1546 καὶ
883 1491 1018 1562 μετὰ
1047 1488 1335 1552 διαθέσεως
1384 1491 1746 1555 ἐπιστέλλεις.
1785 1497 1872 1556 Ὦς

239 1579 319 1632 καί
359 1599 513 1640 τινος
565 1580 667 1634 οὐκ
714 1579 979 1653 ἀχάριτος
1025 1577 1313 1649 ξυναυλίας
1361 1580 1609 1636 ἐνταυθοῖ
1655 1603 1872 1656 μνημο-

235 1666 412 1737 νεύειν,
457 1667 550 1722 καὶ
598 1668 695 1728 τὰς
747 1667 957 1742 ἡμέρας
1005 1667 1209 1730 ἐκείνας
1260 1669 1618 1743 ἑορτασίμους
1663 1669 1872 1741 καλεῖν,

236 1753 405 1819 διδοὺς
437 1757 515 1818 ὡς
550 1756 789 1828 μάλιστα
839 1755 1258 1831 συλλογίζεσθαι
1290 1759 1364 1820 ὡς
1394 1758 1476 1813 ὅτι
1534 1761 1611 1831 μὴ
1642 1761 1728 1814 καὶ
1783 1765 1874 1815 νῦν

236 1847 355 1921 ὑπὲρ
414 1850 581 1919 ἡμῶν
644 1849 792 1903 ταῦτ’
853 1843 966 1902 ἔστι
1024 1868 1108 1902 σοι
1185 1849 1463 1920 πράττειν,
1523 1849 1584 1903 ού
1665 1855 1875 1924 μικρῶς

236 1932 616 2010 δυσχεραίνεις.
657 1937 721 1991 Ὀ
765 1936 856 1992 καὶ
902 1938 999 1992 τοῦ
1041 1938 1333 2012 τυγχάνειν
1383 1934 1536 1992 οὐδὲν
1586 1940 1751 2005 ἧττον
1799 1942 1866 2008 ἡ-

235 2047 340 2097 μιν.

1991 699 2302 763 utrumque
2333 708 2400 746 ex
2433 698 2679 763 utroque
2709 693 3021 761 astruitur;
3072 709 3258 764 neque
3313 693 3469 749 enim
3518 699 3628 760 est,

1987 798 2100 836 non
2133 789 2238 847 est,
2274 797 2402 835 vero
2454 780 2736 851 quidquid
2773 798 2963 836 rerum
2997 782 3281 849 omnium,
3315 784 3467 853 quod
3513 799 3630 838 non

1987 871 2244 941 legitimo
2279 871 2448 925 modo
2482 869 3230 941 calculisquesuhductistu
3264 872 3629 944 agas,nihilo

1985 977 2126 1015 sane
2160 959 2287 1030 plus
2319 976 2496 1030 quam
2539 963 2599 1013 ut
2631 967 2746 1014 tres
2805 961 2860 1014 in
2908 961 3201 1031 triangulo
3251 960 3474 1032 anguli,
3512 977 3629 1016 non

1985 1049 2210 1104 duobus
2251 1049 2421 1103 rectis
2446 1048 2564 1102 sint
2592 1049 2864 1118 aequales.
2896 1050 3286 1112 Quamobrem
3317 1056 3372 1104 et
3422 1049 3532 1106 soli
3563 1065 3631 1104 ex

1984 1138 2252 1194 omnibus
2281 1137 2385 1192 tibi
2419 1137 2540 1192 haec
2571 1138 2726 1191 velut
2758 1139 2990 1207 pr0pria
3017 1142 3153 1192 nota
3208 1143 3312 1205 est,
3348 1143 3404 1193 et
3445 1140 3629 1194 nostri

1984 1229 2265 1298 ipsorum,
2311 1225 2422 1280 nisi
2483 1225 2764 1280 acerimos
2815 1225 3067 1281 cultores
3113 1234 3266 1292 tuos,
3319 1235 3374 1283 et
3421 1234 3631 1299 praeter

1983 1325 2217 1373 caeteros
2245 1331 2446 1370 omnes
2496 1315 2691 1385 gratiae
2747 1321 2857 1369 tua:
2908 1314 3186 1386 cupidoes
3219 1316 3629 1387 studiososque

1982 1423 2106 1462 esse
2137 1405 2338 1470 scires,
2372 1404 2526 1458 haud
2561 1403 2739 1458 ullam
2802 1404 3042 1460 haberes
3100 1406 3400 1462 rationem.
3451 1406 3628 1478 Atqui

1984 1495 2145 1550 nullo
2178 1511 2290 1549 non
2333 1502 2592 1564 tempore
2625 1494 2806 1548 nostri
2859 1493 3144 1548 rationem
3177 1493 3385 1562 habes;
3417 1496 3630 1566 quippe

1982 1583 2083 1654 qui
2115 1587 2170 1637 et
2199 1581 2334 1638 olim
2387 1580 2836 1650 quamplurimis
2889 1597 3294 1652 saepenumero
3337 1582 3397 1638 in
3457 1585 3628 1640 rebus

1986 1671 2302 1726 maximum
2329 1669 2755 1726 adminiculum
2806 1670 3080 1739 attulisti,
3112 1675 3168 1725 et
3198 1680 3625 1743 peropportune

1981 1760 2245 1817 adfuisti.
2269 1760 2338 1814 Et
2369 1775 2539 1827 nunc,
2571 1759 2711 1813 dum
2739 1759 2817 1813 ita
2850 1759 3145 1828 benevole,
3177 1767 3232 1814 et
3262 1775 3394 1815 cum
3434 1761 3626 1818 nativa

1982 1851 2164 1906 animi
2222 1849 2522 1904 affectione
2568 1849 2737 1904 nobis
2787 1849 3024 1916 scribis;
3086 1855 3150 1904 ut
3205 1850 3380 1906 etiam
3436 1852 3624 1908 mutui

1980 1940 2290 2010 cujusdam
2370 1955 2484 1992 non
2546 1937 2850 2008 injucundi
2899 1943 3213 1994 concentus
3271 1941 3622 1997 mentionem

1979 2030 2179 2098 facias,
2203 2032 2260 2082 et
2290 2026 2421 2080 illos
2450 2025 2588 2082 olim
2621 2026 2746 2081 dies
2778 2027 2950 2082 festos
2983 2025 3257 2098 appelles.
3294 2027 3416 2091 Quo
3473 2027 3624 2085 illud

234 2115 600 2186 potissimum
649 2117 1044 2188 colligendum
1095 2117 1220 2184 das,
1254 2121 1310 2174 te
1338 2120 1492 2190 quod
1527 2136 1642 2175 non
1673 2120 1781 2176 hoc
1831 2119 2002 2176 etiam
2051 2122 2311 2188 tempore
2354 2119 2555 2171 nostra
2602 2131 2775 2170 causa
2823 2115 2942 2171 haec
2989 2115 3114 2186 ipsa
3162 2117 3391 2174 efﬁcere
3438 2127 3620 2190 potes,

239 2207 377 2262 haud
414 2208 785 2264 mediocriter
816 2207 1012 2264 animo
1039 2211 1407 2280 commoveri,
1440 2210 1496 2265 id
1532 2213 1682 2282 quod
1728 2210 1911 2267 nihilo
1946 2208 2112 2266 nobis
2159 2207 2403 2262 minoris
2446 2212 2552 2272 est,
2601 2221 2775 2276 quam
2821 2206 2870 2261 si
2920 2207 3034 2262 voti
3085 2209 3267 2264 nostri
3319 2214 3618 2282 compotes

230 2297 618 2353 evaderemus.

235 2443 300 2498 Z'.
335 2439 698 2509 Ἐπιστολή
741 2444 854 2495 τοῦ
894 2443 1283 2520 σοφωτάτου
1325 2443 1711 2518 Νικηφόρου
1750 2444 1862 2496 τοῦ

611 2517 921 2588 Γρηγορᾶ
958 2513 1047 2584 τῷ
1087 2513 1461 2589 Μαγίστρῳ.

306 2652 492 2708 Πολλοί
533 2674 635 2726 μοι
683 2654 774 2708 τὸν
805 2654 896 2708 σὸν
941 2653 1214 2726 ἐμήνυσαν
1263 2657 1490 2730 τρόπον,
1522 2657 1597 2720 ὡς
1639 2655 1862 2730 πλήρης

251 2737 407 2811 ἐγένου
446 2743 730 2803 πολλάκις
780 2743 959 2816 ὁρμῆς
1010 2741 1064 2804 ἐς
1109 2746 1172 2798 τὸ
1223 2748 1450 2820 γράφειν
1499 2748 1656 2817 ἡμῖν.
1690 2743 1864 2801 Ἀλλά

257 2847 325 2890 τις
457 2832 768 2888 ἀντιπάλου
837 2833 1126 2906 φερόμενοι
1199 2834 1488 2910 λογισμὸς,
1545 2834 1865 2909 ἀντέκρουσέ

260 2937 303 2971 τε
327 2920 393 2974 καὶ
423 2922 579 2994 μάλα
627 2919 881 2997 σφοδρῶς
907 2924 1006 2992 τήν
1057 2923 1325 2994 τοιαύτην
1357 2925 1535 2998 ὁρμὴν
1586 2925 1866 3000 ἀτεχαίτι-

257 3026 340 3075 σεν,
382 3009 525 3066 α’ίτια
586 3005 1047 3084 προϐαλλόμενος
1101 3014 1238 3086 πρός
1293 3033 1352 3087 γε
1401 3019 1518 3075 τοῖς
1565 3012 1759 3074 ἄλλοις
1803 3013 1865 3067 τὸ

252 3099 392 3166 μήπω
418 3121 474 3154 τε
512 3103 658 3172 ἡμῖν
711 3098 1107 3174 συγγεγονέναι,
1146 3103 1274 3172 μήτ’
1313 3101 1500 3162 ἄλλως
1552 3103 1739 3175 μαθεῖν
1774 3103 1866 3157 τὸν

246 3187 479 3261 ἡμέτερον
526 3189 762 3264 τρόπον,
794 3190 987 3252 ὁποῖος
1023 3208 1036 3220 ’
1091 3190 1227 3244 εἶναι
1281 3191 1383 3267 γὰρ
1428 3189 1744 3266 πολυσχιδῆ
1775 3193 1862 3246 καὶ

243 3277 360 3330 πάνυ
402 3299 483 3334 τοι
545 3277 760 3356 σφόδρα
808 3277 1040 3353 διάφορα
1094 3281 1185 3334 καὶ
1240 3278 1556 3336 δυσείκαστα
1600 3287 1706 3336 τῶν
1767 3282 1855 3336 ἀν·
1889 3306 1937 3370 C

242 3366 444 3438 θρώπων
491 3372 560 3424 τὰ
614 3369 721 3438 ἤθη
773 3368 864 3422 καὶ
910 3365 1115 3424 δεῖσθαι
1169 3375 1375 3444 μακρᾶς
1429 3373 1706 3432 συνουσίας
1767 3371 1857 3426 καὶ

241 3453 408 3530 πείρας
451 3459 605 3518 τινὸς
656 3452 915 3531 ἀκριϐοῦς
967 3459 1042 3520 εἷς
1095 3457 1422 3533 κατάληψιν.
1475 3460 1572 3514 Καὶ
1626 3459 1859 3534 ἐπῄνεσα

240 3546 292 3612 νὴ
332 3547 446 3608 τοὺς
485 3549 689 3622 λόγους
740 3547 851 3624 ἐγὼ
897 3549 1121 3618 ταυτηνὶ
1178 3552 1276 3618 τήν
1326 3549 1552 3620 δειλίαν,
1599 3551 1688 3605 καὶ
1747 3551 1860 3606 ἆνε-

242 3636 457 3706 μνήσθην
508 3636 718 3692 ἐκείνου
766 3641 862 3691 τοῦ
923 3636 1098 3708 μύθου
1155 3643 1256 3692 τοῦ
1317 3639 1586 3696 Ἀττικοῦ.
1635 3642 1726 3701 Ὃς
1775 3645 1861 3695 Ἡ-

240 3725 427 3800 φαίστῳ
453 3728 544 3782 τὸν
594 3731 802 3799 Μῶμον
851 3725 1054 3801 εῗσάγει
1107 3729 1455 3804 μεμφόμενον
1504 3731 1587 3784 ὅτι
1643 3731 1718 3801 μη
1765 3731 1860 3783 θύ-

238 3832 320 3885 ρας
365 3813 446 3870 ἐπὶ
496 3822 609 3872 τῶν
666 3815 1011 3890 ἀνθρῶπίνων
1068 3817 1334 3888 πεποίηκε
1391 3818 1618 3893 στέρνων
1674 3818 1858 3888 ὁπότε,

238 3904 403 3972 φησὶν,
432 3903 792 3978 ἐδημιούργει
839 3905 931 3959 τὸν
976 3902 1258 3978 ἄνθρωπον
1295 3925 1308 3937 ·
1356 3907 1391 3975 ἦ
1423 3908 1526 3982 γάρ
1574 3906 1634 3961 ἂν
1681 3907 1857 3962 αὐτῶν

238 3993 580 4068 ἂνοιγομὲνων
619 3995 785 4050 ὁπότε
824 3994 1020 4069 ἐχρῆν,
1062 3993 1225 4065 δῆλα,
1268 3997 1423 4071 φησὶ,
1455 3998 1544 4051 καὶ
1578 4004 1694 4060 τοῖς
1726 3993 1861 4069 ἔξω·

239 4081 313 4134 θεν
340 4083 593 4155 ὁμιλοῦσι
622 4085 690 4139 τὰ
734 4079 880 4139 ἔνδον
928 4085 1148 4161 ὑπῆρχε
1196 4084 1572 4158 βουλεύματα.
1608 4088 1753 4162 Ἐγὼ
1803 4085 1858 4142 δὲ

239 4171 361 4239 μήτε
392 4173 676 4246 μεμεῖσθαί
724 4194 782 4228 σε
827 4173 1014 4247 κρίνας
1043 4171 1095 4228 ἐν
1143 4175 1358 4236 τούτοις
1408 4173 1574 4243 εἰκὸς,
1607 4176 1694 4230 καὶ
1745 4178 1856 4246 ἅμα

236 4259 389 4324 πάσας
433 4265 529 4326 τὰς
570 4262 824 4325 τοιαύτας
871 4264 1166 4339 προφάσεις
1213 4265 1453 4333 καθάπαξ
1505 4264 1857 4336 παραλλάξας

235 4349 312 4400 καὶ
357 4348 587 4420 ὑπερϐὰς
638 4351 896 4424 ὁμιλήσω
935 4373 1021 4406 σοι
1071 4352 1159 4407 καὶ
1209 4352 1488 4428 πόρῥωθεν
1537 4353 1644 4424 ἤδη
1696 4355 1856 4410 καθᾶ-

237 4454 321 4509 περ
350 4443 557 4511 συνήθει
589 4443 678 4496 καὶ
727 4441 896 4518 φίλῳ,
927 4443 1063 4516 πρὸς
1110 4443 1280 4514 μόνην
1321 4444 1492 4512 αὐτὴν
1538 4440 1853 4519 ἀποϐλέψας

237 4526 322 4592 τὴν
375 4532 660 4585 κοινωνίαν
711 4528 808 4586 τοῦ
868 4529 1057 4606 λόγου.
1117 4535 1182 4587 Ἡ
1240 4533 1335 4603 μὲν
1400 4534 1503 4606 γάρ
1562 4535 1850 4607 παροιμία,

237 4618 371 4670 κοινὰ
395 4618 458 4673 τὰ
485 4624 598 4674 τῶν
645 4618 822 4696 φίλων
850 4619 987 4674 εἶναι
1033 4619 1309 4693 φάσκουσα
1355 4619 1487 4693 δεῖν,
1518 4623 1616 4690 τὴν
1665 4621 1851 4700 φιλίαν

1971 2442 2090 2500 VII.
2125 2441 2538 2513 Sapientiuimi
2567 2443 2675 2568 sig
2703 2441 2991 2566 Nictsphori
3018 2440 3264 2513 Gregorii:
3284 2443 3515 2513 epistola
3543 2444 3614 2499 ad

2669 2529 2785 2568 am:
2801 2529 2959 2568 rum.

2669 2529 2935 2584 agmrum
2947 2556 2959 2569 .

2041 2656 2167 2712 Jam
2200 2673 2232 2711 a
2265 2656 2528 2724 pluribus
2560 2657 2632 2710 de
2689 2661 2743 2710 te
2792 2655 3020 2726 tuisque
3066 2656 3325 2712 moribus
3382 2673 3606 2714 renun-

1971 2744 2176 2800 tiatum
2201 2743 2344 2799 mihi
2380 2745 2677 2815 fuit,quod
2712 2761 2842 2800 cum
2873 2743 3042 2815 pleno
3083 2745 3293 2816 saepius
3322 2746 3393 2800 ad
3453 2747 3605 2802 scri-

1969 2833 2223 2888 bendum
2277 2833 2440 2888 nobis
2490 2834 2706 2902 impetu
2758 2831 2986 2899 fuisses,
3025 2834 3287 2904 quaedam
3349 2850 3477 2889 mox
3533 2851 3601 2890 ex

1971 2920 2210 2976 adverso
2242 2921 2518 2988 ingruens
2551 2920 3014 2992 cogitatio,huno
3050 2920 3243 2992 ipsum
3275 2921 3603 2977 vehementi

1972 3011 2081 3064 nisi
2117 3011 2391 3065 retuderit
2422 3016 2598 3080 atque
2628 3009 3040 3064 suiﬂaminarit
3072 3011 3378 3080 impetum,
3399 3016 3607 3082 prieter

1971 3100 2084 3155 alia
2113 3104 2170 3154 et
2201 3100 2306 3154 hoc
2338 3100 2527 3170 ipsum
2562 3115 2750 3153 causes
2781 3098 2902 3153 loco
2922 3108 3260 3169 praetexens,
3285 3102 3440 3171 quod
3467 3117 3605 3158 neo-

1970 3189 2106 3243 dum
2144 3205 2246 3243 nos
2280 3189 2668 3253 convenisses,
2701 3203 2804 3242 nec
2836 3188 3069 3243 aliunde
3114 3195 3382 3244 naturam
3427 3189 3604 3247 indo-

1970 3278 2201 3348 lemque
2243 3283 2542 3344 nostram;
2596 3277 2926 3347 cujusmodi
2984 3287 3150 3344 esset,
3196 3281 3602 3352 percepissee:

1969 3368 2155 3422 scissa
2176 3368 2330 3422 enim
2369 3367 2768 3433 multifariam,
2801 3371 2858 3422 et
2891 3366 3133 3422 nimium
3187 3378 3471 3439 quantum
3512 3371 3603 3425 di-

1967 3473 2153 3524 versa,
2174 3462 2229 3511 et
2260 3457 2330 3512 ad
2365 3455 2807 3526 conjectandum
2825 3472 3104 3527 perquam
3137 3459 3389 3514 obscura
3409 3459 3608 3515 homi-

1967 3562 2110 3599 num
2141 3562 2267 3600 esse
2297 3545 2551 3616 ingenia,
2588 3545 2872 3616 longoque
2906 3561 3011 3599 usu
3043 3553 3094 3599 et
3143 3553 3416 3602 accurata
3471 3565 3607 3620 qua-

1969 3636 2102 3688 dam
2186 3632 2608 3704 periclitatione
2665 3649 2811 3702 opus
2875 3649 3018 3700 esse,
3086 3635 3157 3688 ad
3235 3651 3302 3689 ea
3378 3638 3607 3705 penitus

1970 3723 2438 3793 introspicienda.
2483 3722 2667 3787 Quam
2728 3737 2831 3792 ego
2890 3721 3261 3778 formidinem
3313 3729 3494 3791 tuam,
3527 3725 3607 3782 ita

1971 3829 2062 3866 me
2093 3812 2268 3867 Musas
2298 3811 2698 3878 ament,etiam
2733 3810 3146 3877 laudabam;et
3164 3811 3604 3870 simulAtticam

1969 3901 2126 3955 illam
2162 3901 2504 3956 recordabar
2552 3900 3019 3971 fabellam;quaa
3075 3901 3329 3958 Momum
3388 3903 3498 3958 hoc
3545 3905 3605 3960 in

1968 3989 2225 4045 Vulcano
2285 3990 2806 4060 reprehendentem
2861 3989 3110 4059 inducit,
3152 3991 3307 4061 quod
3389 3991 3606 4063 pectori

1969 4081 2243 4147 humano,
2277 4096 2409 4134 cum
2443 4079 2761 4145 hominem,
2792 4085 2850 4133 ut
2895 4080 2996 4145 ait,
3027 4079 3420 4149 fabricaretur,
3455 4081 3607 4137 ostia

1967 4189 2081 4227 non
2109 4168 2496 4243 apposuisset.
2530 4167 2622 4236 Iis,
2643 4169 2821 4234 enim,
2848 4168 2945 4222 ubi
2979 4185 3123 4223 usus
3154 4173 3308 4224 esset
3337 4171 3604 4236 reclusis,

1965 4262 2327 4317 extrinsecus
2375 4274 2506 4313 cum
2557 4255 2685 4328 ipso
2745 4256 3070 4327 agentibus,
3103 4257 3387 4330 quidquid
3449 4259 3606 4315 intus

1967 4348 2459 4407 machinationum
2502 4345 2723 4411 lateret,
2758 4346 3129 4401 manifestum
3178 4347 3462 4402 futurum.
3489 4348 3605 4420 Ego

1965 4458 2097 4497 vero
2131 4456 2232 4494 nec
2265 4439 2322 4492 in
2367 4438 2456 4492 his
2489 4446 2539 4490 te
2572 4435 2783 4490 imitari
2817 4452 3049 4506 equum
3085 4445 3261 4504 ratus,
3293 4445 3347 4492 et
3402 4454 3606 4494 omnes

1965 4531 2177 4601 pariter
2232 4528 2287 4582 id
2349 4542 2533 4597 genus
2594 4527 2899 4596 pratextus
2983 4525 3150 4594 plane
3199 4531 3604 4595 praetervectus

1963 4624 2497 4688 transgressusque,
2532 4630 2597 4668 eo
2628 4618 2818 4668 tecum
2848 4613 3020 4668 modo
3061 4630 3251 4684 agam,
3283 4614 3442 4669 velut
3470 4630 3604 4672 cum

658 4676 668 4696 Ι
1046 4676 1055 4693 ³
1472 4676 1487 4693 ⁷
1574 4676 1585 4690 ⁸
1678 4676 1687 4700 Ι
1731 4676 1841 4678 Hii-7

238 4698 386 4759 α’ίτιον
438 4715 536 4775 τῆς
605 4708 891 4769 κοινωνίας
966 4709 1256 4783 προτίθησι
1308 4714 1415 4764 τῶν
1490 4713 1848 4786 πραγμάτων.

1970 4710 2256 4778 pervetera
2299 4703 2624 4758 necessario
2682 4719 2745 4755 ac
2821 4703 3030 4768 amico,
3088 4701 3148 4756 in
3231 4704 3383 4774 quod
3455 4703 3602 4758 nihil

239 4790 358 4868 Ἐγὼ
410 4794 466 4852 δὲ
519 4798 826 4854 τούναντίον
883 4799 983 4867 τήν
1039 4799 1324 4854 κοινωνίαν
1377 4803 1474 4854 τοῦ
1521 4801 1845 4876 πράγματος

238 4880 387 4938 αἰτίαν
430 4887 667 4963 γίνεσθαι
717 4888 848 4957 ἀξιῶ
892 4894 992 4957 τῆς
1038 4885 1249 4964 φιλίας.
1293 4890 1496 4963 ’Ὠσπερ
1539 4890 1642 4963 γὰρ
1695 4891 1848 4944 κοινὰ

235 4969 292 5022 τὰ
330 4979 420 5040 τῆς
475 4976 683 5052 φύσεως
731 4973 938 5031 δίδοται
994 4977 1084 5030 καὶ
1141 4975 1428 5039 πλουσίοις
1487 4979 1576 5031 καὶ
1631 4979 1843 5048 πένησι,

237 5057 312 5110 καὶ
351 5060 464 5118 οῦτε
509 5069 588 5136 τῷ
639 5063 856 5139 βασιλεῖ
906 5066 1040 5138 μετὰ
1081 5072 1181 5133 τῆς
1230 5067 1514 5142 πορφύρας
1561 5070 1844 5142 γεννᾶσθαι

237 5148 505 5222 χαρίζεται,
536 5152 649 5208 οὔτ’
697 5153 762 5207 αὗ
807 5157 887 5224 τῷ
935 5153 1182 5227 βαναύσῳ
1234 5155 1370 5225 μετὰ
1417 5159 1514 5209 τοῦ
1556 5150 1844 5229 τρίϐωνος,

240 5232 365 5292 ἀλλὰ
388 5243 615 5316 γυμνοὺς
662 5240 1001 5320 ἀμφοτέρους
1034 5244 1109 5304 εἰς
1150 5244 1241 5298 τὸν
1277 5245 1394 5318 βίον
1426 5244 1595 5320 ἐξάγει
1631 5266 1641 5274 ·
1699 5245 1842 5301 οὕτω

237 5325 370 5396 καὶή
417 5334 571 5408 σοφία
615 5332 743 5394 τοὺς
793 5332 988 5402 ἑαυτῆς
1036 5332 1338 5412 τροφίμους
1383 5333 1572 5403 ἐπίσης
1625 5335 1840 5407 μαιεύε-

238 5429 312 5465 ται
352 5418 555 5488 πάνιας,
596 5421 684 5476 καὶ
734 5419 901 5493 ὅμοια
952 5421 1019 5476 τὰ
1065 5427 1163 5490 τῆς
1217 5419 1461 5483 παιδείας
1517 5421 1679 5476 ἅπασι
1730 5419 1844 5476 δια-

239 5499 387 5573 νέμει,
413 5509 495 5562 καὶ
524 5507 731 5584 ἀδελφά
775 5515 988 5588 φρονεῖν
1038 5509 1312 5581 ἀλλήλοις
1351 5513 1438 5567 καί
1493 5511 1738 5586 αὐτοφυᾶ
1783 5532 1840 5568 τε

239 5591 314 5679 καὶ
340 5593 702 5654 αύτοδίδακτὸν
731 5593 878 5675 ἔχειν
912 5599 1052 5669 ἀξιοῖ
1079 5602 1178 5669 τήν
1221 5599 1430 5679 φιλίαν.
1467 5600 1528 5656 Εἰ
1562 5598 1607 5655 δ’
1657 5599 1840 5676 ὥσπερ

242 5678 271 5743 ἦ
313 5680 448 5755 φύσις
491 5692 754 5762 προϊοῦσα
795 5687 1143 5743 ποικίλλεται
1174 5678 1442 5758 παίζουσα
1487 5690 1586 5758 τὴν
1632 5691 1835 5760 σκηνὴν

241 5770 331 5822 τῶν
381 5769 589 5831 ἐνταῦθα
639 5775 923 5846 ἐνυπνίων,
981 5775 1072 5830 καὶ
1120 5776 1502 5855 συμφερομένη
1563 5782 1680 5832 τοῖς
1737 5784 1836 5848 τῆς

525 5879 775 5939 Panos.
819 5880 932 5938 Gn.
978 5875 1198 5940 CXLV.

1958 4795 2114 4850 aliud
2188 4809 2364 4864 quam
2438 4792 2760 4847 litterarum
2847 4791 3288 4861 studiorumque
3353 4793 3603 4862 respicio

1957 4884 2455 4940 communionem.
2509 4879 2652 4935 Cum
2697 4879 2875 4947 enim,
2937 4881 3085 4950 quod
3129 4896 3220 4935 res
3279 4881 3597 4936 amicorum

1955 4987 2298 5028 communes
2327 4987 2450 5025 esse
2481 4974 2742 5041 oportere
2760 4968 3323 5039 affirmatadagium,
3358 4984 3600 5027 causam

1956 5060 2408 5128 communionis,
2458 5058 2797 5122 amicitiam,
2852 5057 3021 5112 rebus
3083 5057 3226 5126 ipsis
3286 5060 3602 5131 praestruit,

1954 5159 2156 5209 contra
2185 5168 2251 5206 ea
2300 5151 2378 5205 rei
2427 5150 2614 5220 ipsius
2671 5150 3164 5213 communionem,
3195 5163 3430 5203 causam
3482 5166 3590 5221 ego

1953 5259 2080 5298 esse
2130 5242 2257 5296 volo
2310 5239 2598 5295 amicitiai.
2633 5237 2856 5309 Quippe
2895 5237 3392 5307 quemadmodum
3439 5255 3600 5294 com-

1955 5332 2152 5387 munia
2183 5329 2462 5384 divitibus
2519 5333 2575 5383 et
2631 5326 2825 5398 egenis
2883 5329 3105 5380 natura
3163 5342 3401 5380 munera
3461 5332 3599 5382 sunt

1951 5421 2166 5488 omnia,
2200 5419 2432 5490 quando
2466 5433 2568 5471 nec
2602 5417 2714 5487 regi
2748 5431 2879 5469 cum
2913 5431 3176 5486 purpura
3210 5417 3367 5469 nasci
3403 5416 3598 5471 indul-

1948 5515 2066 5582 get,
2101 5525 2204 5564 nec
2235 5506 2423 5578 opifici
2443 5505 2739 5560 sellulario
2761 5520 2891 5558 cum
2917 5502 3129 5559 scissili
3153 5502 3470 5576 palliastro,
3497 5507 3595 5561 sed

1949 5599 2136 5654 nudos
2185 5603 2460 5666 utrosque
2490 5595 2551 5650 in
2605 5594 2781 5648 vitam
2828 5592 3073 5648 educit:
3108 5592 3188 5648 ita
3247 5593 3371 5648 suis
3420 5595 3594 5649 etiam

1949 5686 2204 5743 alumnis
2233 5683 2504 5741 omnibus
2527 5682 2761 5738 easdem
2794 5696 2995 5751 opera
3051 5681 3418 5736 olistetricias
3451 5697 3594 5752 pra:-

1947 5782 2066 5836 stat
2098 5776 2384 5850 sapientia
2413 5779 2470 5831 et
2499 5772 2712 5831 similia
2733 5773 2959 5828 cunctis
2980 5769 3253 5827 doctrinm
3295 5770 3593 5831 distribuit

3197 5869 3272 5928 14
