4062 6308
459 438 577 496 427

1751 439 2143 501 THEODUL]
2192 434 2543 498 MONACHI

3736 438 3850 499 428

461 589 724 642 munera,
757 572 984 643 sibique
1024 576 1226 628 mutuo
1273 572 1558 629 fraternos
1607 574 1836 630 animos
1880 591 2089 648 gerere,

2212 571 2351 641 ὕλης
2383 569 2624 645 εύρίποις
2656 571 2730 630 ὥς
2761 569 2828 624 τά
2869 565 3076 638 πολλὰ,
3109 567 3253 622 οὕτω
3281 569 3371 622 καὶ
3419 569 3618 640 ταύτην
3665 571 3850 646 φήσειέ

459 679 525 718 ac
545 675 760 718 naturae
780 665 1030 734 quodam
1049 664 1331 719 instinctu
1350 665 1582 720 insitam
1608 673 2099 736 monstratamque

458 752 647 808 fovere
707 753 1215 820 necessitudinem,
1268 754 1544 825 praecipit.
1608 755 1705 809 Sin
1763 762 1978 813 autem,
2040 757 2100 808 ut

457 846 664 896 natura
687 857 990 913 progressu
1009 842 1288 912 temporis
1314 843 1590 908 variatur,
1613 845 1753 898 dum
1778 843 2101 899 ludibunda

455 931 839 995 somniorum,
865 948 992 1002 quae
1028 931 1120 985 his
1151 931 1210 985 in
1245 933 1412 986 terris
1443 937 1598 998 sunt,
1634 949 1866 987 scenam
1924 933 2100 985 ador-

456 1023 576 1087 nat,
608 1024 667 1074 et
719 1036 836 1074 una
880 1036 1009 1074 cum
1063 1019 1318 1075 materiai
1368 1021 1618 1091 Euripis,
1670 1027 1734 1076 ut
1783 1020 2097 1092 plurimum

453 1107 922 1163 circumvertitur
953 1124 968 1162 :
1002 1108 1074 1160 ita
1108 1116 1159 1162 et
1193 1107 1638 1164 familiaritatem
1677 1110 1824 1165 hanc
1855 1126 1923 1164 ex
1973 1125 2100 1164 ma-

455 1196 596 1251 terie
634 1195 833 1251 itidem
868 1198 1197 1252 necessario
1231 1199 1500 1269 pendere,
1541 1198 1741 1269 illique
1788 1203 2094 1254 consenta-

453 1301 619 1340 neam
655 1285 802 1348 fieri.
836 1292 893 1340 et
922 1302 1342 1357 nonnunquam
1377 1287 1690 1353 conﬂuere,
1720 1292 1776 1343 et
1827 1287 2100 1342 facillime

453 1390 661 1430 rursus
711 1374 1040 1443 abscedere,
1074 1375 1362 1446 quispiam
1415 1377 1747 1444 contendat,
1777 1375 1915 1430 illud
1955 1375 2099 1430 mibi

454 1463 599 1520 nihil
633 1464 942 1519 admodum
978 1465 1048 1518 ad
1085 1480 1200 1518 rem
1233 1470 1422 1519 tacere
1453 1466 1820 1532 censebitur;
1857 1465 2099 1520 minime

449 1556 602 1610 enim
653 1555 1250 1625 ejusmodiﬂuctuum
1289 1573 1595 1612 murmura
1617 1558 2096 1629 extimescit,que

449 1649 604 1699 recte
638 1649 805 1714 atque
835 1645 1040 1698 ordine
1077 1646 1318 1699 fundata
1349 1651 1436 1700 est
1467 1647 1740 1711 amicitia,
1773 1664 1972 1702 verum
2007 1648 2098 1702 in-

455 1733 764 1787 ferioribus
821 1733 1096 1789 omnibus
1149 1735 1385 1789 omissis
1449 1753 1515 1790 ac
1573 1735 1807 1801 relictis,
1861 1753 2094 1791 sursum

449 1828 752 1892 perpetuo,
785 1824 851 1876 ad
903 1824 1034 1878 illos
1073 1834 1331 1895 expertes
1378 1824 1591 1879 erroris
1641 1841 1830 1879 rerum
1885 1827 2094 1893 fontes,

449 1910 659 1965 animae
707 1909 924 1965 attollit
975 1910 1192 1976 oculos,
1228 1919 1281 1965 et
1337 1911 1592 1966 indidem
1645 1914 1782 1982 jura
1838 1913 2094 1969 veritatis

454 1999 780 2055 rectissime
827 1999 1119 2055 edocetur.
1165 2000 1298 2063 Qua;
1342 2017 1474 2057 vero
1519 2003 1751 2058 inﬁrma
1798 2003 1906 2057 sibi
1956 2003 2094 2057 sub-

451 2089 656 2142 sternit
692 2088 1089 2156 fundamenta,
1133 2106 1196 2143 ea
1251 2107 1481 2145 manere
1529 2093 1733 2158 nescit,
1785 2093 1884 2146 sed
1938 2092 2093 2147 brevi

455 2177 798 2232 convellitur
852 2183 908 2232 et
963 2178 1264 2246 dilabitur,
1325 2182 1466 2251 quin
1522 2190 1576 2237 et
1633 2183 1702 2236 ad
1760 2183 2093 2251 oppositum

455 2282 877 2337 nonnunquam
939 2283 1232 2322 recurrere
1279 2269 1480 2324 vitium
1539 2271 1903 2340 (inimicitias
1961 2272 2093 2325 odi-

451 2359 688 2425 umque)
744 2373 855 2410 non
905 2363 1149 2411 veretur.
1207 2357 1308 2412 Cui
1364 2375 1492 2423 nos,
1550 2374 1683 2414 cum
1745 2360 1936 2414 Samio
1992 2359 2091 2414 illo

446 2441 798 2512 Pythagora,
857 2445 1049 2496 inanes
1105 2443 1343 2498 tumulos
1413 2445 1617 2499 merito
1675 2446 1915 2517 erigere,
1977 2461 2090 2500 non

459 2529 615 2584 illam
697 2530 934 2596 imitari,
1016 2530 1313 2600 jubemus,
1385 2539 1584 2604 utpote
1658 2551 1784 2603 quae
1863 2552 1893 2589 e
1974 2536 2092 2588 vita

453 2620 521 2674 ad
603 2620 904 2674 interitum
982 2621 1088 2674 hoc
1160 2623 1273 2676 fere
1347 2633 1511 2692 pacto
1585 2625 1919 2697 transfugit.
2001 2624 2092 2679 Sic

449 2724 551 2780 ego
599 2708 896 2763 scminalia
938 2711 1195 2779 quidem,
1252 2715 1348 2766 sed
1395 2713 1560 2767 firma
1616 2731 1680 2768 ac
1733 2725 1883 2769 cerla
1942 2713 2088 2769 ami-

366 2796 370 2799 ’
453 2797 599 2853 cilia
633 2798 896 2869 pignora,
929 2805 993 2851 ut
1031 2799 1188 2868 prior
1236 2801 1338 2855 tibi
1386 2803 1664 2856 traderem
1714 2814 1916 2874 sponte
1967 2821 2093 2860 mea

447 2886 738 2942 adductus
769 2904 912 2953 sum,
948 2889 1138 2958 utqui
1189 2890 1410 2960 priores
1460 2891 1588 2945 illas
1627 2893 2091 2962 suspiciunculas

450 2973 693 3030 minime
724 2977 1028 3046 cauponari
1062 2993 1318 3046 possem,
1351 2978 1474 3047 ejus
1504 2984 1712 3047 autem,
1748 2981 1898 3050 quod
1935 2981 2090 3035 futu-

450 3078 576 3116 rum
621 3069 762 3131 erat,
797 3062 1092 3134 conjector
1142 3065 1355 3135 pariter
1405 3073 1463 3120 et
1510 3073 1662 3122 vates
1711 3068 1862 3122 haud
1911 3069 2089 3126 falsus

445 3167 512 3204 ex
549 3153 764 3206 nostris
799 3153 1059 3206 moribus
1091 3169 1298 3208 essem.
1321 3155 1446 3209 Jam
1482 3156 1528 3210 si
1563 3173 1629 3210 ex
1664 3157 1733 3211 iis
1781 3174 1908 3228 quas
1953 3175 2091 3214 nas-

445 3244 662 3295 cuntur
709 3246 1128 3312 moventurque
1177 3242 1376 3308 rebus,
1425 3261 1784 3315 quaecunque
1831 3247 2085 3302 immotae

449 3346 682 3384 manere
731 3329 938 3396 solent,
980 3341 1305 3401 aegrescunt
1336 3341 1393 3387 et
1423 3342 1724 3404 marcent;
1787 3337 1988 3407 utique
2035 3345 2089 3392 et

442 3424 638 3473 nostra
691 3418 1029 3488 bujusmodi
1079 3421 1344 3475 amicitiae
1403 3424 1777 3480 conveniente
1834 3426 2088 3496 quodam

445 3513 606 3562 motu
643 3524 789 3577 opus
821 3509 949 3573 erit,
1002 3525 1072 3563 ne
1125 3510 1180 3562 in
1224 3512 1409 3581 primo
1457 3517 1582 3567 ortu
1625 3515 1863 3569 morbus
1912 3515 2088 3569 inter-

443 3597 660 3663 veniat,
684 3597 817 3650 etin
843 3596 1024 3652 herba
1048 3598 1166 3670 ipsa
1209 3615 1528 3656 marcorem
1561 3605 1885 3660 contrahat.
1944 3605 2086 3659 Tum

441 3686 721 3756 quoniam
762 3688 915 3742 inter
947 3696 1259 3759 praesentes
1291 3692 1476 3746 mutui
1509 3699 1796 3762 aspectus,
1822 3695 1970 3750 inter
1991 3712 2090 3752 eos

443 3790 577 3828 vero
611 3790 756 3844 quos
789 3785 950 3830 terrae
1009 3778 1306 3848 marisque
1352 3779 1671 3852 longinqua
1719 3784 1904 3853 spatia
1937 3783 2090 3838 divi-

445 3863 612 3928 dunt,
645 3864 958 3920 amicitiam
1014 3867 1166 3921 alere
1215 3874 1428 3923 norunt
1475 3871 1678 3924 litterae
1711 3888 1726 3927 :
1762 3888 1866 3928 nec
1897 3873 2085 3940 nobis,

442 3955 560 4004 tam
606 3951 774 4024 longe
814 3953 1148 4022 disjunctis,
1182 3956 1250 4010 ad
1304 3973 1557 4026 praesens
1604 3960 1935 4015 institutum
1996 3962 2088 4018 bis

442 4039 822 4094 internuntiis
849 4043 928 4095 uti
954 4045 1328 4111 cessandum,
1355 4062 1483 4115 quae
1508 4045 1645 4102 sola:
1677 4047 1833 4103 velut
1854 4049 2088 4120 loquen-

443 4132 528 4182 tes
581 4128 874 4184 silentinm
930 4131 1292 4200 ingeniorum
1355 4135 1686 4205 imprimere
1740 4137 1984 4207 colores,
2032 4145 2090 4196 et

444 4217 665 4270 decenti
701 4219 870 4272 modo
902 4219 1249 4290 incorporeas
1282 4222 1489 4278 anima
1537 4226 1824 4297 imagines
1875 4245 2086 4300 reprae-

441 4313 668 4360 sentare
715 4313 982 4376 possunt.
1015 4309 1151 4364 Mihi
1200 4310 1412 4381 itaque,
1469 4316 1566 4384 qui
1618 4316 1764 4370 viam
1817 4317 2085 4374 amicitia

442 4395 598 4464 prior
649 4396 801 4451 velut
850 4401 1072 4469 aperui,
1121 4409 1172 4456 el
1223 4401 1399 4472 plana
1449 4404 1568 4471 tibi,
1621 4421 1745 4476 qua:
1796 4407 2088 4464 salebrosa

442 4489 627 4545 erant.
662 4485 846 4555 effeci,
880 4488 1069 4543 scribe
1122 4506 1340 4560 quaeso,
1375 4500 1427 4545 et
1477 4491 1643 4547 nobis
1673 4495 1950 4561 vicissim,
1985 4497 2083 4568 qui

444 4573 500 4628 in
536 4579 590 4628 te
623 4574 824 4628 insunt
857 4592 1106 4643 morum,
1139 4579 1372 4649 aliquod
1406 4581 1820 4638 documentum
1856 4587 2081 4654 prtebe;

2205 682 2288 722 τις
2337 660 2546 728 ἐκείνης
2597 659 2645 728 ἐξ
2703 659 2943 734 ἀνάγκης
2991 658 3258 731 ἠρτῆσθαι
3308 662 3398 711 καὶ
3450 660 3732 731 ὁμόφρονα
3771 659 3847 736 γί·

2207 751 2408 815 νεσθαι,
2465 748 2554 802 καὶ
2613 746 2825 823 συῤῥεῖν
2883 745 3049 801 ἐνίοτε
3105 746 3196 800 καὶ
3255 747 3390 818 ῥᾷσα
3451 745 3847 818 μεθίστασθαι⁶

2210 837 2334 892 ἀλλ’
2367 835 2518 892 οὐδὲν
2551 833 2738 912 ἔμοιγε
2785 840 2946 890 τοῦτο
2977 836 3111 908 πρὸς
3165 832 3311 896 ἔπος.
3347 841 3411 890 Ἡ
3465 837 3557 908 μὲν
3604 837 3707 910 γὰρ
3749 857 3852 890 σο-

2209 931 2323 1002 φῶς
2351 923 2665 998 ἡδρασμένη
2715 924 2874 1004 φιλία
2903 924 3167 979 τοιούτων
3223 924 3417 997 ῥοθίων
3460 921 3521 978 οὒ
3573 922 3714 979 δέδιε
3758 925 3853 999 ψό-

2207 1037 2359 1093 φους.
2394 1015 2567 1070 Ἀλλά
2609 1017 2780 1069 πάντα
2828 1014 2976 1068 κάτω
3026 1015 3236 1088 χαίρειν
3284 1013 3520 1088 ἀφιεῖσα,
3563 1011 3673 1068 ἄνω
3723 1011 3854 1085 διη-

2206 1109 2374 1167 νεκῶς
2436 1105 2572 1179 πρὸς
2623 1107 2720 1166 τὰς
2782 1103 3042 1165 ἀπλανεῖς
3112 1109 3220 1158 τῶν
3275 1103 3612 1180 πραγμάτων
3673 1106 3852 1180 πηγὰς

2207 1197 2457 1270 ἀναφέρει
2502 1193 2630 1256 τοὺς
2693 1192 3014 1270 ὀφθαλμοὺς
3063 1199 3163 1263 τῆς
3223 1196 3430 1268 ψυχῆς.
3487 1194 3736 1248 Κάκεῖθεν
3785 1193 3854 1250 τὰ

2206 1285 2414 1357 νόμιμα
2468 1287 2568 1353 τῆς
2645 1283 2902 1354 ἀληθείας
2963 1283 3148 1344 καλῶς
3220 1279 3607 1340 ἐκδιδάσκεται.
3667 1284 3730 1338 Ἡ
3801 1280 3851 1337 δ’

2207 1372 2440 1434 ἀσθενεῖς
2489 1371 2585 1433 τὰς
2645 1371 2838 1440 ἑαυτῆς
2915 1371 3230 1425 ὑποτιθεῖσα
3301 1368 3595 1444 κρηπῖδας,
3667 1373 3846 1444 μένειν

2207 1460 2306 1516 οὐκ
2335 1457 2496 1528 οἶδεν,
2529 1458 2657 1514 ἀλλ’
2705 1458 2755 1513 ἒν
2811 1460 3014 1534 βραχεῖ
3059 1458 3395 1514 κατασείεταί
3441 1471 3501 1513 τε
3543 1460 3632 1513 καὶ
3677 1459 3855 1535 ἄπορ-

2208 1551 2310 1623 ῥεῖ.
2342 1555 2492 1604 Ἔστι
2527 1545 2573 1602 δ’
2620 1547 2708 1603 ὅτε
2755 1547 2844 1602 καὶ
2893 1549 3028 1622 πρὸς
3073 1548 3174 1615 τῆν
3228 1546 3519 1602 ἀντίπαλον
3557 1545 3855 1621 παλινδρο-

2210 1643 2328 1711 μεῖν
2367 1637 2464 1692 οὐκ
2515 1636 2746 1693 αῗδεῖται
2795 1637 3000 1693 κακίαν.
3032 1635 3190 1692 Ἀλλ’
3240 1639 3411 1707 ἡμεῖς
3457 1659 3516 1710 γε
3563 1638 3853 1716 κενοτάφια

2206 1728 2294 1781 καὶ
2326 1729 2493 1802 ταύτῃ
2546 1724 2768 1788 δικαίως
2816 1726 2952 1780 κατά
3000 1726 3092 1781 τὸν
3145 1725 3461 1800 Πυθαγόραν
3512 1726 3709 1780 ἐκεῖνον
3758 1727 3853 1781 τὸν

2207 1816 2410 1889 Σάμιον
2460 1817 2713 1891 ἐγείρειν,
2763 1815 2893 1870 ἀλλ’
2926 1817 2994 1870 ού
3050 1816 3333 1887 μιμεῖσθαι
3382 1813 3699 1886 κελεύομεν,
3757 1811 3855 1870 ἅτε

2126 1943 2170 2008 Β
2205 1908 2342 1981 πρὸς
2392 1907 2614 1961 θάνατον
2669 1905 2727 1960 ἐκ
2785 1911 2932 1974 ζωῆς
2993 1904 3198 1960 οὑτωσί
3255 1926 3372 1966 πως
3429 1904 3848 1980 αὐτομολούσῃ.

2208 1995 2272 2008 -..
2437 1995 2451 2008 .
2511 1997 2524 2008 .
2907 1996 2920 2008 ς
3019 1994 3033 2008 .
3152 1990 3247 2008 η..
3391 1991 3437 2008 ς..
3671 1996 3683 2008 .
3777 2001 3806 2008 _

2201 1995 2385 2056 Οὕτως
2434 1995 2542 2072 ἐγὼ
2592 1996 2929 2070 σπερματικά
2979 1994 3097 2067 μὲν,
3151 1990 3343 2068 βέϐαια
3388 1991 3444 2048 δέ
3495 2015 3579 2048 σοι
3627 1996 3693 2049 τά
3738 2001 3845 2064 τῆς

2201 2083 2386 2160 φιλίας
2463 2084 2687 2158 ἐνέχυρα
2758 2081 3187 2158 προκαταθέσθαι
3251 2084 3668 2156 προεθυμήθην,
3734 2105 3846 2156 μη-

2201 2169 2348 2246 δαμῆ
2379 2172 2708 2243 καπηλεύειν
2750 2172 2844 2235 τὰς
2889 2170 3189 2246 ἔμπροσθεν
3239 2171 3472 2244 ὑποψίας
3521 2168 3840 2246 δυνάμενος,

2198 2261 2343 2317 ἀλλά
2375 2262 2680 2336 ποχαστὴς
2727 2263 2869 2334 ὁμοῦ
2898 2259 2989 2314 καὶ
3042 2259 3230 2332 μάντις
3277 2258 3522 2322 ἀπλανὴς
3553 2264 3649 2314 τοῦ
3699 2260 3837 2332 μέλ-

2199 2351 2388 2413 λοντος
2438 2350 2496 2406 ἐκ
2537 2355 2642 2404 τῶν
2701 2351 2978 2424 ἡμετέρων
3034 2349 3323 2423 γινόμενος
3374 2349 3614 2423 τρόπων.
3669 2349 3726 2404 Εἰ
3776 2347 3840 2404 δὲ

2196 2445 2301 2495 τῶν
2354 2440 2405 2496 έν
2456 2440 2655 2516 γενέσει
2706 2441 2796 2494 καὶ
2851 2441 3058 2509 κινήσει
3107 2439 3444 2514 πραγμάτων
3503 2439 3676 2494 ὁπόσα
3741 2439 3842 2512 μέ-

2197 2551 2300 2584 νειν
2351 2528 2546 2596 ἐθέλει,
2608 2534 2756 2583 νοσεῖ
2805 2528 2894 2582 καὶ
2953 2528 3287 2601 μαραίνεται,
3343 2524 3425 2581 δεῖ
3475 2531 3542 2601 τῇ
3603 2527 3836 2603 τοιαύτῃ

2200 2618 2356 2698 φιλίᾳ
2412 2617 2607 2673 λοιπόν
2658 2618 2748 2672 καὶ
2805 2623 2905 2686 τῆς
2965 2617 3347 2691 ἁρμοττούσης
3402 2619 3690 2686 κινήσεως,
3744 2615 3843 2672 ’ἱνα

2202 2711 2277 2783 μῆ
2308 2708 2358 2763 ἐν
2404 2712 2472 2782 τῇ
2518 2707 2722 2782 βλάστῃ
2766 2708 2828 2761 τὸ
2868 2707 3086 2778 νόσημα
3132 2706 3375 2782 γένηται,
3425 2707 3520 2760 κάν
3569 2709 3636 2778 τῇ
3688 2706 3844 2784 χλόῃ

2195 2800 2286 2854 τὸν
2346 2799 2626 2872 μαρασμὸν
2705 2795 2989 2869 ὑπομείνῃ.
3055 2796 3205 2850 Ἐπεὶ
3282 2794 3460 2849 τοίνυν
3513 2790 3664 2868 ὄψεις
3741 2797 3840 2867 μὲν

2198 2889 2284 2944 ἐπὶ
2329 2892 2438 2943 τῶν
2491 2886 2780 2953 συνόντων,
2824 2884 2909 2938 ἐπὶ
2961 2881 3018 2938 δὲ
3055 2888 3164 2938 τῶν
3208 2882 3397 2960 πόῤῥω
3442 2905 3548 2938 που
3595 2887 3696 2959 γῆς
3745 2884 3837 2938 καὶ

2197 2979 2469 3046 θαλάττης
2545 2975 2940 3048 ἀπῳκισμένων
3021 2973 3322 3048 γράμματα
3392 2974 3603 3049 τρέφειν
3680 2971 3828 3026 ’ἴσασι

2193 3068 2293 3135 τήν
2349 3065 2555 3145 φιλίαν,
2614 3064 2718 3118 οὒκ
2785 3063 3041 3133 ὀκνητέον
3109 3063 3502 3139 ἀφισταμένους
3580 3065 3827 3116 τοσοῦτον

2195 3160 2588 3232 παραπομποῖς
2621 3153 2805 3214 αὐτοῖς
2854 3152 2944 3206 καὶ
2990 3153 3155 3224 ἡμᾶς,
3202 3151 3338 3226 πρός
3387 3172 3449 3228 γε
3491 3153 3591 3220 τὴν
3640 3153 3830 3224 παροῦ-

2201 3266 2293 3299 σαν
2347 3245 2593 3299 ὑπόθεσιν
2651 3243 2979 3317 χρήσασθαι,
3034 3241 3220 3312 μόνοις
3279 3238 3463 3302 αὺτοῖς
3525 3237 3831 3312 δυναμένοις

2117 3303 2159 3368 C
2200 3335 2380 3410 ὥσπερ
2448 3303 3101 3388 λαλοῦντα-σιωπώντων
3160 3331 3308 3399 ἠθῶν
3366 3327 3837 3403 ἐναπομόρξασθαι

2199 3427 2490 3504 χρώματα,
2560 3424 2649 3478 καὶ
2717 3422 3010 3494 ἀσωμάτου
3069 3425 3254 3495 ψυχῆς
3331 3421 3536 3483 εἰκόνας
3615 3421 3839 3496 ἐκφῆναι

2198 3511 2445 3576 δεόντως.
2497 3513 2650 3566 Ὅθεν
2708 3509 2834 3582 ἐμοὶ
2882 3509 3073 3590 φιλίας
3129 3507 3253 3564 ὁδὸν
3302 3508 3644 3578 ὑπανοίξαντι
3687 3512 3842 3582 πρώ-

2194 3624 2293 3675 τῳ,
2325 3604 2414 3656 καὶ
2465 3602 2585 3656 λεῖα
2617 3601 2699 3655 σοὶ
2743 3599 2810 3654 τὰ
2864 3597 3102 3674 δυσχερῆ
3156 3599 3489 3676 πεπραχότι,
3542 3599 3714 3674 γράφε
3751 3599 3846 3654 καὶ

2198 3689 2350 3746 δίδου
2398 3692 2487 3746 καὶ
2537 3689 2599 3744 σὺ
2657 3693 2766 3744 τῶν
2815 3687 3038 3743 ἐνόντων
3090 3709 3175 3742 σοι
3228 3688 3444 3761 τρόπων
3500 3688 3598 3756 τήν
3648 3693 3844 3762 πεῖραν

2196 3782 2353 3851 ἡμῖν.
2389 3781 2485 3834 Καὶ
2529 3777 2653 3856 φέρε
2705 3779 3209 3854 βρεφουργήσαντες
3259 3775 3425 3850 ἄμφω
3475 3774 3658 3856 φιλίας
3714 3777 3846 3836 ὑπό,

2198 3872 2362 3941 θεσιν,
2409 3871 2544 3944 πρὸς
2592 3867 2800 3930 κάλλος
2861 3867 2950 3921 καὶ
3021 3865 3246 3941 μέγεθος
3299 3864 3490 3942 σοφίας
3558 3871 3843 3941 προσῆκον

2198 3958 2537 4031 αὐξήσωμεν,
2590 3964 2706 4019 τοῖς
2759 3962 3005 4036 φυσικοῖς
3053 3956 3128 4015 ὡς
3178 3954 3322 4016 εἰκὸς
3365 3953 3844 4025 ἀκολουθήσαντες

2195 4045 2407 4122 νόμοις.
2461 4049 2639 4103 Πάντα
2694 4049 2798 4121 γὰρ
2844 4043 3052 4123 ἀδελφά
3097 4047 3164 4099 τὰ
3209 4041 3262 4098 ἒν
3319 4045 3535 4118 κόσμῳ,
3582 4044 3671 4098 καὶ
3728 4049 3846 4099 τῶν

2196 4140 2405 4212 ὁμοίων
2439 4136 2623 4213 ἔχεται
2671 4135 2889 4211 δρόμων
2925 4154 2937 4167 ·
2985 4135 3074 4189 καὶ
3107 4134 3290 4210 ὥσπερ
3338 4136 3402 4188 τὰ
3455 4134 3625 4210 βρέφη
3681 4137 3847 4206 πρῶ-

2193 4247 2285 4283 τον
2322 4228 2416 4300 μέν
2445 4227 2519 4288 ὡς
2565 4224 2846 4300 ἄνθρωπον
2896 4226 2997 4294 τήν
3043 4226 3302 4278 τεκοῦσαν
3356 4223 3476 4291 ὁρᾷ,
3523 4227 3623 4291 τῆς
3669 4241 3844 4293 συνη-

2196 4317 2337 4379 θείας
2399 4314 2444 4371 δ’
2497 4315 2574 4376 εἰς
2637 4319 2837 4390 γνῶσιν
2915 4312 3151 4389 ἀγούσης
3205 4310 3560 4386 τελεωτέραν,
3639 4307 3849 4386 διαιρεῖ

2193 4409 2289 4461 τοῦ
2337 4403 2638 4478 ἀλλοτρίου
2684 4403 2747 4458 τὸ
2801 4405 3043 4478 γνήσιον,
3077 4400 3220 4455 οὕτω
3263 4400 3353 4454 καὶ
3400 4401 3435 4468 ἡ
3487 4398 3660 4476 φιλία,
3699 4419 3845 4474 μορ-

2193 4495 2421 4571 φοῦσθαι
2456 4493 2550 4566 μὶν
2599 4491 2880 4567 ἀρχομένη
2934 4490 3023 4546 καὶ
3075 4486 3496 4544 διαπλάττεσθαι
3544 4489 3679 4561 πρὸς
3724 4493 3842 4543 τῶν

2193 4581 2300 4653 ἤδη
2344 4581 2783 4656 συναπτομένων,
2831 4585 3047 4653 πρῶτον
3102 4580 3198 4653 μὲν
3245 4577 3422 4656 ἀσαφῆ
3480 4577 3568 4632 καὶ
3615 4574 3847 4632 δυστέκ-

441 4674 611 4733 atque
641 4664 784 4718 adeo
817 4664 1000 4718 instar
1023 4666 1215 4720 lenelli
1244 4669 1507 4736 pusionis
1541 4676 1785 4742 uterque
1815 4673 2080 4730 coalitam

2198 4694 2370 4747 μαρτα
2429 4669 2637 4726 διδόναι
2705 4691 2763 4726 τε
2823 4670 2912 4725 καὶ
2974 4663 3270 4742 λαμϐάνειν
3323 4668 3389 4722 τὰ
3447 4667 3640 4734 ἑαυτῆς
3694 4666 3848 4738 ἀξιοῖ

441 4769 625 4822 nuper
656 4754 805 4808 inter
836 4771 941 4809 nos
972 4757 1287 4812 amicitiam
1331 4761 1712 4832 nutricantes,
1746 4763 1816 4818 ad
1859 4765 2084 4833 justam

439 4841 742 4913 sapientiae
799 4844 1263 4915 pulcbitudinem
1316 4850 1779 4920 magnitudinem
1812 4869 1921 4922 que
1952 4869 2086 4924 pro-

439 4929 739 5001 vehamus,
776 4934 933 5003 ipsas
967 4939 1206 5002 naturae,
1245 4941 1302 4990 ut
1333 4943 1437 5006 est,
1481 4941 1659 4995 secuti
1690 4940 1846 5012 leges
1881 4960 1896 5010 ;
1956 4959 2082 5014 quea

439 5019 595 5072 enim
630 5020 683 5072 in
717 5023 933 5075 mundo
967 5028 1105 5076 sunt
1127 5025 1344 5095 omnia,
1367 5027 1600 5096 gemina
1621 5043 1894 5099 germana
1925 5037 2082 5100 sunt,

439 5109 497 5159 et
527 5122 693 5176 pares
721 5124 922 5164 cursus
971 5116 1224 5167 servant.
1277 5114 1448 5171 Porro
1500 5124 1559 5170 ut
1607 5117 1861 5174 infantes
1909 5120 2081 5190 geni-

441 5195 640 5250 tricem
677 5199 944 5265 primitus
977 5217 1142 5256 suam
1177 5202 1326 5258 haud
1353 5203 1521 5260 aliter
1550 5222 1723 5276 quam
1757 5213 1820 5262 ut
1851 5209 2084 5265 mulier-

438 5284 630 5340 culam
665 5288 982 5356 quamlibet
1013 5291 1328 5361 aspiciunt,
1357 5295 1728 5364 postmodum
1755 5314 1885 5354 vero
1918 5299 2084 5354 fami-

437 5373 564 5428 liari
597 5379 1019 5434 consuetudine
1047 5381 1360 5450 pleniorem
1396 5385 1538 5455 ipsis
1583 5386 1928 5442 conciliante
1975 5405 2081 5444 no-

437 5461 642 5532 titiam,
674 5468 987 5534 genuinum
1023 5471 1093 5524 ab
1127 5487 1192 5526 eo
1241 5474 1394 5542 quod
1452 5473 1707 5530 alienum
1757 5482 1847 5532 est
1896 5478 2080 5534 inter-

437 5562 684 5606 noscunt
717 5570 782 5609 ac
814 5555 1225 5628 distinguunt:
1277 5563 1346 5616 ad
1396 5564 1667 5619 eumdem
1713 5571 1771 5620 et
1818 5567 2082 5622 amicitia

437 5642 698 5708 modum,
729 5660 863 5699 cum
896 5646 966 5700 ab
995 5648 1067 5702 iis
1097 5649 1192 5718 qui
1229 5656 1422 5706 mutuo
1453 5669 1649 5708 amore
1673 5655 1794 5724 jam
1822 5656 2082 5728 jungun-

436 5739 550 5797 tur,
585 5731 882 5791 informari
913 5740 970 5792 et
1018 5737 1214 5810 efﬁngi
1246 5739 1474 5812 incipit,
1508 5743 1786 5800 obscuras
1817 5746 1984 5803 initio
2023 5755 2080 5803 et

2194 4762 2548 4840 γνωρίσματα
2581 4781 2594 4792 ·
2630 4764 2725 4814 τοῦ
2773 4758 2830 4814 δὲ
2877 4758 3082 4835 χρόνου
3134 4759 3372 4832 ῥέοντος,
3405 4757 3494 4811 καὶ
3543 4761 3643 4825 τῆς
3675 4776 3846 4827 συνη-

2193 4852 2336 4914 Θείας
2384 4851 2449 4905 τὰ
2499 4848 2825 4924 ἑκατέρωθεν
2881 4846 2991 4918 ἤθη
3051 4844 3511 4921 παιδαγωγούσης
3567 4842 3656 4899 καὶ
3718 4842 3849 4919 ῥυθ-

2198 4940 2482 5014 μιζούσης,
2530 4941 2590 4994 τὸ
2628 4940 2721 5012 μὲν
2771 4937 3018 5012 περιττὸν
3050 4935 3138 4991 καὶ
3187 4935 3343 4990 νόθον
3373 4933 3650 4990 ἐλαύνεται
3703 4937 3840 5005 πᾶν,

2188 5032 2250 5084 τὸ
2308 5028 2353 5084 δ’
2411 5027 2589 5084 ἐνδέον
2648 5025 2814 5082 ἐνδεῖν
2877 5027 2978 5081 οὐκ
3035 5025 3123 5081 ἐπὶ
3182 5022 3375 5098 μακρῷ
3442 5027 3838 5098 συγχωρεῖται.

2190 5123 2333 5181 Νοῦς
2384 5119 2476 5192 μὲν
2525 5120 2628 5196 γὰρ
2680 5115 2934 5184 δικαστής
2985 5119 3092 5170 τῶν
3144 5113 3196 5169 έν
3255 5115 3450 5186 κόσμῳ
3498 5112 3837 5186 πραγμάτων

2193 5209 2477 5282 ὑπάρχων,
2526 5213 2616 5261 νῦν
2671 5208 2764 5280 μὶν
2809 5206 2885 5267 εἷς
2939 5204 3153 5279 αἰθέρα,
3182 5207 3275 5257 νῦν
3322 5200 3368 5257 δ’
3418 5201 3494 5263 εἷς
3543 5205 3645 5275 γῆν
3690 5199 3847 5275 ἐνερ-

2188 5303 2290 5372 γεῖ.
2345 5299 2440 5352 Καὶ
2483 5294 2574 5352 διὰ
2602 5301 2711 5352 τῶν
2765 5295 3142 5370 αἰσθητηρίων
3193 5293 3293 5355 τάς
3339 5294 3448 5346 τῶν
3498 5290 3840 5366 πραγμάτων

2190 5387 2548 5461 ἀναγινώσκει
2597 5384 2895 5456 ποιότητας
2928 5403 2943 5416 ·
2994 5381 3172 5459 ἒρωτᾷ
3231 5382 3326 5455 μὲν
3374 5380 3474 5454 γάρ
3529 5379 3696 5433 οἱονεὶ
3744 5375 3842 5434 διὰ

2187 5479 2286 5542 τῆς
2324 5477 2464 5552 ἁφῆς
2496 5475 2586 5530 καὶ
2636 5475 2888 5547 μανθάνει
2925 5474 3044 5528 τίνα
3097 5471 3190 5545 μὶν
3238 5474 3348 5526 τῶν
3394 5471 3662 5542 σωμάτων
3712 5469 3844 5544 θερ-

2193 5565 2286 5637 μὰ,
2336 5565 2453 5620 τίνα
2503 5563 2559 5620 δὲ
2606 5564 2810 5641 φυχρά.
2861 5564 3073 5638 Ἐρωτᾷ
3119 5558 3176 5615 δὲ
3239 5557 3328 5615 διὰ
3373 5565 3472 5630 τῆς
3515 5557 3843 5634 ὀσφρήσεως

2189 5655 2363 5710 ὁπόσα
2411 5651 2614 5724 εύώδη,
2645 5653 2736 5708 καὶ
2787 5653 2886 5707 ὅσα
2917 5673 2979 5730 γε
3031 5652 3132 5724 μή.
3165 5650 3263 5704 Καὶ
3311 5652 3402 5703 νῦν
3455 5648 3546 5721 μὲν
3601 5643 3691 5701 διὰ
3733 5653 3843 5717 τῆς

2188 5746 2357 5816 ἀκοῆς
2403 5749 2511 5801 τῶν
2563 5743 2901 5818 ἐναρμονίων
2961 5744 3155 5825 φωνῶν
3205 5740 3304 5810 τὴν
3350 5734 3642 5812 ἀντίληψιν
3685 5730 3834 5811 ἔχει,
