4062 6308
240 471 351 529 429

1744 479 2173 541 EPISTOL/E.

3519 481 3636 542 430

237 604 325 653 νῦν
355 599 411 654 δὲ
444 599 533 657 διὰ
578 608 682 672 τῆς
731 602 908 676 ὄψεως
954 610 1073 666 ταῖς
1103 603 1387 684 διαφόροις
1440 610 1636 684 βαφαῖς
1688 607 1879 680 ὁμιλεῖ

1994 625 2136 681 aegre
2169 608 2570 680 agnoscendas
2591 608 2681 664 sui
2707 612 2874 664 notas
2899 609 3038 665 dare
3059 609 3274 679 pariter
3294 614 3352 666 et
3377 611 3638 683 accipere

236 694 340 743 τῶν
373 694 709 764 χρωμάτων.
745 692 814 749 Εἴ
840 692 897 748 δὲ
922 693 1074 748 ταῦθ’
1105 695 1306 749 οὑτωσὶ
1338 693 1879 770 διαγίγνεται,καινὸν

237 775 412 849 οὐδὲν,
442 780 483 834 εἰ
515 783 608 834 καὶ
638 785 727 836 νῦν
770 784 865 853 μὲν
900 780 988 837 διὰ
1036 781 1312 860 γλώττης,
1342 789 1430 838 νῦν
1465 782 1521 839 δὲ
1571 783 1658 840 διὰ
1696 807 1882 860 γραμ-

239 869 422 939 μάτων
454 868 749 948 ἐφάπτεται
783 872 869 925 καὶ
902 877 1007 925 τῶν
1057 873 1412 947 ἀνθρωπίνων
1455 875 1625 943 ἠθῶν,
1659 877 1748 928 καὶ
1786 877 1884 936 τὰς

234 957 440 1012 τούτων
494 961 696 1013 οὑτωσὶ
741 981 859 1021 πως
910 959 1233 1034 ἐκμανθάνει
1283 963 1596 1031 ποιότητας.
1633 963 1782 1018 Ἐπεὶ
1827 963 1884 1018 δὲ

234 1047 321 1100 καὶ
353 1049 404 1100 οἱ
440 1047 606 1122 λόγοι
637 1053 728 1102 νῦν
761 1050 857 1122 μὲν
887 1049 1088 1113 εἰκόνες
1121 1049 1222 1104 εἶσὶ
1257 1057 1364 1106 τῶν
1396 1053 1762 1127 πραγμάτων,
1796 1054 1883 1108 ὅτε

236 1136 338 1206 πρὸ
368 1140 480 1190 τῶν
527 1137 770 1212 πράξεων
803 1135 859 1192 ἒν
906 1144 1022 1200 τοῖς
1049 1145 1149 1208 τῆς
1199 1137 1437 1202 διανοίας
1487 1139 1564 1195 ἔτι
1613 1140 1882 1214 θαλάμοις

234 1226 625 1298 γυμνάζονται,
657 1228 748 1280 καί
779 1226 846 1282 τὰ
881 1228 1016 1298 τέλη
1068 1233 1438 1306 ζωγραφοῦσιν
1470 1229 1580 1284 ἐκεῖ
1626 1252 1742 1293 πως
1771 1235 1880 1285 τῶν

232 1314 503 1385 πράξεων,
555 1318 645 1368 νῦν
704 1314 749 1369 δ’
804 1314 988 1388 ἕτερον
1047 1317 1246 1392 τρόπον
1304 1320 1392 1372 καὶ
1459 1321 1663 1381 εἰκόνες
1723 1321 1879 1374 καθί-

234 1422 450 1456 στανται
500 1410 600 1472 τῆς
650 1405 999 1479 ψυχῆς,,δτε
1047 1411 1178 1478 μετὰ
1233 1409 1334 1475 τὴν
1393 1403 1542 1462 ἔνδον
1604 1408 1881 1483 διάσκεψιν

231 1487 359 1566 ἔργα
389 1492 635 1566 γίνονται
664 1494 754 1546 καὶ
803 1494 984 1562 αὐτοὶ,
1019 1499 1203 1570 ψυχῆς
1251 1497 1520 1566 ἀπόζοντα
1560 1498 1634 1559 ὡς
1684 1497 1881 1567 εἴπεῖν,

229 1583 320 1635 καὶ
352 1580 505 1642 ὅπως
534 1578 693 1651 ἕξεως
727 1577 841 1656 ἔχει
875 1584 964 1638 καὶ
1006 1585 1237 1657 γνώμης
1267 1585 1404 1654 αὕτη
1454 1592 1571 1648 τοῖς
1604 1586 1705 1659 ἔξω
1757 1586 1883 1642 δια-

227 1675 510 1726 ττυποῦντα
543 1693 556 1704 ·
609 1670 727 1746 ὥρα
775 1693 861 1727 σοι
907 1677 988 1744 τῷ
1034 1679 1184 1751 σοφῷ
1230 1675 1436 1748 τούμὸν
1467 1678 1601 1744 ἦθος
1655 1679 1782 1751 ὁρᾷν
1826 1676 1880 1732 ἐν

229 1757 418 1814 τοῖσδε
448 1765 564 1824 τοῖς
594 1761 885 1835 ἡμετέροις
928 1763 1218 1836 γράμμασι
1253 1783 1267 1796 ⁸
1318 1761 1400 1819 δεῖ
1430 1762 1487 1818 δὲ
1517 1765 1604 1819 καὶ
1657 1769 1790 1839 ἡμῖν
1819 1768 1882 1820 τὸ

229 1854 326 1903 σον
360 1849 413 1904 έν
446 1856 561 1911 τοῖς
593 1857 709 1913 σοῖς
744 1850 939 1907 λοιπὸν
973 1853 1286 1927 ἀναγνῶναι.
1323 1855 1395 1909 Οὐ
1427 1856 1528 1932 γὰρ
1563 1855 1881 1932 φιλοτιμίας

1994 697 2178 753 suevit
2200 714 2213 763 ;
2234 707 2286 751 at
2316 697 2476 751 ﬂuxu
2503 697 2804 766 temporis,
2829 713 3058 768 usuque
3078 699 3205 768 ipso
3226 698 3462 770 ingenia
3483 703 3634 755 ami-

1993 804 2190 842 corum
2225 788 2490 854 utrinque
2532 786 2894 853 instituente,
2928 788 3176 860 suisque_
3196 788 3454 843 numeris
3487 805 3636 844 com-

1994 885 2265 946 ponente,
2301 875 2579 945 quidquid
2615 873 2948 929 redundans
2982 891 3046 929 ac
3079 891 3635 947 superavacaneum,

1995 966 2277 1037 quidquid
2331 965 2594 1018 fucosum
2647 970 2702 1018 et
2749 965 3086 1018 ementitum
3135 971 3242 1031 est,
3275 966 3329 1020 id
3363 965 3636 1038 exigitur,

1993 1055 2276 1125 quidquid
2301 1059 2492 1108 autem
2528 1053 2689 1118 deﬁt,
2722 1070 2834 1108 non
2859 1055 2955 1108 diu
2992 1055 3188 1110 deesse
3219 1055 3450 1110 sinitur.
3476 1055 3638 1111 Mens

1992 1145 2146 1198 enim
2183 1158 2398 1206 rerum,
2433 1158 2558 1212 quae
2591 1143 2648 1196 in
2683 1143 2904 1197 mundo
2931 1147 3069 1197 sunt
3099 1144 3386 1211 omnium,
3419 1144 3636 1200 arbitra

1994 1249 2149 1288 nunc
2180 1233 2238 1286 in
2282 1231 2572 1294 aetherem,
2603 1247 2756 1286 nunc
2787 1232 2844 1286 in
2877 1237 3088 1286 terram
3133 1233 3247 1287 vim
3280 1232 3438 1288 illam
3472 1250 3636 1290 suam

1995 1321 2258 1387 intendit,
2292 1336 2690 1390 sensuumque
2735 1319 3057 1375 ministerio
3098 1336 3291 1376 rerum
3324 1321 3638 1392 qualitates

1994 1409 2347 1482 recognoscit
2381 1426 2392 1464 :
2426 1410 2562 1463 dum
2608 1424 2707 1478 per
2750 1413 2967 1463 tactum
3018 1411 3182 1478 quasi
3224 1410 3543 1481 interrogat
3571 1427 3638 1467 ac

1994 1501 2186 1564 discit,
2219 1513 2483 1570 quaenam
2526 1514 2832 1567 corporum
2865 1497 3052 1553 calida
3089 1507 3190 1553 aut
3232 1499 3442 1570 frigida
3471 1503 3635 1566 sunt,

1994 1607 2095 1662 per
2139 1590 2413 1645 olfactum
2449 1589 2608 1655 item,
2641 1604 2906 1658 quasnam
2949 1604 3154 1644 suaves
3193 1589 3465 1646 exhalant
3493 1592 3638 1648 odo-

1993 1695 2104 1746 res,
2139 1687 2234 1733 aut
2284 1679 2570 1743 insuaves,
2605 1679 2878 1748 exquirit,
2911 1683 2966 1733 et
3013 1681 3181 1734 modo
3234 1695 3333 1748 per
3373 1680 3636 1738 auditum

1991 1769 2308 1823 concinnos
2373 1782 2648 1823 sonorum
2727 1767 2931 1822 modos
2988 1767 3244 1837 percipit,
3305 1769 3476 1824 modo
3535 1785 3637 1841 per

1991 1859 2179 1912 visum
2210 1873 2341 1912 cum
2381 1857 2556 1911 variis
2598 1855 2856 1910 colorum
2902 1855 3170 1911 tincturis
3214 1858 3631 1913 commercium

230 1936 495 2007 ἐπίδειξις
551 1942 700 1994 ταῦτ’
755 1940 814 1995 ἃν
873 1941 982 2011 εἴη,
1041 1941 1169 1997 ἀλλ’
1225 1944 1463 2018 ἐμπορία
1522 1944 1748 2018 λαμπρὰ
1800 1966 1880 2008 τις

1995 1945 2186 2000 habet.
2245 1949 2379 2010 Quae
2435 1962 2566 2000 cum
2603 1947 2681 2000 ita
2729 1945 2787 2000 in
2837 1944 3057 1999 caeteris
3098 1951 3438 2015 comparata
3493 1945 3630 2014 sint,

231 2027 448 2103 φιλίας.
484 2027 545 2083 Εἰ
577 2026 636 2082 δὲ
663 2029 753 2083 καὶ
804 2029 1114 2107 φιλοτιμία,
1155 2030 1284 2086 ἀλλ’
1333 2031 1457 2087 οὐδὲ
1485 2035 1630 2088 τοῦτ’
1677 2035 1883 2108 ἀνθρω-

232 2120 405 2187 πίνης
455 2115 658 2194 πέφυκε
715 2118 924 2195 φύσεως
987 2120 1297 2196 ὑπερόριον.
1351 2123 1570 2177 Πάντων
1622 2123 1726 2197 γὰρ
1772 2129 1881 2178 τῶν

229 2206 283 2260 ἐν
332 2209 532 2278 κόσμῳ
582 2212 663 2279 τῷ
710 2211 856 2282 γήρᾳ
885 2209 1204 2282 καμνόντων
1255 2213 1353 2279 τήν
1399 2211 1742 2285 ἀνθρωπίνην
1789 2234 1882 2290 φι-

227 2294 493 2368 λοτιμίαν
525 2296 576 2349 ἐν
623 2301 744 2357 τοῖς
778 2299 854 2368 μὴ
905 2298 1270 2371 γηράσκουσιν
1321 2298 1502 2354 ἔθεσαν
1552 2305 1660 2355 τῶν
1710 2300 1879 2356 πάλαι

226 2390 414 2463 σοφῶν
449 2387 497 2438 οἱ
531 2383 736 2440 πολλοί
769 2405 780 2417 ·
834 2385 1021 2448 ἄλλως
1052 2408 1110 2442 τε
1158 2389 1250 2442 καὶ
1299 2388 1700 2460 ἀκοινωνήτους
1742 2411 1882 2444 παν-

221 2474 428 2528 τάπασι
482 2475 586 2528 κάκ
645 2472 937 2550 διαμέτρου
1009 2479 1292 2550 κειμένους
1349 2478 1476 2542 τοὺς
1545 2479 1604 2534 ἐκ
1671 2479 1880 2557 φύσεως

222 2563 434 2634 νόμους
464 2562 768 2638 εἰληχότας
797 2565 933 2639 πρὸς
961 2568 1056 2626 τὰς
1089 2564 1265 2627 ἄλλας
1316 2565 1471 2640 ἴσμεν
1501 2568 1695 2646 τέχνας
1743 2567 1876 2630 τοὺς

229 2648 452 2726 λόγους.
485 2655 571 2707 Ἐν
619 2653 666 2723 ᾧ
715 2652 818 2727 γὰρ
864 2657 966 2718 τῆς
998 2653 1221 2722 ἡλικίας
1270 2653 1468 2725 ἔξεστιν
1515 2657 1740 2720 ἐκείναις
1769 2678 1877 2712 πα-

232 2739 551 2810 πακμᾶζειν,
583 2741 637 2794 ἐν
678 2742 862 2814 τούτῳ
893 2739 959 2811 δὴ
1008 2742 1137 2806 τοὺς
1167 2743 1364 2818 λόγους
1411 2742 1595 2800 ἕπεται
1645 2767 1875 2823 περιφα-

239 2833 345 2889 νῶς
399 2828 674 2902 ἀκμάζειν.
739 2832 833 2885 Καὶ
889 2836 1005 2893 τοῖς
1062 2839 1162 2901 τῆς
1220 2829 1490 2912 ἔμφρονος
1549 2835 1873 2914 φιλοτιμίας

245 2918 456 2992 ἀρίστην
487 2919 807 2994 χαρίζεσθαι
839 2920 1026 2995 χώραν
1053 2924 1432 2994 σκιρτήμασιν.

1997 2035 2141 2089 nihil
2175 2036 2304 2091 novi
2337 2040 2445 2102 est,
2477 2035 2522 2090 si
2558 2050 2712 2089 nunc
2743 2050 2841 2104 per
2872 2048 3065 2088 vocem
3092 2033 3300 2103 ipsam,
3340 2051 3493 2089 nunc
3533 2051 3634 2105 per

1993 2122 2218 2179 litteras
2233 2125 2537 2178 hominum
2553 2123 2728 2177 etiam
2743 2121 2976 2193 ingenia
2994 2123 3398 2192 apprehendit,
3413 2138 3636 2178 eorum-

1992 2229 2103 2283 que
2133 2212 2435 2282 qualitates
2481 2211 2588 2266 hac
2638 2212 2817 2266 ferme
2865 2211 3088 2265 ratione
3132 2212 3433 2266 condiscit.
3484 2211 3632 2275 Quo-

1993 2303 2144 2357 niam
2176 2318 2307 2357 vero
2355 2306 2412 2358 et
2459 2317 2775 2369 sermones,
2808 2316 2964 2355 nunc
2995 2316 3188 2355 rerum
3221 2299 3458 2371 quidem
3489 2303 3630 2357 ima-

1989 2392 2152 2463 gines
2185 2398 2344 2456 sunt,
2365 2405 2496 2446 cum
2517 2394 2648 2444 ante
2677 2391 2933 2445 actiones
2957 2389 3118 2459 ipsas
3147 2389 3338 2445 adhuc
3358 2389 3417 2444 in
3449 2390 3632 2446 animi

1989 2481 2262 2536 thalamis
2309 2484 2666 2543 exercentur,
2712 2483 2767 2534 et
2821 2478 3110 2533 actionum
3169 2477 3313 2534 fines
3373 2483 3634 2535 eventus-

1989 2587 2102 2642 que
2133 2569 2250 2624 illic
2275 2571 2618 2640 depingunt,
2652 2584 2804 2622 nunc
2827 2567 2938 2623 alio
2983 2583 3184 2623 rursus
3217 2569 3388 2623 modo
3419 2569 3630 2624 animas

1986 2660 2172 2730 ipsius
2200 2659 2485 2730 imagines
2524 2660 2829 2725 exsistunt,
2875 2674 3007 2712 cum
3058 2657 3170 2728 ipsi
3208 2657 3471 2713 videlicet
3499 2663 3633 2730 post

1987 2750 2319 2804 interiorem
2359 2747 2516 2802 illam
2558 2747 3066 2815 consultationem,
3099 2761 3272 2816 opera
3301 2745 3469 2814 ﬁunt,
3501 2748 3628 2802 ani-

1985 2853 2162 2906 mam,
2196 2842 2260 2892 ut
2280 2837 2361 2892 sic
2391 2835 2712 2906 loquamur,
2738 2834 3074 2900 redolentia,
3096 2843 3150 2890 et
3172 2851 3286 2906 quo
3309 2834 3406 2890 illa
3426 2835 3629 2891 habitu

1985 2926 2294 2993 animoque
2317 2925 2524 2979 affecta
2545 2926 2642 2989 sit,
2668 2924 2738 2980 iis
2753 2924 2851 2995 qui
2877 2924 3014 2979 foris
3037 2931 3194 2989 sunt,
3213 2924 3626 2994 exprimentia:

238 3012 312 3067 ita
342 3029 490 3066 nunc
521 3014 627 3066 tibi
658 3029 819 3079 sane,
855 3015 974 3068 viro
1014 3014 1448 3085 sapientissimo
1499 3020 1729 3088 tempus
1775 3017 1968 3084 fuerit,
2003 3031 2192 3072 meum
2245 3015 2303 3069 in
2363 3015 2450 3069 bis
2484 3014 2626 3085 ipsis
2659 3013 2864 3068 litteris
2903 3018 3264 3085 perspectare
3296 3014 3625 3084 ingenium,

230 3103 720 3175 quemadmodum
779 3107 944 3158 tuum
992 3104 1166 3158 etiam
1219 3105 1275 3159 in
1330 3107 1443 3161 tuis
1503 3123 1608 3162 nos
1656 3109 1933 3179 deinceps
1985 3121 2391 3178 recognoscere
2447 3109 2687 3174 oportet.
2735 3105 2861 3158 Non
2919 3105 3073 3158 enim
3141 3104 3475 3160 ambitionis
3520 3105 3628 3160 ali-

224 3194 397 3261 cujus
455 3191 576 3246 haec
631 3193 948 3263 specimina
999 3199 1191 3260 erunt,
1237 3210 1436 3249 verum
1497 3196 1804 3266 splendida
1866 3197 2136 3268 quaedam
2196 3193 2463 3249 ineundae
2518 3193 2786 3249 amicitiae
2847 3193 2994 3248 ratio
3055 3197 3228 3264 atque
3278 3193 3627 3264 negotiatio;

224 3296 565 3352 quanquam
625 3280 851 3335 etiamsi
896 3281 1134 3336 ambitio
1201 3283 1392 3350 fuerit,
1446 3300 1517 3338 ne
1567 3284 1709 3338 illud
1766 3284 2001 3355 quidem
2068 3287 2138 3340 ab
2194 3284 2450 3339 humana
2499 3288 2708 3337 natura
2757 3282 3076 3338 abhorrens
3132 3299 3198 3336 ac
3257 3282 3628 3353 peregrinum

221 3388 353 3428 esse
403 3371 566 3427 solet.
621 3370 855 3426 Ceteris
895 3373 1050 3426 enim
1098 3373 1272 3428 rebus
1313 3375 1608 3440 omnibus,
1641 3391 1790 3446 quas
1841 3377 1997 3430 orbis
2051 3375 2477 3446 complectitur,
2526 3374 2688 3428 senio
2744 3373 3173 3437 fatiscentibus,
3216 3373 3388 3428 solam
3433 3372 3628 3444 glorias

221 3461 580 3532 cupidatem,
612 3461 670 3515 in
708 3460 777 3514 iis
809 3476 931 3531 quas
972 3461 1118 3517 senii
1150 3464 1409 3532 expertia
1447 3469 1603 3533 sunt,
1635 3470 1891 3520 veterum
1942 3465 2268 3535 sapientum
2305 3463 2473 3518 multi
2505 3477 2811 3532 reposuere
2840 3461 3126 3530 (Pericles,
3160 3459 3315 3532 apud
3365 3461 3625 3530 Thucyd.

224 3551 330 3605 lib.
365 3565 405 3605 ιι
437 3547 726 3627 ἐπιταφίῳ,
760 3551 831 3604 ad
857 3551 1075 3623 ﬁnem),
1103 3553 1422 3623 praesrtim
1455 3569 1585 3608 cum
1618 3559 1860 3622 constet,
1907 3553 2230 3625 singulares
2259 3553 2495 3607 omnino
2528 3559 2580 3606 et
2623 3551 2900 3622 proprias,
2932 3555 2989 3605 et
3018 3566 3085 3605 ex
3125 3550 3410 3605 diametro
3441 3565 3629 3621 oppo-

221 3643 370 3697 sitas
401 3641 535 3696 aliis
564 3641 788 3696 artibus
831 3641 1008 3712 leges,
1042 3644 1236 3699 studia
1276 3642 1600 3698 litterarum
1643 3661 1676 3698 a
1724 3649 1931 3699 natura
1961 3643 2274 3714 accepisse.
2321 3642 2445 3705 Qua
2485 3641 2640 3696 enim
2682 3645 2844 3695 aetate
2883 3640 2999 3695 illis
3049 3640 3422 3696 deﬂorescere
3470 3639 3628 3708 licet,

220 3733 332 3788 illa
359 3731 486 3787 hac
509 3730 637 3802 ipsa
664 3747 841 3802 quam
875 3731 1340 3788 luculentissima
1371 3732 1596 3800 florere,
1628 3744 1679 3789 et
1719 3734 2021 3804 prudentis
2074 3732 2410 3788 ambitionis
2455 3731 2705 3787 saltibus
2752 3745 3021 3802 campum
3070 3730 3619 3802 praestantissimum

221 3822 384 3877 ultro
418 3822 689 3891 prabere,
721 3821 1006 3892 sequitur.

603 4004 679 4059 H'.
722 4001 1104 4077 Μαγίστρου
1143 3999 1495 4076 ἀμοιϐαία.

303 4187 407 4240 Καὶ
436 4184 605 4241 πάλαι
660 4187 754 4260 μὲν
799 4183 974 4266 ἔγωγε
1016 4189 1108 4243 σὺν
1137 4187 1238 4260 ἄρα
1283 4187 1522 4251 πολλοῖς
1565 4191 1766 4263 έτέροις
1809 4193 1879 4263 τῇ

219 4279 297 4349 σῇ
332 4277 496 4351 φήμῃ
548 4277 785 4349 κάτοχον
816 4277 1080 4354 γεγονὼς,
1112 4277 1217 4351 οὐχ
1265 4277 1390 4331 ὅσον
1442 4279 1715 4352 ἐρωτικῶς
1764 4272 1880 4352 ἔχω

219 4368 338 4420 τῶν
385 4367 520 4434 σῶν,
567 4365 658 4418 καὶ
721 4370 958 4437 μανικῶς
1016 4387 1134 4428 πως
1193 4367 1318 4440 περὶ
1374 4370 1541 4421 ταῦτα
1596 4367 1877 4441 βακχεύω,

221 4453 322 4508 καὶ
351 4453 491 4506 πάνυ
521 4473 610 4506 τοι
643 4450 818 4528 φιλῶν
849 4456 942 4509 γαὶ
973 4456 1262 4528 θαυμάζων
1297 4455 1358 4509 οὗ
1389 4457 1632 4527 παύομαι
1668 4475 1682 4488 °
1733 4455 1880 4511 ἇλλᾶ

223 4541 322 4595 καὶ
354 4541 508 4602 ὅπως
537 4540 620 4595 ὅτι
656 4561 749 4612 μοι
778 4543 994 4616 τάχιστ’
1028 4539 1162 4598 ἰδεῖν
1195 4543 1400 4612 ἐξέσται
1431 4545 1520 4598 τὸν
1569 4545 1876 4616 θαυμαστὸν

223 4629 506 4703 ἐρώμενον
552 4629 642 4683 καὶ
690 4631 846 4685 πάντ’
893 4629 1114 4705 ἄριστον
1163 4633 1241 4700 σέ,
1289 4636 1449 4687 τοῦτο
1498 4630 1545 4686 δ’
1593 4633 1694 4687 οὐκ
1739 4626 1880 4688 ἔστιν

226 4718 401 4773 εἰπεῖν
449 4724 568 4780 ταῖς
623 4719 832 4793 εὐχαῖς,
867 4720 995 4775 ὅσου
1043 4725 1342 4794 τιμῶμαι·
1392 4720 1482 4776 καὶ
1534 4725 1621 4774 νῦν
1673 4720 1718 4776 δ’
1771 4722 1881 4796 οὐχ

227 4809 414 4877 ἥκιστ’
443 4808 604 4871 αὐτὸς
637 4811 728 4870 οἷς
778 4807 1109 4874 ἐπέσταλκας
1159 4807 1420 4885 ἔτρωσας,
1453 4809 1594 4884 ὁμοῧ
1646 4813 1739 4884 μὲν
1783 4811 1878 4885 ἐμέ

223 4918 289 4952 τε
317 4897 412 4951 καὶ
451 4898 644 4952 σαυτὸν
698 4899 940 4973 συνάγων
982 4897 1243 4970 ἐντεῦθεν,
1271 4902 1360 4954 καί
1407 4899 1482 4954 ’ἶν’
1535 4899 1710 4962 οὕτως
1741 4899 1879 4955 εἷ’πω

229 4984 606 5058 συμπλάττων
640 4989 729 5041 καὶ
759 4987 813 5041 ’ἐν
846 4985 1012 5064 ἄμφω
1057 4989 1248 5056 τιθεὶς,
1280 4990 1420 5063 ὁμοῦ
1452 4987 1509 5044 δὲ
1536 4989 1627 5044 καὶ
1666 4991 1739 5052 ὡς
1771 4988 1878 5064 ἐγὼ

227 5075 382 5130 πνέω
433 5075 500 5130 τὰ
543 5077 630 5147 σὰ,
661 5075 750 5130 καὶ
791 5081 979 5132 τοῦτον
1031 5075 1175 5153 ἴσχω
1219 5078 1310 5132 τὸν
1353 5079 1575 5151 τρόπον,
1624 5077 1681 5133 εὖ
1732 5077 1879 5149 μάλα

230 5163 472 5235 δεικνὺς,
508 5162 576 5218 δι’
628 5165 701 5219 ὧν
742 5165 848 5244 φῂς
900 5161 1268 5240 βεϐουλῆσθαι
1317 5169 1410 5239 μὲν
1459 5167 1554 5240 ἐμὲ
1603 5165 1880 5230 πολλάκις

227 5254 371 5328 πρὸς
430 5253 486 5308 σὲ
544 5253 842 5330 γράμματα
897 5257 1132 5329 πέμψαι,
1175 5261 1254 5328 τῷ
1309 5253 1365 5310 δὲ
1421 5258 1495 5329 μὴ
1556 5258 1681 5319 τοὺς
1751 5255 1878 5319 σοὺς

226 5342 471 5419 τρόποος
503 5339 722 5412 εἶδέναι,
759 5350 857 5412 τῆς
904 5343 1082 5417 ὁρμῆς
1127 5344 1486 5423 ἀποσχέσθαι.
1522 5346 1659 5421 Ἐγὼ
1710 5344 1766 5400 δέ
1796 5345 1880 5399 ὅτι

234 5434 333 5506 μὲν
383 5432 586 5502 ταύτης
635 5431 900 5508 ἐγεγόνειν
931 5439 1030 5502 τῆς
1080 5434 1310 5509 γνώμης
1359 5437 1448 5490 καὶ
1499 5436 1617 5496 οἷος
1649 5436 1712 5503 ἦν
1764 5433 1879 5489 ἑπι-

234 5521 486 5577 στέλλειν
523 5520 807 5596 ὁμολογῶ,
843 5522 904 5577 οὐ
957 5523 1065 5594 μήν
1097 5522 1185 5600 ὕφ’
1215 5524 1288 5578 ὦν
1340 5522 1472 5600 ἔφης
1519 5523 1680 5586 αὐτὸς
1709 5543 1880 5578 κεκω-

234 5611 436 5668 λύσθαι
469 5630 482 5643 ·
533 5607 662 5666 οὐδὲ
696 5615 892 5684 μικροῦ
925 5609 1007 5666 δεῖ
1038 5628 1051 5641 ·
1101 5615 1360 5668 τοσοῦτον
1390 5617 1521 5688 γοῦν
1565 5613 1759 5687 ἀπέχω
1786 5617 1884 5669 τοῦ

235 5704 406 5755 ταῦτα
455 5702 553 5753 σοῦ
608 5698 730 5773 πέρι
783 5699 874 5754 καὶ
932 5705 1144 5778 φρονεῖν
1199 5701 1290 5756 καὶ
1349 5698 1609 5774 δοξᾶζειν,
1665 5702 1739 5766 ὡς
1795 5701 1884 5756 καὶ

240 5791 369 5867 πρὶν
401 5790 557 5858 ἥκειν
600 5789 674 5851 εἰς
722 5793 939 5864 πεῖραν,
969 5788 1259 5864 ἀγώνισμα
1305 5790 1565 5867 γλώττης
1617 5791 1706 5846 καὶ
1756 5810 1887 5868 τρυ-

2257 4006 2404 4064 VIII.
2439 4008 2691 4077 Magistri
2715 4007 2944 4080 epistola
2976 4009 3344 4081 responsoria.

2057 4186 2293 4243 Jamdiu
2322 4192 2430 4256 est,
2461 4204 2592 4244 cum
2624 4204 2729 4260 ego
2759 4206 2874 4245 una
2907 4206 3037 4246 cum
3072 4189 3202 4246 aliis
3231 4189 3631 4262 compluribus

1995 4282 2090 4331 tua
2128 4277 2361 4333 afflatus
2414 4279 2586 4348 fama,
2627 4295 2740 4333 non
2788 4279 3004 4350 ingenii
3055 4280 3227 4336 modo
3265 4277 3630 4346 eruditionis,

1992 4381 2104 4436 que
2145 4370 2258 4420 tuas
2307 4375 2526 4422 amator
2574 4384 2727 4434 sum,
2775 4374 2833 4422 et
2883 4369 3086 4424 insano
3136 4369 3389 4439 quodam
3437 4369 3630 4432 modo,

1990 4453 2148 4508 velut
2179 4455 2372 4511 divino
2404 4457 2592 4512 furore
2623 4458 2776 4512 circa
2809 4458 2925 4512 haec
2957 4457 3083 4526 ipsa
3111 4459 3316 4528 agitor,
3340 4472 3443 4511 nec
3463 4457 3632 4511 vehe-

1993 4544 2356 4599 mentissime
2387 4549 2508 4600 tum
2540 4561 2755 4614 amare,
2789 4549 2914 4602 tum
2957 4548 3156 4602 mirari
3189 4546 3405 4612 desino,
3439 4559 3637 4600 verum

1990 4633 2165 4690 etiam
2213 4639 2274 4688 ut
2321 4634 2506 4704 primo
2553 4652 2786 4707 quoque
2828 4641 3087 4707 tempore
3136 4641 3212 4704 te,
3261 4633 3638 4691 admirabiles

1991 4740 2221 4778 amores
2264 4740 2446 4791 meos,
2482 4726 2866 4795 omnibusque
2914 4727 2972 4780 in
3017 4725 3186 4781 rebus
3220 4723 3638 4796 praestantissi-

1994 4829 2154 4867 mum
2183 4815 2398 4880 virum,
2429 4828 2624 4868 coram
2656 4814 2889 4870 videndi
2933 4819 3186 4887 potestas
3209 4813 3326 4876 ﬂat,
3351 4813 3406 4866 id
3432 4811 3637 4881 quanti

1993 4903 2052 4956 in
2084 4905 2232 4956 votis
2265 4902 2408 4957 meis
2439 4903 2742 4971 aestimem,
2773 4903 2963 4958 verbis
3005 4903 3169 4973 plane
3197 4901 3386 4956 efferri
3419 4900 3637 4971 nequit.

1992 4991 2204 5046 Adhaec
2254 5007 2368 5046 non
2420 4993 2657 5047 minime
2708 5008 2805 5063 per
2853 4993 3078 5046 litteras
3139 4990 3314 5045 hasce
3358 4994 3489 5044 tuas
3547 5005 3640 5046 me

1996 5080 2352 5148 sauciavisti,
2385 5081 2558 5136 simul
2593 5098 2684 5136 me
2705 5089 2760 5137 et
2791 5082 3035 5153 teipsum
3075 5080 3156 5134 sic
3189 5078 3464 5134 nimirum
3499 5093 3635 5133 cou-

1996 5172 2232 5237 ducens,
2282 5175 2474 5238 atque,
2521 5176 2585 5224 ut
2634 5169 2712 5224 ita
2752 5169 2979 5241 loquar,
3011 5168 3270 5224 conflans
3318 5171 3374 5222 et
3421 5166 3640 5221 coutin-

1995 5275 2155 5331 gens,
2213 5259 2527 5329 ambosque
2585 5276 2765 5314 unum
2807 5259 3088 5329 quiddam
3147 5257 3429 5320 efficiens,
3462 5255 3639 5311 simul

2003 5348 2136 5402 item
2174 5363 2344 5418 quam
2392 5362 2497 5417 ego
2545 5353 2646 5402 tua
2689 5347 2926 5418 spirem,
2959 5351 3014 5400 et
3062 5347 3212 5417 quod
3254 5345 3362 5399 hoc
3398 5344 3638 5399 affectus

2000 5437 2109 5490 sim
2152 5436 2343 5504 modo,
2395 5436 2806 5506 plenissimum
2850 5434 3086 5502 faciens,
3114 5435 3254 5488 dum
3287 5435 3498 5504 smpius
3547 5447 3640 5488 me

1995 5526 2230 5596 quidem
2286 5524 2480 5578 animo
2523 5523 2826 5594 agitavisse
2863 5526 2968 5592 ais,
3019 5539 3132 5594 quo
3190 5522 3412 5577 litteras
3461 5521 3530 5574 ad
3585 5526 3640 5576 te

1993 5615 2212 5682 darem,
2243 5628 2308 5668 eo
2338 5617 2532 5668 autem
2565 5611 2722 5684 quod
2759 5627 2951 5666 mores
2981 5620 3114 5667 tuos
3137 5609 3329 5665 minus
3360 5608 3639 5664 haberem

1996 5706 2350 5774 perspectos,
2403 5701 2570 5756 illum
2626 5701 2908 5770 abjecisse
2969 5701 3279 5771 impetum.
3345 5698 3459 5767 Ego
3508 5711 3641 5750 vero

1998 5793 2105 5850 hoc
2137 5809 2228 5848 me
2277 5794 2473 5850 animo
2525 5792 2722 5856 fuisse,
2753 5795 2923 5862 atque
2971 5790 3222 5846 scribere
3251 5785 3642 5854 constituisse,
