4062 6308
314 405 442 467 433
1828 407 1952 470 EPI

2069 411 2256 472 DLE.
3615 410 3733 472 434

315 559 439 605 σας,
469 559 652 612 ταυτῳ
711 538 1007 619 προσέχειν
1055 540 1150 615 μὶν
1197 541 1289 596 τὸν
1318 546 1469 612 νοῦν,
1515 539 1624 615 ούχ
1671 539 1835 614 ἑτέρῳ
1884 561 1958 617 γε¹

2085 561 2216 600 mus
2248 550 2305 600 et
2349 547 2764 603 commercium
2820 550 2987 603 tuum
3040 546 3123 602 vel
3163 547 3384 619 Cinyrae
3438 545 3733 602 thesauris

311 627 644 694 πείθεις,τὸ
677 626 738 684 δὲ
787 631 910 702 περὶ
957 631 1014 685 σὶ
1064 625 1361 704 διατρίϐειν
1423 636 1612 703 μεῖζον
1661 634 1770 684 τῶν
1817 631 1977 686 Κινύ-

314 737 426 792 ρου
461 719 746 773 ταλάντων
807 723 885 791 (2)
943 717 1168 777 οῖεσθαι.
1202 724 1506 797 Τοιγαροῦν
1555 717 1665 775 οὔτ’
1713 715 1855 775 ἔστιν
1887 720 1977 776 ὅτε

311 811 429 862 τῶν
461 811 568 862 σῶν
625 806 848 886 σχολὴν
899 807 1098 882 ἄγομεν
1149 807 1262 864 οὐδ’
1293 809 1382 864 ἐπὶ
1419 811 1630 884 μικρὸν,
1663 810 1725 864 οὑ
1761 807 1974 882 μᾶλλον

313 898 353 966 ἢ
390 898 550 968 ἡμῶν
582 895 767 951 αὐτῶν
806 915 820 932 ⁸
876 895 996 952 οὐδ’
1028 895 1152 972 ἔχοι
1198 919 1282 961 τις
1334 898 1393 952 ἂν
1447 899 1602 953 ταυτὶ
1659 899 1972 971 ψεύσασθαι.

316 985 434 1040 Καὶ
460 982 639 1048 οὐδεὶς
687 987 771 1055 ὃς,
820 989 956 1059 ἡμῖν
989 986 1289 1060 ὁμιλήσας,
1321 987 1383 1043 ού
1413 989 1542 1065 πεφὶ
1601 992 1702 1042 σοῦ
1757 992 1974 1062 πρῶτον

317 1075 582 1143 ἀκήκοεν,
609 1070 795 1130 ἔπειτα
821 1073 877 1131 δὲ
905 1078 994 1131 καὶ
1028 1077 1102 1131 ὧν
1149 1075 1338 1150 ἔξεστι,
1387 1082 1466 1150 τῷ
1516 1077 1650 1149 μετὰ
1700 1078 1757 1132 σὲ
1804 1078 1976 1151 λόγου

314 1163 642 1238 τυγχάνειν,
694 1165 770 1226 ὡς
817 1161 982 1242 ἔγωγ’
1035 1166 1213 1239 οἶμαι,
1265 1169 1689 1240 κοσμουμένων,
1738 1165 1816 1223 Ού
1871 1166 1976 1242 γὰρ

317 1251 506 1323 δήπου
528 1253 594 1309 σὰ
622 1254 718 1328 μὲν
744 1257 851 1328 πρὸ
881 1261 988 1312 τῶν
1034 1254 1223 1313 ἄλλων
1279 1257 1424 1333 ἄγειν
1483 1257 1630 1319 είκδς
1683 1258 1975 1335 αἱρεῖσθαι,

313 1347 431 1397 τῶν
471 1340 522 1397 δ’
574 1345 708 1420 ὑπὲρ
757 1349 854 1400 σοῦ
913 1344 1098 1423 λόγων
1160 1349 1391 1422 πρόσθεν
1444 1349 1649 1423 ἕτεροις
1708 1349 1980 1412 τίθεσθαι,

315 1433 416 1487 καὶ
475 1432 714 1506 μάλιστα
769 1437 987 1491 πάντων
1048 1436 1337 1514 φιλοῦντας
1396 1436 1458 1492 οἱ)
1517 1435 1792 1510 συνῳδοὺς
1849 1445 1966 1501 τοῖς

313 1517 503 1596 ἔργοις
551 1521 851 1600 ἐπεισάγειν
906 1526 1034 1588 τοὺς
1095 1527 1318 1604 λόγους.
1379 1525 1556 1583 Ἀλλὰ
1608 1527 1698 1581 καὶ
1773 1527 1972 1581 τούτου

313 1615 585 1673 τοσοῦτος
640 1615 776 1687 ἡμῖν
827 1613 939 1669 ἐστι
987 1614 1178 1689 λόγος,
1225 1613 1353 1672 ὥστ’
1403 1617 1448 1671 εἰ
1488 1613 1656 1690 μηδὲν
1689 1615 1858 1671 ἐκεῖνό
1890 1637 1974 1678 τις

316 1697 489 1768 οἶδεν,
511 1702 571 1755 ὲκ
597 1701 796 1757 τούτου
824 1708 876 1778 γ’
901 1703 962 1759 ἄν
997 1703 1187 1760 ἐνεῖναι
1213 1707 1623 1780 μαντεύσασθαι.

396 1786 650 1864 Θορύϐων
688 1793 784 1864 μὲν
841 1792 935 1847 οὖν
992 1792 1044 1848 ἐν
1105 1794 1398 1870 συλλόγοις
1453 1795 1749 1873 συνέχειαν,
1779 1795 1870 1849 καὶ
1910 1795 1958 1849 τέ

2156 1804 2279 1858 Non
2311 1807 2366 1858 te
2398 1802 2546 1873 fugit
2593 1807 2734 1874 quot
2762 1810 2814 1859 et
2845 1803 3045 1875 quanti
3077 1805 3136 1859 in
3185 1804 3563 1860 concionibus
3619 1819 3728 1876 ap—

311 1878 511 1934 τείνειν
544 1880 834 1954 ἀπνεμστὶ,
881 1885 967 1938 καὶ
1018 1883 1230 1960 κρότων
1279 1872 1617 1958 ὑπερϐολήν,
1666 1886 1754 1940 καὶ
1801 1905 1958 1939 σπου-

319 1965 375 1982 ..
470 1964 520 1982 ν.
768 1969 791 1982 ..
830 1972 842 1982 .
1136 1970 1162 1982 ..
1299 1975 1313 1982 -
1365 1971 1387 1982 ..
1515 1976 1524 1982 .
1790 1975 1803 1982 -
1842 1976 1854 1982 -
1919 1979 1941 1982 __

2077 1909 2342 1981 plausus,
2375 1918 2429 1965 et
2475 1911 2760 1966 clamores
2817 1910 3187 1982 ininterrupti
3235 1928 3404 1966 aures
3462 1917 3592 1968 tuas
3623 1912 3728 1966 ob-

2086 657 2528 724 anteponamus.
2581 654 2649 709 Et
2706 671 2901 711 revera
2959 671 3128 710 nemo
3188 653 3420 724 negabit
3469 670 3576 710 nos
3627 653 3731 707 tibi

2087 761 2202 817 fere
2238 763 2516 832 majorem
2551 777 2723 832 quam
2756 761 3088 834 nobisipsis
3111 777 3346 832 operam
3377 759 3736 833 impendere,

2088 875 2142 924 et
2173 869 2510 940 quicunque
2543 870 2849 926 nobiscum
2901 885 3232 925 sermonem
3263 869 3580 935 conseruit,
3609 883 3734 923 me-

2089 977 2347 1047 minerit,
2400 993 2491 1032 me
2555 982 2714 1032 tuam
2775 982 2908 1032 ante
2956 977 3220 1032 omnium
3271 977 3502 1033 laudem
3544 976 3734 1032 verbis

2085 1083 2430 1140 celebrasse.
2462 1086 2507 1139 A
2552 1089 2610 1139 te
2665 1101 2921 1156 namque
2953 1101 3146 1140 sermo
3191 1083 3599 1152 inchoandus;
3633 1087 3733 1138 tua

2088 1193 2216 1248 laus
2247 1200 2377 1246 ante
2433 1191 2630 1247 omnia
2662 1192 3023 1262 praedicanda
3057 1195 3114 1246 et
3168 1208 3301 1247 cum
3353 1192 3521 1248 factis
3551 1191 3731 1262 aequi-

2089 1298 2464 1370 ponderanda
2520 1302 2626 1361 est,
2681 1298 2854 1353 itaut
2909 1298 3137 1354 auditor
3178 1314 3244 1353 ex
3294 1298 3480 1354 verbis
3531 1313 3725 1353 rerum

2087 1410 2383 1478 gestarum
2407 1405 2868 1477 magnitudinem
2899 1404 3158 1460 divinare
3189 1405 3391 1475 possit.

315 1965 420 2029 δὰς
468 1964 572 2038 ἔξω
614 1969 1076 2046 παραδείγματος,
1111 1970 1240 2029 οτίων
1293 1975 1321 2028 ὁ
1361 1971 1646 2046 δαιμόνιος
1675 1975 1803 2048 παρ’
1833 1976 1966 2047 ἡμῖν

311 2056 643 2130 ἀπολαύεις,
670 2057 806 2124 ’ίσως
851 2061 955 2116 οὐκ
1012 2064 1242 2137 ἀγνοεῖς,
1300 2060 1457 2125 εἰδὼς
1511 2063 1584 2126 ὡς
1661 2066 1764 2119 ούκ
1825 2062 1968 2124 εἰκὸς

313 2145 511 2210 ἄλλως
543 2145 691 2224 ἔχειν
717 2151 949 2214 ἀπόντος
974 2153 1102 2214 τοὺς
1135 2152 1288 2225 μόνῳ
1319 2173 1405 2208 σοι
1438 2158 1544 2209 τῶν
1594 2155 1764 2208 ὅντων
1797 2151 1968 2230 φιλο-

314 2241 632 2299 νεικοῦντας
658 2243 1050 2313 προσκεῖσθαιο
1086 2239 1214 2298 ἀλλ’
1260 2244 1424 2314 ἡμεῖς
1480 2263 1544 2316 γε
1601 2242 1712 2316 (καὶ
1774 2238 1967 2314 μηδεὶς

313 2321 634 2400 δυσχεράνῃ
682 2331 784 2398 τὴν
838 2329 1064 2385 ἀτοπίαν
1099 2348 1113 2362 ·
1163 2330 1334 2398 ἀλλὰ,
1364 2332 1516 2385 ταῦθ’
1555 2328 1728 2392 οὕτως
1769 2329 1968 2403 ἔχοντα

315 2413 712 2489 λογιζόμενος,
763 2420 1085 2492 θαυμαζέτω
1129 2423 1226 2474 τοῦ
1293 2421 1542 2491 πάθους),
1575 2418 1845 2479 πολλάκις
1895 2415 1960 2487 δή

312 2526 474 2567 τινος
531 2508 670 2579 ἡμῖν
725 2509 1074 2580 καθεστώσης
1129 2509 1367 2585 ἀνάγκης
1425 2510 1562 2583 πρὸς
1617 2509 1962 2564 οὑστινασοῦν

316 2591 570 2664 διεξιέναι
617 2597 742 2670 περί
797 2618 916 2667 του,
944 2604 1062 2660 τοῖς
1125 2599 1258 2674 ὑπὲρ
1307 2602 1403 2653 σοῦ
1450 2598 1678 2671 πρόσθεν
1728 2594 1965 2660 διδόντες

318 2681 475 2754 (οὐδὲ
516 2687 620 2759 γάρ
678 2681 789 2741 ἔσθ’
853 2688 886 2742 ἃ
945 2686 1158 2759 μᾶλλον
1218 2688 1626 2765 φροντίζομεν),
1677 2683 1960 2761 διατριϐὴν

329 2773 426 2843 μὲν
457 2773 611 2845 μόνον
656 2777 860 2846 ταύτην
907 2777 1168 2850 ἱστῶμεν,
1199 2779 1266 2832 τὰ
1314 2775 1370 2832 δὶ
1408 2784 1510 2845 τῆς
1560 2777 1751 2855 χρείας
1797 2778 1960 2850 ἀναρ-

328 2866 501 2931 τῶμεν
527 2862 605 2924 εἰς
657 2862 829 2933 αὖθις,
861 2866 954 2920 καὶ
1001 2872 1101 2934 τῆς
1150 2866 1428 2938 ὁστεραίας
1457 2868 1622 2922 ταυτὸ
1652 2871 1837 2927 τοῦτο,
1870 2867 1962 2921 καὶ

329 2957 424 3018 τῆς
452 2950 529 3005 ἐπ’
561 2951 736 3027 ἐκείνῃ
787 2951 938 3009 οὐδὲν
982 2952 1186 3027 ἕτερον,
1243 2954 1368 3010 ἀλλ’
1406 2955 1673 3034 ἀτεχνῶς,
1722 2955 1961 3030 καθάπερ

321 3039 372 3094 ἓν
414 3040 672 3110 περιόδου
722 3049 950 3120 προφῆ,
1010 3044 1145 3120 πρὸς
1200 3044 1256 3101 ’ἐν
1312 3046 1390 3100 ἀεὶ
1446 3046 1686 3116 τείνομεν
1726 3046 1960 3106 καὶτοῖς

311 3132 504 3192 αὐτοῖς
565 3133 818 3188 ἑκάστοτε
873 3141 1332 3210 προσχωροῦμεν,
1383 3136 1627 3197 εἰκότως.
1662 3133 1802 3192 Οὔτε
1856 3135 1961 3211 γὰρ

2079 2023 2381 2090 strepunt;
2417 2019 2591 2090 probe
2641 2020 2848 2076 novisti
2881 2021 3034 2090 quod
3077 2019 3294 2091 singuli
3325 2020 3410 2076 tui
3439 2025 3541 2076 aut
3580 2039 3724 2090 pras-

2077 2126 2262 2183 sentis
2292 2129 2395 2180 aut
2421 2125 2680 2180 absentis
2710 2141 2912 2181 curam
2944 2131 3119 2195 agunt
3154 2143 3166 2181 :
3202 2142 3308 2181 nos
3348 2127 3459 2197 ipsi
3492 2126 3724 2196 quidem

2075 2231 2250 2301 (quod
2285 2231 2505 2286 nemini
2535 2231 2879 2298 absurdum,
2927 2232 3041 2287 imo
3075 2232 3290 2287 mirum
3340 2232 3521 2288 videri
3552 2233 3727 2290 debe-

2077 2339 2229 2409 ibit),
2261 2355 2413 2410 saepe
2444 2338 2786 2395 necessitate
2826 2337 3021 2409 aliqua
3051 2340 3245 2394 nescio
3275 2356 3424 2410 quos
3465 2339 3724 2409 allocuti,

2075 2443 2144 2498 de
2202 2448 2258 2497 te
2327 2459 2440 2514 praa
2500 2444 2720 2499 caneris
2777 2460 3109 2500 sermonem
3171 2444 3532 2500 instituimus
3588 2446 3721 2517 (hoc

2073 2552 2231 2607 enim
2272 2551 2469 2605 animo
2492 2556 2720 2606 nostros
2755 2551 2812 2605 in
2849 2551 3053 2622 primis
3075 2551 3444 2621 jucundum),
3479 2556 3716 2607 ceteras

2070 2677 2202 2716 vero
2235 2677 2325 2714 res
2361 2660 2432 2714 ad
2465 2659 2576 2714 alia
2611 2663 2667 2713 et
2696 2659 2809 2714 alia
2865 2659 3138 2727 deinceps
3170 2662 3437 2728 tempora
3465 2658 3718 2713 remitti-

2070 2791 2224 2841 mus,
2257 2775 2463 2828 iisdem
2499 2774 2673 2829 rebu
2705 2791 3002 2846 nunquam
3037 2791 3151 2829 non
3210 2789 3449 2843 operam
3492 2773 3717 2828 dantes.

2067 2889 2140 2947 Ut
2169 2890 2323 2946 enim
2377 2891 2565 2945 furore
2613 2890 2806 2947 divino
2856 2891 3102 2956 incitati,
3159 2896 3222 2944 ut
3256 2895 3418 2960 poeta
3443 2889 3716 2960 loquitur,

2075 3020 2137 3058 se
2191 3003 2348 3075 ipsos
2389 3006 2687 3059 continere
2741 3021 2853 3058 non
2940 3004 3151 3071 valent,
3229 3005 3329 3058 sed
3387 3003 3716 3060 indesinen-

2078 3117 2162 3166 ter
2215 3111 2604 3182 abripiuntur,
2665 3111 2747 3165 sic
2789 3127 2891 3165 nos
2933 3126 3184 3182 quoque,
3221 3109 3300 3164 tui
3350 3111 3721 3165 admiratione

314 3222 367 3274 oi
400 3222 516 3290 θείᾳ
571 3221 735 3293 μανίᾳ
787 3223 1068 3285 σύναυλοι,
1117 3226 1355 3294 ποιητὴς
1406 3227 1485 3298 (3)
1534 3223 1596 3278 ἂν
1642 3224 1804 3286 εἶπεν,
1855 3224 1958 3278 οἶοί

2075 3219 2320 3288 abrepti,
2372 3235 2485 3272 non
2546 3218 2843 3288 potuimus
2900 3223 3057 3274 tuam
3112 3219 3168 3272 in
3227 3221 3461 3273 caeteros
3518 3233 3720 3274 omnes

307 3310 372 3364 τέ
420 3311 526 3365 εἱσι
581 3318 716 3390 σφᾶς
773 3314 992 3376 αὐτοὺς,
1049 3312 1267 3369 ἂπειδὰν
1341 3316 1632 3384 κινηθῶσι,
1685 3315 1959 3392 κατέχειν,

312 3398 465 3453 ἀλλὰ
522 3403 854 3474 συνείρουσιν
900 3402 1200 3457 ἀπνευστί·
1254 3399 1330 3464 ὣς
1380 3401 1437 3456 δὲ
1479 3404 1571 3457 καὶ
1617 3406 1803 3474 ἡμεῖς,
1856 3403 1960 3458 ὑπὸ

309 3491 412 3540 σοῦ
469 3488 640 3543 πάλαι
688 3489 1012 3565 πληγέντες,
1063 3493 1356 3566 ἡσυχάζειν
1409 3493 1510 3546 οὐκ
1556 3485 1780 3566 ἔχομεν,
1811 3490 1959 3546 ἀλλὰ

305 3578 414 3646 τήν
446 3597 503 3630 τε
531 3580 668 3651 πρὸς
697 3577 904 3640 ἄλλους
938 3582 1172 3643 ἅπαντας
1221 3579 1637 3655 μεγαλοψυχίαν
1687 3579 1956 3650 διεξιέναι,

313 3665 454 3736 μετὰ
480 3666 572 3720 καὶ
601 3665 795 3721 πλλῶν
827 3668 1024 3742 ἑτάρων
1065 3670 1098 3723 ἅ
1143 3689 1227 3724 σοι
1271 3671 1529 3743 πρόσεστι
1583 3671 1672 3724 καὶ
1705 3671 1778 3724 ὧν
1826 3671 1956 3724 θαυ-

310 3755 524 3824 μαστὰς
567 3754 806 3816 ἅπαντας
861 3751 1034 3833 ἔχεις,
1085 3759 1185 3826 τήν
1242 3777 1300 3810 τε
1351 3757 1486 3828 πρὸς
1538 3758 1687 3827 ἡμᾶς
1762 3755 1956 3817 αὐτοὺς

311 3843 530 3897 εὓνοιαν
560 3844 650 3898 καὶ
680 3841 922 3913 σπουδὴν
951 3844 1220 3914 τοσαύτην
1250 3865 1313 3917 γε
1352 3844 1535 3914 οὖσαν,
1571 3849 1644 3906 ὡς
1693 3847 1780 3899 καὶ
1827 3845 1955 3907 τοὺς

303 3935 698 4004 γεγεννηκότας
750 3933 944 3994 αύτούς
978 3953 990 3964 ⁸
1047 3933 1100 3987 τί
1150 3932 1197 3987 δ’
1248 3932 1309 3988 ἃν
1368 3934 1512 3990 εἳποι
1567 3954 1695 4003 τις;
1755 3934 1954 4003 Διεξιὲ-

303 4041 396 4074 ναι
427 4024 511 4096 (4)
540 4019 618 4091 δὶ,
645 4020 755 4098 οὔχ
785 4024 814 4077 8
841 4045 895 4078 τι
924 4024 1063 4078 τισὶν
1095 4025 1358 4097 ἠγνόηται
1389 4027 1529 4097 (πῶς
1568 4026 1671 4099 γάρ
1705 4047 1719 4094 ;
1762 4023 1794 4079 ἃ
1845 4046 1955 4098 μο-

303 4110 471 4165 νονοὺ
500 4115 694 4174 πάντες
752 4113 918 4182 ἴσασι,
963 4115 1052 4168 καὶ
1093 4113 1230 4186 πρὸς
1278 4113 1564 4186 ἀλλήλους
1621 4112 1809 4193 σφόδρ’
1838 4115 1952 4169 ἀντ’

305 4197 490 4255 ἄλλου
517 4222 614 4256 του
649 4203 784 4274 μετὰ
806 4206 902 4256 τοῦ
943 4204 1240 4273 θαυμάζειν
1303 4205 1494 4272 βοῶσι,
1559 4204 1949 4276 μακαρίζοντες

311 4292 410 4363 μὲν
462 4289 689 4362 ἐμὶ,σοὶ
748 4288 804 4345 δὲ
851 4293 1247 4366 συνευχόμενοι
1293 4293 1361 4347 τὰ
1411 4292 1638 4366 βελτίω,
1687 4299 1784 4361 τῆς
1852 4295 1946 4364 μὲν

302 4382 474 4451 τιμῆς
533 4379 650 4452 ἐμὲ,
708 4380 794 4434 σοὶ
851 4379 908 4434 δὲ
962 4381 1229 4451 τοσαύτην
1303 4383 1570 4455 ὁσημέραι
1638 4384 1946 4457 παρέχειν),

305 4467 437 4524 ἀλλ’
464 4467 546 4522 ὅτι
583 4473 693 4522 τῶν
745 4469 1109 4523 ἀτοπωτάτων
1163 4471 1297 4531 εἶςαι
1343 4471 1574 4542 νομίζω,
1604 4472 1691 4525 καὶ
1732 4477 1836 4533 πᾶς
1865 4492 1948 4533 τις

304 4557 366 4614 ἃν
425 4559 650 4634 νομίσαι
711 4556 959 4628 δικαίως,
1019 4559 1061 4613 εἰ
1136 4559 1200 4614 σὺ
1274 4562 1370 4632 μὶν
1441 4559 1687 4616 ἁπάντων
1746 4562 1946 4637 ὅσαπερ

301 4652 444 4720 ἡμῖν
480 4647 558 4711 εἷς
615 4647 803 4717 ὄνησιν
857 4651 958 4716 ἧκε
1015 4649 1266 4720 πράττειν
1324 4650 1424 4705 ούκ
1478 4652 1751 4716 ἀποκνεῖς,
1799 4652 1947 4707 ἀλλὰ

300 4738 392 4791 καὶ
455 4732 799 4810 ὑπερϐαίνεις
855 4730 966 4790 ἔσθ’
1021 4735 1110 4792 ὅτε
1163 4739 1262 4805 τήν
1307 4738 1520 4813 χρείαν,
1554 4740 1713 4794 αὐτοὶ
1758 4737 1805 4794 δ’
1836 4740 1944 4818 οὐχ

301 4827 429 4881 ὅσον
461 4821 666 4900 ἔχομεν
701 4825 878 4902 λέγειν
913 4825 984 4888 ὡς
1016 4825 1099 4897 ἄρ’
1152 4828 1208 4880 εὖ
1256 4828 1594 4901 πεπόνθαμεν
1644 4830 1732 4882 καὶ
1783 4833 1945 4904 χάριν

301 4915 705 4990 ὁμολογοῦντες
753 4915 1030 4994 φαίνεσθαι
1071 4936 1084 4948 ·
1137 4915 1166 4969 ’ὀ
1218 4918 1294 4989 μὴ
1335 4922 1614 4978 ποιοῦντες
1643 4916 1941 4992 ἠδικοῦμεν

298 5004 379 5060 ἄν.
420 5009 524 5058 Νῦν
556 5002 614 5059 δὲ
649 5004 716 5058 τὰ
765 5002 947 5058 εἰκότα
987 5001 1244 5078 δρῶττες,
1295 5005 1394 5060 οὐκ
1438 5002 1498 5075 ἅν
1545 5005 1766 5062 ἐπαίνου
1812 5029 1944 5083 τυγ-

301 5096 570 5170 χάνοιμεν
605 5113 617 5125 ·
654 5091 800 5148 ἀλλὰ
828 5093 918 5146 καὶ
945 5093 1142 5148 τούτου
1174 5093 1237 5148 σύ
1264 5096 1310 5169 γ’
1359 5095 1519 5156 αύτὸς
1570 5093 1780 5159 δίκαιος
1824 5097 1944 5152 ἀτε-

301 5189 470 5260 χνῶς,
503 5185 532 5238 ὁ
563 5183 662 5246 τὰς
685 5182 937 5258 ἆφοόμὰς
968 5186 1071 5236 τῶν
1101 5184 1390 5250 τοιούτων,
1425 5183 1499 5238 δι’
1538 5187 1613 5238 ὧν
1661 5187 1735 5246 εἷς
1793 5188 1942 5259 ἡμὰς

295 5275 551 5329 ἑκάστοτε
629 5273 909 5346 πράττεις,
992 5274 1432 5346 παρασκευάζων.
1521 5275 1743 5350 Μεγάλα
1839 5278 1941 5350 γὰρ

291 5364 379 5418 ἀεὶ
411 5361 802 5438 χαριζόμενος,
845 5364 1083 5422 καὶτοῖς
1131 5358 1399 5437 δευτέροις
1441 5363 1507 5418 τά
1554 5365 1792 5440 πρότερα
1839 5387 1942 5420 πα..

361 5510 553 5582 (εχιη
607 5507 970 5582 proverbium
1010 5508 1272 5582 abierant
1316 5510 1535 5582 Cinyra
1564 5512 1757 5582 Cyprii
1788 5513 1939 5569 divi-

361 5529 438 5582 (Ζ)
488 5529 553 5566 ιιι
607 5529 970 5579 proverbium
1010 5529 1272 5564 amorum.
1316 5529 1535 5582 Cinyra
1564 5529 1605 5568 Li
1651 5529 1757 5582 pru
1788 5529 1939 5569 σινι-

288 5584 406 5638 tiae.
430 5581 578 5654 Vide
619 5579 877 5654 Gregorii
919 5596 1021 5635 seu
1048 5579 1343 5654 (ἔρρε-εοιῇ
1384 5582 1574 5654 Cyprii
1607 5529 1941 5641 ﬁroverbio-

284 5670 418 5711 rum
448 5650 878 5717 collectionem,
901 5655 1044 5707 tom.
1074 5650 1274 5710 CXLII.
1305 5650 1461 5710 Enrr'.

360 5725 436 5800 (3)
469 5720 795 5797 Sophocles
823 5721 1044 5779 scilicet
1071 5723 1155 5794 ΑΙ.
1186 5724 1311 5780 611.

2069 3335 2526 3390 benevolentiam
2576 3352 2690 3390 non
2745 3335 3053 3406 prmdicare
3094 3352 3242 3406 quos
3285 3336 3370 3389 tui
3405 3335 3719 3390 admirato-

2068 3459 2155 3498 res
2185 3442 2399 3509 habes;
2445 3458 2578 3497 nam
2614 3447 2714 3497 tua
2743 3458 2880 3514 erga
2929 3459 3032 3497 nos
3071 3458 3304 3514 quoque
3337 3442 3717 3510 magnificen-

2067 3559 2146 3612 tia
2203 3575 2270 3611 ea
2308 3566 2406 3618 est,
2458 3563 2520 3611 ut
2575 3558 2668 3613 vix
2725 3568 2882 3628 pater
2938 3559 3061 3627 ipse
3116 3560 3386 3626 majorem
3447 3556 3716 3612 exhibere

2067 3666 2270 3734 possit.
2303 3663 2450 3728 Quid
2487 3663 2698 3731 plura?
2730 3666 2790 3718 In
2826 3663 3035 3735 vulgus
3086 3669 3219 3718 nota
3268 3664 3448 3718 refero
3492 3664 3716 3732 (omnes

2064 3780 2219 3834 enim
2262 3780 2473 3844 sciunt,
2515 3785 2590 3847 et,
2653 3795 2862 3849 magno
2894 3779 3141 3834 clamore
3191 3780 3587 3845 vociferantes,
3622 3795 3713 3834 me

2064 3896 2298 3968 quidem
2330 3896 2563 3950 beatum
2596 3895 2816 3962 dicunt,
2855 3896 2959 3951 tibi
2990 3901 3181 3951 autem
3217 3896 3436 3966 optima
3466 3912 3710 3967 quaeque

2064 4007 2395 4076 precantur,
2427 4008 2481 4056 et
2541 4002 2625 4058 sic
2658 4004 2824 4059 nobis
2859 4005 3144 4058 ambobus
3180 4004 3495 4058 maximum
3519 4006 3707 4074 quoti-

2061 4119 2155 4173 die
2205 4119 2482 4173 bonorem
2518 4119 2844 4190 tribuunt);
2889 4136 3022 4173 nam
3066 4135 3170 4187 ego
3201 4125 3259 4173 et
3318 4118 3506 4190 quivis
3565 4119 3710 4174 alius

2062 4243 2122 4282 re
2162 4225 2368 4280 merito
2399 4225 2802 4295 indignaretur
2832 4227 2901 4292 si,
2929 4226 3066 4280 dum
3102 4231 3161 4279 tu
3197 4225 3342 4280 nihil
3385 4243 3523 4295 non,
3555 4225 3708 4296 quod

2062 4339 2228 4394 nobis
2270 4336 2413 4392 utile
2443 4353 2566 4393 esse
2599 4337 2771 4409 posit,
2802 4339 2920 4393 imo
2973 4337 3101 4409 plus
3135 4355 3310 4410 quam
3346 4339 3501 4410 quod
3533 4341 3708 4394 debes

2056 4453 2118 4509 in
2151 4470 2257 4509 nos
2279 4454 2529 4514 confers,
2563 4471 2667 4508 nos
2699 4453 2977 4509 beneﬁcia
3024 4460 3122 4509 tua
3172 4472 3286 4510 non
3317 4463 3478 4526 grato
3511 4455 3706 4510 animo

2057 4567 2233 4632 atque
2290 4576 2389 4614 ore
2465 4560 2893 4615 conﬁteremur.
2957 4563 3144 4626 Quare
3209 4563 3257 4616 si
3318 4565 3468 4633 quod
3530 4563 3704 4617 debe-

2058 4682 2209 4731 mus,
2246 4665 2515 4731 iacimus,
2549 4665 2778 4720 laudem
2837 4669 3003 4721 nobis
3061 4667 3354 4723 vindicare
3411 4670 3537 4723 ideo
3589 4685 3702 4724 non

2055 4798 2408 4852 possumus;
2442 4786 2501 4834 tu
2531 4786 2750 4846 autem,
2784 4782 2880 4851 qui
2922 4787 3217 4837 tantorum
3255 4783 3311 4838 in
3346 4800 3449 4838 nos
3482 4784 3698 4839 beneﬁ-

2054 4888 2277 4942 ciorum
2306 4893 2506 4941 auctor
2552 4903 2634 4952 es,
2671 4889 2872 4942 merito
2921 4887 3082 4942 omni
3131 4889 3299 4944 laude
3347 4906 3408 4944 es
3457 4889 3694 4961 dignus.

2055 5004 2201 5056 Dum
2255 5003 2408 5055 enim
2460 5003 2684 5071 magnis
2745 5003 3042 5058 beneflciis
3103 5006 3322 5075 majora
3369 5020 3601 5075 semper
3642 5018 3697 5062 et

2056 5115 2447 5189 praestantiora
2493 5117 2718 5187 adjicis,
2779 5133 3079 5188 nunquam
3142 5123 3334 5172 tamen
3394 5120 3539 5174 satis
3587 5121 3694 5176 tibi

2051 5235 2256 5289 fecisse
2303 5239 2495 5304 putas,
2555 5235 2653 5287 sed
2706 5235 2968 5289 certatim
3024 5233 3323 5303 majorem,
3365 5253 3540 5307 quam
3591 5255 3694 5293 nos

2049 5349 2180 5420 ipsi,
2215 5349 2397 5404 nostri
2429 5364 2624 5402 curam
2667 5349 2840 5418 geris,
2871 5354 2929 5402 et
2976 5350 3228 5404 maximo
3280 5352 3484 5405 ardore
3524 5355 3696 5409 rebus

2117 5512 2198 5581 (4)
2233 5510 2325 5586 _Sic
2345 5512 2513 5586 codd.
2551 5511 2734 5566 Locus
2751 5516 2844 5586 est
2868 5511 3374 5586 mutilus.Sensus
3399 5515 3651 5586 postulat
3676 5533 3690 5570 :

2045 5579 2255 5657 Ὠάηκπῖ
2289 5579 2432 5657 ,τοὺς
2478 5580 2858 5657 γεγεννηκᾴτας
2901 5581 3096 5644 αὐτοὺς
3130 5581 3276 5657 (τίδ’
3330 5579 3560 5641 ἃνέἳποι
3607 5607 3690 5647 τις

2055 5656 2237 5725 μεῖζον
2266 5655 2306 5726 ;)
2338 5651 2398 5706 ού
2434 5650 2602 5724 μείζω
2626 5650 2908 5728 παρέχειν.
