4062 6308
487 362 604 421 435

1791 359 2182 422 THEODULI
2229 358 2583 421 MONAGHI

3755 362 3867 423 436

482 497 698 552 nostris
728 497 949 568 studes,
983 514 1087 553 nos
1119 498 1262 553 nihil
1313 498 1472 553 aliud
1504 513 1676 569 quam
1737 501 1897 570 grato
1933 495 2126 551 animo

2240 495 2395 569 ριὼν,
2457 495 2711 571 ὑστέρων,
2771 498 2952 576 φασὶν,
3007 496 3331 569 ἀμεινόνων,
3378 496 3594 554 οὐδέπω
3639 501 3726 555 καὶ
3782 505 3867 554 νῦν

485 604 1029 677 magnanimitatem
1098 610 1257 661 tuam
1309 605 1617 677 predicare
1673 621 2008 676 possumus.
2068 605 2125 658 Si

483 711 637 767 enim
699 711 973 768 beneficia
1030 721 1125 768 tua
1178 714 1388 769 referre
1430 729 1546 768 non
1595 729 1930 783 possumus,
1973 712 2126 767 sicut

481 819 906 888 desideramus,
941 820 1207 892 utrisque
1247 821 1417 876 nobis
1447 819 1782 876 testimonio
1813 825 1924 886 est,
1957 820 2124 875 nobis

482 926 718 997 quidem
747 927 900 996 quod
939 928 1240 984 benefacta
1288 929 1510 999 experti
1540 944 1767 995 sumus,
1799 943 1980 998 eaque
2010 943 2127 982 ma-

481 1032 637 1088 xima
719 1033 1184 1090 benefactoribus
1269 1038 1473 1104 sponte
1531 1051 1599 1090 ea
1673 1035 2126 1091 conferentibus.

556 1757 667 1813 Sed
699 1760 776 1822 et,
835 1757 929 1813 his
960 1758 1239 1822 contenti,
1302 1757 1550 1812 libenter
1607 1756 1902 1813 inferiores
1931 1754 2128 1811 haberi

484 1863 753 1934 velimus,
784 1866 918 1919 dum
961 1881 1065 1934 par
1111 1863 1236 1936 pari
1293 1865 1506 1920 referre
1560 1864 1710 1920 haud
1739 1863 2034 1932 valemus;
2067 1864 2127 1919 in
2160 1860 2204 1924 B

486 1989 602 2044 quo
633 1971 820 2044 magis
849 1989 1117 2028 amamus
1148 1976 1306 2026 tuam
1338 1972 1634 2043 injuriam,
1673 1989 1848 2044 quam
1886 1973 2127 2029 benevo-

483 2079 724 2136 lentiam
756 2079 1026 2151 experiri.
1065 2080 1205 2135 Esse
1245 2081 1400 2135 enim
1433 2081 1491 2135 in
1541 2096 1782 2136 numero
1809 2096 2008 2135 eorum
2027 2080 2129 2150 qui

486 2187 592 2242 abs
632 2191 687 2242 te
726 2185 1108 2252 honorantur,
1140 2191 1195 2243 et
1253 2186 1468 2257 quibus
1528 2192 1590 2242 tu
1640 2188 1782 2242 bene
1839 2187 2003 2254 facis,
2035 2204 2130 2242 sa-

484 2290 602 2348 tius
630 2296 738 2359 est,
769 2292 842 2348 ob
872 2292 986 2348 tela
1023 2309 1090 2347 ac
1147 2291 1360 2364 philtra
1407 2297 1529 2358 tua,
1565 2309 1739 2364 quam
1791 2294 1838 2348 si
1885 2309 1990 2348 nos
2018 2292 2130 2363 ipsi

483 2397 726 2457 aliorum
776 2399 1173 2454 benefactores
1231 2398 1582 2454 haberemur
1611 2401 1924 2470 praesertim
1958 2400 2030 2455 ob
2063 2415 2131 2454 ea

483 2521 606 2576 qua:
636 2507 809 2562 modo
831 2505 1101 2574 diximus,
1124 2521 1409 2562 memores
1429 2507 1709 2568 proverbii
1731 2508 1882 2578 quod
1907 2507 2130 2563 similes

487 2614 783 2672 similibus
823 2616 1070 2672 associat
1102 2616 1492 2688 aliquatenus.
1526 2617 1668 2681 Quid
1703 2634 1873 2688 porro
1912 2617 2130 2673 Laertia

484 2721 606 2778 filio
631 2721 1031 2779 bonorahilius
1059 2740 1187 2779 esse
1216 2729 1408 2794 potest
1447 2739 1622 2794 quam
1682 2723 1944 2779 Minervas
1978 2725 2132 2778 favor

481 2836 539 2888 et
576 2830 854 2895 amicitia,
895 2836 953 2886 et
995 2847 1167 2903 quam
1218 2831 1338 2902 ipse
1387 2847 1504 2903 prae
1555 2833 1772 2887 caeteris
1811 2833 2129 2888 divinitati-

483 2937 596 2994 bus
651 2938 806 3008 apud
875 2937 1219 3008 Sophoclem
1279 2937 1391 2994 sibi
1451 2939 1734 2994 faventem
1795 2939 2039 3010 judical,
2097 2957 2130 2994 a

483 3060 598 3113 qua
639 3045 836 3100 omnia
891 3045 1052 3100 omni
1098 3049 1354 3117 tempore
1409 3045 1832 3116 gubernantur,
1867 3044 2018 3100 sicut
2066 3050 2128 3100 tu

484 3151 611 3221 ipse
639 3166 747 3206 nos
793 3151 1069 3218 majorem
1119 3151 1179 3206 in
1211 3152 1444 3206 modum
1477 3153 1645 3220 regis.
1680 3153 1829 3216 Quin
1862 3152 1978 3206 imo
2011 3168 2128 3207 non

2235 583 2626 660 μεγαλοψυχίᾳ
2655 587 2886 663 γνώμης
2915 584 3017 641 οῗει
3047 607 3100 641 τι
3139 591 3248 642 τῶν
3297 587 3524 644 εἰκότων
3579 589 3866 664 εἰργάσθαι,

2232 673 2348 729 οὐδ’
2407 675 2568 752 ἐγγύς
2602 719 2614 732 .
2666 675 2794 731 ἀλλ’
2836 675 3017 749 ὥσπερ
3059 677 3194 750 πρὸς
3261 678 3419 738 αὐτὸς
3492 680 3682 733 σαυτὸν
3743 680 3865 752 ὑπὲρ

2229 766 2392 835 ἡμῶν
2450 763 2869 838 ἁμιλλώμενος,
2925 767 3018 819 καὶ
3067 764 3282 837 μᾶλλόν
3337 787 3398 842 γε
3445 766 3480 834 ἢ
3533 769 3694 838 ἡμεῖς
3743 768 3863 841 ὑπὲρ

2229 855 2388 924 ἡμῶν
2439 853 2638 922 αὐτῶν,
2671 853 2812 908 οὕτω
2868 855 3192 931 φροντίζεις,
3223 855 3386 926 κόρον
3429 854 3621 910 οὐδένπ
3657 856 3864 911 πώποτε

2231 940 2533 1016 δεχόμενος
2604 949 2706 1012 τῆς
2770 941 3034 1009 σπουδῆς,
3101 943 3167 1013 ἢν
3231 947 3396 1018 ἡμεῖς
3462 944 3860 1019 ἀντεισενεγκεῖν

2229 1030 2316 1086 ἐπὶ
2368 1037 2482 1093 τοῖς
2543 1031 2682 1094 ἴσοις
2736 1033 2836 1086 οὐκ
2879 1029 3122 1107 ἔχοντες,
3157 1031 3328 1102 δῆλον
3380 1039 3640 1106 ποιοῦμεν
3673 1036 3861 1089 ὁπόσον

2229 1121 2286 1174 εὖ
2336 1121 2622 1196 πάσχομεν
2655 1140 2667 1153 ·
2699 1125 2780 1194 τῷ
2836 1118 2893 1177 δὲ
2945 1119 3092 1194 αὒτῷ
3124 1123 3216 1176 καὶ
3266 1125 3415 1194 ἡμᾶς
3463 1122 3656 1184 αὐτοὺς
3695 1122 3864 1176 καὶτὸ

2227 1211 2364 1265 κατὰ
2419 1211 2477 1265 σε
2533 1207 2710 1280 δήπου
2767 1209 3039 1284 σεμνύνειν
3099 1206 3326 1286 ἔχομεν.
3379 1216 3444 1267 Ἠ
3504 1214 3608 1286 γὰρ
3655 1211 3706 1268 έν
3756 1217 3864 1272 ταῖς

2229 1295 2488 1373 ἀμοιϐαῖς
2540 1299 2742 1373 ἀπορία
2797 1301 2889 1355 καὶ
2945 1302 3009 1356 τὸ
3072 1299 3244 1374 μηδὲν
3303 1297 3450 1376 ἔχειν
3503 1302 3866 1376 ἀποχρώντως

2229 1388 2546 1445 ἐκτετικέναι
2593 1392 2897 1464 τεκμήριον
2959 1389 3046 1446 ἰπὶ
3107 1388 3258 1445 δυοῖν
3344 1396 3460 1445 τοῖν
3536 1388 3866 1461 καλλίστοιν,

2229 1479 2370 1551 ὁμοῦ
2426 1478 2551 1540 τούς
2605 1500 2664 1534 τε
2719 1479 3035 1554 πάσχοντας
3097 1477 3153 1534 εὖ
3211 1480 3337 1542 τούς
3391 1500 3448 1534 τε
3498 1476 3554 1533 εῦ
3584 1484 3860 1542 ποιοῦντας

2231 1567 2498 1638 δεικνύον,
2529 1569 2657 1633 τοὺς
2707 1571 2799 1642 μέν
2847 1575 2955 1625 τῶν
3011 1570 3284 1645 μεγίστων
3322 1570 3712 1648 τυγχάνοντας,
3751 1571 3868 1632 τοὺς

2232 1656 2290 1713 δὲ
2317 1663 2542 1715 τοιαῦτα
2574 1660 2994 1734 χαριζομένους.

2302 1745 2374 1800 Οὐ
2410 1748 2518 1818 μὴν
2576 1745 2722 1801 ἀλλὰ
2770 1747 2860 1801 καὶ
2907 1747 3179 1801 τούτοισιν
3233 1747 3294 1801 ἂν
3345 1746 3731 1822 αὖταρκοῦντες
3763 1744 3868 1802 έδεο

2236 1834 2418 1908 ξαμεθ’
2448 1833 2510 1888 ἃν
2567 1834 2799 1904 ἑκόντες,
2841 1834 2898 1889 εὖ
2934 1833 3071 1905 ἴσθι,
3118 1837 3186 1890 τά
3241 1840 3463 1891 τοιαῦτα
3513 1835 3729 1909 μᾶλλον
3781 1839 3869 1905 ἡτ-

2234 1926 2422 1978 τᾶσθαι
2473 1920 2686 1998 φέροντι
2733 1927 2810 1994 τῷ
2867 1925 3044 1997 θυμῷ,
3097 1924 3132 1993 ἢ
3194 1925 3462 1998 περαίνειν
3503 1923 3552 1996 ἐξ
3606 1923 3867 2000 ἀναλόγου

2237 2010 2512 2081 δύνασθαι,
2571 2013 2709 2067 ὅπου
2765 2033 2828 2086 γε
2879 2013 2970 2066 καὶ
3024 2015 3124 2082 τήν
3174 2015 3322 2088 παρὰ
3372 2017 3467 2068 σοῦ
3529 2014 3742 2086 μᾶλλον
3776 2021 3870 2083 ζη-

2241 2101 2366 2174 μίαν
2420 2107 2516 2156 τοῦ
2563 2108 2690 2176 παρ’
2749 2103 3088 2158 ὡντινωνοῦν
3148 2104 3205 2158 εὗ
3263 2103 3604 2161 πεπονθέναι.
3656 2105 3724 2159 Τὸ
3777 2105 3873 2178 γὰρ

2235 2196 2342 2245 τῶν
2387 2192 2490 2246 ὑπὸ
2542 2197 2639 2246 σοῦ
2686 2191 3118 2264 κεκοσμημένων
3163 2191 3410 2265 ὁρᾶσθαι,
3457 2193 3546 2247 καὶ
3587 2194 3647 2248 σέ
3690 2196 3738 2268 γ’
3788 2193 3874 2248 αύ-

2235 2280 2327 2334 τὸν
2389 2280 2463 2342 εἷς
2514 2279 2797 2356 εὐεργέτας
2858 2279 3170 2358 ἐγγράφειν,
3229 2276 3344 2335 ἕσκι
3406 2282 3499 2354 μὲν
3556 2283 3650 2336 καὶ
3697 2280 3872 2343 άλλως

2239 2367 2330 2424 διά
2357 2369 2423 2423 τὰ
2448 2371 2513 2424 σὰ
2566 2370 2703 2442 βέλη
2737 2370 2828 2425 καὶ
2875 2368 3076 2446 φίλτρα
3127 2369 3382 2434 πλείονος
3439 2371 3607 2443 ἄξιον,
3642 2373 3678 2440 ἢ
3738 2374 3874 2444 ἡμᾶς

2239 2457 2434 2519 αὐτοὺς
2483 2459 2558 2520 είς
2611 2458 2887 2534 εὐεργέτας
2947 2460 3250 2514 ὁτοισινοῦν
3309 2460 3628 2539 γράφεσθαι,
3689 2458 3876 2531 πολλῷ

2239 2544 2296 2601 δὲ
2356 2545 2570 2619 μᾶλλον
2633 2545 2702 2602 δι’
2741 2546 2919 2623 ὥνπερ
2979 2550 3308 2622 ἐμεμνήμην
3355 2551 3573 2623 αρτίως,
3605 2549 3792 2612 ἄλλως
3827 2570 3878 2603 τε

2236 2635 2326 2690 καὶ
2352 2639 2450 2706 τὴν
2497 2637 2798 2710 παροιμίαν
2848 2636 3083 2707 εῖδότας,
3131 2643 3240 2693 τῶν
3272 2645 3391 2701 τοῖς
3440 2640 3684 2711 ἑταίροις
3712 2660 3875 2712 προσ-

2238 2726 2406 2780 όντων
2483 2725 2559 2786 είς
2621 2727 2914 2790 κοινωνοὺς
2992 2733 3313 2792 καθιστᾶσαν
3370 2728 3572 2803 τρόπον
3636 2726 3702 2800 δή
3768 2749 3876 2783 τινα

2237 2820 2437 2884 Μεῖζον
2489 2813 2546 2870 δὲ
2601 2816 2691 2871 καὶ
2749 2821 2827 2886 τῷ
2885 2816 3132 2892 Λαέρτου
3176 2818 3312 2891 πρὸς
3364 2814 3518 2888 δόξαν
3557 2816 3690 2873 ὅτου
3717 2816 3872 2880 τίςᾶν

2237 2902 2381 2959 ε’ίποι
2429 2906 2624 2966 παντὸς
2679 2907 2714 2974 ἡ
2767 2907 2913 2981 παρά
2965 2912 3064 2975 τῆς
3110 2907 3338 2977 Ἀθηνᾶς
3392 2905 3767 2984 φιλανθρωπία
3795 2905 3874 2960 καὶ

2237 2995 2401 3068 χάρις
2432 2996 2521 3048 καὶ
2578 2994 2640 3049 τό
2705 2996 3092 3069 συναιρόμενον
3147 2995 3199 3049 έν
3251 2998 3436 3064 παντὶ,
3485 2996 3551 3066 ἧν
3611 2999 3703 3052 καὶ
3755 2995 3869 3072 φιλ-

2237 3083 2402 3154 τάτην
2465 3083 2578 3158 οὐχ
2615 3085 2738 3138 ὅσον
2804 3084 2965 3148 αὐτὸς
3026 3084 3179 3156 αύτῷ
3238 3082 3604 3162 διαφέρόντως
3661 3090 3754 3139 τῶν
3783 3082 3865 3137 ἆλ-

2240 3173 2350 3228 λων
2375 3175 2509 3228 θεῶν
2542 3173 2688 3247 παρᾶ
2734 3173 3009 3248 Σοφοκλεῖ
3069 3180 3351 3248 μαρτυρεῖ,
3410 3173 3558 3230 ἀλλὰ
3603 3177 3695 3231 καὶ
3742 3174 3799 3228 τά
3821 3176 3860 3226 τ’

485 3273 624 3329 erga
678 3273 790 3314 non
840 3258 948 3313 ista
979 3258 1373 3314 familiaritate
1430 3259 1631 3328 uteris,
1691 3275 1889 3313 curam
1930 3275 2126 3314 eorum

2243 3261 2334 3316 οὖν
2381 3263 2551 3336 πάρος
2591 3263 2657 3316 τά
2712 3265 2759 3316 τ’
2806 3262 2883 3325 εἷς
2929 3259 3117 3318 ἔπειτα
3170 3264 3274 3318 ὑπὸ
3344 3266 3572 3335 ταυτησὶ
3643 3259 3874 3340 κυϐερνᾶ-

486 3365 758 3437 gerendo,
791 3365 891 3420 sed
945 3365 1004 3420 in
1028 3380 1252 3430 omnes,
1285 3365 1454 3436 quasi
1493 3365 1617 3435 lege
1644 3371 1744 3420 aut
1793 3365 2136 3420 necessitate

485 3470 681 3541 aliqua
707 3486 774 3526 eo
806 3469 1162 3541 perduceris,
1195 3475 1250 3526 te
1308 3472 1716 3526 accommodas
1741 3476 1797 3526 et
1843 3472 2137 3542 exemplar

485 3584 543 3634 te
601 3578 842 3650 praebes,
884 3579 1061 3650 idque
1109 3594 1223 3634 non
1283 3580 1482 3649 paucis
1513 3579 1890 3650 quibusdam.
1949 3578 2134 3650 Magis

489 3687 645 3742 enim
678 3691 734 3742 te
757 3687 923 3758 juvat
938 3687 987 3742 si
1019 3686 1123 3741 tibi
1156 3687 1329 3742 datur
1358 3686 1488 3742 aliis
1519 3692 1662 3742 bene
1698 3687 1905 3754 facere,
1955 3703 2133 3755 quam

491 3793 540 3849 si
572 3792 669 3849 alii
701 3793 801 3849 tibi
843 3793 1122 3850 beneﬁcia
1168 3796 1516 3862 conferunt;
1550 3810 1686 3850 nam
1727 3795 1957 3864 quando
2006 3793 2131 3861 das,

491 3901 749 3973 accipere
806 3901 1003 3974 potius
1061 3901 1166 3955 tibi
1224 3902 1474 3968 videris;
1538 3917 1714 3972 quare
1783 3901 1876 3969 qui
1951 3898 2133 3954 indoli

490 4011 604 4062 tum
642 4023 704 4062 se
733 4006 1195 4072 accommodant,
1228 4006 1546 4074 veneraris;
1602 4005 1698 4076 qui
1731 4006 1924 4060 minus
1956 4004 2009 4058 id
2043 4004 2134 4058 fa-

488 4115 665 4182 ciunt,
699 4119 763 4169 ut
793 4115 1058 4169 inimicos
1102 4113 1514 4186 tergiversaris.
1564 4113 1744 4168 Nemo
1787 4113 1941 4168 enim
1990 4110 2130 4181 peti-

487 4222 664 4277 tionis
695 4223 766 4276 ad
813 4226 866 4276 te
915 4222 1118 4276 delatae
1158 4223 1448 4291 repulsam
1504 4221 1659 4287 tulit,
1720 4221 1839 4274 sive
1896 4220 2129 4290 dignus,

488 4331 607 4385 sive
638 4345 750 4384 non
786 4329 979 4394 fuerit,
1028 4328 1318 4399 siquidem
1373 4327 1622 4382 aliorum
1652 4327 1940 4382 desideria
1991 4342 2131 4397 pras-

485 4435 671 4503 venis,
704 4435 836 4491 aliis
892 4435 1038 4492 bene
1067 4433 1315 4491 faciendi
1347 4433 1662 4506 cupiditate
1711 4439 1924 4490 motus.
1960 4434 2131 4489 Recte

486 4543 669 4615 igitur
724 4542 964 4597 dixerim
1016 4550 1066 4596 te
1125 4541 1275 4596 notis
1329 4546 1387 4596 et
1441 4541 1656 4612 ignotis
1716 4542 1860 4596 bene
1921 4541 2128 4607 facere,

489 4665 740 4721 quorum
774 4649 870 4705 alii
920 4649 1033 4703 tuis
1059 4649 1180 4718 jam
1220 4647 1516 4704 beneficiis
1549 4649 1840 4716 fruuntur,
1891 4647 1987 4704 alii
2020 4648 2130 4702 frui

487 4758 769 4830 gestiunt.
831 4756 969 4811 Nam
1017 4755 1116 4826 qui
1176 4756 1366 4810 ultimi
1413 4759 1714 4823 venerunt,
1761 4772 1874 4810 non
1937 4758 2132 4810 minus

484 4869 833 4937 acceperunt
863 4865 934 4918 iis
967 4863 1066 4935 qui
1091 4879 1160 4918 ex
1196 4863 1368 4935 longo
1398 4867 1658 4934 tempore
1682 4865 1737 4916 in
1771 4863 2132 4917 consuetudi-

485 4988 616 5028 nem
650 4970 864 5043 recepti
898 4970 1142 5026 fuerant.
1176 4971 1383 5037 Quare,
1418 4974 1483 5024 ut
1523 4969 1728 5024 iisdem
1757 4968 1946 5024 verbis
1979 4974 2128 5035 utar,

484 5084 542 5134 et
572 5083 740 5135 notos
770 5083 827 5132 et
855 5078 1082 5147 ignotos
1111 5078 1168 5131 in
1201 5076 1557 5132 consortium
1577 5082 1745 5131 tuum
1766 5075 2058 5147 recepisti.

557 5187 615 5242 Si
649 5203 814 5258 porro
843 5202 933 5241 me
984 5188 1149 5257 iuvat
1181 5185 1318 5242 talia
1369 5186 1439 5240 de
1500 5191 1556 5240 te
1588 5185 1801 5251 dicere,
1839 5184 1954 5240 alia
1985 5201 2130 5255 quae-

485 5293 616 5350 dam
650 5295 946 5365 aliquanto
980 5294 1176 5349 minus
1201 5293 1506 5348 delectant.

567 5681 628 5739 Si
677 5678 830 5737 enim
865 5683 1093 5736 tantum
1123 5679 1402 5751 temporis
1447 5697 1478 5736 a
1515 5683 1591 5748 te,
1621 5696 1870 5752 quocum
1903 5694 2133 5754 semper

2245 3354 2355 3423 θαι,
2427 3351 2666 3428 καθάπερ
2724 3354 2886 3425 ἡμεῖς
2965 3351 3068 3407 ὑπό
3154 3357 3274 3420 σοῦ,
3361 3352 3453 3408 καὶ
3541 3353 3753 3426 μᾶλλόν
3830 3352 3876 3427 γ’

2241 3445 2425 3516 ἡμεῖς.
2463 3444 2647 3499 Καίτοι
2677 3443 2727 3498 τί
2761 3443 2910 3518 λέγω
2943 3471 2957 3512 ;
2995 3445 3067 3499 Ού
3128 3447 3231 3519 γὰρ
3265 3447 3402 3517 ἡμῖν
3462 3444 3650 3508 αὐτοῖς
3708 3445 3874 3519 μόνοις

2241 3531 2414 3594 οὕτως
2447 3533 2659 3594 οἰκείως
2687 3531 2858 3608 ἔχεις,
2893 3530 3006 3586 οὐδ’
3056 3531 3144 3588 ἐπὶ
3191 3539 3457 3589 τοσοῦτον
3509 3534 3873 3608 μεμελέτηκας

2243 3625 2501 3697 χρῆσθαι,
2552 3621 2699 3678 ἀλλᾶ
2747 3624 2883 3697 πρὸς
2943 3622 3070 3685 τοὺς
3135 3621 3340 3686 ἄλλους
3398 3622 3634 3686 ἅπαντας
3790 3622 3874 3698 ἆρ-

2243 3719 2372 3787 χῆς,
2425 3710 2607 3787 ὥσπερ
2665 3712 2906 3790 ἀνάγκην
2965 3710 3110 3792 ἔχων
3170 3712 3205 3782 ἢ
3261 3713 3430 3786 νόμου
3465 3711 3872 3788 κεκρατηκότδς,

2242 3803 2415 3864 οὕτως
2464 3801 2755 3876 ἐπικαίρως
2801 3803 3066 3876 ἤρμοσαι,
3118 3802 3209 3857 καὶ
3260 3805 3453 3865 πάντες
3499 3803 3584 3858 ἐπὶ
3639 3805 3724 3859 σοὶ
3753 3824 3872 3858 ταυ-

2241 3891 2366 3962 τησὶ
2413 3895 2704 3964 πειρῶνται
2754 3897 2847 3962 τῆ,
2899 3891 3142 3966 γνώμης.
3203 3889 3358 3947 Ἀλλ’
3403 3889 3505 3947 οῦκ
3544 3891 3622 3955 εἰς
3671 3892 3874 3967 εὐαριθ-

2245 3983 2450 4054 μήτους
2483 3980 2706 4056 ὁρίζεις,
2739 3978 2853 4036 οὐδ’
2882 3979 2962 4060 ἐφ’
2995 3979 3087 4045 οὕς
3119 3982 3234 4052 μὲν,
3281 3980 3364 4053 ἐφ’
3412 3980 3504 4044 οὕς
3555 3979 3600 4036 δ’
3657 3981 3718 4038 οῦ
3755 4002 3765 4013 ·
3801 3982 3879 4044 οἷς

2241 4071 2341 4144 γὰρ
2371 4071 2497 4132 τοὺς
2527 4069 2732 4132 ἄλλους
2764 4071 2820 4124 εὖ
2859 4075 3034 4124 ποιεῖν
3085 4066 3254 4145 ἔχεις,
3299 4070 3518 4132 τούτοις
3549 4071 3712 4133 αὐτὸς
3740 4069 3876 4126 πολὺ

2245 4157 2462 4230 μᾶλλον
2495 4159 2733 4231 πέφυκας
2783 4158 2991 4232 χαίρειν
3049 4158 3236 4232 ὅτιπερ
3299 4159 3356 4214 εῦ
3408 4166 3581 4214 ποιεῖν
3621 4158 3878 4235 ἔχειςκαί

2241 4248 2558 4324 χαρίζεσθαι
2586 4246 2823 4320 μᾶλλον,
2847 4249 2880 4318 ἢ
2901 4253 3066 4303 τοῦτο
3095 4249 3376 4324 πάσχοντα
3407 4251 3684 4326 φαίνεσθαι
3713 4272 3725 4283 ·
3754 4248 3882 4321 μᾶλ-

2241 4337 2336 4392 λον
2371 4335 2428 4391 δὲ
2459 4334 2640 4398 διδοὺς
2669 4337 2832 4398 αὐτὸς
2883 4335 2990 4391 οῗει
3041 4332 3369 4412 λαμϐάνειν,
3401 4339 3490 4392 καὶ
3537 4338 3665 4400 τοὺς
3724 4339 3879 4410 ἐπαγ-

2238 4425 2610 4500 γελλομένους
2656 4427 2730 4487 ὼς
2789 4425 3174 4488 συντελοῦντας
3229 4430 3296 4501 τῇ
3356 4433 3422 4501 σῇ
3473 4427 3629 4504 φύσει
3669 4426 3881 4483 πολλοῦ

2241 4535 2387 4577 σινος
2448 4517 2669 4586 κρίνεις,
2719 4516 2845 4577 τοὺς
2904 4513 2961 4569 δὲ
3012 4517 3088 4588 μὴ
3145 4521 3308 4571 τοῦτο
3347 4521 3656 4587 ποιοῦντας,
3688 4521 3879 4572 σαυτοῦ

2165 4605 2207 4669 D
2237 4604 2471 4678 νομίζων
2517 4603 2768 4678 ἐχθροὺς,
2815 4599 3150 4683 ἀποστρέφῃ.
3205 4606 3284 4662 Οὗ
3327 4604 3427 4680 γάρ
3467 4604 3604 4659 ἐστιν
3635 4606 3696 4667 ὃς
3729 4605 3881 4674 αἰτή-

2241 4715 2336 4756 σας
2366 4693 2663 4769 ἡτύχηκεν,
2697 4693 2784 4748 έάν
2817 4715 2873 4747 τε
2902 4695 3097 4748 τούτου
3119 4696 3170 4769 γ’
3202 4694 3369 4764 ἀξίως
3401 4690 3530 4768 ἔχῃ,
3566 4695 3654 4748 έάν
3685 4716 3744 4749 τε
3799 4693 3881 4748 κκὶ

2247 4785 2320 4856 μή
2358 4802 2371 4815 ·
2432 4781 2578 4837 ἀλλά
2633 4783 2721 4837 καὶ
2780 4783 2993 4858 φθάνεις
3040 4784 3135 4844 τὰς
3192 4782 3486 4855 ἐπιθυμίας
3533 4788 3640 4837 τῶν
3699 4781 3755 4837 εῦ
3784 4803 3878 4836 πα-

2242 4875 2350 4927 θεῖν
2402 4870 2692 4945 δῖομένων,
2753 4870 2931 4945 ὥσπερ
2993 4867 3144 4926 οὐδὲν
3206 4868 3388 4947 ἕτερον
3444 4871 3494 4942 ἐξ
3543 4872 3723 4947 ἀρχῆς
3771 4871 3881 4939 ἣεῦ

2239 4967 2412 5016 ποιεῖν
2477 4959 2884 5033 μεμελετηκώς.
2945 4961 3087 5015 Ἀνθ’
3163 4962 3237 5014 ὧν
3316 4958 3497 5015 ἔπεστί
3584 4983 3677 5032 μοι
3757 4959 3880 5032 θαρ-

2241 5052 2476 5124 ῥούντως
2509 5049 2709 5127 λέγειν,
2743 5049 2824 5104 ὅτι
2857 5049 2946 5104 καὶ
2978 5049 3069 5112 οὕς
3101 5051 3259 5104 οἶσθα
3303 5050 3393 5104 καὶ
3443 5049 3536 5111 οὓς
3591 5051 3692 5105 οὐκ
3736 5051 3880 5104 οἶσθα

2239 5145 2417 5202 ποιεῖς
2459 5139 2536 5208 εὗ,
2585 5140 2711 5201 τοὺς
2750 5139 2844 5212 μὲν
2897 5140 2976 5201 οἷς
3006 5160 3113 5193 των
3157 5144 3264 5194 σῶν
3307 5137 3686 5202 ἀπολαύοντας
3716 5137 3878 5214 ἔχεις,

2237 5230 2363 5290 τοὺς
2395 5225 2441 5282 δ’
2471 5227 2595 5283 ὅσον
2625 5228 2732 5283 ἀπὸ
2763 5232 2860 5282 τοῦ
2896 5227 3188 5302 βούλεσθαι
3222 5247 3234 5260 ’
3271 5229 3360 5284 καὶ
3390 5229 3490 5303 γὰρ
3533 5226 3599 5296 δὴ
3648 5229 3877 5282 κάκεῖνοι

2236 5323 2343 5373 τῶν
2373 5319 2431 5372 έκ
2488 5317 2824 5373 παλαιτάτου
2881 5319 3128 5388 συνήθῶν
3189 5317 3288 5373 οὐκ
3345 5317 3405 5373 ἃν
3439 5316 3661 5373 ἔλαττον
3694 5312 3877 5391 ἔσχον,

2238 5408 2282 5462 εἰ
2318 5409 2480 5479 μόνον
2515 5407 2590 5468 εἷς
2639 5412 2825 5482 πεῖραν
2867 5403 3051 5482 ᾔεσαν.
3111 5409 3292 5477 "ﬂete,
3325 5408 3370 5461 εί
3420 5403 3504 5462 δεῖ
3551 5411 3666 5468 τοῖς
3699 5405 3877 5464 αὐτοῖς

2236 5496 2322 5549 καὶ
2369 5494 2523 5559 αὖθις
2569 5495 3068 5574 ὀνόμασιχρῇσθαι,
3124 5496 3363 5570 καθάπερ
3415 5493 3467 5550 ἐν
3520 5494 3675 5570 χορῷ
3725 5513 3871 5562 συνᾳ-

2238 5581 2462 5653 δόντων,
2493 5583 2582 5638 καὶ
2615 5582 2707 5646 οὓς
2737 5584 2891 5640 οἶσθα
2920 5583 3006 5639 καὶ
3039 5583 3145 5646 οὓς
3178 5582 3278 5639 οὐκ
3325 5585 3482 5638 οἶσθα
3510 5585 3782 5653 κέκτησαι.

2311 5674 2454 5749 Ἐγὼ
2511 5669 2567 5728 δὲ
2623 5674 2710 5735 οἷς
2772 5673 2902 5750 ὑπέρ
2962 5677 3058 5728 σοῦ
3110 5670 3287 5750 λέγων
3368 5670 3596 5747 ἥδομαι,
3663 5669 3872 5728 τούτοις
