  <div class='ocr_page' id='page_1' title='image "/cluster/home/n/w/nwhite01/storage/ocr_20150623/145/mdp.39015061167048/226.png"; bbox 0 0 4062 6308; ppageno 0'>
   <div class='ocr_carea' id='block_1_1' title="bbox 314 342 444 402">
    <p class='ocr_par' dir='ltr' id='par_1_1' title="bbox 314 342 444 402">
     <span class='ocr_line' id='line_1_1' title="bbox 314 342 444 402; baseline -0.015 0"><span class='ocrx_word' id='word_1_1' title='bbox 314 342 444 402; x_wconf 72' lang='grc'>437</span> 
     </span>
    </p>
   </div>
   <div class='ocr_carea' id='block_1_2' title="bbox 1831 337 2261 402">
    <p class='ocr_par' dir='ltr' id='par_1_2' title="bbox 1831 337 2261 402">
     <span class='ocr_line' id='line_1_2' title="bbox 1831 337 2261 402; baseline -0.005 -2"><span class='ocrx_word' id='word_1_2' title='bbox 1831 337 2261 402; x_wconf 67' lang='lat' dir='ltr'>EPISTOLE.</span> 
     </span>
    </p>
   </div>
   <div class='ocr_carea' id='block_1_3' title="bbox 3613 327 3732 390">
    <p class='ocr_par' dir='ltr' id='par_1_3' title="bbox 3613 327 3732 390">
     <span class='ocr_line' id='line_1_3' title="bbox 3613 327 3732 390; baseline 0 0"><span class='ocrx_word' id='word_1_3' title='bbox 3613 327 3732 390; x_wconf 69' lang='lat'>438</span> 
     </span>
    </p>
   </div>
   <div class='ocr_carea' id='block_1_4' title="bbox 312 463 1995 546">
    <p class='ocr_par' dir='ltr' id='par_1_4' title="bbox 312 463 1972 546">
     <span class='ocr_line' id='line_1_4' title="bbox 312 463 1972 546; baseline -0.002 -20"><span class='ocrx_word' id='word_1_4' title='bbox 312 470 472 533; x_wconf 79' lang='grc' dir='ltr'>ὅπως</span> <span class='ocrx_word' id='word_1_5' title='bbox 522 469 621 526; x_wconf 75' lang='grc' dir='ltr'>οὐκ</span> <span class='ocrx_word' id='word_1_6' title='bbox 669 467 827 546; x_wconf 79' lang='grc' dir='ltr'>ἀλγῶ</span> <span class='ocrx_word' id='word_1_7' title='bbox 859 469 1038 544; x_wconf 88' lang='grc' dir='ltr'>λέγειν</span> <span class='ocrx_word' id='word_1_8' title='bbox 1071 469 1172 524; x_wconf 81' lang='grc' dir='ltr'>οὐκ</span> <span class='ocrx_word' id='word_1_9' title='bbox 1201 463 1317 544; x_wconf 78' lang='grc' dir='ltr'>ἔχω</span> <span class='ocrx_word' id='word_1_10' title='bbox 1338 484 1353 499; x_wconf 87' lang='grc'>⁶</span> <span class='ocrx_word' id='word_1_11' title='bbox 1397 466 1466 524; x_wconf 86' lang='grc' dir='ltr'>δι’</span> <span class='ocrx_word' id='word_1_12' title='bbox 1497 470 1570 523; x_wconf 80' lang='grc' dir='ltr'>ὧν</span> <span class='ocrx_word' id='word_1_13' title='bbox 1605 471 1709 546; x_wconf 80' lang='grc' dir='ltr'>γὰρ</span> <span class='ocrx_word' id='word_1_14' title='bbox 1757 468 1816 524; x_wconf 71' lang='grc' dir='ltr'>ἂν</span> <span class='ocrx_word' id='word_1_15' title='bbox 1866 474 1972 524; x_wconf 86' lang='grc' dir='ltr'>τῶν</span> 
     </span>
    </p>
   </div>
   <div class='ocr_carea' id='block_1_5' title="bbox 2116 463 3731 546">
    <p class='ocr_par' dir='ltr' id='par_1_5' title="bbox 2116 468 3731 542">
     <span class='ocr_line' id='line_1_5' title="bbox 2116 468 3731 542; baseline -0.003 -16"><span class='ocrx_word' id='word_1_16' title='bbox 2116 488 2203 526; x_wconf 85' lang='lat' dir='ltr'>ina</span> <span class='ocrx_word' id='word_1_17' title='bbox 2233 488 2360 527; x_wconf 90' lang='lat' dir='ltr'><strong>esse</strong></span> <span class='ocrx_word' id='word_1_18' title='bbox 2395 470 2602 527; x_wconf 88' lang='lat' dir='ltr'><strong>melius</strong></span> <span class='ocrx_word' id='word_1_19' title='bbox 2641 479 2781 538; x_wconf 82' lang='lat' dir='ltr'>eral,</span> <span class='ocrx_word' id='word_1_20' title='bbox 2813 474 3114 542; x_wconf 86' lang='lat' dir='ltr'><strong>separatus</strong></span> <span class='ocrx_word' id='word_1_21' title='bbox 3144 468 3278 536; x_wconf 87' lang='lat' dir='ltr'><strong>vixi,</strong></span> <span class='ocrx_word' id='word_1_22' title='bbox 3312 483 3494 524; x_wconf 89' lang='lat' dir='ltr'><strong>unum</strong></span> <span class='ocrx_word' id='word_1_23' title='bbox 3533 471 3731 522; x_wconf 85' lang='lat' dir='ltr'><strong>tamen</strong></span> 
     </span>
    </p>
   </div>
   <div class='ocr_carea' id='block_1_6' title="bbox 314 557 1972 635">
    <p class='ocr_par' dir='ltr' id='par_1_6' title="bbox 314 557 1972 635">
     <span class='ocr_line' id='line_1_6' title="bbox 314 557 1972 635; baseline -0.002 -20"><span class='ocrx_word' id='word_1_24' title='bbox 314 560 675 635; x_wconf 78' lang='grc' dir='ltr'>ἀτυχούντων</span> <span class='ocrx_word' id='word_1_25' title='bbox 729 559 962 633; x_wconf 79' lang='grc' dir='ltr'>ἐμαυτὸν</span> <span class='ocrx_word' id='word_1_26' title='bbox 1012 559 1303 634; x_wconf 70' lang='grc' dir='ltr'>ἀποφήνω,</span> <span class='ocrx_word' id='word_1_27' title='bbox 1351 558 1546 613; x_wconf 88' lang='grc' dir='ltr'>τούτου</span> <span class='ocrx_word' id='word_1_28' title='bbox 1591 563 1844 613; x_wconf 88' lang='grc' dir='ltr'>τοσοῦτον</span> <span class='ocrx_word' id='word_1_29' title='bbox 1875 557 1972 632; x_wconf 80' lang='grc' dir='ltr'>ἃφ-</span> 
     </span>
    </p>
   </div>
   <div class='ocr_carea' id='block_1_7' title="bbox 319 644 1973 722">
    <p class='ocr_par' dir='ltr' id='par_1_7' title="bbox 319 644 1973 722">
     <span class='ocr_line' id='line_1_7' title="bbox 319 644 1973 722; baseline -0.002 -18"><span class='ocrx_word' id='word_1_30' title='bbox 319 649 610 721; x_wconf 83' lang='grc' dir='ltr'>ιστάμενος</span> <span class='ocrx_word' id='word_1_31' title='bbox 669 648 891 722; x_wconf 92' lang='grc' dir='ltr'>χρόνον,</span> <span class='ocrx_word' id='word_1_32' title='bbox 926 648 972 719; x_wconf 83' lang='grc' dir='ltr'>ᾧ</span> <span class='ocrx_word' id='word_1_33' title='bbox 1029 644 1118 701; x_wconf 79' lang='grc' dir='ltr'>διὰ</span> <span class='ocrx_word' id='word_1_34' title='bbox 1176 647 1375 707; x_wconf 89' lang='grc' dir='ltr'>παντὸς</span> <span class='ocrx_word' id='word_1_35' title='bbox 1427 651 1662 701; x_wconf 87' lang='grc' dir='ltr'>συνεῖναι</span> <span class='ocrx_word' id='word_1_36' title='bbox 1710 654 1973 719; x_wconf 86' lang='grc' dir='ltr'>προσῆκε,</span> 
     </span>
    </p>
   </div>
   <div class='ocr_carea' id='block_1_8' title="bbox 310 734 1976 811">
    <p class='ocr_par' dir='ltr' id='par_1_8' title="bbox 310 734 1976 811">
     <span class='ocr_line' id='line_1_8' title="bbox 310 734 1976 811; baseline -0.001 -19"><span class='ocrx_word' id='word_1_37' title='bbox 310 740 471 792; x_wconf 75' lang='grc' dir='ltr'>ταῖτ⁹</span> <span class='ocrx_word' id='word_1_38' title='bbox 522 738 596 798; x_wconf 88' lang='grc' dir='ltr'>εἰς</span> <span class='ocrx_word' id='word_1_39' title='bbox 650 737 812 808; x_wconf 86' lang='grc' dir='ltr'>μέσον</span> <span class='ocrx_word' id='word_1_40' title='bbox 861 734 1123 811; x_wconf 82' lang='grc' dir='ltr'>παρᾶγειν</span> <span class='ocrx_word' id='word_1_41' title='bbox 1174 736 1458 810; x_wconf 76' lang='grc' dir='ltr'>αἱροῦμαι,</span> <span class='ocrx_word' id='word_1_42' title='bbox 1509 734 1689 808; x_wconf 82' lang='grc' dir='ltr'>ὥσπερ</span> <span class='ocrx_word' id='word_1_43' title='bbox 1741 737 1832 790; x_wconf 84' lang='grc' dir='ltr'>ἀπ’</span> <span class='ocrx_word' id='word_1_44' title='bbox 1880 736 1976 790; x_wconf 86' lang='grc' dir='ltr'>αύ-</span> 
     </span>
    </p>
   </div>
   <div class='ocr_carea' id='block_1_9' title="bbox 312 821 1973 898">
    <p class='ocr_par' dir='ltr' id='par_1_9' title="bbox 312 821 1973 898">
     <span class='ocr_line' id='line_1_9' title="bbox 312 821 1973 898; baseline -0.002 -17"><span class='ocrx_word' id='word_1_45' title='bbox 312 827 415 888; x_wconf 84' lang='grc' dir='ltr'>τὸς</span> <span class='ocrx_word' id='word_1_46' title='bbox 457 826 695 898; x_wconf 79' lang='grc' dir='ltr'>ἐμαυτοῦ</span> <span class='ocrx_word' id='word_1_47' title='bbox 744 833 844 894; x_wconf 90' lang='grc' dir='ltr'>τῆς</span> <span class='ocrx_word' id='word_1_48' title='bbox 892 830 999 880; x_wconf 90' lang='grc' dir='ltr'>τῶν</span> <span class='ocrx_word' id='word_1_49' title='bbox 1048 822 1318 880; x_wconf 83' lang='grc' dir='ltr'>παιδικῶν</span> <span class='ocrx_word' id='word_1_50' title='bbox 1369 825 1629 886; x_wconf 78' lang='grc' dir='ltr'>ἀπουσίας</span> <span class='ocrx_word' id='word_1_51' title='bbox 1678 821 1973 897; x_wconf 76' lang='grc' dir='ltr'>λαμϐάνων</span> 
     </span>
    </p>
   </div>
   <div class='ocr_carea' id='block_1_10' title="bbox 315 910 1979 988">
    <p class='ocr_par' dir='ltr' id='par_1_10' title="bbox 315 910 1979 988">
     <span class='ocr_line' id='line_1_10' title="bbox 315 910 1979 988; baseline -0.002 -18"><span class='ocrx_word' id='word_1_52' title='bbox 315 916 416 970; x_wconf 87' lang='grc' dir='ltr'>τὸν</span> <span class='ocrx_word' id='word_1_53' title='bbox 473 911 729 988; x_wconf 83' lang='grc' dir='ltr'>ἔλεγχον,</span> <span class='ocrx_word' id='word_1_54' title='bbox 786 914 875 968; x_wconf 81' lang='grc' dir='ltr'>καὶ</span> <span class='ocrx_word' id='word_1_55' title='bbox 933 914 1033 982; x_wconf 85' lang='grc' dir='ltr'>τήν</span> <span class='ocrx_word' id='word_1_56' title='bbox 1089 912 1331 986; x_wconf 76' lang='grc' dir='ltr'>ἐμαυτοῦ</span> <span class='ocrx_word' id='word_1_57' title='bbox 1389 911 1685 988; x_wconf 81' lang='grc' dir='ltr'>δυστυχίαν</span> <span class='ocrx_word' id='word_1_58' title='bbox 1729 910 1979 983; x_wconf 83' lang='grc' dir='ltr'>ἐπίτηδες</span> 
     </span>
    </p>
   </div>
   <div class='ocr_carea' id='block_1_11' title="bbox 317 1001 1976 1078">
    <p class='ocr_par' dir='ltr' id='par_1_11' title="bbox 317 1001 1976 1078">
     <span class='ocr_line' id='line_1_11' title="bbox 317 1001 1976 1078; baseline -0.002 -20"><span class='ocrx_word' id='word_1_59' title='bbox 317 1005 613 1078; x_wconf 86' lang='grc' dir='ltr'>παριστάς.</span> <span class='ocrx_word' id='word_1_60' title='bbox 649 1003 924 1059; x_wconf 79' lang='grc' dir='ltr'>Δείκνυται</span> <span class='ocrx_word' id='word_1_61' title='bbox 975 1004 1077 1076; x_wconf 80' lang='grc' dir='ltr'>γὰρ</span> <span class='ocrx_word' id='word_1_62' title='bbox 1133 1001 1196 1057; x_wconf 82' lang='grc' dir='ltr'>τὸ</span> <span class='ocrx_word' id='word_1_63' title='bbox 1257 1003 1442 1077; x_wconf 86' lang='grc' dir='ltr'>περιὸν</span> <span class='ocrx_word' id='word_1_64' title='bbox 1484 1010 1585 1072; x_wconf 86' lang='grc' dir='ltr'>τῆς</span> <span class='ocrx_word' id='word_1_65' title='bbox 1635 1003 1834 1074; x_wconf 79' lang='grc' dir='ltr'>ζημίας</span> <span class='ocrx_word' id='word_1_66' title='bbox 1885 1003 1976 1056; x_wconf 85' lang='grc' dir='ltr'>καὶ</span> 
     </span>
    </p>
   </div>
   <div class='ocr_carea' id='block_1_12' title="bbox 320 1089 1978 1166">
    <p class='ocr_par' dir='ltr' id='par_1_12' title="bbox 320 1089 1978 1166">
     <span class='ocr_line' id='line_1_12' title="bbox 320 1089 1978 1166; baseline -0.001 -19"><span class='ocrx_word' id='word_1_67' title='bbox 320 1092 456 1148; x_wconf 77' lang='grc' dir='ltr'>θ’ίων</span> <span class='ocrx_word' id='word_1_68' title='bbox 539 1092 857 1166; x_wconf 78' lang='grc' dir='ltr'>ἐστέρημαι,</span> <span class='ocrx_word' id='word_1_69' title='bbox 904 1093 1014 1162; x_wconf 81' lang='grc' dir='ltr'>οἷς,</span> <span class='ocrx_word' id='word_1_70' title='bbox 1078 1089 1293 1147; x_wconf 81' lang='grc' dir='ltr'>ἐπειδὰν</span> <span class='ocrx_word' id='word_1_71' title='bbox 1351 1092 1667 1165; x_wconf 81' lang='grc' dir='ltr'>μέμνωμαι,</span> <span class='ocrx_word' id='word_1_72' title='bbox 1726 1094 1978 1147; x_wconf 85' lang='grc' dir='ltr'>πέτεσθαι</span> 
     </span>
    </p>
   </div>
   <div class='ocr_carea' id='block_1_13' title="bbox 317 1176 1974 1258">
    <p class='ocr_par' dir='ltr' id='par_1_13' title="bbox 317 1176 1974 1258">
     <span class='ocr_line' id='line_1_13' title="bbox 317 1176 1974 1258; baseline -0.001 -22"><span class='ocrx_word' id='word_1_73' title='bbox 317 1183 617 1257; x_wconf 81' lang='grc' dir='ltr'>πάρεστιν·</span> <span class='ocrx_word' id='word_1_74' title='bbox 685 1181 850 1258; x_wconf 77' lang='grc' dir='ltr'>ἄμφω</span> <span class='ocrx_word' id='word_1_75' title='bbox 911 1181 1066 1236; x_wconf 84' lang='grc' dir='ltr'>ταυτὶ</span> <span class='ocrx_word' id='word_1_76' title='bbox 1129 1176 1382 1255; x_wconf 75' lang='grc' dir='ltr'>βεϐαιῶν,</span> <span class='ocrx_word' id='word_1_77' title='bbox 1429 1181 1516 1236; x_wconf 89' lang='grc' dir='ltr'>καί</span> <span class='ocrx_word' id='word_1_78' title='bbox 1578 1203 1672 1236; x_wconf 90' lang='grc' dir='ltr'>σου</span> <span class='ocrx_word' id='word_1_79' title='bbox 1741 1180 1974 1236; x_wconf 84' lang='grc' dir='ltr'>δυσαπο·</span> 
     </span>
    </p>
   </div>
   <div class='ocr_carea' id='block_1_14' title="bbox 319 1264 1976 1345">
    <p class='ocr_par' dir='ltr' id='par_1_14' title="bbox 319 1264 1976 1345">
     <span class='ocr_line' id='line_1_14' title="bbox 319 1264 1976 1345; baseline -0.001 -20"><span class='ocrx_word' id='word_1_80' title='bbox 319 1275 578 1331; x_wconf 79' lang='grc' dir='ltr'>σπάστως</span> <span class='ocrx_word' id='word_1_81' title='bbox 609 1264 780 1345; x_wconf 80' lang='grc' dir='ltr'>ἔχειν,</span> <span class='ocrx_word' id='word_1_82' title='bbox 811 1271 900 1324; x_wconf 85' lang='grc' dir='ltr'>καὶ</span> <span class='ocrx_word' id='word_1_83' title='bbox 935 1269 1018 1324; x_wconf 75' lang='grc' dir='ltr'>ὅτι</span> <span class='ocrx_word' id='word_1_84' title='bbox 1047 1274 1144 1324; x_wconf 89' lang='grc' dir='ltr'>τοῦ</span> <span class='ocrx_word' id='word_1_85' title='bbox 1177 1271 1377 1332; x_wconf 88' lang='grc' dir='ltr'>παντὸς</span> <span class='ocrx_word' id='word_1_86' title='bbox 1409 1268 1554 1340; x_wconf 79' lang='grc' dir='ltr'>ἐίξιος</span> <span class='ocrx_word' id='word_1_87' title='bbox 1607 1268 1724 1337; x_wconf 65' lang='grc' dir='ltr'>ε’ίης</span> <span class='ocrx_word' id='word_1_88' title='bbox 1748 1287 1761 1301; x_wconf 95' lang='grc'><strong>·</strong></span> <span class='ocrx_word' id='word_1_89' title='bbox 1797 1291 1976 1344; x_wconf 89' lang='grc' dir='ltr'>προσ-</span> 
     </span>
    </p>
   </div>
   <div class='ocr_carea' id='block_1_15' title="bbox 325 1357 1977 1439">
    <p class='ocr_par' dir='ltr' id='par_1_15' title="bbox 325 1357 1977 1439">
     <span class='ocr_line' id='line_1_15' title="bbox 325 1357 1977 1439; baseline -0.001 -24"><span class='ocrx_word' id='word_1_90' title='bbox 325 1360 448 1428; x_wconf 79' lang='grc' dir='ltr'>θείη</span> <span class='ocrx_word' id='word_1_91' title='bbox 482 1357 529 1414; x_wconf 85' lang='grc' dir='ltr'>δ’</span> <span class='ocrx_word' id='word_1_92' title='bbox 559 1359 621 1413; x_wconf 83' lang='grc' dir='ltr'>ἄν</span> <span class='ocrx_word' id='word_1_93' title='bbox 669 1380 755 1421; x_wconf 86' lang='grc' dir='ltr'>τις</span> <span class='ocrx_word' id='word_1_94' title='bbox 808 1360 955 1434; x_wconf 83' lang='grc' dir='ltr'>τάχα</span> <span class='ocrx_word' id='word_1_95' title='bbox 1019 1361 1110 1414; x_wconf 84' lang='grc' dir='ltr'>καὶ</span> <span class='ocrx_word' id='word_1_96' title='bbox 1166 1359 1347 1434; x_wconf 87' lang='grc' dir='ltr'>τρίτον</span> <span class='ocrx_word' id='word_1_97' title='bbox 1404 1360 1466 1415; x_wconf 86' lang='grc' dir='ltr'>τὸ</span> <span class='ocrx_word' id='word_1_98' title='bbox 1519 1359 1977 1439; x_wconf 82' lang='grc' dir='ltr'>παρεμφαίνισθαι</span> 
     </span>
    </p>
   </div>
   <div class='ocr_carea' id='block_1_16' title="bbox 320 1447 1976 1526">
    <p class='ocr_par' dir='ltr' id='par_1_16' title="bbox 320 1447 1976 1526">
     <span class='ocr_line' id='line_1_16' title="bbox 320 1447 1976 1526; baseline -0.001 -22"><span class='ocrx_word' id='word_1_99' title='bbox 320 1453 488 1504; x_wconf 78' lang='grc' dir='ltr'>πᾶσιν</span> <span class='ocrx_word' id='word_1_100' title='bbox 537 1447 777 1503; x_wconf 81' lang='grc' dir='ltr'>ἐντεῦθεν</span> <span class='ocrx_word' id='word_1_101' title='bbox 832 1449 923 1504; x_wconf 81' lang='grc' dir='ltr'>τὸν</span> <span class='ocrx_word' id='word_1_102' title='bbox 983 1447 1114 1526; x_wconf 34' lang='grc' dir='ltr'>ἀπὸ.</span> <span class='ocrx_word' id='word_1_103' title='bbox 1146 1452 1243 1504; x_wconf 87' lang='grc' dir='ltr'>τοῦ</span> <span class='ocrx_word' id='word_1_104' title='bbox 1312 1454 1542 1504; x_wconf 85' lang='grc' dir='ltr'>συνεῖναι</span> <span class='ocrx_word' id='word_1_105' title='bbox 1603 1447 1976 1524; x_wconf 72' lang='grc' dir='ltr'>πυῤῥιχισμὸν</span> 
     </span>
    </p>
   </div>
   <div class='ocr_carea' id='block_1_17' title="bbox 321 1536 743 1613">
    <p class='ocr_par' dir='ltr' id='par_1_17' title="bbox 321 1536 743 1613">
     <span class='ocr_line' id='line_1_17' title="bbox 321 1536 743 1613; baseline 0.002 -20"><span class='ocrx_word' id='word_1_106' title='bbox 321 1539 420 1593; x_wconf 79' lang='grc' dir='ltr'>καὶ</span> <span class='ocrx_word' id='word_1_107' title='bbox 457 1536 743 1613; x_wconf 82' lang='grc' dir='ltr'>βακχείαν.</span> 
     </span>
    </p>
   </div>
   <div class='ocr_carea' id='block_1_18' title="bbox 404 1626 1981 1706">
    <p class='ocr_par' dir='ltr' id='par_1_18' title="bbox 404 1626 1981 1706">
     <span class='ocr_line' id='line_1_18' title="bbox 404 1626 1981 1706; baseline -0.003 -20"><span class='ocrx_word' id='word_1_108' title='bbox 404 1627 630 1700; x_wconf 77' lang='grc' dir='ltr'>Ἀμέλει</span> <span class='ocrx_word' id='word_1_109' title='bbox 662 1629 754 1682; x_wconf 87' lang='grc' dir='ltr'>καὶ</span> <span class='ocrx_word' id='word_1_110' title='bbox 786 1635 886 1697; x_wconf 82' lang='grc' dir='ltr'>τῆς</span> <span class='ocrx_word' id='word_1_111' title='bbox 927 1629 1226 1703; x_wconf 85' lang='grc' dir='ltr'>παροιμίας</span> <span class='ocrx_word' id='word_1_112' title='bbox 1277 1627 1438 1704; x_wconf 79' lang='grc' dir='ltr'>φίλον</span> <span class='ocrx_word' id='word_1_113' title='bbox 1490 1626 1684 1706; x_wconf 80' lang='grc' dir='ltr'>ἔδαφος</span> <span class='ocrx_word' id='word_1_114' title='bbox 1732 1630 1830 1697; x_wconf 79' lang='grc' dir='ltr'>τὴν</span> <span class='ocrx_word' id='word_1_115' title='bbox 1877 1649 1981 1684; x_wconf 85' lang='grc' dir='ltr'>πα-</span> 
     </span>
    </p>
   </div>
   <div class='ocr_carea' id='block_1_19' title="bbox 321 1714 1979 1791">
    <p class='ocr_par' dir='ltr' id='par_1_19' title="bbox 321 1714 1979 1791">
     <span class='ocr_line' id='line_1_19' title="bbox 321 1714 1979 1791; baseline -0.001 -19"><span class='ocrx_word' id='word_1_116' title='bbox 321 1714 488 1791; x_wconf 79' lang='grc' dir='ltr'>τρίδα</span> <span class='ocrx_word' id='word_1_117' title='bbox 560 1717 993 1790; x_wconf 87' lang='grc' dir='ltr'>νομοθετούσης,</span> <span class='ocrx_word' id='word_1_118' title='bbox 1051 1717 1142 1772; x_wconf 84' lang='grc' dir='ltr'>καὶ</span> <span class='ocrx_word' id='word_1_119' title='bbox 1211 1716 1434 1790; x_wconf 80' lang='grc' dir='ltr'>γλύκιον</span> <span class='ocrx_word' id='word_1_120' title='bbox 1513 1716 1664 1772; x_wconf 64' lang='grc' dir='ltr'>οὐδὲν</span> <span class='ocrx_word' id='word_1_121' title='bbox 1719 1721 1785 1786; x_wconf 72' lang='grc' dir='ltr'>ἧς</span> <span class='ocrx_word' id='word_1_122' title='bbox 1845 1717 1979 1772; x_wconf 81' lang='grc' dir='ltr'>εἶναι</span> 
     </span>
    </p>
   </div>
   <div class='ocr_carea' id='block_1_20' title="bbox 323 1803 1982 1882">
    <p class='ocr_par' dir='ltr' id='par_1_20' title="bbox 323 1803 1982 1882">
     <span class='ocr_line' id='line_1_20' title="bbox 323 1803 1982 1882; baseline -0.002 -20"><span class='ocrx_word' id='word_1_123' title='bbox 323 1803 621 1881; x_wconf 75' lang='grc' dir='ltr'>πατρίδος,</span> <span class='ocrx_word' id='word_1_124' title='bbox 653 1803 778 1861; x_wconf 83' lang='grc' dir='ltr'>ούδέ</span> <span class='ocrx_word' id='word_1_125' title='bbox 813 1806 1037 1873; x_wconf 78' lang='grc' dir='ltr'>τοκέων,</span> <span class='ocrx_word' id='word_1_126' title='bbox 1068 1810 1164 1860; x_wconf 91' lang='grc' dir='ltr'>τοῦ</span> <span class='ocrx_word' id='word_1_127' title='bbox 1215 1807 1527 1879; x_wconf 83' lang='grc' dir='ltr'>Σμυρναίου</span> <span class='ocrx_word' id='word_1_128' title='bbox 1581 1811 1982 1882; x_wconf 86' lang='grc' dir='ltr'>μαρτυροῦντος</span> 
     </span>
    </p>
   </div>
   <div class='ocr_carea' id='block_1_21' title="bbox 325 1891 1987 1971">
    <p class='ocr_par' dir='ltr' id='par_1_21' title="bbox 325 1891 1987 1971">
     <span class='ocr_line' id='line_1_21' title="bbox 325 1891 1987 1971; baseline 0 -23"><span class='ocrx_word' id='word_1_129' title='bbox 325 1894 398 1949; x_wconf 77' lang='grc' dir='ltr'>αὖ</span> <span class='ocrx_word' id='word_1_130' title='bbox 456 1899 694 1964; x_wconf 85' lang='grc' dir='ltr'>ποιητοῦ</span> <span class='ocrx_word' id='word_1_131' title='bbox 751 1897 856 1967; x_wconf 88' lang='grc'>(3),</span> <span class='ocrx_word' id='word_1_132' title='bbox 885 1894 1039 1947; x_wconf 80' lang='grc' dir='ltr'>ταυτὶ</span> <span class='ocrx_word' id='word_1_133' title='bbox 1091 1891 1136 1947; x_wconf 87' lang='grc' dir='ltr'>δ’</span> <span class='ocrx_word' id='word_1_134' title='bbox 1185 1891 1365 1971; x_wconf 84' lang='grc' dir='ltr'>ἔμοιγ’</span> <span class='ocrx_word' id='word_1_135' title='bbox 1399 1894 1490 1949; x_wconf 81' lang='grc' dir='ltr'>οὖν</span> <span class='ocrx_word' id='word_1_136' title='bbox 1547 1897 1756 1950; x_wconf 80' lang='grc' dir='ltr'>ἅπαντα</span> <span class='ocrx_word' id='word_1_137' title='bbox 1804 1893 1892 1949; x_wconf 76' lang='grc' dir='ltr'>διὰ</span> <span class='ocrx_word' id='word_1_138' title='bbox 1931 1895 1987 1948; x_wconf 73' lang='grc' dir='ltr'>σὲ</span> 
     </span>
    </p>
   </div>
   <div class='ocr_carea' id='block_1_22' title="bbox 325 1979 1989 2062">
    <p class='ocr_par' dir='ltr' id='par_1_22' title="bbox 325 1979 1989 2062">
     <span class='ocr_line' id='line_1_22' title="bbox 325 1979 1989 2062; baseline -0.001 -22"><span class='ocrx_word' id='word_1_139' title='bbox 325 1984 469 2058; x_wconf 83' lang='grc' dir='ltr'>πρὸς</span> <span class='ocrx_word' id='word_1_140' title='bbox 500 1979 724 2039; x_wconf 85' lang='grc' dir='ltr'>ἔλαττον</span> <span class='ocrx_word' id='word_1_141' title='bbox 754 1982 893 2058; x_wconf 75' lang='grc' dir='ltr'>ἄγει,</span> <span class='ocrx_word' id='word_1_142' title='bbox 927 1983 1016 2037; x_wconf 83' lang='grc' dir='ltr'>καὶ</span> <span class='ocrx_word' id='word_1_143' title='bbox 1047 1980 1342 2038; x_wconf 72' lang='grc' dir='ltr'>κινδυνεύω</span> <span class='ocrx_word' id='word_1_144' title='bbox 1371 1989 1450 2056; x_wconf 79' lang='grc' dir='ltr'>τῷ</span> <span class='ocrx_word' id='word_1_145' title='bbox 1499 1985 1620 2059; x_wconf 83' lang='grc' dir='ltr'>περὶ</span> <span class='ocrx_word' id='word_1_146' title='bbox 1673 1985 1730 2038; x_wconf 72' lang='grc' dir='ltr'>σέ</span> <span class='ocrx_word' id='word_1_147' title='bbox 1773 1983 1989 2062; x_wconf 85' lang='grc' dir='ltr'>φίλτρῳ</span> 
     </span>
    </p>
   </div>
   <div class='ocr_carea' id='block_1_23' title="bbox 327 2071 1988 2149">
    <p class='ocr_par' dir='ltr' id='par_1_23' title="bbox 327 2071 1988 2149">
     <span class='ocr_line' id='line_1_23' title="bbox 327 2071 1988 2149; baseline -0.001 -20"><span class='ocrx_word' id='word_1_148' title='bbox 327 2074 596 2129; x_wconf 80' lang='grc' dir='ltr'>τάναντία</span> <span class='ocrx_word' id='word_1_149' title='bbox 648 2073 770 2147; x_wconf 84' lang='grc' dir='ltr'>περὶ</span> <span class='ocrx_word' id='word_1_150' title='bbox 825 2072 1038 2127; x_wconf 83' lang='grc' dir='ltr'>τούτων</span> <span class='ocrx_word' id='word_1_151' title='bbox 1114 2071 1374 2146; x_wconf 79' lang='grc' dir='ltr'>δοξάζειν,</span> <span class='ocrx_word' id='word_1_152' title='bbox 1426 2073 1728 2149; x_wconf 76' lang='grc' dir='ltr'>ἡγούμενος</span> <span class='ocrx_word' id='word_1_153' title='bbox 1804 2074 1988 2148; x_wconf 68' lang='grc' dir='ltr'>ἑτέραν</span> 
     </span>
    </p>
   </div>
   <div class='ocr_carea' id='block_1_24' title="bbox 332 2161 1986 2237">
    <p class='ocr_par' dir='ltr' id='par_1_24' title="bbox 332 2161 1986 2237">
     <span class='ocr_line' id='line_1_24' title="bbox 332 2161 1986 2237; baseline -0.001 -19"><span class='ocrx_word' id='word_1_154' title='bbox 332 2163 546 2232; x_wconf 79' lang='grc' dir='ltr'>ταύτης</span> <span class='ocrx_word' id='word_1_155' title='bbox 597 2161 997 2236; x_wconf 72' lang='grc' dir='ltr'>προτιμοτέραν</span> <span class='ocrx_word' id='word_1_156' title='bbox 1039 2163 1138 2230; x_wconf 79' lang='grc' dir='ltr'>τήν</span> <span class='ocrx_word' id='word_1_157' title='bbox 1186 2161 1507 2237; x_wconf 80' lang='grc' dir='ltr'>ἀλλοτρίαν,</span> <span class='ocrx_word' id='word_1_158' title='bbox 1550 2163 1640 2217; x_wconf 82' lang='grc' dir='ltr'>καὶ</span> <span class='ocrx_word' id='word_1_159' title='bbox 1696 2165 1763 2234; x_wconf 78' lang='grc' dir='ltr'>ἢν</span> <span class='ocrx_word' id='word_1_160' title='bbox 1825 2165 1986 2225; x_wconf 81' lang='grc' dir='ltr'>αὐτὸς</span> 
     </span>
    </p>
   </div>
   <div class='ocr_carea' id='block_1_25' title="bbox 331 2249 1989 2327">
    <p class='ocr_par' dir='ltr' id='par_1_25' title="bbox 331 2249 1989 2327">
     <span class='ocr_line' id='line_1_25' title="bbox 331 2249 1989 2327; baseline -0.001 -20"><span class='ocrx_word' id='word_1_161' title='bbox 331 2249 490 2327; x_wconf 81' lang='grc' dir='ltr'>ἔχεις</span> <span class='ocrx_word' id='word_1_162' title='bbox 549 2259 652 2320; x_wconf 89' lang='grc' dir='ltr'>τῆς</span> <span class='ocrx_word' id='word_1_163' title='bbox 704 2249 941 2325; x_wconf 75' lang='grc' dir='ltr'>ἐμαυτοῦ</span> <span class='ocrx_word' id='word_1_164' title='bbox 1005 2252 1096 2305; x_wconf 86' lang='grc' dir='ltr'>καὶ</span> <span class='ocrx_word' id='word_1_165' title='bbox 1155 2251 1379 2313; x_wconf 81' lang='grc' dir='ltr'>οἰκείας.</span> <span class='ocrx_word' id='word_1_166' title='bbox 1424 2255 1628 2327; x_wconf 84' lang='grc' dir='ltr'>Ὥσπερ</span> <span class='ocrx_word' id='word_1_167' title='bbox 1683 2253 1782 2326; x_wconf 68' lang='grc' dir='ltr'>γὰρ</span> <span class='ocrx_word' id='word_1_168' title='bbox 1839 2255 1989 2325; x_wconf 75' lang='grc' dir='ltr'>ἡμᾶς</span> 
     </span>
    </p>
   </div>
   <div class='ocr_carea' id='block_1_26' title="bbox 337 2339 1991 2414">
    <p class='ocr_par' dir='ltr' id='par_1_26' title="bbox 337 2339 1991 2414">
     <span class='ocr_line' id='line_1_26' title="bbox 337 2339 1991 2414; baseline 0 -19"><span class='ocrx_word' id='word_1_169' title='bbox 337 2342 576 2413; x_wconf 85' lang='grc' dir='ltr'>πρόσθεν</span> <span class='ocrx_word' id='word_1_170' title='bbox 631 2341 816 2414; x_wconf 85' lang='grc' dir='ltr'>παρὼν</span> <span class='ocrx_word' id='word_1_171' title='bbox 872 2339 1121 2412; x_wconf 81' lang='grc' dir='ltr'>ἒκόσμεις</span> <span class='ocrx_word' id='word_1_172' title='bbox 1178 2341 1252 2402; x_wconf 82' lang='grc' dir='ltr'>ὡς</span> <span class='ocrx_word' id='word_1_173' title='bbox 1308 2341 1551 2409; x_wconf 80' lang='grc' dir='ltr'>ἀληθῶς,</span> <span class='ocrx_word' id='word_1_174' title='bbox 1583 2343 1670 2396; x_wconf 83' lang='grc' dir='ltr'>καὶ</span> <span class='ocrx_word' id='word_1_175' title='bbox 1711 2346 1807 2397; x_wconf 92' lang='grc' dir='ltr'>τοῦ</span> <span class='ocrx_word' id='word_1_176' title='bbox 1856 2341 1991 2396; x_wconf 80' lang='grc' dir='ltr'>κατὰ</span> 
     </span>
    </p>
   </div>
   <div class='ocr_carea' id='block_1_27' title="bbox 344 2429 1990 2504">
    <p class='ocr_par' dir='ltr' id='par_1_27' title="bbox 344 2429 1990 2504">
     <span class='ocr_line' id='line_1_27' title="bbox 344 2429 1990 2504; baseline -0.001 -19"><span class='ocrx_word' id='word_1_177' title='bbox 344 2433 402 2485; x_wconf 72' lang='grc' dir='ltr'>σὲ</span> <span class='ocrx_word' id='word_1_178' title='bbox 459 2430 652 2490; x_wconf 83' lang='grc' dir='ltr'>πάντες</span> <span class='ocrx_word' id='word_1_179' title='bbox 709 2431 846 2500; x_wconf 83' lang='grc' dir='ltr'>ἡμῖν</span> <span class='ocrx_word' id='word_1_180' title='bbox 896 2430 1237 2504; x_wconf 83' lang='grc' dir='ltr'>ξυνέχαιρον,</span> <span class='ocrx_word' id='word_1_181' title='bbox 1271 2429 1442 2491; x_wconf 73' lang='grc' dir='ltr'>οὕτως</span> <span class='ocrx_word' id='word_1_182' title='bbox 1485 2432 1535 2484; x_wconf 76' lang='grc' dir='ltr'>οἱ</span> <span class='ocrx_word' id='word_1_183' title='bbox 1566 2436 1656 2484; x_wconf 89' lang='grc' dir='ltr'>νῦν</span> <span class='ocrx_word' id='word_1_184' title='bbox 1693 2431 1990 2485; x_wconf 85' lang='grc' dir='ltr'>ἀπολαύον-</span> 
     </span>
    </p>
   </div>
   <div class='ocr_carea' id='block_1_28' title="bbox 334 2514 1990 2594">
    <p class='ocr_par' dir='ltr' id='par_1_28' title="bbox 334 2514 1990 2594">
     <span class='ocr_line' id='line_1_28' title="bbox 334 2514 1990 2594; baseline -0.001 -20"><span class='ocrx_word' id='word_1_185' title='bbox 334 2541 425 2582; x_wconf 85' lang='grc' dir='ltr'>τες</span> <span class='ocrx_word' id='word_1_186' title='bbox 485 2518 587 2573; x_wconf 84' lang='grc' dir='ltr'>ούκ</span> <span class='ocrx_word' id='word_1_187' title='bbox 639 2514 816 2586; x_wconf 70' lang='grc' dir='ltr'>ἕξουσι</span> <span class='ocrx_word' id='word_1_188' title='bbox 870 2515 1046 2590; x_wconf 86' lang='grc' dir='ltr'>λέγειν</span> <span class='ocrx_word' id='word_1_189' title='bbox 1106 2519 1179 2580; x_wconf 82' lang='grc' dir='ltr'>ὡς</span> <span class='ocrx_word' id='word_1_190' title='bbox 1229 2519 1291 2573; x_wconf 85' lang='grc' dir='ltr'>οὐ</span> <span class='ocrx_word' id='word_1_191' title='bbox 1329 2519 1390 2573; x_wconf 86' lang='grc' dir='ltr'>τὸ</span> <span class='ocrx_word' id='word_1_192' title='bbox 1421 2518 1717 2574; x_wconf 73' lang='grc' dir='ltr'>κάλλιπον</span> <span class='ocrx_word' id='word_1_193' title='bbox 1749 2518 1990 2594; x_wconf 83' lang='grc' dir='ltr'>ἔχουσιν,</span> 
     </span>
    </p>
   </div>
   <div class='ocr_carea' id='block_1_29' title="bbox 335 2607 1991 2683">
    <p class='ocr_par' dir='ltr' id='par_1_29' title="bbox 335 2607 1991 2683">
     <span class='ocr_line' id='line_1_29' title="bbox 335 2607 1991 2683; baseline -0.002 -18"><span class='ocrx_word' id='word_1_194' title='bbox 335 2614 504 2678; x_wconf 77' lang='grc' dir='ltr'>Ἡμῖν</span> <span class='ocrx_word' id='word_1_195' title='bbox 567 2609 664 2681; x_wconf 72' lang='grc' dir='ltr'>μὲν</span> <span class='ocrx_word' id='word_1_196' title='bbox 725 2607 845 2678; x_wconf 82' lang='grc' dir='ltr'>οῦν,</span> <span class='ocrx_word' id='word_1_197' title='bbox 904 2607 950 2662; x_wconf 76' lang='grc' dir='ltr'>εἷ</span> <span class='ocrx_word' id='word_1_198' title='bbox 1007 2608 1096 2662; x_wconf 84' lang='grc' dir='ltr'>καὶ</span> <span class='ocrx_word' id='word_1_199' title='bbox 1155 2611 1258 2674; x_wconf 80' lang='grc' dir='ltr'>τῆς</span> <span class='ocrx_word' id='word_1_200' title='bbox 1318 2609 1655 2683; x_wconf 79' lang='grc' dir='ltr'>εἱμαρμένης</span> <span class='ocrx_word' id='word_1_201' title='bbox 1733 2611 1991 2681; x_wconf 76' lang='grc' dir='ltr'>εὐμενοῦς</span> 
     </span>
    </p>
   </div>
   <div class='ocr_carea' id='block_1_30' title="bbox 349 2692 1991 2771">
    <p class='ocr_par' dir='ltr' id='par_1_30' title="bbox 349 2692 1991 2771">
     <span class='ocr_line' id='line_1_30' title="bbox 349 2692 1991 2771; baseline -0.001 -20"><span class='ocrx_word' id='word_1_202' title='bbox 349 2699 630 2768; x_wconf 69' lang='grc' dir='ltr'>πειρᾶσθαι</span> <span class='ocrx_word' id='word_1_203' title='bbox 690 2702 894 2770; x_wconf 84' lang='grc' dir='ltr'>παρῆν,</span> <span class='ocrx_word' id='word_1_204' title='bbox 963 2692 1116 2750; x_wconf 70' lang='grc' dir='ltr'>οὐδὲν</span> <span class='ocrx_word' id='word_1_205' title='bbox 1185 2695 1247 2749; x_wconf 78' lang='grc' dir='ltr'>ἂν</span> <span class='ocrx_word' id='word_1_206' title='bbox 1305 2695 1371 2764; x_wconf 83' lang='grc' dir='ltr'>ἦν</span> <span class='ocrx_word' id='word_1_207' title='bbox 1431 2701 1654 2771; x_wconf 82' lang='grc' dir='ltr'>πρᾶγμα</span> <span class='ocrx_word' id='word_1_208' title='bbox 1710 2700 1991 2750; x_wconf 88' lang='grc' dir='ltr'>τοσοῦτον.</span> 
     </span>
    </p>
   </div>
   <div class='ocr_carea' id='block_1_31' title="bbox 363 2782 1994 2860">
    <p class='ocr_par' dir='ltr' id='par_1_31' title="bbox 363 2782 1994 2860">
     <span class='ocr_line' id='line_1_31' title="bbox 363 2782 1994 2860; baseline -0.001 -21"><span class='ocrx_word' id='word_1_209' title='bbox 363 2787 484 2839; x_wconf 77' lang='grc' dir='ltr'>ὅσον</span> <span class='ocrx_word' id='word_1_210' title='bbox 531 2806 590 2860; x_wconf 88' lang='grc' dir='ltr'>γε</span> <span class='ocrx_word' id='word_1_211' title='bbox 651 2789 748 2838; x_wconf 89' lang='grc' dir='ltr'>σοῦ</span> <span class='ocrx_word' id='word_1_212' title='bbox 804 2784 1096 2858; x_wconf 87' lang='grc' dir='ltr'>παρόντος,</span> <span class='ocrx_word' id='word_1_213' title='bbox 1130 2785 1344 2856; x_wconf 89' lang='grc' dir='ltr'>μαλλον</span> <span class='ocrx_word' id='word_1_214' title='bbox 1399 2783 1456 2840; x_wconf 69' lang='grc' dir='ltr'>δὲ</span> <span class='ocrx_word' id='word_1_215' title='bbox 1514 2782 1666 2839; x_wconf 75' lang='grc' dir='ltr'>οὐδὲν</span> <span class='ocrx_word' id='word_1_216' title='bbox 1699 2785 1757 2839; x_wconf 79' lang='grc' dir='ltr'>ἂν</span> <span class='ocrx_word' id='word_1_217' title='bbox 1815 2785 1881 2853; x_wconf 72' lang='grc' dir='ltr'>ἦν</span> <span class='ocrx_word' id='word_1_218' title='bbox 1931 2786 1994 2838; x_wconf 87' lang='grc' dir='ltr'>τὸ</span> 
     </span>
    </p>
   </div>
   <div class='ocr_carea' id='block_1_32' title="bbox 358 2873 1994 2949">
    <p class='ocr_par' dir='ltr' id='par_1_32' title="bbox 358 2873 1994 2949">
     <span class='ocr_line' id='line_1_32' title="bbox 358 2873 1994 2949; baseline 0 -21"><span class='ocrx_word' id='word_1_219' title='bbox 358 2875 626 2946; x_wconf 76' lang='grc' dir='ltr'>παράπαν,</span> <span class='ocrx_word' id='word_1_220' title='bbox 672 2875 748 2946; x_wconf 79' lang='grc' dir='ltr'>μὴ</span> <span class='ocrx_word' id='word_1_221' title='bbox 800 2877 894 2927; x_wconf 91' lang='grc' dir='ltr'>σοῦ</span> <span class='ocrx_word' id='word_1_222' title='bbox 943 2873 1231 2946; x_wconf 86' lang='grc' dir='ltr'>παρόντος.</span> <span class='ocrx_word' id='word_1_223' title='bbox 1266 2875 1362 2928; x_wconf 82' lang='grc' dir='ltr'>Διὰ</span> <span class='ocrx_word' id='word_1_224' title='bbox 1407 2873 1590 2942; x_wconf 74' lang='grc' dir='ltr'>τί;ἦς</span> <span class='ocrx_word' id='word_1_225' title='bbox 1622 2874 1683 2928; x_wconf 80' lang='grc' dir='ltr'>ἃν</span> <span class='ocrx_word' id='word_1_226' title='bbox 1737 2875 1994 2949; x_wconf 86' lang='grc' dir='ltr'>μετείχο-</span> 
     </span>
    </p>
   </div>
   <div class='ocr_carea' id='block_1_33' title="bbox 356 2960 1996 3038">
    <p class='ocr_par' dir='ltr' id='par_1_33' title="bbox 356 2960 1996 3038">
     <span class='ocr_line' id='line_1_33' title="bbox 356 2960 1996 3038; baseline 0.001 -22"><span class='ocrx_word' id='word_1_227' title='bbox 356 2984 446 3034; x_wconf 83' lang='grc' dir='ltr'>μεν</span> <span class='ocrx_word' id='word_1_228' title='bbox 492 2961 724 3032; x_wconf 79' lang='grc' dir='ltr'>ἡδονῆς,</span> <span class='ocrx_word' id='word_1_229' title='bbox 757 2962 800 3017; x_wconf 83' lang='grc' dir='ltr'>εί</span> <span class='ocrx_word' id='word_1_230' title='bbox 847 2964 1098 3036; x_wconf 77' lang='grc' dir='ltr'>παρῆσθα</span> <span class='ocrx_word' id='word_1_231' title='bbox 1144 2966 1328 3034; x_wconf 86' lang='grc' dir='ltr'>(τοῦτο</span> <span class='ocrx_word' id='word_1_232' title='bbox 1379 2960 1424 3017; x_wconf 82' lang='grc' dir='ltr'>δ’</span> <span class='ocrx_word' id='word_1_233' title='bbox 1454 2965 1520 3032; x_wconf 80' lang='grc' dir='ltr'>ἦν</span> <span class='ocrx_word' id='word_1_234' title='bbox 1569 2961 1996 3038; x_wconf 83' lang='grc' dir='ltr'>συναγωνιζομέ-</span> 
     </span>
    </p>
   </div>
   <div class='ocr_carea' id='block_1_34' title="bbox 346 3051 1992 3126">
    <p class='ocr_par' dir='ltr' id='par_1_34' title="bbox 346 3051 1992 3126">
     <span class='ocr_line' id='line_1_34' title="bbox 346 3051 1992 3126; baseline 0.001 -21"><span class='ocrx_word' id='word_1_235' title='bbox 346 3074 438 3106; x_wconf 87' lang='grc' dir='ltr'>νου</span> <span class='ocrx_word' id='word_1_236' title='bbox 482 3055 598 3126; x_wconf 80' lang='grc'>(5⁴’)</span> <span class='ocrx_word' id='word_1_237' title='bbox 635 3053 703 3126; x_wconf 77' lang='grc' dir='ltr'>τῇ</span> <span class='ocrx_word' id='word_1_238' title='bbox 753 3051 896 3126; x_wconf 79' lang='grc' dir='ltr'>τύχῃ</span> <span class='ocrx_word' id='word_1_239' title='bbox 951 3052 1038 3106; x_wconf 82' lang='grc' dir='ltr'>καὶ</span> <span class='ocrx_word' id='word_1_240' title='bbox 1089 3053 1156 3106; x_wconf 78' lang='grc' dir='ltr'>τὰ</span> <span class='ocrx_word' id='word_1_241' title='bbox 1212 3054 1338 3126; x_wconf 90' lang='grc' dir='ltr'>παρ’</span> <span class='ocrx_word' id='word_1_242' title='bbox 1388 3051 1596 3123; x_wconf 74' lang='grc' dir='ltr'>ἐκείνης</span> <span class='ocrx_word' id='word_1_243' title='bbox 1652 3052 1741 3107; x_wconf 79' lang='grc' dir='ltr'>ἐπὶ</span> <span class='ocrx_word' id='word_1_244' title='bbox 1805 3058 1992 3125; x_wconf 81' lang='grc' dir='ltr'>μεῖζον</span> 
     </span>
    </p>
   </div>
   <div class='ocr_carea' id='block_1_35' title="bbox 341 3138 1991 3215">
    <p class='ocr_par' dir='ltr' id='par_1_35' title="bbox 341 3138 1991 3215">
     <span class='ocr_line' id='line_1_35' title="bbox 341 3138 1991 3215; baseline -0.001 -20"><span class='ocrx_word' id='word_1_245' title='bbox 341 3140 644 3214; x_wconf 77' lang='grc' dir='ltr'>α’ίροντος),</span> <span class='ocrx_word' id='word_1_246' title='bbox 675 3139 878 3209; x_wconf 83' lang='grc' dir='ltr'>ταύτην</span> <span class='ocrx_word' id='word_1_247' title='bbox 939 3140 1037 3194; x_wconf 85' lang='grc' dir='ltr'>οὐκ</span> <span class='ocrx_word' id='word_1_248' title='bbox 1093 3139 1153 3195; x_wconf 75' lang='grc' dir='ltr'>ἂν</span> <span class='ocrx_word' id='word_1_249' title='bbox 1217 3138 1442 3215; x_wconf 68' lang='grc' dir='ltr'>ε’ίχομεν</span> <span class='ocrx_word' id='word_1_250' title='bbox 1499 3143 1859 3215; x_wconf 74' lang='grc' dir='ltr'>καρποῦσθαι,</span> <span class='ocrx_word' id='word_1_251' title='bbox 1891 3149 1991 3210; x_wconf 88' lang='grc' dir='ltr'>τῆς</span> 
     </span>
    </p>
   </div>
   <div class='ocr_carea' id='block_1_36' title="bbox 339 3229 1992 3304">
    <p class='ocr_par' dir='ltr' id='par_1_36' title="bbox 339 3229 1992 3304">
     <span class='ocr_line' id='line_1_36' title="bbox 339 3229 1992 3304; baseline 0.002 -20"><span class='ocrx_word' id='word_1_252' title='bbox 339 3239 440 3298; x_wconf 88' lang='grc' dir='ltr'>σῆς</span> <span class='ocrx_word' id='word_1_253' title='bbox 471 3230 737 3291; x_wconf 81' lang='grc' dir='ltr'>ἀπουσίας</span> <span class='ocrx_word' id='word_1_254' title='bbox 768 3229 860 3284; x_wconf 84' lang='grc' dir='ltr'>τὸν</span> <span class='ocrx_word' id='word_1_255' title='bbox 915 3230 1180 3304; x_wconf 85' lang='grc' dir='ltr'>λογισμὸν</span> <span class='ocrx_word' id='word_1_256' title='bbox 1239 3231 1634 3299; x_wconf 87' lang='grc' dir='ltr'>συνθολούσης,</span> <span class='ocrx_word' id='word_1_257' title='bbox 1658 3233 1732 3293; x_wconf 85' lang='grc' dir='ltr'>ὡς</span> <span class='ocrx_word' id='word_1_258' title='bbox 1781 3231 1992 3287; x_wconf 76' lang='grc' dir='ltr'>ἐλάττω</span> 
     </span>
    </p>
   </div>
   <div class='ocr_carea' id='block_1_37' title="bbox 338 3318 1998 3395">
    <p class='ocr_par' dir='ltr' id='par_1_37' title="bbox 338 3318 1998 3395">
     <span class='ocr_line' id='line_1_37' title="bbox 338 3318 1998 3395; baseline 0.001 -21"><span class='ocrx_word' id='word_1_259' title='bbox 338 3326 514 3375; x_wconf 76' lang='grc' dir='ltr'>πᾶσαν</span> <span class='ocrx_word' id='word_1_260' title='bbox 581 3320 768 3394; x_wconf 86' lang='grc' dir='ltr'>τέρψιν</span> <span class='ocrx_word' id='word_1_261' title='bbox 841 3321 1111 3394; x_wconf 79' lang='grc' dir='ltr'>ἡγεῖσθαι.</span> <span class='ocrx_word' id='word_1_262' title='bbox 1172 3325 1281 3376; x_wconf 82' lang='grc' dir='ltr'>Νῦν</span> <span class='ocrx_word' id='word_1_263' title='bbox 1353 3318 1431 3388; x_wconf 74' lang='grc' dir='ltr'>δὲ,</span> <span class='ocrx_word' id='word_1_264' title='bbox 1486 3319 1635 3395; x_wconf 71' lang='grc' dir='ltr'>ε’ίπερ</span> <span class='ocrx_word' id='word_1_265' title='bbox 1695 3322 1849 3388; x_wconf 71' lang='grc' dir='ltr'>ποτὶ,</span> <span class='ocrx_word' id='word_1_266' title='bbox 1908 3322 1998 3376; x_wconf 84' lang='grc' dir='ltr'>καὶ</span> 
     </span>
    </p>
   </div>
   <div class='ocr_carea' id='block_1_38' title="bbox 341 3409 2000 3486">
    <p class='ocr_par' dir='ltr' id='par_1_38' title="bbox 341 3409 2000 3486">
     <span class='ocr_line' id='line_1_38' title="bbox 341 3409 2000 3486; baseline -0.001 -22"><span class='ocrx_word' id='word_1_267' title='bbox 341 3415 435 3464; x_wconf 84' lang='grc' dir='ltr'>νῦν</span> <span class='ocrx_word' id='word_1_268' title='bbox 501 3409 724 3480; x_wconf 86' lang='grc' dir='ltr'>μάλισθ’</span> <span class='ocrx_word' id='word_1_269' title='bbox 752 3413 860 3462; x_wconf 89' lang='grc' dir='ltr'>τῶν</span> <span class='ocrx_word' id='word_1_270' title='bbox 921 3411 998 3480; x_wconf 88' lang='grc'>(6)</span> <span class='ocrx_word' id='word_1_271' title='bbox 1032 3413 1138 3462; x_wconf 88' lang='grc' dir='ltr'>σῶν</span> <span class='ocrx_word' id='word_1_272' title='bbox 1198 3409 1403 3482; x_wconf 83' lang='grc' dir='ltr'>ἱμέρων</span> <span class='ocrx_word' id='word_1_273' title='bbox 1459 3430 1516 3464; x_wconf 86' lang='grc' dir='ltr'>τε</span> <span class='ocrx_word' id='word_1_274' title='bbox 1562 3412 1651 3465; x_wconf 85' lang='grc' dir='ltr'>καὶ</span> <span class='ocrx_word' id='word_1_275' title='bbox 1701 3410 2000 3486; x_wconf 82' lang='grc' dir='ltr'>φαρμάκων</span> 
     </span>
    </p>
   </div>
   <div class='ocr_carea' id='block_1_39' title="bbox 341 3494 2002 3574">
    <p class='ocr_par' dir='ltr' id='par_1_39' title="bbox 341 3494 2002 3574">
     <span class='ocr_line' id='line_1_39' title="bbox 341 3494 2002 3574; baseline 0 -22"><span class='ocrx_word' id='word_1_276' title='bbox 341 3499 435 3552; x_wconf 79' lang='grc' dir='ltr'>καὶ</span> <span class='ocrx_word' id='word_1_277' title='bbox 495 3504 599 3567; x_wconf 84' lang='grc' dir='ltr'>τῆς</span> <span class='ocrx_word' id='word_1_278' title='bbox 659 3494 747 3551; x_wconf 73' lang='grc' dir='ltr'>διὰ</span> <span class='ocrx_word' id='word_1_279' title='bbox 806 3497 1018 3552; x_wconf 85' lang='grc' dir='ltr'>πάντων</span> <span class='ocrx_word' id='word_1_280' title='bbox 1081 3499 1154 3560; x_wconf 89' lang='grc' dir='ltr'>ὡς</span> <span class='ocrx_word' id='word_1_281' title='bbox 1213 3498 1436 3568; x_wconf 81' lang='grc' dir='ltr'>ἀληθῶς</span> <span class='ocrx_word' id='word_1_282' title='bbox 1497 3500 1854 3574; x_wconf 81' lang='grc' dir='ltr'>ψυχαγωγίας</span> <span class='ocrx_word' id='word_1_283' title='bbox 1910 3499 2002 3553; x_wconf 87' lang='grc' dir='ltr'>καὶ</span> 
     </span>
    </p>
   </div>
   <div class='ocr_carea' id='block_1_40' title="bbox 347 3586 2002 3662">
    <p class='ocr_par' dir='ltr' id='par_1_40' title="bbox 347 3586 2002 3662">
     <span class='ocr_line' id='line_1_40' title="bbox 347 3586 2002 3662; baseline 0.001 -22"><span class='ocrx_word' id='word_1_284' title='bbox 347 3593 646 3660; x_wconf 83' lang='grc' dir='ltr'>μουσικῆς,</span> <span class='ocrx_word' id='word_1_285' title='bbox 690 3589 778 3640; x_wconf 80' lang='grc' dir='ltr'>ὅτε</span> <span class='ocrx_word' id='word_1_286' title='bbox 818 3586 908 3639; x_wconf 82' lang='grc' dir='ltr'>καὶ</span> <span class='ocrx_word' id='word_1_287' title='bbox 965 3587 1194 3661; x_wconf 86' lang='grc' dir='ltr'>μέγιστα</span> <span class='ocrx_word' id='word_1_288' title='bbox 1241 3591 1348 3641; x_wconf 89' lang='grc' dir='ltr'>τῶν</span> <span class='ocrx_word' id='word_1_289' title='bbox 1401 3590 1623 3642; x_wconf 86' lang='grc' dir='ltr'>πώποτε</span> <span class='ocrx_word' id='word_1_290' title='bbox 1669 3609 2002 3662; x_wconf 86' lang='grc' dir='ltr'>μνημονευο-</span> 
     </span>
    </p>
   </div>
   <div class='ocr_carea' id='block_1_41' title="bbox 352 3673 2006 3756">
    <p class='ocr_par' dir='ltr' id='par_1_41' title="bbox 352 3673 2006 3756">
     <span class='ocr_line' id='line_1_41' title="bbox 352 3673 2006 3756; baseline 0.002 -28"><span class='ocrx_word' id='word_1_291' title='bbox 352 3676 530 3749; x_wconf 79' lang='grc' dir='ltr'>μένων</span> <span class='ocrx_word' id='word_1_292' title='bbox 582 3675 946 3749; x_wconf 85' lang='grc' dir='ltr'>πεπόνθαμεν,</span> <span class='ocrx_word' id='word_1_293' title='bbox 989 3673 1170 3748; x_wconf 81' lang='grc' dir='ltr'>ὥσπερ</span> <span class='ocrx_word' id='word_1_294' title='bbox 1224 3680 1323 3731; x_wconf 92' lang='grc' dir='ltr'>τοῦ</span> <span class='ocrx_word' id='word_1_295' title='bbox 1372 3674 1659 3750; x_wconf 85' lang='grc' dir='ltr'>δαιμονίου</span> <span class='ocrx_word' id='word_1_296' title='bbox 1707 3676 2006 3756; x_wconf 87' lang='grc' dir='ltr'>φιλονεικό-</span> 
     </span>
    </p>
   </div>
   <div class='ocr_carea' id='block_1_42' title="bbox 347 3763 2006 3842">
    <p class='ocr_par' dir='ltr' id='par_1_42' title="bbox 347 3763 2006 3842">
     <span class='ocr_line' id='line_1_42' title="bbox 347 3763 2006 3842; baseline -0.001 -22"><span class='ocrx_word' id='word_1_297' title='bbox 347 3785 514 3842; x_wconf 87' lang='grc' dir='ltr'>τερον</span> <span class='ocrx_word' id='word_1_298' title='bbox 562 3767 700 3833; x_wconf 78' lang='grc' dir='ltr'>ἡμῖν</span> <span class='ocrx_word' id='word_1_299' title='bbox 749 3763 1240 3837; x_wconf 80' lang='grc' dir='ltr'>εἷσκεκωμακότος,</span> <span class='ocrx_word' id='word_1_300' title='bbox 1279 3767 1352 3827; x_wconf 83' lang='grc' dir='ltr'>ὡς</span> <span class='ocrx_word' id='word_1_301' title='bbox 1408 3767 1483 3837; x_wconf 82' lang='grc' dir='ltr'><strong>μή</strong></span> <span class='ocrx_word' id='word_1_302' title='bbox 1537 3768 1702 3838; x_wconf 90' lang='grc' dir='ltr'>μόνον</span> <span class='ocrx_word' id='word_1_303' title='bbox 1737 3767 1788 3838; x_wconf 80' lang='grc' dir='ltr'>ἐξ</span> <span class='ocrx_word' id='word_1_304' title='bbox 1817 3765 2006 3841; x_wconf 56' lang='grc' dir='ltr'>Ῡάντιρ-</span> 
     </span>
    </p>
   </div>
   <div class='ocr_carea' id='block_1_43' title="bbox 354 3852 2006 3934">
    <p class='ocr_par' dir='ltr' id='par_1_43' title="bbox 354 3852 2006 3934">
     <span class='ocr_line' id='line_1_43' title="bbox 354 3852 2006 3934; baseline 0.001 -25"><span class='ocrx_word' id='word_1_305' title='bbox 354 3855 531 3928; x_wconf 87' lang='grc' dir='ltr'>ῥόπου</span> <span class='ocrx_word' id='word_1_306' title='bbox 572 3858 654 3925; x_wconf 78' lang='grc' dir='ltr'>τῷ</span> <span class='ocrx_word' id='word_1_307' title='bbox 704 3852 964 3928; x_wconf 86' lang='grc' dir='ltr'>πρότερον</span> <span class='ocrx_word' id='word_1_308' title='bbox 1007 3852 1152 3908; x_wconf 73' lang='grc' dir='ltr'>οὕτω</span> <span class='ocrx_word' id='word_1_309' title='bbox 1201 3855 1296 3915; x_wconf 79' lang='grc' dir='ltr'>τὰς</span> <span class='ocrx_word' id='word_1_310' title='bbox 1357 3858 1639 3934; x_wconf 81' lang='grc' dir='ltr'>συμφορὰς</span> <span class='ocrx_word' id='word_1_311' title='bbox 1687 3856 2006 3926; x_wconf 78' lang='grc' dir='ltr'>ἀντιθεῖναι,</span> 
     </span>
    </p>
   </div>
   <div class='ocr_carea' id='block_1_44' title="bbox 353 3942 2010 4018">
    <p class='ocr_par' dir='ltr' id='par_1_44' title="bbox 353 3942 2010 4018">
     <span class='ocr_line' id='line_1_44' title="bbox 353 3942 2010 4018; baseline 0.001 -19"><span class='ocrx_word' id='word_1_312' title='bbox 353 3942 506 3999; x_wconf 73' lang='grc' dir='ltr'>ἀλλὰ</span> <span class='ocrx_word' id='word_1_313' title='bbox 537 3945 627 3998; x_wconf 79' lang='grc' dir='ltr'>καὶ</span> <span class='ocrx_word' id='word_1_314' title='bbox 663 3943 796 4016; x_wconf 80' lang='grc' dir='ltr'>μετᾶ</span> <span class='ocrx_word' id='word_1_315' title='bbox 847 3943 1094 4017; x_wconf 71' lang='grc' dir='ltr'>μείζονος</span> <span class='ocrx_word' id='word_1_316' title='bbox 1139 3951 1241 4013; x_wconf 84' lang='grc' dir='ltr'>τῆς</span> <span class='ocrx_word' id='word_1_317' title='bbox 1289 3953 1632 4018; x_wconf 75' lang='grc' dir='ltr'>παρασκευῆς</span> <span class='ocrx_word' id='word_1_318' title='bbox 1660 3948 1694 4016; x_wconf 75' lang='grc' dir='ltr'><strong>ἢ</strong></span> <span class='ocrx_word' id='word_1_319' title='bbox 1735 3947 1853 4000; x_wconf 87' lang='grc' dir='ltr'>καθ’</span> <span class='ocrx_word' id='word_1_320' title='bbox 1885 3944 2010 4000; x_wconf 76' lang='grc' dir='ltr'>ὅσον</span> 
     </span>
    </p>
   </div>
   <div class='ocr_carea' id='block_1_45' title="bbox 357 4028 1623 4107">
    <p class='ocr_par' dir='ltr' id='par_1_45' title="bbox 357 4028 1623 4107">
     <span class='ocr_line' id='line_1_45' title="bbox 357 4028 1623 4107; baseline 0.005 -22"><span class='ocrx_word' id='word_1_321' title='bbox 357 4034 510 4103; x_wconf 80' lang='grc' dir='ltr'>ἡμᾶς</span> <span class='ocrx_word' id='word_1_322' title='bbox 539 4030 692 4094; x_wconf 70' lang='grc' dir='ltr'>ο²ίους</span> <span class='ocrx_word' id='word_1_323' title='bbox 723 4053 780 4087; x_wconf 85' lang='grc' dir='ltr'>τε</span> <span class='ocrx_word' id='word_1_324' title='bbox 803 4028 961 4094; x_wconf 77' lang='grc' dir='ltr'>ὄντας</span> <span class='ocrx_word' id='word_1_325' title='bbox 991 4032 1330 4107; x_wconf 82' lang='grc' dir='ltr'>ὑπενεγκεῖν,</span> <span class='ocrx_word' id='word_1_326' title='bbox 1365 4032 1503 4107; x_wconf 79' lang='grc' dir='ltr'>ᾤετο</span> <span class='ocrx_word' id='word_1_327' title='bbox 1534 4033 1623 4105; x_wconf 78' lang='grc' dir='ltr'>δή.</span> 
     </span>
    </p>
   </div>
   <div class='ocr_carea' id='block_1_46' title="bbox 435 4119 2011 4199">
    <p class='ocr_par' dir='ltr' id='par_1_46' title="bbox 435 4119 2011 4199">
     <span class='ocr_line' id='line_1_46' title="bbox 435 4119 2011 4199; baseline 0.001 -22"><span class='ocrx_word' id='word_1_328' title='bbox 435 4123 496 4177; x_wconf 73' lang='lat' dir='ltr'><strong>0i.</strong></span> <span class='ocrx_word' id='word_1_329' title='bbox 556 4122 658 4196; x_wconf 81' lang='grc' dir='ltr'>γὰρ</span> <span class='ocrx_word' id='word_1_330' title='bbox 718 4119 804 4176; x_wconf 80' lang='grc' dir='ltr'>έπὶ</span> <span class='ocrx_word' id='word_1_331' title='bbox 854 4125 994 4195; x_wconf 77' lang='grc' dir='ltr'>κακῇ</span> <span class='ocrx_word' id='word_1_332' title='bbox 1068 4123 1235 4199; x_wconf 80' lang='grc' dir='ltr'>μοίρᾳ</span> <span class='ocrx_word' id='word_1_333' title='bbox 1289 4125 1602 4197; x_wconf 82' lang='grc' dir='ltr'>Ῥωμαίων,</span> <span class='ocrx_word' id='word_1_334' title='bbox 1657 4125 1731 4185; x_wconf 82' lang='grc' dir='ltr'>ὡς</span> <span class='ocrx_word' id='word_1_335' title='bbox 1783 4125 2011 4186; x_wconf 76' lang='grc' dir='ltr'>ἅπαντες</span> 
     </span>
    </p>
   </div>
   <div class='ocr_carea' id='block_1_47' title="bbox 349 4208 2009 4291">
    <p class='ocr_par' dir='ltr' id='par_1_47' title="bbox 349 4208 2009 4291">
     <span class='ocr_line' id='line_1_47' title="bbox 349 4208 2009 4291; baseline 0.002 -27"><span class='ocrx_word' id='word_1_336' title='bbox 349 4208 562 4283; x_wconf 76' lang='grc' dir='ltr'>ἵσασιν,</span> <span class='ocrx_word' id='word_1_337' title='bbox 602 4209 665 4265; x_wconf 82' lang='grc' dir='ltr'>έκ</span> <span class='ocrx_word' id='word_1_338' title='bbox 714 4209 964 4271; x_wconf 83' lang='grc' dir='ltr'>Σικελίας</span> <span class='ocrx_word' id='word_1_339' title='bbox 1011 4209 1098 4265; x_wconf 79' lang='grc' dir='ltr'>ἐπὶ</span> <span class='ocrx_word' id='word_1_340' title='bbox 1151 4213 1476 4291; x_wconf 86' lang='grc' dir='ltr'>συμμαχίαν</span> <span class='ocrx_word' id='word_1_341' title='bbox 1544 4215 1718 4274; x_wconf 82' lang='grc' dir='ltr'>ἰόντες</span> <span class='ocrx_word' id='word_1_342' title='bbox 1769 4213 2009 4281; x_wconf 85' lang='grc' dir='ltr'>Ἰταλική</span> 
     </span>
    </p>
   </div>
   <div class='ocr_carea' id='block_1_48' title="bbox 359 4296 2010 4376">
    <p class='ocr_par' dir='ltr' id='par_1_48' title="bbox 359 4296 2010 4376">
     <span class='ocr_line' id='line_1_48' title="bbox 359 4296 2010 4376; baseline 0 -20"><span class='ocrx_word' id='word_1_343' title='bbox 359 4298 591 4371; x_wconf 85' lang='grc' dir='ltr'>δύναμις</span> <span class='ocrx_word' id='word_1_344' title='bbox 633 4301 732 4371; x_wconf 84' lang='lat'>(7),</span> <span class='ocrx_word' id='word_1_345' title='bbox 764 4296 978 4366; x_wconf 72' lang='grc' dir='ltr'>ἡλίκως</span> <span class='ocrx_word' id='word_1_346' title='bbox 1033 4301 1127 4373; x_wconf 77' lang='grc' dir='ltr'>μὲν</span> <span class='ocrx_word' id='word_1_347' title='bbox 1177 4301 1478 4375; x_wconf 75' lang='grc' dir='ltr'>ἐχρήσαντο</span> <span class='ocrx_word' id='word_1_348' title='bbox 1509 4301 1690 4376; x_wconf 77' lang='grc' dir='ltr'>Θρᾴκῃ</span> <span class='ocrx_word' id='word_1_349' title='bbox 1749 4302 1839 4356; x_wconf 81' lang='grc' dir='ltr'>καὶ</span> <span class='ocrx_word' id='word_1_350' title='bbox 1896 4309 2010 4364; x_wconf 86' lang='grc' dir='ltr'>τοῖς</span> 
     </span>
    </p>
   </div>
   <div class='ocr_carea' id='block_1_49' title="bbox 358 4387 2011 4463">
    <p class='ocr_par' dir='ltr' id='par_1_49' title="bbox 358 4387 2011 4463">
     <span class='ocr_line' id='line_1_49' title="bbox 358 4387 2011 4463; baseline 0.003 -21"><span class='ocrx_word' id='word_1_351' title='bbox 358 4387 475 4442; x_wconf 71' lang='grc' dir='ltr'>ἐκεῖ</span> <span class='ocrx_word' id='word_1_352' title='bbox 529 4387 838 4461; x_wconf 80' lang='grc' dir='ltr'>πράγμασι,</span> <span class='ocrx_word' id='word_1_353' title='bbox 896 4387 986 4442; x_wconf 79' lang='grc' dir='ltr'>καὶ</span> <span class='ocrx_word' id='word_1_354' title='bbox 1045 4387 1120 4448; x_wconf 82' lang='grc' dir='ltr'>ὡς</span> <span class='ocrx_word' id='word_1_355' title='bbox 1188 4390 1291 4457; x_wconf 85' lang='grc' dir='ltr'>τήν</span> <span class='ocrx_word' id='word_1_356' title='bbox 1370 4392 1593 4444; x_wconf 89' lang='grc' dir='ltr'>Σκυθῶν</span> <span class='ocrx_word' id='word_1_357' title='bbox 1643 4389 1872 4462; x_wconf 81' lang='grc' dir='ltr'>ἐρημίαν</span> <span class='ocrx_word' id='word_1_358' title='bbox 1932 4393 2011 4463; x_wconf 88' lang='grc'>(8)</span> 
     </span>
    </p>
   </div>
   <div class='ocr_carea' id='block_1_50' title="bbox 344 4475 2016 4551">
    <p class='ocr_par' dir='ltr' id='par_1_50' title="bbox 344 4475 2016 4551">
     <span class='ocr_line' id='line_1_50' title="bbox 344 4475 2016 4551; baseline -0.001 -18"><span class='ocrx_word' id='word_1_359' title='bbox 344 4477 518 4533; x_wconf 67' lang='grc' dir='ltr'>’ταυτὶ</span> <span class='ocrx_word' id='word_1_360' title='bbox 568 4479 922 4546; x_wconf 85' lang='grc' dir='ltr'>πεποίηνται,</span> <span class='ocrx_word' id='word_1_361' title='bbox 953 4476 1005 4530; x_wconf 88' lang='grc' dir='ltr'>τί</span> <span class='ocrx_word' id='word_1_362' title='bbox 1050 4497 1136 4538; x_wconf 91' lang='grc' dir='ltr'>τις</span> <span class='ocrx_word' id='word_1_363' title='bbox 1181 4477 1240 4532; x_wconf 79' lang='grc' dir='ltr'>ἃν</span> <span class='ocrx_word' id='word_1_364' title='bbox 1291 4479 1417 4538; x_wconf 79' lang='grc' dir='ltr'>τοὺς</span> <span class='ocrx_word' id='word_1_365' title='bbox 1448 4475 1653 4538; x_wconf 76' lang='grc' dir='ltr'>εἰδότας</span> <span class='ocrx_word' id='word_1_366' title='bbox 1705 4478 2016 4551; x_wconf 74' lang='grc' dir='ltr'>ἀναμιμνή-</span> 
     </span>
    </p>
   </div>
   <div class='ocr_carea' id='block_1_51' title="bbox 2085 576 3731 650">
    <p class='ocr_par' dir='ltr' id='par_1_51' title="bbox 2085 576 3731 650">
     <span class='ocr_line' id='line_1_51' title="bbox 2085 576 3731 650; baseline -0.003 -17"><span class='ocrx_word' id='word_1_367' title='bbox 2085 580 2141 634; x_wconf 93' lang='lat' dir='ltr'>in</span> <span class='ocrx_word' id='word_1_368' title='bbox 2188 580 2443 635; x_wconf 89' lang='lat' dir='ltr'><strong>medium</strong></span> <span class='ocrx_word' id='word_1_369' title='bbox 2498 581 2811 650; x_wconf 89' lang='lat' dir='ltr'><strong>proferam,</strong></span> <span class='ocrx_word' id='word_1_370' title='bbox 2843 598 2872 632; x_wconf 87' lang='lat' dir='ltr'>a</span> <span class='ocrx_word' id='word_1_371' title='bbox 2920 594 3011 634; x_wconf 89' lang='lat' dir='ltr'>me</span> <span class='ocrx_word' id='word_1_372' title='bbox 3041 579 3168 649; x_wconf 83' lang='lat' dir='ltr'><strong>ipso</strong></span> <span class='ocrx_word' id='word_1_373' title='bbox 3209 577 3502 648; x_wconf 86' lang='lat' dir='ltr'>specimen</span> <span class='ocrx_word' id='word_1_374' title='bbox 3537 576 3731 630; x_wconf 86' lang='lat' dir='ltr'><strong>infau-</strong></span> 
     </span>
    </p>
   </div>
   <div class='ocr_carea' id='block_1_52' title="bbox 2084 686 3728 754">
    <p class='ocr_par' dir='ltr' id='par_1_52' title="bbox 2084 686 3728 754">
     <span class='ocr_line' id='line_1_52' title="bbox 2084 686 3728 754; baseline -0.004 -12"><span class='ocrx_word' id='word_1_375' title='bbox 2084 693 2244 742; x_wconf 89' lang='lat' dir='ltr'><strong>stum</strong></span> <span class='ocrx_word' id='word_1_376' title='bbox 2308 688 2611 742; x_wconf 89' lang='lat' dir='ltr'><strong>sumendo.</strong></span> <span class='ocrx_word' id='word_1_377' title='bbox 2659 687 2849 743; x_wconf 81' lang='lat' dir='ltr'><strong>Nimia</strong></span> <span class='ocrx_word' id='word_1_378' title='bbox 2919 686 3074 740; x_wconf 88' lang='lat' dir='ltr'><strong>enim</strong></span> <span class='ocrx_word' id='word_1_379' title='bbox 3141 688 3496 740; x_wconf 80' lang='lat' dir='ltr'>monstratur</span> <span class='ocrx_word' id='word_1_380' title='bbox 3544 699 3728 754; x_wconf 69' lang='lat' dir='ltr'><strong>pinna,</strong></span> 
     </span>
    </p>
   </div>
   <div class='ocr_carea' id='block_1_53' title="bbox 2085 793 3734 866">
    <p class='ocr_par' dir='ltr' id='par_1_53' title="bbox 2085 793 3734 866">
     <span class='ocr_line' id='line_1_53' title="bbox 2085 793 3734 866; baseline -0.004 -16"><span class='ocrx_word' id='word_1_381' title='bbox 2085 801 2142 850; x_wconf 89' lang='lat' dir='ltr'>et</span> <span class='ocrx_word' id='word_1_382' title='bbox 2171 796 2218 850; x_wconf 92' lang='lat' dir='ltr'>si</span> <span class='ocrx_word' id='word_1_383' title='bbox 2250 796 2516 851; x_wconf 78' lang='lat' dir='ltr'>referrem</span> <span class='ocrx_word' id='word_1_384' title='bbox 2550 795 2764 866; x_wconf 81' lang='lat' dir='ltr'>quibus</span> <span class='ocrx_word' id='word_1_385' title='bbox 2796 795 2967 849; x_wconf 90' lang='lat' dir='ltr'><strong>rebus</strong></span> <span class='ocrx_word' id='word_1_386' title='bbox 3011 793 3219 864; x_wconf 90' lang='lat' dir='ltr'><strong>privor,</strong></span> <span class='ocrx_word' id='word_1_387' title='bbox 3255 801 3552 862; x_wconf 81' lang='lat' dir='ltr'><strong>stuporem</strong></span> <span class='ocrx_word' id='word_1_388' title='bbox 3595 805 3734 844; x_wconf 84' lang='lat' dir='ltr'><strong>sane</strong></span> 
     </span>
    </p>
   </div>
   <div class='ocr_carea' id='block_1_54' title="bbox 2086 897 3730 972">
    <p class='ocr_par' dir='ltr' id='par_1_54' title="bbox 2086 897 3730 972">
     <span class='ocr_line' id='line_1_54' title="bbox 2086 897 3730 972; baseline -0.005 -13"><span class='ocrx_word' id='word_1_389' title='bbox 2086 905 2430 968; x_wconf 79' lang='lat' dir='ltr'>excitarem;</span> <span class='ocrx_word' id='word_1_390' title='bbox 2469 905 2618 956; x_wconf 89' lang='lat' dir='ltr'><strong>unde</strong></span> <span class='ocrx_word' id='word_1_391' title='bbox 2676 903 2868 956; x_wconf 87' lang='lat' dir='ltr'><strong>videre</strong></span> <span class='ocrx_word' id='word_1_392' title='bbox 2901 905 3060 970; x_wconf 82' lang='lat' dir='ltr'>potes</span> <span class='ocrx_word' id='word_1_393' title='bbox 3093 901 3240 972; x_wconf 91' lang='lat' dir='ltr'><strong>quod</strong></span> <span class='ocrx_word' id='word_1_394' title='bbox 3284 915 3385 968; x_wconf 82' lang='lat' dir='ltr'><strong>ego</strong></span> <span class='ocrx_word' id='word_1_395' title='bbox 3416 897 3730 953; x_wconf 85' lang='lat' dir='ltr'><strong>indissolu-</strong></span> 
     </span>
    </p>
   </div>
   <div class='ocr_carea' id='block_1_55' title="bbox 2087 1007 3732 1079">
    <p class='ocr_par' dir='ltr' id='par_1_55' title="bbox 2087 1007 3732 1079">
     <span class='ocr_line' id='line_1_55' title="bbox 2087 1007 3732 1079; baseline -0.005 -12"><span class='ocrx_word' id='word_1_396' title='bbox 2087 1012 2278 1067; x_wconf 89' lang='lat' dir='ltr'><strong>biliter</strong></span> <span class='ocrx_word' id='word_1_397' title='bbox 2308 1012 2413 1066; x_wconf 84' lang='lat' dir='ltr'><strong>tibi</strong></span> <span class='ocrx_word' id='word_1_398' title='bbox 2462 1010 2736 1072; x_wconf 71' lang='lat' dir='ltr'><strong>inhaereo.</strong></span> <span class='ocrx_word' id='word_1_399' title='bbox 2771 1018 2824 1064; x_wconf 84' lang='lat' dir='ltr'>et</span> <span class='ocrx_word' id='word_1_400' title='bbox 2872 1010 3026 1079; x_wconf 90' lang='lat' dir='ltr'><strong>quod</strong></span> <span class='ocrx_word' id='word_1_401' title='bbox 3077 1013 3138 1062; x_wconf 91' lang='lat' dir='ltr'>tu</span> <span class='ocrx_word' id='word_1_402' title='bbox 3173 1008 3297 1079; x_wconf 92' lang='lat' dir='ltr'><strong>ipse</strong></span> <span class='ocrx_word' id='word_1_403' title='bbox 3321 1007 3544 1077; x_wconf 88' lang='lat' dir='ltr'><strong>optima</strong></span> <span class='ocrx_word' id='word_1_404' title='bbox 3575 1022 3732 1076; x_wconf 78' lang='lat' dir='ltr'><strong>quae-</strong></span> 
     </span>
    </p>
   </div>
   <div class='ocr_carea' id='block_1_56' title="bbox 2089 1112 3731 1190">
    <p class='ocr_par' dir='ltr' id='par_1_56' title="bbox 2089 1112 3731 1190">
     <span class='ocr_line' id='line_1_56' title="bbox 2089 1112 3731 1190; baseline -0.006 -16"><span class='ocrx_word' id='word_1_405' title='bbox 2089 1135 2202 1190; x_wconf 87' lang='lat' dir='ltr'>que</span> <span class='ocrx_word' id='word_1_406' title='bbox 2251 1118 2524 1182; x_wconf 89' lang='lat' dir='ltr'><strong>mereris;</strong></span> <span class='ocrx_word' id='word_1_407' title='bbox 2568 1116 2773 1170; x_wconf 80' lang='lat' dir='ltr'><strong>tertius</strong></span> <span class='ocrx_word' id='word_1_408' title='bbox 2814 1117 3065 1186; x_wconf 90' lang='lat' dir='ltr'><strong>denique</strong></span> <span class='ocrx_word' id='word_1_409' title='bbox 3097 1114 3182 1168; x_wconf 90' lang='lat' dir='ltr'><strong>vel</strong></span> <span class='ocrx_word' id='word_1_410' title='bbox 3221 1113 3362 1168; x_wconf 90' lang='lat' dir='ltr'><strong>illud</strong></span> <span class='ocrx_word' id='word_1_411' title='bbox 3419 1112 3731 1178; x_wconf 83' lang='lat' dir='ltr'>addiderit,</span> 
     </span>
    </p>
   </div>
   <div class='ocr_carea' id='block_1_57' title="bbox 2090 1218 3736 1295">
    <p class='ocr_par' dir='ltr' id='par_1_57' title="bbox 2090 1218 3736 1295">
     <span class='ocr_line' id='line_1_57' title="bbox 2090 1218 3736 1295; baseline -0.005 -16"><span class='ocrx_word' id='word_1_412' title='bbox 2090 1226 2242 1295; x_wconf 89' lang='lat' dir='ltr'><strong>quod</strong></span> <span class='ocrx_word' id='word_1_413' title='bbox 2288 1225 2358 1278; x_wconf 88' lang='lat' dir='ltr'>ab</span> <span class='ocrx_word' id='word_1_414' title='bbox 2411 1224 2541 1294; x_wconf 88' lang='lat' dir='ltr'><strong>ipsa</strong></span> <span class='ocrx_word' id='word_1_415' title='bbox 2589 1223 2802 1277; x_wconf 87' lang='lat' dir='ltr'>unione</span> <span class='ocrx_word' id='word_1_416' title='bbox 2850 1221 3235 1292; x_wconf 81' lang='lat' dir='ltr'><strong>pyrrichicam</strong></span> <span class='ocrx_word' id='word_1_417' title='bbox 3282 1218 3644 1275; x_wconf 75' lang='lat' dir='ltr'>saltationem</span> <span class='ocrx_word' id='word_1_418' title='bbox 3679 1221 3736 1271; x_wconf 93' lang='lat' dir='ltr'>et</span> 
     </span>
    </p>
   </div>
   <div class='ocr_carea' id='block_1_58' title="bbox 2091 1327 2926 1399">
    <p class='ocr_par' dir='ltr' id='par_1_58' title="bbox 2091 1327 2926 1399">
     <span class='ocr_line' id='line_1_58' title="bbox 2091 1327 2926 1399; baseline -0.006 -15"><span class='ocrx_word' id='word_1_419' title='bbox 2091 1327 2464 1385; x_wconf 87' lang='lat' dir='ltr'><strong>bacchanalia</strong></span> <span class='ocrx_word' id='word_1_420' title='bbox 2499 1327 2926 1399; x_wconf 87' lang='lat' dir='ltr'><strong>producuntur.</strong></span> 
     </span>
    </p>
   </div>
   <div class='ocr_carea' id='block_1_59' title="bbox 2165 1639 3731 1716">
    <p class='ocr_par' dir='ltr' id='par_1_59' title="bbox 2165 1639 3731 1716">
     <span class='ocr_line' id='line_1_59' title="bbox 2165 1639 3731 1716; baseline -0.006 -15"><span class='ocrx_word' id='word_1_421' title='bbox 2165 1646 2532 1701; x_wconf 86' lang='lat' dir='ltr'><strong>Proverbium</strong></span> <span class='ocrx_word' id='word_1_422' title='bbox 2578 1644 2771 1716; x_wconf 91' lang='lat' dir='ltr'><strong>ipsum</strong></span> <span class='ocrx_word' id='word_1_423' title='bbox 2833 1643 3028 1715; x_wconf 71' lang='lat' dir='ltr'><strong>patrias</strong></span> <span class='ocrx_word' id='word_1_424' title='bbox 3075 1642 3267 1696; x_wconf 89' lang='lat' dir='ltr'><strong>solum</strong></span> <span class='ocrx_word' id='word_1_425' title='bbox 3326 1639 3569 1695; x_wconf 89' lang='lat' dir='ltr'><strong>charum</strong></span> <span class='ocrx_word' id='word_1_426' title='bbox 3601 1653 3731 1692; x_wconf 86' lang='lat' dir='ltr'><strong>esse</strong></span> 
     </span>
    </p>
   </div>
   <div class='ocr_carea' id='block_1_60' title="bbox 2095 1744 3740 1826">
    <p class='ocr_par' dir='ltr' id='par_1_60' title="bbox 2095 1744 3740 1826">
     <span class='ocr_line' id='line_1_60' title="bbox 2095 1744 3740 1826; baseline -0.007 -18"><span class='ocrx_word' id='word_1_427' title='bbox 2095 1754 2380 1826; x_wconf 68' lang='lat' dir='ltr'><strong>praedicat,</strong></span> <span class='ocrx_word' id='word_1_428' title='bbox 2427 1757 2486 1806; x_wconf 89' lang='lat' dir='ltr'><strong>et</strong></span> <span class='ocrx_word' id='word_1_429' title='bbox 2543 1751 2825 1806; x_wconf 82' lang='lat' dir='ltr'>Homerus</span> <span class='ocrx_word' id='word_1_430' title='bbox 2896 1750 3018 1821; x_wconf 91' lang='lat' dir='ltr'><strong>ipse</strong></span> <span class='ocrx_word' id='word_1_431' title='bbox 3069 1752 3318 1804; x_wconf 83' lang='lat' dir='ltr'><strong>testatur</strong></span> <span class='ocrx_word' id='word_1_432' title='bbox 3364 1745 3504 1800; x_wconf 87' lang='lat' dir='ltr'><strong>nihil</strong></span> <span class='ocrx_word' id='word_1_433' title='bbox 3554 1744 3740 1814; x_wconf 84' lang='lat' dir='ltr'><strong>patria</strong></span> 
     </span>
    </p>
   </div>
   <div class='ocr_carea' id='block_1_61' title="bbox 2021 1839 3738 1934">
    <p class='ocr_par' dir='ltr' id='par_1_61' title="bbox 2021 1839 3738 1934">
     <span class='ocr_line' id='line_1_61' title="bbox 2021 1839 3738 1934; baseline -0.007 -14"><span class='ocrx_word' id='word_1_434' title='bbox 2021 1839 2065 1904; x_wconf 76' lang='grc' dir='ltr'><strong>Β</strong></span> <span class='ocrx_word' id='word_1_435' title='bbox 2097 1870 2155 1920; x_wconf 89' lang='lat' dir='ltr'>et</span> <span class='ocrx_word' id='word_1_436' title='bbox 2205 1862 2544 1934; x_wconf 89' lang='lat' dir='ltr'><strong>parentibus</strong></span> <span class='ocrx_word' id='word_1_437' title='bbox 2602 1861 2829 1915; x_wconf 86' lang='lat' dir='ltr'><strong>dulcius</strong></span> <span class='ocrx_word' id='word_1_438' title='bbox 2874 1875 2999 1915; x_wconf 89' lang='lat' dir='ltr'><strong>esse</strong></span> <span class='ocrx_word' id='word_1_439' title='bbox 3045 1876 3058 1914; x_wconf 89' lang='lat'><strong>:</strong></span> <span class='ocrx_word' id='word_1_440' title='bbox 3093 1863 3151 1912; x_wconf 85' lang='lat' dir='ltr'>at</span> <span class='ocrx_word' id='word_1_441' title='bbox 3198 1857 3318 1911; x_wconf 71' lang='lat' dir='ltr'><strong>haec</strong></span> <span class='ocrx_word' id='word_1_442' title='bbox 3352 1872 3467 1927; x_wconf 66' lang='lat' dir='ltr'><strong>pra:</strong></span> <span class='ocrx_word' id='word_1_443' title='bbox 3498 1861 3553 1909; x_wconf 90' lang='lat' dir='ltr'>te</span> <span class='ocrx_word' id='word_1_444' title='bbox 3585 1852 3738 1908; x_wconf 84' lang='lat' dir='ltr'><strong>iule-</strong></span> 
     </span>
    </p>
   </div>
   <div class='ocr_carea' id='block_1_62' title="bbox 2100 1962 3738 2044">
    <p class='ocr_par' dir='ltr' id='par_1_62' title="bbox 2100 1962 3738 2044">
     <span class='ocr_line' id='line_1_62' title="bbox 2100 1962 3738 2044; baseline -0.007 -15"><span class='ocrx_word' id='word_1_445' title='bbox 2100 1977 2250 2030; x_wconf 87' lang='lat' dir='ltr'><strong>riora</strong></span> <span class='ocrx_word' id='word_1_446' title='bbox 2297 1973 2447 2044; x_wconf 88' lang='lat' dir='ltr'><strong>apud</strong></span> <span class='ocrx_word' id='word_1_447' title='bbox 2503 1989 2591 2027; x_wconf 91' lang='lat' dir='ltr'><strong>me</strong></span> <span class='ocrx_word' id='word_1_448' title='bbox 2642 1975 2777 2026; x_wconf 91' lang='lat' dir='ltr'><strong>sunt</strong></span> <span class='ocrx_word' id='word_1_449' title='bbox 2823 1977 2880 2025; x_wconf 86' lang='lat' dir='ltr'>et</span> <span class='ocrx_word' id='word_1_450' title='bbox 2939 1985 3144 2040; x_wconf 89' lang='lat' dir='ltr'><strong>parum</strong></span> <span class='ocrx_word' id='word_1_451' title='bbox 3207 1969 3373 2022; x_wconf 89' lang='lat' dir='ltr'><strong>abest</strong></span> <span class='ocrx_word' id='word_1_452' title='bbox 3419 1965 3560 2036; x_wconf 89' lang='lat' dir='ltr'><strong>quin</strong></span> <span class='ocrx_word' id='word_1_453' title='bbox 3610 1962 3738 2018; x_wconf 86' lang='lat' dir='ltr'><strong>istis</strong></span> 
     </span>
    </p>
   </div>
   <div class='ocr_carea' id='block_1_63' title="bbox 2098 2075 3737 2146">
    <p class='ocr_par' dir='ltr' id='par_1_63' title="bbox 2098 2075 3737 2146">
     <span class='ocr_line' id='line_1_63' title="bbox 2098 2075 3737 2146; baseline -0.009 -7"><span class='ocrx_word' id='word_1_454' title='bbox 2098 2081 2390 2139; x_wconf 89' lang='lat' dir='ltr'><strong>contraria</strong></span> <span class='ocrx_word' id='word_1_455' title='bbox 2434 2081 2707 2146; x_wconf 80' lang='lat' dir='ltr'><strong>sentiam,</strong></span> <span class='ocrx_word' id='word_1_456' title='bbox 2750 2078 2832 2132; x_wconf 90' lang='lat' dir='ltr'>tui</span> <span class='ocrx_word' id='word_1_457' title='bbox 2885 2092 3080 2132; x_wconf 88' lang='lat' dir='ltr'><strong>amore</strong></span> <span class='ocrx_word' id='word_1_458' title='bbox 3133 2075 3368 2139; x_wconf 88' lang='lat' dir='ltr'><strong>ductus,</strong></span> <span class='ocrx_word' id='word_1_459' title='bbox 3419 2076 3474 2128; x_wconf 89' lang='lat' dir='ltr'>et</span> <span class='ocrx_word' id='word_1_460' title='bbox 3543 2075 3737 2140; x_wconf 89' lang='lat' dir='ltr'><strong>putem</strong></span> 
     </span>
    </p>
   </div>
   <div class='ocr_carea' id='block_1_64' title="bbox 2103 2178 3743 2260">
    <p class='ocr_par' dir='ltr' id='par_1_64' title="bbox 2103 2178 3743 2260">
     <span class='ocr_line' id='line_1_64' title="bbox 2103 2178 3743 2260; baseline -0.009 -16"><span class='ocrx_word' id='word_1_461' title='bbox 2103 2194 2261 2244; x_wconf 90' lang='lat' dir='ltr'><strong>tuam</strong></span> <span class='ocrx_word' id='word_1_462' title='bbox 2300 2187 2546 2260; x_wconf 85' lang='lat' dir='ltr'><strong>patriam</strong></span> <span class='ocrx_word' id='word_1_463' title='bbox 2579 2202 2718 2241; x_wconf 69' lang='lat' dir='ltr'><strong>meae</strong></span> <span class='ocrx_word' id='word_1_464' title='bbox 2749 2184 2936 2256; x_wconf 86' lang='lat' dir='ltr'><strong>ipsius</strong></span> <span class='ocrx_word' id='word_1_465' title='bbox 2970 2181 3382 2255; x_wconf 71' lang='lat' dir='ltr'><strong>praeferendam</strong></span> <span class='ocrx_word' id='word_1_466' title='bbox 3414 2178 3743 2235; x_wconf 88' lang='lat' dir='ltr'><strong>esse.Sicut</strong></span> 
     </span>
    </p>
   </div>
   <div class='ocr_carea' id='block_1_65' title="bbox 2101 2283 3742 2365">
    <p class='ocr_par' dir='ltr' id='par_1_65' title="bbox 2101 2283 3742 2365">
     <span class='ocr_line' id='line_1_65' title="bbox 2101 2283 3742 2365; baseline -0.008 -16"><span class='ocrx_word' id='word_1_467' title='bbox 2101 2293 2256 2350; x_wconf 90' lang='lat' dir='ltr'><strong>enim</strong></span> <span class='ocrx_word' id='word_1_468' title='bbox 2309 2294 2470 2365; x_wconf 87' lang='lat' dir='ltr'><strong>prius</strong></span> <span class='ocrx_word' id='word_1_469' title='bbox 2505 2291 2812 2364; x_wconf 68' lang='lat' dir='ltr'><strong>praesentia</strong></span> <span class='ocrx_word' id='word_1_470' title='bbox 2849 2297 2943 2345; x_wconf 87' lang='lat' dir='ltr'>tua</span> <span class='ocrx_word' id='word_1_471' title='bbox 2977 2289 3143 2344; x_wconf 90' lang='lat' dir='ltr'><strong>nobis</strong></span> <span class='ocrx_word' id='word_1_472' title='bbox 3175 2290 3517 2341; x_wconf 85' lang='lat' dir='ltr'><strong>ornamento</strong></span> <span class='ocrx_word' id='word_1_473' title='bbox 3557 2283 3742 2349; x_wconf 80' lang='lat' dir='ltr'><strong>fuisti,</strong></span> 
     </span>
    </p>
   </div>
   <div class='ocr_carea' id='block_1_66' title="bbox 2101 2391 3743 2464">
    <p class='ocr_par' dir='ltr' id='par_1_66' title="bbox 2101 2391 3743 2464">
     <span class='ocr_line' id='line_1_66' title="bbox 2101 2391 3743 2464; baseline -0.007 -8"><span class='ocrx_word' id='word_1_474' title='bbox 2101 2408 2159 2456; x_wconf 90' lang='lat' dir='ltr'>et</span> <span class='ocrx_word' id='word_1_475' title='bbox 2189 2408 2252 2457; x_wconf 92' lang='lat' dir='ltr'>ut</span> <span class='ocrx_word' id='word_1_476' title='bbox 2292 2418 2493 2456; x_wconf 90' lang='lat' dir='ltr'><strong>omnes</strong></span> <span class='ocrx_word' id='word_1_477' title='bbox 2553 2401 2635 2454; x_wconf 92' lang='lat' dir='ltr'>tui</span> <span class='ocrx_word' id='word_1_478' title='bbox 2697 2414 2871 2453; x_wconf 87' lang='lat' dir='ltr'><strong>causa</strong></span> <span class='ocrx_word' id='word_1_479' title='bbox 2929 2397 3233 2451; x_wconf 90' lang='lat' dir='ltr'><strong>nobiscum</strong></span> <span class='ocrx_word' id='word_1_480' title='bbox 3293 2393 3508 2464; x_wconf 87' lang='lat' dir='ltr'><strong>gaudio</strong></span> <span class='ocrx_word' id='word_1_481' title='bbox 3557 2391 3743 2446; x_wconf 90' lang='lat' dir='ltr'><strong>indul-</strong></span> 
     </span>
    </p>
   </div>
   <div class='ocr_carea' id='block_1_67' title="bbox 2101 2504 3741 2581">
    <p class='ocr_par' dir='ltr' id='par_1_67' title="bbox 2101 2504 3741 2581">
     <span class='ocr_line' id='line_1_67' title="bbox 2101 2504 3741 2581; baseline -0.008 -16"><span class='ocrx_word' id='word_1_482' title='bbox 2101 2511 2337 2581; x_wconf 81' lang='lat' dir='ltr'><strong>gebant,</strong></span> <span class='ocrx_word' id='word_1_483' title='bbox 2388 2509 2472 2564; x_wconf 89' lang='lat' dir='ltr'>sic</span> <span class='ocrx_word' id='word_1_484' title='bbox 2521 2509 2621 2578; x_wconf 92' lang='lat' dir='ltr'><strong>qui</strong></span> <span class='ocrx_word' id='word_1_485' title='bbox 2676 2522 2834 2562; x_wconf 89' lang='lat' dir='ltr'><strong>nunc</strong></span> <span class='ocrx_word' id='word_1_486' title='bbox 2886 2511 2942 2560; x_wconf 89' lang='lat' dir='ltr'>te</span> <span class='ocrx_word' id='word_1_487' title='bbox 3001 2504 3322 2574; x_wconf 87' lang='lat' dir='ltr'><strong>possident,</strong></span> <span class='ocrx_word' id='word_1_488' title='bbox 3369 2515 3576 2570; x_wconf 85' lang='lat' dir='ltr'><strong>negare</strong></span> <span class='ocrx_word' id='word_1_489' title='bbox 3626 2515 3741 2553; x_wconf 91' lang='lat' dir='ltr'>non</span> 
     </span>
    </p>
   </div>
   <div class='ocr_carea' id='block_1_68' title="bbox 2107 2606 3745 2688">
    <p class='ocr_par' dir='ltr' id='par_1_68' title="bbox 2107 2606 3745 2688">
     <span class='ocr_line' id='line_1_68' title="bbox 2107 2606 3745 2688; baseline -0.008 -15"><span class='ocrx_word' id='word_1_490' title='bbox 2107 2622 2400 2688; x_wconf 87' lang='lat' dir='ltr'><strong>poterunt,</strong></span> <span class='ocrx_word' id='word_1_491' title='bbox 2429 2616 2708 2687; x_wconf 79' lang='lat' dir='ltr'><strong>grandem</strong></span> <span class='ocrx_word' id='word_1_492' title='bbox 2749 2629 2811 2670; x_wconf 90' lang='lat' dir='ltr'><strong>se</strong></span> <span class='ocrx_word' id='word_1_493' title='bbox 2840 2613 3179 2668; x_wconf 82' lang='lat' dir='ltr'><strong>thesaurum</strong></span> <span class='ocrx_word' id='word_1_494' title='bbox 3217 2607 3533 2679; x_wconf 88' lang='lat' dir='ltr'><strong>possidere.</strong></span> <span class='ocrx_word' id='word_1_495' title='bbox 3569 2606 3745 2660; x_wconf 90' lang='lat' dir='ltr'><strong>Nobis</strong></span> 
     </span>
    </p>
   </div>
   <div class='ocr_carea' id='block_1_69' title="bbox 2106 2714 3744 2797">
    <p class='ocr_par' dir='ltr' id='par_1_69' title="bbox 2106 2714 3744 2797">
     <span class='ocr_line' id='line_1_69' title="bbox 2106 2714 3744 2797; baseline -0.006 -21"><span class='ocrx_word' id='word_1_496' title='bbox 2106 2723 2342 2797; x_wconf 87' lang='lat' dir='ltr'><strong>quidem</strong></span> <span class='ocrx_word' id='word_1_497' title='bbox 2393 2723 2522 2792; x_wconf 79' lang='lat' dir='ltr'><strong>ipsa</strong></span> <span class='ocrx_word' id='word_1_498' title='bbox 2572 2720 2832 2775; x_wconf 87' lang='lat' dir='ltr'><strong>secunda</strong></span> <span class='ocrx_word' id='word_1_499' title='bbox 2879 2719 3104 2772; x_wconf 83' lang='lat' dir='ltr'><strong>fortuna</strong></span> <span class='ocrx_word' id='word_1_500' title='bbox 3151 2715 3276 2770; x_wconf 88' lang='lat' dir='ltr'><strong>sine</strong></span> <span class='ocrx_word' id='word_1_501' title='bbox 3323 2720 3377 2768; x_wconf 83' lang='lat' dir='ltr'>te</span> <span class='ocrx_word' id='word_1_502' title='bbox 3416 2714 3614 2767; x_wconf 91' lang='lat' dir='ltr'><strong>minus</strong></span> <span class='ocrx_word' id='word_1_503' title='bbox 3654 2727 3744 2767; x_wconf 88' lang='lat' dir='ltr'><strong>se-</strong></span> 
     </span>
    </p>
   </div>
   <div class='ocr_carea' id='block_1_70' title="bbox 2105 2818 3743 2893">
    <p class='ocr_par' dir='ltr' id='par_1_70' title="bbox 2105 2818 3743 2893">
     <span class='ocr_line' id='line_1_70' title="bbox 2105 2818 3743 2893; baseline -0.008 -9"><span class='ocrx_word' id='word_1_504' title='bbox 2105 2829 2296 2884; x_wconf 90' lang='lat' dir='ltr'><strong>cunda</strong></span> <span class='ocrx_word' id='word_1_505' title='bbox 2334 2829 2640 2884; x_wconf 84' lang='lat' dir='ltr'><strong>videretur.</strong></span> <span class='ocrx_word' id='word_1_506' title='bbox 2673 2829 2857 2893; x_wconf 85' lang='lat' dir='ltr'><strong>Quare</strong></span> <span class='ocrx_word' id='word_1_507' title='bbox 2905 2823 3185 2880; x_wconf 81' lang='lat' dir='ltr'><strong>tandem?</strong></span> <span class='ocrx_word' id='word_1_508' title='bbox 3223 2825 3358 2893; x_wconf 84' lang='lat' dir='ltr'><strong>quia</strong></span> <span class='ocrx_word' id='word_1_509' title='bbox 3388 2818 3743 2890; x_wconf 86' lang='lat' dir='ltr'><strong>voluptatem</strong></span> 
     </span>
    </p>
   </div>
   <div class='ocr_carea' id='block_1_71' title="bbox 2105 2926 3746 3007">
    <p class='ocr_par' dir='ltr' id='par_1_71' title="bbox 2105 2926 3746 3007">
     <span class='ocr_line' id='line_1_71' title="bbox 2105 2926 3746 3007; baseline -0.009 -16"><span class='ocrx_word' id='word_1_510' title='bbox 2105 2952 2222 3007; x_wconf 91' lang='lat' dir='ltr'>qua</span> <span class='ocrx_word' id='word_1_511' title='bbox 2280 2942 2335 2991; x_wconf 89' lang='lat' dir='ltr'>te</span> <span class='ocrx_word' id='word_1_512' title='bbox 2399 2936 2723 2990; x_wconf 86' lang='lat' dir='ltr'><strong>frueremur</strong></span> <span class='ocrx_word' id='word_1_513' title='bbox 2773 2937 3047 3004; x_wconf 60' lang='lat' dir='ltr'><strong>prasente</strong></span> <span class='ocrx_word' id='word_1_514' title='bbox 3087 2931 3262 3001; x_wconf 85' lang='lat' dir='ltr'><strong>(quod</strong></span> <span class='ocrx_word' id='word_1_515' title='bbox 3323 2943 3456 2982; x_wconf 88' lang='lat' dir='ltr'>cum</span> <span class='ocrx_word' id='word_1_516' title='bbox 3517 2926 3746 2980; x_wconf 75' lang='lat' dir='ltr'><strong>fortuna</strong></span> 
     </span>
    </p>
   </div>
   <div class='ocr_carea' id='block_1_72' title="bbox 2105 3034 3746 3113">
    <p class='ocr_par' dir='ltr' id='par_1_72' title="bbox 2105 3034 3746 3113">
     <span class='ocr_line' id='line_1_72' title="bbox 2105 3034 3746 3113; baseline -0.007 -15"><span class='ocrx_word' id='word_1_517' title='bbox 2105 3042 2488 3110; x_wconf 83' lang='lat' dir='ltr'><strong>certare,imo</strong></span> <span class='ocrx_word' id='word_1_518' title='bbox 2540 3041 2731 3113; x_wconf 88' lang='lat' dir='ltr'><strong>ipsam</strong></span> <span class='ocrx_word' id='word_1_519' title='bbox 2765 3041 2822 3094; x_wconf 91' lang='lat' dir='ltr'>in</span> <span class='ocrx_word' id='word_1_520' title='bbox 2874 3041 3064 3108; x_wconf 83' lang='lat' dir='ltr'><strong>majus</strong></span> <span class='ocrx_word' id='word_1_521' title='bbox 3100 3036 3301 3092; x_wconf 90' lang='lat' dir='ltr'><strong>tollere</strong></span> <span class='ocrx_word' id='word_1_522' title='bbox 3357 3034 3463 3102; x_wconf 82' lang='lat' dir='ltr'><strong>est)</strong></span> <span class='ocrx_word' id='word_1_523' title='bbox 3509 3034 3746 3088; x_wconf 83' lang='lat' dir='ltr'><strong>absente</strong></span> 
     </span>
    </p>
   </div>
   <div class='ocr_carea' id='block_1_73' title="bbox 2105 3140 3754 3224">
    <p class='ocr_par' dir='ltr' id='par_1_73' title="bbox 2105 3140 3754 3224">
     <span class='ocr_line' id='line_1_73' title="bbox 2105 3140 3754 3224; baseline -0.008 -18"><span class='ocrx_word' id='word_1_524' title='bbox 2105 3157 2160 3208; x_wconf 91' lang='lat' dir='ltr'>te</span> <span class='ocrx_word' id='word_1_525' title='bbox 2193 3169 2304 3206; x_wconf 89' lang='lat' dir='ltr'>non</span> <span class='ocrx_word' id='word_1_526' title='bbox 2347 3156 2737 3224; x_wconf 78' lang='lat' dir='ltr'><strong>gustaremus,</strong></span> <span class='ocrx_word' id='word_1_527' title='bbox 2771 3148 2911 3220; x_wconf 89' lang='lat' dir='ltr'><strong>quia</strong></span> <span class='ocrx_word' id='word_1_528' title='bbox 2966 3147 3094 3218; x_wconf 90' lang='lat' dir='ltr'><strong>ipsa</strong></span> <span class='ocrx_word' id='word_1_529' title='bbox 3124 3143 3391 3200; x_wconf 87' lang='lat' dir='ltr'><strong>absentia</strong></span> <span class='ocrx_word' id='word_1_530' title='bbox 3431 3147 3528 3197; x_wconf 87' lang='lat' dir='ltr'>tua</span> <span class='ocrx_word' id='word_1_531' title='bbox 3563 3140 3754 3194; x_wconf 87' lang='lat' dir='ltr'><strong>omni-</strong></span> 
     </span>
    </p>
   </div>
   <div class='ocr_carea' id='block_1_74' title="bbox 2111 3255 3751 3331">
    <p class='ocr_par' dir='ltr' id='par_1_74' title="bbox 2111 3255 3751 3331">
     <span class='ocr_line' id='line_1_74' title="bbox 2111 3255 3751 3331; baseline -0.01 -14"><span class='ocrx_word' id='word_1_532' title='bbox 2111 3262 2340 3317; x_wconf 83' lang='lat' dir='ltr'><strong>modam</strong></span> <span class='ocrx_word' id='word_1_533' title='bbox 2389 3261 2743 3331; x_wconf 87' lang='lat' dir='ltr'><strong>voluptatem</strong></span> <span class='ocrx_word' id='word_1_534' title='bbox 2795 3256 3166 3313; x_wconf 88' lang='lat' dir='ltr'><strong>diminueret.</strong></span> <span class='ocrx_word' id='word_1_535' title='bbox 3200 3258 3362 3309; x_wconf 83' lang='lat' dir='ltr'><strong>Nunc</strong></span> <span class='ocrx_word' id='word_1_536' title='bbox 3401 3255 3591 3305; x_wconf 88' lang='lat' dir='ltr'><strong>autem</strong></span> <span class='ocrx_word' id='word_1_537' title='bbox 3635 3263 3751 3302; x_wconf 86' lang='lat' dir='ltr'><strong>ma-</strong></span> 
     </span>
    </p>
   </div>
   <div class='ocr_carea' id='block_1_75' title="bbox 2107 3356 3749 3438">
    <p class='ocr_par' dir='ltr' id='par_1_75' title="bbox 2107 3356 3749 3438">
     <span class='ocr_line' id='line_1_75' title="bbox 2107 3356 3749 3438; baseline -0.01 -14"><span class='ocrx_word' id='word_1_538' title='bbox 2107 3371 2257 3424; x_wconf 91' lang='lat' dir='ltr'><strong>xime</strong></span> <span class='ocrx_word' id='word_1_539' title='bbox 2288 3369 2337 3422; x_wconf 88' lang='lat' dir='ltr'>si</span> <span class='ocrx_word' id='word_1_540' title='bbox 2367 3383 2625 3438; x_wconf 88' lang='lat' dir='ltr'><strong>unquam</strong></span> <span class='ocrx_word' id='word_1_541' title='bbox 2675 3367 2820 3421; x_wconf 81' lang='lat' dir='ltr'><strong>alias</strong></span> <span class='ocrx_word' id='word_1_542' title='bbox 2867 3363 3304 3418; x_wconf 84' lang='lat' dir='ltr'><strong>incantamenta</strong></span> <span class='ocrx_word' id='word_1_543' title='bbox 3336 3364 3391 3414; x_wconf 90' lang='lat' dir='ltr'>et</span> <span class='ocrx_word' id='word_1_544' title='bbox 3433 3356 3749 3428; x_wconf 80' lang='lat' dir='ltr'><strong>pharmace</strong></span> 
     </span>
    </p>
   </div>
   <div class='ocr_carea' id='block_1_76' title="bbox 2110 3463 3750 3548">
    <p class='ocr_par' dir='ltr' id='par_1_76' title="bbox 2110 3463 3750 3548">
     <span class='ocr_line' id='line_1_76' title="bbox 2110 3463 3750 3548; baseline -0.012 -16"><span class='ocrx_word' id='word_1_545' title='bbox 2110 3484 2212 3532; x_wconf 88' lang='lat' dir='ltr'>tua</span> <span class='ocrx_word' id='word_1_546' title='bbox 2259 3491 2355 3548; x_wconf 93' lang='lat' dir='ltr'>per</span> <span class='ocrx_word' id='word_1_547' title='bbox 2405 3475 2614 3528; x_wconf 76' lang='lat' dir='ltr'><strong>animis</strong></span> <span class='ocrx_word' id='word_1_548' title='bbox 2657 3472 2963 3526; x_wconf 85' lang='lat' dir='ltr'><strong>illecebras</strong></span> <span class='ocrx_word' id='word_1_549' title='bbox 3009 3473 3067 3524; x_wconf 88' lang='lat' dir='ltr'>et</span> <span class='ocrx_word' id='word_1_550' title='bbox 3106 3465 3350 3522; x_wconf 84' lang='lat' dir='ltr'><strong>artiﬁcia</strong></span> <span class='ocrx_word' id='word_1_551' title='bbox 3397 3463 3614 3534; x_wconf 82' lang='lat' dir='ltr'><strong>experti</strong></span> <span class='ocrx_word' id='word_1_552' title='bbox 3646 3477 3750 3515; x_wconf 89' lang='lat' dir='ltr'><strong>su—</strong></span> 
     </span>
    </p>
   </div>
   <div class='ocr_carea' id='block_1_77' title="bbox 2111 3570 3749 3647">
    <p class='ocr_par' dir='ltr' id='par_1_77' title="bbox 2111 3570 3749 3647">
     <span class='ocr_line' id='line_1_77' title="bbox 2111 3570 3749 3647; baseline -0.01 -7"><span class='ocrx_word' id='word_1_553' title='bbox 2111 3602 2263 3640; x_wconf 87' lang='lat' dir='ltr'><strong>mus.</strong></span> <span class='ocrx_word' id='word_1_554' title='bbox 2297 3582 2440 3639; x_wconf 84' lang='lat' dir='ltr'><strong>Nam</strong></span> <span class='ocrx_word' id='word_1_555' title='bbox 2493 3582 2681 3636; x_wconf 83' lang='lat' dir='ltr'><strong>malus</strong></span> <span class='ocrx_word' id='word_1_556' title='bbox 2728 3584 2951 3635; x_wconf 67' lang='lat' dir='ltr'><strong>damon</strong></span> <span class='ocrx_word' id='word_1_557' title='bbox 2998 3594 3106 3633; x_wconf 91' lang='lat' dir='ltr'>nos</span> <span class='ocrx_word' id='word_1_558' title='bbox 3150 3574 3474 3647; x_wconf 68' lang='lat' dir='ltr'><strong>praecipites</strong></span> <span class='ocrx_word' id='word_1_559' title='bbox 3499 3572 3634 3642; x_wconf 81' lang='lat' dir='ltr'><strong>egit,</strong></span> <span class='ocrx_word' id='word_1_560' title='bbox 3666 3570 3749 3624; x_wconf 90' lang='lat' dir='ltr'>sic</span> 
     </span>
    </p>
   </div>
   <div class='ocr_carea' id='block_1_78' title="bbox 2113 3681 3753 3764">
    <p class='ocr_par' dir='ltr' id='par_1_78' title="bbox 2113 3681 3753 3764">
     <span class='ocr_line' id='line_1_78' title="bbox 2113 3681 3753 3764; baseline -0.01 -18"><span class='ocrx_word' id='word_1_561' title='bbox 2113 3691 2426 3764; x_wconf 89' lang='lat' dir='ltr'><strong>pristinum</strong></span> <span class='ocrx_word' id='word_1_562' title='bbox 2463 3694 2680 3744; x_wconf 76' lang='lat' dir='ltr'><strong>statum</strong></span> <span class='ocrx_word' id='word_1_563' title='bbox 2705 3685 3137 3742; x_wconf 85' lang='lat' dir='ltr'><strong>calamitatibus</strong></span> <span class='ocrx_word' id='word_1_564' title='bbox 3185 3695 3561 3750; x_wconf 81' lang='lat' dir='ltr'><strong>compensare</strong></span> <span class='ocrx_word' id='word_1_565' title='bbox 3591 3681 3753 3731; x_wconf 90' lang='lat' dir='ltr'><strong>sata—</strong></span> 
     </span>
    </p>
   </div>
   <div class='ocr_carea' id='block_1_79' title="bbox 2115 3787 3753 3871">
    <p class='ocr_par' dir='ltr' id='par_1_79' title="bbox 2115 3787 3753 3871">
     <span class='ocr_line' id='line_1_79' title="bbox 2115 3787 3753 3871; baseline -0.01 -17"><span class='ocrx_word' id='word_1_566' title='bbox 2115 3815 2274 3871; x_wconf 81' lang='lat' dir='ltr'><strong>gens,</strong></span> <span class='ocrx_word' id='word_1_567' title='bbox 2319 3803 2376 3852; x_wconf 91' lang='lat' dir='ltr'>et</span> <span class='ocrx_word' id='word_1_568' title='bbox 2422 3812 2568 3851; x_wconf 91' lang='lat' dir='ltr'><strong>onus</strong></span> <span class='ocrx_word' id='word_1_569' title='bbox 2624 3794 2952 3864; x_wconf 91' lang='lat' dir='ltr'><strong>imponens,</strong></span> <span class='ocrx_word' id='word_1_570' title='bbox 2984 3790 3077 3847; x_wconf 89' lang='lat' dir='ltr'>cui</span> <span class='ocrx_word' id='word_1_571' title='bbox 3130 3787 3365 3844; x_wconf 89' lang='lat' dir='ltr'><strong>ferendo</strong></span> <span class='ocrx_word' id='word_1_572' title='bbox 3412 3801 3525 3840; x_wconf 91' lang='lat' dir='ltr'>non</span> <span class='ocrx_word' id='word_1_573' title='bbox 3587 3798 3753 3853; x_wconf 89' lang='lat' dir='ltr'><strong>pares</strong></span> 
     </span>
    </p>
   </div>
   <div class='ocr_carea' id='block_1_80' title="bbox 2113 3921 2370 3962">
    <p class='ocr_par' dir='ltr' id='par_1_80' title="bbox 2113 3921 2370 3962">
     <span class='ocr_line' id='line_1_80' title="bbox 2113 3921 2370 3962; baseline -0.012 -1"><span class='ocrx_word' id='word_1_574' title='bbox 2113 3921 2370 3962; x_wconf 88' lang='lat' dir='ltr'><strong>eramus.</strong></span> 
     </span>
    </p>
   </div>
   <div class='ocr_carea' id='block_1_81' title="bbox 2187 4105 3760 4184">
    <p class='ocr_par' dir='ltr' id='par_1_81' title="bbox 2187 4105 3760 4184">
     <span class='ocr_line' id='line_1_81' title="bbox 2187 4105 3760 4184; baseline -0.011 -9"><span class='ocrx_word' id='word_1_575' title='bbox 2187 4120 2295 4184; x_wconf 85' lang='lat' dir='ltr'><strong>Qui</strong></span> <span class='ocrx_word' id='word_1_576' title='bbox 2354 4118 2507 4173; x_wconf 87' lang='lat' dir='ltr'><strong>enim</strong></span> <span class='ocrx_word' id='word_1_577' title='bbox 2568 4118 2625 4171; x_wconf 93' lang='lat' dir='ltr'>in</span> <span class='ocrx_word' id='word_1_578' title='bbox 2689 4116 3082 4170; x_wconf 82' lang='lat' dir='ltr'><strong>Romanorum</strong></span> <span class='ocrx_word' id='word_1_579' title='bbox 3157 4105 3760 4181; x_wconf 85' lang='lat' dir='ltr'><strong>perniciemeSicilia</strong></span> 
     </span>
    </p>
   </div>
   <div class='ocr_carea' id='block_1_82' title="bbox 2117 4197 3756 4278">
    <p class='ocr_par' dir='ltr' id='par_1_82' title="bbox 2117 4197 3756 4278">
     <span class='ocr_line' id='line_1_82' title="bbox 2117 4197 3756 4278; baseline -0.01 -14"><span class='ocrx_word' id='word_1_580' title='bbox 2117 4210 2457 4266; x_wconf 79' lang='lat' dir='ltr'><strong>auxiliatum</strong></span> <span class='ocrx_word' id='word_1_581' title='bbox 2495 4205 2732 4278; x_wconf 85' lang='lat' dir='ltr'><strong>profecti</strong></span> <span class='ocrx_word' id='word_1_582' title='bbox 2783 4209 2966 4266; x_wconf 85' lang='lat' dir='ltr'><strong>erant,</strong></span> <span class='ocrx_word' id='word_1_583' title='bbox 2999 4203 3206 4256; x_wconf 89' lang='lat' dir='ltr'><strong>cohors</strong></span> <span class='ocrx_word' id='word_1_584' title='bbox 3251 4198 3446 4253; x_wconf 89' lang='lat' dir='ltr'><strong>italica</strong></span> <span class='ocrx_word' id='word_1_585' title='bbox 3477 4197 3712 4265; x_wconf 87' lang='lat' dir='ltr'><strong>inquam</strong></span> <span class='ocrx_word' id='word_1_586' title='bbox 3741 4213 3756 4262; x_wconf 89' lang='lat'><strong>;</strong></span> 
     </span>
    </p>
   </div>
   <div class='ocr_carea' id='block_1_83' title="bbox 2119 4285 3759 4372">
    <p class='ocr_par' dir='ltr' id='par_1_83' title="bbox 2119 4285 3759 4372">
     <span class='ocr_line' id='line_1_83' title="bbox 2119 4285 3759 4372; baseline -0.012 -17"><span class='ocrx_word' id='word_1_587' title='bbox 2119 4299 2412 4372; x_wconf 87' lang='lat' dir='ltr'><strong>quomodo</strong></span> <span class='ocrx_word' id='word_1_588' title='bbox 2460 4298 2708 4352; x_wconf 86' lang='lat' dir='ltr'><strong>Thracia</strong></span> <span class='ocrx_word' id='word_1_589' title='bbox 2755 4303 2808 4349; x_wconf 86' lang='lat' dir='ltr'>el</span> <span class='ocrx_word' id='word_1_590' title='bbox 2859 4294 3033 4348; x_wconf 86' lang='lat' dir='ltr'><strong>rebus</strong></span> <span class='ocrx_word' id='word_1_591' title='bbox 3081 4289 3350 4344; x_wconf 89' lang='lat' dir='ltr'><strong>thracicis</strong></span> <span class='ocrx_word' id='word_1_592' title='bbox 3405 4287 3494 4341; x_wconf 91' lang='lat' dir='ltr'>usi</span> <span class='ocrx_word' id='word_1_593' title='bbox 3530 4285 3759 4348; x_wconf 86' lang='lat' dir='ltr'><strong>fuerint,</strong></span> 
     </span>
    </p>
   </div>
   <div class='ocr_carea' id='block_1_84' title="bbox 2119 4374 3762 4459">
    <p class='ocr_par' dir='ltr' id='par_1_84' title="bbox 2119 4374 3762 4459">
     <span class='ocr_line' id='line_1_84' title="bbox 2119 4374 3762 4459; baseline -0.01 -17"><span class='ocrx_word' id='word_1_594' title='bbox 2119 4390 2350 4459; x_wconf 83' lang='lat' dir='ltr'><strong>qualem</strong></span> <span class='ocrx_word' id='word_1_595' title='bbox 2388 4387 2678 4458; x_wconf 84' lang='lat' dir='ltr'><strong>regionem</strong></span> <span class='ocrx_word' id='word_1_596' title='bbox 2712 4383 2956 4453; x_wconf 71' lang='lat' dir='ltr'><strong>Scythiae</strong></span> <span class='ocrx_word' id='word_1_597' title='bbox 3007 4383 3296 4435; x_wconf 88' lang='lat' dir='ltr'><strong>desertam</strong></span> <span class='ocrx_word' id='word_1_598' title='bbox 3347 4375 3674 4439; x_wconf 85' lang='lat' dir='ltr'><strong>habuerint,</strong></span> <span class='ocrx_word' id='word_1_599' title='bbox 3707 4374 3762 4427; x_wconf 90' lang='lat' dir='ltr'>id</span> 
     </span>
    </p>
   </div>
   <div class='ocr_carea' id='block_1_85' title="bbox 2120 4469 3765 4543">
    <p class='ocr_par' dir='ltr' id='par_1_85' title="bbox 2120 4469 3765 4543">
     <span class='ocr_line' id='line_1_85' title="bbox 2120 4469 3765 4543; baseline -0.01 -11"><span class='ocrx_word' id='word_1_600' title='bbox 2120 4482 2306 4533; x_wconf 85' lang='lat' dir='ltr'><strong>denuo</strong></span> <span class='ocrx_word' id='word_1_601' title='bbox 2355 4478 2564 4532; x_wconf 85' lang='lat' dir='ltr'><strong>referre</strong></span> <span class='ocrx_word' id='word_1_602' title='bbox 2614 4475 2793 4543; x_wconf 84' lang='lat' dir='ltr'><strong>hujus</strong></span> <span class='ocrx_word' id='word_1_603' title='bbox 2833 4472 2940 4526; x_wconf 91' lang='lat' dir='ltr'><strong>loci</strong></span> <span class='ocrx_word' id='word_1_604' title='bbox 2979 4488 3090 4524; x_wconf 89' lang='lat' dir='ltr'>non</span> <span class='ocrx_word' id='word_1_605' title='bbox 3139 4474 3242 4523; x_wconf 85' lang='lat' dir='ltr'><strong>est.</strong></span> <span class='ocrx_word' id='word_1_606' title='bbox 3278 4469 3411 4532; x_wconf 71' lang='lat' dir='ltr'><strong>Quae</strong></span> <span class='ocrx_word' id='word_1_607' title='bbox 3453 4470 3645 4519; x_wconf 81' lang='lat' dir='ltr'><strong>autem</strong></span> <span class='ocrx_word' id='word_1_608' title='bbox 3681 4478 3765 4516; x_wconf 90' lang='lat' dir='ltr'><strong>re-</strong></span> 
     </span>
    </p>
   </div>
   <div class='ocr_carea' id='block_1_86' title="bbox 359 4551 1995 4642">
    <p class='ocr_par' dir='ltr' id='par_1_86' title="bbox 359 4564 1993 4642">
     <span class='ocr_line' id='line_1_86' title="bbox 359 4564 1993 4642; baseline 0.001 -22"><span class='ocrx_word' id='word_1_609' title='bbox 359 4587 506 4620; x_wconf 87' lang='grc' dir='ltr'>σκων</span> <span class='ocrx_word' id='word_1_610' title='bbox 536 4564 688 4626; x_wconf 76' lang='grc' dir='ltr'>αὖθις</span> <span class='ocrx_word' id='word_1_611' title='bbox 717 4564 1014 4637; x_wconf 86' lang='grc' dir='ltr'>ταράττοι;</span> <span class='ocrx_word' id='word_1_612' title='bbox 1050 4566 1084 4619; x_wconf 76' lang='grc' dir='ltr'>ἃ</span> <span class='ocrx_word' id='word_1_613' title='bbox 1138 4565 1238 4642; x_wconf 81' lang='grc' dir='ltr'>γὰρ</span> <span class='ocrx_word' id='word_1_614' title='bbox 1290 4566 1389 4622; x_wconf 80' lang='grc' dir='ltr'>οὐκ</span> <span class='ocrx_word' id='word_1_615' title='bbox 1437 4567 1498 4621; x_wconf 81' lang='grc' dir='ltr'>ἃν</span> <span class='ocrx_word' id='word_1_616' title='bbox 1541 4569 1641 4636; x_wconf 79' lang='grc' dir='ltr'>τήν</span> <span class='ocrx_word' id='word_1_617' title='bbox 1693 4567 1872 4642; x_wconf 74' lang='grc' dir='ltr'>ἆρχῆν</span> <span class='ocrx_word' id='word_1_618' title='bbox 1906 4564 1993 4622; x_wconf 81' lang='grc' dir='ltr'>ἔδε</span> 
     </span>
    </p>
   </div>
   <div class='ocr_carea' id='block_1_87' title="bbox 2116 4551 3762 4642">
    <p class='ocr_par' dir='ltr' id='par_1_87' title="bbox 2126 4551 3762 4639">
     <span class='ocr_line' id='line_1_87' title="bbox 2126 4551 3762 4639; baseline -0.01 -19"><span class='ocrx_word' id='word_1_619' title='bbox 2126 4584 2264 4639; x_wconf 82' lang='lat' dir='ltr'><strong>gum</strong></span> <span class='ocrx_word' id='word_1_620' title='bbox 2299 4565 2647 4622; x_wconf 87' lang='lat' dir='ltr'><strong>constituere</strong></span> <span class='ocrx_word' id='word_1_621' title='bbox 2683 4579 2796 4616; x_wconf 86' lang='lat' dir='ltr'>non</span> <span class='ocrx_word' id='word_1_622' title='bbox 2832 4565 3097 4630; x_wconf 81' lang='lat' dir='ltr'><strong>poterant</strong></span> <span class='ocrx_word' id='word_1_623' title='bbox 3128 4560 3211 4626; x_wconf 92' lang='lat' dir='ltr'><strong>(et</strong></span> <span class='ocrx_word' id='word_1_624' title='bbox 3242 4559 3350 4612; x_wconf 90' lang='lat' dir='ltr'>hoc</span> <span class='ocrx_word' id='word_1_625' title='bbox 3374 4572 3484 4610; x_wconf 91' lang='lat' dir='ltr'>non</span> <span class='ocrx_word' id='word_1_626' title='bbox 3517 4551 3762 4621; x_wconf 83' lang='lat' dir='ltr'><strong>exempli</strong></span> 
     </span>
    </p>
   </div>
   <div class='ocr_carea' id='block_1_88' title="bbox 361 4650 2017 4731">
    <p class='ocr_par' dir='ltr' id='par_1_88' title="bbox 361 4650 2017 4731">
     <span class='ocr_line' id='line_1_88' title="bbox 361 4650 2017 4731; baseline 0.001 -22"><span class='ocrx_word' id='word_1_627' title='bbox 361 4661 627 4723; x_wconf 85' lang='grc' dir='ltr'>συστῆναι</span> <span class='ocrx_word' id='word_1_628' title='bbox 685 4650 842 4726; x_wconf 89' lang='grc' dir='ltr'>(μηδ’</span> <span class='ocrx_word' id='word_1_629' title='bbox 879 4654 956 4714; x_wconf 70' lang='grc' dir='ltr'>εἷς</span> <span class='ocrx_word' id='word_1_630' title='bbox 1014 4652 1363 4731; x_wconf 84' lang='grc' dir='ltr'>παράδειγμά</span> <span class='ocrx_word' id='word_1_631' title='bbox 1407 4676 1542 4710; x_wconf 88' lang='grc' dir='ltr'>ποτε</span> <span class='ocrx_word' id='word_1_632' title='bbox 1597 4656 1774 4725; x_wconf 81' lang='grc' dir='ltr'>πέσοι,</span> <span class='ocrx_word' id='word_1_633' title='bbox 1837 4659 1937 4730; x_wconf 78' lang='grc' dir='ltr'>μὴ,</span> <span class='ocrx_word' id='word_1_634' title='bbox 1972 4658 2017 4710; x_wconf 83' lang='grc' dir='ltr'>ὦ</span> 
     </span>
    </p>
   </div>
   <div class='ocr_carea' id='block_1_89' title="bbox 367 4740 2013 4820">
    <p class='ocr_par' dir='ltr' id='par_1_89' title="bbox 367 4740 2013 4820">
     <span class='ocr_line' id='line_1_89' title="bbox 367 4740 2013 4820; baseline -0.001 -19"><span class='ocrx_word' id='word_1_635' title='bbox 367 4750 580 4818; x_wconf 83' lang='grc' dir='ltr'>Σῶτερ,</span> <span class='ocrx_word' id='word_1_636' title='bbox 613 4745 714 4815; x_wconf 82' lang='grc' dir='ltr'>μὴ,</span> <span class='ocrx_word' id='word_1_637' title='bbox 767 4744 811 4795; x_wconf 86' lang='grc' dir='ltr'>ὦ</span> <span class='ocrx_word' id='word_1_638' title='bbox 860 4740 1167 4817; x_wconf 77' lang='grc' dir='ltr'>έλευθέριει</span> <span class='ocrx_word' id='word_1_639' title='bbox 1217 4744 1363 4814; x_wconf 74' lang='grc' dir='ltr'>ἀλλ’,</span> <span class='ocrx_word' id='word_1_640' title='bbox 1417 4743 1598 4820; x_wconf 81' lang='grc' dir='ltr'>ὥσπερ</span> <span class='ocrx_word' id='word_1_641' title='bbox 1643 4745 1754 4800; x_wconf 79' lang='grc' dir='ltr'>ἐστὶ</span> <span class='ocrx_word' id='word_1_642' title='bbox 1803 4751 2013 4820; x_wconf 80' lang='grc' dir='ltr'>πρῶτα,</span> 
     </span>
    </p>
   </div>
   <div class='ocr_carea' id='block_1_90' title="bbox 359 4831 2014 4911">
    <p class='ocr_par' dir='ltr' id='par_1_90' title="bbox 359 4831 2014 4911">
     <span class='ocr_line' id='line_1_90' title="bbox 359 4831 2014 4911; baseline 0.001 -24"><span class='ocrx_word' id='word_1_643' title='bbox 359 4835 454 4889; x_wconf 79' lang='grc' dir='ltr'>καὶ</span> <span class='ocrx_word' id='word_1_644' title='bbox 509 4833 648 4904; x_wconf 88' lang='grc' dir='ltr'>μόνα</span> <span class='ocrx_word' id='word_1_645' title='bbox 697 4831 958 4905; x_wconf 81' lang='grc' dir='ltr'>λέγοιτο),</span> <span class='ocrx_word' id='word_1_646' title='bbox 989 4838 1159 4889; x_wconf 81' lang='grc' dir='ltr'>ταῦτα</span> <span class='ocrx_word' id='word_1_647' title='bbox 1207 4831 1430 4908; x_wconf 84' lang='grc' dir='ltr'>κέρδους</span> <span class='ocrx_word' id='word_1_648' title='bbox 1477 4836 1716 4911; x_wconf 87' lang='grc' dir='ltr'>γίγνεται</span> <span class='ocrx_word' id='word_1_649' title='bbox 1748 4836 1810 4889; x_wconf 85' lang='grc' dir='ltr'>τὸ</span> <span class='ocrx_word' id='word_1_650' title='bbox 1843 4840 2014 4909; x_wconf 81' lang='grc' dir='ltr'>σιγᾷν,</span> 
     </span>
    </p>
   </div>
   <div class='ocr_carea' id='block_1_91' title="bbox 439 4920 2015 5000">
    <p class='ocr_par' dir='ltr' id='par_1_91' title="bbox 439 4920 2015 5000">
     <span class='ocr_line' id='line_1_91' title="bbox 439 4920 2015 5000; baseline 0 -22"><span class='ocrx_word' id='word_1_651' title='bbox 439 4920 620 4988; x_wconf 82' lang='grc' dir='ltr'>Ἀλλ’,</span> <span class='ocrx_word' id='word_1_652' title='bbox 670 4921 853 4994; x_wconf 85' lang='grc' dir='ltr'>ὥσπερ</span> <span class='ocrx_word' id='word_1_653' title='bbox 921 4922 1156 4977; x_wconf 80' lang='grc' dir='ltr'>έκεινωνὶ</span> <span class='ocrx_word' id='word_1_654' title='bbox 1213 4925 1581 5000; x_wconf 87' lang='grc' dir='ltr'>καταγνόντες,</span> <span class='ocrx_word' id='word_1_655' title='bbox 1639 4925 1729 4979; x_wconf 83' lang='grc' dir='ltr'>καὶ</span> <span class='ocrx_word' id='word_1_656' title='bbox 1797 4925 2015 4994; x_wconf 80' lang='grc' dir='ltr'>ἀληθῶς</span> 
     </span>
    </p>
   </div>
   <div class='ocr_carea' id='block_1_92' title="bbox 359 5009 2020 5088">
    <p class='ocr_par' dir='ltr' id='par_1_92' title="bbox 359 5009 2020 5088">
     <span class='ocr_line' id='line_1_92' title="bbox 359 5009 2020 5088; baseline -0.001 -21"><span class='ocrx_word' id='word_1_657' title='bbox 359 5010 734 5085; x_wconf 87' lang='grc' dir='ltr'>καταγνόντες,</span> <span class='ocrx_word' id='word_1_658' title='bbox 795 5011 868 5072; x_wconf 81' lang='grc' dir='ltr'>ὡς</span> <span class='ocrx_word' id='word_1_659' title='bbox 933 5011 1042 5088; x_wconf 86' lang='grc' dir='ltr'>ούχ</span> <span class='ocrx_word' id='word_1_660' title='bbox 1121 5012 1318 5067; x_wconf 75' lang='grc' dir='ltr'>ἱκανῶν</span> <span class='ocrx_word' id='word_1_661' title='bbox 1391 5010 1465 5068; x_wconf 76' lang='grc' dir='ltr'>ἔτ’</span> <span class='ocrx_word' id='word_1_662' title='bbox 1522 5009 1690 5068; x_wconf 76' lang='grc' dir='ltr'>ὄντων</span> <span class='ocrx_word' id='word_1_663' title='bbox 1775 5013 2020 5088; x_wconf 82' lang='grc' dir='ltr'>ἀντέχειν</span> 
     </span>
    </p>
   </div>
   <div class='ocr_carea' id='block_1_93' title="bbox 363 5096 2021 5178">
    <p class='ocr_par' dir='ltr' id='par_1_93' title="bbox 363 5096 2021 5178">
     <span class='ocr_line' id='line_1_93' title="bbox 363 5096 2021 5178; baseline 0.001 -22"><span class='ocrx_word' id='word_1_664' title='bbox 363 5099 609 5175; x_wconf 77' lang='grc' dir='ltr'>(μᾶλλον</span> <span class='ocrx_word' id='word_1_665' title='bbox 639 5098 696 5155; x_wconf 77' lang='grc' dir='ltr'>δὲ</span> <span class='ocrx_word' id='word_1_666' title='bbox 727 5097 881 5154; x_wconf 71' lang='grc' dir='ltr'>οὐδὲν</span> <span class='ocrx_word' id='word_1_667' title='bbox 940 5096 1051 5155; x_wconf 77' lang='grc' dir='ltr'>ἔσθ’</span> <span class='ocrx_word' id='word_1_668' title='bbox 1083 5103 1112 5156; x_wconf 86' lang='grc' dir='ltr'>’ὁ</span> <span class='ocrx_word' id='word_1_669' title='bbox 1164 5099 1358 5172; x_wconf 78' lang='grc' dir='ltr'>δέξαιτ’</span> <span class='ocrx_word' id='word_1_670' title='bbox 1388 5102 1446 5157; x_wconf 72' lang='grc' dir='ltr'>ἂν</span> <span class='ocrx_word' id='word_1_671' title='bbox 1478 5105 1677 5178; x_wconf 75' lang='grc' dir='ltr'>φθοράν</span> <span class='ocrx_word' id='word_1_672' title='bbox 1740 5107 1836 5157; x_wconf 85' lang='grc' dir='ltr'>τοῦ</span> <span class='ocrx_word' id='word_1_673' title='bbox 1893 5101 2021 5157; x_wconf 89' lang='grc' dir='ltr'>λοι-</span> 
     </span>
    </p>
   </div>
   <div class='ocr_carea' id='block_1_94' title="bbox 361 5187 2023 5267">
    <p class='ocr_par' dir='ltr' id='par_1_94' title="bbox 361 5187 2023 5267">
     <span class='ocr_line' id='line_1_94' title="bbox 361 5187 2023 5267; baseline 0 -21"><span class='ocrx_word' id='word_1_674' title='bbox 361 5194 496 5257; x_wconf 85' lang='grc' dir='ltr'>ποῦ,</span> <span class='ocrx_word' id='word_1_675' title='bbox 553 5189 804 5244; x_wconf 83' lang='grc' dir='ltr'>ἁπάντων</span> <span class='ocrx_word' id='word_1_676' title='bbox 857 5187 1026 5264; x_wconf 78' lang='grc' dir='ltr'>ἄρδην</span> <span class='ocrx_word' id='word_1_677' title='bbox 1068 5188 1486 5264; x_wconf 81' lang='grc' dir='ltr'>ἀπολωλότων),</span> <span class='ocrx_word' id='word_1_678' title='bbox 1539 5187 1798 5252; x_wconf 77' lang='grc' dir='ltr'>λαϐόντες</span> <span class='ocrx_word' id='word_1_679' title='bbox 1833 5193 2023 5267; x_wconf 81' lang='grc' dir='ltr'>Ἀχαι-</span> 
     </span>
    </p>
   </div>
   <div class='ocr_carea' id='block_1_95' title="bbox 443 5350 1140 5420">
    <p class='ocr_par' dir='ltr' id='par_1_95' title="bbox 443 5350 1140 5420">
     <span class='ocr_line' id='line_1_95' title="bbox 443 5350 1140 5420; baseline -0.003 -14"><span class='ocrx_word' id='word_1_680' title='bbox 443 5351 524 5420; x_wconf 92' lang='grc'>(5)</span> <span class='ocrx_word' id='word_1_681' title='bbox 564 5354 798 5406; x_wconf 84' lang='lat' dir='ltr'><strong>Homer.</strong></span> <span class='ocrx_word' id='word_1_682' title='bbox 835 5350 928 5406; x_wconf 90' lang='lat' dir='ltr'><strong>0d.</strong></span> <span class='ocrx_word' id='word_1_683' title='bbox 969 5352 1017 5417; x_wconf 87' lang='grc'>1,</span> <span class='ocrx_word' id='word_1_684' title='bbox 1052 5352 1140 5406; x_wconf 79' lang='grc'>34.</span> 
     </span>
    </p>
   </div>
   <div class='ocr_carea' id='block_1_96' title="bbox 441 5422 2021 5494">
    <p class='ocr_par' dir='ltr' id='par_1_96' title="bbox 441 5422 2021 5494">
     <span class='ocr_line' id='line_1_96' title="bbox 441 5422 2021 5494; baseline 0.002 -17"><span class='ocrx_word' id='word_1_685' title='bbox 441 5423 546 5494; x_wconf 81' lang='grc'>(5⁸)</span> <span class='ocrx_word' id='word_1_686' title='bbox 569 5422 764 5494; x_wconf 73' lang='lat' dir='ltr'><strong>Deest</strong></span> <span class='ocrx_word' id='word_1_687' title='bbox 793 5422 1083 5492; x_wconf 86' lang='lat' dir='ltr'><strong>nonnihil,</strong></span> <span class='ocrx_word' id='word_1_688' title='bbox 1119 5423 1357 5479; x_wconf 87' lang='lat' dir='ltr'><strong>forsitan</strong></span> <span class='ocrx_word' id='word_1_689' title='bbox 1407 5425 1734 5481; x_wconf 86' lang='lat' dir='ltr'><strong>Chandreni</strong></span> <span class='ocrx_word' id='word_1_690' title='bbox 1788 5441 2021 5493; x_wconf 88' lang='lat' dir='ltr'><strong>nomen,</strong></span> 
     </span>
    </p>
   </div>
   <div class='ocr_carea' id='block_1_97' title="bbox 368 5492 863 5553">
    <p class='ocr_par' dir='ltr' id='par_1_97' title="bbox 368 5492 863 5553">
     <span class='ocr_line' id='line_1_97' title="bbox 368 5492 863 5553; baseline -0.016 0"><span class='ocrx_word' id='word_1_691' title='bbox 368 5498 458 5553; x_wconf 85' lang='lat' dir='ltr'>vel</span> <span class='ocrx_word' id='word_1_692' title='bbox 491 5492 658 5550; x_wconf 84' lang='lat' dir='ltr'><strong>ducis</strong></span> <span class='ocrx_word' id='word_1_693' title='bbox 691 5492 863 5548; x_wconf 83' lang='lat' dir='ltr'><strong>alius.</strong></span> 
     </span>
    </p>
   </div>
   <div class='ocr_carea' id='block_1_98' title="bbox 443 5563 1700 5635">
    <p class='ocr_par' dir='ltr' id='par_1_98' title="bbox 443 5563 1700 5635">
     <span class='ocr_line' id='line_1_98' title="bbox 443 5563 1700 5635; baseline 0.003 -15"><span class='ocrx_word' id='word_1_694' title='bbox 443 5567 520 5635; x_wconf 90' lang='lat'>(6)</span> <span class='ocrx_word' id='word_1_695' title='bbox 536 5566 630 5620; x_wconf 87' lang='lat' dir='ltr'><strong>Sic</strong></span> <span class='ocrx_word' id='word_1_696' title='bbox 662 5565 792 5620; x_wconf 92' lang='lat' dir='ltr'><strong>cod.</strong></span> <span class='ocrx_word' id='word_1_697' title='bbox 826 5563 1004 5620; x_wconf 85' lang='lat' dir='ltr'><strong>Elisio</strong></span> <span class='ocrx_word' id='word_1_698' title='bbox 1029 5563 1250 5620; x_wconf 65' lang='lat' dir='ltr'><strong>lacunae</strong></span> <span class='ocrx_word' id='word_1_699' title='bbox 1282 5571 1370 5622; x_wconf 91' lang='lat' dir='ltr'>est</span> <span class='ocrx_word' id='word_1_700' title='bbox 1399 5567 1700 5626; x_wconf 88' lang='lat' dir='ltr'><strong>indicium.</strong></span> 
     </span>
    </p>
   </div>
   <div class='ocr_carea' id='block_1_99' title="bbox 443 5635 1810 5710">
    <p class='ocr_par' dir='ltr' id='par_1_99' title="bbox 443 5635 1810 5710">
     <span class='ocr_line' id='line_1_99' title="bbox 443 5635 1810 5710; baseline 0.003 -18"><span class='ocrx_word' id='word_1_701' title='bbox 443 5641 526 5709; x_wconf 85' lang='lat'>(‘7)</span> <span class='ocrx_word' id='word_1_702' title='bbox 555 5635 818 5694; x_wconf 77' lang='lat' dir='ltr'><strong>Catalani</strong></span> <span class='ocrx_word' id='word_1_703' title='bbox 847 5636 1143 5693; x_wconf 88' lang='lat' dir='ltr'><strong>historicis</strong></span> <span class='ocrx_word' id='word_1_704' title='bbox 1174 5638 1518 5710; x_wconf 88' lang='lat' dir='ltr'><strong>plerumque</strong></span> <span class='ocrx_word' id='word_1_705' title='bbox 1543 5641 1810 5697; x_wconf 87' lang='lat' dir='ltr'><strong>audiunt.</strong></span> 
     </span>
    </p>
   </div>
   <div class='ocr_carea' id='block_1_100' title="bbox 2129 4639 3765 4727">
    <p class='ocr_par' dir='ltr' id='par_1_100' title="bbox 2129 4639 3765 4727">
     <span class='ocr_line' id='line_1_100' title="bbox 2129 4639 3765 4727; baseline -0.011 -16"><span class='ocrx_word' id='word_1_706' title='bbox 2129 4673 2264 4727; x_wconf 81' lang='lat' dir='ltr'><strong>ergo</strong></span> <span class='ocrx_word' id='word_1_707' title='bbox 2304 4654 2570 4717; x_wconf 82' lang='lat' dir='ltr'><strong>dixerim,</strong></span> <span class='ocrx_word' id='word_1_708' title='bbox 2603 4669 2634 4708; x_wconf 93' lang='grc' dir='ltr'>ο</span> <span class='ocrx_word' id='word_1_709' title='bbox 2668 4655 2926 4707; x_wconf 87' lang='lat' dir='ltr'><strong>servator</strong></span> <span class='ocrx_word' id='word_1_710' title='bbox 2956 4659 3008 4703; x_wconf 89' lang='lat' dir='ltr'>et</span> <span class='ocrx_word' id='word_1_711' title='bbox 3058 4648 3289 4702; x_wconf 87' lang='lat' dir='ltr'><strong>liberale</strong></span> <span class='ocrx_word' id='word_1_712' title='bbox 3322 4649 3516 4715; x_wconf 87' lang='lat' dir='ltr'><strong>caput,</strong></span> <span class='ocrx_word' id='word_1_713' title='bbox 3548 4642 3647 4696; x_wconf 89' lang='lat' dir='ltr'>sed</span> <span class='ocrx_word' id='word_1_714' title='bbox 3681 4639 3765 4694; x_wconf 91' lang='lat' dir='ltr'><strong>si-</strong></span> 
     </span>
    </p>
   </div>
   <div class='ocr_carea' id='block_1_101' title="bbox 2129 4731 3765 4814">
    <p class='ocr_par' dir='ltr' id='par_1_101' title="bbox 2129 4731 3765 4814">
     <span class='ocr_line' id='line_1_101' title="bbox 2129 4731 3765 4814; baseline -0.01 -15"><span class='ocrx_word' id='word_1_715' title='bbox 2129 4751 2227 4799; x_wconf 91' lang='lat' dir='ltr'>cut</span> <span class='ocrx_word' id='word_1_716' title='bbox 2258 4744 2429 4814; x_wconf 89' lang='lat' dir='ltr'><strong>priori</strong></span> <span class='ocrx_word' id='word_1_717' title='bbox 2464 4742 2585 4796; x_wconf 89' lang='lat' dir='ltr'><strong>loco</strong></span> <span class='ocrx_word' id='word_1_718' title='bbox 2621 4743 2766 4794; x_wconf 85' lang='lat' dir='ltr'><strong>facta</strong></span> <span class='ocrx_word' id='word_1_719' title='bbox 2797 4748 2954 4796; x_wconf 81' lang='lat' dir='ltr'><strong>sunt.</strong></span> <span class='ocrx_word' id='word_1_720' title='bbox 2978 4738 3060 4791; x_wconf 82' lang='lat' dir='ltr'>sic</span> <span class='ocrx_word' id='word_1_721' title='bbox 3082 4739 3232 4791; x_wconf 87' lang='lat' dir='ltr'><strong>dicta</strong></span> <span class='ocrx_word' id='word_1_722' title='bbox 3261 4733 3559 4802; x_wconf 85' lang='lat' dir='ltr'><strong>sunto),ea</strong></span> <span class='ocrx_word' id='word_1_723' title='bbox 3582 4731 3765 4784; x_wconf 87' lang='lat' dir='ltr'><strong>satius</strong></span> 
     </span>
    </p>
   </div>
   <div class='ocr_carea' id='block_1_102' title="bbox 2130 4831 2814 4902">
    <p class='ocr_par' dir='ltr' id='par_1_102' title="bbox 2130 4831 2814 4902">
     <span class='ocr_line' id='line_1_102' title="bbox 2130 4831 2814 4902; baseline -0.01 -14"><span class='ocrx_word' id='word_1_724' title='bbox 2130 4842 2217 4888; x_wconf 88' lang='lat' dir='ltr'>est</span> <span class='ocrx_word' id='word_1_725' title='bbox 2240 4833 2467 4887; x_wconf 89' lang='lat' dir='ltr'><strong>silentio</strong></span> <span class='ocrx_word' id='word_1_726' title='bbox 2502 4831 2814 4902; x_wconf 71' lang='lat' dir='ltr'><strong>praeterire.</strong></span> 
     </span>
    </p>
   </div>
   <div class='ocr_carea' id='block_1_103' title="bbox 2200 4907 3875 4984">
    <p class='ocr_par' dir='ltr' id='par_1_103' title="bbox 2200 4907 3875 4984">
     <span class='ocr_line' id='line_1_103' title="bbox 2200 4907 3875 4984; baseline -0.01 -7"><span class='ocrx_word' id='word_1_727' title='bbox 2200 4923 2328 4977; x_wconf 88' lang='lat' dir='ltr'><strong>Jam</strong></span> <span class='ocrx_word' id='word_1_728' title='bbox 2366 4938 2518 4983; x_wconf 83' lang='lat' dir='ltr'><strong>vero,</strong></span> <span class='ocrx_word' id='word_1_729' title='bbox 2555 4920 2875 4974; x_wconf 80' lang='lat' dir='ltr'><strong>secundum</strong></span> <span class='ocrx_word' id='word_1_730' title='bbox 2919 4933 3024 4970; x_wconf 89' lang='lat' dir='ltr'>nos</span> <span class='ocrx_word' id='word_1_731' title='bbox 3058 4913 3255 4984; x_wconf 89' lang='lat' dir='ltr'><strong>procul</strong></span> <span class='ocrx_word' id='word_1_732' title='bbox 3289 4911 3467 4964; x_wconf 91' lang='lat' dir='ltr'><strong>dubio</strong></span> <span class='ocrx_word' id='word_1_733' title='bbox 3499 4909 3768 4964; x_wconf 86' lang='lat' dir='ltr'><strong>resistere</strong></span> <span class='ocrx_word' id='word_1_734' title='bbox 3872 4907 3875 4910; x_wconf 83' lang='grc'><em>’</em></span> 
     </span>
    </p>
   </div>
   <div class='ocr_carea' id='block_1_104' title="bbox 2130 4997 3769 5082">
    <p class='ocr_par' dir='ltr' id='par_1_104' title="bbox 2130 4997 3769 5082">
     <span class='ocr_line' id='line_1_104' title="bbox 2130 4997 3769 5082; baseline -0.01 -16"><span class='ocrx_word' id='word_1_735' title='bbox 2130 5027 2242 5066; x_wconf 90' lang='lat' dir='ltr'>non</span> <span class='ocrx_word' id='word_1_736' title='bbox 2279 5014 2526 5082; x_wconf 77' lang='lat' dir='ltr'><strong>possunt</strong></span> <span class='ocrx_word' id='word_1_737' title='bbox 2554 5007 2793 5079; x_wconf 84' lang='lat' dir='ltr'><strong>(quippe</strong></span> <span class='ocrx_word' id='word_1_738' title='bbox 2825 5009 2952 5076; x_wconf 87' lang='lat' dir='ltr'><strong>ejus</strong></span> <span class='ocrx_word' id='word_1_739' title='bbox 2985 5019 3225 5075; x_wconf 90' lang='lat' dir='ltr'><strong>prorsus</strong></span> <span class='ocrx_word' id='word_1_740' title='bbox 3258 5015 3491 5072; x_wconf 89' lang='lat' dir='ltr'><strong>pessum</strong></span> <span class='ocrx_word' id='word_1_741' title='bbox 3517 4997 3769 5066; x_wconf 88' lang='lat' dir='ltr'><strong>iverunt)</strong></span> 
     </span>
    </p>
   </div>
   <div class='ocr_carea' id='block_1_105' title="bbox 2131 5089 3770 5170">
    <p class='ocr_par' dir='ltr' id='par_1_105' title="bbox 2131 5089 3770 5170">
     <span class='ocr_line' id='line_1_105' title="bbox 2131 5089 3770 5170; baseline -0.01 -15"><span class='ocrx_word' id='word_1_742' title='bbox 2131 5101 2381 5170; x_wconf 87' lang='lat' dir='ltr'><strong>receptis</strong></span> <span class='ocrx_word' id='word_1_743' title='bbox 2413 5100 2472 5152; x_wconf 87' lang='lat' dir='ltr'>in</span> <span class='ocrx_word' id='word_1_744' title='bbox 2523 5099 2851 5152; x_wconf 80' lang='lat' dir='ltr'><strong>societatem</strong></span> <span class='ocrx_word' id='word_1_745' title='bbox 2905 5091 3332 5149; x_wconf 70' lang='lat' dir='ltr'><strong>Acbzrmenidis</strong></span> <span class='ocrx_word' id='word_1_746' title='bbox 3365 5089 3634 5142; x_wconf 85' lang='lat' dir='ltr'><strong>hostibus</strong></span> <span class='ocrx_word' id='word_1_747' title='bbox 3663 5103 3770 5140; x_wconf 88' lang='lat' dir='ltr'><strong>an-</strong></span> 
     </span>
    </p>
   </div>
   <div class='ocr_carea' id='block_1_106' title="bbox 2130 5177 3772 5261">
    <p class='ocr_par' dir='ltr' id='par_1_106' title="bbox 2130 5177 3772 5261">
     <span class='ocr_line' id='line_1_106' title="bbox 2130 5177 3772 5261; baseline -0.008 -18"><span class='ocrx_word' id='word_1_748' title='bbox 2130 5191 2332 5261; x_wconf 86' lang='lat' dir='ltr'><strong>tiquis,</strong></span> <span class='ocrx_word' id='word_1_749' title='bbox 2367 5203 2613 5259; x_wconf 88' lang='lat' dir='ltr'><strong>quorum</strong></span> <span class='ocrx_word' id='word_1_750' title='bbox 2663 5184 3035 5240; x_wconf 89' lang='lat' dir='ltr'><strong>insolentiam</strong></span> <span class='ocrx_word' id='word_1_751' title='bbox 3071 5181 3297 5252; x_wconf 87' lang='lat' dir='ltr'><strong>prOpria</strong></span> <span class='ocrx_word' id='word_1_752' title='bbox 3331 5177 3571 5233; x_wconf 78' lang='lat' dir='ltr'><strong>audacia</strong></span> <span class='ocrx_word' id='word_1_753' title='bbox 3601 5189 3772 5230; x_wconf 86' lang='lat' dir='ltr'><strong>auxe-</strong></span> 
     </span>
    </p>
   </div>
   <div class='ocr_carea' id='block_1_107' title="bbox 2203 5339 3773 5422">
    <p class='ocr_par' dir='ltr' id='par_1_107' title="bbox 2203 5339 3773 5422">
     <span class='ocr_line' id='line_1_107' title="bbox 2203 5339 3773 5422; baseline -0.01 -16"><span class='ocrx_word' id='word_1_754' title='bbox 2203 5354 2284 5422; x_wconf 93' lang='lat'>(8)</span> <span class='ocrx_word' id='word_1_755' title='bbox 2308 5349 2684 5422; x_wconf 83' lang='lat' dir='ltr'><strong>Proverbium</strong></span> <span class='ocrx_word' id='word_1_756' title='bbox 2733 5351 2823 5422; x_wconf 84' lang='lat' dir='ltr'>est</span> <span class='ocrx_word' id='word_1_757' title='bbox 2868 5341 3250 5422; x_wconf 70' lang='lat' dir='ltr'><strong>notum._Nic.</strong></span> <span class='ocrx_word' id='word_1_758' title='bbox 3303 5341 3601 5422; x_wconf 68' lang='lat' dir='ltr'><strong>Gregoras,</strong></span> <span class='ocrx_word' id='word_1_759' title='bbox 3636 5339 3773 5422; x_wconf 57' lang='lat' dir='ltr'><strong>fit“.</strong></span> 
     </span>
    </p>
   </div>
   <div class='ocr_carea' id='block_1_108' title="bbox 2134 5410 3774 5492">
    <p class='ocr_par' dir='ltr' id='par_1_108' title="bbox 2134 5410 3774 5492">
     <span class='ocr_line' id='line_1_108' title="bbox 2134 5410 3774 5492; baseline -0.011 -13"><span class='ocrx_word' id='word_1_760' title='bbox 2134 5425 2188 5492; x_wconf 89' lang='grc'>1,</span> <span class='ocrx_word' id='word_1_761' title='bbox 2210 5410 2278 5491; x_wconf 62' lang='grc'>’2,</span> <span class='ocrx_word' id='word_1_762' title='bbox 2307 5425 2362 5484; x_wconf 80' lang='grc'>5,</span> <span class='ocrx_word' id='word_1_763' title='bbox 2395 5422 2463 5476; x_wconf 89' lang='lat' dir='ltr'>de</span> <span class='ocrx_word' id='word_1_764' title='bbox 2493 5420 2718 5492; x_wconf 85' lang='lat' dir='ltr'><strong>Joanne</strong></span> <span class='ocrx_word' id='word_1_765' title='bbox 2775 5419 2987 5492; x_wconf 56' lang='lat' dir='ltr'><strong>Asane,</strong></span> <span class='ocrx_word' id='word_1_766' title='bbox 3020 5413 3400 5492; x_wconf 69' lang='lat' dir='ltr'><strong>Bulgarorum</strong></span> <span class='ocrx_word' id='word_1_767' title='bbox 3421 5410 3512 5492; x_wconf 43' lang='lat' dir='ltr'><strong>ac.</strong></span> <span class='ocrx_word' id='word_1_768' title='bbox 3532 5410 3774 5492; x_wconf 64' lang='lat' dir='ltr'><strong>scythe-</strong></span> 
     </span>
    </p>
   </div>
   <div class='ocr_carea' id='block_1_109' title="bbox 2134 5477 3773 5560">
    <p class='ocr_par' dir='ltr' id='par_1_109' title="bbox 2134 5477 3773 5560">
     <span class='ocr_line' id='line_1_109' title="bbox 2134 5477 3773 5560; baseline -0.013 -10"><span class='ocrx_word' id='word_1_769' title='bbox 2134 5477 2276 5550; x_wconf 48' lang='lat' dir='ltr'><strong>rum,</strong></span> <span class='ocrx_word' id='word_1_770' title='bbox 2307 5477 2451 5548; x_wconf 73' lang='lat' dir='ltr'><strong>duce</strong></span> <span class='ocrx_word' id='word_1_771' title='bbox 2496 5509 2509 5546; x_wconf 90' lang='lat'>:</span> <span class='ocrx_word' id='word_1_772' title='bbox 2563 5488 2742 5560; x_wconf 79' lang='grc' dir='ltr'>Πάντα</span> <span class='ocrx_word' id='word_1_773' title='bbox 2790 5477 2989 5560; x_wconf 78' lang='grc' dir='ltr'>ῥᾳδίως</span> <span class='ocrx_word' id='word_1_774' title='bbox 3037 5477 3442 5557; x_wconf 69' lang='grc' dir='ltr'>κατέδραμεν...</span> <span class='ocrx_word' id='word_1_775' title='bbox 3494 5480 3692 5560; x_wconf 41' lang='grc' dir='ltr'>ὁπόσα,</span> <span class='ocrx_word' id='word_1_776' title='bbox 3721 5477 3773 5530; x_wconf 84' lang='grc' dir='ltr'>έν</span> 
     </span>
    </p>
   </div>
   <div class='ocr_carea' id='block_1_110' title="bbox 2133 5551 3775 5637">
    <p class='ocr_par' dir='ltr' id='par_1_110' title="bbox 2133 5551 3775 5637">
     <span class='ocr_line' id='line_1_110' title="bbox 2133 5551 3775 5637; baseline -0.01 -18"><span class='ocrx_word' id='word_1_777' title='bbox 2133 5564 2351 5637; x_wconf 86' lang='grc' dir='ltr'>κώμαις</span> <span class='ocrx_word' id='word_1_778' title='bbox 2408 5561 2497 5637; x_wconf 81' lang='grc' dir='ltr'>καὶ</span> <span class='ocrx_word' id='word_1_779' title='bbox 2527 5559 2747 5637; x_wconf 32' lang='grc' dir='ltr'>Απόλεσι</span> <span class='ocrx_word' id='word_1_780' title='bbox 2790 5551 2892 5611; x_wconf 70' lang='grc' dir='ltr'>’καὶ</span> <span class='ocrx_word' id='word_1_781' title='bbox 2954 5551 3236 5637; x_wconf 31' lang='grc' dir='ltr'>φρουριριίς</span> <span class='ocrx_word' id='word_1_782' title='bbox 3278 5551 3493 5628; x_wconf 70' lang='grc' dir='ltr'>⁷μικροῦ</span> <span class='ocrx_word' id='word_1_783' title='bbox 3555 5551 3775 5606; x_wconf 83' lang='grc' dir='ltr'>Σκυθῶν</span> 
     </span>
    </p>
   </div>
   <div class='ocr_carea' id='block_1_111' title="bbox 2140 5574 3285 5711">
    <p class='ocr_par' dir='ltr' id='par_1_111' title="bbox 2140 5574 3285 5711">
     <span class='ocr_line' id='line_1_111' title="bbox 2140 5574 3236 5682; baseline -0.01 -63"><span class='ocrx_word' id='word_1_784' title='bbox 2140 5574 2351 5637; x_wconf 85' lang='grc' dir='ltr'>κώμαις</span> <span class='ocrx_word' id='word_1_785' title='bbox 2408 5574 2497 5616; x_wconf 81' lang='grc' dir='ltr'>και</span> <span class='ocrx_word' id='word_1_786' title='bbox 2555 5574 2745 5614; x_wconf 71' lang='grc' dir='ltr'>πόλεσι</span> <span class='ocrx_word' id='word_1_787' title='bbox 2805 5578 2892 5611; x_wconf 88' lang='grc' dir='ltr'>και</span> <span class='ocrx_word' id='word_1_788' title='bbox 2954 5574 3090 5682; x_wconf 55' lang='grc' dir='ltr'>φξου</span> <span class='ocrx_word' id='word_1_789' title='bbox 3137 5576 3236 5617; x_wconf 91' lang='grc' dir='ltr'>ιοις</span> 
     </span>
     <span class='ocr_line' id='line_1_112' title="bbox 2140 5574 3285 5711; baseline -0.01 -19"><span class='ocrx_word' id='word_1_790' title='bbox 2140 5636 2397 5711; x_wconf 71' lang='grc' dir='ltr'>ἐρημίαν,</span> <span class='ocrx_word' id='word_1_791' title='bbox 2429 5633 2492 5688; x_wconf 86' lang='grc' dir='ltr'>τὸ</span> <span class='ocrx_word' id='word_1_792' title='bbox 2524 5629 2590 5701; x_wconf 78' lang='grc' dir='ltr'>δὴ</span> <span class='ocrx_word' id='word_1_793' title='bbox 2625 5629 2942 5706; x_wconf 89' lang='grc' dir='ltr'>λεγόμενον,</span> <span class='ocrx_word' id='word_1_794' title='bbox 3016 5574 3285 5701; x_wconf 66' lang='grc' dir='ltr'>ποδείξας.</span> 
     </span>
    </p>
   </div>
  </div>
