4062 6308
385 308 505 372 439

1690 310 2084 374 THEODULI
2130 310 2484 375 MONACHI

3660 315 3779 376 ΗΟ

379 451 539 513 runt,
571 463 637 501 ac
683 451 909 503 nosmet
937 463 1168 504 summo
1217 464 1350 504 cum
1403 447 1596 503 furore
1639 447 1824 502 adorti
1877 446 1997 501 nihi

2138 444 2356 516 μενίδας
2389 447 2466 519 (9)
2497 443 2630 509 τοὺς
2681 445 2732 516 ἐξ
2777 447 2959 522 ἀρχῆς
3001 443 3326 519 πολεμίους,
3357 447 3446 502 καὶ
3494 449 3593 517 τὴν
3641 449 3776 504 ὲκεί-

376 553 728 610 intentatum
769 553 1130 625 reliquerunt
1160 559 1223 609 ut
1252 558 1431 610 totam
1478 553 1841 610 Thessaliam
1873 555 2019 610 sub—

373 665 682 726 vsrterent,
734 676 800 716 ac
842 660 1108 716 funditus
1170 663 1474 733 perderent
1541 662 1867 718 universam
1927 676 2018 716 re—

375 767 630 840 gionem,
688 772 936 836 montes,
1004 783 1260 840 campos,
1328 768 1664 840 praecipitia,
1720 768 2014 839 scopulos,

372 894 531 941 saxa,
555 878 676 933 via
707 876 1045 933 hominibus
1067 877 1416 949 frequentes,
1450 876 1576 932 loca
1605 877 1762 932 edita
1791 891 1858 932 ac
1887 893 2016 947 pro-

368 984 572 1052 funda,
605 995 790 1051 antra,
824 988 1006 1054 prata,
1037 999 1224 1056 agros,
1248 983 1448 1053 silvas,
1481 1000 1597 1039 uno
1618 983 1792 1039 verbo
1819 983 2014 1068 omnia

369 1095 548 1147 ruunt
587 1095 644 1146 et
691 1094 965 1162 pereunt;
1014 1091 1213 1146 omnia
1263 1091 1633 1147 cadaveribus
1683 1107 1749 1146 ac
1808 1105 2012 1147 cruore

363 1197 619 1254 immane
640 1201 922 1269 quantum
955 1197 1177 1270 repleta
1209 1206 1364 1263 sunt,
1408 1198 1714 1269 sanguinis
1745 1198 1848 1252 rivi
1884 1198 2009 1252 ubi-

366 1320 480 1376 que
510 1306 695 1361 fossas
726 1305 949 1376 replent
969 1308 1027 1360 et
1057 1305 1370 1360 fluviorum
1414 1305 1600 1361 instar
1634 1307 1823 1361 undas
1862 1306 2008 1360 mari

365 1411 634 1480 miscent,
666 1415 724 1466 et
763 1412 1043 1468 cadavera
1101 1411 1356 1482 piscibus
1387 1412 1642 1468 voranda
1671 1411 2006 1482 obvolvunt,

361 1525 630 1582 homines
677 1523 1108 1592 semimortuos,
1137 1524 1307 1596 plane
1355 1531 1612 1580 mortuos
1653 1527 1709 1580 et
1753 1539 1823 1580 ne
1867 1539 2009 1580 sen-

363 1633 573 1690 tientes
601 1631 837 1704 quidem
861 1631 1140 1698 dolorem,

431 2434 816 2506 Spectaculum
843 2434 1035 2490 amici:
1065 2434 1196 2506 ipsis
1228 2435 1575 2490 intolirabile
1601 2435 1924 2506 praebentes,

365 2548 428 2599 ut
481 2548 648 2616 poeta
706 2545 963 2617 tragicus
1001 2545 1181 2612 dicit;
1231 2543 1382 2600 alius
1431 2545 1586 2600 enim
1631 2545 2004 2608 evisceratus,

365 2647 514 2704 alius
547 2649 887 2717 decollatus,
912 2650 1183 2705 manibus
1209 2649 1524 2722 pedibusve
1556 2649 1854 2716 abscissis,
1888 2649 2005 2704 imo

327 2815 330 2818 ,
362 2755 635 2812 omnibus
666 2757 943 2812 membris
976 2756 1230 2826 privatus
1271 2757 1448 2826 jacet.
1481 2755 1624 2810 Nam
1657 2757 1918 2812 certatim
1951 2761 2008 2813 et

364 2865 534 2934 quasi
591 2863 773 2936 pretio
832 2864 1127 2935 proposito
1185 2879 1251 2920 ac
1289 2865 1668 2934 jurejurando
1718 2881 1779 2920 se
1828 2883 2003 2937 quam

365 2970 646 3042 plurimos
675 2970 860 3041 gladio
890 2972 1340 3042 interempturos
1367 2988 1433 3028 ac
1467 2971 1684 3028 nemini
1727 2989 2003 3042 parsuros

365 3079 769 3148 pronuntiant,
801 3084 858 3134 et
889 3078 971 3134 sic
1002 3084 1200 3135 sontes
1233 3097 1364 3135 cum
1391 3080 1743 3146 insontibus,
1766 3096 2001 3135 omnem

2127 555 2232 587 νων
2264 529 2418 610 ὕϐριν
2450 539 2530 606 τῷ
2560 534 2706 605 παρά
2735 537 2884 612 σφῶν
2921 534 3104 612 θράσει
3153 534 3296 590 πολὺ
3353 536 3566 609 μᾶλλον
3618 535 3782 608 ἐπηυ-

2125 621 2368 700 ξηκότες,
2428 629 2746 697 πρηστῆρος
2806 620 2964 694 δίκην
3013 623 3104 678 καὶ
3161 625 3473 695 καθ’ἡμῶν
3533 626 3688 694 ἧκον,
3721 625 3776 680 τί

2129 711 2226 783 μὲν
2259 710 2319 765 οὐ
2351 712 2676 787 πράττοντες
2704 731 2717 780 ;
2749 711 2799 766 τί
2835 709 2892 767 δὲ
2943 711 3007 767 οὐ
3063 711 3397 788 βουλόμενοι
3426 731 3439 782 ;
3472 713 3555 788 ἐφ’
3584 716 3628 786 ᾧ
3676 721 3776 769 πᾶ-

2124 820 2218 854 σαν
2269 797 2474 855 ἀνελεῖν
2526 799 2842 860 Θετταλίαν.
2895 799 3058 857 Οὐδὲν
3111 806 3240 879 γοῦν
3289 802 3450 858 ἐῶσιν
3483 801 3774 879 ἀπείρατον

2122 894 2224 956 τῆς
2311 887 2641 963 ἐπιδρομῆς,
2705 889 3018 953 ἐλαύνοντες
3103 891 3278 946 πάντα
3352 891 3621 966 κατάκρας
3677 895 3774 948 τὸν

2121 974 2254 1049 τῇδε
2302 981 2509 1053 χῶρον,
2560 978 2659 1033 οὐκ
2706 977 2855 1054 ὅρος,
2891 978 2952 1034 οὗ
3009 977 3213 1050 πεδίον,
3255 979 3315 1035 οὗ
3366 980 3664 1058 φάραγγας,
3709 983 3776 1037 οὐ

2121 1068 2422 1140 κρημνοὺς,
2457 1067 2518 1122 ού
2571 1068 2794 1143 ῥαχίαν,
2829 1067 2889 1122 οὐ
2941 1066 3279 1146 λεωφόρους,
3321 1069 3430 1144 οὐχ
3479 1071 3776 1147 ὑπωρείας,

2121 1151 2184 1210 οἷ)
2233 1156 2428 1228 νάπας,
2457 1155 2520 1211 ού
2584 1156 2808 1234 λόφους,
2843 1157 2904 1212 οὐ
2966 1155 3267 1235 χαράδρας,
3315 1157 3411 1214 οὐκ
3469 1159 3653 1233 ἄντρα,
3705 1161 3772 1216 οὐ

2120 1241 2415 1317 λειμῶνας,
2477 1246 2578 1301 οὐκ
2635 1245 2896 1320 ἀρούρας,
2938 1247 3037 1302 οὐκ
3097 1244 3261 1318 ἄλση.
3298 1249 3478 1304 Πάντα
3534 1247 3775 1324 οῗχεται,

2118 1333 2287 1388 πάντα
2333 1333 2600 1404 ἐλήλαται
2630 1340 2643 1366 ‘
2695 1335 2870 1390 πάντα
2921 1337 3088 1409 μεστᾶ
3134 1341 3338 1410 νεκρῶν
3391 1337 3479 1391 καὶ
3539 1338 3772 1411 πτωμά-

2115 1443 2226 1478 των
2283 1423 2370 1477 καί
2433 1423 2598 1499 φόνου
2667 1422 2885 1497 μυρίου,
2944 1425 3034 1479 καὶ
3087 1427 3404 1498 θαυμαστῆς
3459 1447 3606 1488 τινος
3676 1428 3774 1481 καὶ

2117 1509 2430 1588 φρικώδους
2478 1510 2568 1567 διὰ
2615 1512 2826 1567 πάντων
2881 1520 3114 1592 σφαγῆς.
3144 1515 3207 1570 Οἱ
3259 1511 3316 1570 δὲ
3365 1519 3472 1570 τῶν
3527 1516 3777 1589 αἱμάτων

2115 1601 2329 1674 ῥύακες,
2376 1601 2492 1656 ἀντ’
2540 1599 2716 1657 ἄλλου
2763 1603 2911 1664 τινὸς
2979 1602 3169 1676 ῥοθίου
3224 1605 3512 1680 φερόμενοι
3570 1625 3770 1659 παντα-

2120 1688 2276 1768 χόσε,
2311 1690 2634 1764 λιμνάζουσι
2668 1692 2761 1764 μὲν
2791 1690 2842 1746 ἐν
2876 1696 2994 1753 τοῖς
3045 1691 3276 1763 κοίλοις,
3307 1690 3418 1748 ἔστι
3469 1691 3514 1748 δ’
3541 1693 3628 1749 ὅτε
3674 1695 3768 1749 καί

2117 1785 2390 1853 ποταμοῖς
2443 1779 2734 1850 συνιόντες,
2785 1783 2875 1836 καὶ
2933 1782 3228 1857 βάπτοντες
3277 1782 3454 1838 αὐτῶν
3500 1783 3770 1857 κατάκρας

2108 1869 2171 1922 τὸ
2229 1868 2461 1944 ῥεῖθρον,
2495 1866 2956 1927 συνεκϐάλλουσιν
3024 1869 3217 1943 οἷ’μοιί
3277 1873 3414 1946 πρὸς
3471 1872 3765 1942 θάλατταν,

2110 1957 2428 2032 ἀνθρώπους
2482 1957 2701 2035 ἄγοντες
2738 1959 2926 2034 ἰχθύσι
2985 1959 3176 2034 βορὰν,
3224 1962 3350 2023 τοὺς
3404 1961 3497 2034 μὲν
3526 1963 3768 2034 ἡμιθνῆ-

2110 2068 2226 2118 τας,
2257 2049 2386 2109 τοὺς
2436 2045 2484 2102 δ’
2531 2048 2590 2103 ἐκ
2627 2047 2845 2105 πολλοῦ
2897 2051 3214 2117 τεθνεῶτας,
3242 2051 3374 2113 τοὺς
3421 2051 3514 2123 μὲν
3569 2049 3763 2105 διαπε-

2112 2137 2453 2212 πραγμένους
2522 2139 2786 2213 καθάπαξ,
2826 2138 2952 2202 τοὺς
3008 2139 3065 2195 δὲ
3122 2141 3286 2216 μόγις
3343 2139 3767 2214 αἰσθανομένους

2113 2225 2148 2281 ’ὰ
2203 2228 2530 2303 πάσχουσιν,
2593 2227 2737 2283 οὕτω
2797 2227 2970 2284 δεινὸν
3031 2228 3202 2304 θέαμα
3257 2235 3377 2292 τοῖς
3445 2232 3612 2305 ὁρῶσι
3669 2230 3765 2286 καί

2114 2313 2308 2387 ἀηδίαν
2341 2322 2522 2372 κακῶν
2535 2361 2549 2388 ,
2583 2315 2710 2372 ὥστ’

2172 2423 2403 2486 Οὐδεὶς
2443 2422 2512 2478 ἂν
2555 2425 2736 2488 ὅστις
2773 2426 2882 2481 καὶ
2924 2425 3123 2504 φίλος
3162 2425 3363 2497 τλαίη
3409 2425 3700 2502 βλέπειν,

2113 2531 2249 2585 κατᾶ
2304 2532 2402 2600 τὴν
2452 2530 2766 2608 τραγῳδίαν
2825 2535 2974 2605 (10)·
3028 2538 3107 2604 τῷ
3167 2535 3262 2605 μὶν
3309 2534 3547 2608 ἐγκάτων
3587 2534 3770 2590 ἀπόν-

2112 2640 2239 2690 των,
2293 2625 2372 2691 τῷ
2419 2619 2476 2675 δὶ
2517 2620 2782 2697 κεφαλῆς,
2836 2622 3005 2696 ἑτέρῳ
3060 2627 3286 2697 χειρῶν,
3337 2621 3497 2695 ἄλλῳ
3553 2620 3768 2693 ποδῶν,

2115 2707 2229 2765 ἔστι
2281 2707 2327 2764 δ’
2360 2711 2444 2772 οἷς
2494 2709 2584 2765 καὶ
2628 2712 2836 2765 τούτων
2886 2712 3166 2782 ἁπάντων,
3198 2712 3375 2784 οἶμαι.
3407 2715 3612 2786 ’Ὠσπερ
3660 2715 3766 2787 γὰρ

2115 2798 2316 2868 ἄθλων,
2374 2799 2551 2870 οἶμαι,
2613 2799 2865 2875 μεγάλων
2921 2801 3067 2874 παρὰ
3122 2804 3220 2855 τοῦ
3278 2805 3426 2868 σφῶν
3485 2799 3764 2876 ἄρχοντος

2113 2889 2511 2963 προκειμένων,
2545 2888 2656 2944 ε’ίτε
2686 2891 2774 2945 καὶ
2822 2892 3292 2963 συνομωμοκότας
3332 2889 3611 2961 ἀλλήλοις
3644 2895 3758 2967 χρὴ

2115 2980 2288 3056 λέγειν
2358 2977 2489 3053 μηδ’
2545 2982 2671 3036 ὅτου
2746 2981 2806 3036 ἂν
2888 2977 3039 3056 ἔχειν
3111 2979 3302 3058 φειδὼ,
3359 2981 3755 3058 φιλονεικοῦσιν

2112 3068 2360 3135 ἅπαντες,
2419 3069 2493 3129 ὡς
2549 3068 2740 3132 εἰπεῖν,
2798 3067 2950 3131 ὅστις
3010 3068 3071 3123 ἃν
3131 3067 3355 3130 πλείους
3423 3067 3607 3124 ἂνέλοι
3659 3069 3746 3123 καὶ

365 3186 625 3258 denique
673 3185 954 3257 populum
1004 3185 1352 3242 traditarum
1401 3186 1640 3241 arbitrio
1671 3191 2003 3258 exponunt:

2118 3158 2283 3231 βάψοι
2339 3159 2400 3213 τὸ
2466 3159 2618 3236 ξίφος
2674 3157 2734 3214 ἐκ
2790 3163 3066 3233 περιττοῦ,
3115 3157 3289 3214 δεινὸν
3341 3155 3566 3214 ἕκαστος
3618 3159 3748 3214 εἶναι

366 3309 471 3348 nec
504 3295 735 3348 mirum.
766 3291 915 3346 Nam
959 3291 1060 3363 qui
1110 3293 1295 3348 varias
1326 3292 1399 3347 ob
1443 3307 1652 3348 causas
1684 3296 1870 3348 castra
1903 3309 2007 3364 po-

365 3404 513 3456 nunt
543 3415 610 3456 ac
658 3405 890 3456 movent
939 3416 1176 3456 necesse
1222 3404 1308 3454 est
1340 3400 1539 3456 omnia
1569 3400 1755 3456 facere
1785 3401 2003 3471 quibus

365 3512 422 3564 et
470 3507 582 3580 ipsi
625 3507 738 3562 sibi
787 3507 1106 3564 maximum
1151 3515 1427 3563 terrorem
1479 3507 1606 3563 aliis
1652 3507 1886 3578 injicere
1926 3507 2006 3563 vi-

365 3615 606 3672 deantur
634 3614 999 3672 adversariis.

432 4032 498 4088 Hi
531 4032 686 4088 enim
720 4037 852 4089 ante
901 4049 1102 4090 omnes
1150 4033 1435 4104 sanguine
1475 4040 1532 4088 et
1572 4034 1834 4089 cladibus
1865 4049 2004 4104 gau-

361 4141 534 4210 dent;
585 4141 679 4196 his
726 4143 933 4213 volupe
983 4146 1072 4196 est
1120 4147 1354 4198 ceteros
1403 4140 1595 4211 gladio
1636 4139 2000 4206 interimere;

358 4256 450 4313 his
507 4257 690 4313 otium
733 4258 885 4312 inter
940 4259 1068 4312 vita:
1133 4257 1287 4312 mala
1334 4256 1604 4328 ponitur;
1654 4257 1871 4328 quippe
1902 4255 2001 4326 qui

360 4373 870 4430 mansuetudinem
922 4391 1024 4445 pro
1064 4373 1328 4428 vecordia
1359 4373 1594 4428 habent.
1629 4372 1739 4428 Eos
1787 4373 2003 4429 crude-

2118 3247 2357 3320 νομίζων
2413 3247 2596 3322 ὲτέρου
2652 3247 2718 3303 τὰ
2761 3253 2984 3303 τοιαῦτα
3015 3246 3336 3325 λελεῖφθαι·
3370 3247 3488 3303 ἐπεὶ
3516 3250 3606 3303 καὶ
3661 3248 3754 3302 τὸν

2113 3337 2492 3409 εύαριθμήτων
2555 3336 2872 3411 αὐτόχειρα,
2904 3338 2939 3408 ἢ
2989 3339 3081 3392 καὶ
3137 3339 3237 3406 τήν
3300 3343 3462 3412 χεῖρα
3517 3337 3754 3411 καθαρὸν

2114 3424 2280 3489 ὅλως,
2313 3431 2431 3487 ταῖς
2462 3430 2570 3480 τῶν
2601 3423 2886 3499 προδοτῶν
2929 3426 3191 3502 ὑπάγουσι
3232 3428 3460 3503 ψήφοις,
3493 3427 3568 3487 ὡς
3614 3445 3758 3499 προ-

2114 3511 2332 3568 διδόντα
2361 3515 2422 3569 τὸ
2454 3519 2556 3569 πᾶν
2585 3508 2759 3584 ἔθνος,
2789 3520 2868 3586 τῷ
2913 3516 2991 3588 μή
3031 3516 3099 3570 τὰ
3144 3519 3368 3571 τοιαῦτα
3405 3510 3711 3587 ξυμϐαίνειν
3736 3534 3755 3550 ο

2113 3599 2340 3666 είκὸτως
2365 3623 2378 3636 '
2413 3603 2536 3660 οὕτε
2581 3605 2686 3680 γὰρ
2734 3607 2850 3661 οἷόν
2899 3625 2957 3660 τε
2997 3605 3126 3667 τοὺς
3177 3605 3261 3661 ἐπ’
3299 3604 3618 3676 ἀλλοδαπήν
3649 3611 3758 3661 τιν’

2113 3690 2294 3768 ὥσπερ
2339 3691 2565 3758 τούτους
2602 3691 3154 3768 ἒστρατοπεδευκότας
3207 3695 3284 3767 μὴ
3333 3695 3507 3750 πάντα
3549 3700 3756 3766 ποιεῖν,

2113 3778 2163 3854 ἐξ
2208 3782 2280 3836 ὧν
2328 3782 2388 3836 ἂν
2439 3783 2587 3858 σφίσι
2638 3785 2733 3856 μὲν
2779 3783 2962 3846 αὐτοῖς
3011 3778 3413 3857 φοϐερωτάταις
3462 3783 3595 3838 εἶναι
3627 3781 3758 3838 δια-ὲ

2113 3872 2383 3949 φερόντως
2414 3871 2564 3944 μάλα
2610 3869 2809 3943 δοκεῖν,
2842 3867 3103 3944 ἔκπληξις
3155 3871 3212 3928 δὲ
3250 3872 3341 3928 καὶ
3391 3872 3592 3945 ἀπορία
3636 3878 3760 3937 τοῖς

2111 3963 2382 4036 πάσχουσι
2419 3960 2508 4015 καὶ
2540 3958 2606 4030 δὴ
2635 3961 2930 4036 περιέσται.

2184 4051 2283 4104 Καὶ
2317 4049 2536 4123 μάλισθ’
2567 4052 2814 4105 ἁπάντων
2847 4051 2996 4105 οὗτοι
3050 4051 3349 4125 πεφύκασιν
3405 4049 3603 4124 α’ίμασι
3655 4052 3756 4123 μὲν

2111 4139 2199 4192 καὶ
2251 4144 2477 4215 σφαγαῖς
2527 4138 2784 4194 ἑκάστοτε
2833 4141 3065 4214 χαίρειν,
3113 4141 3203 4194 καὶ
3246 4141 3414 4213 πέρας
3463 4137 3610 4214 ἄγειν
3659 4139 3760 4195 εὓ-

2113 4224 2397 4300 δαιμονίας
2445 4229 2540 4290 τὰς
2595 4228 2788 4302 ἑτέρων
2845 4230 3068 4306 φθορὰς,
3099 4231 3160 4284 τὸ
3212 4226 3268 4284 δὲ
3298 4226 3466 4301 μηδὲν
3501 4229 3758 4302 πράττειν

2110 4315 2185 4376 εἶς
2219 4317 2500 4396 συμφορὰν
2547 4318 2808 4387 τίθεσθαι,
2831 4317 2920 4371 καὶ
2967 4320 3066 4387 τήν
3108 4319 3202 4390 μὲν
3252 4317 3541 4373 ἐπιείκειαν
3595 4316 3752 4373 οὐδὲν

2110 4405 2251 4461 ἄλλο
2281 4409 2316 4477 ἢ
2349 4405 2618 4479 μαλακίαν
2650 4406 2900 4482 ἄντικρυς
2947 4409 3173 4482 κρίνειν,
3203 4415 3304 4477 τῆς
3354 4406 3414 4464 δὲ
3457 4408 3754 4481 ὠμότητος

356 4481 491 4538 litas
518 4486 580 4536 ut
609 4486 844 4537 caeteros
877 4497 1101 4536 morum
1134 4481 1342 4536 lenitas
1366 4482 1566 4550 juvat;
1601 4496 1828 4550 semper
1858 4479 1995 4534 alie-

2116 4495 2284 4557 οὕτως
2341 4491 2579 4571 ἔχεσθαι,
2633 4497 2813 4569 ὥσπερ
2877 4496 3166 4560 ἐπιεικείας
3234 4494 3434 4572 ἕτεροι,
3491 4499 3580 4552 καὶ
3648 4505 3756 4567 τῆς

358 4615 463 4655 nas
495 4615 587 4656 res
639 4599 911 4656 affectant
957 4607 1010 4654 et
1055 4599 1222 4670 quasi
1273 4614 1375 4669 pro
1427 4598 1555 4664 suis.
1597 4598 1833 4662 habent,
1882 4596 2001 4650 imo

353 4716 484 4772 vita
535 4716 719 4786 ipsius
780 4713 1099 4786 periculum
1149 4714 1296 4768 inire
1345 4731 1446 4784 pro
1503 4713 1633 4768 istis
1691 4713 1901 4768 audent
1946 4718 2002 4768 et

348 4849 496 4905 aegre
552 4833 748 4888 ferunt
807 4832 980 4887 rebus
1047 4832 1168 4886 suis
1228 4830 1488 4902 spoliari.
1543 4805 1886 4900 Ubicunque
1938 4829 1996 4883 in

352 4945 534 4999 aciem
599 4940 907 5012 prodeunt,
983 4938 1282 4995 victoriam
1345 4945 1635 5008 reportant
1692 4941 1748 4990 et
1804 4937 1999 5007 hydrae

353 5062 543 5130 capita
576 5074 766 5130 usque
796 5056 1190 5128 regenerantis
1221 5054 1550 5124 exemplum
1575 5053 1851 5107 referunt.
1873 5052 1993 5108 Non

351 5175 596 5232 membri
620 5175 870 5244 alicujus
911 5171 1235 5242 amputatio
1267 5176 1370 5225 aut
1413 5169 1650 5241 privatio
1676 5185 1875 5224 eorum
1910 5185 1996 5222 ar-

348 5295 546 5349 dorem
579 5290 824 5354 minuit;
863 5290 958 5343 ubi
994 5304 1228 5343 manum
1263 5288 1580 5341 amiserunt
1611 5301 1810 5352 unam,
1847 5284 1995 5339 alte-

348 5399 470 5456 rius
493 5413 599 5469 ope
623 5402 885 5469 pugnant
909 5421 923 5464 ;
944 5396 1232 5452 ambabus
1265 5393 1466 5465 privati
1494 5391 1740 5464 pedibus
1772 5407 1994 5463 grassa-

422 5603 520 5675 (9)_
547 5600 843 5675 Receptis_
861 5616 893 5654 a
931 5597 1220 5675 Qatalanis
1241 5596 1502 5675 _scil_icet,
1544 5593 1992 5661 Achaemenidis,

358 5667 458 5733 seu
481 5667 680 5732 'Persis
698 5667 771 5729 'et
798 5669 1026 5740 Turcis,
1048 5669 1107 5725 in
1139 5667 1496 5725 societatem.
1705 5680 1710 5686 '

2102 5121 2307 5175 τούτων

2115 4586 2207 4658 μὲν
2264 4584 2463 4646 οἰκείας
2509 4587 2582 4648 ὡς
2641 4585 2939 4660 ἀλλοτρίας
3000 4588 3264 4660 ὑπερορᾷν
3333 4587 3594 4660 ἐπιθυμίᾳ
3649 4595 3753 4657 τῆς

2111 4673 2427 4748 ἀλλοτρίας,
2467 4683 2567 4744 τῆς
2625 4675 2672 4730 δ’
2729 4677 2793 4730 αὗ
2849 4676 3152 4750 ἀλλοτρίας
3208 4679 3282 4740 ὡς
3339 4677 3543 4740 οἷκείας
3591 4677 3754 4734 ἀντι-

2108 4766 2404 4835 ποιεῖσθαι,
2465 4764 2678 4838 μᾶλλον
2738 4763 2795 4820 δὲ
2853 4766 2984 4839 ὑπὲρ
3045 4766 3138 4837 μὲν
3197 4770 3303 4819 τῶν
3372 4770 3488 4825 τοῖς
3551 4763 3749 4829 ἄλλοις

2107 4855 2420 4926 προσόντων
2469 4854 2613 4909 οὕτω
2659 4854 2958 4928 προθύμως
3008 4852 3154 4929 ἔχειν
3204 4855 3512 4922 ἀποθανεῖν,
3545 4856 3620 4917 ὡς
3649 4856 3753 4910 οὐκ

2107 4942 2207 4997 οἶδ’
2237 4941 2286 4998 ε⁹ί
2318 4965 2403 5005 τις
2437 4943 2568 5018 ὑπὲρ
2594 4943 2837 5010 οἰκείων,
2866 4948 2972 4998 τῶν
3025 4941 3083 4998 δὲ
3131 4943 3398 5020 σφετέρων
3446 4942 3641 5015 μηδενὶ
3683 4947 3749 5000 τὸ

2105 5032 2352 5105 παράπαν
2411 5031 2752 5110 ἀφίστασθαι,
2785 5031 2931 5087 ἀλλὰ
2981 5032 3240 5105 πρότερον
3303 5031 3360 5086 ἂν
3412 5033 3657 5088 τεθνάναι
3709 5035 3746 5103 ἢ

2386 5123 2748 5194 στερηθῆναι·
2805 5121 3233 5193 ἆκαταγώνιστοι
3309 5122 3404 5194 μὶν
3463 5120 3525 5175 ἐκ
3571 5123 3747 5195 μόνης

2105 5207 2252 5270 ὄντες
2283 5213 2383 5276 τῇς
2413 5209 2552 5278 θέας,
2583 5213 2677 5272 τὰς
2724 5208 2782 5264 δὲ
2812 5217 2910 5279 τῆς
2957 5207 3118 5283 ὕδρας
3159 5208 3392 5282 ἐκτομὰς
3441 5216 3569 5271 τοῖς
3596 5216 3747 5287 σφῶν

2103 5299 2321 5369 σώμασι
2382 5293 2744 5374 βεϐαιοῦντες.
2777 5300 2850 5354 Οὐ
2907 5299 3008 5374 γὰρ
3059 5299 3516 5372 ἀκρωτηριασμὸς
3556 5297 3751 5370 ’ίστησι

2100 5389 2198 5450 τῆς
2232 5387 2430 5458 ὁρμῆς,
2464 5386 2589 5442 οὐδὲ
2641 5387 2840 5460 μέλους
2888 5388 3164 5462 στέρησις·
3219 5385 3382 5456 ἄλλα,
3413 5387 3510 5442 κᾶν
3565 5389 3750 5462 τέμῃς

2171 5587 2286 5660 (10)
2316 5589 2502 5646 Verba
2529 5591 2848 5649 Tecmesse
2879 5591 3032 5664 apud
3064 5590 3334 5664 Sophocl.
3367 5592 3452 5664 Α).
3483 5591 3613 5650 929.
