  <div class='ocr_page' id='page_1' title='image "/cluster/home/n/w/nwhite01/storage/ocr_20150623/145/mdp.39015061167048/228.png"; bbox 0 0 4062 6308; ppageno 0'>
   <div class='ocr_carea' id='block_1_1' title="bbox 254 461 376 520">
    <p class='ocr_par' dir='ltr' id='par_1_1' title="bbox 254 461 376 520">
     <span class='ocr_line' id='line_1_1' title="bbox 254 461 376 520; baseline 0.008 -1"><span class='ocrx_word' id='word_1_1' title='bbox 254 461 376 520; x_wconf 71' lang='grc'>441</span> 
     </span>
    </p>
   </div>
   <div class='ocr_carea' id='block_1_2' title="bbox 1769 445 2190 508">
    <p class='ocr_par' dir='ltr' id='par_1_2' title="bbox 1769 445 2190 508">
     <span class='ocr_line' id='line_1_2' title="bbox 1769 445 2190 508; baseline 0 -2"><span class='ocrx_word' id='word_1_2' title='bbox 1769 445 2190 508; x_wconf 75' lang='lat' dir='ltr'>EPISTOL/E.</span> 
     </span>
    </p>
   </div>
   <div class='ocr_carea' id='block_1_3' title="bbox 3553 449 3669 506">
    <p class='ocr_par' dir='ltr' id='par_1_3' title="bbox 3553 449 3669 506">
     <span class='ocr_line' id='line_1_3' title="bbox 3553 449 3669 506; baseline 0 0"><span class='ocrx_word' id='word_1_3' title='bbox 3553 449 3669 506; x_wconf 73' lang='lat'><strong>442</strong></span> 
     </span>
    </p>
   </div>
   <div class='ocr_carea' id='block_1_4' title="bbox 251 579 1911 676">
    <p class='ocr_par' dir='ltr' id='par_1_4' title="bbox 251 579 1896 676">
     <span class='ocr_line' id='line_1_4' title="bbox 251 579 1896 676; baseline -0.008 -29"><span class='ocrx_word' id='word_1_4' title='bbox 251 613 364 663; x_wconf 81' lang='grc' dir='ltr'>την</span> <span class='ocrx_word' id='word_1_5' title='bbox 393 597 572 668; x_wconf 86' lang='grc' dir='ltr'>χεῖρα,</span> <span class='ocrx_word' id='word_1_6' title='bbox 605 595 676 665; x_wconf 75' lang='grc' dir='ltr'>τῇ</span> <span class='ocrx_word' id='word_1_7' title='bbox 736 589 1036 661; x_wconf 66' lang='grc' dir='ltr'>λειπομένη</span> <span class='ocrx_word' id='word_1_8' title='bbox 1088 587 1406 676; x_wconf 78' lang='grc' dir='ltr'>μάχονται·</span> <span class='ocrx_word' id='word_1_9' title='bbox 1449 604 1546 676; x_wconf 81' lang='grc' dir='ltr'>καν</span> <span class='ocrx_word' id='word_1_10' title='bbox 1593 579 1896 676; x_wconf 32' lang='grc' dir='ltr'>ἄμφω-ταῦ</span> 
     </span>
    </p>
   </div>
   <div class='ocr_carea' id='block_1_5' title="bbox 2026 579 3668 676">
    <p class='ocr_par' dir='ltr' id='par_1_5' title="bbox 2026 584 3668 661">
     <span class='ocr_line' id='line_1_5' title="bbox 2026 584 3668 661; baseline 0.001 -21"><span class='ocrx_word' id='word_1_11' title='bbox 2026 584 2199 640; x_wconf 92' lang='lat' dir='ltr'><strong>bundi</strong></span> <span class='ocrx_word' id='word_1_12' title='bbox 2237 601 2356 641; x_wconf 90' lang='lat' dir='ltr'>rem</span> <span class='ocrx_word' id='word_1_13' title='bbox 2408 586 2653 642; x_wconf 90' lang='lat' dir='ltr'><strong>martiali</strong></span> <span class='ocrx_word' id='word_1_14' title='bbox 2701 587 2890 643; x_wconf 88' lang='lat' dir='ltr'><strong>furore</strong></span> <span class='ocrx_word' id='word_1_15' title='bbox 2938 592 3169 661; x_wconf 88' lang='lat' dir='ltr'><strong>gerunt,</strong></span> <span class='ocrx_word' id='word_1_16' title='bbox 3203 605 3314 644; x_wconf 92' lang='lat' dir='ltr'><strong>non</strong></span> <span class='ocrx_word' id='word_1_17' title='bbox 3370 586 3668 643; x_wconf 90' lang='lat' dir='ltr'><strong>membro—</strong></span> 
     </span>
    </p>
   </div>
   <div class='ocr_carea' id='block_1_6' title="bbox 251 668 1904 757">
    <p class='ocr_par' dir='ltr' id='par_1_6' title="bbox 251 668 1904 757">
     <span class='ocr_line' id='line_1_6' title="bbox 251 668 1904 757; baseline -0.008 -19"><span class='ocrx_word' id='word_1_18' title='bbox 251 704 380 752; x_wconf 89' lang='grc' dir='ltr'>τας,</span> <span class='ocrx_word' id='word_1_19' title='bbox 419 680 752 757; x_wconf 75' lang='grc' dir='ltr'>βακχεύουσι</span> <span class='ocrx_word' id='word_1_20' title='bbox 797 683 913 740; x_wconf 91' lang='grc' dir='ltr'>τοῖς</span> <span class='ocrx_word' id='word_1_21' title='bbox 961 678 1120 732; x_wconf 79' lang='grc' dir='ltr'>ποσὶν</span> <span class='ocrx_word' id='word_1_22' title='bbox 1183 673 1452 742; x_wconf 69' lang='grc' dir='ltr'>ἐνυάλιον,</span> <span class='ocrx_word' id='word_1_23' title='bbox 1481 673 1586 748; x_wconf 79' lang='grc' dir='ltr'>οὐχ</span> <span class='ocrx_word' id='word_1_24' title='bbox 1637 675 1716 735; x_wconf 71' lang='grc' dir='ltr'>οἷς</span> <span class='ocrx_word' id='word_1_25' title='bbox 1765 668 1904 748; x_wconf 72' lang='grc' dir='ltr'>ἀφήο</span> 
     </span>
    </p>
   </div>
   <div class='ocr_carea' id='block_1_7' title="bbox 254 760 1906 844">
    <p class='ocr_par' dir='ltr' id='par_1_7' title="bbox 254 760 1906 844">
     <span class='ocr_line' id='line_1_7' title="bbox 254 760 1906 844; baseline -0.006 -19"><span class='ocrx_word' id='word_1_26' title='bbox 254 792 454 844; x_wconf 88' lang='grc' dir='ltr'>ρηνται</span> <span class='ocrx_word' id='word_1_27' title='bbox 485 769 953 844; x_wconf 80' lang='grc' dir='ltr'>δυσχεραίνοντες,</span> <span class='ocrx_word' id='word_1_28' title='bbox 986 763 1113 821; x_wconf 82' lang='grc' dir='ltr'>ἀλλ’</span> <span class='ocrx_word' id='word_1_29' title='bbox 1144 763 1229 820; x_wconf 78' lang='grc' dir='ltr'>ὅτι</span> <span class='ocrx_word' id='word_1_30' title='bbox 1255 766 1330 836; x_wconf 82' lang='grc' dir='ltr'>μή</span> <span class='ocrx_word' id='word_1_31' title='bbox 1365 762 1474 818; x_wconf 85' lang='grc' dir='ltr'>οἷοί</span> <span class='ocrx_word' id='word_1_32' title='bbox 1503 764 1559 816; x_wconf 83' lang='grc' dir='ltr'>τὲ</span> <span class='ocrx_word' id='word_1_33' title='bbox 1606 760 1708 816; x_wconf 82' lang='grc' dir='ltr'>εἶσι</span> <span class='ocrx_word' id='word_1_34' title='bbox 1760 767 1906 836; x_wconf 79' lang='grc' dir='ltr'>χρῆ-</span> 
     </span>
    </p>
   </div>
   <div class='ocr_carea' id='block_1_8' title="bbox 255 850 1905 932">
    <p class='ocr_par' dir='ltr' id='par_1_8' title="bbox 255 850 1905 932">
     <span class='ocr_line' id='line_1_8' title="bbox 255 850 1905 932; baseline -0.007 -18"><span class='ocrx_word' id='word_1_35' title='bbox 255 864 386 916; x_wconf 86' lang='grc' dir='ltr'>σθαι</span> <span class='ocrx_word' id='word_1_36' title='bbox 426 862 495 931; x_wconf 79' lang='grc' dir='ltr'>τῇ</span> <span class='ocrx_word' id='word_1_37' title='bbox 543 859 739 932; x_wconf 77' lang='grc' dir='ltr'>γνώμῃ</span> <span class='ocrx_word' id='word_1_38' title='bbox 785 854 956 912; x_wconf 83' lang='grc' dir='ltr'>δεινὸν</span> <span class='ocrx_word' id='word_1_39' title='bbox 1004 857 1327 927; x_wconf 82' lang='grc' dir='ltr'>ἡγούμενοι,</span> <span class='ocrx_word' id='word_1_40' title='bbox 1377 851 1508 914; x_wconf 72' lang='grc' dir='ltr'>ἴσως</span> <span class='ocrx_word' id='word_1_41' title='bbox 1559 850 1905 926; x_wconf 82' lang='grc' dir='ltr'>Κυναιγείρου</span> 
     </span>
    </p>
   </div>
   <div class='ocr_carea' id='block_1_9' title="bbox 260 939 1906 1022">
    <p class='ocr_par' dir='ltr' id='par_1_9' title="bbox 260 939 1906 1022">
     <span class='ocr_line' id='line_1_9' title="bbox 260 939 1906 1022; baseline -0.007 -17"><span class='ocrx_word' id='word_1_42' title='bbox 260 947 608 1022; x_wconf 75' lang='grc' dir='ltr'>μεμνημένοι</span> <span class='ocrx_word' id='word_1_43' title='bbox 666 951 762 1002; x_wconf 92' lang='grc' dir='ltr'>τοῦ</span> <span class='ocrx_word' id='word_1_44' title='bbox 810 945 1038 1021; x_wconf 80' lang='grc' dir='ltr'>πρόσθεν</span> <span class='ocrx_word' id='word_1_45' title='bbox 1099 944 1186 998; x_wconf 81' lang='grc' dir='ltr'>καὶ</span> <span class='ocrx_word' id='word_1_46' title='bbox 1235 939 1634 1017; x_wconf 81' lang='grc' dir='ltr'>Καλλιμάχου,</span> <span class='ocrx_word' id='word_1_47' title='bbox 1679 941 1750 994; x_wconf 83' lang='grc' dir='ltr'>ὧν</span> <span class='ocrx_word' id='word_1_48' title='bbox 1803 939 1906 994; x_wconf 75' lang='grc' dir='ltr'>ὕπὸ</span> 
     </span>
    </p>
   </div>
   <div class='ocr_carea' id='block_1_10' title="bbox 258 1027 1904 1111">
    <p class='ocr_par' dir='ltr' id='par_1_10' title="bbox 258 1027 1904 1111">
     <span class='ocr_line' id='line_1_10' title="bbox 258 1027 1904 1111; baseline -0.007 -16"><span class='ocrx_word' id='word_1_49' title='bbox 258 1037 466 1110; x_wconf 67' lang='grc' dir='ltr'>Μήδων</span> <span class='ocrx_word' id='word_1_50' title='bbox 506 1040 533 1094; x_wconf 98' lang='lat'>6</span> <span class='ocrx_word' id='word_1_51' title='bbox 587 1040 684 1110; x_wconf 74' lang='grc' dir='ltr'>μὲν</span> <span class='ocrx_word' id='word_1_52' title='bbox 739 1035 1134 1111; x_wconf 80' lang='grc' dir='ltr'>περιτοξευθεὶς</span> <span class='ocrx_word' id='word_1_53' title='bbox 1179 1033 1357 1105; x_wconf 85' lang='grc' dir='ltr'>ὥσπερ</span> <span class='ocrx_word' id='word_1_54' title='bbox 1406 1031 1672 1092; x_wconf 82' lang='grc' dir='ltr'>ἀθάνατος</span> <span class='ocrx_word' id='word_1_55' title='bbox 1714 1027 1904 1084; x_wconf 72' lang='grc' dir='ltr'>’ἕστατο</span> 
     </span>
    </p>
   </div>
   <div class='ocr_carea' id='block_1_11' title="bbox 256 1119 1907 1200">
    <p class='ocr_par' dir='ltr' id='par_1_11' title="bbox 256 1119 1907 1200">
     <span class='ocr_line' id='line_1_11' title="bbox 256 1119 1907 1200; baseline -0.006 -16"><span class='ocrx_word' id='word_1_56' title='bbox 256 1128 708 1198; x_wconf 85' lang='grc' dir='ltr'>τετελευτηκὼς,</span> <span class='ocrx_word' id='word_1_57' title='bbox 741 1127 769 1181; x_wconf 90' lang='lat'>6</span> <span class='ocrx_word' id='word_1_58' title='bbox 800 1124 1187 1200; x_wconf 80' lang='grc' dir='ltr'>Καλλίμαχος,</span> <span class='ocrx_word' id='word_1_59' title='bbox 1229 1125 1257 1177; x_wconf 85' lang='grc' dir='ltr'>ὁ</span> <span class='ocrx_word' id='word_1_60' title='bbox 1297 1120 1342 1177; x_wconf 85' lang='grc' dir='ltr'>δ’</span> <span class='ocrx_word' id='word_1_61' title='bbox 1383 1121 1498 1193; x_wconf 79' lang='grc' dir='ltr'>ἅμα</span> <span class='ocrx_word' id='word_1_62' title='bbox 1537 1119 1724 1199; x_wconf 85' lang='grc' dir='ltr'>χερσὶν</span> <span class='ocrx_word' id='word_1_63' title='bbox 1765 1120 1907 1196; x_wconf 82' lang='grc' dir='ltr'>ἀφῃ-</span> 
     </span>
    </p>
   </div>
   <div class='ocr_carea' id='block_1_12' title="bbox 257 1210 1908 1296">
    <p class='ocr_par' dir='ltr' id='par_1_12' title="bbox 257 1210 1908 1296">
     <span class='ocr_line' id='line_1_12' title="bbox 257 1210 1908 1296; baseline -0.008 -20"><span class='ocrx_word' id='word_1_64' title='bbox 257 1217 361 1292; x_wconf 82' lang='grc' dir='ltr'>ρέη</span> <span class='ocrx_word' id='word_1_65' title='bbox 417 1221 516 1286; x_wconf 80' lang='grc' dir='ltr'>τήν</span> <span class='ocrx_word' id='word_1_66' title='bbox 571 1215 813 1296; x_wconf 72' lang='grc' dir='ltr'>κεφαλὴν</span> <span class='ocrx_word' id='word_1_67' title='bbox 873 1217 1073 1290; x_wconf 74' lang='grc' dir='ltr'>τριήρη</span> <span class='ocrx_word' id='word_1_68' title='bbox 1142 1214 1264 1270; x_wconf 75' lang='grc' dir='ltr'>τινὰ</span> <span class='ocrx_word' id='word_1_69' title='bbox 1341 1210 1682 1287; x_wconf 74' lang='grc' dir='ltr'>βουλόμενος</span> <span class='ocrx_word' id='word_1_70' title='bbox 1740 1230 1908 1265; x_wconf 85' lang='grc' dir='ltr'>κατα-</span> 
     </span>
    </p>
   </div>
   <div class='ocr_carea' id='block_1_13' title="bbox 257 1297 1906 1384">
    <p class='ocr_par' dir='ltr' id='par_1_13' title="bbox 257 1297 1906 1384">
     <span class='ocr_line' id='line_1_13' title="bbox 257 1297 1906 1384; baseline -0.008 -20"><span class='ocrx_word' id='word_1_71' title='bbox 257 1313 416 1384; x_wconf 83' lang='grc' dir='ltr'>σχεῖν</span> <span class='ocrx_word' id='word_1_72' title='bbox 489 1307 780 1382; x_wconf 76' lang='grc' dir='ltr'>Περσικὴν,</span> <span class='ocrx_word' id='word_1_73' title='bbox 842 1305 870 1359; x_wconf 90' lang='lat'>6</span> <span class='ocrx_word' id='word_1_74' title='bbox 934 1301 1297 1378; x_wconf 79' lang='grc' dir='ltr'>Κυναίγειρος.</span> <span class='ocrx_word' id='word_1_75' title='bbox 1369 1300 1467 1357; x_wconf 85' lang='grc' dir='ltr'>Καὶ</span> <span class='ocrx_word' id='word_1_76' title='bbox 1550 1298 1765 1359; x_wconf 87' lang='grc' dir='ltr'>τούτοις</span> <span class='ocrx_word' id='word_1_77' title='bbox 1831 1297 1906 1360; x_wconf 84' lang='grc' dir='ltr'>ὡς</span> 
     </span>
    </p>
   </div>
   <div class='ocr_carea' id='block_1_14' title="bbox 256 1387 1906 1473">
    <p class='ocr_par' dir='ltr' id='par_1_14' title="bbox 256 1387 1906 1473">
     <span class='ocr_line' id='line_1_14' title="bbox 256 1387 1906 1473; baseline -0.008 -20"><span class='ocrx_word' id='word_1_78' title='bbox 256 1397 490 1467; x_wconf 83' lang='grc' dir='ltr'>ἀληθῶς</span> <span class='ocrx_word' id='word_1_79' title='bbox 523 1396 599 1458; x_wconf 83' lang='grc' dir='ltr'>εἰς</span> <span class='ocrx_word' id='word_1_80' title='bbox 641 1395 924 1473; x_wconf 67' lang='grc' dir='ltr'>αἴσχιστον</span> <span class='ocrx_word' id='word_1_81' title='bbox 971 1393 1156 1447; x_wconf 87' lang='grc' dir='ltr'>πίπτει</span> <span class='ocrx_word' id='word_1_82' title='bbox 1203 1392 1266 1446; x_wconf 87' lang='grc' dir='ltr'>τὸ</span> <span class='ocrx_word' id='word_1_83' title='bbox 1319 1391 1396 1465; x_wconf 82' lang='grc' dir='ltr'>μή</span> <span class='ocrx_word' id='word_1_84' title='bbox 1446 1387 1678 1461; x_wconf 73' lang='grc' dir='ltr'>πολέμῳ</span> <span class='ocrx_word' id='word_1_85' title='bbox 1726 1387 1906 1441; x_wconf 81' lang='grc' dir='ltr'>τεθνά-</span> 
     </span>
    </p>
   </div>
   <div class='ocr_carea' id='block_1_15' title="bbox 254 1476 1904 1559">
    <p class='ocr_par' dir='ltr' id='par_1_15' title="bbox 254 1476 1904 1559">
     <span class='ocr_line' id='line_1_15' title="bbox 254 1476 1904 1559; baseline -0.007 -19"><span class='ocrx_word' id='word_1_86' title='bbox 254 1507 372 1552; x_wconf 85' lang='grc' dir='ltr'>ναι,</span> <span class='ocrx_word' id='word_1_87' title='bbox 409 1483 549 1559; x_wconf 76' lang='grc' dir='ltr'>μηδὲ</span> <span class='ocrx_word' id='word_1_88' title='bbox 577 1485 826 1540; x_wconf 79' lang='grc' dir='ltr'>τάκείνου</span> <span class='ocrx_word' id='word_1_89' title='bbox 861 1485 1095 1558; x_wconf 85' lang='grc' dir='ltr'>βακχεῖα</span> <span class='ocrx_word' id='word_1_90' title='bbox 1134 1487 1250 1543; x_wconf 91' lang='grc' dir='ltr'>τοῖς</span> <span class='ocrx_word' id='word_1_91' title='bbox 1294 1481 1508 1552; x_wconf 87' lang='grc' dir='ltr'>σώμασι</span> <span class='ocrx_word' id='word_1_92' title='bbox 1547 1476 1904 1545; x_wconf 80' lang='grc' dir='ltr'>τελεσθῆναι·</span> 
     </span>
    </p>
   </div>
   <div class='ocr_carea' id='block_1_16' title="bbox 254 1563 1909 1644">
    <p class='ocr_par' dir='ltr' id='par_1_16' title="bbox 254 1563 1909 1644">
     <span class='ocr_line' id='line_1_16' title="bbox 254 1563 1909 1644; baseline -0.007 -13"><span class='ocrx_word' id='word_1_93' title='bbox 254 1578 354 1632; x_wconf 83' lang='grc' dir='ltr'>καί</span> <span class='ocrx_word' id='word_1_94' title='bbox 386 1595 468 1637; x_wconf 90' lang='grc' dir='ltr'>τις</span> <span class='ocrx_word' id='word_1_95' title='bbox 499 1572 607 1644; x_wconf 77' lang='grc' dir='ltr'>ἤδη</span> <span class='ocrx_word' id='word_1_96' title='bbox 639 1579 802 1628; x_wconf 86' lang='grc' dir='ltr'>τοῦτο</span> <span class='ocrx_word' id='word_1_97' title='bbox 840 1570 1114 1634; x_wconf 81' lang='grc' dir='ltr'>πολλάκις</span> <span class='ocrx_word' id='word_1_98' title='bbox 1154 1571 1320 1644; x_wconf 68' lang='grc' dir='ltr'>ἑτέρῳ</span> <span class='ocrx_word' id='word_1_99' title='bbox 1361 1568 1436 1631; x_wconf 79' lang='grc' dir='ltr'>εἷς</span> <span class='ocrx_word' id='word_1_100' title='bbox 1486 1563 1690 1630; x_wconf 76' lang='grc' dir='ltr'>ὄνειδος</span> <span class='ocrx_word' id='word_1_101' title='bbox 1736 1565 1909 1639; x_wconf 75' lang='grc' dir='ltr'>προῦ-</span> 
     </span>
    </p>
   </div>
   <div class='ocr_carea' id='block_1_17' title="bbox 256 1654 1904 1736">
    <p class='ocr_par' dir='ltr' id='par_1_17' title="bbox 256 1654 1904 1736">
     <span class='ocr_line' id='line_1_17' title="bbox 256 1654 1904 1736; baseline -0.008 -16"><span class='ocrx_word' id='word_1_102' title='bbox 256 1685 432 1720; x_wconf 88' lang='grc' dir='ltr'>τεινεν</span> <span class='ocrx_word' id='word_1_103' title='bbox 456 1685 471 1697; x_wconf 89' lang='grc'><strong>·</strong></span> <span class='ocrx_word' id='word_1_104' title='bbox 503 1665 659 1718; x_wconf 86' lang='grc' dir='ltr'>Ὅθεν</span> <span class='ocrx_word' id='word_1_105' title='bbox 694 1664 843 1736; x_wconf 73' lang='grc' dir='ltr'>ὁρμῇ</span> <span class='ocrx_word' id='word_1_106' title='bbox 877 1659 1183 1735; x_wconf 71' lang='grc' dir='ltr'>μαινομὲνῃ</span> <span class='ocrx_word' id='word_1_107' title='bbox 1227 1661 1502 1732; x_wconf 81' lang='grc' dir='ltr'>χωροῦσιν</span> <span class='ocrx_word' id='word_1_108' title='bbox 1550 1654 1904 1730; x_wconf 73' lang='grc' dir='ltr'>ἑκασταχόσε,</span> 
     </span>
    </p>
   </div>
   <div class='ocr_carea' id='block_1_18' title="bbox 260 1743 1908 1829">
    <p class='ocr_par' dir='ltr' id='par_1_18' title="bbox 260 1743 1908 1829">
     <span class='ocr_line' id='line_1_18' title="bbox 260 1743 1908 1829; baseline -0.008 -19"><span class='ocrx_word' id='word_1_109' title='bbox 260 1751 500 1829; x_wconf 83' lang='grc' dir='ltr'>μηδενὸς</span> <span class='ocrx_word' id='word_1_110' title='bbox 560 1751 924 1826; x_wconf 75' lang='grc' dir='ltr'>άνταίροντος,</span> <span class='ocrx_word' id='word_1_111' title='bbox 994 1747 1122 1804; x_wconf 77' lang='grc' dir='ltr'>ἀλλ’</span> <span class='ocrx_word' id='word_1_112' title='bbox 1195 1747 1376 1822; x_wconf 82' lang='grc' dir='ltr'>ὥσπερ</span> <span class='ocrx_word' id='word_1_113' title='bbox 1447 1747 1534 1800; x_wconf 84' lang='grc' dir='ltr'>ὑπ’</span> <span class='ocrx_word' id='word_1_114' title='bbox 1596 1743 1908 1814; x_wconf 74' lang='grc' dir='ltr'>ἐκπλήξεως</span> 
     </span>
    </p>
   </div>
   <div class='ocr_carea' id='block_1_19' title="bbox 255 1831 1906 1916">
    <p class='ocr_par' dir='ltr' id='par_1_19' title="bbox 255 1831 1906 1916">
     <span class='ocr_line' id='line_1_19' title="bbox 255 1831 1906 1916; baseline -0.009 -17"><span class='ocrx_word' id='word_1_115' title='bbox 255 1846 482 1899; x_wconf 80' lang='grc' dir='ltr'>πάντων</span> <span class='ocrx_word' id='word_1_116' title='bbox 513 1843 650 1916; x_wconf 87' lang='grc' dir='ltr'>πρὸς</span> <span class='ocrx_word' id='word_1_117' title='bbox 693 1837 869 1914; x_wconf 84' lang='grc' dir='ltr'>μόνην</span> <span class='ocrx_word' id='word_1_118' title='bbox 918 1837 1274 1910; x_wconf 80' lang='grc' dir='ltr'>ἐξισταμένων</span> <span class='ocrx_word' id='word_1_119' title='bbox 1321 1837 1422 1905; x_wconf 77' lang='grc' dir='ltr'>τὴν</span> <span class='ocrx_word' id='word_1_120' title='bbox 1466 1835 1656 1904; x_wconf 78' lang='grc' dir='ltr'>ἀκοὴν,</span> <span class='ocrx_word' id='word_1_121' title='bbox 1711 1831 1906 1906; x_wconf 82' lang='grc' dir='ltr'>δῃοῦν-</span> 
     </span>
    </p>
   </div>
   <div class='ocr_carea' id='block_1_20' title="bbox 253 1923 1904 2008">
    <p class='ocr_par' dir='ltr' id='par_1_20' title="bbox 253 1923 1904 2008">
     <span class='ocr_line' id='line_1_20' title="bbox 253 1923 1904 2008; baseline -0.008 -20"><span class='ocrx_word' id='word_1_122' title='bbox 253 1953 372 1999; x_wconf 85' lang='grc' dir='ltr'>τες,</span> <span class='ocrx_word' id='word_1_123' title='bbox 441 1933 802 2008; x_wconf 78' lang='grc' dir='ltr'>πορθοῦντες,</span> <span class='ocrx_word' id='word_1_124' title='bbox 872 1927 1183 2002; x_wconf 78' lang='grc' dir='ltr'>τέμνοντες,</span> <span class='ocrx_word' id='word_1_125' title='bbox 1251 1926 1499 1993; x_wconf 80' lang='grc' dir='ltr'>κάοντες,</span> <span class='ocrx_word' id='word_1_126' title='bbox 1581 1923 1904 1995; x_wconf 82' lang='grc' dir='ltr'>ληϊζόμενοι</span> 
     </span>
    </p>
   </div>
   <div class='ocr_carea' id='block_1_21' title="bbox 254 2011 1907 2097">
    <p class='ocr_par' dir='ltr' id='par_1_21' title="bbox 254 2011 1907 2097">
     <span class='ocr_line' id='line_1_21' title="bbox 254 2011 1907 2097; baseline -0.008 -19"><span class='ocrx_word' id='word_1_127' title='bbox 254 2023 580 2097; x_wconf 77' lang='grc' dir='ltr'>ἀνθρώπους</span> <span class='ocrx_word' id='word_1_128' title='bbox 610 2021 736 2082; x_wconf 80' lang='grc' dir='ltr'>τοὺς</span> <span class='ocrx_word' id='word_1_129' title='bbox 781 2020 876 2093; x_wconf 68' lang='grc' dir='ltr'>μὲν</span> <span class='ocrx_word' id='word_1_130' title='bbox 916 2015 1417 2094; x_wconf 86' lang='grc' dir='ltr'>δουλαγωγοῦντες,</span> <span class='ocrx_word' id='word_1_131' title='bbox 1459 2016 1585 2076; x_wconf 83' lang='grc' dir='ltr'>τοὺς</span> <span class='ocrx_word' id='word_1_132' title='bbox 1629 2011 1686 2067; x_wconf 69' lang='grc' dir='ltr'>δὲ</span> <span class='ocrx_word' id='word_1_133' title='bbox 1735 2011 1907 2088; x_wconf 86' lang='grc' dir='ltr'>σφάτ-</span> 
     </span>
    </p>
   </div>
   <div class='ocr_carea' id='block_1_22' title="bbox 251 2101 1908 2185">
    <p class='ocr_par' dir='ltr' id='par_1_22' title="bbox 251 2101 1908 2185">
     <span class='ocr_line' id='line_1_22' title="bbox 251 2101 1908 2185; baseline -0.007 -19"><span class='ocrx_word' id='word_1_134' title='bbox 251 2132 466 2179; x_wconf 88' lang='grc' dir='ltr'>τοντες,</span> <span class='ocrx_word' id='word_1_135' title='bbox 531 2113 738 2185; x_wconf 82' lang='grc' dir='ltr'>νεκρῶν</span> <span class='ocrx_word' id='word_1_136' title='bbox 801 2107 1084 2168; x_wconf 80' lang='grc' dir='ltr'>κολωνοὺς</span> <span class='ocrx_word' id='word_1_137' title='bbox 1152 2106 1415 2177; x_wconf 79' lang='grc' dir='ltr'>ἱστάντες,</span> <span class='ocrx_word' id='word_1_138' title='bbox 1483 2103 1776 2162; x_wconf 80' lang='grc' dir='ltr'>τοσούτους</span> <span class='ocrx_word' id='word_1_139' title='bbox 1843 2101 1908 2155; x_wconf 88' lang='grc' dir='ltr'>τὸ</span> 
     </span>
    </p>
   </div>
   <div class='ocr_carea' id='block_1_23' title="bbox 250 2189 1908 2274">
    <p class='ocr_par' dir='ltr' id='par_1_23' title="bbox 250 2189 1908 2274">
     <span class='ocr_line' id='line_1_23' title="bbox 250 2189 1908 2274; baseline -0.008 -16"><span class='ocrx_word' id='word_1_140' title='bbox 250 2203 499 2272; x_wconf 84' lang='grc' dir='ltr'>πλῆθος,</span> <span class='ocrx_word' id='word_1_141' title='bbox 561 2201 636 2263; x_wconf 85' lang='grc' dir='ltr'>ὡς</span> <span class='ocrx_word' id='word_1_142' title='bbox 699 2196 869 2274; x_wconf 75' lang='grc' dir='ltr'>μηδὲν</span> <span class='ocrx_word' id='word_1_143' title='bbox 927 2198 1062 2253; x_wconf 84' lang='grc' dir='ltr'>εἶναι</span> <span class='ocrx_word' id='word_1_144' title='bbox 1112 2198 1248 2272; x_wconf 87' lang='grc' dir='ltr'>πρὸς</span> <span class='ocrx_word' id='word_1_145' title='bbox 1295 2196 1524 2256; x_wconf 88' lang='grc' dir='ltr'>τούτους</span> <span class='ocrx_word' id='word_1_146' title='bbox 1587 2189 1728 2268; x_wconf 68' lang='grc' dir='ltr'>μηδὲ</span> <span class='ocrx_word' id='word_1_147' title='bbox 1781 2189 1908 2252; x_wconf 79' lang='grc' dir='ltr'>τοὺς</span> 
     </span>
    </p>
   </div>
   <div class='ocr_carea' id='block_1_24' title="bbox 253 2285 1910 2366">
    <p class='ocr_par' dir='ltr' id='par_1_24' title="bbox 253 2285 1910 2366">
     <span class='ocr_line' id='line_1_24' title="bbox 253 2285 1910 2366; baseline -0.008 -18"><span class='ocrx_word' id='word_1_148' title='bbox 253 2293 609 2366; x_wconf 78' lang='grc' dir='ltr'>Κερκυραίων</span> <span class='ocrx_word' id='word_1_149' title='bbox 661 2289 883 2366; x_wconf 80' lang='grc' dir='ltr'>νεκροὺς</span> <span class='ocrx_word' id='word_1_150' title='bbox 919 2289 1057 2359; x_wconf 85' lang='grc' dir='ltr'>,οὖς</span> <span class='ocrx_word' id='word_1_151' title='bbox 1115 2286 1198 2366; x_wconf 86' lang='grc' dir='ltr'>ἐφ’</span> <span class='ocrx_word' id='word_1_152' title='bbox 1257 2287 1502 2360; x_wconf 77' lang='grc' dir='ltr'>ἁμαξῶν,</span> <span class='ocrx_word' id='word_1_153' title='bbox 1581 2285 1656 2345; x_wconf 85' lang='grc' dir='ltr'>ὡς</span> <span class='ocrx_word' id='word_1_154' title='bbox 1733 2290 1910 2338; x_wconf 89' lang='grc' dir='ltr'>Θυκυ-</span> 
     </span>
    </p>
   </div>
   <div class='ocr_carea' id='block_1_25' title="bbox 253 2369 1910 2454">
    <p class='ocr_par' dir='ltr' id='par_1_25' title="bbox 253 2369 1910 2454">
     <span class='ocr_line' id='line_1_25' title="bbox 253 2369 1910 2454; baseline -0.008 -17"><span class='ocrx_word' id='word_1_155' title='bbox 253 2379 420 2451; x_wconf 82' lang='grc' dir='ltr'>ὂίδης</span> <span class='ocrx_word' id='word_1_156' title='bbox 453 2380 619 2454; x_wconf 84' lang='grc' dir='ltr'>φησίν</span> <span class='ocrx_word' id='word_1_157' title='bbox 650 2382 789 2453; x_wconf 85' lang='grc'>(11),</span> <span class='ocrx_word' id='word_1_158' title='bbox 838 2373 1026 2454; x_wconf 83' lang='grc' dir='ltr'>ἔφερον</span> <span class='ocrx_word' id='word_1_159' title='bbox 1050 2395 1063 2410; x_wconf 86' lang='grc'><strong>·</strong></span> <span class='ocrx_word' id='word_1_160' title='bbox 1116 2375 1244 2432; x_wconf 84' lang='grc' dir='ltr'>ἀλλ’</span> <span class='ocrx_word' id='word_1_161' title='bbox 1293 2375 1548 2450; x_wconf 81' lang='grc' dir='ltr'>ἀποχρῆν</span> <span class='ocrx_word' id='word_1_162' title='bbox 1604 2373 1697 2446; x_wconf 73' lang='grc' dir='ltr'>μὲν</span> <span class='ocrx_word' id='word_1_163' title='bbox 1729 2370 1786 2426; x_wconf 76' lang='grc' dir='ltr'>ἂν</span> <span class='ocrx_word' id='word_1_164' title='bbox 1822 2369 1910 2425; x_wconf 75' lang='grc' dir='ltr'>ἐν-</span> 
     </span>
    </p>
   </div>
   <div class='ocr_carea' id='block_1_26' title="bbox 250 2460 1912 2544">
    <p class='ocr_par' dir='ltr' id='par_1_26' title="bbox 250 2460 1912 2544">
     <span class='ocr_line' id='line_1_26' title="bbox 250 2460 1912 2544; baseline -0.009 -17"><span class='ocrx_word' id='word_1_165' title='bbox 250 2472 440 2527; x_wconf 83' lang='grc' dir='ltr'>τεῦθεν</span> <span class='ocrx_word' id='word_1_166' title='bbox 473 2470 563 2524; x_wconf 81' lang='grc' dir='ltr'>καὶ</span> <span class='ocrx_word' id='word_1_167' title='bbox 610 2469 894 2540; x_wconf 82' lang='grc' dir='ltr'>ποταμοὺς</span> <span class='ocrx_word' id='word_1_168' title='bbox 942 2469 1229 2544; x_wconf 81' lang='grc' dir='ltr'>γεφυροῦν,</span> <span class='ocrx_word' id='word_1_169' title='bbox 1289 2463 1343 2520; x_wconf 75' lang='grc' dir='ltr'>εἴ</span> <span class='ocrx_word' id='word_1_170' title='bbox 1384 2485 1466 2525; x_wconf 91' lang='grc' dir='ltr'>τις</span> <span class='ocrx_word' id='word_1_171' title='bbox 1515 2460 1726 2517; x_wconf 80' lang='grc' dir='ltr'>ἐθέλει·</span> <span class='ocrx_word' id='word_1_172' title='bbox 1772 2460 1912 2514; x_wconf 87' lang='grc' dir='ltr'>άπο-</span> 
     </span>
    </p>
   </div>
   <div class='ocr_carea' id='block_1_27' title="bbox 253 2550 1910 2635">
    <p class='ocr_par' dir='ltr' id='par_1_27' title="bbox 253 2550 1910 2635">
     <span class='ocr_line' id='line_1_27' title="bbox 253 2550 1910 2635; baseline -0.005 -22"><span class='ocrx_word' id='word_1_173' title='bbox 253 2566 404 2635; x_wconf 76' lang='grc' dir='ltr'>χρῆν</span> <span class='ocrx_word' id='word_1_174' title='bbox 467 2557 514 2614; x_wconf 88' lang='grc' dir='ltr'>δ’</span> <span class='ocrx_word' id='word_1_175' title='bbox 564 2556 624 2613; x_wconf 79' lang='grc' dir='ltr'>ἂν</span> <span class='ocrx_word' id='word_1_176' title='bbox 684 2557 799 2612; x_wconf 83' lang='grc' dir='ltr'>ἀντὶ</span> <span class='ocrx_word' id='word_1_177' title='bbox 854 2561 1120 2632; x_wconf 88' lang='grc' dir='ltr'>φραγμῶν</span> <span class='ocrx_word' id='word_1_178' title='bbox 1175 2553 1452 2630; x_wconf 90' lang='grc' dir='ltr'>γίγνεσθαι</span> <span class='ocrx_word' id='word_1_179' title='bbox 1508 2556 1624 2614; x_wconf 90' lang='grc' dir='ltr'>τοῖς</span> <span class='ocrx_word' id='word_1_180' title='bbox 1701 2550 1910 2626; x_wconf 82' lang='grc' dir='ltr'>ἀγροῖς.</span> 
     </span>
    </p>
   </div>
   <div class='ocr_carea' id='block_1_28' title="bbox 255 2642 1911 2716">
    <p class='ocr_par' dir='ltr' id='par_1_28' title="bbox 255 2642 1911 2716">
     <span class='ocr_line' id='line_1_28' title="bbox 255 2642 1911 2716; baseline -0.007 -13"><span class='ocrx_word' id='word_1_181' title='bbox 255 2647 492 2708; x_wconf 71' lang='grc' dir='ltr'>Μᾶλλον</span> <span class='ocrx_word' id='word_1_182' title='bbox 522 2645 582 2702; x_wconf 72' lang='grc' dir='ltr'><strong>δὲ</strong></span> <span class='ocrx_word' id='word_1_183' title='bbox 611 2647 702 2702; x_wconf 83' lang='grc' dir='ltr'>καὶ</span> <span class='ocrx_word' id='word_1_184' title='bbox 750 2646 979 2708; x_wconf 80' lang='grc' dir='ltr'>τούτους</span> <span class='ocrx_word' id='word_1_185' title='bbox 1011 2643 1097 2700; x_wconf 72' lang='grc' dir='ltr'>ἐπὶ</span> <span class='ocrx_word' id='word_1_186' title='bbox 1145 2648 1402 2700; x_wconf 89' lang='grc' dir='ltr'>τοσοῦτον</span> <span class='ocrx_word' id='word_1_187' title='bbox 1451 2642 1911 2716; x_wconf 90' lang='grc' dir='ltr'>στενοχωροῦσιν,</span> 
     </span>
    </p>
   </div>
   <div class='ocr_carea' id='block_1_29' title="bbox 274 2723 1918 2811">
    <p class='ocr_par' dir='ltr' id='par_1_29' title="bbox 274 2723 1918 2811">
     <span class='ocr_line' id='line_1_29' title="bbox 274 2723 1918 2811; baseline -0.005 -21"><span class='ocrx_word' id='word_1_188' title='bbox 274 2737 357 2796; x_wconf 75' lang='grc' dir='ltr'>ὡς</span> <span class='ocrx_word' id='word_1_189' title='bbox 401 2733 533 2810; x_wconf 74' lang='grc' dir='ltr'>μηδὲ</span> <span class='ocrx_word' id='word_1_190' title='bbox 583 2733 768 2811; x_wconf 69' lang='grc' dir='ltr'>ῥᾴδιον</span> <span class='ocrx_word' id='word_1_191' title='bbox 821 2735 953 2788; x_wconf 82' lang='grc' dir='ltr'>εἶναι</span> <span class='ocrx_word' id='word_1_192' title='bbox 1012 2731 1298 2804; x_wconf 77' lang='grc' dir='ltr'>διεξελθεῖν</span> <span class='ocrx_word' id='word_1_193' title='bbox 1357 2730 1445 2786; x_wconf 80' lang='grc' dir='ltr'>διά</span> <span class='ocrx_word' id='word_1_194' title='bbox 1501 2730 1708 2786; x_wconf 89' lang='grc' dir='ltr'>τούτων</span> <span class='ocrx_word' id='word_1_195' title='bbox 1763 2723 1918 2802; x_wconf 83' lang='grc' dir='ltr'>βαδί-</span> 
     </span>
    </p>
   </div>
   <div class='ocr_carea' id='block_1_30' title="bbox 282 2815 1920 2898">
    <p class='ocr_par' dir='ltr' id='par_1_30' title="bbox 282 2815 1920 2898">
     <span class='ocr_line' id='line_1_30' title="bbox 282 2815 1920 2898; baseline -0.005 -20"><span class='ocrx_word' id='word_1_196' title='bbox 282 2831 476 2894; x_wconf 83' lang='grc' dir='ltr'>ζοντα·</span> <span class='ocrx_word' id='word_1_197' title='bbox 503 2823 633 2882; x_wconf 84' lang='grc' dir='ltr'>άλλ’</span> <span class='ocrx_word' id='word_1_198' title='bbox 680 2822 885 2898; x_wconf 81' lang='grc' dir='ltr'>ἄνάγκη</span> <span class='ocrx_word' id='word_1_199' title='bbox 926 2821 1184 2891; x_wconf 86' lang='grc' dir='ltr'>πολλοῖς,</span> <span class='ocrx_word' id='word_1_200' title='bbox 1225 2821 1270 2876; x_wconf 81' lang='grc' dir='ltr'>εἶ</span> <span class='ocrx_word' id='word_1_201' title='bbox 1312 2823 1422 2877; x_wconf 74' lang='grc' dir='ltr'>οἶόν</span> <span class='ocrx_word' id='word_1_202' title='bbox 1458 2821 1505 2875; x_wconf 90' lang='grc' dir='ltr'>τ’</span> <span class='ocrx_word' id='word_1_203' title='bbox 1547 2819 1733 2887; x_wconf 83' lang='grc' dir='ltr'>εἰπεῖν,</span> <span class='ocrx_word' id='word_1_204' title='bbox 1785 2815 1920 2872; x_wconf 74' lang='grc' dir='ltr'>ἐπο-</span> 
     </span>
    </p>
   </div>
   <div class='ocr_carea' id='block_1_31' title="bbox 272 2909 1920 2992">
    <p class='ocr_par' dir='ltr' id='par_1_31' title="bbox 272 2909 1920 2992">
     <span class='ocr_line' id='line_1_31' title="bbox 272 2909 1920 2992; baseline -0.004 -25"><span class='ocrx_word' id='word_1_205' title='bbox 272 2914 548 2987; x_wconf 53' lang='grc' dir='ltr'>μχούμενον</span> <span class='ocrx_word' id='word_1_206' title='bbox 588 2913 876 2992; x_wconf 73' lang='grc' dir='ltr'>φέρεσθαι·</span> <span class='ocrx_word' id='word_1_207' title='bbox 915 2913 1057 2967; x_wconf 76' lang='grc' dir='ltr'>οὕτω</span> <span class='ocrx_word' id='word_1_208' title='bbox 1097 2911 1290 2966; x_wconf 82' lang='grc' dir='ltr'>πυκνοὶ</span> <span class='ocrx_word' id='word_1_209' title='bbox 1332 2910 1645 2978; x_wconf 80' lang='grc' dir='ltr'>πίπτουσιν,</span> <span class='ocrx_word' id='word_1_210' title='bbox 1700 2909 1920 2963; x_wconf 73' lang='grc' dir='ltr'>ἑστιῶν-</span> 
     </span>
    </p>
   </div>
   <div class='ocr_carea' id='block_1_32' title="bbox 283 2999 1918 3077">
    <p class='ocr_par' dir='ltr' id='par_1_32' title="bbox 283 2999 1918 3077">
     <span class='ocr_line' id='line_1_32' title="bbox 283 2999 1918 3077; baseline -0.004 -20"><span class='ocrx_word' id='word_1_211' title='bbox 283 3023 368 3062; x_wconf 75' lang='grc' dir='ltr'>τες</span> <span class='ocrx_word' id='word_1_212' title='bbox 398 3005 490 3077; x_wconf 76' lang='grc' dir='ltr'>μὲν</span> <span class='ocrx_word' id='word_1_213' title='bbox 543 3002 797 3070; x_wconf 78' lang='grc' dir='ltr'>οἰωνοὺς,</span> <span class='ocrx_word' id='word_1_214' title='bbox 843 3002 1122 3063; x_wconf 66' lang='grc' dir='ltr'>ἑστιῶντες</span> <span class='ocrx_word' id='word_1_215' title='bbox 1175 2999 1232 3057; x_wconf 69' lang='grc' dir='ltr'>δὲ</span> <span class='ocrx_word' id='word_1_216' title='bbox 1262 3003 1455 3075; x_wconf 85' lang='grc' dir='ltr'>θῆρας,</span> <span class='ocrx_word' id='word_1_217' title='bbox 1503 3000 1592 3055; x_wconf 77' lang='grc' dir='ltr'>καὶ</span> <span class='ocrx_word' id='word_1_218' title='bbox 1633 3001 1696 3055; x_wconf 86' lang='grc' dir='ltr'>τὸ</span> <span class='ocrx_word' id='word_1_219' title='bbox 1745 3003 1918 3054; x_wconf 83' lang='grc' dir='ltr'>κυνῶν</span> 
     </span>
    </p>
   </div>
   <div class='ocr_carea' id='block_1_33' title="bbox 274 3089 1926 3170">
    <p class='ocr_par' dir='ltr' id='par_1_33' title="bbox 274 3089 1926 3170">
     <span class='ocr_line' id='line_1_33' title="bbox 274 3089 1926 3170; baseline -0.003 -23"><span class='ocrx_word' id='word_1_220' title='bbox 274 3091 420 3156; x_wconf 82' lang='grc' dir='ltr'>ἔθνος</span> <span class='ocrx_word' id='word_1_221' title='bbox 450 3139 461 3148; x_wconf 95' lang='grc'>.</span> <span class='ocrx_word' id='word_1_222' title='bbox 499 3095 565 3150; x_wconf 76' lang='grc' dir='ltr'>’Π</span> <span class='ocrx_word' id='word_1_223' title='bbox 607 3092 711 3170; x_wconf 73' lang='grc' dir='ltr'>γὰρ</span> <span class='ocrx_word' id='word_1_224' title='bbox 751 3095 858 3146; x_wconf 89' lang='grc' dir='ltr'>τῶν</span> <span class='ocrx_word' id='word_1_225' title='bbox 901 3090 1144 3166; x_wconf 73' lang='grc' dir='ltr'>ἐχόντων</span> <span class='ocrx_word' id='word_1_226' title='bbox 1197 3090 1387 3152; x_wconf 84' lang='grc' dir='ltr'>σπάνις</span> <span class='ocrx_word' id='word_1_227' title='bbox 1437 3089 1549 3144; x_wconf 67' lang='grc' dir='ltr'>ἀντὶ</span> <span class='ocrx_word' id='word_1_228' title='bbox 1614 3090 1926 3164; x_wconf 76' lang='grc' dir='ltr'>χειροήθων</span> 
     </span>
    </p>
   </div>
   <div class='ocr_carea' id='block_1_34' title="bbox 270 3178 1922 3259">
    <p class='ocr_par' dir='ltr' id='par_1_34' title="bbox 270 3178 1922 3259">
     <span class='ocr_line' id='line_1_34' title="bbox 270 3178 1922 3259; baseline -0.004 -20"><span class='ocrx_word' id='word_1_229' title='bbox 270 3183 349 3245; x_wconf 80' lang='grc' dir='ltr'>εἰς</span> <span class='ocrx_word' id='word_1_230' title='bbox 381 3183 700 3259; x_wconf 76' lang='grc' dir='ltr'>ἀνημέρους</span> <span class='ocrx_word' id='word_1_231' title='bbox 749 3183 840 3236; x_wconf 85' lang='grc' dir='ltr'>καὶ</span> <span class='ocrx_word' id='word_1_232' title='bbox 886 3181 1113 3243; x_wconf 85' lang='grc' dir='ltr'>τούτους</span> <span class='ocrx_word' id='word_1_233' title='bbox 1155 3181 1381 3256; x_wconf 77' lang='grc' dir='ltr'>ἤγαγεν,</span> <span class='ocrx_word' id='word_1_234' title='bbox 1433 3178 1922 3252; x_wconf 83' lang='grc' dir='ltr'>ἆπαναινομένους,</span> 
     </span>
    </p>
   </div>
   <div class='ocr_carea' id='block_1_35' title="bbox 272 3267 1918 3344">
    <p class='ocr_par' dir='ltr' id='par_1_35' title="bbox 272 3267 1918 3344">
     <span class='ocr_line' id='line_1_35' title="bbox 272 3267 1918 3344; baseline -0.004 -17"><span class='ocrx_word' id='word_1_235' title='bbox 272 3273 328 3327; x_wconf 77' lang='grc' dir='ltr'>εἴ</span> <span class='ocrx_word' id='word_1_236' title='bbox 352 3269 498 3336; x_wconf 75' lang='grc' dir='ltr'>τινές</span> <span class='ocrx_word' id='word_1_237' title='bbox 527 3293 634 3326; x_wconf 91' lang='grc' dir='ltr'>που</span> <span class='ocrx_word' id='word_1_238' title='bbox 675 3271 884 3326; x_wconf 88' lang='grc' dir='ltr'>τούτων</span> <span class='ocrx_word' id='word_1_239' title='bbox 929 3275 1158 3343; x_wconf 82' lang='grc' dir='ltr'>φανεῖεν,</span> <span class='ocrx_word' id='word_1_240' title='bbox 1193 3270 1450 3344; x_wconf 87' lang='grc' dir='ltr'>φυγόντες</span> <span class='ocrx_word' id='word_1_241' title='bbox 1503 3269 1596 3341; x_wconf 70' lang='grc' dir='ltr'>μὲν</span> <span class='ocrx_word' id='word_1_242' title='bbox 1639 3268 1700 3323; x_wconf 88' lang='grc' dir='ltr'>τὸ</span> <span class='ocrx_word' id='word_1_243' title='bbox 1745 3267 1918 3343; x_wconf 81' lang='grc' dir='ltr'>ξίφος,</span> 
     </span>
    </p>
   </div>
   <div class='ocr_carea' id='block_1_36' title="bbox 272 3334 1992 3436">
    <p class='ocr_par' dir='ltr' id='par_1_36' title="bbox 272 3334 1992 3436">
     <span class='ocr_line' id='line_1_36' title="bbox 272 3334 1992 3436; baseline -0.004 -20"><span class='ocrx_word' id='word_1_244' title='bbox 272 3334 614 3435; x_wconf 81' lang='grc' dir='ltr'>βουλόμενοι</span> <span class='ocrx_word' id='word_1_245' title='bbox 675 3358 732 3415; x_wconf 81' lang='grc' dir='ltr'><strong>δέ</strong></span> <span class='ocrx_word' id='word_1_246' title='bbox 777 3381 828 3414; x_wconf 90' lang='grc' dir='ltr'>τι</span> <span class='ocrx_word' id='word_1_247' title='bbox 885 3334 1099 3433; x_wconf 74' lang='grc' dir='ltr'>νύκτωρ</span> <span class='ocrx_word' id='word_1_248' title='bbox 1142 3334 1290 3413; x_wconf 43' lang='grc' dir='ltr'>τῶν.</span> <span class='ocrx_word' id='word_1_249' title='bbox 1333 3334 1600 3436; x_wconf 73' lang='grc' dir='ltr'>σφετέρων</span> <span class='ocrx_word' id='word_1_250' title='bbox 1658 3334 1914 3430; x_wconf 77' lang='grc' dir='ltr'>ἁρπάσαι,</span> <span class='ocrx_word' id='word_1_251' title='bbox 1950 3334 1992 3402; x_wconf 77' lang='lat' dir='ltr'><strong><em>C</em></strong></span> 
     </span>
    </p>
   </div>
   <div class='ocr_carea' id='block_1_37' title="bbox 267 3442 1914 3530">
    <p class='ocr_par' dir='ltr' id='par_1_37' title="bbox 267 3442 1914 3530">
     <span class='ocr_line' id='line_1_37' title="bbox 267 3442 1914 3530; baseline -0.004 -24"><span class='ocrx_word' id='word_1_252' title='bbox 267 3452 356 3530; x_wconf 80' lang='grc' dir='ltr'>ἐφ’</span> <span class='ocrx_word' id='word_1_253' title='bbox 407 3451 455 3522; x_wconf 82' lang='grc' dir='ltr'>ᾧ</span> <span class='ocrx_word' id='word_1_254' title='bbox 497 3472 574 3523; x_wconf 87' lang='grc' dir='ltr'>μη</span> <span class='ocrx_word' id='word_1_255' title='bbox 618 3449 772 3523; x_wconf 78' lang='grc' dir='ltr'>λιμῶ</span> <span class='ocrx_word' id='word_1_256' title='bbox 807 3450 1168 3519; x_wconf 73' lang='grc' dir='ltr'>τεθνήξονται,</span> <span class='ocrx_word' id='word_1_257' title='bbox 1209 3442 1443 3502; x_wconf 72' lang='grc' dir='ltr'>ἀϐίωτον</span> <span class='ocrx_word' id='word_1_258' title='bbox 1471 3468 1483 3480; x_wconf 88' lang='grc'><strong>·</strong></span> <span class='ocrx_word' id='word_1_259' title='bbox 1536 3448 1775 3521; x_wconf 88' lang='grc' dir='ltr'>βιοῦντες</span> <span class='ocrx_word' id='word_1_260' title='bbox 1823 3447 1914 3501; x_wconf 87' lang='grc' dir='ltr'>τὸν</span> 
     </span>
    </p>
   </div>
   <div class='ocr_carea' id='block_1_38' title="bbox 274 3535 1914 3615">
    <p class='ocr_par' dir='ltr' id='par_1_38' title="bbox 274 3535 1914 3615">
     <span class='ocr_line' id='line_1_38' title="bbox 274 3535 1914 3615; baseline -0.002 -22"><span class='ocrx_word' id='word_1_261' title='bbox 274 3542 421 3615; x_wconf 79' lang='grc' dir='ltr'>βίον,</span> <span class='ocrx_word' id='word_1_262' title='bbox 452 3541 543 3594; x_wconf 83' lang='grc' dir='ltr'>καὶ</span> <span class='ocrx_word' id='word_1_263' title='bbox 573 3545 680 3594; x_wconf 89' lang='grc' dir='ltr'>τῶν</span> <span class='ocrx_word' id='word_1_264' title='bbox 709 3537 1087 3595; x_wconf 82' lang='grc' dir='ltr'>ἀπολωλότων</span> <span class='ocrx_word' id='word_1_265' title='bbox 1117 3538 1375 3593; x_wconf 79' lang='grc' dir='ltr'>τοσοῦτον</span> <span class='ocrx_word' id='word_1_266' title='bbox 1407 3536 1769 3615; x_wconf 72' lang='grc' dir='ltr'>διαφέροντες,</span> <span class='ocrx_word' id='word_1_267' title='bbox 1801 3535 1914 3608; x_wconf 76' lang='grc' dir='ltr'>ὅσῳ</span> 
     </span>
    </p>
   </div>
   <div class='ocr_carea' id='block_1_39' title="bbox 270 3626 1912 3706">
    <p class='ocr_par' dir='ltr' id='par_1_39' title="bbox 270 3626 1912 3706">
     <span class='ocr_line' id='line_1_39' title="bbox 270 3626 1912 3706; baseline -0.002 -22"><span class='ocrx_word' id='word_1_268' title='bbox 270 3630 411 3703; x_wconf 80' lang='grc' dir='ltr'>μετὰ</span> <span class='ocrx_word' id='word_1_269' title='bbox 461 3627 678 3691; x_wconf 82' lang='grc' dir='ltr'>πολλάς</span> <span class='ocrx_word' id='word_1_270' title='bbox 733 3649 879 3691; x_wconf 87' lang='grc' dir='ltr'>τινας</span> <span class='ocrx_word' id='word_1_271' title='bbox 929 3628 1235 3706; x_wconf 80' lang='grc' dir='ltr'>ἀφορήτους</span> <span class='ocrx_word' id='word_1_272' title='bbox 1286 3626 1522 3702; x_wconf 83' lang='grc' dir='ltr'>ἀνάγκας</span> <span class='ocrx_word' id='word_1_273' title='bbox 1571 3627 1704 3682; x_wconf 81' lang='grc' dir='ltr'>αὐτὸ</span> <span class='ocrx_word' id='word_1_274' title='bbox 1751 3630 1912 3681; x_wconf 92' lang='grc' dir='ltr'>τοῦτο</span> 
     </span>
    </p>
   </div>
   <div class='ocr_carea' id='block_1_40' title="bbox 268 3718 578 3776">
    <p class='ocr_par' dir='ltr' id='par_1_40' title="bbox 268 3718 578 3776">
     <span class='ocr_line' id='line_1_40' title="bbox 268 3718 578 3776; baseline 0.003 -2"><span class='ocrx_word' id='word_1_275' title='bbox 268 3718 362 3774; x_wconf 85' lang='grc' dir='ltr'>πεί</span> <span class='ocrx_word' id='word_1_276' title='bbox 368 3739 578 3776; x_wconf 88' lang='grc' dir='ltr'>σονται.</span> 
     </span>
    </p>
   </div>
   <div class='ocr_carea' id='block_1_41' title="bbox 349 3802 1910 3882">
    <p class='ocr_par' dir='ltr' id='par_1_41' title="bbox 349 3802 1910 3882">
     <span class='ocr_line' id='line_1_41' title="bbox 349 3802 1910 3882; baseline -0.002 -20"><span class='ocrx_word' id='word_1_277' title='bbox 349 3809 546 3882; x_wconf 80' lang='grc' dir='ltr'>Καιρὸς</span> <span class='ocrx_word' id='word_1_278' title='bbox 577 3804 633 3862; x_wconf 71' lang='grc' dir='ltr'><strong>δὲ</strong></span> <span class='ocrx_word' id='word_1_279' title='bbox 668 3807 757 3861; x_wconf 86' lang='grc' dir='ltr'>καὶ</span> <span class='ocrx_word' id='word_1_280' title='bbox 795 3811 912 3871; x_wconf 87' lang='grc' dir='ltr'>τοῖς</span> <span class='ocrx_word' id='word_1_281' title='bbox 954 3806 1206 3881; x_wconf 72' lang='grc' dir='ltr'>λῃσταῖς,</span> <span class='ocrx_word' id='word_1_282' title='bbox 1255 3809 1370 3868; x_wconf 84' lang='grc' dir='ltr'>οἷος</span> <span class='ocrx_word' id='word_1_283' title='bbox 1418 3802 1570 3862; x_wconf 67' lang='grc' dir='ltr'>οὔπω</span> <span class='ocrx_word' id='word_1_284' title='bbox 1624 3805 1910 3880; x_wconf 87' lang='grc' dir='ltr'>πρότερον,</span> 
     </span>
    </p>
   </div>
   <div class='ocr_carea' id='block_1_42' title="bbox 266 3893 1912 3969">
    <p class='ocr_par' dir='ltr' id='par_1_42' title="bbox 266 3893 1912 3969">
     <span class='ocr_line' id='line_1_42' title="bbox 266 3893 1912 3969; baseline -0.003 -17"><span class='ocrx_word' id='word_1_285' title='bbox 266 3898 363 3952; x_wconf 84' lang='grc' dir='ltr'>καὶ</span> <span class='ocrx_word' id='word_1_286' title='bbox 396 3897 458 3951; x_wconf 82' lang='grc' dir='ltr'>ὃν</span> <span class='ocrx_word' id='word_1_287' title='bbox 505 3894 727 3966; x_wconf 77' lang='grc' dir='ltr'>εὕξαιντ⁹</span> <span class='ocrx_word' id='word_1_288' title='bbox 777 3894 836 3950; x_wconf 83' lang='grc' dir='ltr'>ἃν</span> <span class='ocrx_word' id='word_1_289' title='bbox 885 3893 1069 3958; x_wconf 78' lang='grc' dir='ltr'>αὔτοῖς</span> <span class='ocrx_word' id='word_1_290' title='bbox 1125 3893 1340 3967; x_wconf 79' lang='grc' dir='ltr'>μᾶλλον</span> <span class='ocrx_word' id='word_1_291' title='bbox 1387 3894 1651 3969; x_wconf 75' lang='grc' dir='ltr'>γενέσθαι.</span> <span class='ocrx_word' id='word_1_292' title='bbox 1703 3894 1769 3950; x_wconf 77' lang='grc' dir='ltr'>Οἱ</span> <span class='ocrx_word' id='word_1_293' title='bbox 1812 3895 1912 3969; x_wconf 78' lang='grc' dir='ltr'>γὰρ</span> 
     </span>
    </p>
   </div>
   <div class='ocr_carea' id='block_1_43' title="bbox 262 3981 1916 4059">
    <p class='ocr_par' dir='ltr' id='par_1_43' title="bbox 262 3981 1916 4059">
     <span class='ocr_line' id='line_1_43' title="bbox 262 3981 1916 4059; baseline -0.002 -17"><span class='ocrx_word' id='word_1_294' title='bbox 262 3986 366 4048; x_wconf 81' lang='grc' dir='ltr'>τὰς</span> <span class='ocrx_word' id='word_1_295' title='bbox 399 3991 510 4040; x_wconf 89' lang='grc' dir='ltr'>τῶν</span> <span class='ocrx_word' id='word_1_296' title='bbox 541 3984 823 4057; x_wconf 79' lang='grc' dir='ltr'>πολεμίων</span> <span class='ocrx_word' id='word_1_297' title='bbox 864 3981 1353 4059; x_wconf 83' lang='grc' dir='ltr'>ἀποδιδράσκοντες</span> <span class='ocrx_word' id='word_1_298' title='bbox 1403 3989 1619 4059; x_wconf 85' lang='grc' dir='ltr'>χεῖρας,</span> <span class='ocrx_word' id='word_1_299' title='bbox 1664 3989 1782 4046; x_wconf 87' lang='grc' dir='ltr'>ταῖς</span> <span class='ocrx_word' id='word_1_300' title='bbox 1812 3983 1916 4038; x_wconf 84' lang='grc' dir='ltr'>αύ-</span> 
     </span>
    </p>
   </div>
   <div class='ocr_carea' id='block_1_44' title="bbox 262 4071 1914 4148">
    <p class='ocr_par' dir='ltr' id='par_1_44' title="bbox 262 4071 1914 4148">
     <span class='ocr_line' id='line_1_44' title="bbox 262 4071 1914 4148; baseline -0.002 -18"><span class='ocrx_word' id='word_1_301' title='bbox 262 4081 381 4130; x_wconf 79' lang='grc' dir='ltr'>τῶν</span> <span class='ocrx_word' id='word_1_302' title='bbox 434 4073 588 4136; x_wconf 79' lang='grc' dir='ltr'>εὐθὺς</span> <span class='ocrx_word' id='word_1_303' title='bbox 633 4073 1044 4148; x_wconf 84' lang='grc' dir='ltr'>περιπίπτουσι,</span> <span class='ocrx_word' id='word_1_304' title='bbox 1092 4073 1206 4143; x_wconf 85' lang='grc' dir='ltr'>καὶ,</span> <span class='ocrx_word' id='word_1_305' title='bbox 1254 4072 1482 4134; x_wconf 87' lang='grc' dir='ltr'>τούτους</span> <span class='ocrx_word' id='word_1_306' title='bbox 1529 4071 1736 4136; x_wconf 75' lang='grc' dir='ltr'>ἄλλους</span> <span class='ocrx_word' id='word_1_307' title='bbox 1793 4094 1914 4128; x_wconf 66' lang='grc' dir='ltr'>τοι-</span> 
     </span>
    </p>
   </div>
   <div class='ocr_carea' id='block_1_45' title="bbox 267 4160 1915 4237">
    <p class='ocr_par' dir='ltr' id='par_1_45' title="bbox 267 4160 1915 4237">
     <span class='ocr_line' id='line_1_45' title="bbox 267 4160 1915 4237; baseline -0.002 -18"><span class='ocrx_word' id='word_1_308' title='bbox 267 4161 472 4226; x_wconf 87' lang='grc' dir='ltr'>ούτους</span> <span class='ocrx_word' id='word_1_309' title='bbox 519 4162 878 4237; x_wconf 81' lang='grc' dir='ltr'>εὑρίσκοντες,</span> <span class='ocrx_word' id='word_1_310' title='bbox 922 4160 983 4216; x_wconf 71' lang='grc' dir='ltr'>ἂν</span> <span class='ocrx_word' id='word_1_311' title='bbox 1041 4165 1137 4236; x_wconf 76' lang='grc' dir='ltr'>μὲν</span> <span class='ocrx_word' id='word_1_312' title='bbox 1187 4163 1397 4224; x_wconf 71' lang='grc' dir='ltr'>ἑκόντες</span> <span class='ocrx_word' id='word_1_313' title='bbox 1451 4160 1762 4236; x_wconf 74' lang='grc' dir='ltr'>ἔξιστῶνται</span> <span class='ocrx_word' id='word_1_314' title='bbox 1809 4163 1915 4216; x_wconf 82' lang='grc' dir='ltr'>τῶν</span> 
     </span>
    </p>
   </div>
   <div class='ocr_carea' id='block_1_46' title="bbox 267 4249 1913 4320">
    <p class='ocr_par' dir='ltr' id='par_1_46' title="bbox 267 4249 1913 4320">
     <span class='ocr_line' id='line_1_46' title="bbox 267 4249 1913 4320; baseline -0.001 -12"><span class='ocrx_word' id='word_1_315' title='bbox 267 4249 470 4320; x_wconf 72' lang='grc' dir='ltr'>ὄντων,</span> <span class='ocrx_word' id='word_1_316' title='bbox 503 4249 618 4306; x_wconf 71' lang='grc' dir='ltr'>οὔδ’</span> <span class='ocrx_word' id='word_1_317' title='bbox 649 4251 792 4306; x_wconf 77' lang='grc' dir='ltr'>οὕτω</span> <span class='ocrx_word' id='word_1_318' title='bbox 821 4256 1000 4306; x_wconf 85' lang='grc' dir='ltr'>κακῶν</span> <span class='ocrx_word' id='word_1_319' title='bbox 1038 4252 1263 4316; x_wconf 80' lang='grc' dir='ltr'>ἀπαθεῖς</span> <span class='ocrx_word' id='word_1_320' title='bbox 1311 4249 1554 4317; x_wconf 80' lang='grc' dir='ltr'>ἀπίασιν,</span> <span class='ocrx_word' id='word_1_321' title='bbox 1600 4249 1748 4306; x_wconf 77' lang='grc' dir='ltr'>ἄλλά</span> <span class='ocrx_word' id='word_1_322' title='bbox 1776 4250 1913 4306; x_wconf 86' lang='grc' dir='ltr'>πολ-</span> 
     </span>
    </p>
   </div>
   <div class='ocr_carea' id='block_1_47' title="bbox 269 4338 1913 4414">
    <p class='ocr_par' dir='ltr' id='par_1_47' title="bbox 269 4338 1913 4414">
     <span class='ocr_line' id='line_1_47' title="bbox 269 4338 1913 4414; baseline -0.001 -19"><span class='ocrx_word' id='word_1_323' title='bbox 269 4339 374 4402; x_wconf 81' lang='grc' dir='ltr'>λάς</span> <span class='ocrx_word' id='word_1_324' title='bbox 441 4360 592 4402; x_wconf 90' lang='grc' dir='ltr'>τινας</span> <span class='ocrx_word' id='word_1_325' title='bbox 657 4341 920 4414; x_wconf 88' lang='grc' dir='ltr'>πρότερον</span> <span class='ocrx_word' id='word_1_326' title='bbox 987 4338 1302 4412; x_wconf 78' lang='grc' dir='ltr'>ἐκπλήξεως</span> <span class='ocrx_word' id='word_1_327' title='bbox 1397 4338 1568 4396; x_wconf 82' lang='grc' dir='ltr'>ε’ίνεκα</span> <span class='ocrx_word' id='word_1_328' title='bbox 1635 4339 1913 4413; x_wconf 76' lang='grc' dir='ltr'>δεξάμενοι</span> 
     </span>
    </p>
   </div>
   <div class='ocr_carea' id='block_1_48' title="bbox 266 4427 1914 4506">
    <p class='ocr_par' dir='ltr' id='par_1_48' title="bbox 266 4427 1914 4506">
     <span class='ocr_line' id='line_1_48' title="bbox 266 4427 1914 4506; baseline -0.001 -21"><span class='ocrx_word' id='word_1_329' title='bbox 266 4429 411 4485; x_wconf 83' lang='grc' dir='ltr'>κατᾶ</span> <span class='ocrx_word' id='word_1_330' title='bbox 436 4430 636 4499; x_wconf 88' lang='grc' dir='ltr'>νώτου,</span> <span class='ocrx_word' id='word_1_331' title='bbox 664 4433 761 4484; x_wconf 91' lang='grc' dir='ltr'>τοῦ</span> <span class='ocrx_word' id='word_1_332' title='bbox 796 4431 872 4502; x_wconf 84' lang='grc' dir='ltr'>μή</span> <span class='ocrx_word' id='word_1_333' title='bbox 903 4431 1145 4484; x_wconf 89' lang='grc' dir='ltr'>τεθνάναι</span> <span class='ocrx_word' id='word_1_334' title='bbox 1188 4449 1349 4504; x_wconf 72' lang='grc' dir='ltr'>χάριν</span> <span class='ocrx_word' id='word_1_335' title='bbox 1396 4427 1615 4506; x_wconf 80' lang='grc' dir='ltr'>ἔχοντες</span> <span class='ocrx_word' id='word_1_336' title='bbox 1642 4449 1654 4461; x_wconf 84' lang='grc'>⁶</span> <span class='ocrx_word' id='word_1_337' title='bbox 1710 4429 1914 4504; x_wconf 87' lang='grc' dir='ltr'>βουλό-</span> 
     </span>
    </p>
   </div>
   <div class='ocr_carea' id='block_1_49' title="bbox 272 4515 1914 4594">
    <p class='ocr_par' dir='ltr' id='par_1_49' title="bbox 272 4515 1914 4594">
     <span class='ocr_line' id='line_1_49' title="bbox 272 4515 1914 4594; baseline -0.001 -21"><span class='ocrx_word' id='word_1_338' title='bbox 272 4538 433 4592; x_wconf 85' lang='grc' dir='ltr'>μενοι</span> <span class='ocrx_word' id='word_1_339' title='bbox 473 4515 529 4572; x_wconf 78' lang='grc' dir='ltr'>δὲ</span> <span class='ocrx_word' id='word_1_340' title='bbox 567 4516 774 4572; x_wconf 88' lang='grc' dir='ltr'>τούτων</span> <span class='ocrx_word' id='word_1_341' title='bbox 826 4518 1186 4592; x_wconf 82' lang='grc' dir='ltr'>ὑπερμαχεῖν,</span> <span class='ocrx_word' id='word_1_342' title='bbox 1234 4516 1717 4592; x_wconf 88' lang='grc' dir='ltr'>προσαπολλύουσι</span> <span class='ocrx_word' id='word_1_343' title='bbox 1761 4522 1914 4594; x_wconf 79' lang='grc' dir='ltr'>σφᾶς,</span> 
     </span>
    </p>
   </div>
   <div class='ocr_carea' id='block_1_50' title="bbox 271 4605 1912 4681">
    <p class='ocr_par' dir='ltr' id='par_1_50' title="bbox 271 4605 1912 4681">
     <span class='ocr_line' id='line_1_50' title="bbox 271 4605 1912 4681; baseline 0 -19"><span class='ocrx_word' id='word_1_344' title='bbox 271 4609 308 4662; x_wconf 75' lang='grc' dir='ltr'>ἃ</span> <span class='ocrx_word' id='word_1_345' title='bbox 342 4609 439 4681; x_wconf 76' lang='grc' dir='ltr'>μὲν</span> <span class='ocrx_word' id='word_1_346' title='bbox 473 4607 702 4680; x_wconf 88' lang='grc' dir='ltr'>πρόσθεν</span> <span class='ocrx_word' id='word_1_347' title='bbox 735 4607 973 4676; x_wconf 79' lang='grc' dir='ltr'>ἤλπισαν</span> <span class='ocrx_word' id='word_1_348' title='bbox 1021 4608 1083 4662; x_wconf 84' lang='grc' dir='ltr'>οὐ</span> <span class='ocrx_word' id='word_1_349' title='bbox 1131 4609 1412 4677; x_wconf 87' lang='grc' dir='ltr'>παθόντες,</span> <span class='ocrx_word' id='word_1_350' title='bbox 1459 4609 1530 4662; x_wconf 86' lang='grc' dir='ltr'>ὧν</span> <span class='ocrx_word' id='word_1_351' title='bbox 1565 4605 1621 4662; x_wconf 72' lang='grc' dir='ltr'>δὲ</span> <span class='ocrx_word' id='word_1_352' title='bbox 1653 4607 1714 4662; x_wconf 86' lang='grc' dir='ltr'>ού</span> <span class='ocrx_word' id='word_1_353' title='bbox 1746 4627 1912 4681; x_wconf 79' lang='grc' dir='ltr'>προσο</span> 
     </span>
    </p>
   </div>
   <div class='ocr_carea' id='block_1_51' title="bbox 270 4695 1908 4774">
    <p class='ocr_par' dir='ltr' id='par_1_51' title="bbox 270 4695 1908 4774">
     <span class='ocr_line' id='line_1_51' title="bbox 270 4695 1908 4774; baseline -0.002 -22"><span class='ocrx_word' id='word_1_354' title='bbox 270 4695 544 4766; x_wconf 82' lang='grc' dir='ltr'>εδόκησαν</span> <span class='ocrx_word' id='word_1_355' title='bbox 616 4695 787 4772; x_wconf 84' lang='grc' dir='ltr'>σφίσι,</span> <span class='ocrx_word' id='word_1_356' title='bbox 841 4697 1050 4750; x_wconf 90' lang='grc' dir='ltr'>τούτων</span> <span class='ocrx_word' id='word_1_357' title='bbox 1114 4698 1378 4771; x_wconf 82' lang='grc' dir='ltr'>κατάκρας</span> <span class='ocrx_word' id='word_1_358' title='bbox 1458 4695 1744 4774; x_wconf 85' lang='grc' dir='ltr'>εἰληφότες</span> <span class='ocrx_word' id='word_1_359' title='bbox 1811 4697 1908 4764; x_wconf 82' lang='grc' dir='ltr'>τήν</span> 
     </span>
    </p>
   </div>
   <div class='ocr_carea' id='block_1_52' title="bbox 266 4784 1916 4860">
    <p class='ocr_par' dir='ltr' id='par_1_52' title="bbox 266 4784 1916 4860">
     <span class='ocr_line' id='line_1_52' title="bbox 266 4784 1916 4860; baseline 0 -18"><span class='ocrx_word' id='word_1_360' title='bbox 266 4793 465 4859; x_wconf 87' lang='grc' dir='ltr'>πεῖραν</span> <span class='ocrx_word' id='word_1_361' title='bbox 491 4806 506 4819; x_wconf 82' lang='grc'><strong>’</strong></span> <span class='ocrx_word' id='word_1_362' title='bbox 547 4784 931 4858; x_wconf 80' lang='grc' dir='ltr'>παραπλήσιον</span> <span class='ocrx_word' id='word_1_363' title='bbox 980 4784 1160 4860; x_wconf 72' lang='grc' dir='ltr'>ὥσπερ</span> <span class='ocrx_word' id='word_1_364' title='bbox 1205 4784 1265 4842; x_wconf 78' lang='grc' dir='ltr'>ἃν</span> <span class='ocrx_word' id='word_1_365' title='bbox 1308 4787 1376 4858; x_wconf 83' lang='grc' dir='ltr'>εἰ,</span> <span class='ocrx_word' id='word_1_366' title='bbox 1419 4785 1507 4842; x_wconf 77' lang='grc' dir='ltr'>διὰ</span> <span class='ocrx_word' id='word_1_367' title='bbox 1549 4792 1712 4843; x_wconf 89' lang='grc' dir='ltr'>τοῦτο</span> <span class='ocrx_word' id='word_1_368' title='bbox 1761 4787 1916 4843; x_wconf 81' lang='grc' dir='ltr'>Σίκε-</span> 
     </span>
    </p>
   </div>
   <div class='ocr_carea' id='block_1_53' title="bbox 269 4872 1918 4955">
    <p class='ocr_par' dir='ltr' id='par_1_53' title="bbox 269 4872 1918 4955">
     <span class='ocr_line' id='line_1_53' title="bbox 269 4872 1918 4955; baseline -0.001 -23"><span class='ocrx_word' id='word_1_369' title='bbox 269 4876 442 4932; x_wconf 84' lang='grc' dir='ltr'>λικοῦ</span> <span class='ocrx_word' id='word_1_370' title='bbox 497 4895 579 4937; x_wconf 90' lang='grc' dir='ltr'>τις</span> <span class='ocrx_word' id='word_1_371' title='bbox 637 4872 912 4949; x_wconf 79' lang='grc' dir='ltr'>πελάγους</span> <span class='ocrx_word' id='word_1_372' title='bbox 964 4872 1231 4938; x_wconf 86' lang='grc' dir='ltr'>διασώσας</span> <span class='ocrx_word' id='word_1_373' title='bbox 1277 4877 1340 4931; x_wconf 87' lang='grc' dir='ltr'>τὸ</span> <span class='ocrx_word' id='word_1_374' title='bbox 1398 4876 1624 4955; x_wconf 88' lang='grc' dir='ltr'>σκάφος,</span> <span class='ocrx_word' id='word_1_375' title='bbox 1689 4875 1918 4952; x_wconf 86' lang='grc' dir='ltr'>ὑφάλοις</span> 
     </span>
    </p>
   </div>
   <div class='ocr_carea' id='block_1_54' title="bbox 263 4960 1919 5036">
    <p class='ocr_par' dir='ltr' id='par_1_54' title="bbox 263 4960 1919 5036">
     <span class='ocr_line' id='line_1_54' title="bbox 263 4960 1919 5036; baseline 0.001 -19"><span class='ocrx_word' id='word_1_376' title='bbox 263 4964 414 5017; x_wconf 81' lang='grc' dir='ltr'>τισὶν</span> <span class='ocrx_word' id='word_1_377' title='bbox 448 4961 686 5036; x_wconf 77' lang='grc' dir='ltr'>ἐνέτυχε,</span> <span class='ocrx_word' id='word_1_378' title='bbox 715 4961 818 5016; x_wconf 83' lang='grc' dir='ltr'>’καὶ</span> <span class='ocrx_word' id='word_1_379' title='bbox 856 4960 1081 5018; x_wconf 88' lang='grc' dir='ltr'>σπιλάσι</span> <span class='ocrx_word' id='word_1_380' title='bbox 1123 4962 1266 5019; x_wconf 79' lang='grc' dir='ltr'>πολὺ</span> <span class='ocrx_word' id='word_1_381' title='bbox 1308 4960 1631 5036; x_wconf 77' lang='grc' dir='ltr'>δεινοτέραις</span> <span class='ocrx_word' id='word_1_382' title='bbox 1668 4969 1776 5020; x_wconf 84' lang='grc' dir='ltr'>τῶν</span> <span class='ocrx_word' id='word_1_383' title='bbox 1819 4971 1919 5033; x_wconf 74' lang='grc' dir='ltr'>τῆς</span> 
     </span>
    </p>
   </div>
   <div class='ocr_carea' id='block_1_55' title="bbox 262 5049 842 5130">
    <p class='ocr_par' dir='ltr' id='par_1_55' title="bbox 262 5049 842 5130">
     <span class='ocr_line' id='line_1_55' title="bbox 262 5049 842 5130; baseline -0.002 -21"><span class='ocrx_word' id='word_1_384' title='bbox 262 5049 536 5122; x_wconf 85' lang='grc' dir='ltr'>Σκύλλης</span> <span class='ocrx_word' id='word_1_385' title='bbox 565 5050 842 5130; x_wconf 87' lang='grc' dir='ltr'>κεφαλῶν.</span> 
     </span>
    </p>
   </div>
   <div class='ocr_carea' id='block_1_56' title="bbox 342 5139 1912 5223">
    <p class='ocr_par' dir='ltr' id='par_1_56' title="bbox 342 5139 1912 5223">
     <span class='ocr_line' id='line_1_56' title="bbox 342 5139 1912 5223; baseline 0.003 -27"><span class='ocrx_word' id='word_1_386' title='bbox 342 5139 816 5216; x_wconf 80' lang='grc' dir='ltr'>Παραπολὲλαυκε</span> <span class='ocrx_word' id='word_1_387' title='bbox 847 5141 894 5197; x_wconf 86' lang='grc' dir='ltr'>δ’</span> <span class='ocrx_word' id='word_1_388' title='bbox 925 5141 1079 5216; x_wconf 82' lang='grc' dir='ltr'>οἷ’μοι</span> <span class='ocrx_word' id='word_1_389' title='bbox 1107 5145 1120 5200; x_wconf 79' lang='lat' dir='ltr'><strong>l</strong></span> <span class='ocrx_word' id='word_1_390' title='bbox 1153 5143 1241 5199; x_wconf 82' lang='grc' dir='ltr'>καὶ</span> <span class='ocrx_word' id='word_1_391' title='bbox 1274 5147 1453 5207; x_wconf 73' lang='grc' dir='ltr'>’Ἄθως</span> <span class='ocrx_word' id='word_1_392' title='bbox 1484 5152 1583 5215; x_wconf 85' lang='grc' dir='ltr'>τῆς</span> <span class='ocrx_word' id='word_1_393' title='bbox 1631 5166 1912 5223; x_wconf 83' lang='grc' dir='ltr'>συμφορας</span> 
     </span>
    </p>
   </div>
   <div class='ocr_carea' id='block_1_57' title="bbox 260 5231 1913 5310">
    <p class='ocr_par' dir='ltr' id='par_1_57' title="bbox 260 5231 1913 5310">
     <span class='ocr_line' id='line_1_57' title="bbox 260 5231 1913 5310; baseline 0.001 -22"><span class='ocrx_word' id='word_1_394' title='bbox 260 5232 494 5301; x_wconf 79' lang='grc' dir='ltr'>καὶτῆς</span> <span class='ocrx_word' id='word_1_395' title='bbox 531 5231 739 5286; x_wconf 84' lang='grc' dir='ltr'>ἀτόπου</span> <span class='ocrx_word' id='word_1_396' title='bbox 781 5231 1008 5302; x_wconf 82' lang='grc' dir='ltr'>ταυτησὶ</span> <span class='ocrx_word' id='word_1_397' title='bbox 1051 5237 1160 5288; x_wconf 91' lang='grc' dir='ltr'>τῶν</span> <span class='ocrx_word' id='word_1_398' title='bbox 1211 5237 1466 5308; x_wconf 87' lang='grc' dir='ltr'>κυμάτων</span> <span class='ocrx_word' id='word_1_399' title='bbox 1518 5233 1800 5310; x_wconf 69' lang='grc' dir='ltr'>ἐπιρροῆς,</span> <span class='ocrx_word' id='word_1_400' title='bbox 1852 5235 1913 5290; x_wconf 88' lang='grc' dir='ltr'>τὸ</span> 
     </span>
    </p>
   </div>
   <div class='ocr_carea' id='block_1_58' title="bbox 265 5318 1914 5398">
    <p class='ocr_par' dir='ltr' id='par_1_58' title="bbox 265 5318 1914 5398">
     <span class='ocr_line' id='line_1_58' title="bbox 265 5318 1914 5398; baseline 0.001 -22"><span class='ocrx_word' id='word_1_401' title='bbox 265 5321 444 5395; x_wconf 84' lang='grc' dir='ltr'>μόνον</span> <span class='ocrx_word' id='word_1_402' title='bbox 498 5320 573 5382; x_wconf 85' lang='grc' dir='ltr'>ὡς</span> <span class='ocrx_word' id='word_1_403' title='bbox 627 5318 849 5388; x_wconf 81' lang='grc' dir='ltr'>άληθῶς</span> <span class='ocrx_word' id='word_1_404' title='bbox 888 5322 1101 5392; x_wconf 84' lang='grc' dir='ltr'>ἀπάσης</span> <span class='ocrx_word' id='word_1_405' title='bbox 1144 5329 1245 5392; x_wconf 80' lang='grc' dir='ltr'>τῆς</span> <span class='ocrx_word' id='word_1_406' title='bbox 1289 5324 1486 5398; x_wconf 78' lang='grc' dir='ltr'>ἀρετῆς</span> <span class='ocrx_word' id='word_1_407' title='bbox 1527 5335 1706 5379; x_wconf 86' lang='grc' dir='ltr'>κοινον</span> <span class='ocrx_word' id='word_1_408' title='bbox 1759 5324 1914 5398; x_wconf 76' lang='grc' dir='ltr'>ἐργα-</span> 
     </span>
    </p>
   </div>
   <div class='ocr_carea' id='block_1_59' title="bbox 259 5409 1910 5486">
    <p class='ocr_par' dir='ltr' id='par_1_59' title="bbox 259 5409 1910 5486">
     <span class='ocr_line' id='line_1_59' title="bbox 259 5409 1910 5486; baseline 0.002 -24"><span class='ocrx_word' id='word_1_409' title='bbox 259 5412 520 5483; x_wconf 76' lang='grc' dir='ltr'>στήριον,</span> <span class='ocrx_word' id='word_1_410' title='bbox 573 5410 601 5464; x_wconf 90' lang='lat'>6</span> <span class='ocrx_word' id='word_1_411' title='bbox 642 5415 742 5477; x_wconf 80' lang='grc' dir='ltr'>τῆς</span> <span class='ocrx_word' id='word_1_412' title='bbox 787 5409 1092 5484; x_wconf 65' lang='grc' dir='ltr'>ἑκασταχοῦ</span> <span class='ocrx_word' id='word_1_413' title='bbox 1135 5418 1237 5481; x_wconf 82' lang='grc' dir='ltr'>τῆς</span> <span class='ocrx_word' id='word_1_414' title='bbox 1285 5411 1613 5485; x_wconf 79' lang='grc' dir='ltr'>οἰκοκμένης</span> <span class='ocrx_word' id='word_1_415' title='bbox 1659 5417 1798 5486; x_wconf 88' lang='grc' dir='ltr'>(πῶς</span> <span class='ocrx_word' id='word_1_416' title='bbox 1851 5410 1910 5466; x_wconf 79' lang='grc' dir='ltr'>ἃν</span> 
     </span>
    </p>
   </div>
   <div class='ocr_carea' id='block_1_60' title="bbox 261 5496 1912 5578">
    <p class='ocr_par' dir='ltr' id='par_1_60' title="bbox 261 5496 1912 5578">
     <span class='ocr_line' id='line_1_60' title="bbox 261 5496 1912 5578; baseline -0.001 -20"><span class='ocrx_word' id='word_1_417' title='bbox 261 5500 485 5572; x_wconf 74' lang='grc' dir='ltr'>εἴποιμι</span> <span class='ocrx_word' id='word_1_418' title='bbox 517 5502 583 5570; x_wconf 90' lang='lat'>;)</span> <span class='ocrx_word' id='word_1_419' title='bbox 667 5496 1134 5575; x_wconf 84' lang='grc' dir='ltr'>ὁμολογουμένως</span> <span class='ocrx_word' id='word_1_420' title='bbox 1219 5501 1585 5578; x_wconf 73' lang='grc' dir='ltr'>ἐξειλεγμένος</span> <span class='ocrx_word' id='word_1_421' title='bbox 1675 5499 1912 5576; x_wconf 87' lang='grc' dir='ltr'>μάλιστα</span> 
     </span>
    </p>
   </div>
   <div class='ocr_carea' id='block_1_61' title="bbox 261 5585 1914 5668">
    <p class='ocr_par' dir='ltr' id='par_1_61' title="bbox 261 5585 1914 5668">
     <span class='ocr_line' id='line_1_61' title="bbox 261 5585 1914 5668; baseline 0.002 -24"><span class='ocrx_word' id='word_1_422' title='bbox 261 5593 482 5664; x_wconf 86' lang='grc' dir='ltr'>χῶρος,</span> <span class='ocrx_word' id='word_1_423' title='bbox 540 5585 721 5661; x_wconf 80' lang='grc' dir='ltr'>ὥσπερ</span> <span class='ocrx_word' id='word_1_424' title='bbox 783 5587 886 5642; x_wconf 77' lang='grc' dir='ltr'>οὐκ</span> <span class='ocrx_word' id='word_1_425' title='bbox 927 5587 1337 5668; x_wconf 76' lang='grc' dir='ltr'>ἀνασχομένων,</span> <span class='ocrx_word' id='word_1_426' title='bbox 1394 5593 1577 5665; x_wconf 79' lang='grc' dir='ltr'>οἶμαι,</span> <span class='ocrx_word' id='word_1_427' title='bbox 1621 5595 1732 5646; x_wconf 89' lang='grc' dir='ltr'>τῶν</span> <span class='ocrx_word' id='word_1_428' title='bbox 1785 5593 1914 5662; x_wconf 71' lang='grc' dir='ltr'>Μή-</span> 
     </span>
    </p>
   </div>
   <div class='ocr_carea' id='block_1_62' title="bbox 338 5750 979 5826">
    <p class='ocr_par' dir='ltr' id='par_1_62' title="bbox 338 5750 979 5826">
     <span class='ocr_line' id='line_1_62' title="bbox 338 5750 979 5826; baseline 0.011 -19"><span class='ocrx_word' id='word_1_429' title='bbox 338 5751 460 5826; x_wconf 82' lang='grc'>(11)</span> <span class='ocrx_word' id='word_1_430' title='bbox 489 5750 756 5825; x_wconf 79' lang='lat' dir='ltr'><strong>Thucyd.</strong></span> <span class='ocrx_word' id='word_1_431' title='bbox 783 5767 858 5826; x_wconf 75' lang='lat' dir='ltr'>xv,</span> <span class='ocrx_word' id='word_1_432' title='bbox 889 5753 979 5813; x_wconf 72' lang='grc'>68.</span> 
     </span>
    </p>
   </div>
   <div class='ocr_carea' id='block_1_63' title="bbox 2019 693 3668 769">
    <p class='ocr_par' dir='ltr' id='par_1_63' title="bbox 2019 693 3668 769">
     <span class='ocr_line' id='line_1_63' title="bbox 2019 693 3668 769; baseline 0.002 -22"><span class='ocrx_word' id='word_1_433' title='bbox 2019 709 2149 748; x_wconf 90' lang='lat' dir='ltr'>rum</span> <span class='ocrx_word' id='word_1_434' title='bbox 2177 693 2464 764; x_wconf 80' lang='lat' dir='ltr'><strong>jacturam</strong></span> <span class='ocrx_word' id='word_1_435' title='bbox 2497 694 2881 766; x_wconf 75' lang='lat' dir='ltr'>deplorantes,</span> <span class='ocrx_word' id='word_1_436' title='bbox 2918 697 3015 751; x_wconf 90' lang='lat' dir='ltr'>sed</span> <span class='ocrx_word' id='word_1_437' title='bbox 3048 695 3479 769; x_wconf 89' lang='lat' dir='ltr'><strong>indignabundi</strong></span> <span class='ocrx_word' id='word_1_438' title='bbox 3511 694 3668 767; x_wconf 88' lang='lat' dir='ltr'><strong>quod</strong></span> 
     </span>
    </p>
   </div>
   <div class='ocr_carea' id='block_1_64' title="bbox 2018 801 3670 876">
    <p class='ocr_par' dir='ltr' id='par_1_64' title="bbox 2018 801 3670 876">
     <span class='ocr_line' id='line_1_64' title="bbox 2018 801 3670 876; baseline 0.001 -21"><span class='ocrx_word' id='word_1_439' title='bbox 2018 801 2318 857; x_wconf 77' lang='lat' dir='ltr'><strong>interiores</strong></span> <span class='ocrx_word' id='word_1_440' title='bbox 2350 803 2467 858; x_wconf 92' lang='lat' dir='ltr'><strong>sint</strong></span> <span class='ocrx_word' id='word_1_441' title='bbox 2498 803 2779 875; x_wconf 80' lang='lat' dir='ltr'><strong>Cynegiro</strong></span> <span class='ocrx_word' id='word_1_442' title='bbox 2825 808 2924 860; x_wconf 89' lang='lat' dir='ltr'>aut</span> <span class='ocrx_word' id='word_1_443' title='bbox 2952 803 3325 872; x_wconf 76' lang='lat' dir='ltr'>Callimacho,</span> <span class='ocrx_word' id='word_1_444' title='bbox 3357 820 3425 860; x_wconf 80' lang='lat' dir='ltr'><strong>ex</strong></span> <span class='ocrx_word' id='word_1_445' title='bbox 3454 803 3670 876; x_wconf 79' lang='lat' dir='ltr'><strong>quibus</strong></span> 
     </span>
    </p>
   </div>
   <div class='ocr_carea' id='block_1_65' title="bbox 2020 907 3666 983">
    <p class='ocr_par' dir='ltr' id='par_1_65' title="bbox 2020 907 3666 983">
     <span class='ocr_line' id='line_1_65' title="bbox 2020 907 3666 983; baseline 0.001 -21"><span class='ocrx_word' id='word_1_446' title='bbox 2020 907 2202 974; x_wconf 85' lang='lat' dir='ltr'><strong>hicco,</strong></span> <span class='ocrx_word' id='word_1_447' title='bbox 2261 909 2561 965; x_wconf 84' lang='lat' dir='ltr'>Medorum</span> <span class='ocrx_word' id='word_1_448' title='bbox 2624 909 2754 966; x_wconf 80' lang='lat' dir='ltr'>telis</span> <span class='ocrx_word' id='word_1_449' title='bbox 2822 911 3160 966; x_wconf 72' lang='lat' dir='ltr'>vulneratus</span> <span class='ocrx_word' id='word_1_450' title='bbox 3229 916 3362 983; x_wconf 90' lang='lat' dir='ltr'><strong>post</strong></span> <span class='ocrx_word' id='word_1_451' title='bbox 3428 914 3666 966; x_wconf 89' lang='lat' dir='ltr'><strong>mortem</strong></span> 
     </span>
    </p>
   </div>
   <div class='ocr_carea' id='block_1_66' title="bbox 2022 1012 3671 1088">
    <p class='ocr_par' dir='ltr' id='par_1_66' title="bbox 2022 1012 3671 1088">
     <span class='ocr_line' id='line_1_66' title="bbox 2022 1012 3671 1088; baseline 0.004 -20"><span class='ocrx_word' id='word_1_452' title='bbox 2022 1012 2519 1073; x_wconf 77' lang='lat' dir='ltr'>immortalitatem</span> <span class='ocrx_word' id='word_1_453' title='bbox 2566 1023 2655 1073; x_wconf 88' lang='lat' dir='ltr'>est</span> <span class='ocrx_word' id='word_1_454' title='bbox 2699 1023 3040 1088; x_wconf 89' lang='lat' dir='ltr'><strong>assecutus;</strong></span> <span class='ocrx_word' id='word_1_455' title='bbox 3089 1019 3185 1074; x_wconf 93' lang='lat' dir='ltr'><strong>ille</strong></span> <span class='ocrx_word' id='word_1_456' title='bbox 3218 1036 3350 1074; x_wconf 92' lang='lat' dir='ltr'>cum</span> <span class='ocrx_word' id='word_1_457' title='bbox 3401 1018 3671 1075; x_wconf 81' lang='lat' dir='ltr'><strong>manibus</strong></span> 
     </span>
    </p>
   </div>
   <div class='ocr_carea' id='block_1_67' title="bbox 2019 1127 3669 1199">
    <p class='ocr_par' dir='ltr' id='par_1_67' title="bbox 2019 1127 3669 1199">
     <span class='ocr_line' id='line_1_67' title="bbox 2019 1127 3669 1199; baseline 0.001 -18"><span class='ocrx_word' id='word_1_458' title='bbox 2019 1131 2195 1198; x_wconf 87' lang='lat' dir='ltr'><strong>caput</strong></span> <span class='ocrx_word' id='word_1_459' title='bbox 2251 1143 2480 1199; x_wconf 91' lang='lat' dir='ltr'><strong>quoque</strong></span> <span class='ocrx_word' id='word_1_460' title='bbox 2539 1127 2830 1182; x_wconf 89' lang='lat' dir='ltr'><strong>abcissum</strong></span> <span class='ocrx_word' id='word_1_461' title='bbox 2882 1127 3108 1194; x_wconf 84' lang='lat' dir='ltr'>habuit,</span> <span class='ocrx_word' id='word_1_462' title='bbox 3167 1127 3310 1183; x_wconf 90' lang='lat' dir='ltr'>dum</span> <span class='ocrx_word' id='word_1_463' title='bbox 3373 1127 3669 1183; x_wconf 84' lang='lat' dir='ltr'><strong>triremem</strong></span> 
     </span>
    </p>
   </div>
   <div class='ocr_carea' id='block_1_68' title="bbox 2019 1231 3673 1289">
    <p class='ocr_par' dir='ltr' id='par_1_68' title="bbox 2019 1231 3673 1289">
     <span class='ocr_line' id='line_1_68' title="bbox 2019 1231 3673 1289; baseline 0 -3"><span class='ocrx_word' id='word_1_464' title='bbox 2019 1231 2311 1288; x_wconf 81' lang='lat' dir='ltr'>Persicam</span> <span class='ocrx_word' id='word_1_465' title='bbox 2384 1232 2658 1288; x_wconf 81' lang='lat' dir='ltr'>dentibus</span> <span class='ocrx_word' id='word_1_466' title='bbox 2727 1233 2973 1288; x_wconf 89' lang='lat' dir='ltr'><strong>retinere</strong></span> <span class='ocrx_word' id='word_1_467' title='bbox 3040 1233 3287 1289; x_wconf 89' lang='lat' dir='ltr'><strong>volebat.</strong></span> <span class='ocrx_word' id='word_1_468' title='bbox 3357 1232 3510 1288; x_wconf 84' lang='lat' dir='ltr'><strong>Nihil</strong></span> <span class='ocrx_word' id='word_1_469' title='bbox 3583 1233 3673 1288; x_wconf 91' lang='lat' dir='ltr'>his</span> 
     </span>
    </p>
   </div>
   <div class='ocr_carea' id='block_1_69' title="bbox 2019 1339 3673 1413">
    <p class='ocr_par' dir='ltr' id='par_1_69' title="bbox 2019 1339 3673 1413">
     <span class='ocr_line' id='line_1_69' title="bbox 2019 1339 3673 1413; baseline 0 -19"><span class='ocrx_word' id='word_1_470' title='bbox 2019 1339 2164 1410; x_wconf 88' lang='lat' dir='ltr'><strong>ipsis</strong></span> <span class='ocrx_word' id='word_1_471' title='bbox 2193 1339 2426 1411; x_wconf 91' lang='lat' dir='ltr'><strong>turpius</strong></span> <span class='ocrx_word' id='word_1_472' title='bbox 2472 1340 2773 1396; x_wconf 84' lang='lat' dir='ltr'>videbatur</span> <span class='ocrx_word' id='word_1_473' title='bbox 2803 1358 2982 1413; x_wconf 89' lang='lat' dir='ltr'><strong>quam</strong></span> <span class='ocrx_word' id='word_1_474' title='bbox 3025 1346 3184 1397; x_wconf 83' lang='lat' dir='ltr'><strong>extra</strong></span> <span class='ocrx_word' id='word_1_475' title='bbox 3216 1357 3465 1413; x_wconf 83' lang='lat' dir='ltr'><strong>pugnam</strong></span> <span class='ocrx_word' id='word_1_476' title='bbox 3494 1340 3673 1395; x_wconf 82' lang='lat' dir='ltr'><strong>vitam</strong></span> 
     </span>
    </p>
   </div>
   <div class='ocr_carea' id='block_1_70' title="bbox 2017 1437 3669 1510">
    <p class='ocr_par' dir='ltr' id='par_1_70' title="bbox 2017 1437 3669 1510">
     <span class='ocr_line' id='line_1_70' title="bbox 2017 1437 3669 1510; baseline -0.002 -16"><span class='ocrx_word' id='word_1_477' title='bbox 2017 1438 2286 1494; x_wconf 88' lang='lat' dir='ltr'><strong>amittere</strong></span> <span class='ocrx_word' id='word_1_478' title='bbox 2332 1443 2388 1493; x_wconf 91' lang='lat' dir='ltr'>et</span> <span class='ocrx_word' id='word_1_479' title='bbox 2435 1439 2518 1494; x_wconf 91' lang='lat' dir='ltr'>sic</span> <span class='ocrx_word' id='word_1_480' title='bbox 2562 1439 2871 1510; x_wconf 90' lang='lat' dir='ltr'><strong>opprobrio</strong></span> <span class='ocrx_word' id='word_1_481' title='bbox 2923 1440 3076 1509; x_wconf 83' lang='lat' dir='ltr'><strong>apud</strong></span> <span class='ocrx_word' id='word_1_482' title='bbox 3129 1443 3391 1510; x_wconf 86' lang='lat' dir='ltr'>posteros</span> <span class='ocrx_word' id='word_1_483' title='bbox 3437 1437 3669 1509; x_wconf 78' lang='lat' dir='ltr'>exponi.</span> 
     </span>
    </p>
   </div>
   <div class='ocr_carea' id='block_1_71' title="bbox 2021 1545 3672 1618">
    <p class='ocr_par' dir='ltr' id='par_1_71' title="bbox 2021 1545 3672 1618">
     <span class='ocr_line' id='line_1_71' title="bbox 2021 1545 3672 1618; baseline 0.001 -19"><span class='ocrx_word' id='word_1_484' title='bbox 2021 1545 2174 1602; x_wconf 78' lang='lat' dir='ltr'><strong>Hanc</strong></span> <span class='ocrx_word' id='word_1_485' title='bbox 2201 1547 2273 1601; x_wconf 95' lang='lat' dir='ltr'><strong>ob</strong></span> <span class='ocrx_word' id='word_1_486' title='bbox 2317 1561 2554 1602; x_wconf 86' lang='lat' dir='ltr'><strong>causam</strong></span> <span class='ocrx_word' id='word_1_487' title='bbox 2587 1562 3029 1617; x_wconf 89' lang='lat' dir='ltr'><strong>quoquoversus</strong></span> <span class='ocrx_word' id='word_1_488' title='bbox 3061 1547 3252 1604; x_wconf 87' lang='lat' dir='ltr'><strong>furore</strong></span> <span class='ocrx_word' id='word_1_489' title='bbox 3302 1546 3498 1616; x_wconf 76' lang='lat' dir='ltr'><strong>agitati</strong></span> <span class='ocrx_word' id='word_1_490' title='bbox 3544 1562 3672 1618; x_wconf 90' lang='lat' dir='ltr'><strong>pro-</strong></span> 
     </span>
    </p>
   </div>
   <div class='ocr_carea' id='block_1_72' title="bbox 2019 1655 3668 1728">
    <p class='ocr_par' dir='ltr' id='par_1_72' title="bbox 2019 1655 3668 1728">
     <span class='ocr_line' id='line_1_72' title="bbox 2019 1655 3668 1728; baseline 0 -19"><span class='ocrx_word' id='word_1_491' title='bbox 2019 1659 2216 1721; x_wconf 90' lang='lat' dir='ltr'><strong>ruunt,</strong></span> <span class='ocrx_word' id='word_1_492' title='bbox 2251 1671 2316 1710; x_wconf 90' lang='lat' dir='ltr'>ac</span> <span class='ocrx_word' id='word_1_493' title='bbox 2361 1656 2591 1712; x_wconf 90' lang='lat' dir='ltr'><strong>nemine</strong></span> <span class='ocrx_word' id='word_1_494' title='bbox 2623 1656 2950 1721; x_wconf 87' lang='lat' dir='ltr'><strong>resistente,</strong></span> <span class='ocrx_word' id='word_1_495' title='bbox 2985 1672 3116 1712; x_wconf 66' lang='lat' dir='ltr'><strong>ceu‘</strong></span> <span class='ocrx_word' id='word_1_496' title='bbox 3141 1656 3338 1728; x_wconf 86' lang='lat' dir='ltr'><strong>fulgur</strong></span> <span class='ocrx_word' id='word_1_497' title='bbox 3380 1672 3439 1711; x_wconf 83' lang='lat' dir='ltr'>se</span> <span class='ocrx_word' id='word_1_498' title='bbox 3480 1655 3668 1726; x_wconf 88' lang='lat' dir='ltr'><strong>prori-</strong></span> 
     </span>
    </p>
   </div>
   <div class='ocr_carea' id='block_1_73' title="bbox 2019 1761 3667 1835">
    <p class='ocr_par' dir='ltr' id='par_1_73' title="bbox 2019 1761 3667 1835">
     <span class='ocr_line' id='line_1_73' title="bbox 2019 1761 3667 1835; baseline 0.001 -20"><span class='ocrx_word' id='word_1_499' title='bbox 2019 1761 2187 1832; x_wconf 89' lang='lat' dir='ltr'><strong>piunt</strong></span> <span class='ocrx_word' id='word_1_500' title='bbox 2213 1771 2265 1817; x_wconf 92' lang='lat' dir='ltr'>et</span> <span class='ocrx_word' id='word_1_501' title='bbox 2294 1762 2494 1818; x_wconf 89' lang='lat' dir='ltr'><strong>omnia</strong></span> <span class='ocrx_word' id='word_1_502' title='bbox 2526 1767 2782 1833; x_wconf 83' lang='lat' dir='ltr'><strong>vastant,</strong></span> <span class='ocrx_word' id='word_1_503' title='bbox 2815 1767 3036 1830; x_wconf 90' lang='lat' dir='ltr'><strong>secant,</strong></span> <span class='ocrx_word' id='word_1_504' title='bbox 3079 1768 3275 1823; x_wconf 85' lang='lat' dir='ltr'><strong>urunt.</strong></span> <span class='ocrx_word' id='word_1_505' title='bbox 3311 1763 3667 1835; x_wconf 67' lang='lat' dir='ltr'><strong>praedantur,</strong></span> 
     </span>
    </p>
   </div>
   <div class='ocr_carea' id='block_1_74' title="bbox 2018 1869 3672 1942">
    <p class='ocr_par' dir='ltr' id='par_1_74' title="bbox 2018 1869 3672 1942">
     <span class='ocr_line' id='line_1_74' title="bbox 2018 1869 3672 1942; baseline 0 -19"><span class='ocrx_word' id='word_1_506' title='bbox 2018 1869 2078 1924; x_wconf 92' lang='lat' dir='ltr'>in</span> <span class='ocrx_word' id='word_1_507' title='bbox 2127 1870 2462 1926; x_wconf 88' lang='lat' dir='ltr'><strong>servitutem</strong></span> <span class='ocrx_word' id='word_1_508' title='bbox 2509 1871 2830 1942; x_wconf 88' lang='lat' dir='ltr'><strong>abripiunt,</strong></span> <span class='ocrx_word' id='word_1_509' title='bbox 2863 1870 2980 1926; x_wconf 88' lang='lat' dir='ltr'><strong>vita</strong></span> <span class='ocrx_word' id='word_1_510' title='bbox 3026 1872 3272 1942; x_wconf 87' lang='lat' dir='ltr'><strong>privant,</strong></span> <span class='ocrx_word' id='word_1_511' title='bbox 3325 1871 3672 1926; x_wconf 89' lang='lat' dir='ltr'><strong>cadaverum</strong></span> 
     </span>
    </p>
   </div>
   <div class='ocr_carea' id='block_1_75' title="bbox 1951 1979 3672 2052">
    <p class='ocr_par' dir='ltr' id='par_1_75' title="bbox 1951 1979 3672 2052">
     <span class='ocr_line' id='line_1_75' title="bbox 1951 1979 3672 2052; baseline 0 -17"><span class='ocrx_word' id='word_1_512' title='bbox 1951 1985 1996 2050; x_wconf 82' lang='grc' dir='ltr'><strong>Β</strong></span> <span class='ocrx_word' id='word_1_513' title='bbox 2030 1995 2267 2035; x_wconf 88' lang='lat' dir='ltr'><strong>acervos</strong></span> <span class='ocrx_word' id='word_1_514' title='bbox 2317 1985 2556 2036; x_wconf 88' lang='lat' dir='ltr'><strong>struunt</strong></span> <span class='ocrx_word' id='word_1_515' title='bbox 2611 1981 2861 2052; x_wconf 57' lang='lat' dir='ltr'><strong>maiores</strong></span> <span class='ocrx_word' id='word_1_516' title='bbox 2901 1997 3075 2052; x_wconf 89' lang='lat' dir='ltr'><strong>quam</strong></span> <span class='ocrx_word' id='word_1_517' title='bbox 3129 1987 3186 2035; x_wconf 90' lang='lat' dir='ltr'><strong>ut</strong></span> <span class='ocrx_word' id='word_1_518' title='bbox 3241 1979 3672 2051; x_wconf 61' lang='lat' dir='ltr'><strong>Corcyraeorum</strong></span> 
     </span>
    </p>
   </div>
   <div class='ocr_carea' id='block_1_76' title="bbox 2017 2089 3676 2162">
    <p class='ocr_par' dir='ltr' id='par_1_76' title="bbox 2017 2089 3676 2162">
     <span class='ocr_line' id='line_1_76' title="bbox 2017 2089 3676 2162; baseline 0 -18"><span class='ocrx_word' id='word_1_519' title='bbox 2017 2093 2163 2145; x_wconf 89' lang='lat' dir='ltr'><strong>teste</strong></span> <span class='ocrx_word' id='word_1_520' title='bbox 2194 2090 2519 2162; x_wconf 83' lang='lat' dir='ltr'><strong>Tucydide,</strong></span> <span class='ocrx_word' id='word_1_521' title='bbox 2577 2090 2636 2146; x_wconf 90' lang='lat' dir='ltr'>in</span> <span class='ocrx_word' id='word_1_522' title='bbox 2672 2090 2950 2162; x_wconf 85' lang='lat' dir='ltr'><strong>plaustris</strong></span> <span class='ocrx_word' id='word_1_523' title='bbox 2982 2095 3314 2146; x_wconf 87' lang='lat' dir='ltr'><strong>avectorum</strong></span> <span class='ocrx_word' id='word_1_524' title='bbox 3343 2110 3357 2157; x_wconf 92' lang='lat'><strong>;</strong></span> <span class='ocrx_word' id='word_1_525' title='bbox 3390 2089 3676 2144; x_wconf 87' lang='lat' dir='ltr'><strong>cadavera</strong></span> 
     </span>
    </p>
   </div>
   <div class='ocr_carea' id='block_1_77' title="bbox 2018 2196 3667 2269">
    <p class='ocr_par' dir='ltr' id='par_1_77' title="bbox 2018 2196 3667 2269">
     <span class='ocr_line' id='line_1_77' title="bbox 2018 2196 3667 2269; baseline -0.001 -18"><span class='ocrx_word' id='word_1_526' title='bbox 2018 2212 2152 2251; x_wconf 92' lang='lat' dir='ltr'>cum</span> <span class='ocrx_word' id='word_1_527' title='bbox 2205 2197 2276 2252; x_wconf 91' lang='lat' dir='ltr'>iis</span> <span class='ocrx_word' id='word_1_528' title='bbox 2322 2197 2645 2268; x_wconf 89' lang='lat' dir='ltr'><strong>comparari</strong></span> <span class='ocrx_word' id='word_1_529' title='bbox 2702 2197 2967 2269; x_wconf 80' lang='lat' dir='ltr'><strong>possint;</strong></span> <span class='ocrx_word' id='word_1_530' title='bbox 3011 2201 3210 2253; x_wconf 89' lang='lat' dir='ltr'><strong>tantus</strong></span> <span class='ocrx_word' id='word_1_531' title='bbox 3259 2196 3415 2252; x_wconf 90' lang='lat' dir='ltr'><strong>enim</strong></span> <span class='ocrx_word' id='word_1_532' title='bbox 3467 2210 3667 2251; x_wconf 90' lang='lat' dir='ltr'><strong>eorum</strong></span> 
     </span>
    </p>
   </div>
   <div class='ocr_carea' id='block_1_78' title="bbox 2021 2303 3677 2377">
    <p class='ocr_par' dir='ltr' id='par_1_78' title="bbox 2021 2303 3677 2377">
     <span class='ocr_line' id='line_1_78' title="bbox 2021 2303 3677 2377; baseline -0.001 -18"><span class='ocrx_word' id='word_1_533' title='bbox 2021 2303 2128 2359; x_wconf 89' lang='lat' dir='ltr'><strong>fuit</strong></span> <span class='ocrx_word' id='word_1_534' title='bbox 2170 2320 2466 2373; x_wconf 86' lang='lat' dir='ltr'><strong>numerus,</strong></span> <span class='ocrx_word' id='word_1_535' title='bbox 2520 2309 2584 2360; x_wconf 88' lang='lat' dir='ltr'><strong>ut</strong></span> <span class='ocrx_word' id='word_1_536' title='bbox 2623 2305 2867 2361; x_wconf 85' lang='lat' dir='ltr'><strong>ﬂumina</strong></span> <span class='ocrx_word' id='word_1_537' title='bbox 2898 2305 3064 2377; x_wconf 88' lang='lat' dir='ltr'><strong>quasi</strong></span> <span class='ocrx_word' id='word_1_538' title='bbox 3105 2304 3382 2377; x_wconf 86' lang='lat' dir='ltr'><strong>pontibus</strong></span> <span class='ocrx_word' id='word_1_539' title='bbox 3426 2304 3677 2374; x_wconf 81' lang='lat' dir='ltr'><strong>jungere</strong></span> 
     </span>
    </p>
   </div>
   <div class='ocr_carea' id='block_1_79' title="bbox 2021 2413 3663 2485">
    <p class='ocr_par' dir='ltr' id='par_1_79' title="bbox 2021 2413 3663 2485">
     <span class='ocr_line' id='line_1_79' title="bbox 2021 2413 3663 2485; baseline 0 -18"><span class='ocrx_word' id='word_1_540' title='bbox 2021 2416 2086 2467; x_wconf 89' lang='lat' dir='ltr'><strong>ut</strong></span> <span class='ocrx_word' id='word_1_541' title='bbox 2140 2429 2378 2484; x_wconf 88' lang='lat' dir='ltr'><strong>campos</strong></span> <span class='ocrx_word' id='word_1_542' title='bbox 2437 2413 2712 2470; x_wconf 91' lang='lat' dir='ltr'><strong>humanis</strong></span> <span class='ocrx_word' id='word_1_543' title='bbox 2771 2415 3083 2484; x_wconf 79' lang='lat' dir='ltr'><strong>aggeribus</strong></span> <span class='ocrx_word' id='word_1_544' title='bbox 3147 2414 3379 2485; x_wconf 83' lang='lat' dir='ltr'><strong>cingere</strong></span> <span class='ocrx_word' id='word_1_545' title='bbox 3438 2429 3663 2484; x_wconf 86' lang='lat' dir='ltr'><strong>posses.</strong></span> 
     </span>
    </p>
   </div>
   <div class='ocr_carea' id='block_1_80' title="bbox 2020 2520 3671 2590">
    <p class='ocr_par' dir='ltr' id='par_1_80' title="bbox 2020 2520 3671 2590">
     <span class='ocr_line' id='line_1_80' title="bbox 2020 2520 3671 2590; baseline -0.001 -14"><span class='ocrx_word' id='word_1_546' title='bbox 2020 2520 2230 2576; x_wconf 88' lang='lat' dir='ltr'><strong>Eorum</strong></span> <span class='ocrx_word' id='word_1_547' title='bbox 2290 2521 2606 2577; x_wconf 88' lang='lat' dir='ltr'><strong>multitudo</strong></span> <span class='ocrx_word' id='word_1_548' title='bbox 2663 2523 2805 2578; x_wconf 91' lang='lat' dir='ltr'><strong>adeo</strong></span> <span class='ocrx_word' id='word_1_549' title='bbox 2863 2524 3043 2578; x_wconf 90' lang='lat' dir='ltr'><strong>densa</strong></span> <span class='ocrx_word' id='word_1_550' title='bbox 3100 2527 3209 2590; x_wconf 89' lang='lat' dir='ltr'><strong>est,</strong></span> <span class='ocrx_word' id='word_1_551' title='bbox 3266 2526 3328 2577; x_wconf 91' lang='lat' dir='ltr'><strong>ut</strong></span> <span class='ocrx_word' id='word_1_552' title='bbox 3392 2521 3671 2577; x_wconf 89' lang='lat' dir='ltr'><strong>euntibus</strong></span> 
     </span>
    </p>
   </div>
   <div class='ocr_carea' id='block_1_81' title="bbox 2021 2628 3672 2702">
    <p class='ocr_par' dir='ltr' id='par_1_81' title="bbox 2021 2628 3672 2702">
     <span class='ocr_line' id='line_1_81' title="bbox 2021 2628 3672 2702; baseline -0.001 -18"><span class='ocrx_word' id='word_1_553' title='bbox 2021 2628 2326 2684; x_wconf 87' lang='lat' dir='ltr'><strong>obstaculo</strong></span> <span class='ocrx_word' id='word_1_554' title='bbox 2370 2631 2488 2685; x_wconf 87' lang='lat' dir='ltr'><strong>sint</strong></span> <span class='ocrx_word' id='word_1_555' title='bbox 2517 2638 2568 2687; x_wconf 87' lang='lat' dir='ltr'>et</span> <span class='ocrx_word' id='word_1_556' title='bbox 2601 2629 2695 2684; x_wconf 92' lang='lat' dir='ltr'><strong>alii</strong></span> <span class='ocrx_word' id='word_1_557' title='bbox 2735 2630 2976 2685; x_wconf 87' lang='lat' dir='ltr'><strong>aliorum</strong></span> <span class='ocrx_word' id='word_1_558' title='bbox 3025 2631 3194 2702; x_wconf 86' lang='lat' dir='ltr'><strong>quasi</strong></span> <span class='ocrx_word' id='word_1_559' title='bbox 3228 2629 3488 2685; x_wconf 85' lang='lat' dir='ltr'><strong>humeris</strong></span> <span class='ocrx_word' id='word_1_560' title='bbox 3529 2629 3672 2684; x_wconf 87' lang='lat' dir='ltr'><strong>insi-</strong></span> 
     </span>
    </p>
   </div>
   <div class='ocr_carea' id='block_1_82' title="bbox 2023 2738 3668 2810">
    <p class='ocr_par' dir='ltr' id='par_1_82' title="bbox 2023 2738 3668 2810">
     <span class='ocr_line' id='line_1_82' title="bbox 2023 2738 3668 2810; baseline -0.002 -14"><span class='ocrx_word' id='word_1_561' title='bbox 2023 2741 2198 2796; x_wconf 87' lang='lat' dir='ltr'><strong>deant</strong></span> <span class='ocrx_word' id='word_1_562' title='bbox 2252 2746 2310 2794; x_wconf 92' lang='lat' dir='ltr'>et</span> <span class='ocrx_word' id='word_1_563' title='bbox 2357 2740 2578 2807; x_wconf 89' lang='lat' dir='ltr'><strong>avibus,</strong></span> <span class='ocrx_word' id='word_1_564' title='bbox 2637 2741 2795 2808; x_wconf 89' lang='lat' dir='ltr'><strong>feris,</strong></span> <span class='ocrx_word' id='word_1_565' title='bbox 2845 2741 3086 2795; x_wconf 87' lang='lat' dir='ltr'><strong>canibus</strong></span> <span class='ocrx_word' id='word_1_566' title='bbox 3133 2739 3360 2796; x_wconf 83' lang='lat' dir='ltr'><strong>facilem</strong></span> <span class='ocrx_word' id='word_1_567' title='bbox 3415 2738 3668 2810; x_wconf 75' lang='lat' dir='ltr'><strong>praedam</strong></span> 
     </span>
    </p>
   </div>
   <div class='ocr_carea' id='block_1_83' title="bbox 2025 2847 3672 2921">
    <p class='ocr_par' dir='ltr' id='par_1_83' title="bbox 2025 2847 3672 2921">
     <span class='ocr_line' id='line_1_83' title="bbox 2025 2847 3672 2921; baseline -0.002 -17"><span class='ocrx_word' id='word_1_568' title='bbox 2025 2849 2289 2906; x_wconf 66' lang='lat' dir='ltr'><strong>offerant.</strong></span> <span class='ocrx_word' id='word_1_569' title='bbox 2339 2849 2461 2904; x_wconf 89' lang='lat' dir='ltr'><strong>IIuc</strong></span> <span class='ocrx_word' id='word_1_570' title='bbox 2491 2849 2714 2904; x_wconf 90' lang='lat' dir='ltr'><strong>accedit</strong></span> <span class='ocrx_word' id='word_1_571' title='bbox 2762 2849 2916 2921; x_wconf 92' lang='lat' dir='ltr'><strong>quod</strong></span> <span class='ocrx_word' id='word_1_572' title='bbox 2964 2850 3063 2920; x_wconf 89' lang='lat' dir='ltr'>qui</span> <span class='ocrx_word' id='word_1_573' title='bbox 3115 2849 3242 2903; x_wconf 64' lang='lat' dir='ltr'><strong>vita;</strong></span> <span class='ocrx_word' id='word_1_574' title='bbox 3286 2847 3672 2903; x_wconf 83' lang='lat' dir='ltr'><strong>substantiam</strong></span> 
     </span>
    </p>
   </div>
   <div class='ocr_carea' id='block_1_84' title="bbox 2026 2955 3676 3026">
    <p class='ocr_par' dir='ltr' id='par_1_84' title="bbox 2026 2955 3676 3026">
     <span class='ocr_line' id='line_1_84' title="bbox 2026 2955 3676 3026; baseline -0.002 -16"><span class='ocrx_word' id='word_1_575' title='bbox 2026 2955 2242 3011; x_wconf 86' lang='lat' dir='ltr'><strong>habent</strong></span> <span class='ocrx_word' id='word_1_576' title='bbox 2299 2973 2333 3011; x_wconf 89' lang='lat' dir='ltr'>a</span> <span class='ocrx_word' id='word_1_577' title='bbox 2391 2957 2527 3012; x_wconf 89' lang='lat' dir='ltr'><strong>feris</strong></span> <span class='ocrx_word' id='word_1_578' title='bbox 2584 2963 2641 3012; x_wconf 90' lang='lat' dir='ltr'><strong>et</strong></span> <span class='ocrx_word' id='word_1_579' title='bbox 2698 2957 3039 3012; x_wconf 90' lang='lat' dir='ltr'><strong>inhumanis</strong></span> <span class='ocrx_word' id='word_1_580' title='bbox 3103 2957 3308 3011; x_wconf 89' lang='lat' dir='ltr'><strong>misere</strong></span> <span class='ocrx_word' id='word_1_581' title='bbox 3357 2959 3676 3026; x_wconf 88' lang='lat' dir='ltr'><strong>carpantur</strong></span> 
     </span>
    </p>
   </div>
   <div class='ocr_carea' id='block_1_85' title="bbox 2027 3062 3676 3137">
    <p class='ocr_par' dir='ltr' id='par_1_85' title="bbox 2027 3062 3676 3137">
     <span class='ocr_line' id='line_1_85' title="bbox 2027 3062 3676 3137; baseline -0.002 -18"><span class='ocrx_word' id='word_1_582' title='bbox 2027 3068 2085 3119; x_wconf 86' lang='lat' dir='ltr'>et</span> <span class='ocrx_word' id='word_1_583' title='bbox 2133 3079 2362 3136; x_wconf 89' lang='lat' dir='ltr'><strong>semper</strong></span> <span class='ocrx_word' id='word_1_584' title='bbox 2420 3065 2678 3120; x_wconf 90' lang='lat' dir='ltr'><strong>hostium</strong></span> <span class='ocrx_word' id='word_1_585' title='bbox 2739 3065 2928 3137; x_wconf 85' lang='lat' dir='ltr'><strong>gladio</strong></span> <span class='ocrx_word' id='word_1_586' title='bbox 2984 3070 3368 3137; x_wconf 83' lang='lat' dir='ltr'><strong>exponentur,</strong></span> <span class='ocrx_word' id='word_1_587' title='bbox 3420 3062 3468 3118; x_wconf 89' lang='lat' dir='ltr'>si</span> <span class='ocrx_word' id='word_1_588' title='bbox 3532 3062 3676 3117; x_wconf 85' lang='lat' dir='ltr'><strong>forte</strong></span> 
     </span>
    </p>
   </div>
   <div class='ocr_carea' id='block_1_86' title="bbox 2031 3171 3674 3246">
    <p class='ocr_par' dir='ltr' id='par_1_86' title="bbox 2031 3171 3674 3246">
     <span class='ocr_line' id='line_1_86' title="bbox 2031 3171 3674 3246; baseline -0.002 -19"><span class='ocrx_word' id='word_1_589' title='bbox 2031 3181 2202 3227; x_wconf 89' lang='lat' dir='ltr'><strong>noctu</strong></span> <span class='ocrx_word' id='word_1_590' title='bbox 2256 3172 2450 3228; x_wconf 91' lang='lat' dir='ltr'><strong>cibum</strong></span> <span class='ocrx_word' id='word_1_591' title='bbox 2504 3173 2808 3246; x_wconf 60' lang='lat' dir='ltr'><strong>quaesituri</strong></span> <span class='ocrx_word' id='word_1_592' title='bbox 2858 3178 3069 3230; x_wconf 84' lang='lat' dir='ltr'><strong>exeunt</strong></span> <span class='ocrx_word' id='word_1_593' title='bbox 3119 3188 3189 3227; x_wconf 89' lang='lat' dir='ltr'>ne</span> <span class='ocrx_word' id='word_1_594' title='bbox 3235 3171 3385 3226; x_wconf 88' lang='lat' dir='ltr'><strong>fame</strong></span> <span class='ocrx_word' id='word_1_595' title='bbox 3418 3174 3674 3242; x_wconf 84' lang='lat' dir='ltr'><strong>pereant,</strong></span> 
     </span>
    </p>
   </div>
   <div class='ocr_carea' id='block_1_87' title="bbox 2031 3282 3682 3338">
    <p class='ocr_par' dir='ltr' id='par_1_87' title="bbox 2031 3282 3682 3338">
     <span class='ocr_line' id='line_1_87' title="bbox 2031 3282 3682 3338; baseline -0.002 -2"><span class='ocrx_word' id='word_1_596' title='bbox 2031 3287 2089 3336; x_wconf 90' lang='lat' dir='ltr'>et</span> <span class='ocrx_word' id='word_1_597' title='bbox 2117 3283 2201 3337; x_wconf 86' lang='lat' dir='ltr'>sic</span> <span class='ocrx_word' id='word_1_598' title='bbox 2235 3283 2504 3338; x_wconf 88' lang='lat' dir='ltr'><strong>miseram</strong></span> <span class='ocrx_word' id='word_1_599' title='bbox 2557 3282 2843 3338; x_wconf 84' lang='lat' dir='ltr'><strong>trahentes</strong></span> <span class='ocrx_word' id='word_1_600' title='bbox 2885 3282 3056 3338; x_wconf 86' lang='lat' dir='ltr'><strong>vitam</strong></span> <span class='ocrx_word' id='word_1_601' title='bbox 3092 3282 3144 3337; x_wconf 92' lang='lat' dir='ltr'>id</span> <span class='ocrx_word' id='word_1_602' title='bbox 3197 3298 3379 3336; x_wconf 89' lang='lat' dir='ltr'><strong>unum</strong></span> <span class='ocrx_word' id='word_1_603' title='bbox 3415 3283 3682 3336; x_wconf 90' lang='lat' dir='ltr'><strong>metuant</strong></span> 
     </span>
    </p>
   </div>
   <div class='ocr_carea' id='block_1_88' title="bbox 2031 3387 3681 3461">
    <p class='ocr_par' dir='ltr' id='par_1_88' title="bbox 2031 3387 3681 3461">
     <span class='ocr_line' id='line_1_88' title="bbox 2031 3387 3681 3461; baseline -0.002 -17"><span class='ocrx_word' id='word_1_604' title='bbox 2031 3405 2103 3445; x_wconf 91' lang='lat' dir='ltr'><strong>ne</strong></span> <span class='ocrx_word' id='word_1_605' title='bbox 2137 3398 2264 3461; x_wconf 87' lang='lat' dir='ltr'><strong>post</strong></span> <span class='ocrx_word' id='word_1_606' title='bbox 2293 3391 2666 3460; x_wconf 80' lang='lat' dir='ltr'><strong>gravissimas</strong></span> <span class='ocrx_word' id='word_1_607' title='bbox 2712 3407 3002 3446; x_wconf 66' lang='lat' dir='ltr'><strong>erumnas</strong></span> <span class='ocrx_word' id='word_1_608' title='bbox 3051 3395 3107 3445; x_wconf 90' lang='lat' dir='ltr'>et</span> <span class='ocrx_word' id='word_1_609' title='bbox 3135 3390 3249 3460; x_wconf 91' lang='lat' dir='ltr'><strong>ipsi</strong></span> <span class='ocrx_word' id='word_1_610' title='bbox 3298 3387 3550 3443; x_wconf 90' lang='lat' dir='ltr'><strong>similem</strong></span> <span class='ocrx_word' id='word_1_611' title='bbox 3587 3403 3681 3441; x_wconf 91' lang='lat' dir='ltr'><strong>ne-</strong></span> 
     </span>
    </p>
   </div>
   <div class='ocr_carea' id='block_1_89' title="bbox 2024 3504 2480 3569">
    <p class='ocr_par' dir='ltr' id='par_1_89' title="bbox 2024 3504 2480 3569">
     <span class='ocr_line' id='line_1_89' title="bbox 2024 3504 2480 3569; baseline 0.004 -18"><span class='ocrx_word' id='word_1_612' title='bbox 2024 3512 2146 3552; x_wconf 90' lang='lat' dir='ltr'>cem</span> <span class='ocrx_word' id='word_1_613' title='bbox 2183 3504 2480 3569; x_wconf 87' lang='lat' dir='ltr'><strong>oppetant.</strong></span> 
     </span>
    </p>
   </div>
   <div class='ocr_carea' id='block_1_90' title="bbox 2095 3807 3680 3882">
    <p class='ocr_par' dir='ltr' id='par_1_90' title="bbox 2095 3807 3680 3882">
     <span class='ocr_line' id='line_1_90' title="bbox 2095 3807 3680 3882; baseline 0.001 -20"><span class='ocrx_word' id='word_1_614' title='bbox 2095 3809 2204 3864; x_wconf 90' lang='lat' dir='ltr'><strong>Sed</strong></span> <span class='ocrx_word' id='word_1_615' title='bbox 2264 3807 2591 3864; x_wconf 88' lang='lat' dir='ltr'><strong>latronibus</strong></span> <span class='ocrx_word' id='word_1_616' title='bbox 2651 3824 2883 3880; x_wconf 86' lang='lat' dir='ltr'><strong>quoque</strong></span> <span class='ocrx_word' id='word_1_617' title='bbox 2931 3808 3030 3864; x_wconf 90' lang='lat' dir='ltr'><strong>illa</strong></span> <span class='ocrx_word' id='word_1_618' title='bbox 3085 3814 3402 3880; x_wconf 84' lang='lat' dir='ltr'><strong>tempestas</strong></span> <span class='ocrx_word' id='word_1_619' title='bbox 3459 3809 3680 3882; x_wconf 86' lang='lat' dir='ltr'><strong>gratior</strong></span> 
     </span>
    </p>
   </div>
   <div class='ocr_carea' id='block_1_91' title="bbox 2024 3917 3679 3988">
    <p class='ocr_par' dir='ltr' id='par_1_91' title="bbox 2024 3917 3679 3988">
     <span class='ocr_line' id='line_1_91' title="bbox 2024 3917 3679 3988; baseline 0.005 -18"><span class='ocrx_word' id='word_1_620' title='bbox 2024 3932 2198 3988; x_wconf 87' lang='lat' dir='ltr'><strong>quam</strong></span> <span class='ocrx_word' id='word_1_621' title='bbox 2237 3933 2496 3988; x_wconf 82' lang='lat' dir='ltr'><strong>unquam</strong></span> <span class='ocrx_word' id='word_1_622' title='bbox 2548 3923 2718 3973; x_wconf 90' lang='lat' dir='ltr'><strong>antea</strong></span> <span class='ocrx_word' id='word_1_623' title='bbox 2758 3917 2887 3972; x_wconf 82' lang='lat' dir='ltr'><strong>fuit.</strong></span> <span class='ocrx_word' id='word_1_624' title='bbox 2933 3918 3038 3983; x_wconf 86' lang='lat' dir='ltr'>Qui</span> <span class='ocrx_word' id='word_1_625' title='bbox 3070 3919 3224 3974; x_wconf 91' lang='lat' dir='ltr'><strong>enim</strong></span> <span class='ocrx_word' id='word_1_626' title='bbox 3266 3919 3519 3976; x_wconf 88' lang='lat' dir='ltr'><strong>hostium</strong></span> <span class='ocrx_word' id='word_1_627' title='bbox 3552 3938 3679 3978; x_wconf 85' lang='lat' dir='ltr'><strong>ma-</strong></span> 
     </span>
    </p>
   </div>
   <div class='ocr_carea' id='block_1_92' title="bbox 2025 4024 3671 4098">
    <p class='ocr_par' dir='ltr' id='par_1_92' title="bbox 2025 4024 3671 4098">
     <span class='ocr_line' id='line_1_92' title="bbox 2025 4024 3671 4098; baseline 0.002 -19"><span class='ocrx_word' id='word_1_628' title='bbox 2025 4040 2138 4079; x_wconf 92' lang='lat' dir='ltr'><strong>nus</strong></span> <span class='ocrx_word' id='word_1_629' title='bbox 2166 4024 2505 4093; x_wconf 76' lang='lat' dir='ltr'><strong>effugerant,</strong></span> <span class='ocrx_word' id='word_1_630' title='bbox 2538 4025 2595 4078; x_wconf 93' lang='lat' dir='ltr'>in</span> <span class='ocrx_word' id='word_1_631' title='bbox 2627 4025 2858 4080; x_wconf 91' lang='lat' dir='ltr'><strong>illorum</strong></span> <span class='ocrx_word' id='word_1_632' title='bbox 2902 4024 3060 4080; x_wconf 90' lang='lat' dir='ltr'><strong>illico</strong></span> <span class='ocrx_word' id='word_1_633' title='bbox 3089 4026 3448 4092; x_wconf 90' lang='lat' dir='ltr'><strong>incidebant,</strong></span> <span class='ocrx_word' id='word_1_634' title='bbox 3481 4045 3514 4084; x_wconf 90' lang='lat' dir='ltr'>a</span> <span class='ocrx_word' id='word_1_635' title='bbox 3544 4029 3671 4098; x_wconf 84' lang='lat' dir='ltr'><strong>qui-</strong></span> 
     </span>
    </p>
   </div>
   <div class='ocr_carea' id='block_1_93' title="bbox 2025 4127 3676 4202">
    <p class='ocr_par' dir='ltr' id='par_1_93' title="bbox 2025 4127 3676 4202">
     <span class='ocr_line' id='line_1_93' title="bbox 2025 4127 3676 4202; baseline 0.004 -20"><span class='ocrx_word' id='word_1_636' title='bbox 2025 4127 2133 4182; x_wconf 90' lang='lat' dir='ltr'><strong>bus</strong></span> <span class='ocrx_word' id='word_1_637' title='bbox 2191 4129 2237 4182; x_wconf 89' lang='lat' dir='ltr'><strong>si</strong></span> <span class='ocrx_word' id='word_1_638' title='bbox 2297 4145 2409 4183; x_wconf 92' lang='lat' dir='ltr'>non</span> <span class='ocrx_word' id='word_1_639' title='bbox 2470 4132 2675 4199; x_wconf 89' lang='lat' dir='ltr'><strong>sponte</strong></span> <span class='ocrx_word' id='word_1_640' title='bbox 2741 4143 2862 4198; x_wconf 70' lang='lat' dir='ltr'><strong>quae</strong></span> <span class='ocrx_word' id='word_1_641' title='bbox 2921 4129 3315 4201; x_wconf 87' lang='lat' dir='ltr'><strong>possidebant,</strong></span> <span class='ocrx_word' id='word_1_642' title='bbox 3369 4133 3676 4202; x_wconf 88' lang='lat' dir='ltr'><strong>cedebant,</strong></span> 
     </span>
    </p>
   </div>
   <div class='ocr_carea' id='block_1_94' title="bbox 2024 4235 3670 4294">
    <p class='ocr_par' dir='ltr' id='par_1_94' title="bbox 2024 4235 3670 4294">
     <span class='ocr_line' id='line_1_94' title="bbox 2024 4235 3670 4294; baseline 0.002 -4"><span class='ocrx_word' id='word_1_643' title='bbox 2024 4235 2166 4290; x_wconf 90' lang='lat' dir='ltr'><strong>diris</strong></span> <span class='ocrx_word' id='word_1_644' title='bbox 2225 4235 2554 4291; x_wconf 87' lang='lat' dir='ltr'><strong>verberibus</strong></span> <span class='ocrx_word' id='word_1_645' title='bbox 2622 4235 2804 4292; x_wconf 72' lang='lat' dir='ltr'><strong>affecti</strong></span> <span class='ocrx_word' id='word_1_646' title='bbox 2870 4240 3100 4291; x_wconf 85' lang='lat' dir='ltr'><strong>tantum</strong></span> <span class='ocrx_word' id='word_1_647' title='bbox 3170 4255 3281 4292; x_wconf 90' lang='lat' dir='ltr'>non</span> <span class='ocrx_word' id='word_1_648' title='bbox 3339 4240 3409 4294; x_wconf 92' lang='lat' dir='ltr'>ad</span> <span class='ocrx_word' id='word_1_649' title='bbox 3471 4256 3670 4294; x_wconf 90' lang='lat' dir='ltr'><strong>necem</strong></span> 
     </span>
    </p>
   </div>
   <div class='ocr_carea' id='block_1_95' title="bbox 2025 4343 3680 4416">
    <p class='ocr_par' dir='ltr' id='par_1_95' title="bbox 2025 4343 3680 4416">
     <span class='ocr_line' id='line_1_95' title="bbox 2025 4343 3680 4416; baseline 0.003 -18"><span class='ocrx_word' id='word_1_650' title='bbox 2025 4359 2208 4416; x_wconf 90' lang='lat' dir='ltr'><strong>usque</strong></span> <span class='ocrx_word' id='word_1_651' title='bbox 2250 4343 2679 4398; x_wconf 87' lang='lat' dir='ltr'><strong>cruciabantur.</strong></span> <span class='ocrx_word' id='word_1_652' title='bbox 2732 4343 2838 4408; x_wconf 89' lang='lat' dir='ltr'>Qui</span> <span class='ocrx_word' id='word_1_653' title='bbox 2889 4360 3057 4415; x_wconf 89' lang='lat' dir='ltr'><strong>porro</strong></span> <span class='ocrx_word' id='word_1_654' title='bbox 3107 4347 3325 4402; x_wconf 87' lang='lat' dir='ltr'><strong>amicos</strong></span> <span class='ocrx_word' id='word_1_655' title='bbox 3375 4346 3680 4403; x_wconf 81' lang='lat' dir='ltr'><strong>calamito&#39;</strong></span> 
     </span>
    </p>
   </div>
   <div class='ocr_carea' id='block_1_96' title="bbox 2025 4451 3674 4525">
    <p class='ocr_par' dir='ltr' id='par_1_96' title="bbox 2025 4451 3674 4525">
     <span class='ocr_line' id='line_1_96' title="bbox 2025 4451 3674 4525; baseline 0.004 -21"><span class='ocrx_word' id='word_1_656' title='bbox 2025 4467 2122 4505; x_wconf 91' lang='lat' dir='ltr'><strong>os</strong></span> <span class='ocrx_word' id='word_1_657' title='bbox 2154 4451 2327 4505; x_wconf 85' lang='lat' dir='ltr'><strong>armis</strong></span> <span class='ocrx_word' id='word_1_658' title='bbox 2355 4452 2660 4506; x_wconf 82' lang='lat' dir='ltr'><strong>defendere</strong></span> <span class='ocrx_word' id='word_1_659' title='bbox 2690 4451 2964 4507; x_wconf 89' lang='lat' dir='ltr'><strong>volebant</strong></span> <span class='ocrx_word' id='word_1_660' title='bbox 3006 4469 3122 4508; x_wconf 90' lang='lat' dir='ltr'>una</span> <span class='ocrx_word' id='word_1_661' title='bbox 3150 4470 3283 4508; x_wconf 91' lang='lat' dir='ltr'>cum</span> <span class='ocrx_word' id='word_1_662' title='bbox 3317 4453 3428 4509; x_wconf 88' lang='lat' dir='ltr'><strong>illis</strong></span> <span class='ocrx_word' id='word_1_663' title='bbox 3460 4455 3517 4508; x_wconf 92' lang='lat' dir='ltr'>in</span> <span class='ocrx_word' id='word_1_664' title='bbox 3551 4471 3674 4525; x_wconf 90' lang='lat' dir='ltr'><strong>per-</strong></span> 
     </span>
    </p>
   </div>
   <div class='ocr_carea' id='block_1_97' title="bbox 2026 4557 3671 4632">
    <p class='ocr_par' dir='ltr' id='par_1_97' title="bbox 2026 4557 3671 4632">
     <span class='ocr_line' id='line_1_97' title="bbox 2026 4557 3671 4632; baseline 0.002 -22"><span class='ocrx_word' id='word_1_665' title='bbox 2026 4557 2236 4612; x_wconf 91' lang='lat' dir='ltr'><strong>niciem</strong></span> <span class='ocrx_word' id='word_1_666' title='bbox 2272 4557 2519 4612; x_wconf 87' lang='lat' dir='ltr'><strong>ruebant</strong></span> <span class='ocrx_word' id='word_1_667' title='bbox 2551 4563 2608 4612; x_wconf 91' lang='lat' dir='ltr'><strong>et</strong></span> <span class='ocrx_word' id='word_1_668' title='bbox 2638 4558 2924 4628; x_wconf 90' lang='lat' dir='ltr'><strong>supplicia</strong></span> <span class='ocrx_word' id='word_1_669' title='bbox 2971 4559 3286 4615; x_wconf 81' lang='lat' dir='ltr'><strong>durissima</strong></span> <span class='ocrx_word' id='word_1_670' title='bbox 3318 4577 3419 4615; x_wconf 89' lang='lat' dir='ltr'><strong>nec</strong></span> <span class='ocrx_word' id='word_1_671' title='bbox 3450 4561 3671 4632; x_wconf 84' lang='lat' dir='ltr'><strong>opinati</strong></span> 
     </span>
    </p>
   </div>
   <div class='ocr_carea' id='block_1_98' title="bbox 1947 4665 3670 4738">
    <p class='ocr_par' dir='ltr' id='par_1_98' title="bbox 1947 4665 3670 4738">
     <span class='ocr_line' id='line_1_98' title="bbox 1947 4665 3670 4738; baseline 0.003 -20"><span class='ocrx_word' id='word_1_672' title='bbox 1947 4670 1994 4737; x_wconf 80' lang='lat' dir='ltr'><strong>D</strong></span> <span class='ocrx_word' id='word_1_673' title='bbox 2029 4665 2420 4736; x_wconf 85' lang='lat' dir='ltr'><strong>patiebantur,</strong></span> <span class='ocrx_word' id='word_1_674' title='bbox 2454 4666 2624 4736; x_wconf 88' lang='lat' dir='ltr'><strong>plane</strong></span> <span class='ocrx_word' id='word_1_675' title='bbox 2665 4671 2725 4720; x_wconf 90' lang='lat' dir='ltr'><strong>ut</strong></span> <span class='ocrx_word' id='word_1_676' title='bbox 2773 4666 2812 4721; x_wconf 89' lang='lat' dir='ltr'><strong>ii</strong></span> <span class='ocrx_word' id='word_1_677' title='bbox 2858 4669 2955 4738; x_wconf 91' lang='lat' dir='ltr'>qui</span> <span class='ocrx_word' id='word_1_678' title='bbox 2988 4667 3046 4722; x_wconf 91' lang='lat' dir='ltr'>in</span> <span class='ocrx_word' id='word_1_679' title='bbox 3098 4667 3244 4722; x_wconf 87' lang='lat' dir='ltr'><strong>mari</strong></span> <span class='ocrx_word' id='word_1_680' title='bbox 3294 4667 3486 4722; x_wconf 87' lang='lat' dir='ltr'><strong>Siculo</strong></span> <span class='ocrx_word' id='word_1_681' title='bbox 3525 4668 3670 4724; x_wconf 88' lang='lat' dir='ltr'><strong>Cha-</strong></span> 
     </span>
    </p>
   </div>
   <div class='ocr_carea' id='block_1_99' title="bbox 2029 4771 3672 4845">
    <p class='ocr_par' dir='ltr' id='par_1_99' title="bbox 2029 4771 3672 4845">
     <span class='ocr_line' id='line_1_99' title="bbox 2029 4771 3672 4845; baseline 0.004 -20"><span class='ocrx_word' id='word_1_682' title='bbox 2029 4772 2233 4843; x_wconf 74' lang='lat' dir='ltr'><strong>rybdin</strong></span> <span class='ocrx_word' id='word_1_683' title='bbox 2285 4771 2560 4841; x_wconf 89' lang='lat' dir='ltr'><strong>vitantes,</strong></span> <span class='ocrx_word' id='word_1_684' title='bbox 2612 4771 2670 4826; x_wconf 93' lang='lat' dir='ltr'>in</span> <span class='ocrx_word' id='word_1_685' title='bbox 2720 4771 3005 4830; x_wconf 84' lang='lat' dir='ltr'><strong>tristiores</strong></span> <span class='ocrx_word' id='word_1_686' title='bbox 3051 4772 3247 4845; x_wconf 70' lang='lat' dir='ltr'><strong>Scyllae</strong></span> <span class='ocrx_word' id='word_1_687' title='bbox 3297 4772 3566 4845; x_wconf 83' lang='lat' dir='ltr'><strong>scopulos</strong></span> <span class='ocrx_word' id='word_1_688' title='bbox 3616 4780 3672 4831; x_wconf 91' lang='lat' dir='ltr'>et</span> 
     </span>
    </p>
   </div>
   <div class='ocr_carea' id='block_1_100' title="bbox 2027 4879 2712 4935">
    <p class='ocr_par' dir='ltr' id='par_1_100' title="bbox 2027 4879 2712 4935">
     <span class='ocr_line' id='line_1_100' title="bbox 2027 4879 2712 4935; baseline 0.003 -3"><span class='ocrx_word' id='word_1_689' title='bbox 2027 4893 2161 4933; x_wconf 82' lang='lat' dir='ltr'><strong>saxa</strong></span> <span class='ocrx_word' id='word_1_690' title='bbox 2194 4879 2400 4934; x_wconf 89' lang='lat' dir='ltr'><strong>misere</strong></span> <span class='ocrx_word' id='word_1_691' title='bbox 2430 4879 2712 4935; x_wconf 88' lang='lat' dir='ltr'><strong>incidunt.</strong></span> 
     </span>
    </p>
   </div>
   <div class='ocr_carea' id='block_1_101' title="bbox 2095 5140 3672 5214">
    <p class='ocr_par' dir='ltr' id='par_1_101' title="bbox 2095 5140 3672 5214">
     <span class='ocr_line' id='line_1_101' title="bbox 2095 5140 3672 5214; baseline 0 -17"><span class='ocrx_word' id='word_1_692' title='bbox 2095 5143 2242 5200; x_wconf 83' lang='lat' dir='ltr'><strong>Casu</strong></span> <span class='ocrx_word' id='word_1_693' title='bbox 2279 5142 2533 5214; x_wconf 88' lang='lat' dir='ltr'><strong>quodam</strong></span> <span class='ocrx_word' id='word_1_694' title='bbox 2585 5142 2744 5199; x_wconf 90' lang='lat' dir='ltr'><strong>fatali</strong></span> <span class='ocrx_word' id='word_1_695' title='bbox 2790 5141 2974 5199; x_wconf 86' lang='lat' dir='ltr'><strong>Athos</strong></span> <span class='ocrx_word' id='word_1_696' title='bbox 3019 5157 3268 5214; x_wconf 86' lang='lat' dir='ltr'><strong>quoque,</strong></span> <span class='ocrx_word' id='word_1_697' title='bbox 3299 5140 3359 5197; x_wconf 91' lang='lat' dir='ltr'>in</span> <span class='ocrx_word' id='word_1_698' title='bbox 3396 5157 3509 5213; x_wconf 87' lang='lat' dir='ltr'>quo</span> <span class='ocrx_word' id='word_1_699' title='bbox 3549 5141 3672 5199; x_wconf 90' lang='lat' dir='ltr'><strong>solo</strong></span> 
     </span>
    </p>
   </div>
   <div class='ocr_carea' id='block_1_102' title="bbox 2025 5256 3673 5331">
    <p class='ocr_par' dir='ltr' id='par_1_102' title="bbox 2025 5256 3673 5331">
     <span class='ocr_line' id='line_1_102' title="bbox 2025 5256 3673 5331; baseline 0.002 -20"><span class='ocrx_word' id='word_1_700' title='bbox 2025 5256 2211 5313; x_wconf 86' lang='lat' dir='ltr'><strong>virtus</strong></span> <span class='ocrx_word' id='word_1_701' title='bbox 2244 5263 2435 5312; x_wconf 91' lang='lat' dir='ltr'><strong>tutum</strong></span> <span class='ocrx_word' id='word_1_702' title='bbox 2489 5259 2664 5314; x_wconf 86' lang='lat' dir='ltr'><strong>habet</strong></span> <span class='ocrx_word' id='word_1_703' title='bbox 2713 5258 3100 5326; x_wconf 84' lang='lat' dir='ltr'><strong>domicilium,</strong></span> <span class='ocrx_word' id='word_1_704' title='bbox 3131 5259 3227 5328; x_wconf 93' lang='lat' dir='ltr'><strong>qui</strong></span> <span class='ocrx_word' id='word_1_705' title='bbox 3263 5258 3423 5314; x_wconf 89' lang='lat' dir='ltr'><strong>solus</strong></span> <span class='ocrx_word' id='word_1_706' title='bbox 3453 5259 3673 5331; x_wconf 88' lang='lat' dir='ltr'><strong>ubique</strong></span> 
     </span>
    </p>
   </div>
   <div class='ocr_carea' id='block_1_103' title="bbox 2024 5374 3669 5444">
    <p class='ocr_par' dir='ltr' id='par_1_103' title="bbox 2024 5374 3669 5444">
     <span class='ocr_line' id='line_1_103' title="bbox 2024 5374 3669 5444; baseline 0.001 -16"><span class='ocrx_word' id='word_1_707' title='bbox 2024 5378 2305 5430; x_wconf 88' lang='lat' dir='ltr'><strong>terrarum</strong></span> <span class='ocrx_word' id='word_1_708' title='bbox 2341 5379 2396 5428; x_wconf 90' lang='lat' dir='ltr'>et</span> <span class='ocrx_word' id='word_1_709' title='bbox 2443 5374 2706 5428; x_wconf 90' lang='lat' dir='ltr'><strong>omnium</strong></span> <span class='ocrx_word' id='word_1_710' title='bbox 2757 5389 3040 5428; x_wconf 84' lang='lat' dir='ltr'><strong>consensu</strong></span> <span class='ocrx_word' id='word_1_711' title='bbox 3091 5389 3192 5428; x_wconf 87' lang='lat' dir='ltr'>vas</span> <span class='ocrx_word' id='word_1_712' title='bbox 3222 5379 3311 5429; x_wconf 91' lang='lat' dir='ltr'>est</span> <span class='ocrx_word' id='word_1_713' title='bbox 3348 5375 3669 5444; x_wconf 86' lang='lat' dir='ltr'><strong>electionis,</strong></span> 
     </span>
    </p>
   </div>
   <div class='ocr_carea' id='block_1_104' title="bbox 2020 5482 3669 5557">
    <p class='ocr_par' dir='ltr' id='par_1_104' title="bbox 2020 5482 3669 5557">
     <span class='ocr_line' id='line_1_104' title="bbox 2020 5482 3669 5557; baseline -0.001 -15"><span class='ocrx_word' id='word_1_714' title='bbox 2020 5499 2391 5542; x_wconf 88' lang='lat' dir='ltr'><strong>communem</strong></span> <span class='ocrx_word' id='word_1_715' title='bbox 2451 5482 2858 5551; x_wconf 87' lang='lat' dir='ltr'><strong>calamitatem,</strong></span> <span class='ocrx_word' id='word_1_716' title='bbox 2922 5489 2984 5539; x_wconf 92' lang='lat' dir='ltr'>ut</span> <span class='ocrx_word' id='word_1_717' title='bbox 3043 5485 3100 5539; x_wconf 92' lang='lat' dir='ltr'>in</span> <span class='ocrx_word' id='word_1_718' title='bbox 3160 5482 3302 5538; x_wconf 89' lang='lat' dir='ltr'><strong>mari</strong></span> <span class='ocrx_word' id='word_1_719' title='bbox 3361 5484 3669 5557; x_wconf 91' lang='lat' dir='ltr'><strong>scopuloso</strong></span> 
     </span>
    </p>
   </div>
   <div class='ocr_carea' id='block_1_105' title="bbox 2021 5600 3670 5673">
    <p class='ocr_par' dir='ltr' id='par_1_105' title="bbox 2021 5600 3670 5673">
     <span class='ocr_line' id='line_1_105' title="bbox 2021 5600 3670 5673; baseline 0.001 -17"><span class='ocrx_word' id='word_1_720' title='bbox 2021 5604 2293 5672; x_wconf 82' lang='lat' dir='ltr'><strong>expertus</strong></span> <span class='ocrx_word' id='word_1_721' title='bbox 2350 5605 2457 5669; x_wconf 88' lang='lat' dir='ltr'><strong>est,</strong></span> <span class='ocrx_word' id='word_1_722' title='bbox 2518 5600 2652 5656; x_wconf 91' lang='lat' dir='ltr'><strong>licet</strong></span> <span class='ocrx_word' id='word_1_723' title='bbox 2707 5616 2812 5656; x_wconf 90' lang='lat' dir='ltr'>nec</span> <span class='ocrx_word' id='word_1_724' title='bbox 2871 5617 2904 5656; x_wconf 90' lang='lat' dir='ltr'>a</span> <span class='ocrx_word' id='word_1_725' title='bbox 2961 5601 3260 5658; x_wconf 76' lang='lat' dir='ltr'><strong>Medorum</strong></span> <span class='ocrx_word' id='word_1_726' title='bbox 3313 5616 3442 5673; x_wconf 89' lang='lat' dir='ltr'><strong>rege</strong></span> <span class='ocrx_word' id='word_1_727' title='bbox 3481 5601 3670 5657; x_wconf 78' lang='lat' dir='ltr'><strong>Xerxe</strong></span> 
     </span>
    </p>
   </div>
  </div>
