4062 6308
519 299 636 366 413

1821 315 2216 382 THEODULI
2261 316 2612 379 MONACHI

3765 320 3870 381 4M

515 439 686 511 plane
735 457 796 497 se
835 440 1026 514 subigi
1074 459 1278 513 passus
1319 446 1414 512 sit,
1461 451 1560 518 qui
1611 448 1754 504 nihil
1804 451 2155 509 intentatum

2278 448 2381 504 δων
2414 453 2522 521 (12)
2563 453 2663 504 τοῦ
2702 449 2979 524 προγόνου
3030 454 3145 525 (13)
3194 451 3373 531 σφίσιν
3423 454 3706 521 ἡττᾶσθαι·
3747 455 3871 526 μᾶλ-

517 546 758 619 reliquit
815 555 876 604 ut
930 549 1121 622 ipsum
1183 553 1576 610 demolirelur.
1637 557 1898 630 Namque
1954 565 2164 616 Xerxes

517 660 776 711 montem
809 656 1131 727 perfossum
1164 674 1366 714 versus
1416 678 1574 717 mare
1623 665 1867 720 navibus
1911 682 2160 736 permea-

515 762 684 817 bilem
738 763 973 821 reddere
1019 765 1221 832 voluit,
1272 783 1380 838 quo
1431 769 1591 826 irrito
1637 777 1850 828 conatu
1904 773 2161 829 stultitiae

514 886 636 926 suis
683 876 738 926 et
785 872 963 927 animi
1012 874 1251 929 absurdi
1307 889 1751 935 monumentum
1801 882 2057 953 reliquit,
2108 889 2164 938 et

513 976 702 1034 etl'ecit
731 983 796 1033 ut
835 981 1047 1050 posteri
1079 983 1179 1052 qui
1221 983 1382 1038 stulti
1413 984 1584 1040 istius
1615 989 1934 1044 moliminis
1967 1007 2162 1060 poenas

513 1085 673 1146 dant,
707 1085 904 1143 tristes
951 1088 1022 1142 ad
1074 1089 1285 1144 coelum
1336 1092 1620 1149 clamores
1667 1094 1896 1162 tollant,
1930 1096 2158 1168 quando

514 1193 588 1248 ob
625 1193 828 1249 oculos
872 1201 1179 1252 versantur
1227 1206 1556 1256 sanctorum
1604 1203 2001 1274 theologorum
2051 1206 2158 1260 do-

513 1300 750 1369 micilia,
801 1303 1086 1373 coenobia,
1135 1307 1374 1379 templa,
1427 1311 1697 1378 sacraria,
1749 1310 1989 1380 cellulas,
2037 1329 2164 1384 quae

512 1408 711 1464 omnia
739 1425 971 1466 summa
1019 1414 1400 1485 prosperitate
1445 1417 1797 1488 gaudebant,
1830 1435 1986 1475 nunc
2031 1435 2164 1476 vero

511 1515 741 1570 ruinam
803 1516 1063 1582 trahunt,
1119 1524 1245 1589 post
1307 1526 1537 1578 sanctos
1610 1523 1830 1580 incolas
1898 1527 2167 1582 atrociter

514 1620 914 1694 interemptos,
978 1627 1060 1678 ita
1126 1630 1188 1680 ut
1259 1633 1467 1699 praeter
1528 1645 1693 1701 spem
1759 1631 1862 1685 viri
1932 1633 2164 1703 quidem

514 1745 687 1800 super
733 1730 857 1801 ipso
915 1732 1148 1803 degant,
1208 1736 1704 1793 conversationem
1754 1755 1886 1795 vero
1929 1741 2052 1811 jam
2105 1741 2168 1795 in

513 1835 657 1892 caelo
733 1837 1005 1908 habeant,
1091 1844 1147 1894 et
1221 1857 1389 1912 quos,
1469 1845 1791 1900 secundum
1869 1846 2162 1903 Plotinum

520 1943 874 2016 (Egyptium,
929 1949 1054 2002 tum
1103 1948 1519 2020 adolescentes,
1570 1955 1697 2008 tum
1745 1953 1998 2023 adultos,
2049 1956 2165 2011 imo

518 2069 694 2108 canos
724 2055 842 2125 jam
873 2059 927 2110 et
957 2057 1172 2113 virides
1225 2059 1416 2115 adhuc
1463 2077 1770 2133 corporum
1813 2064 2165 2134 quibuscum

518 2161 740 2228 vivunt,
792 2165 1020 2220 tedeat.
1083 2166 1147 2220 Id
1192 2182 1372 2222 unum
1423 2168 1576 2224 enim
1629 2186 1830 2225 omnes
1879 2177 2164 2241 spectant,

522 2272 575 2326 id
610 2288 795 2329 unum
837 2275 1084 2330 tendunt
1133 2275 1441 2349 foventque
1472 2283 1536 2333 ut
1581 2295 1711 2334 cum
1745 2279 1860 2335 Deo
1891 2281 2164 2337 unionem

520 2383 738 2439 ineant.
763 2383 1038 2441 Omanus
1061 2402 1355 2458 pugnaces
1380 2386 1393 2442 ί
1417 2404 1521 2443 cur
1550 2390 1786 2444 tandem
1818 2407 1934 2446 non
1967 2409 2167 2448 omnes

522 2492 826 2562 stupefacti
857 2492 1243 2550 horruerunt!
1295 2493 1574 2566 Equidem
1628 2498 1699 2552 ab
1731 2497 1911 2554 solam
1965 2517 2165 2556 narra-

525 2599 740 2654 tionem
801 2600 1101 2672 obstupui,
1149 2605 1205 2656 et
1251 2602 1301 2657 si
1356 2603 1698 2671 adfuissem,
1759 2606 1912 2660 sicut
1966 2609 2164 2674 Niobe,

530 2705 652 2760 saxi
680 2706 953 2762 duritiem
1004 2707 1351 2765 induissem.
1401 2709 1444 2765 Ο
1492 2710 1772 2783 gladium,
1822 2714 1922 2784 qui
1963 2730 2166 2771 omnes

527 2812 860 2878 transfodit,
909 2817 965 2868 et
1026 2816 1190 2884 cujus
1248 2814 1399 2872 acies
1458 2833 1573 2872 non
1635 2833 1748 2888 prae
1803 2818 2022 2890 pudore
2080 2824 2170 2876 est

531 2919 796 2976 hebetata
821 2920 833 2974 ἰ
867 2920 910 2976 0
932 2921 1223 2978 cohortem
1251 2923 1697 2980 Christiﬁdelem
1723 2924 1736 2979 l
1770 2942 1801 2980 o
1831 2927 2168 2984 concionem

528 3043 776 3098 sacram,
808 3031 922 3085 Deo
970 3029 1224 3101 plenam,
1259 3049 1384 3104 qua
1428 3049 1488 3088 re
1535 3034 1737 3090 audita
1775 3037 2079 3093 confestim
2105 3037 2164 3092 in

526 3150 709 3190 unum
769 3137 1055 3205 convenit,
1115 3148 1168 3193 et
1224 3137 1352 3194 laato
1410 3141 1606 3196 animo
1663 3141 1722 3196 in
1780 3143 1982 3198 eodem
2043 3144 2240 3247 lococ

527 3247 734 3314 ponte
761 3243 1111 3315 permansit!
1146 3246 1287 3301 Cum
1326 3249 1478 3302 enim
1513 3248 1728 3304 misera
1753 3250 1938 3306 vivere
1968 3253 2163 3307 condi-

527 3353 703 3421 tione,
753 3369 921 3424 quam
973 3364 1216 3411 mortem
1267 3358 1456 3414 videre
1503 3358 1763 3428 mallent,
1814 3361 1986 3417 vitam
2035 3361 2165 3435 glo-

526 3462 680 3518 riose
707 3462 948 3533 finituri,
980 3464 1278 3522 certamini
1329 3471 1570 3523 mortem
1615 3475 2028 3541 congruentem
2058 3471 2168 3527 ad-

512 3567 800 3638 jecsrunt.

593 4013 730 4078 Quis
794 4022 982 4070 autem
1043 4015 1147 4070 has
1214 4015 1579 4071 catamitates
1655 4019 1798 4072 satis
1869 4016 2168 4086 deplorare

524 4121 733 4191 poterit
751 4121 779 4174 ?
807 4122 900 4176 cui
930 4127 1170 4177 cunctas
1193 4122 1295 4177 bas
1327 4122 1589 4178 miserias
1620 4124 1826 4179 referre
1857 4125 1997 4178 dum
2022 4124 2168 4191 vult,

524 4246 638 4286 non
689 4247 795 4286 vox
844 4231 1109 4286 faucibus
1152 4230 1438 4288 haerebit?
1485 4231 1762 4302 Equidem
1825 4249 2166 4303 persuasum

523 4337 708 4394 habeo
740 4338 896 4410 quod
925 4355 1030 4395 nec
1077 4339 1296 4395 cladem
1345 4356 1516 4411 quam
1566 4339 1947 4397 Athenienses
1993 4357 2170 4413 prope

522 4445 780 4502 Siciliam
822 4447 1039 4518 experti
1083 4453 1237 4514 sunt,
1281 4463 1387 4504 nec
1433 4448 1747 4504 devastatio
1792 4447 2169 4504 Acbaruensi-

2267 538 2360 593 λον
2411 537 2469 594 δὲ
2517 538 2616 594 οὐκ
2666 539 2726 593 ἂν
2775 537 2962 603 ἄλλως
3017 541 3271 612 ᾠήθησαν
3327 541 3508 613 ἐκείνῳ
3561 540 3700 613 δόξαι
3751 546 3872 598 κατὰ

2261 628 2414 704 γένος
2467 630 2785 702 προσήκειν,
2843 629 2890 683 εί
2942 631 3018 702 μὴ
3063 630 3154 684 καὶ
3203 629 3358 686 οὗτοι
3413 636 3528 693 ταῖς
3587 633 3759 708 χερσὶν
3804 620 3876 686 ἐπ’

2264 718 2416 788 αὐτῷ
2457 719 2784 792 χρήσονται.
2823 717 3000 772 Πάλαι
3046 720 3150 794 γὰρ
3192 718 3623 794 διορωρυγμένος
3663 721 3759 776 ὑπὸ
3793 724 3876 775 τοῦ

2263 803 2492 881 Ξέρξδυ,
2552 807 2642 860 καὶ
2699 806 2762 860 τὸ
2825 807 2961 880 πρὸς
3013 806 3280 864 θάλατταν
3336 810 3473 864 ἅπαν
3529 811 3876 887 κατασκαφεὶς,

2267 894 2378 969 οὐχ
2407 896 2481 958 ὡς
2519 894 2742 963 άληθὼς
2781 901 2897 958 τοῖς
2949 897 3098 950 ναυσὶ
3132 892 3378 952 διάϐασιν
3423 899 3550 954 εἶναι
3602 903 3732 969 (πῶς
3757 899 3876 974 γάρ;

2273 984 2387 1054 ἐξὸν
2435 982 2695 1058 ἑτέρωθεν
2754 983 3158 1059 πεπλευκέναι),
3207 985 3335 1044 ἀλλ’
3381 988 3456 1050 ὡς
3503 988 3718 1058 ἀληθῶς
3763 987 3879 1041 εἶναι

2273 1077 2390 1135 τοῖς
2457 1072 2898 1150 ἐπιγιγνομένοις
2968 1074 3178 1145 στήλης
3265 1077 3483 1150 ἄμεινον
3564 1073 3747 1152 δεῖγμα
3795 1084 3880 1145 τῆς

2272 1163 2532 1224 ἀπονοίας
2584 1161 2791 1217 ἐκείνου
2840 1162 2932 1217 καὶ
2981 1169 3089 1218 τῶν
3147 1163 3362 1219 ἀτόπων
3423 1165 3726 1243 φασμάτων,
3783 1185 3881 1219 τοι-

2268 1255 2404 1307 αῦτα
2459 1252 2725 1326 πρότερον
2779 1251 3085 1324 πεπονθὼς,
3143 1258 3233 1308 νῦν
3291 1255 3395 1310 ὑπὸ
3459 1259 3564 1310 τῶν
3625 1254 3880 1329 ἀπογόνων

2265 1339 2472 1395 ἐκείνου
2529 1341 2732 1402 πάντας
2789 1340 3044 1404 ἐποίκους
3097 1342 3292 1419 ὀλίγου
3346 1341 3454 1400 δεῖν
3519 1341 3884 1411 ἀπολωλεκὼς,

2268 1429 2346 1491 εἷς
2405 1429 2628 1504 οὐρανὸν
2683 1428 2824 1504 ατίρει
2870 1431 2932 1485 τὸ
2983 1430 3200 1501 πένθος,
3249 1433 3340 1487 καὶ
3389 1434 3518 1494 τούς
3579 1452 3637 1488 τε
3677 1429 3882 1503 ἰδόντας,

2265 1518 2394 1580 τούς
2443 1539 2501 1573 τε
2543 1519 2871 1590 ἀκηκοότας,
2920 1543 2948 1573 ιι
2985 1520 3134 1576 Ἰούί
3181 1521 3314 1579 ἰούέ
3346 1545 3372 1573 ω
3425 1522 3556 1598 βοᾷν
3604 1520 3883 1596 ἀναγκάζει,

2273 1604 2655 1680 μεμνημένους
2683 1612 2790 1662 τῶν
2830 1609 2897 1664 τὰ
2943 1610 3060 1664 θεῖα
3102 1607 3552 1689 φιλοσοφούντων
3596 1610 3736 1684 ἱερὰς
3779 1629 3882 1662 συν-

2271 1695 2492 1766 αυλίας,
2559 1697 2650 1752 καὶ
2719 1701 3138 1775 φροντιστήρια,
3193 1701 3283 1754 καὶ
3333 1699 3555 1769 σηκούς,
3620 1697 3705 1753 καὶ
3749 1697 3885 1764 νεὼς,

2203 1815 2242 1878 Β
2275 1787 2366 1840 καὶ
2425 1783 2691 1855 καλύϐας,
2749 1787 2839 1842 καὶ
2895 1788 3199 1878 σωτηρίους
3255 1786 3463 1851 διαίτας
3530 1789 3758 1865 χαρίτων
3810 1781 3887 1860 ἔμ-

2280 1874 2490 1944 πλεως,
2548 1875 2604 1941 ἃ,
2660 1879 2778 1931 καθ’
2839 1873 3150 1952 ὑπερϐολὴν
3210 1879 3438 1953 πρόσθεν
3500 1879 3760 1946 ἀνθοῦντα,
3811 1879 3888 1930 νῦν

2280 1965 2475 2040 ἀθρόον
2519 1961 2727 2035 ἀπέσϐη
2787 1967 3030 2036 καθάπαξ
3089 1967 3366 2040 ῥεύσαντα.
3415 1970 3526 2022 τῶν
3575 1964 3889 2021 ἐνοικούντων

2280 2050 2437 2123 δίκην
2469 2054 2682 2128 ἱερείων
2734 2056 3112 2130 ἀπανθρώπως
3159 2055 3519 2130 ἀνῃρημένων
3555 2056 3643 2110 καὶ
3682 2056 3750 2116 ὡς
3789 2049 3888 2108 οὐδ’

2280 2142 2338 2196 ἂν
2387 2144 2460 2206 εἶς
2509 2143 2764 2211 ἤλπισεν,
2807 2143 3016 2219 ἀνδρῶν
3057 2144 3108 2200 ἐν
3156 2150 3225 2220 γῇ
3280 2146 3373 2218 μὲν
3426 2141 3620 2207 ὅντων,
3666 2145 3715 2199 ἐν
3755 2141 3892 2217 ούρα-

2277 2237 2392 2295 νοῖς
2423 2230 2479 2286 δὲ
2515 2234 2578 2287 τὸ
2628 2235 2940 2307 πολίτευμα
2983 2233 3357 2308 κεκτημένων,
3408 2235 3501 2290 καὶ
3552 2234 3685 2290 κατά
3719 2233 3802 2287 τὸν
3848 2231 3891 2302 ἐξ

2278 2321 2560 2389 Αἰγύπτου
2613 2323 2916 2392 Πλωτῖνον,
2957 2323 2987 2378 ὅ
3030 2345 3083 2379 τι
3131 2325 3399 2397 σωμάτων
3453 2324 3602 2400 σφίσι
3651 2328 3892 2397 προσῆκεν

2277 2410 2711 2485 αἰσχυνομένων,
2760 2418 2867 2468 τῶν
2912 2415 3008 2485 μὲν
3061 2413 3210 2482 νέων,
3260 2435 3367 2467 των
3419 2411 3478 2468 δέ
3521 2408 3891 2487 πρεσϐυτέρων,

2275 2505 2383 2554 τῶν
2429 2500 2521 2571 μὲν
2573 2499 2745 2572 πολιᾷ
2791 2503 3206 2574 κοσμουμένων,
3259 2508 3367 2557 τῶν
3419 2501 3467 2557 δ’
3518 2505 3670 2559 οῧπω
3715 2500 3891 2567 ταύτης

2279 2589 2620 2661 ἠξιωμένων,
2653 2590 2903 2646 ἁπάντων
2933 2589 2988 2645 ἓν
3035 2591 3374 2667 βλεπόντων,
3407 2592 3502 2646 καὶ
3537 2595 3722 2646 τοῦτον
3751 2587 3888 2644 αὐτὸν

2279 2675 2631 2750 ένιτταμένων
2675 2679 2875 2754 ἀγῶνα,
2928 2681 3061 2752 μετᾶ
3103 2677 3236 2734 Θεοῦ
3284 2679 3546 2755 τετάχθαι
3595 2680 3888 2754 περιφανῶς.

2279 2766 2348 2819 Ὠ
2387 2771 2588 2840 χειρῶν
2631 2767 2868 2838 ἐκείνων,
2909 2767 2965 2822 α⁹ί
3007 2768 3130 2844 ζίφη
3172 2768 3296 2824 τότε
3343 2769 3574 2843 πρόσθεν
3631 2764 3888 2836 ἐκίνησανί

2279 2853 2324 2908 ὢ
2349 2859 2456 2910 τῶν
2493 2857 2606 2928 μετ’
2646 2857 2850 2918 αύτάςί
2894 2856 2938 2912 ὥ
2976 2860 3084 2912 τῶν
3125 2851 3348 2912 ἔπειταί
3391 2862 3516 2920 πῶς
3557 2854 3653 2912 οὒκ
3691 2853 3890 2928 ἐνάρκη-

2279 2967 2402 3015 σαν;
2436 2949 2554 3006 πῶς
2594 2943 2641 2999 δ’
2689 2945 2751 2999 ού
2795 2952 2972 3021 παρῆν
3019 2947 3088 3001 τὰ
3133 2949 3230 3001 τοῦ
3275 2951 3548 3023 συναφοῦς
3577 2949 3725 3020 (14);
3765 2941 3884 3016 Ἐγὼ

2283 3035 2374 3106 μὲν
2409 3034 2502 3089 οὖν
2551 3036 2640 3089 καὶ
2683 3035 2818 3108 πρὸς
2872 3035 3042 3107 μόνην
3090 3035 3302 3106 ἐξέστην
3351 3037 3453 3104 τὴν
3504 3037 3687 3104 ἀκοὴν,
3730 3031 3802 3087 καί
3841 3027 3879 3082 εἰ

2277 3131 2480 3197 παρῆν,
2511 3125 2573 3178 τὸ
2603 3130 2702 3193 τῆς
2753 3119 2959 3194 Νιόϐης
2991 3123 3050 3178 ἂν
3099 3123 3407 3179 ἐπεπόνθειν
3431 3167 3445 3179 .
3500 3127 3568 3178 ’Ὢ
3615 3123 3774 3200 ξίφους
3803 3115 3877 3170 διὰ

2278 3215 2518 3284 πάντων,
2557 3213 2762 3268 τούτων
2809 3214 2978 3287 ὁμόσε
3020 3215 3433 3289 κεχωρηκότας,
3490 3215 3583 3270 καὶ
3635 3215 3705 3287 μὴ
3738 3227 3882 3264 κεκω-

2277 3326 2349 3383 φη
2363 3303 2522 3376 μένου
2547 3305 2683 3378 πρὸς
2713 3305 2812 3372 τήν
2845 3300 2982 3358 αἰδώ
3013 3305 3024 3358 ἰ
3075 3303 3287 3375 μᾶλλον
3321 3300 3400 3374 δέ,
3434 3302 3483 3357 ὢ
3515 3304 3731 3376 στίφους
3770 3295 3889 3352 ἐκεί-

2277 3415 2369 3448 νου
2409 3394 2736 3470 θεοφιλοῦςί
2782 3391 2826 3447 ὢ
2869 3391 3230 3467 πανηγύρεως
3280 3394 3468 3468 ἱερᾶςί
3521 3392 3566 3447 ὢ
3611 3389 3890 3463 συναγωγῆς

2276 3482 2482 3552 ἐνθέου,
2523 3483 2558 3552 ἢ
2606 3483 2731 3537 τότε
2783 3483 2879 3554 μέτ
2929 3481 3018 3536 ἐπὶ
3067 3486 3147 3553 τῷ
3198 3481 3513 3558 παραυτίκα
3553 3483 3764 3547 συνέστη
3808 3477 3889 3541 τῆς

2277 3570 2474 3640 ἀκοῆς,
2506 3568 2829 3640 διαλυθῆναι
2872 3569 2918 3625 δ’
2969 3570 3108 3641 ἐξὸν,
3162 3571 3263 3626 οὐκ
3309 3567 3612 3647 ἠνέσχετο·
3666 3568 3890 3640 ἑλόμενοι

2279 3660 2494 3734 μᾶλλον
2531 3665 2629 3716 αοῦ
2671 3664 2766 3734 ζῇν
2806 3658 3053 3731 ἀνηλεῶς
3102 3660 3444 3734 ἐστερῆσθαι,
3479 3661 3514 3730 ἢ
3544 3659 3687 3730 δόξαι
3738 3652 3891 3710 δεδοι-

2276 3749 2423 3804 κέναι
2489 3750 2582 3805 τὸν
2650 3750 2899 3818 θάνατον,
2967 3748 3418 3812 κατακλείσαντες
3493 3749 3692 3824 ἀρίστῳ
3767 3741 3890 3798 τέλει

2274 3840 2371 3902 τὰς
2398 3839 2638 3912 πράξεις,
2687 3839 2778 3893 καὶ
2824 3844 2944 3901 τοῖς
2985 3840 3190 3912 ἀγῶσιν
3240 3838 3340 3894 οὐκ
3385 3836 3580 3912 ἀπῳδὰ
3625 3839 3689 3894 τὰ
3729 3833 3894 3889 τελευ-

2275 3933 2402 3982 ταῖα
2429 3929 2746 4002 προσθέντες
2773 3929 2785 3982 l

2351 4015 2529 4075 Ἀλλά
2573 4017 2655 4079 τίς
2710 4017 2770 4071 ἂν
2821 4016 3199 4094 ἀποχρώντως
3234 4017 3388 4073 ταυτὶ
3438 4019 3614 4073 πάντα
3654 4013 3891 4080 στενάξαι,

2279 4106 2368 4160 καὶ
2425 4106 2732 4180 παρισώσαι
2780 4107 2973 4180 θρῆνον
3021 4111 3139 4168 ταῖς
3192 4112 3537 4182 συμφοραῖς;
3589 4108 3621 4175 ἢ
3669 4105 3770 4170 τίς,
3816 4098 3893 4154 λέ-

2275 4216 2386 4270 γειν
2417 4194 2798 4272 ἐπιχειρήσας,
2846 4192 2912 4248 οὓ
2962 4193 3264 4268 παραλίποι
3311 4197 3379 4250 τά
3425 4194 3678 4256 πλεῖστα,
3727 4189 3896 4262 οἰόμε-

2277 4306 2370 4346 νος
2416 4285 2509 4356 μὲν
2552 4282 2750 4358 λέγειν,
2811 4283 2986 4359 λέγειν
3039 4283 3096 4339 δὲ
3141 4289 3398 4340 τοσοῦτον
3456 4284 3896 4355 ἀπολειπὸμενος,

2280 4374 2404 4428 ὅσον
2446 4373 2506 4428 ἂν
2556 4373 2602 4428 εἰ
2662 4370 2806 4446 μηδέ
2867 4373 3289 4447 προύτεθύμητο
3343 4373 3567 4451 λέγειν;
3617 4376 3768 4446 οἶμαι
3812 4369 3900 4445 γὰρ

2279 4462 2402 4519 οὔτε
2449 4464 2540 4518 τὸν
2587 4469 2693 4518 τῶν
2743 4464 3048 4533 ’Δθηναίων
3100 4461 3152 4518 ἐν
3201 4464 3428 4536 Σικελίᾳ
3482 4469 3728 4540 χειμῶνα
3774 4463 3899 4532 (15),

524 4553 636 4610 bus
667 4553 740 4607 ab
765 4553 1116 4610 Archidamo
1149 4554 1334 4622 illata,
1358 4571 1461 4608 nec
1492 4555 1823 4610 Thebarum
1856 4565 1954 4611 aut
1983 4555 2166 4626 Troja

2278 4551 2393 4608 οὔθ’
2424 4555 2496 4608 ὧν
2538 4555 2657 4626 (16)
2690 4553 2778 4608 ὑπ’
2818 4551 3160 4627 Ἀρχιδάμου
3203 4556 3466 4629 πρότερον
3510 4549 3702 4608 ἔπαθον
3735 4550 3817 4607 ἐπὶ
3841 4549 3900 4618 τῇ

523 4662 814 4720 excidium
875 4677 1003 4718 cum
1057 4664 1215 4719 hisce
1260 4665 1474 4719 nostris
1527 4665 1804 4720 aerumnis
1846 4665 2172 4736 comparari

527 4777 762 4844 queant.

595 4998 686 5052 Sic
751 4998 1008 5053 immane
1073 5006 1355 5069 quantum
1414 4999 1779 5054 miseriarum
1837 4999 1909 5052 ob
1972 4998 2173 5053 oculos

526 5087 784 5158 quotidie
841 5087 1146 5143 habemus.
1204 5087 1350 5142 Nam
1397 5103 1688 5158 praecones
1744 5086 1912 5142 nobis
1967 5086 2174 5158 quovis

623 5277 714 5347 12)
744 5273 1082 5347 Medinunc
1108 5289 1210 5347 pro
1239 5271 1433 5328 Persis
1462 5287 1528 5326 ac
1559 5270 1787 5327 Turcis.

626 5344 713 5415 13)
743 5346 952 5402 Xerxis
985 5344 1269 5415 videlicet.

630 5410 713 5483 14)
763 5417 1002 5483 Forsan,
1051 5418 1168 5476 πῶς
1219 5410 1368 5491 δ’-ού
1417 5417 1669 5491 παρεῖντο
1708 5411 1814 5491 ,τοὸ
1866 5417 2173 5491 συναφοῦς-ς

533 5513 560 5540 ι(
595 5484 885 5562 quomodo
916 5505 948 5542 a
977 5484 1841 5557 continuatisimpressionibus
1863 5503 1976 5542 non
2011 5484 2177 5544 remi-

529 5585 555 5611 ‹‹
591 5559 834 5616 serunt?
863 5580 892 5608 »

605 5632 719 5703 (15)
769 5629 1232 5696 Atheniensium,
1289 5627 1450 5683 Nicia
1496 5628 1662 5692 duce,
1707 5629 1764 5682 in
1814 5628 2011 5684 Sicilia
2056 5629 2176 5688 cla-

2281 4640 2640 4717 δενδροτομίᾳ
2695 4642 2802 4696 τῶν
2869 4642 3151 4716 ’Δχαρνῶν
3208 4646 3344 4715 (17),
3413 4640 3529 4697 οὔθ’
3587 4642 3687 4698 ὅσα
3743 4638 3899 4710 λέγειν

2280 4729 2497 4806 ἔχουσιν
2551 4727 2834 4804 ἄνθρωποε
2879 4731 3004 4804 περί
3035 4751 3090 4784 τε
3146 4727 3344 4801 Θηϐῶν
3393 4733 3482 4785 καὶ
3527 4738 3627 4799 τῆς
3677 4727 3901 4799 Πριάμου

2281 4821 2498 4880 πόλεως
2555 4825 2654 4888 τῆς
2709 4819 2908 4888 καλῆς,
2961 4820 3168 4874 τούτων
3220 4818 3376 4876 οὐδὲν
3435 4819 3632 4890 ἐξεῖναι
3677 4821 3788 4879 τοῖς
3827 4817 3900 4866 νῦν

2283 4908 2573 4972 δυσκόλοις
2601 4901 2959 4980 παραϐαλεῖν,
2994 4905 3106 4962 οὐδ’
3138 4906 3314 4984 ἐγγύς.

2357 4999 2456 5054 Καὶ
2486 4996 2556 5051 τὰ
2588 4996 2683 5069 μὲν
2717 4994 2768 5051 ἐν
2821 4996 3129 5074 ὀφθαλμοῖς
3177 5001 3409 5052 τοσαῦτα
3466 4997 3563 5070 μὲν
3603 4998 3665 5052 τὸ
3689 4993 3901 5061 πλῆθος,

2283 5089 2588 5158 τηλικαῦτα
2646 5082 2704 5140 δὲ
2757 5086 2847 5140 καὶ
2893 5087 2956 5140 τὸ
3015 5083 3242 5162 μέγεθος
3277 5104 3290 5117 ’
3337 5087 3390 5141 οἱ
3442 5084 3501 5141 δὲ
3548 5085 3636 5140 καὶ
3687 5077 3899 5155 κήρυκάς

2285 5274 2467 5417 de((1)6)
2501 5343 2717 5417 forsan
2749 5339 2832 5408 ὃν,
2866 5342 3110 5417 scillic_et
3139 5346 3413 5417 χειμῶνα.
3533 5412 3583 5417 Α
3661 5412 3689 5417 _
3831 5407 3840 5417 ,

2379 5345 2467 5414 16)
2501 5345 2717 5398 Forsan
2749 5345 2832 5408 ὃν,
2866 5345 3110 5400 scillicet
3139 5346 3413 5417 χειμῶνα.
3831 5407 3840 5417 ι

2355 5345 2470 5541 (17)
2501 5413 2610 5469 Res
2657 5419 2927 5468 narratur
2971 5432 3003 5469 a
3031 5415 3368 5488 Thucydide
3416 5431 3478 5481 ιι,
3524 5412 3610 5470 19.
3655 5412 3905 5496 Syueslus

2355 5503 2436 5541 Lv.
2494 5502 2547 5541 ι).
2596 5485 2668 5539 63
2717 5501 2730 5538 :
2778 5483 2908 5538 Τότε
2956 5481 3046 5541 δὴ.
3094 5486 3216 5540 τότε
3278 5482 3638 5541 γαλεπὼτερα
3696 5492 3901 5541 πασγειν

2287 5487 2436 5542 Calv.
2493 5502 2547 5554 p.
2596 5487 2668 5539 63
2717 5501 2730 5538 :
2778 5487 2908 5538 Τότε
2956 5487 3046 5554 δὴ,
3094 5487 3216 5540 τότε
3278 5487 3638 5560 χαλεπώτερα
3696 5487 3901 5569 πάσχειν

2287 5551 3119 5704 ξἐῗέἔοτὲμῗᾳῗῶξᾚέῖξῗὲῗ.
3157 5555 3284 5618 τὼς
3347 5555 3663 5626 Ἀθηναίως
3715 5553 3794 5606 ἐπι
3842 5566 3901 5617 τῇ

2493 5502 2547 5560 ρ..
2596 5481 3046 5560 θ3ᾼεμΐότε-δῆ,
3094 5479 3234 5560 τότέ-
3278 5479 3638 5560 χαλεπώτερα
3696 5479 3901 5560 ira;st
