4062 6308
256 425 369 487 445

1429 421 1718 484 ORATIO
1766 422 1863 482 DE
1914 422 2134 483 REGIS
2179 424 2534 485 OF'FICIIS.

3541 425 3657 486 446

255 581 398 622 τινας
433 562 571 633 ἡμῖν
602 557 970 630 ἐκπέμπουσιν
1004 557 1296 632 ὁσημέραι,
1327 555 1392 610 ού
1433 561 1536 629 γῆν
1583 553 1673 610 καί
1725 551 1895 627 ὕδωρ,

2039 556 2102 611 tie
2132 557 2434 629 deputant,
2475 559 2573 630 qui
2609 575 2722 616 non
2754 563 2966 615 terram
3009 563 3065 614 et
3103 577 3340 632 aquam,
3372 559 3654 616 utXerxis

256 650 492 722 καθάπερ
534 649 562 703 ὁ
594 652 693 703 τοῦ
736 651 823 700 νῦν
866 648 1074 720 Πέρσου
1120 646 1394 719 πρόγονος
1426 647 1562 717 (18),
1595 643 1743 698 ἀλλᾶ
1789 641 1906 698 δει-

255 740 449 794 νότατα
507 740 727 791 πάντων
779 735 1079 803 αἰτοῦντας,
1118 733 1214 788 κᾶν
1274 736 1349 807 μὴ
1407 733 1474 787 τὰ
1535 731 1906 807 βουλευόμενα

255 828 422 902 πέρας
474 828 552 886 ὡς
604 826 838 902 τάχιστα
869 829 980 900 σχῇ
1027 826 1210 896 (τοῦτο
1256 821 1301 877 δ’
1333 822 1474 876 ἐστὶν
1505 821 1724 883 ἑκόντας
1750 822 1906 884 ὄντας

256 913 699 990 παραδεδωκέναι
759 913 905 987 σφίσι
970 915 1069 983 τήν
1129 913 1294 967 πόλιν
1349 913 1462 982 (19)
1491 913 1581 966 καί
1635 913 1768 984 μετὰ
1798 917 1908 966 τῶν

259 1005 716 1080 ὑποτεταγμένων
764 1002 1059 1080 φέρεσθαι),
1111 1001 1345 1065 ἀτόπους
1412 1003 1561 1062 τινας
1621 1001 1909 1055 ἀπειλοῦσι

260 1097 563 1168 πορθήσεις
619 1094 708 1147 καὶ
784 1090 1128 1170 κατασκαφὰς
1183 1098 1307 1164 γῆς,
1357 1091 1448 1144 καὶ
1508 1089 1723 1152 πόλεως
1780 1092 1912 1145 ἀνα-

257 1185 474 1246 στάσεις
531 1181 591 1237 ἐκ
651 1182 890 1257 βάθρων,
942 1181 1030 1236 καὶ
1088 1185 1198 1236 τῶν
1262 1179 1609 1234 ἐνοικούντων
1661 1179 1910 1252 ὄλεθρον,

253 1274 344 1328 καὶ
413 1271 624 1347 δάκρυα
675 1273 765 1326 καὶ
824 1271 1028 1348 σφαγάς
1085 1270 1176 1324 καὶ
1235 1270 1372 1343 αἷμα
1425 1271 1512 1324 καὶ
1577 1269 1765 1345 φόνον,
1821 1269 1912 1323 καὶ

263 1362 666 1438 αἰχμαλώτους
722 1361 971 1436 μυρίους,
1019 1361 1110 1415 καὶ
1159 1359 1444 1434 τραύματα
1490 1363 1598 1414 τῶν
1656 1359 1915 1416 ἀνθιστα-

263 1453 464 1525 μένων,
497 1453 589 1505 καὶ
617 1448 984 1510 ἀπολωλότας
1032 1449 1162 1522 ὑπὲρ
1202 1450 1265 1503 τὸ
1305 1446 1546 1517 πλῆθος,
1574 1448 1662 1502 καὶ
1696 1448 1911 1524 ἀγωγὴν

262 1541 683 1613 σκυλευμάτων,
735 1539 825 1592 καὶ
905 1538 1126 1611 καρπῶν
1215 1537 1466 1592 ἁπάντων
1545 1535 1766 1612 φθορὰν,
1824 1536 1915 1590 καὶ

257 1636 395 1686 νεῶν
455 1631 549 1684 καὶ
607 1626 798 1696 οἵκων,
830 1628 919 1682 καὶ
979 1624 1216 1698 λιμένων
1266 1628 1357 1680 καί
1385 1626 1590 1701 τάφων,
1621 1625 1710 1680 καὶ
1743 1630 1914 1680 στοῶν

258 1720 349 1775 καὶ
383 1717 650 1794 θεάτρων,
681 1717 769 1772 καὶ
803 1718 959 1772 πάνθ’
991 1718 1133 1790 ὁμοῦ
1161 1717 1226 1770 τὰ
1255 1712 1529 1793 φρικώδη.

334 1813 604 1876 ’Ἐστηκεν
665 1805 757 1861 οὖν
806 1809 942 1878 ἡμῖν
982 1807 1017 1875 ἡ
1076 1803 1239 1866 πόλις
1287 1803 1338 1858 ἐν
1403 1801 1670 1878 ἃγρυπνία
1725 1825 1780 1858 τε
1826 1805 1916 1858 καὶ

260 1899 538 1978 φροντίσι,
570 1897 657 1951 καὶ
719 1895 940 1970 πλήρης
999 1890 1236 1969 θορύϐου
1291 1893 1382 1948 καὶ
1437 1895 1608 1965 μεστή
1641 1901 1913 1972 ταραχῆς,

264 1991 342 2061 μὴ
394 1987 465 2042 τὰ
516 1985 796 2040 δεινότατα
835 1983 1003 2040 πάλαι
1054 1983 1194 2055 μόνη
1225 1985 1334 2037 τῶν
1398 1983 1484 2050 ὑφ’
1537 1980 1686 2055 ἡλίῳ
1725 1988 1912 2036 πασῶν

259 2075 785 2150 πεπλημμεληκυῖα
813 2078 951 2147 (20),
982 2072 1070 2128 καί
1111 2077 1201 2126 νῦν
1231 2069 1384 2126 οὐδὲν
1438 2068 1659 2126 ἔλαττον
1688 2070 1911 2146 ἔχουσα,

264 2165 416 2221 ἆλλᾶ
466 2166 559 2219 καὶ
614 2163 752 2237 πρὸς
814 2161 1107 2238 κολοφῶνα
1180 2166 1289 2215 τῶν
1364 2165 1543 2214 κακῶν
1612 2160 1916 2239 ἀφιγμένη,

265 2263 444 2310 πᾶσαν
478 2259 570 2307 νῦν
613 2254 910 2324 ἐκτίσωμεν
962 2249 1154 2323 θ’ίμοιί
1189 2252 1286 2316 τήν
1335 2246 1512 2319 δίκην,
1559 2249 1647 2304 καὶ
1697 2250 1916 2324 γένηταί

264 2367 319 2402 τι
362 2349 475 2399 τῶν
520 2343 910 2417 προσηκόντων
958 2345 1028 2414 τῇ
1079 2337 1277 2414 τοσῇδε
1315 2341 1496 2410 κακίᾳ.
1527 2341 1635 2401 Τὰς
1665 2341 1765 2414 γὰρ
1821 2360 1920 2394 κα-

266 2432 538 2493 κοποιούς
568 2432 764 2492 ταύτας
818 2431 907 2485 καὶ
953 2433 1246 2504 συμφορῶν
1295 2427 1612 2498 ἀπλήστους
1664 2427 1920 2501 δυνάμεις

272 2521 652 2593 ὑπηρετούσας
693 2518 856 2591 ’ίσμεν
903 2518 1142 2588 καθάπαξ
1190 2522 1259 2591 τῇ
1305 2519 1418 2572 καθ’
1449 2520 1609 2590 ἡμῶν
1650 2522 1747 2572 τοῦ
1778 2518 1923 2572 θείου

275 2611 550 2687 βουλήσει
596 2609 685 2663 καὶ
741 2607 1098 2668 συντελούσας
1147 2610 1216 2678 τῇ
1265 2606 1446 2680 χρείᾳ,
1476 2604 1571 2661 κᾶν
1603 2608 1702 2660 ὦσι
1738 2608 1925 2679 θεομι-

278 2706 392 2760 σεῖς
414 2719 426 2731 '
454 2699 547 2754 καί
579 2701 608 2754 ὁ
636 2703 746 2753 τῶν
779 2697 1048 2772 μεγίστων
1083 2696 1378 2757 ὑπεύθυνος
1428 2695 1632 2773 ἐφεῖται
1688 2696 1924 2769 μάλιστα

284 2790 545 2856 ταυταισὶ,
593 2788 684 2842 καὶ
751 2791 939 2841 τοῦτον
999 2784 1150 2840 αῦται
1203 2785 1552 2855 κολάζουσιν,
1601 2787 1751 2840 "ao-1’
1800 2784 1925 2858 ἐμοὶ

297 2878 389 2948 μὲν
433 2880 574 2932 ταῦθ’
628 2879 843 2950 ὁρῶντι,
888 2877 976 2930 καὶ
1024 2873 1230 2929 τούτων
1278 2876 1672 2948 αἰσθανομένῳ,
1720 2879 1827 2929 τῶν
1877 2876 1928 2929 έν

291 2965 505 3041 πελάγει
557 2961 978 3040 χειμαζομένων
1011 2964 1237 3039 γνώμην
1291 2965 1366 3026 ὡς
1413 2962 1636 3033 ἀληθῶς
1682 2963 1927 3033 εἰσιέναι,

288 3053 410 3110 ὅταν
453 3055 558 3111 ὑπό
615 3075 779 3108 τινων
841 3058 1095 3123 σκηπτῶν
1149 3053 1185 3121 ἢ
1246 3047 1550 3127 στροϐίλων
1595 3051 1644 3122 έξ
1695 3051 1931 3127 ούρανοῦ

279 3144 772 3218 κατενηνεγμένων,
804 3146 894 3198 καί
948 3145 1012 3197 τὸ
1082 3144 1174 3214 μὶν
1231 3142 1433 3219 σκάφος
1491 3141 1604 3197 ἄνω
1651 3141 1737 3196 καὶ
1786 3143 1932 3196 κάτω

277 3236 576 3289 κυκώντων
629 3239 746 3295 ταῖς
787 3227 1075 3306 ἰμϐολαῖς,
1134 3231 1280 3310 σφίσι
1341 3229 1396 3286 δὲ
1457 3229 1630 3286 δεινὸν
1663 3230 1937 3286 ἆπελούν-

2013 664 2271 736 abnepos
2299 667 2398 736 qui
2425 683 2578 720 nunc
2625 673 2847 739 regnat,
2874 669 2972 722 sed
3002 668 3376 724 acerbissima
3409 683 3655 740 quaeque

2013 783 2351 841 exposcunt,
2407 773 2672 843 quamvis
2729 793 2840 830 non
2902 791 3128 846 semper
3187 773 3660 846 promptissimos

2014 871 2328 928 voluntatis
2378 889 2499 928 suae
2559 873 2849 942 operarios
2925 873 3240 928 inveniant.
3292 873 3440 938 Quid
3502 873 3653 929 enim

2014 978 2264 1033 volunt?
2318 978 2389 1034 Ut
2445 981 2649 1050 sponte
2696 980 2834 1050 ipsis
2892 980 3091 1036 urbem
3153 980 3455 1035 tradamus
3513 982 3656 1036 etin

2018 1085 2385 1140 subditorum
2420 1102 2663 1140 numero
2717 1103 3019 1157 ponamur.
3052 1087 3132 1141 Ad
3190 1087 3311 1144 hac
3360 1089 3660 1143 minantur

2018 1185 2271 1258 regionis
2303 1186 2700 1252 vastationem,
2737 1187 2898 1242 urbis
2927 1188 3306 1253 eversionem,
3330 1187 3656 1244 incolarum

2021 1313 2245 1364 necem,
2268 1297 2572 1370 lacrymas,
2606 1298 2841 1362 credam,
2860 1300 3232 1369 sanguinem,
3265 1300 3660 1372 captivitatem

2022 1405 2262 1460 vulnera
2317 1405 2725 1462 resistentibus
2771 1405 3170 1478 impingenda,
3224 1409 3474 1480 predam
3534 1409 3662 1464 abi-

2022 1504 2296 1575 gendam,
2329 1503 2727 1570 auferendam,
2757 1505 3022 1560 omnium
3065 1506 3300 1577 frugum
3343 1508 3665 1577 jacturam,

2024 1612 2278 1678 nevium,
2365 1611 2760 1677 ediﬁciorum,
2860 1619 3149 1683 portuum,
3241 1614 3664 1685 sepulcrorum,

2025 1721 2378 1790 porticuum,
2406 1720 2760 1774 theatrorum
2795 1720 2993 1775 tristes
3018 1719 3216 1775 ruinas
3243 1721 3660 1778 annuntiando.

2098 1827 2216 1882 Hoc
2239 1843 2428 1882 rerum
2461 1832 2615 1883 statu
2650 1827 2792 1881 urbs
2823 1832 3021 1883 nostra
3051 1828 3205 1884 curis
3235 1836 3288 1884 et
3319 1828 3668 1884 sollicitudi-

1947 1933 1993 1997 B
2025 1937 2201 1992 nibus
2267 1935 2478 2008 agitata
2528 1934 2924 1990 tumultuatur
2980 1940 3243 1992 metuens
3276 1951 3348 1991 ne
3397 1940 3525 2008 post
3554 1937 3667 1991 cri-

2024 2043 2180 2097 mina
2211 2043 2460 2097 nefanda
2498 2043 2564 2096 ad
2612 2058 3001 2098 aerumnarum
3053 2043 3341 2112 fastigium
3391 2044 3665 2115 prepulsa

2023 2149 2299 2204 ultionem
2323 2149 2663 2204 acerrimam
2688 2150 2910 2204 subeat.
2946 2155 3066 2206 Non
3117 2151 3271 2206 enim
3321 2151 3658 2222 ignoramus

2024 2258 2173 2330 quod
2235 2261 2543 2327 potestates
2600 2257 2722 2312 ista;
2781 2259 3112 2327 perniciosae
3169 2260 3410 2315 consilio
3467 2259 3661 2314 divino

2027 2367 2226 2417 contra
2273 2377 2380 2417 nos
2438 2367 2708 2434 suscepto
2757 2364 3076 2420 inserviunt
3124 2371 3180 2419 et
3228 2364 3523 2436 piaculum
3579 2364 3676 2419 vel

2028 2470 2196 2524 nobis
2227 2469 2422 2525 invitis
2478 2470 2787 2542 imponunt
2819 2489 2832 2525 ε
2860 2473 2945 2527 sic
2988 2473 3142 2527 enim
3194 2472 3460 2528 homines
3493 2473 3675 2528 scele-

2031 2578 2277 2633 stissimi
2311 2583 2539 2648 peccata
2570 2595 2674 2633 sua
2704 2579 2959 2648 expiant.
2996 2579 3124 2634 Hec
3171 2581 3374 2636 omnia
3425 2591 3680 2635 contem-

2033 2684 2218 2756 planti
2275 2685 2416 2738 mihi
2477 2690 2534 2740 et
2587 2685 2782 2740 animo
2841 2686 3083 2740 volventi
3149 2695 3336 2742 nauta
3393 2688 3451 2741 in
3510 2703 3673 2742 men-

2032 2796 2147 2846 tem
2183 2792 2442 2859 veniunt,
2475 2808 2719 2864 quorum
2771 2794 3066 2866 navigium
3123 2793 3411 2850 imbribus
3441 2811 3681 2867 Oppres-

2035 2915 2162 2954 sum
2196 2917 2226 2952 a
2257 2915 2485 2955 summo
2525 2899 2594 2953 ad
2630 2899 2746 2954 ima
2785 2916 3138 2957 concussum
3186 2918 3418 2957 omnem
3469 2902 3676 2958 salutis

2037 3023 2201 3077 spem
2235 3006 2503 3076 perdidit.
2540 3007 2603 3061 In
2637 3007 2743 3062 hac
2775 3009 2931 3063 enim
2979 3009 3384 3080 trepidatione,
3418 3026 3679 3065 summo-

2042 3129 2149 3182 que
2183 3129 2376 3168 rerum
2408 3113 2739 3169 discrimine
2773 3115 2985 3168 mirum
3040 3131 3150 3168 non
3184 3121 3270 3170 est
3327 3116 3374 3171 si
3442 3116 3514 3170 de
3568 3117 3684 3172 vita

2045 3224 2372 3293 desperant,
2406 3239 2580 3294 quam
2610 3222 2898 3278 levissimo
2945 3229 3236 3278 momento
3285 3224 3550 3279 amittere
3579 3223 3677 3280 deo

275 3345 392 3379 των
438 3324 513 3384 ὡς
579 3320 966 3378 καταδύσεσθαι
1031 3323 1144 3393 μετ’
1194 3321 1404 3396 ὀλίγον,
1444 3321 1545 3376 οὐκ
1600 3319 1772 3395 ἔχωσι
1834 3323 1926 3393 μὲν

2040 3329 2172 3384 bere
2222 3330 2506 3386 videntur.
2539 3328 2688 3394 Quid
2744 3331 2899 3385 enim
2959 3331 3102 3402 ipsis
3158 3329 3475 3402 superest?
3533 3332 3680 3402 quod

281 3411 442 3468 οὐδὲν
478 3411 799 3487 άντιπράξαι
830 3411 965 3486 πρὸς
995 3411 1098 3478 τήν
1127 3407 1360 3479 τοσήνδε
1405 3411 1574 3486 φοράν
1617 3415 1716 3464 τοῦ
1759 3411 1938 3483 κύμα-

280 3523 378 3563 τος
421 3502 557 3576 ύπὶρ
610 3506 852 3576 κορυφῆς
913 3499 1234 3575 αἰρομένου,
1265 3501 1360 3561 τάς
1403 3497 1458 3554 δὲ
1489 3498 1720 3574 ἐσχάτας
1755 3499 1938 3570 ἀπηλ-

279 3590 510 3650 πικότες
561 3589 638 3650 εἰς
688 3589 1077 3663 ἀπορωτάτους
1119 3587 1410 3661 πίπτωσιν,
1442 3589 1517 3649 ὡς
1567 3588 1672 3642 ἀπὸ
1714 3586 1939 3660 λεπτοῦ,

282 3678 438 3758 φασὶ,
475 3677 634 3751 μίτου
692 3677 754 3732 τὸ
814 3681 910 3751 ζῇν
965 3677 1150 3739 αὐτοῖς
1205 3677 1536 3752 ἠρτημένον.
1568 3675 1624 3731 Τί
1670 3677 1772 3750 γὰρ
1811 3678 1939 3732 τού-

281 3791 396 3824 των
427 3769 493 3823 τὰ
523 3767 762 3843 παρόντα
792 3765 1032 3822 λείπεται
1063 3784 1077 3834 ;
1116 3765 1328 3839 μᾶλλον
1376 3765 1434 3821 δὲ
1473 3767 1561 3822 καὶ
1609 3770 1776 3822 ταῦτα
1820 3771 1938 3830 τοῖς

283 3861 555 3932 παροῦσιν
595 3857 842 3924 ἡττᾶται.

359 3945 488 4002 Ἐπὶ
547 3945 765 4005 τούτοις
819 3941 902 3998 δεῖ
960 3945 1056 4017 μὲν
1115 3946 1251 4016 ἡμῖν
1309 3941 1576 4014 δήπουθεν
1630 3945 1720 3999 καὶ
1751 3943 1937 4000 ὅπλων

285 4034 380 4091 καὶ
413 4031 720 4108 παρρησίας
767 4034 853 4087 καὶ
897 4032 1075 4112 λόχου
1121 4036 1343 4108 συχνοῦ,
1379 4033 1468 4088 καὶ
1517 4034 1799 4110 φάλαγγος
1847 4035 1939 4088 σὺν

287 4119 530 4195 σπουδῇ,
564 4121 654 4177 καὶ
685 4128 784 4191 τῆς
816 4126 921 4176 τῶν
953 4121 1289 4197 γιγνομένων
1333 4121 1604 4191 ἁπάντων,
1638 4123 1713 4184 ὡς
1744 4122 1939 4196 εἰπεῖν,

289 4212 630 4281 συντελείας,
660 4212 744 4272 οἷς
795 4212 1084 4286 χρώμενος
1134 4211 1193 4266 ἂν
1239 4211 1267 4265 ὂ
1301 4212 1416 4265 νυνί
1467 4214 1774 4287 στρατηγὸς
1806 4215 1938 4286 (21),

286 4303 431 4376 ἀνὴρ
489 4301 549 4356 ’ὸν
611 4297 670 4354 ἂν
730 4297 1141 4376 ἰδὼνὍμηρος
1195 4299 1297 4377 ἔφη
1358 4299 1562 4373 βουλάς
1608 4321 1665 4356 τε
1694 4300 1940 4376 ἐξάρχειν

289 4392 494 4466 ἀγαθάς
553 4389 798 4462 πόλεμόν
848 4408 907 4443 τε
953 4390 1232 4462 κορύσσειν
1286 4386 1502 4461 μάλισθ’
1535 4389 1783 4444 ἁπάντων
1845 4388 1939 4444 δύ·-

288 4480 503 4545 νασθαι,
537 4476 678 4554 μέγα
733 4497 826 4549 μοι
875 4473 1024 4532 δοκεῖ
1071 4477 1161 4532 καὶ
1209 4479 1447 4532 νεανικὸν
1477 4479 1606 4539 τοὺς
1636 4476 1940 4551 πολεμίους

289 4567 612 4644 εἰργάσθαι·
646 4567 736 4620 καὶ
784 4567 813 4620 ’ὀ
863 4568 950 4619 νῦν
997 4567 1144 4638 ἡμᾶς
1188 4565 1368 4621 οὗτοιί
1417 4565 1526 4640 ούχ
1554 4567 1751 4636 ἥκιστα
1782 4564 1857 4638 δὲ,
1891 4567 1938 4622 εἰ

293 4657 375 4730 μή
411 4657 500 4710 καὶ
535 4652 776 4728 μᾶλλον,
809 4652 954 4708 ε’ίποι
987 4674 1070 4716 τις
1103 4653 1188 4722 ἂν,
1219 4652 1333 4726 ὅσῳ
1361 4653 1450 4708 καὶ
1484 4655 1618 4726 μετὰ
1665 4659 1772 4709 τῶν
1805 4653 1931 4708 δυσ-

285 4745 610 4819 τυχούντων
663 4742 821 4814 έσμέν
873 4743 962 4797 καὶ
1014 4747 1258 4817 ψυχικῆς
1318 4741 1539 4812 ἐξῆπται
1597 4742 1664 4798 τὰ
1693 4743 1935 4816 παρόντα

287 4835 506 4904 κακίας,
536 4837 636 4898 τῆς
693 4839 790 4902 σῆς
846 4834 1110 4903 συνήθους
1171 4832 1511 4906 χειροτονίας
1542 4831 1680 4908 πρὸς
1713 4832 1939 4906 οὐρανὸν

287 4924 519 4980 καὶτῶν
575 4920 636 4976 ἐκ
681 4927 782 4990 τῆς
819 4919 989 4996 εῦχῆς
1040 4918 1315 4994 έπῳδιῶν,
1349 4922 1424 4983 ὡς
1485 4918 1824 4994 διαλλάξοις,
1865 4923 1938 4985 ὡς

288 5012 605 5086 ἐπαρήξοις,
639 5010 713 5072 ὡς
759 5009 1096 5080 ἀπαλλάξοις
1146 5010 1378 5080 ταυτησὶ
1431 5016 1530 5079 τῆς
1579 5009 1814 5088 ἀχλύος.
1857 5011 1942 5065 Δί-

286 5122 446 5164 καιος
479 5099 528 5156 δ’
555 5098 678 5170 εῗης
719 5097 776 5154 εύ
820 5103 993 5153 ποιεῖν
1042 5097 1204 5152 πόλιν
1307 5097 1547 5171 μάλιστα
1586 5099 1824 5174 χαίρεις,
1853 5102 1941 5154 καὶ

288 5192 325 5261 ἢ
378 5187 594 5251 πολλᾶς
651 5188 741 5243 καὶ
803 5185 1044 5264 μεγάλας
1105 5185 1518 5265 φιλανθρωπίας
1576 5190 1667 5242 καὶ
1724 5191 1942 5264 πράξεις

287 5280 430 5356 πρός
479 5301 536 5335 τε
583 5279 755 5346 αύτήν
796 5277 887 5332 καὶ
930 5276 1057 5339 τοὺς
1104 5276 1490 5354 ἂστυγείτονας
1539 5279 1686 5354 παρὰ
1726 5283 1822 5333 σοῦ
1850 5299 1939 5354 γε·

286 5369 519 5442 νομένας
573 5362 778 5443 ἔχουσα
833 5364 1032 5444 λέγειν,
1067 5367 1150 5421 δτι
1209 5368 1284 5440 μή
1344 5371 1434 5421 νῦν
1470 5365 1587 5438 ε’ίης
1618 5369 1744 5442 παρ’
1772 5369 1937 5442 αὐτῇ,

285 5463 454 5516 τοῦτο
486 5455 535 5512 δ’
565 5457 638 5511 ὧν
671 5457 877 5534 πάσχει
909 5452 1210 5530 δεινότερον
1242 5453 1379 5532 ἄγει.

363 5644 480 5717 (18)
511 5641 732 5717 Xerxes
762 5639 1003 5717 scilicet,
1038 5644 1103 5694 ut
1135 5655 1331 5712 supra.

358 5713 470 5788 (19)
497 5713 822 5785 Philippos,
852 5716 1014 5782 puto.

2049 3437 2369 3506 periculum
2396 3454 2506 3493 non
2533 3447 2804 3508 perpetuo
2832 3437 3141 3493 imminet?

2119 3964 2240 4021 Huc
2297 3964 2518 4020 accedit
2574 3966 2722 4035 quod
2776 3965 2957 4038 copiis
3017 3965 3161 4022 bene
3218 3965 3480 4034 armatis,
3538 3966 3683 4023 bene

2045 4073 2375 4128 exercitatis
2404 4072 2571 4129 nobis
2601 4089 2748 4142 opus
2779 4077 2868 4128 est
2899 4074 2958 4128 in
2993 4073 3258 4144 presenti
3290 4089 3483 4129 rerum
3503 4078 3680 4141 statu,

2042 4196 2286 4249 quarum
2317 4179 2530 4235 auxilio
2560 4179 2794 4247 adjutus
2824 4179 2873 4234 is
2904 4180 3003 4250 qui
3037 4197 3190 4236 nunc
3221 4180 3495 4250 temporis
3533 4197 3688 4236 exer-

2043 4287 2180 4341 citui
2216 4295 2410 4342 nostro
2444 4292 2676 4358 praeest,
2707 4293 2765 4342 et
2795 4304 2967 4358 quem
3001 4289 3126 4358 ipse
3174 4289 3456 4344 Homerus
3501 4289 3688 4344 virum

2045 4392 2201 4460 pacis
2233 4391 2484 4463 bellique
2517 4394 2742 4449 artibus
2771 4394 3294 4450 instructissimum
3358 4393 3694 4466 pradicaret

2042 4498 2392 4554 adversariis
2449 4500 2594 4572 ipsis
2672 4500 2902 4556 virtutis
2979 4501 3310 4572 exemplum
3369 4501 3682 4556 exhiberet.

2043 4606 2230 4670 Quare
2262 4624 2368 4662 nos
2401 4624 2514 4662 non
2550 4607 2744 4662 minus
2803 4611 2868 4662 'ac
2923 4608 3109 4664 caeteri
3167 4624 3388 4674 omnes,
3435 4623 3684 4679 quorum

1966 4699 2014 4760 Ι)
2045 4713 2276 4767 animus
2309 4715 2675 4783 prasentium
2731 4715 3132 4770 calamitatum
3184 4717 3436 4786 pondere
3483 4713 3688 4784 oppri—

2052 4820 2544 4882 mitur,manibus
2595 4821 2976 4890 precabundis
3024 4823 3093 4876 ad
3155 4821 3360 4877 cmlum
3419 4819 3689 4891 sublatis,

2053 4931 2118 4981 ut
2149 4944 2251 4999 par
2281 4933 2389 4996 est,
2440 4928 2841 5000 supplicamus
2875 4935 2936 4985 ut
2971 4929 3126 4984 hisce
3148 4945 3256 4986 nos
3286 4928 3460 4984 malis
3494 4945 3691 5000 prom-

2053 5041 2146 5105 pte
2163 5049 2354 5105 eruas,
2386 5035 2617 5106 eripias,
2651 5035 2880 5102 liberes,
2907 5052 2971 5090 ac
3029 5035 3278 5106 denique
3328 5035 3531 5090 urbem
3564 5051 3691 5106 qu

2051 5143 2156 5197 tibi
2190 5143 2246 5197 in
2297 5142 2501 5212 primis
2557 5143 2716 5197 cordi
2746 5147 2836 5198 est
2883 5141 3174 5197 beneﬁciis
3231 5141 3526 5208 cumules;
3561 5147 3688 5198 tum

2050 5247 2206 5302 enim
2239 5263 2353 5302 una
2382 5265 2515 5303 cum
2545 5249 2816 5320 gentibus
2848 5249 3112 5304 ﬁnitimis
3143 5265 3244 5320 pro
3293 5249 3691 5306 benevolentia

2051 5358 2154 5408 tua
2185 5360 2238 5410 te
2268 5353 2610 5423 gloriﬁcabit
2649 5359 2726 5422 et,
2764 5354 2898 5410 licet
2937 5355 3058 5426 ipse
3105 5355 3316 5411 absens
3346 5355 3429 5411 is
3487 5373 3692 5411 terum-

2057 5478 2162 5518 nas
2194 5462 2400 5518 fortius
2432 5462 2724 5518 tolerabit.

2119 5640 2230 5718 (ξφ)
2261 5640 2474 5718 gaulus
2505 5641 2804 5714 apostolus
2835 5643 3115 5716 Philippis
3135 5644 3242 5700 fuit
3278 5645 3454 5718 virgis
3483 5659 3687 5700 cassus.

2111 5713 2231 5784 (21)
2254 5712 2658 5783 Ghandrenua,
2692 5719 2849 5785 puto.
