4062 6308
466 336 584 397 447

484 493 2071 525 _.____________________

1752 351 1959 415 THEO
1972 354 2077 416 DU
2090 356 2159 415 LI
2203 354 2555 419 MONACHI

3736 356 3843 415 H8

1449 705 1571 755 ΤΟΥ
1609 704 2006 759 ΣΟΦΩΤΔΤΟΥ
2046 709 2164 761 ΚΔΙ
2207 711 2619 763 ΛΟΓΙΩΤΑΤΟΥ
2664 712 2873 763 ΚΥΡΟΥ

865 860 1926 994 ΘΕΟΔΟΥΛΟΥ
2025 868 2372 999 ΤΟΥ
2472 870 3479 1002 ΜΑΓΙΣΤΡΟΥ

1966 1110 2369 1209 ΛΟΓΟΣ

1329 1308 1752 1435 ΠΕΡΙ
1858 1308 2789 1441 ΒΑΣΙΛΕΙΑΣ
2853 1305 2996 1441 (ί).

1588 1650 2022 1696 εΑΡΙΕιΙτιεεηιι
2068 1653 2144 1697 ΕΤ
2187 1654 2588 1700 Ειιυυιτιεειιίι
2633 1656 2758 1701 VIBI

1108 1809 2139 1978 THEODULI
2254 1817 2530 1978 MA
2556 1814 3234 1980 GISTRI

2022 2062 2069 2121 Ο
2080 2061 2317 2121 RATIO

1369 2236 1582 2356 DE
1672 2234 2166 2359 REGIS
2262 2238 2951 2360 OFFICIIS

1638 2450 1717 2493 ΑΙ)
1761 2449 2155 2497 ΑΝΠΒΟΝΙΟυΙ
2199 2454 2243 2498 ΙΙ
2288 2453 2695 2501 ΡΑιιΔεοιοθωι

1604 2594 1725 2657 (Mai
1757 2593 1953 2657 Script.
1986 2597 2087 2642 vel.
2122 2597 2252 2645 tom.
2296 2593 2429 2655 Vlll,
2465 2598 2609 2658 parte
2640 2596 2740 2657 ιιι.)

2135 2739 2205 2751 _

540 2887 581 2940 Ι.
614 2884 810 2940 Talem
842 2887 897 2939 te
923 2882 1147 2955 judico,
1183 2882 1403 2955 Optime
1434 2880 1751 2952 imperator
1778 2884 1938 2951 (nam
1974 2880 2119 2936 satis
2150 2884 2172 2949 Α

2308 2901 2358 2934 α.
2393 2879 2517 2935 Οὕτ’
2554 2878 2716 2941 αὐτός
2775 2900 2869 2951 μοι
2926 2878 3124 2950 δοκεῖς,
3183 2885 3446 2955 κράτιστε
3506 2885 3751 2959 βασιλεῦ,
3805 2885 3872 2944 ὥς

473 2999 528 3046 te
559 2991 851 3062 cognitum
886 2990 1070 3046 habeo
1102 2993 1168 3045 ut
1222 2989 1374 3045 hanc
1442 2988 1726 3044 rationem
1776 2987 1993 3058 ineam)
2024 2987 2125 3057 qui

2240 2988 2302 3040 γε
2331 2967 2573 3062 ἐγω-σου
2606 2967 2758 3062 μάλα
2789 2967 2957 3041 ξυνείς
3008 2969 3137 3042 μάλ’
3165 2966 3283 3046 ἔχω
3334 2970 3673 3047 λογίζεσθαι,
3704 2975 3861 3029 ὁτιοῦν

479 3105 531 3153 et
561 3097 667 3152 tibi
692 3102 748 3152 et
770 3097 1015 3153 subditis
1033 3096 1139 3151 tibi
1161 3095 1385 3152 civibus
1407 3094 1627 3166 optima
1648 3098 1705 3150 et
1727 3093 2124 3165 pulcherrima

471 3228 719 3284 quaeque
752 3212 967 3282 precari
1023 3216 1199 3282 atque
1241 3211 1429 3267 fovere
1472 3209 1666 3266 animo
1699 3208 1925 3264 statuis.
1958 3208 2119 3271 Quod

469 3321 706 3392 quidem
740 3320 891 3375 factu
945 3336 1059 3375 non
1118 3335 1357 3390 prorsus
1415 3316 1651 3372 difﬁcile
1707 3320 1815 3371 est.
1846 3315 1952 3370 Sed
1987 3330 2116 3370 cum

466 3443 564 3483 rex
594 3435 717 3482 tum
750 3428 983 3483 demum
1022 3440 1223 3497 reapse
1244 3440 1486 3497 regnare
1503 3423 1833 3478 censendus
1856 3425 2116 3487 est,cum

461 3542 522 3594 et
561 3536 687 3610 ipse
716 3545 770 3592 et
803 3536 902 3608 qui
934 3536 1044 3592 sub
1076 3552 1141 3590 eo
1174 3545 1311 3590 sunt
1343 3534 1517 3589 rebus
1576 3531 1846 3587 honestis
1880 3547 2114 3586 manum

465 3645 795 3711 admovent,
856 3648 1010 3700 certe
1057 3659 1380 3715 peccaram,
1435 3640 1665 3696 silentio
1719 3640 2113 3709 praetereundo

463 3752 709 3807 virtutes
739 3756 893 3813 tuas.
924 3758 981 3807 et
1000 3767 1130 3822 quae
1186 3767 1301 3806 non
1346 3753 1577 3804 tantum
1636 3746 1934 3818 hucusque
1967 3763 2112 3816 prae-

466 3858 619 3915 clare
652 3858 861 3927 fecisti,
902 3860 999 3914 sed
1034 3864 1090 3914 et
1120 3876 1248 3929 qua:
1294 3857 1468 3913 facies
1500 3860 1721 3927 postea.
1767 3858 1942 3909 Porro
1973 3853 2109 3923 qui-

466 3965 578 4021 bus
612 3965 785 4022 rebus
818 3965 909 4021 ἢεί
941 3966 1130 4021 θεειοτί
1160 3965 1385 4021 laudem
1417 3964 1520 4020 tibi
1552 3963 1768 4035 iugiter
1817 3963 2108 4027 astruunt,

465 4088 564 4127 eas
596 4088 701 4128 nos
734 4088 968 4144 quoque
997 4070 1432 4143 amplectendas
1464 4084 1788 4126 censemus.
1820 4066 1913 4123 Sic
1953 4066 2108 4121 enim

465 4178 537 4233 de
566 4178 637 4233 iis
666 4179 879 4249 quibus
905 4194 1070 4249 reges
1100 4182 1235 4233 ante
1289 4193 1491 4232 omnes
1548 4192 1695 4246 Opus
1750 4173 1967 4229 habent
1996 4174 2104 4228 dis-

463 4285 710 4341 serendo
744 4284 824 4339 nil
886 4285 1015 4338 novi
1078 4284 1179 4339 tibi
1221 4284 1405 4338 facere
1435 4283 1692 4345 videbor,
1734 4282 1783 4335 si
1841 4282 1914 4336 ab
1973 4281 2106 4336 aliis
2137 4254 2183 4320 Β

454 4392 581 4461 jam
616 4390 797 4446 relata
827 4392 951 4461 ipse
982 4392 1171 4447 denuo
1202 4391 1404 4446 refero.
1442 4389 1590 4452 Quid
1647 4387 1852 4458 plura?
1882 4387 1942 4442 Si
1975 4404 2105 4458 per-

464 4513 701 4553 suasum
732 4497 1027 4563 haberem,
1061 4496 1323 4551 laudibus
1355 4500 1411 4551 te
1444 4495 1588 4551 meis
1618 4494 1912 4549 meliorem
1939 4493 2101 4548 reddi

466 4622 656 4677 posse,
689 4604 924 4662 virtutes
965 4621 1070 4677 ego
1126 4611 1275 4660 certe
1332 4608 1464 4659 tuas
1522 4603 1759 4660 vocibus
1808 4603 1953 4658 meis
2001 4619 2106 4657 au-

464 4735 661 4792 gerem
694 4719 853 4775 utilis
883 4720 964 4774 sic
987 4720 1090 4775 tibi
1126 4722 1375 4775 futurus.
1425 4719 1532 4774 Sed
1596 4723 1659 4774 ut
1715 4733 1913 4773 verum
1945 4717 2105 4773 dica-

467 4843 602 4883 mus
635 4844 648 4881 :
683 4826 923 4883 laudum
949 4826 1217 4882 nimietas
1247 4831 1304 4881 et
1333 4824 1689 4880 abundantia
1711 4796 1853 4880 adeo
1876 4828 2101 4879 tantum

456 4937 579 5007 jam
612 4933 712 4991 tibi
764 4934 1000 4990 tedium
1050 4935 1267 4990 creavit
1316 4938 1380 4989 ut
1425 4949 1529 4990 nec
1577 4949 1654 4988 eis
1705 4949 1832 5005 quae
1861 4950 2005 4988 versa
2037 4951 2103 4987 ac

460 5050 725 5107 liberales
764 5057 905 5106 sunt
934 5050 1197 5107 animum
1232 5056 1397 5106 tuum
1431 5050 1637 5121 juvare
1668 5050 1911 5105 valeant.
1963 5050 2103 5115 Quia

460 5157 613 5213 enim
646 5166 702 5213 et
732 5174 824 5214 res
892 5158 1147 5228 pulchra
1203 5163 1260 5213 et
1316 5156 1479 5213 malae
1526 5159 1652 5212 sine
1707 5157 2103 5213 moderamine

460 5263 692 5335 prolata
722 5272 881 5331 sunt,
914 5265 1049 5319 boni
1080 5264 1224 5319 nihil
1281 5265 1544 5320 efficiunt
1598 5269 1700 5318 aut
1746 5280 1852 5318 nos
1906 5280 2102 5318 emen-

531 5426 610 5501 (a)
639 5427 901 5501 Sic_cod_.,
930 5432 993 5481 ut
1017 5428 1185 5501 infra,
1222 5445 1276 5501 ρ,
1311 5428 1433 5501 16].

532 5495 610 5570 (1)
645 5498 894 5570 Imitatio
924 5504 1015 5553 est
1046 5495 1332 5555 Isocratis.
1359 5499 1514 5554 Sicut
1536 5496 1807 5570 enimgbic
1829 5495 1887 5551 in
1910 5495 2099 5570 priore

462 5568 738 5643 Nicoclea
753 5569 1014 5643 oratione
1033 5571 1104 5625 de
1124 5571 1529 5643 regismunere
1544 5569 1679 5643 agit,
1694 5568 1760 5643 in
1784 5568 2102 5643 posteriore

467 5644 538 5701 de
567 5641 766 5717 populi
824 5641 1080 5697 vicissim
1114 5638 1251 5715 srg'a
1280 5656 1472 5714 regem
1529 5638 1737 5696 ofﬁciis
1756 5638 1887 5708 {ita
1912 5638 2104 5697 Theo-

2234 3058 2357 3112 ποτ’
2380 3054 2521 3112 ἄλλο
2561 3055 2668 3111 τῶν
2719 3059 2955 3127 πάντων,
2987 3061 3073 3114 ὅτι
3125 3061 3201 3133 μὴ
3250 3061 3314 3115 τὸ
3362 3060 3638 3117 κάλλιστα
3662 3063 3742 3117 καί
3770 3059 3856 3115 λυ-

2234 3146 2581 3201 σιτελέστατα
2623 3146 2714 3200 καὶ
2766 3152 2946 3219 σαυτῷ
2988 3149 3077 3203 καὶ
3121 3154 3238 3210 τοῖς
3288 3151 3625 3224 ἀρχομένοις
3664 3154 3855 3223 κρατεῖν

2232 3234 2351 3295 οἷός
2397 3238 2448 3289 τ’
2483 3236 2637 3303 εἶναι,
2695 3236 2783 3290 καὶ
2828 3238 3145 3309 θαυμαστήν
3191 3258 3311 3292 τινα
3360 3236 3450 3292 διὰ
3499 3240 3718 3295 πάντων
3770 3239 3859 3306 τὴν

2231 3322 2375 3395 παρὰ
2432 3325 2645 3377 πάντων
2724 3325 2972 3397 φέρεσθαι
3053 3328 3235 3402 ψῆφον
3295 3325 3349 3380 ἰν
3404 3325 3593 3405 εὐχαῖς
3654 3328 3714 3383 ἃν
3773 3347 3865 3382 πε-

2228 3413 2492 3479 ποιῆσθαι
2517 3431 2530 3443 ·
2562 3416 2723 3467 τοῦτο
2755 3408 2812 3468 δὲ
2853 3414 2944 3467 καὶ
2974 3413 3118 3469 πολὺ
3162 3413 3376 3487 μᾶλλον
3405 3417 3441 3483 ἢ
3473 3420 3582 3471 τῶν
3628 3418 3863 3472 ἁπάντων

2227 3502 2442 3556 πάντων
2496 3503 2576 3574 (α)
2637 3501 2762 3557 ἄνευ
2810 3501 3008 3557 τούτου
3066 3509 3322 3578 κρατεῖν·
3381 3502 3498 3560 ἐπεὶ
3539 3501 3598 3559 δὲ
3644 3506 3759 3561 τόθ’
3795 3507 3864 3567 ὼς

2224 3590 2446 3657 ἀληθῶς
2506 3587 2666 3669 ἄρχει
2721 3612 2829 3660 τις,
2889 3593 3015 3646 ὅταν
3074 3592 3237 3656 αὐτὸς
3297 3592 3388 3647 καὶ
3460 3594 3655 3657 πάντες
3730 3597 3864 3666 ὁμοῦ

2222 3686 2341 3743 τοῖς
2390 3680 2585 3742 καλοῖς
2635 3683 2777 3756 χεῖρ’
2827 3677 3139 3757 ἒπιόἀλλῃ·
3185 3682 3297 3757 ἐγώ
3345 3704 3403 3739 τε
3441 3683 3542 3738 οὐκ
3570 3683 3631 3737 ἃν
3688 3685 3863 3740 εἰκότα

2222 3771 2466 3840 ποιοίην,
2498 3770 2547 3824 εἷ’
2576 3771 2719 3824 οὕτω
2745 3775 2794 3845 γ’
2821 3769 3046 3845 ἔχοντος
3097 3776 3193 3826 σοῦ
3241 3772 3331 3826 καὶ
3377 3774 3687 3849 πεφυκότος
3729 3775 3860 3849 πρὸς

2219 3860 2438 3933 ἀρετὴν,
2473 3857 2636 3914 ἔπειτ’
2692 3860 2853 3922 αὐτὸς
2908 3863 2940 3915 ἅ
2997 3882 3053 3915 σε
3100 3866 3206 3916 τῶν
3265 3863 3403 3917 πάνυ
3457 3882 3542 3917 τοι
3594 3863 3859 3933 ζηλωτῶν

2221 3950 2321 4004 οὐκ
2373 3952 2428 4003 ἒν
2474 3954 2552 4021 τῷ
2610 3951 2835 4024 παρόντι
2897 3951 3085 4022 μόνον,
3135 3951 3282 4007 ἀλλὰ
3344 3951 3440 4006 κᾶν
3496 3957 3614 4015 τοῖς
3674 3952 3856 4008 ἔπειτα

2220 4034 2400 4107 δείξει,
2457 4042 2624 4092 ταῦτα
2684 4039 2778 4111 μὲν
2837 4038 3011 4113 λέγειν
3066 4035 3209 4115 ἔχων
3259 4039 3436 4095 ἐάσω·
3469 4038 3622 4112 ὲξῶν
3657 4038 3715 4096 δὲ
3774 4062 3856 4095 σοι

2214 4126 2341 4187 τοὺς
2398 4125 2649 4187 ἐπαίνους
2708 4126 3022 4203 συνάγουσιν
3094 4125 3291 4203 ἒτέροι,
3347 4130 3564 4192 τούτοις
3638 4131 3852 4204 ἀξιώσω

2213 4218 2551 4290 κεχρῆσθαι·
2585 4217 2721 4289 πρὸς
2754 4218 2858 4293 γὰρ
2884 4218 2963 4289 τῷ
3007 4216 3174 4290 μηδὲν
3224 4222 3330 4273 τῶν
3381 4218 3723 4295 γιγνομὲνων
3766 4218 3853 4274 καὶ

2212 4306 2286 4357 ὧν
2342 4304 2561 4377 μάλιστ’
2608 4303 2836 4381 ἄρχουσι
2896 4305 2976 4361 δεῖ
3024 4304 3410 4380 ξνόμϐουλεόειν
3455 4308 3694 4378 ἑλέσθαι,
3728 4306 3855 4364 οὐδὲ

2216 4393 2395 4448 καινόν
2444 4394 2526 4448 σοί
2575 4396 2624 4467 γ’
2666 4396 2817 4467 αὐτῷ
2880 4397 3198 4470 τοπαράπαν
3257 4395 3397 4468 δόξω
3445 4404 3641 4467 ποιεῖν,
3686 4398 3855 4454 τιυτὰ

2212 4486 2329 4543 τοῖς
2387 4480 2552 4538 ἄλλοι
2604 4483 2693 4537 καὶ
2742 4484 2865 4557 περὶ
2924 4490 3033 4539 τῶν
3088 4484 3264 4540 αὐτῶν
3323 4486 3453 4558 ὑπὲρ
3521 4489 3615 4540 σοῦ
3673 4483 3851 4540 διιών.

2216 4570 2411 4625 Καίτοι
2464 4570 2513 4624 τί
2574 4570 2837 4648 λέγω;εἱ
2890 4574 2983 4645 μὶν
3028 4576 3130 4647 γὰρ
3174 4574 3381 4648 ἀμείνω
3430 4596 3487 4629 σε
3532 4579 3647 4636 τοῖς
3696 4574 3851 4630 ἐπαί-

2213 4678 2327 4720 νοις
2386 4658 2747 4735 ἰργασόμενος
2793 4657 2966 4735 ᾔδειν,
3016 4663 3106 4718 καὶ
3163 4668 3277 4725 τοῖς
3330 4663 3524 4725 καλοῖς
3572 4666 3652 4725 οἷς
3702 4658 3853 4741 ἔχεις

2218 4746 2366 4819 μάλα
2403 4750 2751 4821 προσθήσων,
2802 4750 2899 4805 οὐκ
2945 4751 3005 4805 ἄν
3049 4753 3168 4806 ποτ’
3199 4751 3256 4807 εὖ
3297 4751 3415 4808 ’ίσθι
3463 4753 3693 4823 ταυτησὶ
3750 4755 3850 4816 τῆς

2214 4836 2466 4914 εἰσφορᾶς
2523 4838 2884 4913 ἀπεσχόμην·
2925 4845 3019 4895 νῦν
3077 4837 3125 4895 δ’
3160 4840 3207 4896 ei
3268 4864 3360 4913 μυι
3436 4839 3598 4904 δίδως
3656 4841 3851 4908 εἰπεῖν,

2212 4925 2388 4986 οὕτως
2437 4926 2571 4998 ἄγαν
2634 4928 2788 4998 ὑμεῖς
2838 4928 2941 4983 ὑπὸ
2995 4934 3091 4983 τοῦ
3148 4928 3396 5000 πλήθους
3439 4929 3528 4985 καὶ
3589 4931 3852 5006 μεγεθους

2209 5019 2315 5067 τῶν
2372 5012 2607 5069 ἐπαίνων
2668 5013 2972 5093 διὲφθαρθε,
3033 5019 3107 5080 ὡς
3163 5020 3252 5073 καὶ
3310 5022 3372 5074 τὸ
3430 5024 3532 5074 πᾶν
3604 5019 3846 5073 ἐντεῦθεν

2210 5102 2623 5177 κατωρθωκέναι
2655 5101 2939 5167 δοκοῦντες
2982 5106 3133 5178 ὑμῶν
3179 5108 3355 5163 αὐτῶν
3402 5108 3627 5181 ἀμελῶς
3661 5105 3844 5180 ’ίσχειν

2208 5192 2299 5245 καὶ
2346 5191 2794 5265 ῥᾳστωνεύεσθας,
2833 5196 2970 5268 μήτε
3016 5200 3114 5250 τοῦ
3161 5195 3334 5251 καλοῦ
3394 5194 3597 5269 μηδένα
3647 5196 3847 5268 in;th

2208 5280 2524 5353 αἱρούμενοι
2586 5280 2748 5358 λόγον
2808 5286 3100 5357 ποιεῖσθαι,
3164 5288 3293 5359 μήθ’
3348 5286 3381 5340 ἃ
3435 5292 3543 5342 τῶν
3623 5284 3847 5361 φαύλων

2208 5425 2383 5481 dulus
2403 5426 2524 5503 sive
2552 5427 3030 5503 Thomasnoster
3060 5433 3115 5487 in
3148 5433 3257 5488 hac
3290 5433 3475 5503 priore
3504 5431 3763 5487 oratione
3782 5430 3851 5483 de

2208 5513 2338 5574 rege
2368 5498 2585 5574 optimo
2626 5498 2877 5574 disserit,
2911 5502 2970 5559 in
3011 5498 3327 5574 posteriore
3385 5504 3456 5559 de
3501 5505 3714 5574 optimo
3750 5516 3847 5571 po-

2208 5568 2332 5641 puli
2364 5573 2514 5626 statu
2548 5587 2645 5627 seu
2678 5568 2906 5629 officiis.
