4062 6308
242 421 376 486 ω

1413 421 1705 508 ORATIO
1751 422 1851 485 DE
1897 423 2126 484 REGIS
2169 422 2527 487 OFFICIIS.

3544 437 3662 500 450

241 558 511 633 πρόσεσθ’
561 557 712 630 ὑμῖν,
754 555 962 610 τούτων
1014 556 1155 627 ὑμᾶς
1201 555 1401 617 αὐτοὺς
1449 555 1756 633 ἀφιστάναι,
1814 555 1904 609 καὶ

2023 556 2178 611 dant.
2207 556 2266 611 Si
2317 573 2446 614 vero
2495 575 2562 615 ea
2605 575 2735 631 quae
2774 561 3012 631 plurimi
3062 564 3255 620 facitis
3302 566 3435 636 ipsi,
3472 569 3662 637 perni-

246 646 576 720 μεθιστάναι
606 645 742 718 πρὸς
782 644 816 698 ’ἀ
846 641 929 698 δεῖ
960 665 974 678 ·
1017 643 1063 698 εἰ
1112 641 1158 697 δ’
1190 642 1222 697 ἃ
1250 644 1375 718 περὶ
1423 643 1682 699 πλείστου
1730 649 1903 698 τοιεῖ-

244 738 378 803 σθο,
421 736 575 790 ταῦθ’
634 735 761 806 ὑμῖν
821 733 898 796 εἷς
960 728 1173 807 βλάϐην
1230 732 1568 796 καθίσταται,
1627 739 1746 797 πῶς
1807 734 1905 788 οὐκ

241 825 405 896 ἄξιον
455 826 662 897 ὲτέροις
719 826 939 892 ἀνιέναι,
991 821 1064 878 δι’
1118 826 1185 892 ἧς
1244 823 1721 898 εὐδαιμονέστατοι
1777 825 1906 878 πάν-

242 936 362 969 των
395 913 554 984 ὑμεῖς
605 908 825 980 ἔσεσθες
877 917 974 968 Ἠν
1003 912 1104 986 γάρ
1155 933 1274 979 σου,
1307 909 1378 966 δι’
1422 913 1496 966 ὧν
1537 913 1598 967 ἂν
1649 912 1758 990 ἐγὼ
1810 913 1906 981 μὶν

248 1001 592 1074 ὑποθείμην,
653 1001 715 1055 σὺ
766 999 824 1056 δὲ
869 1003 1018 1057 ταῦτ’
1068 1002 1304 1062 ἀκούσας
1359 1001 1437 1062 εἷς
1496 999 1654 1076 ἔργον
1700 1001 1906 1077 ἐξενεγ-

242 1097 372 1146 κεῖν
423 1090 736 1162 ἰθελήσαις,
774 1091 866 1145 τὸν
916 1091 1099 1144 ἅπαντ’
1143 1089 1313 1144 αῗῶνα
1364 1091 1680 1162 θαυμαστήν
1730 1111 1907 1164 παρα-

246 1182 506 1236 σκευάσω
535 1179 778 1254 γενέσθαι
821 1180 910 1234 καὶ
959 1180 1056 1247 τήν
1108 1179 1288 1257 ἀρχῆν
1324 1185 1441 1241 τοῖς
1490 1178 1728 1242 ἐπαίνοις
1779 1179 1910 1234 ἀθά·

243 1291 441 1337 νατον,
493 1270 794 1344 χαριοῦμαί
824 1289 910 1322 σοι
959 1266 1102 1323 πολὺ
1148 1266 1384 1340 μᾶλλον,
1416 1268 1451 1336 ἢ
1503 1269 1549 1323 εἰ
1597 1271 1771 1324 πάντα
1816 1271 1908 1324 τὸν

248 1359 370 1414 ὑπὸ
401 1365 505 1433 γῆν
536 1357 626 1412 καὶ
661 1358 793 1432 ὑπὲρ
823 1364 927 1432 γῆν
979 1359 1204 1430 χρυσὸν,
1238 1355 1391 1431 εἷ’περ
1422 1357 1536 1412 οἷόν
1567 1360 1614 1412 τ’
1664 1359 1753 1427 ἦν,
1787 1380 1906 1413 συν-

243 1448 505 1521 ειλοχὼς
567 1447 928 1522 παρεσχόμην
966 1467 979 1480 ·
1038 1448 1305 1520 χρήματα
1365 1448 1460 1518 μὲν
1526 1448 1631 1521 γὰρ
1705 1446 1910 1503 ἄλλοτε

244 1535 456 1597 ἄλλως
510 1535 677 1610 ἴσχει,
735 1535 900 1608 ἀρετή
951 1532 1009 1589 δὲ
1063 1533 1207 1589 οὕτω
1254 1535 1389 1590 κατὰ
1447 1536 1648 1598 παντὸς
1691 1534 1908 1592 ’ίσταται

243 1627 492 1702 χρόνου,
525 1623 653 1680 ὥστ’
701 1625 801 1680 οὐκ
829 1623 968 1680 ἔστιν
1018 1625 1098 1681 ὅτ’
1129 1626 1310 1681 οὐκετι
1359 1624 1523 1701 λόγος
1572 1626 1741 1696 αὐτῆς
1775 1647 1790 1662 ο
1841 1630 1907 1696 ἧς

243 1715 428 1790 ἔγωγ’
484 1713 542 1768 εὖ
599 1713 722 1770 οἶδα
794 1712 1126 1790 δημαγωγὸν
1186 1716 1260 1776 ὡς
1335 1715 1548 1790 τάχιστ’
1624 1716 1910 1792 ἀποφανῶ,

244 1805 459 1860 ὁποὶόν
486 1807 588 1859 τιν’
640 1805 771 1858 εἶναι
821 1800 904 1858 δεῖ
930 1803 1022 1858 τὸν
1071 1808 1375 1876 κρατοῦντα
1424 1801 1654 1874 διεξιών,
1686 1805 1775 1858 καί
1825 1825 1908 1859 σοι

245 1893 392 1957 δοὺς
449 1893 722 1972 ἀερορμςὶς,
753 1890 826 1947 δι’
873 1894 945 1947 ὧν
986 1893 1151 1954 αὐτός
1197 1915 1257 1948 τε
1297 1891 1391 1968 ἔσῃ
1441 1892 1613 1956 καλὸς
1656 1894 1908 1968 κάγαθὸς,

243 1985 354 2040 καὶ
386 1986 506 2046 οἷος
560 1984 620 2038 ού
671 1986 769 2038 τοῦ
815 1985 1211 2056 προσρήματος
1264 1985 1448 2057 μόνον,
1476 1982 1620 2040 ἀλλὰ
1668 1984 1758 2039 καὶ
1804 1988 1901 2039 τοῦ

241 2073 624 2146 τετιμηκότος
674 2072 975 2148 ἀξιόχρεως
1025 2073 1160 2127 εἶναι
1213 2077 1351 2128 Θεοῦ
1385 2094 1396 2106 ·
1446 2073 1576 2135 τούς
1617 2094 1676 2128 τε
1727 2073 1900 2150 ἀρχο-

248 2164 462 2236 μένους
491 2163 777 2225 τοιούτους
809 2159 874 2233 δή
919 2184 1064 2224 τινας
1091 2160 1246 2232 ἕξεις,
1280 2165 1354 2225 ὡς
1405 2164 1489 2218 σοὶ
1535 2164 1628 2236 μὲν
1676 2163 1902 2224 τούτους

247 2251 352 2308 διὰ
410 2253 629 2307 πάντων
675 2249 990 2325 ξυμϐαίνειν
1041 2253 1342 2328 πειρᾶσθαι,
1393 2253 1482 2308 καὶ
1543 2252 1678 2308 κατὰ
1733 2249 1901 2314 πόδας

248 2343 336 2403 ὡς
369 2342 486 2397 οἷόν
535 2361 594 2396 τε
641 2347 869 2416 χωρεῖν,
897 2342 1114 2403 τούτοις
1173 2338 1220 2396 δ’
1274 2343 1337 2396 αὗ
1386 2343 1444 2397 σὲ
1492 2340 1663 2397 καλοῦ
1706 2342 1906 2403 παντὸς

252 2432 403 2486 εἶναι
435 2427 805 2506 παράδειγμα,
839 2432 912 2493 ὡς
963 2430 1023 2488 ἂν
1070 2431 1153 2501 εἵη
1185 2452 1242 2486 τε
1289 2434 1450 2504 σῶμα
1496 2430 1716 2486 πολλοῦ
1759 2452 1907 2493 τινος

253 2521 408 2590 ἄξιον
440 2519 499 2575 ἐκ
547 2519 791 2598 κεφαλῆς
832 2521 907 2583 εἰς
955 2518 1126 2583 πόδας
1175 2525 1351 2590 σῶζον
1401 2521 1463 2576 τὸ
1512 2519 1719 2582 κάλλος
1753 2541 1766 2555 ’
1819 2521 1908 2576 ὅτε

254 2611 444 2666 τοίνυν
522 2608 685 2670 αὐτὸς
749 2609 842 2682 μὲν
898 2607 1117 2684 ἄριστος
1176 2609 1433 2686 γεγονὼς,
1491 2609 1906 2684 παραπλησίους

264 2697 327 2754 δὲ
371 2698 502 2760 τοὺς
554 2695 784 2766 ἄλλους,
833 2699 1034 2758 πάντας
1082 2695 1251 2754 ἔπειτ’
1300 2697 1500 2774 ἐργάσῃ
1533 2719 1544 2730 ·
1594 2699 1801 2754 τούτων
1853 2697 1908 2753 δὲ

274 2787 450 2852 οὕτως
501 2787 824 2862 ἐσχηκότων
882 2788 968 2842 σοὶ
1018 2789 1135 2842 κατ’
1191 2785 1356 2865 ἄμφω
1411 2791 1578 2842 ταῦτα
1634 2789 1908 2862 περιέσται

280 2878 656 2948 θαυμάζεσθαι,
705 2877 795 2931 καὶ
851 2879 917 2946 ἧς
964 2876 1121 2938 αὐτὸς
1165 2873 1314 2952 ’ἔχεις
1363 2877 1762 2952 χρηστότητος,
1819 2879 1908 2932 καὶ

279 2968 345 3034 ἧς
397 2972 505 3028 τοῖς
559 2963 760 3028 ἄλλοις
807 2965 1151 3033 αἰτιώτατος,
1186 2966 1249 3034 εἷ,
1291 2969 1408 3028 πῶς
1457 2965 1556 3020 οὐκ
1603 2967 1798 3041 ἀρετῆς
1832 2967 1913 3022 ἐν-

271 3056 450 3110 τεῦθεν
511 3053 872 3123 ἀντιληπτέον
933 3049 1042 3108 ἔστ’
1106 3054 1156 3126 ἐξ
1230 3054 1490 3130 ἀνάγκης,
1550 3053 1596 3108 εἳ
1649 3076 1734 3110 σοι
1813 3061 1909 3110 τοῦ

265 3144 636 3216 θαυμάζεσθαι
661 3144 865 3217 τρόπον
899 3143 958 3197 ὃν
987 3137 1121 3220 ἔφην
1164 3142 1354 3216 μέλεις
1410 3141 1564 3216 μὲλει
1597 3142 1653 3198 δὲ
1701 3143 1758 3199 εὖ
1789 3143 1912 3200 οἶδα

263 3235 465 3294 παντὸς
519 3232 752 3306 μᾶλλον,
786 3231 935 3308 ε’ίπερ
982 3238 1082 3288 τοῦ
1122 3230 1389 3288 κάλλιστα
1429 3233 1518 3288 καὶ
1569 3235 1642 3295 ὡς
1692 3232 1912 3305 άληθῶς

262 3322 463 3399 ἄρχειν
502 3322 739 3396 μάλιστα
774 3320 949 3395 μέλει.

343 3413 415 3485 β’.
465 3415 691 3484 Πρῶτον
737 3411 830 3482 μὶν
886 3410 981 3465 οὖν
1041 3411 1293 3466 ἁπάντων
1353 3410 1525 3466 ἐκεῖνο
1583 3409 1913 3468 διανοεῖσθαί

265 3521 328 3555 σε
359 3501 500 3575 χρὴ,
531 3498 615 3553 δτι
663 3499 828 3554 εἶκαὶ
878 3506 977 3568 τῆς
1009 3506 1114 3576 γῆς
1161 3497 1360 3574 ἓλαχες
1407 3499 1595 3575 ἄρχειν
1623 3501 1711 3555 καὶ
1766 3502 1916 3577 μέγε-

265 3591 369 3651 θος
421 3590 758 3664 πραγμάτων
806 3593 1142 3663 περικεῖσθαι
1201 3589 1445 3660 τοσόνδε,
1495 3589 1621 3646 ἀλλ’
1679 3590 1782 3662 ἄρα
1823 3591 1913 3644 καὶ

270 3678 474 3752 μοίρας
503 3682 709 3748 θνητῆς
735 3676 933 3754 ’ἔλαχες
964 3681 1120 3750 εἶναι,
1145 3681 1236 3736 καὶ
1280 3680 1377 3738 τοῦ
1409 3683 1522 3736 καθ’
1554 3683 1701 3753 ἡμᾶς
1753 3679 1917 3755 πράγ-

269 3787 448 3840 ματος
482 3786 495 3800 ’
531 3767 604 3829 ὡς
657 3769 733 3838 μή
769 3773 953 3840 μεῖζον
1001 3773 1099 3824 τοῖ’)
1131 3769 1266 3824 εἶναι
1317 3775 1534 3848 φρονεῖν
1574 3767 1750 3848 ἔχειν,
1787 3765 1917 3842 μηδ’

268 3855 415 3927 ὑπὲρ
465 3855 532 3910 τὸ,
587 3856 900 3929 ἐσκαμμένα
952 3860 1052 3923 τῆς
1121 3859 1330 3935 φύσεως
1391 3860 1614 3931 βαίνειν.
1679 3858 1740 3912 Τί
1814 3859 1915 3933 γὰρ

273 3942 496 4017 μᾶλλον
542 3944 782 4016 ἀμείνων
832 3945 884 3999 εἶ
939 3947 1138 4008 παντὸς
1189 3944 1412 4002 ἶδιώτὸυ
1461 3945 1640 4002 διὰτὸ
1698 3953 1914 4024 σχῆμα,

273 4035 354 4106 μὴ
407 4035 497 4087 καὶ
551 4030 765 4105 μᾶλλον
811 4035 1055 4108 χρηστὸς
1088 4030 1203 4103 ι’ύν;
1253 4035 1380 4091 ἀλλ’
1429 4036 1650 4111 ἐπείπερ
1697 4036 1797 4091 οὐκ
1845 4033 1917 4089 ὢν

267 4120 565 4194 ἐγεγόνεις,
611 4121 700 4174 καί
746 4123 846 4190 τὴν
909 4121 1088 4200 ἀρχὴν
1142 4128 1240 4177 τοῦ
1294 4126 1486 4200 γένους
1542 4124 1617 4185 εἷς
1671 4127 1805 4198 χοῦν
1860 4144 1918 4178 τε

265 4211 365 4264 καὶ
417 4209 476 4263 τὸ
529 4206 697 4281 μηδὲν
748 4209 1047 4286 ἀναφέρων,
1080 4209 1188 4288 ούχ
1237 4211 1384 4274 ὅπως
1433 4212 1486 4274 ἐς
1536 4215 1674 4268 ἅπαν
1725 4211 1919 4285 διαμι-

267 4303 405 4364 νεῖς,
435 4296 583 4352 ἀλλά
625 4299 696 4366 τή
747 4298 915 4367 αὐτὴν
951 4304 1072 4360 τοῖς
1119 4301 1415 4376 προγόνοις
1462 4302 1552 4355 καὶ
1597 4300 1756 4363 αὐτὸς
1794 4299 1919 4372 ἐξα-

267 4387 472 4453 νύσεις,
503 4387 790 4459 πειρᾶσθαι
817 4387 981 4445 παντὶ
1027 4389 1204 4461 θυμῷ,
1235 4394 1394 4444 τοῦτο
1429 4391 1522 4462 μὶν
1577 4391 1920 4464 μετριώτατα

270 4479 492 4532 πάντων
541 4477 866 4550 κεχρῆσθαι,
899 4477 988 4532 καὶ
1035 4477 1170 4532 κατὰ
1219 4481 1431 4549 σαυτὸν,
1475 4477 1602 4534 ἀλλ’
1633 4479 1737 4553 οὐχ
1784 4479 1917 4552 ὑπὲρ

277 4566 496 4628 σαυτὸν,
527 4568 646 4626 τοῖς
679 4563 988 4638 πράγμασιν
1042 4564 1282 4639 ὁμιλεῖν,
1312 4573 1474 4623 τοῦτο
1501 4565 1558 4621 δὲ
1586 4569 1688 4637 τὴν
1737 4568 1918 4643 ἀρχὴν

2012 664 2169 719 ciosa
2225 670 2365 721 sunt
2421 667 2603 735 vobis,
2634 685 2746 739 quo
2799 674 2967 740 pacto
3021 671 3062 725 ii
3119 674 3432 741 spernendi
3492 679 3664 730 erunt

2013 769 2224 841 quibus
2256 787 2550 828 summum
2583 779 2834 829 vestrum
2871 777 3084 831 bonum
3133 777 3300 832 unice
3338 779 3495 834 cordi
3529 779 3664 834 est?

2014 876 2164 946 quod
2195 878 2244 932 si
2285 895 2351 932 ea
2403 896 2526 949 qu
2580 879 2684 934 tibi
2729 881 2988 936 dederim
3049 882 3290 938 consilia
3347 885 3662 940 observans

2014 992 2066 1038 et
2097 985 2382 1040 dictorum
2420 1003 2679 1042 meorum
2722 987 2966 1044 audiens
3008 988 3180 1058 fores,
3214 1006 3458 1062 regnum
3495 998 3660 1048 tuum

2016 1105 2118 1161 per
2146 1108 2318 1146 omne
2349 1097 2581 1163 tempus
2612 1093 2884 1150 laudibus
2915 1094 2988 1150 ad
3029 1096 3239 1151 caelum
3274 1112 3462 1168 usque
3491 1099 3663 1154 eﬂ'er-

2015 1214 2161 1262 rem,
2192 1205 2366 1268 atque
2397 1200 2471 1252 ita
2506 1201 2738 1270 majoris
2770 1201 2871 1256 tibi
2917 1200 3206 1257 felicitatis
3246 1207 3443 1258 auctor
3473 1218 3660 1260 essem

2017 1321 2194 1376 quam
2240 1307 2288 1360 si
2339 1306 2441 1360 tibi
2474 1307 2756 1378 quidquid
2809 1309 2934 1362 auri
2978 1325 3150 1379 super
3179 1313 3235 1365 et
3265 1309 3418 1365 intra
3448 1318 3659 1367 terram

2017 1409 2216 1481 fulget,
2249 1411 2530 1471 offerrem,
2571 1412 2712 1467 Dum
2749 1414 2904 1467 enim
2954 1429 3090 1484 opes
3141 1414 3306 1470 ﬂuxae
3355 1424 3510 1484 sunt,
3543 1417 3660 1470 vir-

2017 1522 2114 1573 tus
2141 1519 2281 1574 adeo
2327 1520 2590 1574 omnium
2640 1526 2968 1591 temporum
3000 1527 3109 1588 est,
3145 1527 3206 1576 ut
3254 1539 3556 1595 nunquam
3590 1525 3661 1579 ab

2018 1623 2322 1680 hominum
2371 1625 2642 1681 societate
2671 1627 2873 1682 abesse
2903 1627 3108 1698 possit.
3141 1627 3478 1700 Quicunque
3503 1629 3661 1685 enim

2019 1731 2241 1786 caeteris
2292 1731 2580 1803 imperare
2635 1749 2698 1787 ac
2756 1733 3036 1804 populum
3111 1751 3307 1805 regere
3364 1737 3663 1807 praesumit

2019 1839 2298 1893 virtutum
2356 1837 2526 1894 laude
2583 1838 2918 1894 cumulatus
2967 1855 3091 1895 esse
3146 1841 3413 1910 debebit;
3447 1843 3663 1914 quibus

1940 1931 1986 1996 B
2019 1955 2076 2004 tu
2109 1948 2233 2019 ipse
2263 1951 2505 2003 ornatus
2535 1949 2686 2020 apud
2723 1948 2989 2004 homines
3019 1953 3075 2004 et
3105 1949 3296 2021 ipsum
3330 1949 3510 2005 Deum
3545 1951 3660 2006 ho—

2015 2073 2182 2112 nores
2241 2056 2620 2124 nancisceris,
2680 2055 2947 2111 subditos
3017 2061 3211 2112 autem
3285 2056 3527 2114 habebis
3604 2064 3659 2114 te

2013 2163 2222 2234 dignos
2263 2167 2321 2219 et
2350 2163 2450 2235 qui
2481 2162 2609 2218 vitaz
2673 2167 2782 2218 tua:
2841 2163 3176 2219 institutum
3235 2163 3437 2220 sedula
3467 2165 3661 2222 imita-

2013 2272 2169 2326 tione
2217 2269 2490 2342 amplecti
2541 2275 2826 2342 satagent,
2862 2276 2919 2326 et
2964 2271 3246 2339 indolem,
3292 2285 3469 2343 quam
3518 2272 3577 2328 in
3609 2279 3664 2328 te

2015 2380 2398 2445 admirantur,
2461 2378 2784 2434 imitatione
2855 2380 3291 2449 exprimendam
3359 2381 3469 2435 sibi
3528 2397 3660 2453 pro-

2017 2489 2252 2557 ponent.
2289 2484 2430 2540 Hinc
2477 2485 2575 2540 ﬁet
2627 2491 2690 2540 ut
2739 2485 2963 2542 duabus
3007 2503 3074 2542 ex
3117 2487 3312 2543 causis
3361 2492 3415 2542 te
3473 2489 3659 2543 admi-

2019 2599 2238 2661 rentur,
2273 2593 2344 2650 ob
2394 2599 2572 2654 tuam.
2601 2594 2864 2664 inquam,
2907 2593 3255 2667 probitatem
3304 2600 3360 2651 et
3407 2595 3659 2652 assecla-

2020 2719 2146 2757 rum
2198 2701 2408 2756 horum
2459 2701 2868 2770 integritatem.
2921 2701 3066 2766 Quid
3125 2701 3337 2756 mirum
3387 2701 3459 2770 si,
3493 2707 3547 2756 te
3579 2703 3666 2758 in-

2019 2812 2286 2880 stigante,
2318 2809 2550 2864 virtutis
2609 2811 2868 2864 studium
2929 2809 3190 2864 omnium
3250 2809 3462 2865 animis
3510 2810 3670 2880 inge-

2022 2917 2214 2974 ritur?
2247 2918 2356 2984 Tu,
2389 2925 2544 2974 certo
2581 2919 2721 2986 scio,
2756 2917 3061 2987 praeclaros
3110 2915 3240 2971 illos
3287 2917 3517 2972 virtutis
3549 2917 3667 2972 fru-

2021 3033 2150 3083 ctus
2179 3032 2416 3096 gustare
2452 3027 2837 3096 maximopere
2869 3041 3032 3081 amas
3072 3029 3128 3080 et
3158 3024 3290 3079 boni
3328 3025 3477 3095 regis
3509 3023 3666 3079 laudi

2019 3132 2345 3205 anteponis.

2091 3418 2144 3469 2.
2174 3414 2232 3470 Id
2263 3423 2391 3470 ante
2446 3412 2740 3469 omniain
2803 3415 3051 3466 mentem
3109 3411 3384 3468 inducere
3432 3410 3667 3468 debebis

2021 3504 2174 3574 quod
2209 3503 2254 3559 si
2290 3504 2449 3574 regni
2485 3501 2628 3557 vasti
2661 3506 2714 3556 et
2750 3500 2949 3572 populi
2981 3516 3107 3556 sors
3139 3501 3426 3572 permissa
3452 3509 3558 3567 est,
3577 3501 3670 3557 ni-

2022 3592 2340 3648 hilominus
2364 3593 2421 3647 in
2453 3591 2814 3658 mortalium,
2839 3590 2990 3645 sicut
3021 3605 3126 3644 nos
3148 3590 3283 3660 ipsi,
3305 3606 3368 3645 es
3400 3605 3664 3660 numero,

2020 3698 2200 3753 quare
2255 3681 2404 3736 altos
2461 3695 2690 3735 sumere
2747 3679 2986 3750 spiritus
3045 3683 3386 3749 naturaeque
3454 3677 3664 3734 limites

2022 3771 2342 3842 transgredi
2375 3771 2480 3826 tibi
2529 3787 2642 3826 non
2694 3769 2909 3826 licebit.
2941 3768 3086 3831 Quid
3137 3768 3292 3824 enim
3341 3769 3575 3839 prodest
3613 3768 3664 3823 si

2021 3862 2380 3918 extrinsecus
2434 3860 2586 3914 inter
2642 3874 2845 3912 omnes
2912 3855 3168 3926 excellis,
3228 3855 3284 3911 ni
3344 3856 3667 3912 intrinscus

2024 3964 2254 4020 quoque
2283 3948 2516 4003 anteis?
2547 3947 2655 4001 luit
2687 3962 2880 4001 revera
2911 3951 3145 4015 tempus
3195 3960 3306 4015 quo
3340 3961 3453 3999 non
3487 3943 3670 3999 exsti-

2022 4039 2164 4105 tisti,
2199 4046 2251 4092 et
2283 4037 2511 4109 generis
2542 4035 2627 4090 tui
2657 4035 2824 4090 initia
2869 4033 3074 4104 exigua
3117 4039 3291 4101 sunt;
3326 4039 3386 4089 tu
3435 4049 3670 4106 quoque

2023 4144 2138 4182 non
2169 4129 2225 4182 in
2252 4133 2531 4182 eternum
2561 4123 2822 4179 manebis
2848 4140 2863 4191 ;
2913 4122 3019 4177 tibi
3069 4122 3291 4189 eadem,
3325 4138 3454 4193 qute
3485 4125 3670 4193 majo-

2024 4217 2188 4271 ribus
2218 4214 2358 4285 tuis,
2384 4213 2648 4269 facienda
2679 4218 2732 4268 et
2765 4211 3140 4284 perpetienda
3183 4212 3465 4278 veniunt;
3499 4212 3605 4267 tibi
3637 4227 3670 4266 a

2023 4306 2297 4375 superbia
2327 4303 2737 4360 abstinendum
2767 4306 2877 4368 est,
2909 4306 2966 4357 et
2994 4301 3042 4356 si
3079 4301 3252 4357 rebus
3302 4317 3406 4372 pro
3433 4300 3667 4370 ingenio

2024 4409 2090 4450 ac
2123 4392 2380 4449 moribus
2411 4392 2530 4447 tuis
2562 4389 2840 4446 inservire
2863 4390 3137 4458 volueris,
3170 4404 3358 4444 rerum
3404 4389 3669 4444 admini—

2023 4481 2290 4538 strationi
2348 4497 2578 4537 summa
2637 4495 2774 4535 cura
2831 4477 3160 4534 adhibenda
3211 4477 3317 4532 tibi
3364 4482 3452 4533 est
3506 4477 3666 4532 haud

2025 4576 2294 4626 contento
2339 4572 2494 4642 quod
2544 4584 2770 4638 regnas,
2803 4568 2903 4623 sed
2957 4567 3327 4622 innitendum
3383 4571 3446 4621 ut
3501 4567 3670 4621 bene-

275 4652 334 4710 εὖ
362 4674 422 4708 τε
467 4653 559 4708 καὶ
608 4653 682 4714 ὡς
713 4653 884 4732 ἐχρῆν
930 4652 1152 4712 διοικεῖν
1186 4665 1200 4691 ⁸
1235 4659 1326 4712 καὶ
1378 4659 1512 4735 μέγα
1540 4658 1781 4731 νομίζειν
1823 4658 1911 4713 οὐκ

2029 4661 2152 4716 Non
2184 4660 2327 4715 satis
2357 4659 2466 4714 erit
2494 4657 2651 4729 quod
2703 4673 2962 4728 purpura
2993 4673 3057 4712 ac
3096 4661 3321 4728 sceptro
3350 4654 3562 4726 dignus
3593 4655 3674 4710 sis

275 4745 321 4798 εἰ
388 4742 695 4818 βασιλεύεις
743 4743 956 4810 ἁπλῶς,
1013 4744 1141 4801 ἀλλ’
1212 4746 1258 4802 εἰ
1315 4747 1497 4810 καλῶς
1565 4748 1870 4822 βασιλεύεις
1900 4764 1917 4779 ⁸

277 4830 397 4888 οὔδ’
439 4832 486 4886 εἰ
535 4834 637 4897 τῆς
682 4831 1007 4907 ὰλουργίδος
1058 4836 1290 4907 ἠξίωσαι
1337 4837 1428 4891 καὶ
1476 4841 1572 4892 τοῦ
1615 4839 1916 4911 σκήπτρου,

273 4921 407 4978 ἀλλ’
458 4921 505 4977 εἰ
560 4922 822 4984 κοινωνός
871 4919 966 4997 ἓσῃ
1023 4929 1132 4980 τῶν
1195 4924 1477 5000 Ὀλύμπου
1534 4928 1870 5002 πραγμάτων
1901 4947 1917 4961 ο

276 5011 400 5067 οὐδ’
449 5011 495 5067 εἰ
547 5013 858 5084 θαυμαστάς
897 5009 1047 5086 ἔχεις
1091 5015 1436 5091 ἀνθρώπους,
1495 5016 1618 5072 ἄλλ’
1681 5017 1727 5071 εἰ
1787 5015 1922 5090 μετᾶ

272 5100 486 5156 τούτων
515 5099 609 5154 καὶ
655 5101 762 5173 πρὸ
801 5100 1010 5156 τούτων
1051 5102 1334 5174 ἐπαινέτην
1379 5101 1513 5176 ἕξεις
1559 5105 1688 5162 Θεόν
1723 5123 1737 5135 ·
1783 5106 1918 5179 πρὸς

276 5193 336 5245 ὃν
387 5189 462 5250 ὡς
509 5189 691 5243 κοινὸν
743 5190 991 5245 ἁπάντων
1041 5187 1222 5260 δήπου
1271 5190 1546 5260 Δεσπότην
1607 5189 1697 5244 καὶ
1753 5187 1919 5259 κηδε-

281 5282 442 5353 μόνα,
497 5279 767 5348 τοσαύτην
826 5279 918 5333 καὶ
988 5277 1329 5350 τηλικαύτην
1405 5278 1645 5358 ὀφείλεις
1709 5275 1918 5333 εὔνοιαν

272 5368 480 5448 ἴσχειν,
511 5368 644 5439 ὅσην
677 5368 851 5438 ἀξιοῖς
886 5366 1014 5431 τοὺς
1044 5367 1252 5431 ἄλλους
1299 5366 1482 5443 ’ίσχειν
1524 5368 1660 5442 πρὸς
1690 5366 1748 5422 σέ
1782 5387 1794 5400 ο
1827 5369 1915 5422 καὶ

277 5458 455 5521 οὕτως
506 5455 848 5530 διακείμενος
896 5458 1029 5513 εἶναι
1077 5457 1152 5519 ὡς
1201 5455 1372 5532 μηδὲν
1419 5453 1522 5528 ἔξω
1573 5461 1681 5513 τῶν
1732 5456 1919 5529 ἐκείνῳ

278 5545 583 5603 δοκούντων
611 5545 743 5618 μήτ’
773 5543 864 5600 οὖν
897 5565 1030 5601 ποτε
1077 5544 1229 5621 δρᾷν,
1263 5548 1405 5619 μήτε
1455 5544 1736 5618 βουλεύειν
1769 5545 1918 5607 δλως

275 5636 570 5711 αἱρεῖσθαι,
603 5631 734 5689 ἀλλ’
763 5633 815 5689 ἒν
865 5635 1058 5689 ἅπασιν
1110 5635 1359 5710 ἡγεμόνα
1400 5639 1589 5690 τοῦτον
1621 5636 1915 5690 ποιεῖσθαι.

342 5727 412 5809 γ’.
456 5726 688 5783 Ἔπειτα
728 5723 854 5800 πρὶν
905 5723 942 5795 ἢ
979 5728 1088 5780 τῶν
1123 5723 1309 5782 ἄλλων
1360 5724 1688 5805 βασιλεύειν,
1735 5722 1918 5798 σαυτῷ

2031 4749 2285 4816 habitus,
2319 4750 2412 4803 sed
2444 4748 2489 4803 it
2517 4745 2809 4818 agendum
2850 4751 2916 4800 ut
2962 4745 3268 4817 olympicis
3315 4743 3668 4812 honoribus;

2029 4856 2143 4895 non
2201 4847 2265 4894 ut
2313 4839 2467 4910 apud
2520 4843 2755 4893 ceteros
2805 4836 2863 4891 in
2913 4833 3300 4892 admiratione
3340 4833 3444 4897 sis,
3477 4834 3575 4888 sed
3608 4838 3673 4888 ut

2029 4929 2212 4984 Deum
2264 4929 2454 5000 ipsum
2486 4943 2716 4998 equum
2786 4925 3005 4980 habeas
3047 4924 3331 4995 judicem,
3363 4922 3458 4978 cui
3490 4926 3553 4978 tu
3602 4925 3669 4977 ut

2030 5018 2430 5074 universorum
2462 5016 2697 5071 domino
2731 5031 2796 5072 ac
2844 5012 3190 5070 moderatori
3212 5011 3457 5068 eandem
3490 5011 3668 5067 debes

2029 5107 2433 5163 verecundiam
2466 5121 2638 5178 quam
2672 5105 2796 5176 ipse
2828 5120 2861 5158 a
2889 5101 3110 5158 caeteris
3141 5100 3440 5172 exposcis;
3471 5117 3536 5156 eo
3569 5100 3671 5155 de-

2031 5197 2206 5268 nique
2235 5196 2430 5251 animo
2461 5210 2590 5250 esse
2619 5191 2854 5249 debebis
2886 5196 2948 5247 ut
2977 5190 3122 5246 nihil
3154 5205 3355 5245 eorum
3386 5205 3512 5261 qua
3559 5191 3668 5246 Deo

2029 5285 2336 5357 displicent
2391 5283 2569 5339 facias
2608 5286 2708 5336 aut
2765 5279 3082 5347 mediterls,
3114 5280 3228 5334 imo
3285 5278 3344 5333 in
3398 5277 3668 5334 omnibus

2033 5375 2207 5430 unius
2239 5372 2337 5429 Dei
2361 5378 2506 5428 nutu
2540 5376 2713 5442 atque
2743 5368 3023 5441 auspiciis
3052 5369 3308 5424 incedas.

2097 5726 2149 5780 3.
2181 5723 2360 5798 Igitur
2387 5726 2700 5796 antequam
2747 5721 2808 5777 in
2862 5722 3095 5777 ceteros
3125 5718 3405 5777 dominari
3460 5733 3668 5790 praesu-
