4062 6308
421 370 534 434 451

430 600 578 650 esto.
611 595 715 657 Qui
749 594 900 650 enim
933 594 1016 650 ita
1057 597 1356 667 gubernat,
1395 596 1650 667 privatus
1691 597 1960 667 quamvis
1989 596 2070 650 sit

433 684 703 739 omnibus
737 684 965 753 regibus
989 686 1083 753 qui
1118 702 1229 740 non
1263 686 1371 740 isto
1403 701 1575 757 quem
1609 685 1881 751 diximus,
1907 687 2075 740 modo

431 779 675 845 regnant
696 774 1386 845 anteponendus,quippe
1409 777 1508 845 qui
1541 776 1764 846 optimo
1797 773 2075 845 regnandi

431 879 639 933 genere
671 867 904 928 utatur;
939 864 996 917 in
1030 879 1146 934 quo
1179 865 1225 918 si
1260 871 1582 934 perseverat
1628 864 1916 933 duplicem
1952 879 2075 916 rec-

429 951 570 1004 toris
605 951 833 1004 titulnm
888 958 1210 1021 nuncupat,
1239 955 1439 1021 utpote
1487 950 1588 1022 qui
1638 956 1690 1004 et
1722 950 1994 1004 libidines
2022 956 2078 1003 et

435 1038 694 1094 homines
742 1040 1063 1109 perdomat.
1117 1039 1223 1104 Qui
1273 1046 1494 1106 autem,
1546 1046 1847 1108 postquam
1897 1037 2077 1093 semel

436 1126 828 1198 voluptatibus
848 1128 1183 1188 indulsit,is
1215 1127 1323 1183 sibi
1350 1145 1479 1184 esse
1507 1128 1737 1182 videtur
1766 1127 1861 1197 qui
1894 1127 2080 1181 homi-

438 1219 899 1290 nibusimperel,
933 1218 1103 1289 plane
1160 1218 1376 1274 oblitus
1435 1225 1524 1273 est
1580 1235 1641 1272 se
1694 1219 1752 1272 in
1811 1217 2078 1273 maximis

435 1309 610 1364 rebus
667 1325 896 1363 servum
957 1325 1104 1377 esse,
1139 1309 1196 1362 in
1258 1310 1511 1363 minimis
1568 1308 1914 1374 dominum;
1961 1307 2078 1362 imo

431 1397 580 1465 quod
613 1397 942 1468 cuicunque
972 1397 1192 1468 vulgari
1250 1398 1481 1452 servitio
1533 1397 1591 1450 in
1624 1413 1733 1466 quo
1773 1396 1961 1450 virtus
1991 1397 2082 1450 est

429 1485 668 1541 inferior
695 1492 806 1553 est,
839 1486 1126 1557 siquidem
1162 1501 1312 1540 unus
1358 1484 1756 1556 voluptatibus
1788 1486 1961 1539 servit
1990 1484 2080 1538 al—

432 1579 522 1629 ter
548 1577 783 1630 easdem
844 1577 1168 1646 perdomat.
1200 1575 1256 1628 Si
1310 1575 1490 1646 igitur
1547 1575 1598 1630 is
1633 1575 1731 1644 qui
1792 1589 1855 1628 se
1913 1572 2077 1644 regit,

442 1663 585 1718 alios
614 1679 845 1734 quoque
879 1665 1024 1734 regit
1068 1673 1119 1718 et
1151 1664 1199 1718 is
1221 1663 1315 1732 qui
1341 1663 1485 1718 alios
1535 1663 1771 1733 quidem
1796 1663 2084 1734 gubernat

441 1770 500 1808 se
529 1753 720 1824 ipsum
753 1758 944 1808 autem
990 1753 1244 1819 minime,
1279 1769 1514 1823 prorsus
1565 1770 1677 1807 non
1727 1758 1816 1807 est
1869 1768 2081 1822 regere,

444 1844 544 1898 sed
573 1843 909 1914 turpissime
940 1842 1151 1898 servire
1183 1853 1234 1896 et
1263 1842 1605 1897 libidinibus
1638 1841 1908 1896 omnibus
1939 1841 2082 1895 sub-

436 1932 660 2001 jectum
719 1948 866 1987 esse.
918 1932 1216 2001 Ejusmodi
1267 1929 1422 1986 enim
1491 1933 1663 1986 homo
1712 1932 1768 1984 in
1819 1930 2088 1985 homines

441 2020 796 2084 dominator,
827 2021 918 2075 sui
950 2021 1135 2092 ipsius
1166 2024 1359 2074 autem
1394 2037 1598 2075 servus
1630 2025 1733 2076 est.
1770 2020 1856 2074 Tu
1891 2024 2085 2074 autem

397 2106 399 2108 ’
439 2110 778 2181 imperator,
811 2126 925 2165 non
978 2110 1186 2165 horum
1231 2109 1599 2176 alterutrum,
1631 2110 1731 2164 sed
1786 2115 2090 2178 utramque

442 2203 665 2269 partem
699 2199 865 2271 sequi
900 2199 1134 2265 videris,
1164 2199 1633 2270 quandoquidem
1667 2201 1788 2252 tute
1819 2197 1874 2251 id
1903 2195 2089 2252 facere

443 2293 624 2360 potes.

517 2471 571 2524 4.
603 2469 685 2524 Tu
719 2486 847 2524 vero
879 2469 980 2540 qui
1030 2470 1230 2524 eodem
1283 2485 1414 2523 cum
1466 2469 1810 2538 imperatore
1858 2464 2090 2522 nomine

448 2577 824 2649 nuncuparis,
850 2582 914 2633 ut
943 2594 1047 2647 ego
1066 2578 1298 2648 quidem
1330 2575 1498 2648 plane
1516 2592 1854 2647 persuasum
1889 2576 2088 2646 habeo,

442 2685 712 2740 virtutem
747 2685 876 2756 ejus
907 2701 1008 2756 pro
1054 2683 1207 2738 virili
1256 2691 1413 2753 parte
1461 2682 1729 2752 aemulus,
1761 2683 2088 2740 humanum

427 2789 501 2842 .te
532 2793 583 2840 et
619 2788 988 2840 mansuetum
1013 2784 1198 2854 quoad
1233 2782 1780 2850 mores,exhibebis,
1802 2781 2090 2838 affabilem

447 2899 591 2953 item
621 2905 678 2954 et
709 2899 868 2953 aditu
905 2896 1696 2967 facilem.Quantumcunque
1725 2896 1877 2951 enim
1902 2900 2093 2952 aucto-

453 2999 624 3053 ritate
653 3014 686 3052 a
715 2997 937 3053 caeteris
969 2996 1224 3063 differas,
1250 2995 1588 3052 benevolum
1623 2997 2006 3052 nihilominus
2030 3013 2094 3053 ac

457 3111 760 3179 paternum
795 3107 1057 3161 animum
1089 3121 1227 3177 erga
1247 3121 1448 3160 omnes
1469 3107 1739 3162 ostendes
1760 3106 1818 3161 in
1853 3106 2097 3178 negotiis

454 3214 584 3272 aliis
616 3229 790 3285 quam
824 3229 948 3284 quae
979 3229 1113 3268 cum
1145 3213 1356 3268 exteris
1388 3212 1741 3281 civitatibus,
1774 3229 1907 3268 cum
1941 3213 2100 3268 dele-

453 3326 626 3398 gatis,
659 3340 783 3379 cum
815 3323 1024 3380 exteris
1060 3329 1289 3380 tractas.
1324 3323 1485 3379 Tunc
1533 3323 1684 3380 enim
1735 3323 2097 3395 gravitatem,

460 3432 802 3504 dignitatem
825 3436 883 3486 et
906 3435 1154 3486 mentem
1187 3447 1221 3485 a
1250 3429 1516 3500 superbia
1550 3447 1664 3485 non
1699 3447 1931 3500 prorsus
1966 3430 2102 3486 alie-

469 3555 603 3596 nam
639 3555 752 3608 pra:
786 3554 847 3593 se
879 3538 1028 3594 feras
1050 3537 1349 3607 oportebit.
1378 3538 1464 3591 Ita
1484 3539 1635 3592 enim
1663 3537 1834 3593 unius
1865 3538 2104 3608 quidem

469 3636 909 3694 admirationem
949 3635 1223 3703 movebis,
1257 3635 1494 3690 alterius
1525 3639 1717 3689 autem
1763 3634 2108 3690 benevolen-

455 3747 604 3801 tiam
637 3742 920 3816 captabis.
947 3751 1000 3797 et
1033 3742 1130 3797 ubi
1162 3759 1267 3814 per
1289 3742 1460 3797 hosce
1489 3743 1634 3798 duos
1669 3743 2103 3799 multitudinem

454 3843 646 3914 ipsam
705 3841 810 3896 tibi
870 3839 1290 3909 conciliaveris,
1339 3855 1529 3896 rerum
1590 3846 1825 3896 tuarum
1893 3841 2108 3896 arbiter

451 3949 657 4016 factus,
711 3947 1086 4002 insidiatores
1118 3951 1176 4002 et
1224 3946 1543 4002 invidiosus
1597 3947 1854 4018 subiges.
1889 3947 1996 4003 Pro
2041 3963 2108 4002 ea

452 4049 609 4105 enim
641 4064 758 4119 qua
803 4063 864 4104 es
905 4048 1265 4102 humanitate
1316 4063 1407 4102 res
1455 4047 1535 4102 ita
1574 4047 2011 4102 administrabis
2042 4062 2107 4102 ac

451 4156 772 4212 distribues
803 4160 869 4208 ut
896 4153 970 4207 iis
1000 4154 1162 4225 ipsis,
1197 4155 1294 4224 qui
1329 4158 1589 4208 extrema
1639 4170 1865 4224 quoque
1909 4159 2109 4210 contra

455 4259 512 4309 te
541 4251 1056 4317 machinabuntur,
1079 4250 1321 4305 crimine
1343 4250 1629 4306 absolutis
1661 4250 1956 4307 beneficus
1978 4267 2105 4306 eva-

459 4362 586 4416 das.
621 4361 775 4426 Quos
807 4357 905 4413 ubi
942 4358 1026 4413 sic
1057 4357 1475 4424 emendaveris,
1507 4356 1610 4411 tibi
1659 4358 1839 4412 fecisti
1873 4356 2109 4413 amicis-

463 4461 666 4516 simos.
692 4462 801 4514 Nec
833 4457 1041 4512 mirum
1069 4474 1081 4525 ;
1115 4455 1215 4511 alii
1245 4457 1400 4512 enim
1448 4456 1604 4527 quod
1636 4461 1962 4511 metuerant
1994 4471 2107 4512 non

465 4570 604 4622 sunt
635 4563 890 4635 experti;
939 4561 1036 4618 alii
1093 4579 1219 4635 quae
1281 4579 1511 4634 sperare
1568 4579 1680 4617 non
1739 4562 1866 4617 ausi
1923 4568 2106 4626 erant,

465 4674 840 4746 obtigerunt;
873 4673 970 4743 qui
1001 4688 1205 4727 omnes
1245 4671 1349 4726 tibi
1381 4675 1442 4726 ut
1491 4671 1839 4726 benefactori
1889 4669 2106 4742 sempi-

459 4779 657 4829 ternas
689 4770 986 4827 habebunt
1015 4769 1234 4839 gratias
1269 4785 1282 4836 ;
1315 4768 1486 4824 iidem
1521 4784 1652 4824 vero
1683 4785 1877 4824 moves
1911 4772 2111 4823 muta-

467 4883 635 4947 bunt,
694 4885 854 4935 tuam
914 4879 985 4933 de
1024 4876 1168 4948 ipsis
1224 4877 1574 4932 sententiam
1631 4885 1891 4932 verentes
1942 4881 2000 4931 et
2039 4875 2111 4932 ob

465 4985 664 5043 oculos
696 4993 977 5056 ponentes
1000 5000 1127 5055 quae
1159 4985 1354 5039 futura
1385 4983 1459 5039 sit
1488 5001 1613 5040 sors
1644 4984 1903 5055 ipsorum
1939 4993 1987 5039 te
2021 4984 2114 5040 do-

469 5085 652 5152 mino,
675 5084 773 5156 qui
806 5083 1174 5155 peccantibus
1203 5082 1477 5153 ignoscis,
1503 5083 1732 5153 quando
1760 5083 2115 5155 benignitate

469 5197 570 5249 tua
601 5191 712 5247 frui
771 5208 1013 5264 prorsus
1069 5189 1287 5247 licebit.
1323 5189 1406 5244 Ita
1459 5190 1615 5246 enim
1675 5207 1736 5245 se
1792 5206 1877 5245 res
1919 5190 2114 5246 habet.

466 5292 711 5356 Quando
746 5289 925 5346 semel
959 5290 1330 5362 peccantibus
1385 5289 1638 5362 ignoscis
1684 5305 1811 5360 qua:
1845 5288 1978 5345 boni
2010 5289 2117 5343 viri

475 5403 616 5454 sunt
642 5399 784 5454 facis
814 5397 983 5453 multi
1015 5403 1068 5453 te
1098 5397 1581 5468 comprobabunt.
1615 5397 1774 5462 Quod
1822 5397 1870 5452 si
1924 5401 2116 5452 autem

472 5504 546 5562 iis
577 5505 840 5575 indulges
871 5505 968 5576 qui
999 5503 1260 5576 graviora
1293 5519 1463 5576 quam
1500 5520 1626 5574 quae
1671 5501 1948 5559 oblivioni
1993 5503 2120 5560 dari

548 5684 625 5760 (a)
656 5686 792 5742 Cod.
826 5685 928 5749 οἷς.

1723 371 2125 435 THEODULI
2170 367 2517 434 MONACHI

429 521 569 571 mes,
599 509 828 561 tuarum
859 506 1046 576 ipsius
1079 523 1378 578 pravarum
1427 507 1738 563 libidinum
1788 507 2063 562 dominus

2206 504 2481 560 ἱασιλεύειν
2515 503 2716 560 ἐθέλειν
2759 501 2947 582 ἄρχων
2976 505 3158 558 παθῶν
3195 523 3207 538 ’

3699 369 3810 431 452

3259 505 3288 559 6
3332 505 3423 577 μὲν
3467 506 3570 580 γὰρ
3620 510 3812 561 τοῦτον

2185 595 2370 668 ἅρχων
2415 594 2506 648 τόν
2555 593 2780 668 τρόπον,
2811 593 2899 648 ἐάν
2943 615 3000 647 τε
3041 590 3268 664 ἰδιώτης
3294 592 3352 667 ᾗ,
3402 597 3620 648 πάντων
3671 596 3818 668 βασι-

2186 683 2324 738 λέων
2385 684 2460 754 μὴ
2533 683 2699 757 ταύτῃ
2779 680 3133 754 διακειμένων
3188 681 3329 738 ἐστιν
3403 684 3663 756 ἀμείνων,
3716 686 3810 753 τὴν

2183 771 2484 840 καλλίστην
2528 771 2617 825 καὶ
2661 769 3001 842 τελεωτάτην
3049 771 3138 826 καὶ
3199 773 3264 841 ἢν
3315 771 3374 825 ἃν
3429 772 3582 840 αὐτῷ
3637 772 3820 826 συνεύ-

2185 861 2331 934 ξαιτό
2360 883 2443 923 τις
2495 859 2680 936 ἄρχων
2731 861 2911 936 ἀρχήν
2946 881 2960 896 ο
3013 861 3099 916 ἐάν
3131 883 3188 917 τε
3223 861 3300 923 εἷς
3351 862 3551 923 αὐτοὺς
3601 863 3820 924 τούτους

2185 950 2340 1015 τελῇ,
2375 948 2604 1005 διπλοῦν
2655 949 2868 1028 φέρεται
2917 948 3136 1024 κράτος,
3167 952 3351 1005 παθῶν
3397 971 3454 1005 τε
3495 955 3584 1004 καὶ
3620 951 3821 1024 ἀνθρώ-

2185 1062 2301 1094 πων
2357 1044 2570 1114 κρατῶν
2605 1058 2618 1072 ⁸
2679 1041 2738 1102 ὃς
2797 1037 2854 1095 δὲ
2928 1038 3152 1109 ἡδοναῖς
3208 1041 3444 1113 καθάπαξ
3524 1038 3820 1109 δουλεύων,

2185 1128 2482 1202 ἀνθρώπων
2534 1134 2855 1199 προστατεῖν
2917 1127 3086 1184 ο⁹ίεται
3149 1126 3278 1198 δεῖν,
3319 1131 3480 1190 οὗτος
3538 1129 3600 1184 οὐ
3664 1132 3820 1200 μόνον

2190 1216 2422 1286 λέληθεν
2467 1217 2649 1272 ἐαυτὸν
2695 1216 2748 1271 ἐν
2801 1218 2895 1289 μὲν
2944 1223 3060 1280 τοῖς
3111 1220 3393 1292 μεγίστοις
3443 1216 3739 1288 δουλεύων,
3770 1216 3822 1272 έν

2190 1306 2245 1361 δὲ
2275 1312 2390 1368 τοῖς
2421 1305 2642 1375 ἥττοσιν
2692 1305 2902 1381 ἄρχων,
2933 1304 3080 1361 ἀλλὰ
3119 1307 3206 1361 καὶ
3253 1306 3455 1362 δούλου
3488 1309 3686 1367 παντὸς
3734 1309 3822 1380 ἀρ-

2187 1397 2506 1471 γυρωνήτου
2587 1395 2958 1474 προσέχοντος
3043 1396 3207 1470 ἀρετῇ
3298 1396 3630 1451 παντάπασίν
3717 1395 3822 1450 ἐστι

2191 1484 2410 1559 χείρων,
2444 1483 2594 1559 εἷ’περ
2627 1485 2654 1538 ὁ
2707 1485 2800 1550 μὲν
2845 1482 3069 1554 ἡδοναῖς
3118 1483 3293 1554 δήπου
3345 1483 3646 1552 δουλεύων,
3695 1485 3721 1538 6
3769 1480 3823 1538 δὲ

2188 1573 2448 1648 κρείττων
2510 1571 2651 1626 ἐστὶν
2711 1570 2941 1642 ἡδονῶν.
2991 1572 3055 1629 Εἰ
3103 1573 3282 1628 τοίνυν
3339 1573 3400 1627 τὸ
3463 1574 3560 1645 μὲν
3615 1577 3822 1645 κρατεῖν

2190 1663 2382 1718 ἑαυτοῦ
2427 1663 2517 1716 καὶ
2563 1665 2670 1717 τῶν
2717 1660 2906 1718 ἄλλων
2960 1663 3070 1717 ἐστι
3113 1668 3345 1737 κρατεῖν,
3395 1663 3457 1717 τὸ
3508 1659 3555 1716 δ’
3614 1661 3678 1715 αὖ
3721 1661 3824 1714 τῶν

2195 1751 2382 1807 ἄλλων
2418 1753 2581 1824 μόνον
2625 1757 2860 1826 κρατεῖν,
2890 1752 3081 1806 ἑαυτοῦ
3113 1749 3172 1806 δὲ
3195 1753 3316 1825 ,μή,
3350 1749 3465 1806 οὐδ’
3515 1745 3657 1805 ἔστιν
3688 1749 3825 1810 ὅλως

2193 1846 2425 1914 κρατεῖν,
2467 1839 2613 1894 ἀλλᾶ
2660 1837 2932 1895 δουλεύειν
2979 1841 3053 1902 ὡς
3099 1838 3372 1915 α’ίσχιστα,
3423 1840 3517 1893 καὶ
3566 1835 3824 1893 παντοδα-

2195 1935 2320 1991 ποῖς
2378 1931 2597 1984 πάθεσιν
2656 1929 2903 2004 αἰσχρῶς
2965 1931 3302 1999 ὑποκεῖσθαι,
3352 1926 3680 1997 δεσπόζοντα
3737 1927 3824 2000 μὲν

2195 2019 2517 2091 ἀνθρώπων,
2565 2017 2774 2072 οτίκοθεν
2823 2016 2882 2072 δὲ
2939 2015 3334 2089 δεσποζόμενον
3367 2036 3380 2049 ’
3439 2018 3542 2072 οὐκ
3598 2017 3657 2071 ἄν
3714 2016 3826 2071 ποτ’

2197 2107 2356 2170 αὐτός
2409 2128 2500 2180 μοι
2551 2105 2748 2175 δοκεῖς,
2783 2107 2828 2161 ὦ
2881 2107 3124 2181 βασιλεῦ,
3158 2105 3377 2180 θάτερον
3430 2108 3596 2179 μόνον
3644 2106 3828 2173 ἐθελῆ-

2199 2219 2284 2252 σαι
2315 2192 2485 2268 ἔχειν,
2521 2195 2662 2269 μηδέ
2707 2198 2858 2252 τοῦθ’
2908 2196 3055 2258 ὅλως
3104 2194 3274 2274 ἔχειν,
3324 2194 3539 2268 μᾶλλον
3591 2193 3647 2249 δὲ
3692 2193 3829 2248 τοῦτ’

2195 2289 2294 2356 τὴν
2348 2285 2520 2360 χείρω
2577 2283 2730 2356 δόξαν
2794 2285 3034 2360 ὑπέχειν,
3092 2285 3204 2356 ἐξὸν
3260 2284 3427 2363 ἄμφω
3487 2287 3642 2340 ταῦτ’
3693 2278 3829 2356 ἔχειν

2198 2373 2453 2450 ἀσφαλῶς
2485 2375 2572 2427 καὶ
2609 2368 2860 2448 βεϐαίως.

2272 2460 2334 2518 δ’.
2370 2461 2542 2519 Ἀλλά
2589 2467 2684 2517 τοῦ
2729 2461 2972 2539 μεγάλου
3019 2460 3290 2524 Βασιλέως
3341 2463 3565 2537 ἐπείπερ
3618 2463 3832 2535 ὁμώνυ-

2204 2574 2305 2625 μος
2339 2553 2407 2622 εἴ,
2458 2549 2752 2614 σπουδάσες
2782 2551 2838 2606 εὖ
2882 2550 3008 2606 οῖδα
3052 2553 3141 2606 καὶ
3187 2553 3384 2607 τούτου
3442 2552 3700 2624 ζηλωτὴς
3747 2571 3831 2626 γε·

2201 2640 2412 2714 γονέναι
2459 2640 2593 2695 κατά
2621 2642 2683 2694 τὸ
2732 2641 2822 2694 σὸν
2860 2637 3200 2709 δεδυνῆσθαι,
3235 2640 3580 2714 χρηστότητι
3629 2639 3719 2712 μὲν
3747 2636 3828 2691 καὶ

2202 2730 2462 2801 ἐπιεικείᾳ
2505 2731 2722 2802 τρόπων
2770 2729 3113 2804 κεχρημένος
3161 2730 3296 2803 πρὸς
3353 2728 3575 2796 πάντας,
3626 2727 3712 2782 καὶ
3757 2728 3829 2796 τῷ

2204 2820 2339 2892 μετά
2363 2817 2579 2874 πολλοῦ
2627 2818 2719 2879 τὰς
2771 2817 3024 2888 ἐντεύξεις
3069 2821 3386 2873 ποιεῖσθαι·
3440 2821 3691 2894 σχήματι
3743 2815 3827 2888 μὲν

2203 2905 2473 2984 διαφέρων
2502 2911 2610 2961 τῶν
2665 2906 2876 2974 ἄλλων,
2905 2912 2984 2979 τῲ
3035 2905 3082 2961 δ’
3111 2908 3307 2981 ἡμέρῳ
3343 2914 3444 2976 τῆς
3498 2908 3720 2982 γνώμης
3761 2902 3828 2964 εἷς

2202 2996 2406 3071 πατέρα
2438 2995 2586 3070 σφίσι
2633 2994 2806 3051 τελῶν
2842 3013 2856 3028 °
2905 2993 3050 3064 πλὴν
3089 2996 3139 3050 εἷ’
3186 2993 3412 3050 πόλεσιν
3455 2996 3492 3065 ἢ
3544 2988 3824 3068 πρεσϐείαις

2204 3086 2239 3154 ἢ
2272 3081 2445 3140 ἔθνεσι
2478 3086 2587 3140 τισὶ
2635 3086 2998 3161 χρηματίζεις
3033 3104 3046 3118 ⁸
3097 3085 3218 3140 τότε
3258 3087 3364 3160 γάρ
3411 3106 3502 3140 σοι
3541 3087 3628 3140 καὶ
3681 3099 3818 3156 μεγα-

2207 3174 2552 3253 λοφροσύνης
2601 3175 2674 3237 ὡς
2734 3175 2953 3247 μάλιστ’
2995 3175 3384 3230 ἀντιποιεῖσθαι
3443 3163 3820 3251 προσήκεικαὶ

2130 3259 2172 3324 C
2209 3266 2271 3320 τὸ
2303 3265 2496 3338 σεμνόν
2523 3286 2581 3319 τε
2627 3264 2715 3319 καὶ
2747 3263 2910 3338 ὄγκου
2956 3265 3124 3340 γέμον
3155 3271 3254 3333 τῆς
3296 3264 3528 3339 γνώμης
3573 3262 3699 3336 μετὰ
3739 3262 3824 3324 τῆς

2213 3355 2522 3429 προσούσης
2571 3354 2859 3417 ἐπιεικείας
2905 3353 3170 3409 δεικνύναι
3201 3375 3220 3391 ο
3273 3354 3347 3416 ὡς
3396 3353 3458 3408 ἂν
3511 3358 3590 3425 τῷ
3634 3352 3721 3424 μὲν
3759 3345 3830 3401 έκ-

2212 3443 2481 3518 πλήττῃς,
2528 3448 2607 3515 τῷ
2655 3441 2702 3498 δ’
2749 3442 2826 3507 εἷς
2873 3440 3079 3498 εὔνοιαν
3123 3440 3310 3515 ἕλκῃς,
3353 3442 3445 3498 καὶ
3501 3440 3569 3497 δι’
3609 3437 3831 3517 ἀμφοτὲ-

2218 3554 2324 3609 ρωο
2365 3535 2512 3589 οὕτω
2545 3538 2753 3605 σεαυτῷ
2799 3535 2997 3596 πάντας
3039 3531 3324 3604 συνδήσας,
3364 3533 3440 3594 ὡς
3473 3531 3564 3588 καὶ
3613 3530 3669 3585 ἂν
3714 3527 3832 3599 ὑπὲρ

2216 3629 2315 3678 σοῦ
2357 3625 2657 3698 προθύμως
2707 3622 2942 3694 ἑλέσθαι,
2990 3624 3259 3698 ἀνώτερος
3308 3621 3488 3692 πάσης
3537 3618 3831 3690 ἡστινοσοῦν

2214 3709 2516 3778 ἐπιϐουλῆς
2563 3711 2686 3783 ε’ίης
2731 3713 2820 3768 καὶ
2872 3712 3070 3790 φθόνου
3102 3730 3115 3745 ’
3180 3710 3565 3789 φιλανθρωπίᾳ
3611 3707 3656 3763 δ’
3703 3703 3832 3760 οὕτω

2214 3824 2266 3857 τι
2315 3802 2513 3874 νέμων,
2546 3801 2622 3864 ὡς
2671 3801 2762 3855 καὶ
2812 3800 2941 3863 τοὺς
2988 3802 3054 3856 τὰ
3102 3795 3306 3874 ἔσχατα
3353 3799 3490 3854 κατὰ
3537 3801 3631 3852 σοῦ
3681 3811 3835 3868 μεμε-

2217 3891 2516 3962 λετηκότας
2549 3889 2654 3965 οὐχ
2698 3888 2846 3951 ὅπως
2897 3888 3158 3960 ἐπεξιέναι
3185 3909 3244 3943 τε
3288 3887 3378 3942 καὶ
3408 3887 3668 3955 κπλάζειν
3713 3879 3836 3936 κατὰ

2216 3980 2342 4042 τοὺς
2387 3979 2610 4052 νόμους,
2657 3977 2771 4033 οὐδ’
2819 3977 2996 4040 αἰτίας
3047 3977 3238 4040 ἁπλῶς
3287 3976 3524 4055 ἀφιέναι,
3575 3972 3716 4028 ἀλλὰ
3755 3969 3838 4024 καὶ

2215 4075 2389 4126 ποιεῖν
2433 4068 2488 4124 εῦ
2523 4088 2536 4101 ·
2583 4069 2724 4141 ὁμοῦ
2778 4069 2873 4141 μὲν
2924 4066 3175 4140 ἂμείνους
3215 4066 3450 4121 ἐντεῦθεν
3511 4064 3700 4123 αὐτοὺς
3745 4078 3842 4113 κα-

2217 4159 2423 4226 θιστὰς,
2451 4160 2596 4232 ὁμοῦ
2649 4155 2826 4212 δὲκαὶ
2873 4155 3134 4228 πλείστην
3185 4157 3316 4226 ὅσην
3369 4153 3578 4210 εὔνοιαν
3621 4152 3678 4206 ἐκ
3724 4145 3840 4203 τού-

2215 4271 2324 4304 των
2356 4248 2777 4321 παρασκευάζων
2823 4250 3002 4316 σαυτῷ
3034 4266 3047 4280 ·
3102 4245 3154 4300 οἱ
3186 4245 3396 4322 (1)-γὰρ
3447 4245 3559 4318 οὐχ
3587 4242 3619 4296 ἃ
3662 4255 3841 4314 προσε-

2219 4336 2454 4408 δόκησαν
2501 4336 2854 4404 πεπονθότες,
2888 4335 2941 4389 oi
2989 4332 3045 4388 δὲ
3073 4334 3164 4388 καὶ
3213 4335 3285 4388 ὧν
3333 4335 3398 4388 οὐ
3446 4327 3838 4407 προσεδόκησαν

2215 4425 2435 4504 ἔτυχον,
2469 4424 2554 4479 σοί
2583 4445 2641 4479 τε
2680 4421 2868 4499 σφόδρ’
2900 4421 3041 4478 εὖνοι
3087 4423 3179 4477 τὸν
3222 4423 3411 4478 ἅπαντ’
3461 4417 3668 4476 ἔσονται
3709 4412 3834 4489 χρό·

2216 4502 2350 4576 νονέ-
2381 4513 2470 4568 καὶ
2530 4515 2608 4576 ὡς
2663 4512 2806 4576 εἰκὸς
2867 4512 3120 4590 εὐεργέτῃ
3184 4513 3345 4588 χάριν
3401 4509 3607 4582 ἕξουσιν
3661 4502 3838 4590 ἐσαεὶ·

2218 4603 2368 4659 αὐτοί
2420 4625 2478 4659 τε
2533 4605 2670 4677 πρὸς
2726 4605 2786 4658 τὸ
2857 4602 3223 4677 χρηστότερον
3285 4601 3337 4656 έν
3393 4601 3550 4676 τάχει
3621 4586 3839 4670 μεταϐα-

2220 4693 2400 4763 λοῦσι,
2451 4696 2552 4765 τήν
2595 4714 2656 4748 τε
2703 4694 2803 4761 σὴν
2863 4692 2938 4754 εἰς
2987 4691 3181 4753 αὐτοὺς
3238 4687 3553 4763 αἰδούμενοι
3601 4685 3836 4760 γνώμην,

2218 4784 2308 4838 καὶ
2338 4779 2561 4858 προσέτι
2605 4783 2930 4850 ἐννοοῦντες,
2962 4783 3036 4845 ὡς
3083 4780 3128 4835 εἰ
3157 4784 3255 4835 τοῦ
3283 4780 3656 4852 πονηροτάτου
3702 4771 3838 4842 κόμ-

2224 4893 2392 4945 ματος
2434 4868 2602 4937 ὄντες,
2636 4871 2808 4934 οὕτως
2850 4872 3108 4945 εὐμενοῦς
3150 4866 3345 4943 ἔτυχον
3376 4876 3476 4938 τῆς
3515 4873 3610 4935 σῆς
3653 4861 3837 4930 δεξιᾶς,

2219 4961 2270 5016 τί
2303 4963 2426 5016 ποτ’
2473 4961 2534 5015 ἂν
2584 4962 2828 5030 πάθοιεν,
2875 4959 3175 5015 καλλίστου
3224 4959 3313 5014 καὶ
3363 4956 3648 5031 θεοφιλοῦς
3691 4965 3839 5025 γεγο-

2221 5050 2410 5120 νύτες;
2460 5048 2574 5126 ἔχει
2624 5050 2725 5124 γὰρ
2777 5049 2950 5113 οὕτως
2979 5067 2995 5082 ⁸
3046 5047 3092 5103 ei
3143 5048 3239 5122 μὲν
3286 5051 3402 5108 τοῖς
3458 5043 3840 5118 ἁμαρτάνουσιν

2225 5139 2414 5202 ἁπλῶς
2467 5123 2874 5216 ξυγγινώσκεις,
2924 5137 3269 5212 εὐγνώμονος
3324 5133 3517 5209 ἂνδρὸς
3561 5130 3707 5205 ἔργον
3757 5123 3840 5198 ἐρ-

2223 5231 2383 5305 γάζῃ,
2430 5229 2521 5284 καὶ
2567 5229 2859 5292 κοινωνοὺς
2907 5230 3010 5282 οὐκ
3051 5226 3275 5302 ὀλίγους
3322 5222 3548 5294 ταυτησὶ
3594 5222 3692 5284 τῆς
3717 5231 3838 5288 προ·

2227 5319 2482 5390 αιρέσεως
2509 5316 2719 5396 τίσχεις.
2751 5319 2912 5372 ’Ότάν
2945 5314 3004 5371 δέ
3040 5315 3168 5378 τοὺς
3198 5314 3426 5392 κρείττω
3455 5305 3835 5396 πλημμελοξὶης·

2226 5389 2320 5468 τὰς
2380 5389 2727 5483 συγγνώμης,
2774 5405 2938 5463 ἔπειτ’
2997 5405 3158 5469 αὐτὸς
3215 5389 3537 5480 συγγνώμης
3594 5395 3690 5453 οἵει
3726 5389 3841 5483 δεῖν

2228 5501 2430 5572 ἀξιοῦν,
2473 5499 2611 5575 πρὸς
2651 5503 2731 5571 τῷ
2779 5497 3058 5554 τοσούτων
3086 5497 3175 5552 καὶ
3223 5493 3562 5564 τηλικούτων
3611 5489 3681 5543 ὧν
3724 5481 3840 5559 ἔφην
