4062 6308
215 427 316 493 453

1371 421 1667 486 ORATIO
1708 425 1805 485 DE
1851 422 2078 488 REGIS
2119 422 2473 486 OFFICIIS.

3485 416 3601 482 454

215 567 378 634 σαυτῷ
422 582 483 616 τε
532 558 800 618 κάκείνοις
848 554 1027 620 α’ίτιος
1073 554 1352 631 γεγονέναι
1399 554 1490 608 καὶ
1534 561 1635 623 τῆς
1702 556 1876 631 ἀπα-γ

1988 558 2184 613 ιοεεὶῐιι
2214 561 2340 628 post
2367 559 2452 611 tot
2477 559 2533 609 et
2569 559 2729 610 tanta
2763 553 2819 608 in
2869 567 2965 608 eos
2995 551 3276 607 beneﬁcia
3321 550 3603 607 honoriﬁ-

216 657 306 706 σῶν
375 653 639 724 μεγίστης
694 649 1063 722 προσηγορίας
1140 647 1452 720 τυγχάνεις,
1547 644 1850 708 θεοείκελός

214 761 284 800 τις
312 741 401 793 καὶ
445 736 522 792 ὢν
571 737 662 790 καὶ
724 737 1026 810 βοώμετος.
1073 733 1174 790 Καὶ
1222 735 1273 787 τί
1329 738 1512 804 μεῖζον
1562 733 1618 787 ἃν
1653 733 1731 795 εἷς
1762 733 1847 787 εῦ-

214 825 488 901 δαιμονίαν
525 827 810 895 ζητήσαις,
858 825 892 894 ἢ
943 823 1070 878 Θεὸν
1123 819 1196 876 δι’
1236 819 1309 874 ὥν
1367 820 1512 876 οὕτω
1560 821 1852 900 φικανθρώ-

213 938 316 978 πως
341 915 532 994 ’ἴσχεις
579 914 818 984 ἀκούειν,
858 913 1056 982 θνητὸς
1105 911 1357 987 πεφυκώς
1392 930 1406 979 ;
1461 912 1702 979 καὶτῆς
1732 910 1852 964 καθ’

213 1012 348 1081 ἡμᾶς
390 1009 598 1068 σύσεως
647 1006 908 1080 γεγονὼς,
966 1004 1082 1057 εἶτα
1138 1001 1422 1076 περιουσίᾳ
1469 1001 1853 1077 Χρηστότητος

215 1098 366 1169 δόξης
400 1097 668 1153 ἀθανάτου
699 1096 1065 1170 κληρονομῶν
1104 1112 1120 1161 ;

276 1189 330 1242 ε’.
393 1187 493 1242 Καὶ
564 1186 803 1259 μάλιστα
857 1181 904 1237 εἶ
972 1203 1056 1236 σοι
1122 1185 1383 1236 τοσοῦτον
1433 1181 1852 1257 μεγαλοψυχίας

215 1277 503 1350 περίεστιν,
537 1276 613 1337 ὡς
648 1271 818 1347 μηδὶν
861 1269 1157 1347 μηδοτιοῦν
1200 1271 1344 1346 παρά
1388 1269 1615 1345 μηδενὸς
1675 1271 1854 1342 ἀξιοῦν

217 1367 534 1440 τοπαράπαν
590 1358 912 1436 λαμϐάνειν,
974 1358 1114 1434 μηδέ
1168 1358 1595 1436 δῳροφορεῖσθαι
1654 1358 1740 1415 διά
1795 1360 1857 1414 τὸ

216 1462 430 1532 σχῆμα,
490 1455 729 1526 καθάπερ
789 1453 840 1506 οἱ
897 1451 1156 1527 πρόσθεν,
1213 1449 1340 1506 ἀλλ’
1395 1451 1542 1512 ὅπως
1606 1447 1657 1504 δι
1730 1449 1860 1505 αὐτὸ

214 1545 366 1600 τοῦτο
416 1542 632 1616 μᾶλλον
681 1540 916 1603 ἅπαντας
977 1542 1216 1601 εὑποιεῖς
1251 1560 1264 1572 ·
1300 1538 1455 1614 ε’ίπερ
1511 1545 1572 1594 τὸ
1615 1541 1708 1612 μὲν
1758 1541 1856 1613 βα-

216 1634 421 1689 σιλικόν
454 1654 514 1686 τε
568 1631 658 1686 καὶ
713 1629 1126 1704 μεγαλοπρεπὶς
1176 1629 1266 1683 καὶ
1313 1631 1412 1697 τῆς
1463 1627 1858 1701 ἐπαινουμένης

214 1725 280 1785 ὡς
337 1720 568 1790 ἀληθῶς
630 1719 867 1793 μάλιστα
919 1719 1110 1793 μοίρας
1170 1737 1184 1751 ο
1217 1715 1464 1790 ἀγεννοῦς
1497 1715 1553 1771 δὲ
1595 1717 1685 1770 καὶ
1727 1716 1860 1790 φαύ-

216 1813 306 1883 λης
340 1812 437 1866 καὶ
487 1814 683 1884 μικρᾶς
734 1806 972 1870 διανοίας
1012 1810 1101 1863 καὶ
1143 1809 1254 1862 οἷον
1303 1807 1695 1875 πλεονεκτικῆς
1745 1827 1861 1867 πως

215 1900 452 1974 ἐχούσης
480 1897 544 1952 τό
571 1896 805 1970 μηδενὸς
854 1892 1149 1968 λαμϐάνειν
1197 1896 1494 1971 χρῄζοντα.
1529 1899 1590 1952 Ὁ
1633 1896 1728 1968 μὲν
1758 1894 1860 1969 γὰρ

217 1991 279 2044 ὢν
313 1988 370 2043 ἐν
432 1986 597 2062 χρείᾳ
650 1985 984 2052 καθίσταται,
1043 1989 1208 2040 ταῦτα
1268 1979 1586 2056 λαμϐάνων,
1640 1984 1862 2045 εἰκότως

219 2077 391 2148 δήπου
426 2071 698 2149 λαμϐάνει
733 2095 746 2107 ·
781 2076 809 2129 ὁ
854 2073 899 2128 δ’
941 2075 1013 2128 ὧν
1071 2075 1314 2150 εὐπόρως
1366 2072 1505 2149 ἔχει,
1559 2078 1726 2128 ταῦτα
1785 2070 1864 2126 δε-

220 2168 460 2242 χόμενος
521 2163 622 2219 οὐκ
678 2164 737 2218 ἂν
800 2161 1065 2235 δυναίμην
1121 2164 1310 2233 εἰπεῖν,
1352 2164 1426 2224 ὡς
1485 2163 1582 2218 οὐκ
1637 2161 1866 2236 ἀκρασίᾳ

219 2258 448 2330 γνώμης
509 2253 597 2308 ἐπὶ
644 2256 810 2307 ταῦτα
847 2259 1116 2326 προῆκται
1152 2271 1164 2284 ·
1212 2250 1288 2308 ἔτι
1339 2252 1516 2307 τοίνυν
1550 2253 1642 2325 μὶν
1674 2249 1867 2314 ἁπλῶς

223 2345 454 2399 εὐποιεῖν
517 2345 766 2416 καθαρῶς
806 2340 947 2396 ἐστιν
1008 2341 1266 2396 εὐποιεῖν·
1322 2343 1390 2397 Τὸ
1448 2339 1506 2396 δὲ
1552 2342 1685 2413 μετά
1765 2343 1865 2394 τοῦ

226 2433 658 2511 δωροφορεῖσθαι
719 2436 882 2486 τοῦτο
939 2437 1112 2486 ποιεῖν
1173 2431 1272 2486 οὐκ
1346 2430 1580 2486 εὐποιεῖν
1649 2429 1862 2500 μᾶλλον

225 2522 351 2578 ἐστὶν
417 2525 452 2594 ἢ
508 2517 828 2574 ἀποδιδόναι
887 2540 901 2553 ’
960 2521 1050 2574 καὶ
1110 2519 1326 2594 προσέτ’
1397 2519 1861 2595 εὐεργετούμενον,

223 2610 290 2665 ἶν’
320 2611 500 2671 οὕτως
562 2608 722 2677 εἳπω,
773 2609 867 2664 τὸν
917 2609 1296 2683 εὐεργετοῦντα
1351 2609 1740 2682 παρασκευάζει
1779 2629 1868 2662 νο-

237 2706 422 2773 μίζειν,
481 2699 512 2754 ὅ
576 2696 707 2772 μηδ’
757 2697 816 2752 ἂν
864 2699 940 2759 εἷς
991 2697 1190 2773 ἐνέγκοι
1240 2695 1438 2771 ῥᾳδίως
1490 2698 1566 2770 μὴ
1619 2699 1699 2751 δτι
1746 2699 1865 2771 γεὸ

243 2787 500 2862 βασιλεὺς,
550 2787 680 2843 ἀλλ’
726 2785 849 2842 οὐδὲ
892 2792 998 2841 τῶν
1045 2785 1232 2841 ἄλλων
1265 2807 1328 2861 γε
1365 2788 1608 2841 ὁστισοῦν
1646 2805 1657 2818 ·
1692 2787 1868 2861 χωρὶς

248 2875 300 2929 δὲ
335 2877 534 2932 τούτων
586 2876 651 2931 τὸ
685 2877 777 2948 μὲν
837 2874 1072 2930 εὐποιεῖν
1123 2877 1290 2947 μόνου
1313 2875 1524 2937 πάντως
1558 2874 1667 2929 ἐστὶ
1709 2880 1867 2943 Θεοῦ,

250 2969 359 3040 παρ’
381 2967 439 3020 οὗ
488 2972 656 3020 πᾶσιν
713 2966 805 3019 τὸν
853 2967 1058 3020 ἅπαντα
1106 2965 1304 3042 χρόνον
1349 2969 1502 3020 πάντ’
1543 2963 1751 3039 ἐπιρρεῖ
1778 2963 1868 3019 τά-

246 3058 493 3128 γαθάοτὸ
555 3053 602 3110 δ’
653 3054 709 3110 εὖ
766 3061 939 3110 ποιεῖν
999 3077 1057 3111 τε
1108 3057 1197 3111 καὶ
1250 3059 1478 3132 πάσχειν
1535 3057 1817 3130 ἀνθρώπου
1851 3072 1864 3085 ⁸

239 3146 293 3199 τὸ
321 3147 408 3218 μὲν
439 3145 585 3200 κατά
642 3145 818 3218 φύσιν,
879 3146 940 3199 τὸ
1007 3142 1064 3199 δὲ
1117 3147 1253 3200 κατά
1302 3147 1554 3220 μίμησιν.
1588 3148 1743 3206 ’Όςον
1777 3147 1868 3199 οὖν

238 3233 522 3310 ἀνθρώπου
590 3235 715 3296 Θιὸς
768 3234 1020 3309 ὑπερέχει
1075 3236 1141 3290 τά
1205 3257 1264 3311 γε
1336 3241 1579 3306 τοιαῦτα,
1638 3239 1868 3290 τοσοῦτο

234 3326 437 3380 πάντων
495 3325 918 3398 αὐτοκρατόρων
971 3325 1358 3400 βασιλευτατος
1392 3325 1452 3379 ἂν
1495 3325 1576 3394 εἰη
1628 3327 1656 3380 ὁ
1715 3326 1879 3397 μόνον
1909 3322 1952 3386 C
1993 3365 2008 3400 ί

236 3416 293 3469 τὸ
345 3417 401 3469 εὖ
466 3419 648 3468 ποιεῖν
700 3412 979 3483 ἠσκηκὼς.
1031 3413 1206 3476 Οὗτος
1262 3414 1444 3468 τοίνυν
1496 3413 1654 3476 αυτός
1701 3419 1881 3489 γενοῦ,

234 3499 538 3576 λαμϐάνων
595 3503 692 3573 μὲν
744 3499 1050 3579 οὐδαμόιρεν
1088 3500 1216 3574 μηδ’
1249 3501 1310 3558 ἂν
1361 3504 1560 3578 ἀνάγκη
1593 3524 1674 3565 τις
1706 3501 1762 3576 ᾖ,
1796 3500 1882 3557 ο⁹ί-

232 3595 376 3647 κοθεν
412 3591 476 3647 δὲ
530 3591 623 3645 καὶ
663 3591 808 3662 παρά
865 3597 1062 3646 σαυτοῦ
1111 3597 1241 3646 πᾶσι
1287 3593 1458 3647 πάντα
1535 3589 1738 3663 διδούς,
1795 3591 1884 3647 καὶ

231 3680 389 3736 πλέον
442 3681 527 3734 ὧν
587 3675 808 3740 ἕκαστος
857 3676 1073 3734 δεῖται·
1121 3680 1180 3735 ἃν
1237 3679 1293 3735 δὲ
1349 3681 1436 3736 καὶ
1493 3682 1652 3742 αὐτὸς
1708 3681 1887 3734 ὁτιοῦν

235 3771 376 3844 παρά
443 3773 562 3824 τῶν
617 3768 875 3837 ὑπηκόων
927 3767 1193 3843 ἐθελήσῃς
1237 3765 1556 3844 λαμϐάνειν,
1588 3769 1650 3824 σὺ
1709 3766 1766 3823 δὲ
1795 3770 1887 3824 καὶ

233 3862 390 3914 τοῦτο
455 3858 600 3931 μετὰ
656 3855 877 3912 πολλοῦ
933 3862 1030 3912 τοῦ
1086 3860 1399 3933 κρείττονος
1444 3857 1596 3929 ἕξεις,
1647 3858 1756 3913 ἀνθ’
1812 3859 1885 3912 ὧν

235 3945 373 4000 οὕτω
416 3945 575 4024 σφίσι
637 3951 918 4019 παρέχεις,
970 3946 1280 4008 εὐνοοῦντας
1340 3950 1582 4011 ἅπαντπς
1627 3947 1770 4024 ἔχων
1799 3950 1887 4002 καὶ

236 4037 298 4090 τά
327 4037 393 4090 σὰ
443 4031 687 4089 πνέοντα
731 4053 743 4064 ·
806 4033 836 4086 ὅ
896 4033 1146 4109 μέγιστον
1195 4037 1412 4091 πάντων
1457 4038 1546 4092 καὶ
1599 4035 1888 4092 λυσιτελέ-

237 4143 429 4178 στατον
476 4121 572 4176 καὶ
634 4121 719 4175 σοὶ
768 4121 855 4175 καὶ
912 4128 1028 4184 τοῖς
1082 4123 1184 4177 ὑπὸ
1233 4129 1414 4198 χεῖρα,
1445 4125 1535 4180 καὶ
1581 4124 1726 4187 ὅλως
1773 4132 1888 4187 τοῖς

234 4219 329 4281 τῆς
377 4213 573 4286 ἀρχῆς
623 4211 936 4284 πράγμασιν
971 4231 984 4243 ’
1037 4210 1184 4274 ὅπως
1245 4212 1358 4277 οὖν,
1409 4237 1452 4268 ω
1512 4215 1758 4288 βασιλεῦ,
1813 4218 1890 4289 μή

235 4304 326 4353 τοῦ
378 4301 436 4354 εὖ
496 4303 674 4353 ποιεῖν
729 4296 1082 4371 μηδεντινοῦν
1123 4300 1248 4374 ὅρον
1278 4304 1489 4377 ἡγήσῃ,
1520 4301 1648 4358 ἀλλ’
1679 4303 1759 4357 ἀεὶ
1802 4304 1892 4358 καὶ

239 4390 368 4464 πρὸς
424 4388 641 4448 πάντας
702 4389 791 4442 καὶ
852 4391 987 4444 κατὰ
1046 4393 1216 4446 πάντα
1275 4389 1341 4461 δὴ
1389 4414 1509 4448 τινα
1544 4395 1771 4466 τρόπον,
1803 4395 1892 4449 καὶ

243 4481 370 4550 μετὰ
419 4475 652 4533 πολλοῦ
707 4482 805 4531 τοῦ
853 4485 1118 4552 περιεῖναι
1174 4481 1242 4536 τά
1313 4486 1538 4536 τοιαῦτα
1614 4483 1891 4558 περαίνῃς,

240 4569 321 4622 καὶ
381 4568 601 4646 χαίρῃς
654 4566 748 4638 μὲν
803 4565 860 4620 εὖ
903 4589 1075 4622 ποιων
1128 4574 1236 4624 τῶν
1295 4569 1350 4625 εὖ
1406 4571 1731 4646 πασχόντων
1789 4573 1898 4647 οὐχ

241 4658 398 4724 ἧττον
446 4673 464 4691 ο
536 4653 760 4727 μᾶλλον
811 4653 868 4710 δὲ
901 4658 984 4718 οἷς
1035 4657 1267 4720 ἅπαντας
1315 4658 1372 4714 εὖ
1422 4666 1612 4730 ποιεῖς,
1645 4663 1807 4724 αὐτὸς
1839 4662 1896 4717 εὖ

245 4747 480 4821 πάσχειν
530 4743 788 4818 νομίζῃς,
836 4743 1016 4820 ἀλγῆς
1066 4744 1123 4801 δὲ
1167 4746 1336 4816 αὖθις,
1384 4751 1458 4821 μή
1505 4753 1672 4804 ταῦτα
1719 4756 1894 4805 ποιεῖν

247 4831 412 4908 ἔχων,
444 4833 633 4906 ὥσπερ
682 4833 740 4888 ’ἂν
789 4832 838 4888 εἳ
889 4857 970 4896 τις
1023 4836 1214 4910 βιαίως
1262 4841 1369 4891 τῶν
1403 4841 1712 4913 προσόντων
1753 4839 1904 4894 ἐκπί-

246 4944 413 4990 πτων,
448 4924 543 4976 καὶ
593 4924 693 4991 τήν
744 4921 950 4997 ἡμέραν
997 4924 1207 4997 ἐκείνην
1262 4925 1487 4998 ἰδιώτης
1538 4929 1598 4984 οὐ
1644 4929 1900 5003 βασιλεὺς

249 5011 644 5086 εἶναινομίζῃς
677 5027 692 5042 ⁸
743 5013 989 5075 εἰκότως.
1040 5017 1136 5077 Οἷς
1188 5016 1290 5090 γὰρ
1334 5021 1440 5072 τῶν
1488 5017 1544 5072 εὖ
1593 5025 1768 5073 ποιεῖν
1808 5016 1902 5074 δυ-

249 5103 500 5173 ναμένων
552 5100 763 5175 ἐγένου,
812 5103 1016 5164 πάντας
1075 5106 1132 5158 εὐ
1185 5111 1360 5160 ποιεῖν
1411 5104 1618 5171 δίκαιος
1666 5106 1782 5161 ὤν·
1818 5109 1904 5170 οἷς

253 5191 345 5262 μὲν
380 5193 626 5254 ἅπαντας
657 5190 714 5246 εὖ
746 5197 940 5263 ποιεῖς,
975 5197 1081 5248 τῶν
1133 5193 1189 5249 εὖ
1238 5201 1412 5251 ποιεῖν
1453 5194 1764 5271 δυναμένων
1811 5201 1903 5274 βε-

250 5275 431 5343 ϐαιοῖς
455 5281 535 5342 ὡς
564 5279 786 5351 ἀληθῶς
810 5284 1078 5358 γεγονέναι
1113 5302 1128 5316 ⁸
1169 5287 1250 5348 οἷς
1289 5283 1334 5340 δ’
1367 5287 1398 5341 ἂ
1455 5289 1560 5342 τῶν
1620 5287 1676 5342 εῦ
1725 5294 1900 5344 ποιεῖν

252 5365 570 5444 δυναμένων
603 5368 900 5446 ἐπειδήπερ
931 5371 1132 5449 ἐγένου,
1162 5381 1338 5430 ποιεῖν
1371 5373 1576 5439 δίκαιος
1626 5377 1696 5448 εἶ,
1752 5381 1903 5434 ταῦτ’

252 5460 311 5513 οὐ
342 5465 550 5523 ποιεῖς,
584 5457 700 5514 οὐδ’
747 5459 831 5515 ὅτι
878 5465 985 5516 τῶν
1036 5463 1092 5516 εὗ
1137 5471 1314 5520 ποιεῖν
1357 5462 1664 5539 δυναμένων
1701 5466 1902 5543 ἐγένου,

254 5546 432 5622 λέγειν
487 5545 701 5613 δίκαιος
756 5551 822 5620 εἶ,
883 5548 950 5605 δι’
1001 5553 1078 5607 ὧν
1129 5555 1384 5629 πράττεις
1450 5556 1902 5633 ἐξελεγχόμενος,

252 5635 340 5689 καὶ
385 5641 508 5696 τοῖς
560 5633 736 5711 ἔργοις
787 5639 1064 5714 αἰσχύνων
1115 5641 1149 5695 ἃ
1203 5645 1594 5720 προσειρῆσθαι
1640 5647 1902 5719 νομίζεις.

257 5723 319 5780 Εἴ
364 5724 456 5780 οὖν
507 5725 589 5778 σθ’
621 5726 774 5802 μέλει
814 5732 912 5784 τοῦ
966 5730 1102 5787 κατὰ
1148 5732 1205 5787 σὲ
1246 5735 1586 5809 γιγνομένου,
1637 5734 1724 5788 καὶ
1755 5734 1905 5802 ὅπως

1957 647 2297 701 centissima
2326 650 2382 699 te
2411 642 2792 714 appellatione
2843 640 3177 696 salutabant
3220 641 3329 696 Deo
3387 641 3498 711 ipsi
3547 645 3604 695 te

1958 733 2369 804 comparando.
2404 731 2549 797 Quid
2582 747 2722 784 sane
2755 731 2947 800 majus
2977 729 3046 783 ad
3083 729 3409 784 felicitatem
3445 745 3606 800 qum-

1959 822 2126 876 sieris
2165 821 2279 877 nisi
2309 820 2488 875 Deum
2521 819 2688 890 cujus
2729 821 2914 890 gratia
2945 825 3059 872 tam
3113 817 3416 889 magniﬁce
3450 834 3605 872 nunc

1960 911 2150 976 audis,
2185 918 2240 964 tu
2275 910 2373 980 qui
2408 927 2440 963 a
2471 907 2754 979 principio
2803 907 3069 962 mortalis
3100 907 3252 962 sicut
3300 924 3428 972 nos,
3464 924 3604 976 prea-

1961 1001 2113 1055 clare
2157 1000 2324 1054 factis
2363 999 2433 1053 ad
2491 1003 2721 1053 tantum
2779 997 2974 1068 gloriae
3034 997 3327 1070 fastigium
3378 1002 3611 1052 evectus

1963 1089 2061 1144 es!

2033 1226 2087 1278 5.
2122 1210 2187 1276 Et
2217 1223 2326 1277 hoc
2357 1221 2594 1293 quidem
2629 1227 2754 1276 tum
2809 1221 3093 1292 praecipue
3143 1220 3374 1288 accidit,
3406 1220 3457 1274 si
3486 1224 3608 1275 tam

1967 1346 2179 1402 magno
2209 1334 2264 1383 et
2311 1344 2590 1399 generoso
2631 1344 2696 1383 es
2747 1328 2964 1393 animo,
2999 1333 3064 1382 ut
3113 1327 3256 1382 nihil
3309 1343 3546 1399 prorsus
3579 1344 3614 1382 a

1967 1451 2337 1507 quocumque
2385 1435 2521 1489 doni
2572 1436 2806 1489 nomine
2848 1435 3121 1506 accipias,
3171 1433 3323 1490 sicut
3371 1434 3612 1505 quidam

1969 1543 2090 1611 alii,
2125 1548 2186 1596 ut
2215 1557 2246 1596 e
2278 1542 2568 1597 contrario
2601 1541 2880 1596 beneﬁcia
2912 1543 2970 1596 in
3005 1540 3149 1596 alios
3181 1546 3387 1613 sponte
3429 1541 3622 1596 confe-

1971 1667 2103 1716 ras;
2139 1649 2292 1720 quod
2327 1665 2469 1704 sane
2501 1649 2723 1720 regium
2756 1653 2812 1703 et
2843 1664 3188 1721 generosum
3239 1653 3296 1703 et
3325 1648 3471 1702 citra
3500 1663 3621 1703 om-

1973 1772 2106 1811 nem
2138 1754 2367 1810 laudem
2401 1761 2511 1817 est,
2544 1760 2605 1810 ut
2629 1759 2863 1812 econtra
2918 1755 3131 1810 indolis
3162 1760 3253 1810 est
3288 1754 3535 1809 sordidae
3565 1758 3622 1809 et

1974 1863 2156 1917 animi
2181 1863 2389 1931 abjecti
2421 1861 2651 1928 signum
2684 1863 2962 1934 accipere,
2995 1864 3132 1917 dum
3184 1877 3400 1934 egenus
3449 1861 3620 1932 plane

1898 1947 1943 2010 Β
1975 1985 2089 2024 non
2125 1970 2228 2024 sis.
2262 1969 2366 2032 Qui
2401 1970 2558 2024 enim
2592 1975 2896 2041 acceptum
2956 1970 3132 2025 refert
3192 1970 3248 2025 id
3305 1986 3415 2041 quo
3473 1985 3623 2040 opus

1974 2078 2149 2132 habet
2177 2083 2234 2133 et
2291 2095 2407 2150 quo
2453 2085 2600 2151 eget,
2635 2083 2787 2135 recte
2845 2079 3092 2150 accipit;
3153 2079 3254 2150 qui
3311 2085 3500 2134 autem
3533 2095 3623 2146 ea,

1975 2184 2186 2256 quibus
2208 2185 2460 2256 jamjam
2505 2187 2781 2254 abundat,
2809 2185 3038 2256 accipit,
3072 2186 3121 2240 is
3171 2190 3325 2240 certe
3371 2186 3622 2242 avaritia

1974 2291 2216 2346 sordidas
2263 2291 2437 2364 culpa
2484 2310 2598 2348 non
2647 2299 2830 2348 vacat.
2879 2294 3001 2349 Huc
3039 2294 3256 2348 accedit
3287 2295 3441 2365 quod
3494 2295 3622 2350 sine

1974 2401 2356 2455 ostentatione
2416 2401 2560 2456 bene
2617 2401 2800 2456 facere
2848 2417 2976 2457 vera
3033 2407 3119 2457 est
3154 2401 3536 2457 beneﬁcentia
3565 2405 3625 2457 et

1975 2507 2153 2578 quod,
2175 2523 2308 2562 cum
2343 2523 2588 2562 munera
2618 2509 2722 2563 das
2754 2509 3001 2564 donator
3032 2510 3160 2579 plus
3210 2525 3384 2578 quam
3417 2524 3623 2563 remu-

1977 2616 2208 2667 nerator
2236 2613 2447 2668 videris
2477 2620 2534 2669 et
2578 2614 2730 2684 quod
2763 2614 2848 2670 sic
2880 2614 3211 2671 benefactor
3261 2631 3394 2669 cum
3427 2631 3491 2668 eo
3523 2613 3618 2669 cui

1974 2718 2122 2773 bene
2155 2717 2234 2786 fit,
2267 2721 2661 2788 confunditur,
2685 2737 2812 2793 quae
2843 2737 2932 2776 res
2964 2738 3077 2776 non
3111 2722 3230 2793 regi
3255 2726 3482 2777 tantum
3515 2722 3615 2776 sed

1977 2827 2301 2896 cuicunque
2359 2827 2454 2882 alii
2517 2827 2851 2883 mortalium
2914 2828 3154 2884 minime
3227 2832 3390 2900 grata
3448 2828 3616 2884 foret.

1978 2933 2122 2998 Quid
2157 2931 2368 3003 plura?
2413 2935 2512 2990 Dei
2549 2937 2719 2991 unius
2762 2943 2846 2993 est
2896 2938 3292 2994 benefaciendi
3343 2953 3556 2992 munus
3585 2952 3621 2993 α

1979 3053 2091 3109 quo
2148 3040 2433 3111 quidquid
2510 3043 2727 3099 bonum
2784 3048 2872 3099 est
2948 3060 3178 3116 semper
3234 3043 3629 3116 proﬂcicitur;

1983 3161 2228 3201 munera
2257 3153 2450 3203 autem
2483 3149 2616 3205 dare
2649 3156 2748 3205 aut
2778 3151 2978 3206 datum
3029 3153 3289 3224 accipere
3337 3151 3410 3207 ad
3442 3152 3634 3209 homi-

1983 3267 2112 3308 nem
2146 3259 2409 3325 spectat;
2439 3272 2622 3311 unum
2673 3259 2996 3313 secundum
3053 3269 3339 3327 naturam,
3381 3261 3632 3318 alterum

1985 3364 2560 3433 juxtaimitationem
2611 3372 2718 3422 est.
2766 3370 3053 3433 Quantum
3115 3373 3307 3425 autem
3359 3369 3419 3425 in
3476 3370 3635 3427 hisee

1993 3469 2140 3525 Deus
2173 3471 2393 3526 homini
2428 3474 2838 3545 supereminet,
2872 3480 3097 3530 tantum
3129 3492 3197 3531 ex
3246 3477 3520 3532 omnibus
3551 3477 3635 3532 vi-

1996 3577 2076 3632 ris
2108 3578 2465 3650 principibus
2497 3581 2544 3636 is
2577 3583 3020 3653 pracipuojure
3052 3598 3149 3637 rex
3182 3591 3518 3640 censeretur
3537 3583 3642 3656 qui

1998 3683 2140 3738 nihil
2170 3683 2280 3739 nisi
2312 3685 2458 3740 bene
2507 3685 2719 3742 fecerit.
2753 3687 2908 3743 Talis
2955 3688 3132 3760 igitur
3161 3693 3222 3744 tu
3273 3690 3398 3761 ipse
3447 3690 3574 3756 fias,
3607 3707 3642 3746 a

1998 3791 2227 3846 nemine
2247 3792 2570 3863 quidquam
2596 3794 2706 3849 nisi
2739 3794 3056 3852 necessitas
3076 3796 3248 3864 adsit,
3279 3797 3640 3868 accipiendo,

1996 3915 2210 3970 egenos
2241 3905 2435 3956 autem
2487 3907 2773 3972 quantum
2825 3903 3036 3972 poteris
3095 3904 3244 3961 ultro
3291 3904 3642 3974 adjuvando.

1999 4006 2106 4062 Ubi
2139 4023 2271 4063 vero
2302 4009 2373 4062 ab
2423 4009 2791 4065 inferioribus
2839 4011 2962 4082 ipse
3005 4012 3265 4083 accipere
3314 4012 3645 4084 praesumis,

1999 4131 2134 4170 cum
2167 4116 2471 4170 commodo
2505 4116 2557 4170 id
2597 4118 2696 4171 tuo
2730 4117 2876 4171 feres
2908 4115 3078 4172 talem
3112 4124 3164 4172 te
3193 4133 3330 4190 erga
3359 4135 3457 4174 eos
3489 4134 3646 4188 pra-

2000 4223 2188 4278 bendo
2222 4226 2285 4276 ut
2315 4223 2417 4278 tibi
2469 4223 2755 4294 rebusque
2795 4223 2912 4279 tuis
2965 4225 3188 4280 faveant
3227 4241 3294 4280 ac
3332 4227 3640 4292 studeant;

2000 4331 2079 4384 ita
2117 4328 2272 4384 enim
2305 4334 2359 4384 et
2393 4334 2450 4384 tn
2483 4329 2608 4400 ipse
2655 4338 2707 4385 et
2739 4346 2830 4386 res
2863 4331 3092 4402 publica
3130 4331 3430 4387 ﬂorebitis.
3464 4331 3647 4403 Igitur

2003 4453 2184 4502 orex,
2245 4436 2655 4493 benefaciendo
2710 4437 3026 4493 terminum
3086 4438 3380 4508 imponere
3441 4438 3645 4504 nolito,

2005 4547 2122 4601 imo
2152 4546 2210 4600 in
2240 4546 2542 4601 universos
2573 4546 2905 4600 omnimoda
2947 4547 3212 4601 conferas
3256 4545 3537 4601 beneﬁcia
3577 4545 3650 4601 de

2006 4650 2194 4721 iisque
2227 4668 2338 4706 non
2374 4653 2566 4706 minus
2587 4667 2762 4723 quam
2787 4652 2936 4722 iiqui
2969 4653 3078 4707 ista
3100 4657 3336 4722 accepta
3367 4653 3646 4721 referunt,

2009 4759 2264 4830 gaudeas
2294 4775 2360 4813 ac
2391 4758 2447 4813 in
2481 4764 2730 4814 mentem
2778 4760 3026 4816 inducas
3065 4743 3119 4816 te
3151 4764 3215 4814 ut
3261 4759 3532 4826 aliorum,-
3565 4756 3651 4812 sic

2009 4866 2092 4921 tui
2123 4866 2310 4937 ipsius
2350 4867 2746 4922 benfactorum
2779 4882 2927 4922 esse.
2954 4867 3097 4922 Item
3116 4865 3360 4934 dolebis,
3387 4863 3486 4919 ubi
3511 4864 3655 4918 bene

2012 4978 2257 5034 faciendi
2281 4979 2446 5050 copia
2466 4979 2740 5045 deerit,et
2763 4982 2816 5033 te
2839 4977 3142 5048 privatum,
3164 4993 3279 5032 non
3312 4991 3501 5047 regem
3536 4990 3655 5046 pu-

2011 5085 2160 5142 tabis
2191 5102 2336 5152 esse,
2368 5084 2541 5156 idque
2575 5090 2747 5141 recte.
2782 5088 2859 5139 Ex
2890 5101 3007 5155 quo
3048 5083 3205 5140 enim
3237 5083 3310 5138 iis
3333 5081 3657 5138 accenseris

2011 5193 2110 5265 qui
2141 5195 2288 5248 bene
2318 5193 2502 5248 facere
2535 5193 2944 5264 possunt,jure
2973 5190 3222 5262 quodam
3253 5194 3352 5245 tuo
3383 5189 3652 5246 omnibus

2014 5304 2157 5358 bene
2191 5303 2374 5357 facere
2407 5306 2567 5374 potes
2597 5306 2654 5356 et
2676 5301 2774 5370 jus
2805 5308 2974 5356 tuum
3005 5299 3065 5354 id
3097 5298 3339 5354 faciendi
3371 5313 3494 5354 vere
3526 5313 3656 5369 pro-

2012 5410 2135 5464 bas.
2166 5409 2327 5474 Quod
2377 5409 2425 5465 si
2485 5409 2652 5464 aliter
2709 5408 2870 5474 facis,
2905 5406 3303 5478 reprobaberis
3331 5415 3384 5463 et
3440 5407 3511 5461 de
3538 5405 3655 5463 tuis

2012 5519 2135 5588 ipse
2167 5517 2333 5573 factis
2365 5516 2688 5572 erubescas.
2721 5514 2938 5581 Quodsi
2969 5513 3076 5570 tibi
3121 5514 3281 5570 cordi
3329 5517 3418 5569 est
3446 5517 3513 5570 ut
3543 5515 3654 5569 im-

2011 5630 2172 5700 perio
2197 5627 2411 5699 optime
2459 5643 2523 5682 ac
2551 5625 2873 5698 justissime
2909 5625 3148 5680 functus
3190 5639 3318 5680 esse
3347 5623 3654 5694 repeteris.

2011 5737 2069 5794 id
2104 5753 2202 5809 per
2231 5751 2463 5795 omnem
2498 5737 2674 5793 vitam
2726 5749 2829 5808 age
2860 5735 2922 5790 ut
2977 5749 3091 5790 non
3152 5731 3320 5790 modo
3377 5745 3540 5802 spem
3580 5729 3652 5786 ab
