4062 6308
224 362 325 422 457

1337 367 1628 458 ORATIO
1671 368 1772 428 ns
1819 367 2040 430 REGIS
2084 370 2434 436 osmcns.

3472 387 3591 448 458

226 494 350 568 χάνῃ
403 516 482 556 τις
518 494 742 564 ἀδικῶν,
782 497 870 551 καί
919 498 1077 558 οὗτος
1126 497 1339 560 πάντως
1370 496 1596 555 δώσεται
1657 497 1806 570 δίκην

1948 503 2170 573 legibus
2201 508 2483 579 majorem
2517 525 2691 581 quam
2726 512 2834 568 tibi
2865 513 2978 586 ipsi
3003 515 3122 571 vim
3163 516 3446 575 attribuas
3477 535 3492 574 :
3525 523 3591 576 ut

221 583 295 635 καὶ
341 581 487 636 οὐδὲν
531 585 590 637 τὸ
639 585 795 657 γένος
852 589 1250 660 προστήσεται·
1304 586 1447 642 οὕτω
1478 590 1581 662 γὰρ
1628 586 1745 642 οὔτ’
1776 586 1835 642 ἂν

221 668 378 734 οὐδεὶς
413 670 484 726 ἔτ’
523 671 874 744 ἀδικούμενος
909 673 1016 745 εἷή,
1059 677 1122 728 σύ
1153 697 1210 730 τε
1252 678 1370 750 περὶ
1424 677 1675 738 πλείονος
1708 699 1838 731 σαυ-

219 765 301 812 τοῦ
327 760 449 824 τοὺς
476 762 678 834 νόμους
711 758 882 833 δὸξεις
910 766 1180 818 ποιεῖσθαι
1205 784 1217 795 ·
1251 766 1378 826 τούς
1429 787 1488 819 τε
1517 764 1836 828 ἀδικοῦντας

219 849 393 911 αὐτοὺς
460 850 518 905 εὖ
575 854 846 922 ποιήσεις,
906 851 1146 917 δικαίους
1205 856 1340 909 εἶναι
1405 859 1833 928 παρασκευάσας,

216 941 289 991 καί
336 942 408 1010 μή
457 941 560 1010 τήν
610 946 758 1020 σφῶν
806 942 982 998 αὐτῶν
1030 948 1316 1016 μισοῦντας
1375 949 1560 1019 ψυχὴν
1597 951 1677 1018 τῷ
1731 949 1831 1016 τὴν

215 1027 419 1100 ἀδικίαν,
453 1031 527 1092 ὡς
559 1029 752 1104 λόγος,
785 1033 963 1107 φιλεῖν
989 1050 1002 1062 ·
1037 1036 1198 1088 τοῦτό
1231 1055 1313 1089 σοι
1344 1035 1406 1089 τὸ
1436 1038 1694 1114 ψήφισμα
1723 1042 1830 1090 τῶν

213 1116 286 1192 ὑφ’
335 1116 481 1191 ἡλίῳ
538 1121 754 1176 πάντων
835 1119 1132 1178 κάλλιπον
1210 1124 1297 1178 καὶ
1389 1123 1830 1181 λυσιτελέστατον

209 1200 353 1274 ἔσται,
387 1211 520 1280 μήτι
577 1231 637 1286 γε
695 1210 786 1272 οὓς
843 1213 969 1282 περὶ
1023 1216 1120 1267 τοῦ
1170 1209 1381 1268 δικαίου
1415 1211 1646 1269 Πλάτων
1668 1212 1830 1285 ἔθηκε

210 1292 407 1370 λόγους.

265 1385 320 1451 ζ’.
353 1385 450 1440 Καὶ
514 1388 622 1459 μὴν
669 1387 767 1443 ούκ
815 1387 866 1443 έν
918 1390 1104 1464 εἰρήνῃ
1135 1391 1321 1462 μόνον,
1355 1390 1482 1447 οὐδὲ
1509 1397 1616 1447 τῶν
1648 1413 1828 1468 πραγ-

209 1472 366 1543 μάτων
424 1474 481 1530 εὗ
547 1479 926 1545 καθεστώτων,
986 1476 1338 1549 δικαιοσύνης
1398 1503 1481 1536 σοι
1529 1479 1630 1549 δεῖ,
1680 1482 1826 1538 ἀλλὰ

203 1562 282 1616 κάν
332 1571 444 1626 ταῖς
508 1566 718 1641 μάχαις
759 1566 980 1639 μάλιστ’
1009 1568 1194 1632 αύταὶς
1256 1575 1505 1625 τοιοῦσον
1550 1571 1710 1626 αὐτὸν
1743 1571 1825 1627 εἷς

205 1651 274 1704 ναί
325 1673 379 1707 σε
436 1651 558 1708 δεῖ·
619 1655 836 1730 ἐπείπερ
898 1657 1052 1712 αὗται
1113 1661 1188 1730 μή
1254 1660 1387 1731 μετὰ
1455 1665 1551 1716 τοῦ
1610 1659 1822 1717 δικαίου

204 1739 451 1806 πολλάκις
508 1744 822 1819 γιγνόμεναι
894 1749 1063 1818 μείζω
1119 1750 1621 1824 παρασκευάζουσαι
1673 1751 1822 1826 βλά-

201 1826 360 1900 ϐην,ῆ
416 1837 572 1889 τοῦτ’
631 1833 765 1890 ἰδεῖν
817 1832 956 1891 ἔστιν
1008 1837 1060 1893 ἐν
1117 1837 1344 1912 εἰρήνῃ·
1379 1840 1442 1903 ’ἀς
1479 1839 1729 1896 κάλλιστ’
1761 1841 1822 1896 ἂν

201 1920 320 1974 οὕτω
374 1923 462 1977 καὶ
523 1921 825 1986 λυσιτελῶς
885 1924 1188 2002 διενέγκηῃ,
1242 1927 1329 1982 ἐὰν
1402 1931 1532 2000 μήθ’
1565 1931 1665 1984 ὑπὸ
1723 1933 1820 1986 τοῦ

198 2008 507 2066 πλεονεκτεῖν
573 2013 776 2068 ἐθέλειν
835 2015 1015 2082 αὐτὸς,
1050 2015 1242 2071 ἀδίκου
1302 2019 1490 2092 μάχης
1541 2019 1819 2095 ὑπάρχῃς,

197 2097 301 2152 ἀλλ’
345 2101 416 2162 ὡς
471 2101 708 2176 πρόσθεν
739 2100 1094 2176 ἠδικημένος,
1134 2101 1303 2161 ἔπειτ’
1333 2106 1381 2178 ἐξ
1414 2107 1655 2184 ἀνάγκης
1703 2116 1821 2174 τσῖς

194 2190 478 2262 πράγμασιν
551 2193 814 2263 ἀπαντᾷς,
869 2195 958 2248 καὶ
1015 2195 1143 2256 τοὺς
1204 2196 1536 2270 ὑπάρξαντας
1614 2199 1820 2270 ἀμυνό-

198 2298 330 2344 μενος
376 2278 438 2352 ﬁt:
487 2282 630 2335 κατά
674 2283 735 2335 τὸ
785 2287 879 2336 τοῦ
927 2285 1101 2356 νόμου
1153 2284 1438 2359 παρέχον·
1477 2289 1606 2359 μήθ’
1637 2288 1666 2341 ὃ
1695 2289 1817 2342 τού-

194 2385 274 2418 του
323 2375 588 2440 κρεῖττον,
642 2371 739 2432 τὰς
804 2374 940 2445 πρὸς
1021 2373 1368 2429 οὑστινασοῦν
1425 2371 1819 2447 ξυμϐαινούσας

199 2454 428 2529 διαφορὰς
487 2457 642 2513 λύειν
705 2459 891 2536 λόγοις
950 2461 1088 2531 ἐξὸν,
1123 2463 1184 2517 σὺ
1243 2462 1299 2518 δὲ
1349 2466 1642 2538 θρασύτητι
1673 2469 1819 2543 γνώ-

205 2565 294 2613 μης
334 2546 476 2610 εὐθὺς
527 2547 610 2608 εἰς
662 2548 807 2603 ὅπλα
855 2553 1143 2628 χωρήσῃς,
1176 2552 1208 2605 ἆ
1237 2555 1441 2626 μήποτ’
1473 2552 1650 2630 ὤφελε
1699 2559 1819 2612 κατ’

206 2631 485 2703 ἀνθρώπους
546 2637 614 2690 τό
672 2640 723 2711 γ’
780 2636 829 2710 ἐξ
887 2639 1067 2713 ἀρχῆς
1124 2645 1464 2716 γεγενῆσθαι,
1527 2641 1668 2716 μηδὲ
1710 2668 1814 2701 πα-

211 2718 383 2789 ρελθεῖν
438 2723 870 2796 μηδοπωστιοῦν
928 2728 1004 2790 εἰς
1061 2731 1152 2784 τὸν
1203 2731 1344 2803 βίον,
1377 2732 1410 2799 ἢ
1442 2735 1680 2808 γεγονότ’
1713 2735 1817 2789 αύ-

213 2810 317 2860 τίγα
374 2816 693 2883 πεπαῦσθαι,
752 2817 826 2877 ὡς
905 2815 1108 2892 ὄργανα
1173 2818 1501 2890 πλεονεξίας,
1563 2822 1651 2876 καί
1715 2828 1811 2878 τοῦ

215 2903 354 2961 κακῶς
377 2901 566 2971 ἐξεῖναι
609 2911 822 2958 ποιεῖν·
857 2906 1009 2982 φύσει
1073 2908 1167 2980 μὲν
1223 2909 1285 2963 τὸ
1338 2912 1471 2983 πρὸς
1525 2910 1808 2982 ἀλλήλους

210 2983 508 3060 κηδεμονικὸν
609 2995 967 3066 κεκτημένοις
1025 2997 1117 3051 καί
1185 3000 1476 3074 πεφυκόσιν
1531 3000 1586 3054 ἓν
1647 3002 1808 3074 εἶναι,

202 3076 269 3127 καί
295 3085 439 3136 ταυτά
469 3081 567 3137 διὰ
599 3086 814 3137 πάντων
856 3091 1090 3160 φρονεῖν,
1126 3087 1229 3141 ὑπὸ
1281 3086 1336 3141 δέ
1389 3093 1484 3143 τοῦ
1532 3088 1804 3146 πλειόνων

196 3158 437 3239 ἐπιθυμεῖν
492 3171 595 3227 καὶ
653 3173 864 3249 χαίρειν
920 3175 1147 3238 ἓθέλειν,
1211 3178 1288 3239 οἷς
1341 3177 1536 3246 ἥκιστα
1586 3182 1801 3236 πάντων

195 3252 366 3327 χαίρειν
416 3259 620 3334 ἐχρῆν,
676 3262 850 3324 οὕτως
907 3265 1054 3336 ἡμᾶς
1113 3265 1305 3327 αὐτοὺς
1362 3267 1670 3340 ἀγνοοῦσιν,
1725 3271 1798 3332 ὡς

189 3340 261 3392 καὶ
309 3346 566 3421 πολεμεῖν
620 3353 766 3425 παρά
823 3351 980 3426 φύσιν
1036 3352 1309 3425 ἀλλήλοις
1369 3358 1442 3419 ὡς
1475 3357 1797 3433 ἀλλοτρίοις

187 3437 452 3503 πειρᾶσθαι,
494 3439 592 3493 καί
622 3445 783 3495 τοῦτο
814 3440 1030 3497 πολλοῦ
1059 3464 1206 3506 τινος
1248 3443 1422 3520 ἄγειν.
1457 3448 1574 3502 Εἶεν
1599 3467 1612 3480 ⁸

243 3525 409 3588 η’.Σὺ
466 3527 513 3581 δ’
549 3528 597 3582 εἰ
651 3530 749 3601 μὲν
805 3530 1100 3586 ἀπολαύειν
1156 3533 1376 3609 εἰρήνης
1425 3535 1508 3590 ὅτι
1559 3538 1797 3609 μάλιστα

187 3606 369 3683 βούλει,
407 3616 619 3691 ἀνάγκη
684 3618 921 3690 μάλιστα
967 3623 1182 3676 πάντων
1232 3623 1610 3699 φιλοπόλεμον
1642 3629 1794 3697 εἶναι,

185 3698 256 3750 καὶ
299 3701 437 3757 οὕτω
478 3727 568 3761 σοι
615 3708 814 3778 ταύτης
869 3710 1167 3765 ἀπολαύειν
1215 3711 1450 3781 ἐξέσται·
1485 3716 1546 3769 τό
1591 3737 1648 3769 τε
1695 3718 1796 3791 γὰρ

183 3782 434 3863 ἄπραγμον
481 3795 548 3850 ού
604 3797 855 3866 σώζεται,
887 3800 1045 3874 φασὶν
1093 3801 1143 3854 o':
1193 3802 1373 3875 σοφοὶ,
1410 3805 1486 3874 μὴ
1537 3807 1668 3876 μετά
1698 3809 1796 3860 τοῦ

182 3870 479 3954 δραστηρίου
526 3884 900 3958 τεταγμένονο
954 3887 1177 3962 εἰρήνης
1228 3912 1283 3945 τε
1337 3890 1634 3947 ἀπολαύειν
1687 3894 1795 3969 οὐχ

180 3965 278 4020 οἶόν
305 3990 379 4032 τε,
411 3975 485 4043 μὴ
519 3973 900 4051 φιλοπόκεμον
926 3997 938 4011 ·
974 3974 1098 4032 ὅντα
1126 3999 1138 4011 ·
1174 3978 1352 4054 ὥσπερ
1385 3979 1507 4036 οὐδὲ
1557 3983 1794 4058 φιλοπό-

178 4050 319 4125 λεμον
349 4056 495 4129 ὄντα,
526 4064 756 4131 ταυτησὶ
815 4067 889 4136 μὴ
942 4066 1189 4141 μετέχειν
1223 4087 1236 4098 ·
1280 4069 1530 4132 εἰκότως.
1563 4073 1660 4125 Τὸν
1691 4072 1793 4147 γὰρ

176 4144 414 4211 μέῖεσθαι
506 4152 920 4222 μεμελετηκότα
993 4156 1083 4209 καὶ
1150 4155 1413 4230 πολεμεῖν
1481 4160 1790 4233 ἠσκημένον

173 4237 254 4293 Ri:
298 4237 542 4292 ὁστισοῦν
595 4239 932 4315 ὑπέπτηχεν,
982 4245 1158 4316 οἶμαι.
1199 4247 1410 4302 Οὐκοῦν
1465 4247 1508 4302 εἰ
1573 4250 1664 4321 μὲν
1711 4249 1790 4305 εἷ-

175 4323 319 4393 ρήνης
361 4327 644 4401 ἀντιποιῇ,
694 4331 782 4384 καὶ
830 4331 1090 4405 πολέμων
1141 4333 1534 4390 ἀντιποιεῖσθαι
1584 4336 1788 4400 δίκαιος

174 4409 242 4461 εἶ’
272 4414 310 4466 εἰ
343 4412 398 4469 δὲ
427 4421 529 4471 τοῦ
561 4418 654 4490 μὲν
688 4417 898 4474 ἐλάττω
930 4420 1091 4497 λόγον
1122 4427 1281 4498 ποιῇ,
1315 4425 1428 4499 οὐχ
1464 4426 1611 4489 ὅπως
1658 4429 1788 4483 ταύ-

174 4517 254 4567 της
323 4503 728 4561 ούδοπωστιοῦν
782 4509 1088 4584 ἀπολαύσῃ,
1138 4510 1282 4567 ἀλλὰ
1339 4515 1428 4568 καὶ
1485 4515 1787 4588 πολεμίους

1948 611 2004 666 in
2039 617 2240 669 sontes
2270 615 2426 686 ipsos
2457 619 2799 676 beneﬁcium
2833 625 2891 677 te
2920 625 3200 695 praebeas,
3222 627 3460 697 justitie
3493 643 3592 684 re-

1945 719 2083 788 gula
2119 736 2220 776 eos
2251 723 2588 793 imbuendo,
2617 728 2696 783 ita
2719 732 2784 783 ut
2813 729 3028 800 injuste
3051 732 3313 789 faciendo
3329 734 3586 791 animam

1945 840 2110 880 suam
2141 827 2336 884 odisse
2364 837 2612 888 cessent.
2648 837 2784 892 Haec
2807 836 2878 893 de
2909 840 2964 892 te
2995 838 3258 895 omnium
3304 841 3586 897 honorifi-

1943 935 2280 993 centissime.
2308 941 2365 994 et
2383 956 2450 1011 pr
2461 940 2837 1000 eclarissima
2858 947 3144 1003 sententia
3165 949 3292 1019 erit,
3336 965 3440 1006 neo
3463 951 3586 1022 ipse

1941 1039 2101 1097 Plato
2130 1043 2199 1098 de
2229 1044 2456 1114 iustitia
2497 1047 2709 1106 melius
2740 1052 3008 1108 senserit.

2003 1404 2058 1459 7.
2090 1407 2198 1462 Sed
2233 1425 2347 1465 non
2379 1414 2536 1482 pacis
2570 1418 2786 1472 tantum
2821 1421 3083 1491 tempore
3115 1424 3175 1476 et
3205 1425 3431 1493 quando
3488 1441 3580 1481 res

1935 1510 2102 1567 salvas
2135 1523 2290 1577 sunt,
2326 1519 2424 1572 sed
2460 1518 2612 1576 inter
2642 1522 2766 1592 ipsa
2798 1524 2934 1580 belli
2986 1528 3298 1585 certamina
3354 1530 3580 1601 justum

1933 1622 1988 1673 te
2014 1635 2138 1676 esse
2170 1626 2747 1698 oportet;siquidem
2806 1647 2956 1703 saepe
3006 1649 3108 1704 per
3155 1636 3314 1692 nefas
3370 1643 3581 1695 certata

1932 1726 2122 1797 magis
2152 1730 2322 1786 noxia
2352 1737 2492 1788 sunt
2512 1750 2689 1805 quam
2714 1754 2838 1809 quae
2867 1741 2926 1794 in
2950 1744 3580 1816 rerumtranquillitate

1854 1877 1900 1942 Β
1929 1833 2261 1893 obveniunt.
2298 1841 2525 1908 Optime
2557 1849 2748 1900 autem
2767 1863 2832 1901 ac
2854 1847 3191 1906 sinelabore
3222 1851 3420 1908 isthaeo
3451 1870 3577 1910 om-

1932 1939 2028 1994 nia
2059 1942 2263 2005 obibis.
2295 1946 2393 2001 ubi
2426 1949 2551 2004 sine
2583 1952 2889 2010 ambitione
2939 1973 3053 2011 non
3103 1958 3283 2014 armis
3341 1960 3576 2031 injustis

1933 2063 2180 2118 pugnas,
2213 2053 2312 2107 sed
2345 2054 2508 2125 prius
2552 2057 2768 2128 iniusta
2825 2079 3031 2132 passus
3083 2081 3187 2135 pro
3228 2069 3574 2125 necessitate

1931 2156 2103 2212 rebus
2135 2159 2382 2217 inservis
2412 2168 2467 2218 et
2495 2181 2593 2220 eos
2641 2167 2744 2237 qui
2785 2170 3130 2238 superstites
3181 2179 3320 2228 sunt
3349 2177 3526 2230 tueris
3556 2193 3571 2232 :

1931 2265 2029 2318 ubi
2061 2265 2132 2319 ad
2164 2266 2292 2323 lites
2322 2274 2378 2324 et
2407 2270 2654 2328 dissidia
2698 2273 2971 2331 evitanda
3018 2278 3230 2347 verbis,
3283 2297 3396 2336 non
3446 2282 3574 2339 telis

1929 2385 2128 2440 pacem
2144 2376 2438 2432 concilias.
2458 2378 2767 2451 Nunquam
2793 2382 2939 2438 enim
2957 2383 3109 2440 bella
3130 2385 3281 2442 inter
3304 2387 3572 2446 homines

1928 2476 2002 2532 ad
2023 2478 2470 2540 internecionem
2504 2486 2625 2541 fieri
2649 2488 3011 2558 debuissent,
3026 2495 3082 2546 et
3105 2493 3204 2548 ubi
3226 2497 3567 2553 eorumdem

1927 2601 2117 2641 causas
2149 2589 2522 2660 exsistebant,
2548 2609 2844 2666 nunquam
2877 2599 3156 2656 diuturna
3177 2617 3302 2658 esse
3325 2604 3564 2660 decebat

1927 2697 1985 2746 ut
2017 2695 2265 2750 avaritiae
2297 2705 2350 2750 et
2383 2699 2762 2772 malignitatis
2794 2704 3198 2763 instrumenta.
3247 2709 3353 2772 Qui
3409 2711 3566 2767 enim

1923 2804 2131 2855 natura
2160 2804 2357 2858 eadem
2390 2806 2649 2862 sentiunt
2680 2826 2744 2864 ac
2775 2817 2980 2866 curant
3010 2819 3066 2867 et
3100 2816 3560 2882 meditantur,ab

1920 2907 2159 2962 avaritia
2188 2908 2354 2981 longe
2383 2913 2588 2967 remoti
2619 2930 2744 2970 esse
2769 2917 2981 2972 debent
3011 2925 3067 2974 et
3097 2923 3167 2975 ad
3202 2937 3269 2976 ea
3298 2923 3561 2994 aspirare

1920 3028 2041 3080 quea
2074 3015 2216 3084 ipsis
2249 3017 2881 3094 minimeconveniunt,
2907 3031 2971 3080 ut
3004 3043 3118 3081 uno
3150 3029 3321 3085 verbo
3343 3031 3556 3100 dicam,

1919 3117 2134 3176 bellum
2172 3139 2283 3178 non
2318 3124 2425 3180 nisi
2462 3126 2518 3180 in
2552 3138 2805 3185 extremo
2837 3148 3026 3188 rerum
3081 3135 3420 3192 discrimine
3468 3139 3557 3194 in-

1833 3251 1875 3316 C
1916 3226 2060 3282 ferre
2108 3229 2418 3288 debebunt.

1976 3535 2028 3588 8.
2071 3535 2349 3600 Quocirca
2387 3539 2436 3592 si
2470 3557 2607 3611 pace
2638 3542 2747 3598 lrui
2780 3543 2884 3597 tibi
2919 3543 2975 3598 in
3005 3544 3198 3600 animo
3255 3555 3361 3615 est,
3395 3547 3544 3604 bello

1907 3655 2135 3708 operam
2165 3645 2300 3700 dare
2330 3646 2538 3715 debes;
2564 3649 2645 3704 sic
2676 3651 2830 3704 enim
2879 3652 2989 3706 ista
3037 3651 3175 3707 fruit
3203 3652 3415 3708 licebit.
3447 3654 3545 3711 ln-

1907 3745 2160 3804 dolentia
2191 3752 2365 3820 enim,
2383 3755 2661 3811 utdicunt
2687 3757 3038 3830 philosophi,
3059 3775 3265 3830 parum
3286 3763 3541 3833 prodest,

1906 3857 2016 3911 nisi
2040 3859 2202 3913 simul
2225 3862 2502 3930 operaria.
2528 3862 2588 3918 Id
2611 3868 2762 3919 certe
2787 3871 3030 3933 constat,
3057 3883 3188 3922 eum
3222 3869 3320 3938 qui
3343 3885 3542 3940 pacem

1905 3963 2044 4031 vult,
2076 3965 2293 4020 bellum
2325 3969 2591 4039 amplecti
2625 3971 3101 4043 debere,etquod
3135 3973 3184 4028 is
3215 3974 3316 4045 qui
3339 3992 3371 4030 a
3392 3975 3541 4033 bello

1904 4072 2017 4123 stat
2043 4071 2196 4139 pacis
2227 4074 2460 4130 tandem
2486 4077 2791 4132 commoda
2821 4083 3160 4148 assequetur
3183 4100 3198 4148 ;
3223 4096 3338 4152 quo
3394 4081 3540 4137 nihil

1902 4179 2112 4233 verlus.
2147 4179 2236 4235 Me
2262 4181 2493 4250 quidem
2529 4184 2767 4252 arbitro,
2800 4200 2936 4240 eum
2967 4187 3068 4257 qui
3099 4191 3282 4242 artem
3323 4187 3539 4242 milita-

1902 4300 2022 4338 rem
2065 4285 2232 4340 callet
2274 4292 2330 4342 et
2366 4294 2610 4355 exercet,
2657 4307 2861 4346 omnes
2911 4297 3200 4348 metuunt.
3248 4292 3436 4356 Quare
3489 4294 3539 4349 si

1900 4407 2098 4460 pacem
2133 4399 2385 4464 spectas,
2402 4396 2552 4451 bella
2568 4397 2818 4468 eil'ugere
2837 4415 2948 4453 non
2965 4401 3176 4467 poteris
3203 4416 3538 4471 ;nuuquam

1899 4499 2054 4553 enim
2085 4499 2240 4555 illam
2273 4501 2394 4558 sine
2425 4503 2516 4558 his
2546 4505 2962 4575 consequeris;
3011 4505 3128 4561 imo
3158 4505 3230 4561 ob
3281 4507 3538 4576 idipeum

177 4591 436 4655 τοσούτους
489 4591 581 4648 διά
625 4594 826 4666 ταύτην
879 4601 1222 4674 προσκτήσῃ,
1265 4601 1338 4663 ὡς
1391 4602 1790 4678 ἀναγκασθῆναι

1919 4605 2162 4661 nostium
2196 4621 2503 4664 numerum
2535 4612 2795 4681 augebis,
2827 4616 2885 4667 et
2912 4611 3128 4667 invitus
3159 4628 3314 4666 arma
3334 4629 3540 4682 capes-

176 4675 245 4727 καῖ
274 4678 407 4736 ἄκων
438 4681 824 4757 φιλοπόλεμος
855 4686 1016 4758 εἶναι,
1048 4687 1199 4764 εἷ’περ
1233 4691 1306 4750 ὡς
1356 4691 1578 4761 ἀληθῶς
1628 4693 1791 4768 εἰρή-

176 4784 255 4834 νης
305 4791 384 4825 σοι
445 4771 624 4843 μέλει.
659 4774 721 4828 Εἰ
761 4771 806 4827 δ’
837 4773 897 4829 έκ
929 4776 1022 4848 μέν
1054 4781 1150 4832 τοῦ
1178 4785 1280 4847 τῆς
1320 4779 1542 4852 εἰρήνης
1573 4781 1789 4856 ἔχεσθαι

180 4855 345 4927 μόνης,
392 4861 758 4935 πολεμεῖσθαι
809 4859 1114 4936 συμϐαίνει,
1165 4868 1227 4921 τὸ
1273 4865 1330 4922 δὲ
1359 4871 1494 4943 πρὸς
1533 4870 1627 4933 τάς
1685 4873 1787 4946 μά-

173 4959 257 5014 χας
307 4945 528 5022 ’ἕτοιμον
591 4952 729 5006 εἶναι
787 4951 876 5006 καὶ
935 4957 1360 5028 παρεσκευάσθαι
1413 4963 1529 5020 τοῖς
1590 4959 1788 5025 ὅπλοις

173 5041 383 5108 χορηγεῖ
428 5040 529 5105 τήν
569 5038 814 5110 εἰρήνην,
846 5041 914 5108 ἧς
966 5040 1122 5096 οῦδὲν
1171 5048 1287 5104 τοῖς
1335 5050 1589 5118 κρατοῦσι
1633 5047 1789 5103 λυσι-

167 5116 474 5200 τελέστερον,
509 5126 640 5182 ἑλοῦ
697 5126 914 5201 μᾶλλον
976 5131 1108 5205 ὑπὲρ
1165 5139 1263 5201 τῆς
1322 5133 1519 5189 ἐσάπαν
1563 5137 1787 5210 εἰρήνης

167 5206 524 5286 φιλοπόλεμος
571 5217 727 5282 εἶναι,
872 5222 1091 5290 ταυτηνί
1149 5222 1318 5294 μόνην
1365 5223 1603 5294 διώκων,
1651 5230 1788 5299 μήτε

165 5298 341 5368 ταύτης
405 5306 674 5379 μετέχειν,
735 5308 826 5361 καί
901 5308 1122 5382 προσέτι
1201 5312 1474 5387 πράγματ’
1529 5309 1677 5388 ἔχειν
1728 5314 1788 5372 ἐκ

168 5386 449 5461 πολεμίων.
507 5395 656 5448 Ἐπεὶ
737 5394 794 5450 δὲ
868 5398 962 5452 τὸν
1047 5398 1190 5454 οὕτω
1275 5403 1788 5478 παρεσκευασμένων

174 5473 354 5550 ἀνάγκη
405 5486 550 5536 πᾶσα
603 5483 692 5538 καὶ
751 5482 825 5538 ὧν
883 5488 1304 5560 παρεσκεύαστο,
1334 5490 1539 5547 τούτων
1586 5495 1786 5568 πρότε-

178 5581 255 5632 ρον
324 5567 633 5645 ἐπιστήμην
700 5577 1013 5647 κεκτῆσθαι,
1073 5579 1129 5632 σὲ
1186 5577 1231 5633 δ’
1291 5581 1421 5636 εἶναι
1487 5581 1788 5657 πολεμικὸν

174 5653 316 5726 ἡμεῖς
367 5660 640 5736 ἀξιοῦμεν,
703 5664 776 5719 ’ίν’
837 5664 952 5737 εἴης
1013 5668 1306 5743 εἰρηνικὸς,
1369 5653 1672 5746 πολεμικός
1729 5673 1787 5731 δὲ

467 5765 720 5828 Panos.
767 5767 876 5833 Gn.
922 5769 1152 5838 CXLV.

1901 4723 2030 4764 sere
2059 4710 2320 4781 debebis,
2352 4715 2401 4769 si
2435 4730 2546 4785 pax
2576 4717 2681 4771 tibi
2717 4717 2869 4772 cordi
2901 4721 3010 4774 est.
3043 4717 3223 4788 Igitur
3251 4717 3304 4771 si
3320 4715 3540 4770 bellum

1900 4815 2158 4885 gerimus
2189 4824 2255 4875 ut
2287 4837 2484 4891 pacem
2517 4822 2878 4892 habeamus;
2928 4825 2978 4880 si
3009 4825 3082 4880 ob
3133 4839 3260 4880 eam
3301 4838 3540 4879 causam

1899 4925 2110 4993 quovis
2143 4937 2440 4986 momento
2471 4947 2635 4986 arma
2663 4948 2965 5004 capessere
2997 4932 3182 5002 parati
3205 4947 3435 5001 sumus,
3461 4929 3543 4986 si-

1901 5034 2138 5104 quidem
2171 5038 2320 5094 nihil
2352 5057 2494 5112 pace
2518 5042 2717 5098 utilius
2748 5048 2856 5112 est,
2903 5042 3116 5099 bellum
3166 5041 3359 5112 potius
3411 5057 3542 5098 am-

1899 5141 2150 5212 plectere
2178 5163 2190 5214 ;
2223 5146 2305 5202 sic
2339 5148 2493 5205 enim
2527 5151 2624 5206 ﬁet
2654 5156 2718 5206 ut
2748 5166 2890 5222 pace
2932 5167 3047 5207 non
3096 5150 3393 5206 frustreris
3437 5164 3544 5205 nec

1897 5248 2092 5307 hostes
2123 5256 2178 5307 te
2208 5254 2384 5311 nimis
2417 5257 2720 5313 lacessant.
2752 5259 2859 5312 Sed
2893 5273 3024 5313 eum
3056 5272 3291 5314 necesse
3338 5257 3411 5313 sit
3471 5261 3536 5314 ut

1897 5355 1947 5410 is
1978 5357 2072 5426 qui
2103 5359 2356 5417 animum
2389 5363 2459 5418 ad
2511 5364 2701 5419 simile
2750 5364 2886 5435 quid
2946 5366 3090 5420 bene
3148 5369 3540 5435 praeparatum

1896 5462 2072 5521 habet
2102 5468 2248 5524 bene
2279 5470 2562 5542 fungendi
2593 5472 2786 5528 ofﬁcio
2817 5475 2999 5528 artem
3039 5471 3204 5538 sciat,
3237 5476 3294 5528 et
3323 5487 3458 5529 cum
3489 5477 3546 5529 te

1898 5571 2238 5633 bellicosum
2271 5595 2397 5636 esse
2426 5579 2598 5636 velim
2631 5584 2695 5636 ut
2724 5597 2862 5652 pace
2894 5580 3130 5649 fruaris,
3162 5584 3221 5636 et
3261 5597 3397 5637 cum
3423 5581 3546 5637 bel-

1897 5683 2114 5741 licosus
2143 5700 2274 5744 esse
2307 5703 2474 5744 nemo
2506 5688 2697 5760 possit
2728 5687 2827 5760 qui
2861 5705 2977 5746 non
3009 5689 3067 5745 in
3108 5704 3403 5746 armorum
3433 5703 3542 5744 usu

3151 5791 3227 5850 l5
