4062 6308
516 393 638 456 459

1820 395 1921 456 ΤΗ
1930 390 2219 456 EODULI
2262 391 2613 456 MONACHI

3777 401 3886 465 460

518 546 583 587 se
600 529 943 597 exercuerit,
962 528 1142 584 idtibi
1158 526 1443 599 praecipio,
1465 531 1529 584 ut
1566 527 1826 584 animum
1871 541 2122 599 accorpu

2232 585 2239 593 _
2270 522 2368 580 οὐκ
2397 524 2457 580 ἂν
2491 523 2639 588 ὅλως
2694 524 2803 597 εἷἠ,
2840 529 2916 599 μή
2975 526 3246 603 μάχεσθαι
3301 531 3710 604 μεμελετηκως,
3738 535 3885 605 ἀσκη-

518 637 805 696 exercitiis
835 635 1192 693 militaribus
1215 633 1437 708 jugiter
1484 633 1708 705 tatiges,
1765 650 1956 699 ursus,
1990 649 2161 706 apros

515 744 777 802 venando
809 743 906 800 ubi
939 742 1307 815 copiadatur,
1336 746 1440 798 aut
1469 757 1603 799 cum
1638 739 1773 798 viris
1798 740 1945 798 bello
1966 757 2158 798 assue-

513 853 594 909 tis
633 866 841 909 manus
870 850 1244 908 conserendo.
1277 849 1390 906 Sed
1429 849 1693 905 animum
1726 864 1958 922 quoque
1982 864 2154 919 gene-

510 975 713 1016 rosum
744 974 812 1015 ac
842 958 1098 1016 nobilem
1129 958 1346 1017 creabis
1376 964 1435 1017 et
1481 976 1694 1032 magna
1741 961 2081 1032 spirantem,
2105 959 2153 1015 si

510 1083 645 1124 eum
678 1065 940 1139 quotidie
969 1067 1041 1123 ad
1073 1067 1448 1139 antiquorum
1475 1066 1808 1140 exemplum
1858 1066 2150 1132 eﬂ'ormas,

510 1175 611 1246 qui
642 1174 1122 1247 magnanimitate
1151 1178 1209 1231 et
1237 1174 1510 1246 praeclare
1558 1174 1727 1231 factis
1747 1174 2146 1240 eminuerunt,

505 1286 565 1340 st
592 1283 644 1340 si
674 1282 1051 1340 concionibus
1072 1282 1356 1339 interesse
1380 1298 1561 1353 amas,
1585 1282 1865 1354 ubijuslae
1886 1282 2147 1353 ipsorum

501 1387 707 1447 laudes
755 1388 1133 1446 celebrantur.
1199 1390 1590 1446 Alexandrum
1656 1387 1909 1462 Philippi
1959 1388 2147 1446 ﬁlium

502 1499 792 1553 memento
824 1494 1138 1552 Homerum
1168 1494 1422 1552 cubiculi
1474 1497 1803 1552 consortem
1852 1494 2144 1551 habuisse.

502 1603 630 1660 Haec
648 1602 869 1660 ratione
886 1602 1097 1674 hisque
1114 1602 1337 1660 artibus
1352 1603 1507 1660 circa
1528 1602 1725 1659 omnia
1747 1602 1892 1660 bene
1906 1601 2143 1673 valebis,

498 1710 583 1767 rei
612 1709 882 1767 militaris
911 1709 1169 1782 apprime
1182 1726 1398 1780 gnarus
1419 1726 1523 1765 nec
1542 1709 1740 1765 minus
1762 1709 1951 1766 bonus
1975 1708 2144 1766 miles

499 1832 675 1889 quam
705 1817 746 1872 ii
777 1816 955 1890 quiin
988 1816 1194 1875 castris
1212 1824 1551 1874 senuerunt.
1570 1818 1679 1875 Sed
1707 1833 1823 1873 non
1846 1817 1904 1872 in
1930 1815 2140 1889 pugnis

497 1923 690 1982 solum
720 1924 1117 1993 terrestribus,
1147 1923 1252 1982 sed
1282 1923 1586 1981 navalibus
1626 1938 1860 1997 quoque
1908 1928 2033 1980 arte
2074 1940 2139 1981 ac

495 2030 729 2089 solertia
767 2030 1111 2105 praestabis;
1162 2029 1377 2103 quibus
1423 2030 1698 2087 omnibus
1751 2030 1933 2087 animi
1978 2030 2140 2101 vigor

494 2138 704 2196 mirum
737 2138 797 2194 in
829 2139 1067 2195 modum
1094 2140 1363 2211 augetur.
1394 2138 1540 2195 Nam
1571 2138 1621 2195 si
1645 2145 1807 2194 terrai
1830 2137 2139 2194 continen-

492 2247 569 2303 tis
590 2245 795 2316 solius,
824 2250 925 2303 aut
945 2245 1130 2302 solius
1160 2245 1343 2302 maris
1362 2260 1605 2318 regnum
1624 2250 1872 2313 teneres,
1896 2243 2135 2301 alterius

490 2354 1032 2424 utriusquetantum
1054 2368 1255 2408 curam
1277 2350 1521 2408 haberes
1546 2368 1560 2419 ;
1580 2352 1680 2408 sed
1704 2352 1802 2408 ubi
1824 2353 1883 2407 in
1899 2356 2135 2407 utrum-

490 2476 601 2535 que
631 2459 965 2527 dominaris,
998 2459 1055 2515 id
1085 2460 1193 2515 tibi
1224 2458 1554 2516 faciendum
1584 2460 1695 2517 erit
1733 2462 1798 2515 ut
1827 2458 2133 2531 utriusque

488 2552 817 2608 moderator
855 2564 983 2605 esse
1030 2547 1304 2605 videaris.
1353 2548 1499 2605 Nam
1539 2548 1588 2604 si
1640 2564 1825 2604 unum
1873 2548 2132 2604 curando

488 2657 738 2715 alterum
778 2656 1043 2729 negligis,
1077 2656 1300 2712 medico
1333 2654 1547 2712 similis
1576 2671 1637 2711 es
1678 2654 1855 2711 unius
1887 2658 2133 2711 tantum-

435 2832 440 2837 .
487 2764 659 2821 modo
689 2763 944 2836 corporis
968 2778 1171 2819 curam
1200 2763 1436 2833 gerenti.
1470 2763 1594 2817 Imo
1624 2777 1782 2829 eum,
1828 2777 2002 2833 quem
2034 2761 2132 2816 ni-

486 2872 570 2930 hil
599 2888 794 2944 curas,
816 2871 1079 2942 subigere
1100 2868 1244 2927 velle
1265 2869 1551 2925 videberis
1574 2888 1588 2939 ;
1644 2875 1702 2926 at
1725 2874 1788 2925 tu
1811 2873 2128 2943 utrumque

486 2979 593 3038 sub
624 2987 677 3037 te
704 2978 918 3036 habere
939 2977 1150 3033 tendis.
1182 2976 1461 3048 Equidem
1502 2980 1558 3034 te
1604 2976 1925 3033 absurdum
1967 2978 2131 3035 dice-

450 3154 451 3157 η
484 3104 606 3145 rem
639 3087 710 3159 si,
745 3091 807 3144 ut
828 3085 1102 3142 utriusvis
1120 3083 1395 3141 dominus
1417 3085 1546 3151 tias,
1578 3085 1677 3157 qui
1700 3101 1856 3141 nunc
1885 3085 2123 3157 quidem

483 3196 742 3253 nondum
791 3211 874 3262 es,
933 3208 1231 3250 summum
1291 3192 1595 3250 adbiberes
1642 3193 1929 3263 studium,
1974 3197 2030 3250 et
2076 3195 2127 3250 si

2264 616 2385 670 τέον
2418 616 2478 670 ἃν
2508 614 2593 686 εἴη
2626 637 2710 671 σοι
2744 616 2982 691 μάλιστα
3029 616 3121 673 διὰ
3157 624 3325 676 ταῦτα
3368 623 3468 691 τήν
3521 643 3577 676 τε
3606 626 3780 699 ψυχὴν
3829 626 3884 681 τό

2265 724 2324 759 τε
2381 709 2562 777 σῶμα,
2617 706 2681 761 τὸ
2742 707 2836 778 μὲν
2888 707 3139 782 συνεχέσι
3197 710 3384 771 πόνοις
3442 712 3531 765 καὶ
3584 714 3883 788 γυμνασίοις

2262 791 2611 865 πολεμικοῖς,
2669 798 2759 848 νῦν
2833 797 2928 869 μὲν
2994 795 3083 853 ἐπὶ
3137 800 3308 875 θήρας
3377 798 3567 869 ἐξίοντι
3615 802 3703 856 καὶ
3758 824 3882 875 συμ-

2262 877 2473 941 πλοκὰς
2533 877 2743 954 ἄρκτων
2792 902 2851 935 τε
2906 882 2999 938 καὶ
3050 888 3192 938 συῶν
3226 885 3318 939 καὶ
3348 885 3425 940 ὧν
3455 884 3620 957 ἔξεστι
3645 906 3658 920 ³
3690 892 3776 943 νῦν
3830 886 3881 944 δέ

2264 969 2381 1041 μετ’
2412 965 2619 1042 ἀνδρῶν
2660 968 2718 1022 εὖ
2749 966 2972 1024 εἰδότων
3016 971 3228 1046 μάχης,
3258 972 3348 1027 καὶ
3377 974 3654 1036 τοιούτους
3696 972 3758 1046 δή
3804 996 3879 1030 τι-

2259 1077 2351 1120 νας
2398 1057 2490 1112 καὶ
2536 1057 2664 1123 τοὺς
2710 1056 2917 1122 ἄλλους
2965 1058 3021 1115 εὗ
3073 1059 3223 1134 μάλα
3249 1067 3426 1117 ποιεῖν
3467 1061 3791 1136 δυναμένων,
3820 1065 3880 1120 τὰ

2258 1145 2485 1202 τακτικά
2534 1144 2867 1219 μελετῶντι’
2918 1147 3067 1205 ἀλλὰ
3117 1149 3212 1223 μὶν
3260 1153 3348 1206 καὶ
3404 1152 3504 1221 τὴν
3559 1155 3737 1227 ψυχὴν
3787 1153 3882 1225 μά-

2259 1233 2401 1291 λιστ’
2431 1233 2491 1290 ἂν
2519 1234 2771 1311 ἐργάσαιο
2800 1236 2975 1306 καλήν
3017 1237 3107 1293 καὶ
3154 1239 3422 1314 γενναίαν,
3451 1242 3539 1296 καὶ
3587 1243 3728 1296 ταῦτ’
3757 1243 3879 1298 αὐτὸ

2260 1324 2419 1396 μένος
2475 1326 2758 1381 πνείουσαν
2814 1326 2906 1381 καὶ
2960 1325 3105 1389 ὅλως
3145 1329 3416 1403 ἡρωϊκὴν,
3449 1328 3536 1384 ἐὰν
3580 1329 3669 1393 οὓς
3699 1316 3777 1386 ξπὂ
3806 1329 3880 1386 εύ-

2255 1412 2431 1487 ψυχίᾳ
2478 1413 2570 1468 καὶ
2618 1408 2800 1490 ἔργοις
2848 1413 3086 1489 ἀρίστοις
3136 1436 3196 1471 τε
3245 1417 3336 1473 καὶ
3373 1414 3646 1493 μεγίστοις
3675 1421 3875 1494 θαυμά-

2258 1506 2363 1571 ζειν
2422 1500 2623 1577 ἔχομεν
2676 1508 2785 1559 τῶν
2844 1503 3115 1580 ἀρχαίων,
3181 1506 3323 1581 πρὸς
3391 1507 3619 1571 τούτους
3700 1510 3873 1564 σαυτὸν

2252 1592 2557 1666 ἀπευθύνῃς
2606 1597 2675 1667 τῇ
2722 1595 3033 1667 καθημέραν
3081 1593 3308 1671 μελέτῃ,
3339 1597 3427 1652 καὶ
3480 1596 3560 1670 τῷ
3604 1603 3717 1661 τοῖς
3754 1599 3874 1673 ὑπὲρ

2250 1683 2427 1738 αὐτῶν
2475 1680 2666 1757 λόγοις
2715 1680 2892 1751 ἡδέως
2941 1686 3172 1739 συνεῖναί
3225 1706 3284 1740 τε
3334 1687 3430 1740 καὶ
3477 1693 3677 1763 συζῇν·
3729 1686 3870 1745 Ἀλέ-

2248 1768 2466 1845 ξανδρον
2491 1776 2623 1847 γοῦν
2657 1771 2941 1828 Φιλίππου
2971 1774 3063 1827 καὶ
3107 1772 3485 1848 συγκαθεύδειν
3533 1783 3649 1840 τοῖς
3704 1774 3868 1832 ἔπεσιν

2249 1863 2493 1935 Ὁμήρου
2558 1883 2735 1938 φασιν.
2769 1862 2922 1919 Οὕτω
2972 1863 3077 1938 γὰρ
3136 1863 3195 1919 ἂν
3250 1861 3341 1919 διὰ
3390 1867 3608 1922 πάντων
3654 1868 3867 1935 τούτων,

2249 1952 2390 2024 ὁμοῦ
2452 1953 2546 2024 μὲν
2594 1950 2903 2028 έρῥωμένος
2953 1950 3075 2024 ε’ίης
3123 1952 3214 2008 καὶ
3260 1960 3377 2016 τοῖς
3425 1953 3581 2018 ὅλοις
3630 1955 3686 2011 εὖ
3713 1953 3865 2031 ἔχων,

2247 2041 2389 2113 ὁμοῦ
2437 2037 2495 2095 δὲ
2536 2041 2625 2096 καὶ
2686 2046 2793 2096 τῶν
2848 2041 3168 2115 πολεμικῶν
3226 2042 3408 2118 ἄκρως
3471 2047 3742 2120 τεχνίτης,
3786 2046 3865 2100 καὶ

2250 2126 2419 2202 μηδὲν
2474 2123 2699 2185 ἔλαττον
2755 2126 2905 2208 ἔχων
2957 2135 3066 2185 τῶν
3126 2132 3517 2208 γεγηρακότων
3560 2133 3612 2189 ἐν
3644 2135 3863 2208 μάχαιςο

2246 2216 2584 2293 στρατόπεδα
2632 2217 2690 2274 δὲ
2739 2221 2830 2274 καὶ
2876 2219 3015 2276 κατὰ
3060 2221 3325 2277 θάλατταν
3376 2221 3609 2278 πλεῖστα
3656 2222 3744 2296 μέν
3790 2243 3865 2277 σοι

2245 2306 2335 2361 καὶ
2391 2306 2662 2363 κάλλιστα
2717 2306 2878 2378 ἔστω,
2942 2307 3032 2363 καὶ
3090 2308 3402 2381 πολεμικῆς
3472 2311 3547 2374 ὡς
3605 2311 3764 2366 εἰπεῖν
3817 2307 3867 2365 εὖ

2242 2397 2450 2467 ἥκοντα
2504 2397 2704 2472 τέχνης
2761 2397 2852 2453 καὶ
2895 2397 3081 2473 πείρας
3108 2415 3122 2430 ⁶
3164 2397 3215 2453 ἐν
3274 2400 3452 2473 τούτῳ
3516 2401 3615 2476 γάρ
3645 2400 3751 2457 ἐστι
3783 2402 3862 2455 καὶ

2244 2486 2303 2541 τὸ
2358 2488 2494 2562 πρὸς
2562 2486 2828 2562 εὐψυχίαν
2883 2487 2958 2550 ὡς
3020 2487 3258 2561 μάλιστα
3298 2485 3617 2549 διακεῖσθαι.
3671 2490 3731 2546 Εἴ
3779 2489 3861 2563 μὲν

2239 2578 2341 2653 γὰρ
2376 2579 2547 2651 μόνης
2579 2584 2683 2654 γῆς
2722 2578 2758 2648 ἢ
2792 2577 3067 2650 θαλάττης
3113 2580 3308 2655 ἦρχες,
3343 2578 3521 2652 μόνης
3575 2579 3635 2636 ἃν
3680 2581 3863 2650 ταύτης

2240 2664 2580 2744 ἐφρόντιζεςσ
2611 2664 2798 2742 ἄρχων
2855 2664 2911 2722 δὲ
2957 2667 3242 2741 ἑκατέρων,
3278 2664 3491 2732 δίκπιος
3539 2668 3599 2725 ἂν
3648 2667 3861 2740 ε’ίης,ὡς

2240 2753 2300 2810 ἃν
2345 2757 2433 2812 καὶ
2486 2756 2673 2831 ἄρχειν
2720 2754 2987 2832 ἑκατέρων
3033 2754 3221 2830 δοκῇς.
3251 2756 3320 2813 Εἴ
3349 2754 3406 2811 δὲ
3454 2764 3556 2814 τοῦ
3590 2759 3681 2833 μὲν
3712 2779 3858 2835 φρον-

2238 2847 2426 2919 τίζεις,
2464 2851 2563 2902 τοῦ
2605 2843 2659 2902 δὲ
2720 2848 2822 2920 μή,
2872 2851 3062 2922 πρῶτα
3112 2846 3229 2920 μέν,
3288 2847 3333 2900 ὦ
3393 2847 3644 2920 βασιλεῦ,
3696 2844 3856 2910 ἔοικας

2240 2936 2410 3010 ἰατρῷ
2467 2935 2580 2999 ένός
2627 2956 2769 2997 τινος
2820 2936 3097 3008 σώματος,
3125 2936 3187 2990 τὸ
3239 2936 3335 3007 μὲν
3387 2935 3545 3002 ὅπως
3581 2939 3708 2994 αὐτὸ
3732 2936 3850 2994 καλ·

2240 3022 2402 3080 λιστα
2454 3021 2557 3096 ’ἐξει
2616 3025 2789 3081 πάντα
2844 3028 3116 3093 ποιοῦντι,
3147 3023 3374 3099 θατέρου
3434 3023 3497 3081 δὲ
3561 3026 3845 3102 μηδοντινο-

2243 3117 2366 3168 σοῦν
2422 3114 2736 3188 τοπαράπαν
2786 3111 2967 3187 ἔχοντι
3030 3110 3231 3187 λόγον’
3291 3109 3481 3169 ἔπειτα
3537 3118 3627 3172 καὶ
3678 3114 3841 3188 δόξεις,

2242 3201 2304 3258 οὗ
2352 3203 2445 3277 μὲν
2492 3204 2819 3280 φροντίζεις,
2848 3202 3043 3258 τούτου
3090 3201 3181 3256 καὶ
3213 3202 3405 3277 ἄρχειν
3437 3202 3645 3262 ἐθέλειν
3669 3226 3681 3239 ·
3716 3204 3768 3261 οὗ
3793 3201 3842 3257 δὲ

424 3362 430 3369 ,
480 3302 785 3362 amborum
818 3301 1091 3357 dominus
1122 3316 1205 3368 es,
1239 3301 1415 3356 unius
1445 3303 1675 3356 tantum
1709 3317 1909 3357 curam
1958 3317 2116 3373 gere-

2235 3295 2336 3366 μή,
2386 3292 2580 3349 τούτου
2634 3291 2764 3367 μηδ’
2813 3290 3040 3372 ἄρχειν
3092 3294 3155 3350 σὺ
3214 3291 3272 3350 δὶ
3317 3291 3644 3371 ἀμφοτέρων
3685 3295 3847 3370 ἄρχειν

479 3428 592 3481 res,
623 3412 762 3468 dum
795 3410 997 3469 ambos
1026 3411 1227 3467 eadem
1293 3410 1597 3483 diligentia
1641 3410 1911 3482 amplecti
1956 3418 2116 3468 tuum

477 3524 584 3579 est.

535 4009 591 4064 9.
625 4008 843 4066 Idcirco
873 4008 1172 4082 ecpiarum
1204 4010 1260 4063 et
1300 4006 1658 4080 pedestrium
1707 4009 1765 4061 et
1812 4006 2104 4062 navalium

464 4128 697 4170 summa
726 4112 874 4169 ratio
904 4118 993 4170 est
1011 4112 1347 4169 habendaet
1367 4112 1425 4167 id
1456 4111 1768 4183 agendum,
1795 4115 1861 4166 ut
1890 4116 2103 4168 nostra

461 4220 696 4291 quidem
717 4235 849 4276 cum
860 4219 1084 4276 viribus
1110 4218 1327 4275 nostris
1349 4222 1405 4274 et
1426 4217 1709 4290 dignitate
1731 4224 1829 4273 tua
1858 4233 2105 4275 concor-

459 4325 622 4394 dent,
654 4326 735 4382 ita
765 4331 960 4382 tamen
993 4330 1053 4381 ut
1084 4330 1412 4382 exterarum
1445 4328 1502 4380 et
1526 4322 1875 4380 continentis
1923 4340 1954 4380 e
2012 4340 2104 4381 re-

453 4433 624 4505 gione
644 4432 786 4490 ratio
809 4432 967 4489 nulla
991 4433 1291 4502 habeatur,
1336 4431 1513 4503 idque
1575 4446 1691 4487 non
1734 4429 1925 4486 solum
1964 4431 2101 4503 quia

451 4538 741 4596 exercitus
762 4555 852 4596 ras
884 4537 1279 4610 pulcherrima
1319 4542 1376 4595 et
1433 4536 1762 4600 utilissima,
1817 4545 1879 4592 ut
1934 4537 2098 4595 brevi

2226 3381 2470 3445 ἐθέλεις·
2519 3381 2719 3439 ἄτοπον
2772 3382 2830 3439 δέ
2882 3405 2978 3457 μοι
3028 3382 3177 3441 δοκεῖ
3238 3388 3326 3442 καὶ
3378 3384 3607 3463 ἀλογίας
3655 3384 3847 3459 μεστὸν,

2228 3472 2454 3547 θατέρου
2505 3471 2599 3546 μὲν
2653 3468 2802 3547 εἴπερ
2879 3471 2978 3528 οὐκ
3034 3473 3181 3542 ἦσθα
3235 3477 3453 3551 κύριος,
3511 3481 3677 3532 πᾶσαν
3732 3471 3844 3544 ὑπὲρ

2222 3566 2321 3616 τοῦ
2377 3561 2619 3637 γενέσθαι
2682 3560 2867 3635 κύριον
2924 3560 3125 3618 οτίεσθαι
3205 3561 3313 3619 δεῖν
3369 3563 3632 3644 εἷσφέρειν
3702 3582 3845 3617 σπου·

2225 3649 2346 3720 δὴν,
2397 3647 2637 3726 ἄρχοντα
2685 3648 2744 3706 δὲ
2788 3651 3131 3729 ἀμφοτέρων,
3164 3652 3390 3729 θατέρου
3434 3656 3601 3727 μόνον
3646 3652 3729 3709 καὶ
3772 3651 3838 3723 μὴ

2222 3740 2542 3817 ἀμφοτέρων
2595 3740 2830 3796 τίθεσθαι
2888 3739 3082 3817 λόγον,
3110 3741 3201 3798 καὶ
3256 3744 3356 3813 τήν
3406 3745 3537 3819 περί
3581 3746 3684 3798 τῶν
3710 3739 3841 3795 ὅλων

2221 3831 2406 3906 σκέψιν
2463 3829 2514 3886 έν
2572 3830 2750 3905 τούτῳ
2804 3829 2954 3905 μόνῳ
3001 3831 3269 3908 χωλεύειν
3324 3832 3439 3907 έᾷν,
3499 3834 3587 3890 καὶ
3638 3834 3704 3889 τὰ
3752 3832 3839 3899 τῆς

2218 3922 2477 3997 προνοίας
2509 3919 2559 3994 ἐξ
2590 3921 2843 3995 ἡμισείας
2875 3918 3053 3977 δοκεῖν
3083 3923 3386 3998 γίγνεσθαι.

2288 4011 2351 4069 θ’.
2382 4013 2620 4087 Ἀναγκη
2663 4010 2840 4065 τοίνυν
2908 4011 2998 4066 καὶ
3040 4015 3211 4081 πεζῆς
3259 4012 3349 4068 καὶ
3397 4019 3656 4083 ναυτικῆς
3700 4009 3840 4067 δυνά-

2217 4122 2363 4175 μεως
2407 4102 2578 4156 πάντα
2625 4102 2925 4156 ποιεῖεσθαι
2973 4099 3139 4177 λόγον
3166 4122 3179 4135 °
3226 4102 3432 4166 οἰκείας
3496 4105 3675 4178 μέντοι
3718 4100 3834 4156 ταύ-

2211 4214 2311 4263 της
2360 4191 2450 4247 καὶ
2481 4195 2576 4248 τοῦ
2605 4192 2722 4246 καθ’
2752 4192 2904 4265 ἡμᾶς
2950 4189 3280 4269 καταλόγου,
3311 4194 3401 4248 καὶ
3451 4194 3595 4256 ὅλως
3640 4197 3714 4264 τῷ
3766 4194 3837 4263 σῷ

2209 4283 2394 4357 κράτει
2455 4280 2693 4354 μάλιστα
2761 4281 3153 4355 προσηκούσης
3180 4300 3194 4314 ·
3235 4283 3448 4354 ξενικῆς
3494 4281 3551 4338 δὲ
3598 4279 3835 4351 ούδηστι-

2210 4374 2400 4426 νοσοῦν
2446 4368 2563 4425 οὐδ’
2595 4370 2655 4425 ἐκ
2700 4376 2801 4440 τῆς
2851 4367 3138 4446 ἀντιπέρας
3175 4373 3405 4447 ἡπειρου
3429 4392 3445 4405 ο
3478 4373 3540 4428 οὐ
3574 4372 3727 4446 μόνον
3756 4370 3832 4424 ὅτι

2208 4462 2270 4516 τὸ
2316 4466 2417 4530 τῆς
2463 4464 2711 4535 στρατιᾶς
2759 4456 3026 4531 δήπουθεν
3076 4468 3272 4536 χρῆμα
3303 4460 3602 4519 κάλλιπον
3632 4462 3716 4517 καὶ
3751 4460 3832 4515 λυ-

2206 4553 2577 4610 σιτελέστατον
2618 4556 2708 4608 καὶ
2736 4552 3089 4632 κοινωφελὲς,
3123 4554 3187 4609 εί
3211 4552 3294 4610 δεῖ
3334 4555 3493 4633 φάναι
3544 4554 3830 4626 συντόμως,

452 4646 666 4716 dicam,
691 4647 913 4719 optima
943 4663 1073 4703 cum
1106 4646 1182 4704 sit
1229 4661 1522 4703 summam
1564 4661 1764 4701 curam
1792 4643 1965 4718 exigit
2003 4649 2097 4702 ut-

2232 4665 2270 4699 ιν
2327 4646 2463 4717 ἡμῖν
2507 4643 2731 4721 ἀγαθὸν,
2765 4643 3024 4717 μεγίστης
3073 4642 3160 4699 ὅτι
3210 4643 3449 4717 μάλιστα
3477 4645 3566 4700 καὶ
3593 4650 3691 4713 τῆς
3717 4642 3831 4715 παρ’

453 4756 586 4825 pote
608 4754 712 4825 qui
741 4753 1096 4809 nostralibus
1123 4769 1189 4808 ac
1221 4752 1293 4809 iis
1324 4752 1424 4823 qui
1455 4750 1629 4807 rebus
1661 4750 1877 4808 nostris
1910 4751 2100 4807 favent

447 4858 755 4929 consistit;
789 4860 890 4916 sed
918 4859 1092 4916 etiam
1127 4857 1284 4931 quod
1314 4859 1451 4915 socii
1481 4873 1548 4914 ac
1580 4838 1917 4914 mercenarii
1949 4873 2097 4929 quos

442 4967 504 5023 in
535 4968 855 5024 exercitum
887 4972 1155 5025 nostrum
1188 4966 1523 5038 recipimus,
1556 4966 1692 5037 quia
1747 4965 2092 5022 fortitudine

442 5072 659 5143 pollere
681 5073 966 5140 videntur,
991 5090 1107 5130 non
1131 5073 1333 5146 utique
1357 5078 1495 5129 sunt
1526 5070 1626 5144 qui
1655 5087 1781 5127 esse
1802 5070 2092 5140 videntur,

442 5179 657 5234 nedum
685 5180 827 5236 satis
857 5181 1023 5236 bona;
1054 5179 1188 5235 fidei
1221 5182 1361 5235 sunt
1389 5193 1525 5250 erga
1556 5193 1682 5243 nos,
1732 5180 1798 5232 ut
1843 5175 2090 5231 fortuna

440 5288 653 5340 nostris
683 5285 909 5343 sincere
939 5285 1254 5358 participes
1284 5300 1412 5341 esse
1433 5284 1637 5351 velint,
1663 5283 1803 5352 imo,
1823 5282 2091 5352 quamvis

436 5405 530 5446 res
560 5396 793 5448 nostras
814 5372 1130 5463 adjuturos
1161 5408 1289 5449 sese
1318 5390 1707 5464 polliceantur
1746 5389 1920 5460 idque
1943 5403 2087 5460 gra-

434 5497 694 5555 vissimis
723 5499 1015 5557 afﬁrmare
1044 5500 1349 5557 videantur
1366 5498 1732 5571 iuramentis,
1755 5495 1939 5552 nihilo
1962 5512 2086 5551 ma-

434 5605 524 5679 gis
573 5606 647 5661 iis
707 5606 1121 5664 conﬁdendum
1192 5607 1324 5662 erit.
1368 5606 1511 5661 Cum
1572 5604 1728 5660 enim
1774 5601 1919 5658 nihil
1968 5602 2082 5658 nisi

432 5712 735 5788 proprium
774 5714 1148 5773 commodum
1177 5714 1252 5772 ob
1281 5711 1482 5773 oculos
1539 5711 1776 5780 habent,
1817 5709 2080 5783 quandiu

2206 4734 2366 4805 ἡμῶν
2416 4728 2587 4786 δεῖται
2637 4731 2919 4804 προνοίας,
2953 4730 3027 4791 ὡς
3077 4728 3127 4800 ἐξ
3171 4732 3453 4808 ἡμετέρων
3482 4753 3539 4788 τε
3570 4733 3655 4787 καὶ
3686 4729 3833 4799 συνή-

2207 4821 2313 4875 θων
2341 4821 2428 4875 καὶ
2464 4816 2599 4874 θ’ίων
2630 4819 2763 4893 ὑπὲρ
2793 4823 2901 4875 τῶν
2941 4821 3075 4893 ἡμῖν
3131 4821 3510 4896 συμφερόντων
3543 4820 3661 4876 ὅσαι
3705 4820 3831 4893 ὧραι

2204 4907 2507 4989 φροντίζειν
2549 4908 2778 4978 ταυτηνὶ
2834 4907 3175 4981 καθεστάναι,
3222 4907 3349 4964 ἄλλ’
3399 4910 3484 4965 ὅτι
3530 4909 3618 4964 καὶ
3661 4907 3749 4968 οὓς
3784 4903 3830 4958 ἓν

2200 5003 2317 5059 τοῖς
2375 4998 2665 5072 ἡμετέροις
2726 4995 3089 5072 στρατεύμασι
3165 4993 3611 5072 προσλαμϐάνειν
3655 4997 3831 5053 εἰώθα-

2205 5108 2299 5161 μεν
2347 5086 2525 5157 ξένους
2576 5084 2664 5140 έπὶ
2712 5090 2792 5155 τῷ
2827 5086 2996 5160 μείζω
3039 5082 3213 5142 δοκεῖν
3244 5085 3390 5163 ἔχειν
3419 5085 3660 5161 δύναμιν,
3692 5085 3825 5140 οὗτοι

2201 5178 2396 5239 πάντες
2444 5176 2552 5251 οὐχ
2601 5176 2632 5230 ’ὀ
2680 5175 2933 5251 λέγονται
2984 5172 3310 5246 δείκνυνται,
3341 5175 3466 5233 οὐδὲ
3503 5183 3620 5239 τοῖς
3649 5173 3826 5246 ἑλομὲ·

2199 5287 2313 5329 νοις
2365 5264 2625 5345 ἀσφαλεῖς
2684 5264 2817 5320 εἰσιν
2875 5262 3040 5335 εὖνοι,
3074 5265 3150 5329 ὡς
3199 5267 3289 5322 καὶ
3346 5270 3453 5321 τῶν
3505 5266 3587 5345 ἐφ’
3616 5266 3826 5335 ἑκάτερα

2200 5354 2522 5431 μεταϐολῶν
2571 5361 2847 5411 κοινωνεῖν
2883 5353 3098 5418 τούτοις
3144 5354 3368 5427 έθελειν,
3401 5354 3549 5413 ἀλλὰ
3601 5353 3695 5410 κᾶν
3728 5372 3817 5425 μυο

2197 5452 2374 5529 ριάκις
2422 5450 2491 5505 τά
2543 5451 2591 5524 γ’
2651 5448 2891 5524 ἡμέτερα
2946 5452 3088 5529 φῶσι
3172 5445 3507 5524 πρεσϐεύειν,
3564 5446 3659 5503 κᾶν
3714 5449 3818 5503 τοῖς

2193 5537 2651 5622 φρικωδεστάτοις
2681 5543 2791 5594 τῶν
2824 5539 3000 5614 ὅρκων
3033 5540 3370 5614 χρήσωνται,
3403 5535 3559 5594 οὐδὲν
3613 5533 3815 5611 μᾶλλον

2191 5630 2298 5686 ἔστ’
2328 5630 2516 5691 αὐτοῖς
2549 5627 2897 5704 προσεκτέον,
2923 5629 3094 5683 πάντα
3136 5626 3349 5702 μᾶλλον
3382 5625 3531 5683 οὖσιν
3562 5626 3599 5697 ἢ
3639 5629 3806 5681 τοῦτο.

2191 5720 2334 5794 Πρὸς
2393 5717 2497 5798 γὰρ
2556 5718 2620 5775 τὸ
2686 5717 2861 5803 σφίσιν
2934 5716 3122 5781 αὐτοῖς
3195 5714 3512 5775 λυσιτελοῦν
3583 5710 3804 5783 καθάπαξ
