4062 6308
217 429 336 489 461

1373 425 1668 489 ORATIO
1708 423 1811 486 DE
1856 423 2078 487 REGIS
2119 426 2503 489 OFFICIIS..

3508 430 3627 491 462

219 566 575 633 σκοποῦντες,
614 561 721 625 ἓως
782 566 875 637 μὲν
929 560 989 617 ἓν
1048 563 1196 633 ἡμᾶς
1260 560 1317 615 εὖ
1382 561 1718 634 πράττοντας
1776 556 1867 612 καὶ

1992 575 2076 617 res
2096 567 2326 618 nostras
2347 561 2560 630 salvas,
2577 576 2797 634 nosque
2813 561 2975 634 ipsos
2997 561 3267 619 hostibus
3300 565 3628 636 superiores

215 659 331 708 τῶν
359 653 647 726 πολεμίων
694 653 969 728 κρείττους
1013 652 1208 724 ὁρῶσι,
1255 651 1356 719 τὴν
1411 648 1738 724 γιγνομένην
1789 646 1879 701 καὶ

219 743 380 797 οὗτοι
429 745 667 813 σώζουσι
709 742 878 814 τάξιν.
920 741 1086 797 Ἐπὰν
1129 737 1187 794 δέ
1235 759 1369 794 ποτε
1406 738 1553 814 τύχῃ
1600 737 1705 792 τινὶ
1747 757 1883 816 σφα-

222 831 444 905 λῶμεν,
495 834 591 887 καὶ
646 831 910 886 τάκείνων
970 830 1245 903 ὑπέρσχῃ,
1312 828 1468 888 εὐθὺς
1528 825 1710 898 ὥσπερ
1764 827 1884 879 τινὰ

216 923 595 995 κρουσάμενοι
669 922 942 996 πρύμναν,
1015 916 1418 991 αὐτομολοῦσιν
1516 915 1708 984 ἐκεῖσε,
1792 915 1882 969 καὶ

222 1011 377 1083 πρὸς
435 1008 532 1072 οὖς
595 1011 713 1084 μεθ’
768 1011 930 1081 ἡμῶν
987 1005 1406 1081 παρετάττοντο,
1476 1005 1611 1077 μετὰ
1674 1002 1881 1057 τούτων

221 1102 373 1172 ⁴ἡμῖν
432 1099 665 1169 ἰπίασιν,
725 1100 868 1173 ὁμοῦ
938 1098 1034 1172 μὶν
1100 1097 1460 1171 θρασυτέρους
1513 1093 1751 1156 ἐκείνους
1801 1091 1885 1147 ἑν-

220 1189 420 1244 τεῦθεν
486 1190 984 1264 παρασκευάζοντες
1052 1187 1167 1241 καθ’
1226 1188 1409 1257 ἡμῶν,
1468 1184 1610 1255 ὁμοῦ
1681 1180 1738 1237 δὲ
1792 1183 1883 1237 καὶ

218 1282 353 1339 τοῖς
402 1277 697 1353 ἡμετέροις
745 1275 951 1332 δειλίαν
999 1273 1227 1338 ἔνιὲντες
1273 1274 1363 1329 καὶ
1414 1268 1608 1350 φόϐον,
1654 1270 1744 1326 καὶ
1795 1270 1885 1325 ’ίνα

223 1369 318 1439 μή
350 1367 518 1440 λέγω,
562 1365 838 1429 πολλάκις
879 1366 970 1421 καὶ
1006 1363 1293 1420 κίνδυνον⁸
1343 1360 1584 1433 ἐπίδοξοί
1632 1381 1775 1421 τινες
1805 1359 1888 1415 ὄν-

214 1477 322 1517 τες
374 1457 479 1511 οὐκ
540 1456 789 1531 ὀλιγάκις
837 1455 899 1511 ἂν
939 1456 1089 1510 ταῦτ’
1136 1452 1415 1529 εῖργάσθαι
1461 1451 1598 1506 κατᾶ
1641 1452 1704 1505 τὸ
1752 1450 1886 1523 ξυμ-

226 1539 437 1599 ϐαῖνον
491 1552 595 1615 τῆς
653 1545 834 1623 τύχης
871 1563 885 1578 ο
944 1544 1119 1606 οὕτως
1191 1540 1442 1602 ἀπιστίας
1495 1541 1587 1595 καὶ
1651 1540 1883 1602 πίστεως

218 1630 480 1713 ἔχοντες,
539 1640 659 1697 πῶς
705 1636 806 1703 τήν
878 1632 1145 1707 ἡμετέραν
1223 1631 1476 1708 στρατιὰν
1535 1630 1596 1686 ἐκ
1651 1630 1884 1691 τούτων,

218 1724 364 1780 ἀλλ’
395 1723 499 1779 οὒκ
538 1723 589 1796 ἐξ
638 1722 712 1778 ὦν
757 1721 890 1801 ἔφην
943 1723 1088 1783 εἰκὸς
1147 1721 1594 1797 συγκροτεῖσθαι;
1644 1718 1743 1773 Καὶ
1777 1720 1887 1792 μὴν

218 1813 273 1869 εἰ
313 1812 684 1891 πολυχειρίαν
718 1814 812 1886 μὲν
851 1812 1117 1887 εὐψυχίας
1160 1810 1404 1877 ἀκούσης
1443 1808 1553 1884 οὐχ
1592 1807 1739 1869 ὅπως
1788 1807 1886 1862 ού-

220 1904 417 1979 δαμοῦ
484 1906 711 1961 πώποτε
774 1902 1206 1981 περιγενομένην
1277 1899 1391 1989 οὐδ’
1457 1901 1518 1954 ἂν
1583 1902 1661 1962 εἰς
1714 1899 1883 1989 εἰπεῖν
1917 1922 1963 1989 Β

216 1992 379 2070 ἔχοι,
433 1993 581 2050 ἀλλὰ
626 1994 716 2049 καὶ
759 1999 864 2049 πᾶν
908 1992 1220 2048 τούναντίον
1276 1988 1587 2063 ἐπασταχοῦ
1644 1986 1883 2060 νικωμέ-

214 2108 326 2154 νην
357 2104 371 2117 ο
405 2082 696 2158 ίεύψυχίας
747 2080 827 2150 δὲ,
876 2082 1101 2147 καὶτῆς
1151 2079 1350 2135 ἐκεῖθεν
1401 2076 1720 2153 συμμαχίας
1767 2096 1882 2152 χω-

219 2175 356 2250 ρίςο
406 2169 871 2247 παραδειγμάτων
921 2172 1058 2241 ἅπαξ
1089 2171 1118 2224 ὁ
1168 2169 1292 2245 βίος
1344 2168 1574 2242 μεστός·
1627 2164 1751 2222 οὐδὲ
1792 2166 1881 2221 σοί

220 2249 279 2338 γ’
323 2260 498 2333 αὐτῷ,
544 2258 795 2331 βασιλεῦ,
845 2260 980 2333 πρὸς
1028 2258 1115 2321 οίς
1166 2254 1311 2333 ἔχεις
1355 2255 1738 2331 στρατεύμασι,
1786 2249 1879 2308 καῖ

220 2356 447 2425 ξενικοῦ
502 2370 651 2411 τινος
704 2350 892 2424 ἕτερου
946 2344 1172 2424 προσδεῖ
1206 2365 1221 2380 ο
1281 2346 1603 2421 ἀποχρῶσιν
1660 2343 1718 2399 εὖ
1757 2340 1879 2399 όῖδα

223 2441 455 2501 τούτοις
522 2439 615 2493 καὶ
678 2439 928 2508 πλήθους
994 2434 1170 2491 ε’ίνεκα
1231 2436 1322 2491 καὶ
1387 2439 1733 2509 παρασκευῆς
1787 2432 1877 2486 καὶ

223 2536 332 2599 τῆς
362 2529 491 2604 περὶ
520 2529 619 2592 τὰς
651 2526 833 2601 μάχας
861 2525 1123 2600 εὐψυχίας
1157 2526 1248 2580 καὶ
1279 2523 1497 2598 τόλμης
1534 2522 1661 2579 τοὺς
1708 2520 1879 2577 πολε-

235 2620 401 2694 μίους
430 2617 760 2689 ἐκπλήττειν
785 2638 844 2673 τε
872 2616 963 2673 καὶ
994 2611 1204 2694 φοϐεῖν.

317 2799 371 2854 ι’.
398 2799 495 2853 Καὶ
542 2796 766 2872 μάλιστ’
805 2798 929 2853 ὅταν
976 2795 1036 2852 ἐκ
1078 2794 1390 2871 περιουσίας
1442 2793 1667 2857 τούτους
1717 2791 1878 2857 αὐτὸς

249 2885 307 2940 εὖ
335 2892 497 2942 ποιῶν
526 2887 633 2962 ᾖς’
688 2886 831 2943 οὕτω
876 2885 975 2961 γὰρ
1024 2882 1085 2940 ἃν
1130 2885 1573 2960 προθυμοτέρους
1622 2882 1876 2959 ἐργάσαιο

250 2977 369 3051 περί
403 2979 582 3053 μάχας
608 2977 703 3032 καὶ
723 2979 964 3054 χρῆσθαι
1012 2973 1276 3037 καλλίους
1302 2994 1316 3009 ⁸
1369 2974 1460 3037 οὓς
1492 2978 1636 3054 χρῆν
1675 2974 1728 3028 ἐν
1780 2975 1876 3047 μὶν

248 3064 426 3140 εἰρήνῃ
480 3069 557 3139 μή
609 3071 747 3145 σφᾶς
796 3065 993 3129 αὐτοὺς
1043 3065 1282 3142 ἀγνοεῖν,
1333 3062 1461 3137 μηδ’
1506 3062 1734 3137 ἀμελεῖν
1780 3066 1880 3117 τοῦ

234 3159 651 3232 προσρήματος,
701 3156 784 3234 ἐφ’
832 3154 865 3210 ἃ
913 3158 987 3230 μή
1038 3162 1282 3232 προσῆκε
1334 3158 1651 3232 χωροῦντας
1684 3172 1699 3187 ⁶
1750 3151 1879 3210 ἆλλ⁸

230 3247 363 3323 ὅπερ
397 3246 532 3301 εἰσὶν
583 3246 912 3315 ἰννοοῦντας,
970 3246 1226 3321 πράττειν
1273 3242 1475 3300 ἐθέλειν
1518 3242 1710 3305 αὖτοὺς
1757 3264 1877 3298 τοι-

1989 667 2287 737 videbunt,
2306 674 2498 741 partes
2526 673 2760 726 nostras
2790 672 2983 742 agent.
3007 668 3115 725 Ubi
3138 668 3393 741 primum
3432 676 3629 727 autem

1991 775 2234 833 adversa
2263 784 2493 833 utemur
2522 777 2770 846 fortuna,
2804 776 3122 849 hostesque
3158 777 3408 835 victores
3436 784 3628 850 erunt,

1991 882 2145 941 illico
2175 900 2405 955 proram
2438 889 2663 947 vertent
2692 889 2750 941 et
2779 884 2855 941 ad
2883 901 2984 942 eos
3002 883 3633 957 transfugient,contra

1992 1004 2140 1060 quos
2170 989 2344 1061 paulo
2373 994 2543 1046 antea
2573 993 2997 1062 pugnaverant,
3022 995 3222 1046 contra
3253 1006 3361 1046 nos
3385 991 3631 1063 jamjam

1993 1097 2327 1169 pugnaturi.
2361 1097 2454 1154 Sic
2478 1098 2636 1154 enim
2667 1099 2767 1154 ﬂet
2799 1101 2864 1154 ut
2892 1101 2950 1154 et
2974 1096 3093 1154 illis
3123 1098 3351 1155 animos
3381 1100 3632 1169 augeant

1994 1218 2061 1259 ac
2091 1204 2308 1261 nostris
2350 1208 2572 1261 metum
2604 1219 2671 1261 ac
2718 1221 2989 1277 pavorem
3038 1204 3308 1276 inliciunt
3346 1205 3631 1278 nobisque

1994 1310 2253 1382 pericula
2298 1311 2637 1384 gravissima
2684 1316 2901 1368 creent.
2935 1311 3079 1368 Hinc
3108 1312 3265 1369 enim
3303 1327 3439 1369 cum
3479 1319 3632 1370 recte

1994 1418 2284 1490 suspicari
2315 1418 2508 1491 possis
2537 1434 2638 1476 eos
2669 1424 2872 1491 postea
2892 1433 3126 1491 quoque
3155 1418 3240 1475 sic
3270 1420 3632 1492 temporibus

1993 1525 2147 1582 bona
2176 1524 2399 1582 malave
2448 1525 2564 1581 fide
2622 1525 2999 1582 inservituros
3046 1541 3176 1582 esse
3207 1542 3223 1582 :
3258 1528 3378 1598 qui,
3411 1542 3629 1598 qumso,

1993 1630 2335 1702 hujusmodi
2394 1632 2730 1689 hominibus
2776 1632 3093 1690 exercitum
3131 1637 3397 1690 constare
3428 1633 3633 1691 voles?

1993 1739 2128 1805 Quae
2159 1756 2293 1797 cum
2326 1740 2408 1797 ita
2436 1742 2576 1809 sint,
2599 1756 2771 1799 nemo
2793 1758 2934 1800 sane
2967 1741 3402 1801 multitudinem
3425 1742 3633 1800 imbel-

1993 1844 2105 1902 lem
2153 1847 2448 1905 victricem
2503 1848 2862 1921 praadicabit,
2893 1850 3012 1906 imo
3069 1866 3254 1921 usque
3297 1854 3633 1922 superatam

1989 1953 2396 2026 confitebitur;
2428 1957 2597 2028 cujus
2619 1956 2700 2013 rei
2733 1956 2846 2015 vita
2867 1957 3058 2014 omnis
3083 1958 3339 2014 humana
3367 1958 3635 2031 exempla

1993 2059 2228 2117 exhibet
2258 2060 2587 2118 innumera.
2620 2062 2708 2118 Tn
2758 2062 3022 2135 quidem,
3052 2078 3172 2135 rex,
3204 2080 3319 2120 non
3361 2068 3449 2121 est
3481 2066 3633 2137 quod

1996 2167 2070 2223 ad
2125 2167 2319 2240 copias
2376 2186 2525 2243 quas
2583 2170 2870 2242 possides,
2903 2171 3291 2229 mercenarius
3350 2172 3634 2244 adjicias;

1996 2273 2139 2331 satis
2167 2275 2323 2331 enim
2352 2291 2676 2333 numerosae
2697 2293 2764 2334 ac
2795 2282 2944 2335 bene
2973 2278 3273 2335 instructae
3298 2284 3459 2349 sunt,
3489 2283 3547 2336 et
3573 2281 3632 2335 in

1995 2382 2313 2454 pugnando
2351 2383 2494 2440 satis
2534 2383 2709 2441 fortes
2755 2388 2929 2456 atque
2959 2385 3229 2456 audaces,
3270 2390 3335 2443 ut
3364 2385 3634 2443 hostibus

1995 2489 2271 2544 terrorem
2297 2504 2362 2547 ac
2391 2493 2611 2547 metum
2643 2489 2930 2561 iujiciant.

2066 2791 2153 2849 10.
2183 2791 2346 2855 Quod
2377 2791 2610 2862 quidem
2640 2790 2958 2862 praesrtim
2979 2793 3299 2865 continget,
3331 2793 3381 2849 si
3411 2793 3483 2850 de
3521 2809 3631 2850 su-

1993 2898 2213 2969 perﬂuo
2242 2902 2344 2954 tuo
2392 2897 2671 2955 beneficia
2718 2899 2779 2953 in
2818 2898 2972 2970 ipsos
3011 2899 3261 2967 confers,
3292 2914 3473 2972 eoque
3504 2900 3630 2957 ani-

1993 3004 2277 3061 mosiores
2322 3004 2482 3076 ipsos
2509 3020 2576 3062 ac
2623 3020 2802 3061 manu
2842 3005 3107 3062 fortiores
3145 3008 3212 3062 ad
3243 3008 3631 3078 pugnandum

1992 3110 2209 3168 reddis.
2242 3108 2345 3166 Hic
2375 3113 2528 3167 certe
2550 3110 2610 3166 in
2642 3127 2781 3181 pace
2808 3109 2860 3166 si
2889 3127 2952 3167 se
2981 3110 3240 3184 cognitos
3260 3110 3630 3181 habuissent,

1988 3235 2088 3275 eos
2118 3235 2233 3276 non
2257 3218 2585 3276 audiissent
2613 3219 2712 3291 qui
2745 3233 2858 3290 quo
2890 3234 3006 3276 non
3036 3219 3342 3292 oportebat
3363 3222 3630 3293 progredi

228 3304 425 3398 ούτους
478 3335 649 3406 εἰκὸς,
696 3333 1018 3408 πολεμικῶς
1067 3330 1455 3408 ἀσκουμένους,
1506 3335 1593 3389 καὶ
1653 3334 1878 3406 μετιόν-

1992 3325 2391 3384 hortabantur.
2419 3327 2539 3383 lmo
2580 3327 2621 3383 ii
2651 3326 2765 3399 ipsi
2791 3326 2928 3398 quid
2960 3326 3189 3383 valeant
3218 3326 3450 3384 humeri
3470 3328 3629 3385 haud

224 3446 321 3488 τας
378 3425 451 3480 τὲι
506 3425 736 3481 τακτικά
769 3444 785 3458 ⁶
842 3426 934 3479 καὶ
985 3425 1049 3479 τὸ
1107 3425 1322 3496 σύμπαν
1380 3423 1571 3493 εἰπεῖν,
1631 3420 1721 3477 διὰ
1772 3429 1874 3492 τῆς

224 3518 492 3590 συνεχοῦς
521 3514 658 3587 πρὸς
707 3511 991 3584 ἀλλήλους
1039 3512 1309 3587 ἁμίλλης,
1357 3513 1419 3567 τὸ
1467 3511 1698 3585 θυμικὸν
1746 3509 1876 3565 ἂνά-

220 3624 463 3665 πτοντας
511 3605 683 3683 σφίσι,
733 3603 825 3657 καὶ
874 3602 1038 3658 οἱονεὶ
1080 3603 1215 3677 πρὸς
1264 3600 1593 3675 συμπλοκὰς
1640 3599 1877 3673 ἑτοίμως

224 3690 382 3770 ἔχειν
446 3691 852 3753 διανιστάντας’
903 3691 1026 3748 ὅταν
1056 3688 1103 3747 δ’
1141 3689 1208 3746 αὖ
1250 3690 1497 3764 πόλεμος
1545 3689 1737 3764 ἐπιστῇ
1787 3689 1876 3745 καὶ

230 3784 518 3862 μάχεσθαι
557 3780 675 3856 δὲῃ,
722 3780 863 3836 οὕτω
911 3787 1253 3857 παρασκευῆς
1302 3781 1391 3836 καὶ
1446 3781 1677 3858 γνώμης
1720 3777 1879 3855 ἐχόν-

222 3895 363 3940 των,
424 3872 503 3934 ὡς
550 3876 741 3945 πρῶτα
797 3871 890 3943 μὲν
949 3867 1079 3944 μηδ’
1110 3870 1170 3924 ἂν
1198 3869 1251 3925 εἶ’
1275 3891 1329 3925 τι
1367 3870 1457 3925 καὶ
1506 3871 1729 3925 πάθοιεν
1775 3870 1875 3939 τήν

222 3962 380 4032 τάξιν
416 3958 599 4014 λιπεῖν
642 3956 923 4029 ἐθελῆσαι,
956 3956 1101 4013 ἀλλὰ
1139 3959 1228 4013 καὶ
1266 3957 1537 4020 πολλάκις
1576 3957 1624 4012 εἴ
1663 3958 1774 4013 οἷόν
1819 3977 1879 4013 τε

221 4050 322 4106 καὶ
359 4051 466 4117 τῆς
527 4051 713 4123 ψυχῆς
769 4048 942 4117 αὐτῆς
996 4046 1237 4103 ἐκπεσεῖν
1295 4045 1425 4120 μηδ’
1486 4048 1543 4102 ἂν
1599 4049 1881 4122 παραιτή-

224 4141 470 4195 σαετθοιι⁸
524 4136 710 4193 ἔπειτα
758 4138 828 4191 τὰ
875 4137 968 4210 μὲν
1016 4140 1127 4192 τῶν
1170 4135 1458 4209 πολεμίων
1507 4137 1680 4192 οἰκεῖα
1730 4138 1877 4213 σφίσι

221 4229 503 4302 νομίζειν,
536 4228 570 4281 ἃ
610 4223 665 4281 δὲ
698 4225 947 4300 πρόσεστ’
985 4224 1190 4295 αὐτοῖς,
1253 4222 1461 4298 μηδένα
1508 4226 1713 4281 τούτων
1755 4246 1879 4280 ποι·

223 4319 410 4372 εἷσθαι
468 4314 673 4390 λόγον’
724 4315 799 4377 ὡς
848 4313 909 4369 ἃν
964 4317 1102 4389 μήτε
1150 4311 1238 4369 διὰ
1277 4319 1444 4370 ταῦτα
1492 4313 1875 4393 φιλοψυχῶσι,

222 4405 497 4461 κάκείνων
530 4403 681 4466 ὅπως
711 4400 952 4479 γένοιντο
982 4404 1186 4480 κύριοι,
1215 4409 1332 4465 τοῖς
1362 4402 1659 4475 πολεμίοις
1712 4403 1881 4478 ὁμόσε

227 4497 542 4571 χωροῦσιν,
577 4491 641 4548 οὐ
693 4494 998 4570 φρονήματι
1035 4493 1222 4566 μόνον,
1273 4491 1420 4549 ἀλλὰ
1467 4492 1557 4547 καὶ
1603 4512 1879 4570 καταφρο-

226 4586 440 4656 νήματι
474 4602 490 4616 υ
521 4582 805 4644 τοιούτους
846 4578 905 4636 δέ
944 4602 1090 4645 τινας
1138 4582 1363 4644 τούτους
1416 4582 1553 4652 ἓξεις
1599 4581 1689 4637 καὶ
1736 4580 1881 4637 πολ-

230 4674 339 4729 λοῦ
377 4692 444 4747 γε
491 4668 766 4732 καλλίους
817 4669 906 4725 ἐὰν
957 4672 1014 4726 εὗ
1063 4669 1300 4739 είδῶσιν,
1352 4671 1426 4734 ὡς
1457 4671 1491 4726 ’ὰ
1524 4671 1618 4744 μὶν
1671 4666 1882 4727 ἀποϐα-

232 4760 430 4816 λοῦσιν
459 4760 511 4815 ἐν
538 4764 619 4832 τῷ
647 4759 905 4833 πολὲμῳ,
949 4764 1117 4815 ταῦτα
1157 4759 1315 4822 αὐτὸς
1364 4760 1470 4815 ἀπὸ
1520 4760 1736 4817 πολλοῦ
1783 4765 1883 4817 τοῦ

233 4850 543 4926 κρείττονος
590 4849 1065 4919 ἆντικαταστήσεις
1124 4848 1330 4911 αὐτοῖς.
1384 4848 1443 4906 Ei
1495 4846 1554 4904 δὶ
1620 4851 1711 4905 καὶ
1750 4850 1884 4906 τού-

232 4961 354 5003 τοις
401 4944 580 4994 πεσεῖν
644 4937 874 4994 ἐνταῦθα
920 4933 1276 5011 ξυμϐήσεται,
1327 4938 1389 4993 σὺ
1439 4936 1496 4993 δὲ
1542 4943 1731 5014 πρῶτα
1788 4939 1882 5012 μὶν

235 5030 470 5090 τούτους
500 5028 577 5091 ὡς
604 5046 831 5096 νικητας
869 5032 1102 5101 νομιεῖς,
1151 5025 1295 5082 οὕτω
1350 5027 1581 5104 γνώμης
1630 5023 1880 5104 ἔχοντας,

231 5120 322 5177 καὶ
377 5120 528 5175 οὕτω
578 5116 1139 5192 παρεσκευασμένους,
1194 5121 1264 5191 τῇ
1309 5117 1462 5193 φύσει
1514 5116 1571 5174 δὲ
1618 5119 1694 5183 ὡς
1740 5119 1883 5182 εἰκὸς

232 5210 478 5281 εἴξαντας
504 5226 519 5240 ⁸
575 5202 746 5263 ἔπειτ’
791 5205 869 5269 εἷς
912 5204 1041 5267 τοὺς
1088 5204 1262 5261 αὐτῶν
1311 5203 1508 5269 παῖδας
1554 5206 1883 5281 ἀπομνημο-

229 5298 439 5360 νεύσεις
497 5299 599 5367 τήν
653 5298 839 5372 χάριν,
905 5294 997 5349 καὶ
1051 5293 1257 5351 τούτων
1313 5296 1387 5357 ὡς
1448 5294 1662 5352 οἰκείων
1736 5297 1882 5353 ἀντι-

232 5390 468 5461 ποιήσῃ,
504 5384 562 5441 εὖ
590 5389 769 5441 ποιῶν
799 5384 868 5439 τά
893 5403 952 5438 τε
976 5382 1122 5439 ἄλλα
1150 5384 1239 5440 καὶ
1277 5386 1377 5454 τὴν
1422 5386 1678 5460 πατρῴαν
1728 5387 1885 5459 τάξιν

230 5473 536 5537 ἀποδιδούς
579 5495 594 5508 ·
656 5474 898 5548 καθάπερ
956 5474 1212 5543 Ἀθήναις
1262 5478 1371 5529 τῶν
1433 5472 1485 5529 ἰν
1530 5480 1610 5547 τῷ
1657 5471 1887 5547 πολέπῳ

235 5565 713 5637 τετελευτηκότων
763 5561 890 5625 τοὺς
937 5558 1136 5626 παῖδας
1181 5561 1421 5632 ἐποίουν,
1473 5561 1716 5637 δημοσίᾳ
1762 5564 1883 5640 τρέ-

238 5677 427 5734 φοντες
483 5654 654 5731 ἄχρις
708 5647 880 5725 ἥϐης,
934 5653 1021 5707 καὶ
1071 5652 1182 5706 τότ’
1241 5650 1414 5708 οἴκαδ’
1466 5652 1888 5727 ἀποπέμποντες

246 5745 379 5821 μετᾶ
406 5748 515 5803 τῶν
545 5740 874 5798 πανοπλιῶν
902 5759 914 5773 '
947 5739 1037 5797 καὶ
1064 5737 1147 5805 τίς
1197 5740 1298 5798 οὐκ
1342 5737 1403 5799 ἂν
1452 5739 1761 5819 ἀφειδήσειε
1786 5748 1888 5816 τῆς

1984 3431 2320 3505 ignorantes
2352 3451 2455 3506 pro
2505 3432 2744 3491 militari
2783 3450 2901 3506 qua
2948 3433 3239 3505 pollebant
3276 3436 3629 3507 experientia

1984 3542 2198 3615 pugnis
2244 3557 2304 3597 se
2362 3556 2429 3598 ao
2470 3540 2882 3598 certaminibus
2912 3540 3155 3598 miscere
3198 3541 3530 3612 debebunt;
3566 3546 3631 3599 ut

1985 3649 2189 3722 paucis
2245 3647 2458 3717 dicam,
2517 3648 2814 3706 continuis
2879 3648 3124 3705 invicem
3209 3649 3627 3707 certaminibus

1986 3753 2217 3810 animus
2247 3751 2320 3808 iis
2345 3756 2630 3821 augescet,
2662 3759 2717 3808 et
2747 3768 2957 3810 manus
2985 3768 3294 3810 conserere
3326 3770 3625 3825 nunquam

1986 3877 2102 3917 non
2134 3860 2314 3931 parati
2335 3865 2526 3915 erunt.
2559 3859 2704 3916 Dein
2748 3861 2851 3918 ubi
2905 3859 3057 3917 bello
3088 3865 3285 3918 exorto
3324 3862 3624 3935 pugnandi

1985 3967 2298 4027 necessitas
2327 3966 2626 4035 aderit,ita
2651 3968 2891 4025 animati
2916 3973 3090 4024 erunt
3112 3971 3178 4023 ut
3195 3984 3298 4025 nec
3315 3967 3374 4025 in
3396 3984 3625 4026 summo

1986 4091 2181 4133 rerum
2215 4074 2548 4132 discrimine
2578 4078 2771 4132 castra
2801 4076 3094 4143 deserant,
3129 4074 3247 4131 imo
3276 4074 3458 4132 vitam
3491 4093 3628 4133 cum

1986 4182 2271 4255 sanguine
2300 4181 2497 4238 efflare
2551 4181 2751 4239 velint.
2784 4185 2909 4238 Huc
2960 4182 3180 4238 accedit
3223 4182 3376 4253 quod
3402 4198 3494 4240 res
3522 4182 3628 4240 bo-

1988 4291 2163 4347 stium
2195 4307 2334 4346 suas
2380 4304 2508 4346 esse
2539 4296 2796 4356 censent,
2855 4305 3096 4345 suarum
3155 4294 3343 4346 autem
3404 4288 3629 4346 nullam

1990 4397 2271 4454 rationem
2315 4395 2592 4452 habeant.
2623 4396 2823 4467 Neque
2872 4412 2940 4451 eo
2974 4395 3162 4468 magis
3194 4395 3372 4452 vitam
3407 4400 3629 4465 amant,

1988 4504 2088 4560 sed
2121 4503 2318 4560 hostes
2365 4507 2431 4558 ut
2485 4503 2761 4573 subigant
2807 4503 3257 4574 aggrediuntur,
3289 4506 3534 4559 mortem
3566 4520 3633 4559 ac

1989 4611 2165 4665 vitam
2189 4610 2355 4681 juxta
2382 4609 2683 4666 habentes.
2716 4607 2888 4664 Tales
2920 4624 3017 4665 eos
3057 4617 3112 4665 et
3143 4608 3329 4665 multo
3363 4609 3631 4667 meliores

1912 4676 2255 4785 l)babebis,
2301 4716 2401 4772 ubi
2461 4715 2716 4787 primum
2774 4730 3127 4788 persuasum
3186 4716 3259 4772 iis
3314 4716 3425 4773 erit
3478 4718 3632 4789 quod

1992 4822 2050 4877 in
2077 4821 2230 4878 bello
2251 4822 2647 4894 perdiderunt,
2670 4826 2772 4878 tua
2802 4839 2973 4894 opera
3019 4822 3165 4895 ipsis
3194 4824 3253 4879 in
3297 4822 3509 4881 melius
3542 4841 3633 4881 re-

1992 4929 2262 4984 stitutum
2293 4928 2385 4986 iri.
2407 4928 2627 4993 Quodsi
2648 4945 2788 4986 casu
2824 4929 2983 4986 fatali
3005 4934 3378 5003 superantur,
3410 4934 3473 4987 tu
3507 4933 3636 5003 qui-

1990 5036 2121 5093 dem
2145 5052 2239 5093 eos
2289 5052 2406 5092 non
2447 5035 2644 5092 minus
2675 5053 2775 5107 pro
2822 5036 3145 5093 victoribus
3175 5037 3439 5109 habebis,
3471 5038 3632 5095 forti-

1990 5142 2215 5199 tudinis
2267 5158 2465 5199 eorum
2516 5143 2741 5199 ratione
2777 5142 2997 5211 habita,
3030 5158 3369 5216 quanquam
3408 5143 3467 5200 in
3502 5145 3638 5202 fatis

1994 5248 2161 5307 aliter
2190 5250 2321 5319 fuit,
2352 5254 2409 5306 et
2438 5249 2753 5306 liberorum
2776 5249 2849 5305 ab
2881 5249 3027 5321 ipsis
3058 5249 3392 5306 relictorum
3415 5268 3639 5309 memor

1992 5365 2093 5406 eos
2137 5353 2203 5404 ut
2247 5353 2381 5404 tuos
2430 5347 2734 5421 adoptabis
2782 5351 2839 5403 et
2887 5352 3134 5405 honores
3181 5349 3395 5420 quibus
3444 5355 3639 5424 patres

1995 5445 2156 5503 fruiti
2206 5446 2455 5515 fuerant,
2484 5447 2545 5502 in
2575 5463 2676 5501 eos
2726 5446 3007 5513 conteres,
3040 5445 3191 5503 sicut
3232 5448 3636 5515 Athenienses,

1996 5544 2098 5616 qui
2128 5544 2186 5600 in
2239 5542 2390 5600 bello
2427 5558 2709 5600 caesorum
2750 5546 2923 5599 natos
2951 5544 3022 5599 ad
3055 5544 3417 5615 pubertatem
3453 5564 3642 5621 usque

1997 5642 2246 5715 publicis
2293 5642 2576 5714 impensis
2631 5640 2931 5709 educatos,
2963 5646 3252 5714 postremo
3305 5644 3485 5700 armis
3544 5645 3641 5703 in-

1998 5744 2255 5801 structos
2303 5741 2376 5800 ad
2431 5756 2568 5800 suos
2615 5738 3014 5799 remittebant.
3053 5740 3195 5809 Quis
3250 5742 3483 5800 tandem
3523 5758 3640 5800 non
