4062 6308
489 331 610 392 463

1797 341 2191 405 THEODULI
2239 341 2589 402 MONACHI

3753 342 3856 403 464

491 465 673 520 vitam
706 469 1054 533 contemnet,
1086 468 1255 536 cujus
1283 469 1516 524 animus
1545 471 1617 526 de
1648 471 1863 528 talibus
1895 491 2101 546 persua

2213 476 2430 549 ,ψυχῆς
2475 473 2607 545 μετά
2661 471 2923 527 τοιούτων
2974 473 3444 547 παραταττόμενος
3499 473 3725 546 μάλιστα
3767 472 3856 528 λο-

492 567 624 608 sum
658 555 878 609 habet?

565 681 650 734 11.
679 680 823 744 Quid
871 681 1079 752 plura?
1131 681 1245 739 Hos
1295 693 1350 739 el
1379 690 1617 741 caeteros
1658 704 1864 744 omnes
1896 690 2130 746 univer-

489 787 601 842 sim
633 796 686 842 et
715 786 1010 858 sigillatim
1038 791 1230 862 magni
1255 792 1541 848 aestimare
1563 811 1667 849 nec
1689 794 1932 851 minoris
1953 813 2129 868 quam

486 898 544 949 te
582 893 771 965 ipsum
805 894 1016 963 facere,
1049 913 1154 967 pro
1203 897 1481 969 dignitate
1511 899 1911 968 cobonestare,
1946 902 2132 974 iisque

486 1017 598 1056 non
649 1003 714 1056 ut
743 1001 998 1058 subditis
1029 1005 1126 1058 sed
1179 1009 1243 1058 ut
1289 1005 1561 1062 afﬁnibus
1602 1008 1709 1073 uti,
1737 1009 2003 1079 benignis
2033 1026 2131 1066 eos

485 1113 855 1170 sermonibus
898 1113 1110 1186 alloqui
1161 1121 1217 1171 et
1266 1117 1584 1189 benignum
1636 1123 1811 1175 temet
1859 1120 1919 1176 in
1968 1120 2127 1192 ipsos

481 1227 769 1292 praestare,
802 1223 972 1296 plane
1002 1228 1169 1279 tuum
1215 1225 1344 1280 erit.
1368 1225 1461 1282 Sic
1501 1243 1642 1283 sane
1675 1228 1820 1283 bene
1862 1227 2125 1284 faciendo

480 1344 612 1384 cum
646 1328 928 1400 dignitate
967 1335 1023 1385 et
1071 1331 1290 1402 gravite
1320 1331 1379 1387 id
1411 1333 1631 1389 efﬁcies
1665 1337 1730 1390 ut
1774 1338 1829 1390 te
1872 1352 1984 1390 non
2019 1335 2125 1390 mi-

481 1453 593 1492 nus
623 1452 798 1508 quam
830 1443 1015 1492 semet
1043 1438 1205 1508 ipsos
1236 1439 1506 1511 diligant,
1539 1450 1601 1496 ut
1640 1442 1748 1496 tibi
1777 1459 1891 1498 non
1927 1442 2123 1500 minus

477 1559 656 1614 quam
687 1543 794 1600 sibi
826 1544 969 1615 ipsis
997 1545 1194 1600 omnia
1226 1547 1416 1602 fausta
1465 1552 1792 1619 precentur.
1823 1549 2121 1606 Subditios

477 1667 733 1723 namque
776 1653 1229 1722 gubernantium
1291 1654 1576 1710 felicitatis
1637 1658 1947 1729 participes
1992 1673 2121 1714 esse

474 1761 720 1829 oportet.
749 1758 856 1814 Tui
886 1759 1062 1830 igitur
1091 1764 1147 1815 te
1165 1776 1279 1815 non
1302 1765 1421 1816 tam
1456 1766 1520 1817 ut
1549 1777 1767 1834 regem,
1800 1765 1897 1819 sed
1929 1769 1996 1819 ut
2021 1781 2118 1836 pa-

475 1867 620 1920 trem
669 1865 994 1922 amicumve
1043 1867 1430 1938 honorabunt,
1463 1873 1634 1940 atque
1664 1870 1745 1926 ita
1803 1875 1868 1926 ut
1914 1887 2016 1941 pro
2061 1875 2120 1929 te
2147 1853 2196 1919 Β

471 1969 665 2028 laetius
695 1988 871 2044 quam
913 1988 1016 2043 pro
1055 1989 1117 2029 se
1146 1973 1290 2044 ipsis
1335 1981 1580 2031 mortem
1616 1980 1884 2048 oppetere
1913 1977 2114 2035 velint.

472 2077 700 2134 Interea
730 2084 925 2135 autem
956 2096 1072 2136 non
1095 2080 1314 2136 sufﬁcit
1342 2085 1408 2136 ut
1427 2083 1508 2138 sis
1540 2084 1835 2154 paciﬁcus,
1869 2090 1970 2140 aut
1999 2084 2115 2141 bel-

469 2186 593 2242 lum
637 2186 772 2256 alio,
804 2203 982 2259 quam
1027 2204 1146 2259 quo
1196 2189 1334 2257 dixi,
1367 2190 1538 2245 modo
1579 2195 1847 2262 geras,et
1893 2192 2114 2250 caeteris

469 2293 715 2351 excellas
764 2296 1114 2363 virtutibus;
1166 2297 1270 2352 sed
1318 2297 1371 2352 id
1401 2297 1505 2352 tibi
1563 2299 1856 2369 agendum
1916 2303 2005 2355 est
2051 2303 2113 2356 ut

469 2401 743 2458 omnibus
782 2408 984 2474 gratus
1023 2407 1081 2458 et
1122 2409 1396 2476 acceptus
1444 2405 1642 2476 populi
1685 2405 1933 2476 gratiam
1966 2407 2110 2462 adeo

467 2515 686 2582 captes,
719 2515 786 2565 ut
843 2511 901 2565 in
953 2511 1218 2566 omnium
1270 2512 1498 2567 animas
1549 2511 1870 2568 domineris
1917 2513 2110 2584 potius

463 2633 640 2688 quam
693 2633 966 2687 corpore;
1012 2618 1166 2672 unde
1211 2618 1310 2673 ﬁet
1347 2623 1412 2672 ut
1457 2623 1510 2672 te
1541 2619 1735 2688 ipsum
1768 2618 1900 2690 plus
1930 2635 2106 2691 quam

420 2775 423 2777 _
462 2739 566 2793 pro
597 2727 653 2778 te
676 2727 923 2779 metuas.
949 2723 1255 2794 Delegatos
1283 2740 1452 2794 porro
1484 2741 1631 2794 quos
1662 2730 1763 2780 aut
1797 2725 1918 2796 ipse
1940 2724 2108 2781 alior-

460 2846 592 2886 sum
627 2831 812 2886 mittis
845 2835 946 2886 aut
987 2847 1134 2901 quos
1166 2831 1236 2886 ab
1269 2831 1478 2886 exteris
1509 2833 1783 2902 gentibus
1817 2833 1886 2886 ad
1923 2841 1975 2887 te
2005 2847 2100 2887 ve-

460 2937 685 2992 nientes
736 2937 972 3008 excipis,
1009 2953 1268 3008 unquam
1304 2937 1400 2994 diu
1433 2937 1584 2994 circa
1627 2941 1683 2994 te
1739 2938 1954 2994 habeas
1984 2938 2102 2994 imo

459 3046 803 3117 quantocius
840 3046 1120 3102 dimittas.
1157 3045 1262 3101 Alii
1295 3047 1452 3101 enim
1504 3046 1748 3102 consilia
1781 3051 1881 3101 tua
1911 3045 2099 3100 divul-

455 3154 714 3224 gabunt;
765 3154 864 3209 alii
907 3155 1061 3225 quod
1101 3154 1211 3209 sibi
1255 3159 1605 3226 proponunt,
1639 3155 1945 3222 attingant,
1980 3170 2095 3225 quo

2243 568 2458 637 γισμῶν
2481 563 2569 616 καὶ
2600 566 2695 616 τοῦ
2721 561 2858 616 πάνυ
2889 564 3172 616 πεπεῖσθαι
3201 582 3214 630 ;

2319 655 2406 706 ια’.
2468 651 2654 708 Καίτοι
2709 652 2764 705 τί
2813 651 2959 726 λέγω
3001 670 3015 720 ;
3065 651 3156 704 xui
3202 651 3435 713 τούτους
3484 653 3580 726 γὰρ
3628 652 3712 705 xui
3769 652 3855 705 πά-

2239 760 2333 800 τας
2363 739 2488 801 τοὺς
2520 738 2728 802 ἄλλους
2769 740 2858 794 καὶ
2897 745 3060 814 κοινῇ
3099 741 3188 794 καὶ
3227 741 3347 794 καθ’
3385 738 3476 794 ἕνα
3514 743 3632 815 περί
3681 740 3854 794 τοσού-

2237 851 2334 884 του
2365 831 2633 884 ποιεῖσθαι
2674 826 2880 891 δίκαιος
2924 829 2982 883 ἂν
3022 828 3164 900 εἴης,
3207 830 3280 892 ὡς
3320 829 3411 884 xui
3460 833 3648 884 σαυτοῦ
3702 827 3854 901 μηδὲν

2238 921 2400 987 ἧττον
2441 918 2669 980 τούτους
2717 918 2920 994 φιλεῖν,
2966 919 3057 972 καὶ
3107 925 3209 988 τῆς
3266 920 3592 994 γιγνομένης
3645 915 3851 972 ἕκαστον

2236 1014 2403 1079 τιμῆς
2452 1007 2658 1080 ἀξιοῦν,
2696 1006 2785 1062 καὶ
2826 1007 2974 1072 ὅλως
3011 1007 3125 1081 οὐχ
3161 1009 3235 1068 ὡς
3278 1008 3543 1077 ὑπηκόοις
3590 1005 3852 1080 μᾶλλονῆ

2237 1099 2312 1158 ὡς
2339 1097 2734 1174 γνησιωτάτοις
2781 1099 3105 1175 κεχρῆσθαι,
3156 1097 3247 1168 καὶ
3296 1097 3362 1152 τά
3410 1098 3591 1153 εἰκότα
3635 1100 3854 1152 συνεῖναι

2235 1186 2324 1241 xui
2365 1184 2727 1261 διαλέγεσθαι,
2777 1185 2865 1240 xui
2907 1184 2996 1240 διά
3040 1187 3254 1243 πάντων
3301 1186 3506 1242 τούτων
3553 1185 3609 1241 εὖ
3653 1191 3851 1240 ποιεῖν’

2239 1274 2450 1348 μᾶλλον
2500 1273 2557 1331 δὲ
2608 1279 2742 1350 μετὰ
2789 1275 3001 1330 πάντων
3046 1277 3254 1331 τούτων
3297 1276 3388 1331 καὶ
3434 1281 3606 1330 ποιεῖν
3652 1273 3728 1342 εῦ,
3771 1274 3854 1329 καὶ

2231 1366 2293 1420 τὸ
2323 1366 2514 1438 σεμνὸν
2543 1372 2644 1434 τῆς
2676 1366 2852 1440 ἀρχῆς
2895 1362 3204 1434 διασώζων,
3241 1362 3304 1434 ὂῆ
3317 1385 3417 1436 μον
3461 1366 3590 1420 εἶναι
3621 1367 3688 1438 τῇ
3718 1364 3856 1439 γνώ-

2235 1477 2310 1528 μῃ
2339 1456 2428 1509 καὶ
2460 1453 2537 1528 τῷ
2581 1455 2919 1528 προσίεσθαι,
2966 1452 3058 1508 ’ἶνα
3096 1455 3188 1509 καὶ
3231 1454 3381 1510 οὗτοί
3414 1475 3469 1509 σε
3509 1458 3653 1532 σφῶν
3693 1451 3852 1507 αὐτῶν

2234 1544 2448 1617 μᾶλλον
2491 1544 2669 1621 φιλεῖν
2717 1543 2912 1619 ἔχωσι,
2961 1543 3050 1598 καί
3096 1565 3181 1598 σοι
3230 1545 3298 1599 τὰ
3331 1543 3568 1618 βέλτιστ’
3615 1543 3693 1597 ἀεὶ
3742 1563 3852 1596 συν-

2230 1635 2498 1708 εύχωνται
2543 1631 2709 1688 πλέον
2761 1633 2795 1703 ἢ
2830 1635 3010 1708 σφίσιν
3062 1635 3248 1693 αὐτοῖς
3275 1652 3286 1664 ⁸
3344 1629 3561 1704 μᾶλλον
3611 1629 3655 1686 δ’
3694 1631 3742 1685 ἐν
3778 1633 3851 1701 τῷ

2227 1727 2312 1781 σοὶ
2379 1731 2546 1782 ταῦτα
2613 1724 2986 1800 συνεύχεσθαι,
3053 1725 3143 1778 καὶ
3214 1724 3392 1800 σφίσιν
3461 1723 3647 1782 αὐτοῖς
3712 1718 3850 1775 οῦδὲν

2225 1815 2394 1883 ἦττον
2435 1819 2602 1870 ταῦτα
2643 1814 3031 1888 συνεύχονται·
3071 1820 3179 1877 Τῆς
3219 1814 3325 1888 φάρ
3367 1817 3474 1867 τῶν
3527 1810 3847 1886 κρατούντων

2228 1902 2574 1977 εὐδαιμονίας
2637 1908 2917 1959 κοινωνεῖν
2986 1903 3194 1980 ἀνάγκη
3295 1901 3422 1964 τοὺς
3495 1901 3597 1956 ὑπὸ
3662 1905 3846 1974 χεῖρα·

2228 1992 2370 2048 οὕτω
2401 1991 2448 2048 δ’
2475 1990 2714 2070 ἔχοντες,
2755 1995 2846 2048 καί
2886 2013 2945 2047 σε
2991 1993 3066 2066 μὴ
3119 1994 3284 2064 μόνον
3333 1991 3408 2052 ὡς
3447 1988 3682 2065 ἄρχοντα
3710 1992 3842 2063 σφῶν

2225 2086 2490 2155 τιμῶντες
2547 2081 2695 2137 ἀλλά
2742 2081 2832 2136 καὶ
2873 2080 3077 2154 πατέρα
3114 2081 3249 2135 κατὰ
3283 2081 3346 2134 τὸ
3386 2077 3519 2141 ἔπος
3559 2079 3631 2140 ὡς
3672 2079 3845 2147 ἤπιον,

2223 2171 2312 2225 xui
2345 2173 2519 2225 θανεῖν
2549 2170 2752 2226 ἓλοιντ⁹
2787 2170 2845 2225 ἂν
2891 2171 3022 2244 ὑπὲρ
3076 2173 3172 2223 σοῦ
3224 2167 3436 2241 μᾶλλον
3471 2168 3506 2237 ἢ
3543 2169 3670 2243 ὑπὲρ
3710 2169 3843 2242 σφῶν

2223 2259 2418 2318 αὐτῶν.
2473 2260 2658 2322 Οὕτως
2708 2261 2807 2314 οὐκ
2863 2259 3084 2334 ἀπόχρη
3149 2259 3321 2331 μόνοκ
3377 2257 3648 2332 εἰρηνικὸν
3699 2256 3844 2326 εἶναι,

2221 2351 2309 2404 καὶ
2361 2352 2446 2412 οἷς
2496 2348 2628 2427 ἔφην
2675 2349 3036 2424 στρατεύμασι
3085 2350 3348 2423 χρῆσθαι,
3399 2348 3488 2401 xui
3534 2348 3666 2422 πρός
3697 2346 3746 2420 γ’
3775 2342 3845 2398 ἔτι

2219 2444 2347 2494 πᾶσι
2389 2445 2504 2501 τοῖς
2552 2436 2747 2500 ἄλλοις
2798 2439 3143 2510 κοσμεῖσθαι,
3192 2436 3317 2492 ἀλλ’
3367 2438 3518 2499 ὅπως
3569 2453 3844 2510 συγκεκρο-

2217 2528 2454 2601 τημένος
2520 2529 2778 2582 πάντοθεν
2843 2525 2934 2601 ἔσῃ
3007 2526 3097 2580 καὶ
3167 2523 3484 2599 μηδαμόθεν
3543 2525 3843 2599 τοπαράπαν

2219 2617 2581 2686 ἐλλελοιπὼς,
2643 2615 2725 2672 δεῖ
2766 2617 2900 2687 πρὸς
2949 2617 3128 2687 τούτῳ
3172 2615 3262 2669 καὶ
3315 2613 3615 2688 δημοτικὸν
3657 2613 3842 2673 παντὸς

2220 2707 2431 2780 μᾶλλον
2464 2707 2553 2762 καὶ
2602 2712 2716 2768 τοῖς
2762 2711 2892 2761 πᾶσι
2943 2705 3257 2760 κοινότατον
3306 2705 3456 2759 εἶναι.
3504 2703 3584 2781 ἐφ’
3615 2705 3659 2776 ᾧ
3699 2706 3842 2777 βασι-

2216 2794 2389 2851 λεύειν
2428 2791 2574 2871 ἔχειν
2617 2794 2668 2850 ἐν
2705 2801 2825 2857 ταῖς
2875 2794 3124 2849 ἀπάντων
3175 2796 3402 2868 ψυχαῖς,
3453 2795 3547 2847 καὶ
3597 2794 3699 2866 πρὸ
3742 2795 3837 2844 τῶν

2214 2887 2481 2958 σωμάτων
2536 2885 2630 2946 τὰς
2681 2886 2902 2958 γνώμας
2958 2885 3296 2958 χειροῦσθαι,
3372 2881 3464 2936 καὶ
3522 2882 3836 2957 παρασκευά-

2214 2979 2321 3043 ζειν
2357 2975 2432 3036 ὠς
2463 2974 2686 3044 ἀληθῶς
2720 2975 2796 3047 μή
2849 2974 2905 3027 σὲ
2957 2970 3171 3045 μαλλον
3205 2973 3239 3042 ἢ
3274 2972 3406 3046 ὑπὲρ
3440 2976 3540 3026 σοῦ
3591 2969 3793 3026 δεδιέναι
3815 2984 3830 3000 ⁶

2210 3059 2460 3138 πρέσϐεις
2511 3063 2691 3137 μέντοι
2743 3063 2833 3117 καὶ
2881 3061 2972 3124 οὓς
3039 3062 3199 3124 αὐτὸς
3247 3061 3489 3116 ἑκάστοτ’
3537 3059 3823 3134 ἐκπέμπεις,

2209 3154 2301 3209 καὶ
2333 3155 2427 3216 οὓς
2472 3155 2597 3228 παρ’
2647 3153 2832 3209 ἄλλων
2877 3153 3109 3222 ἣκοντας
3158 3150 3313 3226 δέχῃ,
3369 3152 3448 3224 μή
3505 3150 3676 3207 πολύν
3719 3166 3824 3202 τινα

457 3261 517 3316 in
549 3261 886 3317 discrimine
919 3263 1299 3318 metuendum
1331 3266 1421 3318 est
1459 3278 1529 3317 ne
1550 3261 1728 3317 nostri
1753 3261 1944 3318 ofﬁcio
1977 3262 2093 3316 mi-

2213 3244 2408 3322 χρόνον
2465 3243 2606 3316 παρά
2657 3246 2839 3314 σαυτῷ
2893 3243 3169 3320 κατέχειν,
3238 3238 3365 3296 ἀλλ’
3423 3240 3578 3303 ὅπως
3622 3238 3827 3295 ἀπίωσιν

458 3385 570 3424 nus
601 3370 1000 3438 satisfaciant;
1042 3371 1252 3438 caeteri,
1285 3386 1357 3426 ne
1387 3369 1564 3425 rebus
1613 3369 1827 3426 nostris
1860 3369 2096 3440 potituri

448 3477 610 3547 justo
655 3476 786 3548 plus
828 3475 1176 3548 investigent
1220 3484 1274 3532 et
1303 3476 1389 3533 sic
1428 3477 1732 3532 commodo
1771 3493 1878 3531 suo
1909 3475 2094 3531 inser-

449 3584 631 3641 viant.
665 3584 808 3640 Nam
838 3585 887 3640 si
910 3599 1273 3656 quascunque
1304 3583 1456 3639 infra
1495 3583 1674 3640 solem
1725 3587 1888 3652 sunt,
1919 3600 2092 3639 occu-

451 3705 588 3760 pare
645 3689 816 3759 idque
850 3689 1082 3744 nemine
1126 3689 1452 3756 resistente,
1476 3688 1583 3743 tibi
1635 3687 1962 3760 contigerit,
1988 3704 2091 3744 nec

449 3794 728 3866 delegatis
775 3811 880 3851 nec
927 3795 1328 3850 defensoribus
1360 3795 1460 3851 tibi
1491 3811 1639 3866 opus
1669 3801 1822 3850 esset
1853 3811 1866 3848 :
1900 3796 1945 3849 si
1987 3811 2090 3850 au-

448 3907 567 3958 tem
601 3901 796 3957 hostes
827 3901 882 3956 in
907 3906 962 3957 te
994 3903 1381 3973 insurgerent,
1415 3918 1548 3957 cum
1595 3903 1753 3957 omni
1812 3918 2089 3956 aerumna-

447 4023 577 4064 rum
607 4023 813 4077 genere
834 4008 939 4062 tibi
965 4008 1397 4078 conﬂigendum
1430 4009 1594 4063 foret.

516 4415 600 4469 12.
631 4413 689 4469 Si
717 4413 845 4468 dein
882 4413 1044 4484 probi
1073 4411 1227 4484 regis
1257 4411 1646 4481 industriique
1675 4415 1764 4465 est
1794 4413 1857 4464 ut
1885 4424 2080 4464 omnes

440 4520 491 4576 ei
513 4521 788 4589 subjecta:
823 4519 1083 4574 civitates
1113 4535 1290 4588 quam
1325 4517 1544 4588 optime
1573 4515 2074 4582 administrentur,

439 4627 583 4682 scito
615 4626 720 4680 hoc
751 4625 873 4680 ﬁeri
897 4643 1012 4680 non
1040 4641 1229 4695 posse,
1258 4624 1368 4678 nisi
1397 4624 1775 4695 magistratus
1797 4621 2080 4676 omnivir-
2112 4599 2157 4660 ί)

437 4739 624 4790 tutum
650 4749 856 4803 genere
871 4733 1192 4799 emineant;
1215 4732 1552 4786 aliterenim
1580 4731 1700 4786 ista:
1718 4730 2082 4785 ﬂorerenun-

437 4858 609 4912 quam
635 4845 921 4911 poterunt,
947 4839 1075 4893 licet
1108 4855 1206 4892 rex
1226 4840 1300 4892 sit
1325 4838 1561 4907 optimae
1593 4836 1833 4892 indolis.
1862 4836 2078 4892 Idcirco

437 4949 848 5018 magistrtuum
869 4945 1180 5000 electiones
1205 4961 1336 4999 cum
1364 4960 1597 4999 summa
1619 4960 1752 4998 cura
1776 4944 2077 4998 instituen-

434 5054 518 5108 das
551 5059 707 5121 sunt,
741 5054 956 5124 quippe
985 5071 1018 5107 a
1049 5052 1264 5122 quibus
1298 5067 1386 5106 res
1409 5051 1678 5106 secundae
1699 5057 1800 5106 aut
1823 5052 2076 5108 adversus

433 5162 704 5231 pendent.
739 5161 1051 5231 Nunquam
1093 5160 1271 5230 igitur
1301 5159 1508 5213 afﬁnes
1541 5162 1672 5213 tuos
1703 5158 1912 5214 illustri
1949 5158 2072 5213 loco

435 5278 618 5332 natos,
651 5267 750 5321 sed
793 5283 890 5321 eos
925 5267 1300 5336 potissimum
1334 5264 1529 5335 eliges,
1565 5281 1815 5336 quorum
1848 5263 2072 5319 indoles

429 5378 486 5428 et
517 5389 705 5428 mores
733 5389 922 5427 veram
957 5372 1297 5444 dignitatem
1349 5373 1737 5428 constituunt.
1771 5373 1884 5427 Hos
1934 5386 2070 5443 ergo

429 5483 601 5538 rebus
634 5481 1116 5537 administrandis
1146 5480 1442 5552 praeﬁcies,
1467 5496 1520 5538 οι
1553 5482 1635 5537 sic
1668 5479 1927 5536 felicibus
1953 5479 2071 5535 tuis

494 5668 573 5740 (α)
601 5663 740 5724 Cod.
772 5666 908 5725 τοῖς.

2208 3329 2415 3387 ἐνθένδε
2469 3333 2568 3400 τήν
2620 3333 2887 3409 ταχίστην
2952 3329 3371 3404 παρασκευάζειν
3411 3350 3424 3362 ·
3479 3331 3534 3384 οἱ
3586 3331 3676 3402 μέν
3719 3324 3828 3398 περὶ

2204 3422 2276 3475 ὼν
2307 3421 2468 3482 αὐτὸς
2509 3415 2674 3495 ἔγνως
2722 3417 3175 3495 ἀπαγγελοῦντες,
3216 3419 3266 3472 οἱ
3301 3414 3345 3471 δ’
3385 3417 3462 3471 ὧν
3512 3416 3672 3491 εἵνεχ’
3707 3416 3830 3486 ἧκον

2199 3514 2368 3564 ταῦτα
2425 3507 2846 3584 διαπραξάμενοί
2891 3529 2970 3574 τε,
3015 3507 3105 3561 xui
3153 3507 3253 3579 μή,
3295 3505 3368 3568 ὡς
3428 3502 3546 3562 ἔστι
3595 3504 3710 3566 δέος
3759 3502 3828 3574 μὴ

2202 3593 2486 3673 διατριϐῆς
2535 3598 2737 3676 ἀμφοῖν
2783 3596 3136 3673 γιγνομένης,
3188 3595 3238 3649 oi
3292 3596 3387 3668 μὶν
3437 3597 3695 3670 ἡμέτεροι
3741 3589 3828 3646 τοῦ

2201 3685 2415 3748 δέοντος
2461 3688 2850 3760 ὑστερήσωσιν,
2895 3686 2946 3739 oi
2986 3683 3031 3739 δ’
3072 3683 3224 3746 ὅπως
3262 3678 3443 3758 ἔχοιεν
3492 3687 3562 3740 τά
3603 3681 3830 3755 ἡμέτερα

2198 3779 2706 3854 περιεργασάμενοι,
2788 3774 3143 3848 καταμάθωσί
3197 3794 3256 3828 τε
3303 3768 3337 3827 ἀ
3384 3775 3462 3846 μὴ
3526 3775 3702 3846 θέμις,
3743 3768 3824 3824 καὶ

2196 3866 2412 3940 προσέτ’
2479 3864 2510 3920 ἃ
2568 3886 2747 3940 σφισιν
2805 3863 2940 3926 ’ίσως
3000 3861 3282 3923 λυσιτελές
3352 3863 3825 3916 συσκευάσωνται·

2197 3955 2242 4009 εἷ
2303 3954 2397 4027 μέν
2452 3954 2553 4030 γὰρ
2602 3961 2701 4023 τῆς
2741 3955 2821 4026 (α)
2870 3953 2954 4029 ὑφ’
3005 3951 3154 4022 ἡλίῳ
3210 3951 3386 4020 πάσης
3433 3949 3697 4025 ἐκράτεις,
3743 3946 3826 4001 καὶ

2195 4041 2534 4098 οὐδοντινοῦν
2596 4043 2688 4098 τὸν
2749 4041 3158 4114 ἐναντιούμενον
3215 4040 3385 4113 εἶχες.
3467 4039 3582 4094 οὔτ’
3638 4037 3695 4092 ἂν
3746 4057 3825 4090 σοι

2193 4129 2492 4208 πρεσϐειῶν
2547 4128 2677 4202 ἔδει,
2737 4129 2861 4186 οὔτε
2910 4133 3009 4199 τῆς
3069 4129 3191 4204 περὶ
3259 4133 3426 4185 ταῦτα
3486 4127 3822 4205 ἀσφαλείας·

2190 4225 2338 4297 ἒχων
2371 4221 2427 4277 δέ
2474 4221 2796 4294 πολεμίους,
2839 4221 2900 4274 σὺ
2944 4217 3000 4274 δὲ
3047 4219 3138 4274 xui
3182 4219 3254 4272 ὧν
3302 4216 3459 4295 ἔφην,
3504 4216 3555 4287 ἐξ
3590 4218 3824 4291 ἀνάγκης

2187 4311 2376 4388 ’ίσχεισ
2403 4311 2656 4386 ἀνάγκην.

2265 4403 2351 4476 ιβ’.
2414 4402 2508 4456 Καὶ
2567 4403 2672 4472 μὴν
2719 4399 2765 4454 εἶ
2808 4401 3052 4474 χρηστοῦ
3102 4399 3194 4470 μὲν
3234 4393 3345 4450 ἔστι
3409 4394 3686 4470 βασιλέως
3740 4391 3824 4448 xui

2193 4489 2324 4563 μάλ’
2373 4489 2643 4559 ἀπόδειξις
2692 4487 2923 4564 ἐναργὴς
2979 4487 3041 4540 τὸ
3099 4487 3271 4546 πάσας
3319 4483 3512 4546 πόλεις
3573 4484 3648 4545 ὡς
3706 4479 3826 4537 κάλ·

2191 4582 2350 4636 λιστα
2391 4578 2731 4647 διοικεῖσθαι,
2773 4581 2932 4631 τοῦτο
2975 4573 3031 4629 δὲ
3069 4573 3166 4629 οὐκ
3204 4572 3263 4627 ἃν
3305 4572 3415 4644 εἵη,
3458 4574 3536 4646 μή
3577 4576 3689 4628 τῶν
3729 4572 3822 4642 ἅρ-

2191 4691 2307 4746 χειν
2351 4669 2632 4748 λαχόντων
2672 4667 2806 4741 πρὸς
2843 4665 3037 4740 ἀρετὴν
3077 4662 3132 4718 εῦ
3171 4661 3534 4736 ἡρμοσμένων
3564 4675 3578 4693 ⁶
3621 4661 3695 4722 ὡς
3726 4658 3824 4714 ἄλ-

2191 4761 2300 4821 λως
2343 4781 2405 4834 γε
2445 4759 2710 4834 ἐχόντων,
2750 4753 2872 4809 οὐδὲ
2909 4752 3102 4814 ταύτας
3144 4749 3554 4806 ούδοπωστιοῦν
3590 4749 3648 4806 εὖ
3679 4743 3817 4824 ἔχειν

2189 4848 2303 4902 οἷόν
2333 4869 2410 4916 τε,
2442 4845 2537 4902 κᾶν
2568 4848 2595 4900 ὃ
2641 4843 2942 4919 βασιλεύων
2985 4842 3140 4896 πάντ’
3188 4839 3403 4914 ἄριστος
3564 4842 3700 4912 μετά
3738 4858 3821 4892 το-

2184 4939 2381 5006 σαύτης
2432 4931 2708 5009 ἀκριϐείας
2755 4932 2847 4995 τὰς
2897 4930 3248 5006 ἀρχαιρεσίας
3299 4930 3572 4984 ποιεῖσθαι
3628 4925 3732 4995 δεῖ,
3770 4926 3817 4980 έν

2183 5028 2270 5088 αἷς
2311 5026 2371 5080 τό
2420 5047 2474 5079 τε
2522 5030 2727 5098 χεῖρον,
2787 5023 2848 5077 τό
2905 5022 2951 5074 τ’
3007 5022 3225 5092 ἄμεινον
3280 5015 3684 5073 κινδυνεύεται·
3745 5015 3815 5074 ὡς

2184 5118 2259 5187 μὴ
2293 5115 2374 5170 ὅτι
2419 5113 2545 5175 τοὺς
2596 5112 2732 5168 κατὰ
2760 5110 2915 5187 γένος
2960 5130 3044 5164 σοι
3097 5106 3469 5187 διαφέροντας,
3523 5105 3652 5162 οὐδὲ
3698 5104 3818 5165 τοὺς

2179 5206 2284 5260 ἀπὸ
2335 5203 2588 5277 μεγάλων
2642 5201 2971 5274 τιμημάτων
3031 5199 3118 5254 καὶ
3176 5197 3381 5273 βαθέων
3427 5195 3620 5264 οἵκων,
3679 5192 3819 5250 ἀλλά

2177 5294 2302 5356 τοὺς
2341 5292 2768 5352 ἐπιεικεστάτους
2813 5289 2907 5351 τὰς
2959 5287 3166 5363 φύσεις,
3217 5287 3306 5341 καὶ
3348 5289 3444 5341 τοῦ
3502 5285 3679 5341 καλοῦ
3733 5281 3817 5338 διὰ

2175 5383 2353 5452 πάσης
2397 5379 2539 5443 ἰδέας
2582 5381 2811 5449 ἣκοντας
2858 5378 2906 5448 ἐξ
2957 5376 3192 5451 ἀνάγκης
3232 5376 3520 5451 αἱρεῖσθαι,
3563 5375 3654 5429 xui
3694 5372 3818 5429 τού-

2172 5495 2298 5536 τους
2328 5478 2445 5537 τοῖς
2486 5476 2800 5551 πράγμασιν
2840 5467 3140 5550 ἐφιστάναι,
3182 5468 3257 5532 ὡς
3293 5466 3354 5522 ἃν
3401 5465 3493 5520 καὶ
3533 5465 3598 5520 τὸ
3638 5461 3815 5543 γιγνό-
