4062 6308
242 439 364 503 465

1397 448 1692 513 ORATIO
1738 449 1838 512 DE
1883 451 2116 515 REGIS
2159 457 2511 517 OFFICHS.

3537 473 3658 535 466

240 591 408 642 μενον
444 569 534 627 διὰ
582 572 796 630 πάντων
830 576 1093 646 σώκηται,
1128 582 1224 634 σοῦ
1269 601 1326 635 τε
1375 578 1527 644 ὄντος
1579 584 1856 656 βελτίστου

2003 588 2280 660 auspiciis
2331 607 2421 646 res
2469 591 2639 648 salva
2689 597 2880 662 erunt,
2921 596 3095 653 urbes
3145 603 3204 655 et
3259 607 3461 674 gentes
3493 605 3661 664 bonis

233 659 508 715 κάκείνων
558 661 646 716 ἐπὶ
678 669 758 735 τῷ
805 666 1067 734 σώζεσθαι
1099 669 1190 721 καὶ
1239 668 1429 732 πόλεις
1478 674 1567 727 καὶ
1616 669 1767 743 ἔθνη,
1798 675 1886 729 καὶ

229 754 347 816 τῆς
389 750 597 824 ἀγαθῆς
652 752 727 814 ὡς
777 752 942 808 εἰπεῖν
992 755 1170 828 τύχης
1205 759 1338 829 μετά
1388 759 1601 815 πολλοῦ
1647 768 1744 817 τοῦ
1787 785 1890 818 πε-

231 838 460 909 ριόντος
513 844 647 894 πᾶσι
707 848 966 913 μετεῖναι.
1021 847 1180 900 Ὅταν
1239 844 1294 901 δὲ
1356 847 1418 902 σὺ
1471 850 1568 922 μὲν
1622 856 1701 919 τῷ
1772 850 1886 907 ὄντι

232 925 534 998 βέλτιστος
591 930 678 1000 ᾕς,
737 932 788 985 ὁὶ
855 929 912 986 δὲ
966 938 1069 986 πᾶν
1141 936 1473 1008 τούναντίον,
1540 947 1714 994 νοσεῖν
1795 943 1888 1014 μὲν

225 1014 451 1085 ἀνάγκη
484 1018 582 1078 τὰς
632 1017 822 1078 πόλεις
871 1021 1127 1094 καὶπρὸς
1173 1025 1235 1078 τὸ
1284 1023 1451 1097 μηδὲν
1495 1025 1604 1096 ἤδη
1657 1036 1882 1106 χωρεῖν,

226 1105 291 1157 σὲ
333 1101 390 1157 δὲ
438 1103 514 1165 εἰς
547 1104 773 1181 α’ίνιγμα
819 1107 1053 1177 πίπτειν,
1103 1108 1193 1164 διὰ
1224 1113 1320 1183 μὲν
1377 1116 1567 1170 σαυτὸν
1618 1117 1707 1171 καὶ
1755 1117 1883 1174 ὄντα

230 1192 532 1266 βέλτιστον
561 1197 645 1250 καὶ
693 1197 1009 1272 λεγόμενον,
1043 1197 1131 1255 διὰ
1182 1198 1239 1256 δὲ
1274 1202 1402 1266 τοὺς
1433 1207 1497 1260 οὐ
1545 1205 1730 1270 καλῶς
1771 1214 1878 1263 τῶν

223 1284 581 1358 πραγμάτων
641 1283 1079 1361 ἐπιστατοῦντας,
1131 1290 1165 1344 ἃ
1231 1293 1308 1362 μή
1362 1301 1602 1368 προσῆκε
1658 1298 1883 1368 νομιζό-

227 1391 406 1444 μενον
442 1374 530 1428 καὶ
577 1373 895 1449 λεγόμενον.
935 1379 990 1433 Εἰ
1045 1380 1140 1451 μὲν
1174 1381 1277 1457 γὰρ
1323 1384 1442 1437 οἷόν
1493 1385 1541 1438 τ’
1584 1386 1651 1454 ἦν
1700 1384 1882 1462 ὥσπερ

222 1460 546 1535 ὑπόπτερον
598 1463 929 1540 ἑκασταχόσε
978 1473 1206 1544 χωρεῖν,
1258 1471 1346 1524 καὶ
1404 1469 1492 1526 διὰ
1545 1481 1645 1548 γῆς
1701 1476 1879 1544 πάσης

222 1549 376 1604 ἱέναι
407 1548 562 1612 οἵους
606 1552 734 1614 τοὺς
783 1556 1192 1628 Τριπτολέμους
1243 1555 1496 1622 διαύλους
1539 1563 1666 1638 φασὶ
1715 1585 1879 1636 ποιη-

300 1640 321 1660 ,
445 1638 519 1657 ι...
626 1642 651 1660 ,ι
942 1651 967 1660 -
1183 1647 1195 1666 ,
1283 1650 1295 1664 .
1362 1651 1386 1664 ..
1526 1652 1540 1671 ,
1601 1652 1624 1672 ,ς
1752 1659 1776 1670 ..

216 1660 345 1709 ται,
406 1653 559 1696 ουὸεν
623 1665 683 1697 αν
742 1645 807 1712 ἦν
863 1665 1109 1722 πραγμα,
1170 1647 1277 1703 αλλ
1354 1671 1521 1705 απαντ
1597 1675 1656 1709 αν
1712 1653 1878 1729 ρᾳστα

215 1729 324 1782 καὶ
377 1730 514 1798 μετὰ
565 1733 764 1793 παντὸς
829 1737 925 1787 τοῦ
973 1736 1300 1810 γιγνομένου
1349 1734 1417 1792 δι’
1467 1740 1630 1794 αὐτόν
1687 1745 1878 1799 σαυτὸν

217 1821 619 1894 κατειργάζου,
674 1823 761 1876 καὶ
814 1820 1164 1895 μηδεντινοὸν
1210 1830 1279 1899 τῇ
1335 1830 1497 1900 κακίᾳ
1552 1832 1738 1905 χώραν
1779 1855 1878 1888 παι

221 1911 441 1980 ρεῖχες,
471 1907 620 1964 ἀλλὰ
669 1911 803 1983 πρὸς
853 1917 931 1981 τῷ
981 1913 1137 1967 πάνθ’
1189 1913 1222 1967 a
1267 1923 1514 1989 προσῆκε
1562 1925 1754 1985 ποιεῖν,
1785 1923 1874 1976 καὶ
1910 1957 1956 2020 Β

264 2019 287 2020 η
343 2019 348 2020 ,
373 1999 386 2020 ἲ
537 2005 558 2014 ’³
683 2001 695 2016 1
817 1999 865 2020 3"
885 2002 896 2020 1
1018 2000 1069 2018 ’κ
1112 2004 1121 2020 ρ
1320 2006 1333 2020 1
1392 2006 1404 2020 ι
1504 2007 1516 2020 1
1697 2015 1721 2020 .-
1851 2017 1874 2020 _.

220 1999 428 2052 σαυτὸν
469 2005 585 2061 τοῖς
641 2001 740 2055 οὐκ
788 1999 984 2056 εἰδόσιν
1015 2000 1277 2076 ἐδείκνυς,
1308 2006 1414 2059 ἀπὸ
1448 2007 1616 2078 μόνου
1663 2015 1754 2064 νῦν
1783 2017 1878 2066 τοῦ

214 2089 626 2162 προσρήματος
689 2092 1151 2164 γιγνωσκόμενος,
1228 2099 1525 2163 τηνικαῦτα
1595 2095 1638 2150 δ’

220 2175 513 2251 ὁρώμενος
549 2196 561 2209 ·

1714 2099 1876 2163 αὐτὸς

607 2179 695 2235 ὅτε
746 2177 802 2235 δὲ
830 2184 991 2236 τοῦτο
1041 2181 1139 2237 οὐκ
1185 2179 1285 2249 ἔνι,
1337 2184 1615 2258 ἀρχόντων
1659 2185 1741 2244 δεῖ
1789 2211 1874 2244 σοι

217 2273 514 2341 χρηστῶν,
545 2269 637 2324 καὶ
689 2272 764 2341 μή
795 2270 1136 2345 ψευδομένων
1184 2274 1448 2348 τοῦνομα,
1485 2275 1616 2348 μηδ’
1663 2280 1750 2342 οἷς
1788 2282 1874 2334 ἂν·

217 2358 464 2429 θρώπων
499 2356 690 2432 ἄρχειν
741 2357 1012 2431 δοκοῦσιν,
1045 2365 1223 2420 αὐτῶν
1275 2366 1376 2421 ὑπὸ
1419 2367 1730 2439 λημμάτων
1779 2369 1872 2424 καὶ

215 2445 284 2500 οὗ
333 2446 526 2502 καλῶν
578 2448 881 2522 ἐπιθυμιῶν
942 2451 1190 2516 ἐλεεινῶς
1247 2454 1597 2534 ἀρχομένων,
1652 2455 1744 2512 ’ίνα
1799 2455 1870 2511 δι’

215 2535 397 2592 αὐτῶν
438 2537 626 2612 ὥσπερ
673 2545 836 2594 τινῶν
885 2542 1149 2614 ὀμμάτων
1201 2543 1348 2600 ο⁹ίκοι
1395 2549 1724 2619 καθήμενος,
1775 2550 1867 2603 καὶ

211 2627 282 2682 τα
303 2631 447 2683 πάνυ
475 2650 564 2684 τοι
613 2629 806 2705 πόρῥω
834 2633 1007 2687 πάντα
1057 2631 1292 2709 διορώῃς
1330 2657 1408 2705 τε,
1458 2638 1548 2692 καὶ
1595 2639 1867 2710 κοσμοίης

219 2716 453 2771 ἐπαίνων
482 2720 696 2789 ἀξίους,
727 2721 818 2774 καὶ
867 2721 944 2784 ὡς
971 2724 1032 2777 ἄν
1079 2745 1162 2786 τις
1192 2726 1376 2800 παρὼν
1407 2727 1496 2781 καὶ
1539 2732 1646 2782 τῶν
1679 2749 1864 2803 γιγνο-

230 2806 409 2877 μὲνων
433 2805 628 2863 ἕκαστα
663 2806 881 2882 βλέπων
917 2828 928 2840 ·
967 2811 1028 2865 ού
1065 2814 1171 2883 μήν
1207 2814 1421 2876 τούτοις
1469 2814 1861 2895 ἐπιτετραφὸτα

225 2893 288 2948 τὸ
345 2898 462 2961 πᾶν,
524 2896 897 2972 ῥᾳθυμότερόν
952 2920 1068 2960 πως
1134 2900 1295 2956 αὐτὸν
1368 2906 1478 2977 χρή
1539 2901 1860 2974 διακεῖσθαι,

230 2980 340 3037 οὐδ’
382 2984 554 3046 οὕτως
608 2984 1126 3061 ἐῤῥᾳστωνευμένως
1179 2987 1250 3044 δι’
1278 2991 1473 3054 αὐτοὺς
1528 2999 1644 3055 τοῖς
1693 2996 1862 3070 πράγ-

221 3092 348 3142 μασι
378 3074 644 3146 χρῆσθαι,
687 3075 763 3134 ὡς
797 3077 938 3147 μήτε
969 3076 1161 3151 λόγοις
1204 3081 1332 3151 μήτ’
1362 3079 1544 3156 ἔργοις
1580 3081 1707 3155 μηδ’
1742 3087 1857 3138 οἱσ-

208 3181 348 3214 τισιν
411 3161 727 3237 τοπαράπαν
789 3165 926 3238 πρὸς
981 3167 1174 3235 ἀρετὴν
1245 3166 1449 3225 ἐθέλειν
1505 3172 1600 3233 τὰς
1664 3174 1854 3236 πόλεις

205 3249 556 3322 προτρέπειν,
588 3248 719 3304 ἀλλ’
765 3251 945 3324 ὥσπερ
988 3253 1050 3313 ἃν
1099 3255 1144 3309 εἰ
1197 3257 1272 3328 μὴ
1317 3258 1527 3314 τούτων
1575 3261 1853 3334 παρόντων

202 3315 448 3411 ἀνάγκην
501 3335 656 3414 ἔσχες
697 3339 880 3411 αὐτὸς,
913 3342 1094 3419 ὥσπερ
1143 3343 1234 3400 οὖν
1276 3347 1364 3400 καὶ
1408 3352 1497 3401 νῦν
1547 3346 1716 3424 ἓχεις,
1759 3353 1851 3407 ἅτε
1882 3315 1925 3383 C

197 3426 404 3488 κοινὼς
450 3428 704 3482 ἁπάντων
757 3427 1068 3500 μελεδωνός
1126 3433 1216 3487 καὶ
1272 3439 1581 3507 προστάτης
1631 3440 1846 3504 ταύταις

195 3517 541 3594 εἰσηγεῖσθαι
572 3521 635 3574 τὸ
687 3517 804 3574 δέον
858 3521 948 3576 καὶ
978 3523 1152 3578 πάντα
1199 3525 1400 3598 τρόπον
1443 3535 1604 3602 χεῖρα
1649 3532 1852 3600 σώζου-

191 3626 288 3660 σαν
354 3605 690 3682 ὑπερίσχειν.
749 3608 908 3666 Οὕτω
969 3613 1256 3686 παρόντων
1311 3615 1401 3670 καὶ
1463 3618 1593 3688 μαλ’
1657 3617 1848 3698 ἄρχειν

191 3692 451 3763 εἰδότων,
507 3695 596 3750 καὶ
655 3696 814 3752 αὐτὸν
877 3698 944 3754 τὰ
996 3703 1145 3775 παρά
1213 3709 1412 3758 σαυτοῦ
1487 3708 1845 3785 συνεισφέρειν

188 3785 282 3839 καὶ
341 3785 761 3860 συμφροντίζειν
817 3786 998 3864 ὥσπερ
1049 3789 1214 3861 εἷ’κὸς,
1271 3796 1361 3847 νῦν
1424 3795 1519 3866 μὲν
1577 3801 1695 3857 ταῖς
1753 3800 1848 3852 πό-

190 3873 319 3929 λεσι
381 3870 452 3926 δι’
505 3873 808 3931 ἐπιστολῶν
871 3878 1123 3950 ὁμονοεῖν
1164 3882 1696 3957 παρακελευόμενον,
1755 3889 1846 3942 καὶ

195 3968 323 4025 τοῖς
381 3965 800 4038 προϊσταμένοις
851 3967 924 4030 ὡς
987 3967 1208 4040 μάλιστ’
1257 3971 1512 4041 ὑπείκειν,
1562 3976 1649 4030 καὶ
1698 3975 1844 4039 ὅλως

195 4053 277 4106 ὧν
315 4052 413 4123 μὲν
457 4049 678 4127 ἔχεσθαι
723 4056 860 4129 χρὴ,
909 4057 984 4111 ὧν
1030 4055 1076 4111 δ’
1123 4058 1439 4134 ἀπέχεσθαι,
1469 4067 1557 4116 νῦν
1593 4061 1648 4120 δὲ
1689 4066 1843 4119 σπεύ-

192 4138 390 4202 δοντας
418 4142 511 4195 καὶ
545 4143 740 4206 αὐτοὺς
782 4146 918 4200 κατὰ
947 4146 1009 4200 τὸ
1055 4144 1186 4210 ’έπος
1227 4149 1543 4221 ὀτρύνοντα,
1573 4153 1662 4208 καὶ
1702 4175 1846 4228 προ-

191 4229 536 4303 θυμοτέρους
586 4236 731 4310 σφῶν
784 4233 960 4289 αὐτῶν
1010 4237 1332 4294 καθιστάντα
1364 4256 1377 4270 ⁸
1437 4241 1552 4296 ἐπεὶ
1613 4241 1671 4297 δὲ
1715 4245 1842 4306 τοὺς

188 4319 469 4396 ἡνιόχους
518 4320 731 4393 ὁρῶμεν
764 4323 829 4377 οὗ
878 4329 999 4385 ταῖς
1029 4329 1135 4380 τῶν
1178 4324 1365 4382 ’ίππων
1410 4329 1623 4403 ἀρεταῖ)
1677 4334 1840 4404 μόνον

187 4408 548 4482 χρώμένους,
580 4405 726 4462 ἀλλά
755 4412 844 4464 καὶ
878 4410 1028 4487 λόγῳ
1075 4414 1165 4468 καὶ
1195 4412 1338 4489 ἓργῳ
1368 4418 1435 4472 τὰ
1479 4421 1605 4492 παρ’
1639 4422 1838 4477 ἐαυτῶν

188 4497 612 4569 προστιθέντας.
654 4498 752 4551 Καὶ
782 4503 943 4555 τοῦτο
979 4504 1073 4572 μὲν
1107 4500 1175 4571 δὴ
1202 4511 1474 4562 τοιοῦτον.

269 4587 366 4661 ιγ’.
420 4589 732 4659 Χρημάτων
780 4587 838 4642 δὲ
879 4591 1002 4666 πέρι
1050 4596 1167 4654 πῶς
1216 4591 1275 4648 ἂν
1321 4592 1466 4670 ἔχειν
1525 4601 1730 4674 χρῆναί
1783 4625 1840 4659 σε

2002 695 2276 753 omnibus
2321 698 2868 757 circumﬂuentibus
2917 702 3244 762 ﬂorebunt.
3280 710 3496 774 Quodsi
3525 729 3659 771 vero

2003 806 2063 856 tu
2098 804 2330 874 quidem
2379 806 2636 877 Optimus
2668 825 2749 871 es,
2783 809 2937 866 cives
2969 815 3162 868 autem
3203 831 3233 870 e
3264 822 3462 874 contra
3491 820 3655 892 pravi

2001 917 2161 978 sunt,
2189 912 2448 970 civitates
2498 914 2762 972 labantes
2806 916 2865 972 in
2919 919 3159 976 exitium
3194 929 3399 992 ruent;
3433 934 3492 981 tu
3525 929 3652 999 ipse

2001 1022 2192 1074 autem
2227 1037 2326 1092 per
2357 1021 2660 1078 hominum
2693 1041 2794 1080 ora
2817 1025 2927 1082 ibis
2949 1026 3264 1087 dicentium
3282 1036 3336 1088 te
3359 1037 3647 1106 optimum

2000 1125 2234 1196 quidem
2265 1127 2453 1182 virum
2487 1128 2866 1188 inﬁrmiorem
2899 1149 3026 1189 esse
3057 1154 3234 1206 quam
3265 1144 3328 1194 ut
3345 1143 3646 1212 magistra-

1998 1235 2092 1287 tus
2123 1250 2156 1288 a
2204 1235 2633 1304 praevaricando
2676 1238 2981 1310 impedias.
3017 1242 3073 1296 Si
3106 1243 3262 1298 enim
3297 1247 3416 1302 ﬁeri
3448 1254 3644 1319 posset

1997 1345 2062 1394 ut
2089 1341 2315 1396 semitae
2335 1357 2479 1412 quas
2511 1348 2691 1415 poetae
2721 1346 3073 1418 Triptolemi
3107 1351 3339 1407 nomine
3369 1354 3646 1413 decorant

1993 1448 2175 1501 totam
2207 1451 2420 1503 terram
2454 1452 2852 1520 pervaderent,
2886 1455 3048 1510 nulla
3072 1457 3196 1526 jam
3216 1458 3533 1518 difﬁcultas
3555 1479 3642 1518 es-

1993 1557 2100 1619 set,
2133 1555 2230 1608 sed
2286 1555 2484 1612 omnia
2533 1559 2780 1628 pedibus
2812 1561 3093 1618 subderes
3123 1566 3264 1633 tuis,
3295 1567 3637 1642 nullumque

1994 1657 2197 1714 sceleri
2228 1660 2418 1717 locum
2449 1663 2639 1732 dares,
2674 1666 2828 1721 sicut
2859 1674 3031 1723 antea
3061 1669 3348 1727 bonarum
3380 1677 3436 1728 te
3465 1675 3638 1730 actio-

1993 1782 2131 1822 num
2163 1768 2456 1840 exemplar
2485 1771 2817 1829 exhibuisli.
2847 1775 2957 1830 Sed
2981 1792 3111 1832 cum
3135 1778 3194 1832 id
3226 1779 3346 1835 ﬂeri
3373 1780 3497 1850 jam
3517 1799 3631 1839 non

1991 1876 2190 1944 possit,
2219 1875 2385 1934 bonis
2416 1879 2521 1934 tibi
2555 1897 2635 1947 re,
2659 1899 2773 1937 non
2803 1884 3038 1939 nomine
3067 1891 3293 1942 tantum
3326 1889 3630 1960 magistra-

1988 1978 2142 2034 tibus
2189 1997 2338 2050 opus
2381 1990 2488 2051 est,
2523 1997 2573 2040 et
2621 1987 2720 2058 qui
2755 1987 3021 2046 homines
3051 1992 3376 2061 gubernare
3408 2010 3631 2064 praesu-

1987 2093 2174 2155 munt,
2208 2090 2346 2146 dum
2380 2091 2492 2164 ipsi
2524 2097 2718 2166 pravis
2749 2099 3172 2168 cupiditatibus
3204 2102 3411 2158 misere
3443 2103 3628 2161 laces-

1984 2199 2213 2262 suntur,
2242 2199 2374 2253 dum
2431 2206 2492 2254 tu
2543 2201 2667 2272 ipse
2697 2203 2880 2260 bonos
2911 2207 3097 2278 sequis
3127 2208 3314 2264 oculis
3345 2210 3630 2268 discernis

1982 2307 2040 2358 et
2085 2303 2354 2362 laudibus
2403 2307 2590 2364 effers.
2642 2311 2768 2367 Non
2818 2313 2976 2368 enim
3034 2317 3366 2373 committes
3414 2324 3481 2374 ut
3528 2336 3620 2376 res

1981 2409 2134 2466 male
2183 2427 2244 2466 se
2293 2411 2564 2482 habeant,
2597 2432 2945 2490 semperque
2994 2419 3052 2474 id
3101 2436 3238 2493 ages
3274 2426 3336 2476 ut
3363 2423 3624 2483 civitates

1978 2530 2113 2570 voce
2162 2521 2218 2572 et
2263 2519 2524 2590 exemplo
2572 2524 2642 2577 ad
2675 2524 2906 2580 virtutis
2935 2526 3273 2583 exercitium
3308 2531 3619 2602 propellas,

1977 2638 2322 2694 persuasum
2356 2626 2574 2684 habens
2607 2631 2778 2701 quod,
2810 2631 2858 2686 si
2891 2635 3247 2690 contrarium
3279 2637 3511 2705 accidit,
3535 2657 3620 2694 re-

1974 2744 2103 2783 rum
2129 2733 2424 2802 angustiis
2447 2736 2812 2805 premereris,
2829 2741 3059 2794 utnuno
3073 2741 3305 2810 quidem
3323 2759 3336 2809 ;
3353 2744 3618 2802 omnium

1972 2834 2128 2889 enim
2161 2841 2224 2891 tu
2257 2843 2542 2908 protector
2570 2858 2637 2896 ac
2668 2847 2862 2899 custos
2893 2860 3097 2901 omnes
3127 2846 3266 2917 quid
3288 2847 3499 2919 cuique
3531 2851 3614 2906 fa-

1971 2939 2245 2998 ciendum
2277 2945 2352 2999 sit
2389 2945 2625 3002 docebis
2656 2965 3020 3022 manumque
3060 2953 3395 3010 auxiliarem
3426 2958 3614 3028 porri-

1967 3063 2090 3119 ges.
2126 3053 2288 3117 Quod
2341 3054 2390 3108 si
2439 3071 2532 3110 res
2581 3056 2661 3112 ita
2690 3074 2754 3113 se
2801 3058 3036 3128 habent,
3071 3070 3128 3118 tu
3161 3078 3281 3119 rem
3316 3065 3606 3136 publicam

1967 3169 2068 3224 pro
2097 3156 2247 3212 virili
2281 3165 2440 3230 parte
2461 3162 2920 3233 administrahis,
2944 3166 3094 3222 cives
3114 3168 3352 3240 quidem
3375 3171 3446 3226 ad
3471 3187 3612 3228 oon-

1965 3261 2222 3320 cordiam
2271 3274 2324 3320 et
2369 3267 2439 3322 ad
2473 3268 2818 3341 obsequium
2850 3289 2948 3342 per
2979 3272 3196 3330 litteras
3226 3275 3612 3340 exhortando.

1962 3375 2020 3426 et
2068 3387 2194 3442 qua
2234 3374 2614 3444 observanda,
2647 3394 2778 3449 quas
2821 3380 3089 3436 evitanda
3137 3384 3376 3440 veniunt
3417 3394 3610 3441 osten-

1961 3475 2174 3546 dendo,
2205 3495 2361 3534 nunc
2410 3482 2791 3552 stimulando,
2823 3490 2881 3540 et
2917 3487 3182 3542 animum
3212 3488 3286 3545 iis
3317 3493 3606 3563 augendo,

1960 3586 2249 3657 siquidem
2265 3589 2501 3661 aurigas
2517 3609 2748 3664 quoque
2765 3611 2877 3650 non
2893 3601 3118 3652 tantum
3133 3614 3416 3670 equorum
3431 3603 3611 3657 virtu-

1959 3693 2113 3749 tibus
2149 3697 2228 3750 uti
2257 3697 2546 3764 videmus,
2571 3701 2783 3772 quippe
2813 3703 2914 3773 qui
2947 3703 3116 3761 verho
3147 3721 3215 3763 ac
3246 3723 3308 3764 re
3338 3707 3602 3765 adhibita

1956 3802 2297 3870 procedunt.
2330 3805 2438 3860 Sed
2470 3804 2593 3862 haec
2623 3806 2927 3865 hactenus.

2021 4607 2107 4661 13.
2139 4609 2270 4661 Jam
2303 4607 2616 4662 dicendum
2647 4611 2737 4662 est
2767 4607 2994 4678 qualem
3019 4611 3074 4663 te
3103 4608 3253 4665 circa
3284 4609 3589 4680 pecuniam

191 4680 413 4753 φῶμεν,
445 4675 482 4743 ἢ
514 4674 776 4746 δηλονότι
829 4679 1129 4751 βασιλικῶς
1157 4703 1217 4738 τε
1263 4686 1352 4738 καί
1405 4687 1841 4764 μεγαλοπρεπῶς

192 4766 279 4788 sum‘,
318 4765 391 4788 Α-
445 4764 584 4788 ᾼῙ-.ὶμ
640 4767 693 4788 Υἱ-
760 4787 763 4788 ,
934 4769 948 4787 ἳ
1029 4772 1078 4788 Λς
1237 4774 1251 4788 \
1385 4776 1395 4788 ι
1573 4778 1585 4788 ι
1637 4782 1648 4788 -
1728 4781 1752 4788 -.

1973 4713 2220 4767 Ixhibere
2249 4712 2462 4769 debeas
2487 4730 2500 4767 ε
2536 4714 2753 4783 regium
2781 4715 3003 4770 scilicet
3033 4721 3089 4770 et
3119 4717 3493 4788 magniﬁcum
3528 4722 3593 4772 ut

190 4766 281 4819 καὶ
313 4765 391 4825 ὡς
441 4764 586 4827 εἰκὸς
635 4767 877 4845 ἄρχοντα
923 4769 1117 4844 ἀγαθὸν
1163 4774 1252 4827 καί
1296 4776 1523 4848 γνώμης
1569 4778 1648 4856 ἐφ’
1693 4781 1836 4836 οὕτω

187 4875 279 4909 τοι
308 4853 400 4909 καὶ
433 4851 678 4919 σπουδῆς
729 4856 957 4926 ἥκοντα,
991 4860 1064 4921 ὡς
1095 4866 1254 4916 πᾶσιν
1303 4863 1523 4938 ἀγαθοῖς
1573 4869 1731 4924 αὐτόν
1777 4892 1836 4925 τε

190 4945 586 5016 κεκνσμῆσθαι,
615 4950 735 5009 τοῖς
763 4967 821 5000 τε
867 4945 1061 5010 ἄλλοις
1091 4951 1180 5005 καὶ
1215 4958 1330 5015 τοῖς
1371 4961 1631 5029 παροῦσιν
1689 4959 1836 5033 λέγω

186 5033 280 5087 καὶ
347 5038 463 5096 τοῖς
520 5033 953 5110 ἐπιγιγνομένοις
1007 5039 1179 5095 καλοῦ
1237 5045 1431 5105 παντὸς
1489 5045 1546 5100 ἃν
1596 5050 1835 5119 γενέσθαι

186 5120 573 5197 παράδειγμα;
633 5125 879 5180 τουτέστι
932 5128 1009 5199 μὴ
1069 5129 1145 5194 εἰς
1199 5129 1512 5205 πλεονεξίας
1571 5137 1661 5190 καὶ
1712 5159 1836 5212 τρυ-

187 5210 290 5288 φὰς
321 5213 413 5266 καὶ
441 5213 538 5274 τὰς
571 5213 675 5267 οὐκ
718 5213 1113 5290 ἐπαινουμένας
1152 5217 1356 5286 ἡδονάς
1407 5227 1670 5297 χρήματα
1701 5210 1832 5282 διώ-

184 5321 298 5355 κειν
355 5303 650 5376 αἱρεῖσθαι,
682 5305 772 5358 καὶ
826 5305 941 5378 βίον
974 5312 1071 5378 ζῇν
1120 5309 1278 5384 ὑγρόν
1326 5332 1384 5366 τε
1425 5315 1514 5368 καὶ
1563 5315 1832 5387 ἀνειμένον

180 5391 271 5445 καὶ
320 5395 540 5464 χαμᾶζε
582 5398 814 5467 φέροντα
848 5415 860 5427 ·
911 5395 1038 5452 ἀλλ’
1083 5398 1220 5454 ὥστε
1252 5397 1326 5454 δι’
1373 5402 1547 5458 αὐτῶν
1594 5407 1829 5467 ἅπαντας

181 5480 240 5536 εὖ
294 5487 471 5537 ποιεῖν
527 5479 678 5556 ’ἐχειν
742 5487 1059 5559 θαυμαστῆς
1132 5488 1439 5566 ἐλευθερίας
1497 5498 1584 5550 καί
1663 5519 1827 5572 μεγα-

180 5568 456 5644 λοψυχίας
502 5567 721 5642 ἐφόδιον
775 5575 1103 5648 ποιούμενον
1151 5584 1340 5648 ταῦτα,
1390 5581 1481 5635 καὶ
1539 5586 1825 5658 χρώμενον

177 5659 314 5733 πρὸς
346 5659 378 5715 ἃ
408 5657 512 5718 δεῖ.
551 5661 612 5716 Εἰ
661 5663 756 5734 μὲν
790 5661 890 5717 οῦν
943 5668 1250 5740 χρημάτων
1283 5669 1427 5725 οὕτω
1477 5657 1636 5746 λόγον
1668 5657 1826 5749 ποιῇ,

184 5747 244 5803 οὐ
309 5750 476 5822 μόνον
540 5749 753 5824 ἄγαθῶν
810 5753 1058 5810 ἁπάντων
1116 5757 1468 5835 ἀντιποιήσῃ,
1529 5761 1676 5819 ἀλλὰ
1728 5767 1824 5820 κάν

1945 4820 2193 4890 probum
2243 4835 2439 4890 regem
2489 4823 2762 4876 condecet
2809 4822 2907 4890 qui
2946 4838 3014 4876 ea
3043 4825 3277 4889 sentire,
3310 4823 3383 4878 iis
3414 4823 3590 4880 rebus

1946 4929 2175 4982 studere
2207 4928 2377 4982 debet
2407 4944 2532 4999 quae
2566 4928 2756 4997 ipsum
2791 4934 3073 4984 exornant
3101 4935 3158 4985 et
3182 4930 3397 5001 quibus
3427 4935 3592 4984 caste-

1945 5037 2024 5093 ris
2075 5035 2419 5106 exemplaris
2466 5037 2587 5092 loco
2635 5036 2763 5091 erit.
2797 5037 2854 5092 Id
2905 5038 3022 5104 ﬂet,
3057 5037 3107 5092 si
3155 5039 3226 5092 ab
3258 5038 3499 5093 avaritia
3528 5044 3585 5094 et

1943 5142 2172 5197 luxurie
2202 5157 2364 5212 reque
2394 5151 2650 5197 remotus
2684 5143 2874 5214 pravis
2909 5143 3302 5214 voluptatibus
3346 5160 3459 5200 non
3491 5144 3584 5199 in-

1944 5247 2168 5318 dulges,
2191 5265 2316 5317 quis
2347 5252 2610 5303 naturam
2635 5247 2951 5303 humanam
2985 5250 3291 5320 depravant
3321 5267 3386 5305 ac
3417 5251 3583 5307 humi

1941 5362 2228 5422 sternunt,
2260 5357 2377 5410 imo
2427 5355 2487 5409 in
2519 5354 2798 5411 omnibus
2829 5354 3146 5412 liberaliter
3177 5373 3241 5413 ac
3271 5359 3581 5430 magnani-

1938 5463 2108 5520 miter
2139 5464 2429 5534 agendum
2462 5467 2549 5518 est
2578 5467 2634 5518 et
2657 5467 2720 5520 ut
2740 5480 2884 5519 sana
2913 5463 3056 5520 ratio
3089 5466 3366 5538 praecipit.
3389 5467 3445 5522 Si
3472 5467 3580 5524 hoc

1937 5564 2110 5618 modo
2142 5579 2263 5618 rem
2297 5562 2693 5631 pecuniariam
2723 5563 3018 5632 tractabis,
3043 5579 3160 5620 non
3192 5565 3359 5620 modo
3383 5565 3581 5621 omnia

1935 5661 2088 5717 bona
2117 5662 2515 5733 consequeris,
2547 5661 2644 5716 sed
2685 5660 2861 5716 etiam
2894 5660 2952 5717 in
2983 5663 3280 5734 exigendis
3312 5663 3382 5718 ab
3413 5663 3579 5720 urbi-

1934 5769 2048 5826 bus
2078 5767 2462 5841 vectigalibus
2492 5767 2821 5825 humanum
2853 5772 2911 5825 te
2938 5769 3217 5840 praebebis
3249 5775 3302 5826 et
3339 5769 3578 5826 minime
