4062 6308
357 341 477 408 467

1667 345 2066 410 THEODULI
2109 349 2166 412 Μ
2173 351 2464 414 ONACHI

3652 361 3774 422 468

363 497 655 540 sevorum.
689 482 750 540 Si
798 497 932 537 vero
982 480 1214 538 animus
1260 484 1396 538 tuus
1443 482 1784 554 possidendi
1822 483 2016 540 studio

2156 489 2245 548 αῖς
2289 490 2396 541 τῶν
2448 483 2736 560 δημοσίων
2798 487 3103 564 εἰσπράξεσι
3158 489 3249 546 καὶ
3306 491 3520 548 πόλεων
3587 493 3775 572 εἰσφο-

365 592 555 664 magis
602 607 779 664 quam
831 606 938 663 par
983 594 1072 647 est
1118 594 1370 660 tenetur,
1426 595 1559 647 ante
1598 593 1792 648 omnia
1840 592 2017 648 miror

368 684 484 772 quo
554 703 724 772 pacto
793 713 928 756 cum
997 699 1250 770 pecunias
1319 698 1404 754 sis
1471 715 1692 765 servus,
1753 699 2017 756 homines

367 809 695 880 gubernare
746 820 1095 878 praesumere
1151 805 1389 860 audeas.
1442 805 1536 860 Sic
1594 805 1751 861 enim
1809 805 1905 862 ﬁet
1955 813 2020 864 ut

369 915 686 989 proborum
759 911 1005 979 nullam,
1075 911 1477 984 improborum
1546 927 1777 968 omnem
1833 914 2020 970 ratio-

372 1038 504 1078 nem
553 1020 810 1088 habeas;
860 1035 932 1075 ne
996 1019 1186 1074 dicam
1235 1019 1385 1090 quod
1437 1019 1714 1090 pecunias
1761 1019 2021 1077 tributa-

373 1111 484 1188 rias
539 1143 670 1185 cum
728 1127 943 1182 duritia
999 1127 1216 1198 exiges,
1271 1126 1424 1197 quod
1482 1127 1816 1197 corruptelae
1875 1129 2020 1183 sub-

368 1236 591 1307 jectum
650 1240 704 1289 te
749 1230 1106 1289 monstrabis
1150 1235 1208 1287 et
1255 1231 1326 1286 ad
1384 1229 1566 1287 malas
1616 1239 1769 1288 artes
1815 1233 2022 1288 confu-

373 1342 546 1416 gies:
589 1356 716 1412 quas
764 1339 964 1395 omnia
1006 1355 1122 1394 non
1170 1337 1377 1394 decent
1427 1353 1622 1410 regem
1673 1353 2022 1410 generosum

377 1449 476 1521 qui
524 1449 581 1503 in
630 1447 904 1504 omnibus
953 1447 1171 1518 primas
1197 1449 1418 1512 tenere,
1451 1445 1551 1517 qui
1591 1446 1654 1502 in
1685 1462 1888 1502 omnes
1920 1447 2027 1502 do-

378 1557 590 1614 minari
643 1562 704 1610 ut
747 1553 1071 1612 imbecilles
1111 1554 1296 1611 animi
1326 1553 1647 1625 praesumit.
1681 1554 1804 1610 Imo
1836 1571 1870 1609 a
1899 1570 2027 1611 ma-

378 1662 764 1738 gnanimitate
795 1678 920 1734 qua;
950 1661 1109 1734 regia
1137 1661 1323 1717 virtus
1357 1660 1602 1718 habetur
1631 1662 1774 1718 adea
1803 1667 2026 1719 remota

381 1777 540 1843 sunt,
563 1777 628 1829 ut
649 1786 1057 1844 quemcunque
1085 1769 1200 1827 ista
1224 1771 1532 1827 facientem
1559 1770 2023 1842 deprehendunt,

383 1897 617 1940 summo
677 1880 810 1936 odio
859 1882 1290 1952 prosequantur
1342 1894 1407 1934 ac
1465 1877 1580 1934 tale
1629 1893 1872 1950 regnum
1923 1868 2106 1952 proB

383 1987 815 2048 abominatione
839 1985 1073 2044 habent.
1097 1985 1246 2052 Quid
1273 1985 1430 2042 enim
1446 1986 1474 2041 ?
1497 1985 1600 2057 qui
1631 1985 1702 2042 0b
1723 1986 2028 2057 pecuniam

384 2098 532 2154 altos
553 2094 794 2168 spiritus
817 2093 1018 2166 sumit,
1035 2093 1181 2150 nihil
1203 2096 1410 2166 praeter
1433 2092 1810 2151 ambitionem
1835 2094 2027 2150 studio

386 2204 633 2276 dignum
665 2203 946 2273 censebit,
975 2206 1032 2260 et
1061 2201 1147 2259 sic
1177 2201 1251 2258 ob
1279 2217 1583 2272 pravarum
1614 2202 1830 2258 artium
1855 2219 2031 2259 usum

388 2312 654 2370 omnium
687 2311 888 2367 odium
920 2325 988 2367 ac
1017 2313 1416 2381 contemptum
1447 2309 1725 2367 incurret.
1755 2311 1943 2374 Quare
1966 2313 2030 2366 tu

385 2421 618 2494 quidem
675 2421 920 2475 conatus
975 2417 1392 2490 gloriabundos
1451 2425 1668 2474 sectare
1724 2422 1781 2473 et
1836 2418 2034 2474 inania

387 2529 648 2586 encomia
677 2543 986 2600 aspernare
1010 2545 1024 2596 ;
1050 2543 1174 2599 quis
1204 2526 1384 2598 proba
1413 2530 1551 2582 sunt
1580 2525 1948 2596 amplectere,
1980 2532 2034 2581 et

388 2635 634 2692 humilis
657 2635 1035 2708 negotiatoris
1055 2635 1237 2691 instar
1261 2651 1352 2690 res
1373 2633 1619 2690 ahdorre
1649 2634 2031 2706 spernendae,

369 2761 540 2823 quas
587 2759 693 2800 nec
742 2743 995 2799 maximo
1043 2741 1282 2798 inimico
1332 2741 1552 2813 precari
1599 2740 1870 2796 volueris.
1905 2740 2036 2796 Tibi

395 2851 658 2924 quidem,
689 2865 808 2915 rex,
841 2849 1030 2906 satius
1059 2849 1188 2916 erit,
1213 2849 1336 2905 auri
1370 2848 1710 2920 argentique
1730 2847 2038 2904 thesauros

398 2959 638 3032 perdere
689 2973 866 3028 quam
898 2957 1066 3014 Midea
1096 2957 1325 3012 divitias
1355 2972 1627 3027 superare
1656 2955 1784 3012 sine
1813 2957 2039 3012 decore.

395 3064 640 3122 Interim
686 3069 914 3120 tantum
972 3064 1138 3120 abest
1185 3073 1247 3120 ut
1296 3065 1486 3120 dicam
1534 3067 1592 3118 te
1647 3062 1892 3132 pecunia
1947 3080 2040 3119 ca-

396 3187 520 3232 rere
571 3189 760 3244 posse.
794 3171 1054 3241 Minime,
1099 3172 1217 3228 imo
1265 3188 1380 3227 non
1430 3187 1606 3242 parva
1657 3170 1761 3226 tibi
1809 3186 2044 3226 summa

2130 579 2247 647 ραῖς
2296 575 2682 653 φιλάνθρωπος
2727 575 2858 653 ὄίγαν
2909 575 3029 654 ἔσῃ,
3084 580 3174 635 καὶ
3216 582 3364 638 πολὺ
3415 588 3510 638 τοῦ
3561 581 3776 646 δέοντος

2131 665 2303 743 ὑφιείς
2329 687 2342 701 ·
2378 669 2423 722 εἰ
2458 666 2514 723 δὲ
2555 666 2752 732 δοῦλος
2792 672 2844 724 εἴ
2883 671 3116 741 τούτων,
3159 673 3252 726 καί
3301 694 3398 728 σου
3445 677 3773 750 κατέχουσιν

2126 761 2226 825 τήν
2284 758 2494 835 ψυχήν,
2531 764 2747 831 πρῶτον
2792 760 2886 832 μὲν
2929 762 3264 835 θαυμάσαιμ’
3304 763 3364 817 ἂν
3414 763 3458 818 εί
3493 763 3644 826 ὅλως
3682 765 3774 818 ἀν-

2131 846 2363 918 θρώπων
2420 853 2634 920 κρατεῖν
2687 849 2962 918 ἀξιώσαις,
3009 851 3316 926 χρημάτων
3350 874 3412 929 γε
3443 850 3643 915 δοῦλος
3673 854 3773 908 αὑ-

2129 935 2222 996 τὸς
2253 932 2363 988 ὤν’
2398 934 2580 991 ἔπειτα
2629 934 2798 1008 δόξεις
2847 939 3050 1016 ἀγαθοῦ
3093 941 3186 1014 μὲν
3225 939 3550 996 οὐδοτουοῦν
3601 963 3774 997 τοπα-

2136 1023 2326 1097 ράπαν,
2373 1025 2586 1100 μᾶλλον
2629 1024 2687 1082 δὲ
2724 1027 2938 1082 πάντων
2977 1029 3052 1091 ὡς
3101 1031 3268 1085 εἰπεῖν
3317 1036 3425 1086 τῶν
3473 1032 3775 1106 αἰσχίστων

2135 1114 2304 1188 λόγον
2363 1118 2634 1171 ποιεῖσθαι
2689 1117 3086 1193 φορολογήσεις
3131 1117 3189 1175 δὲ
3239 1120 3470 1196 ἀγεννῶς
3525 1121 3616 1175 καί
3677 1119 3780 1175 δὼ-

2138 1221 2245 1277 ρων
2293 1203 2652 1278 ἐπιθυμήσεις
2693 1205 2783 1260 καὶ
2823 1207 2941 1262 ὅθεν
2991 1207 3052 1262 06
3095 1205 3177 1264 δεῖ
3233 1207 3473 1281 μάλιστα
3505 1210 3660 1284 λήψῃ
3688 1227 3702 1240 ·
3745 1211 3780 1264 ’ἀ

2139 1295 2214 1365 μὴ
2250 1295 2334 1348 ὅτι
2384 1317 2445 1370 γε
2495 1296 2805 1369 θαυμαστοῦ
2859 1294 3130 1370 βασιλέως
3180 1298 3290 1352 ἐστὶ
3338 1299 3429 1354 καὶ
3479 1297 3597 1354 ο⁹ίου
3649 1299 3779 1353 πάν-

2131 1403 2238 1436 των
2311 1384 2406 1455 μὲν
2474 1383 2525 1439 ἐν
2596 1386 2761 1439 ἅπασι
2825 1385 3066 1459 κρατέειν
3135 1384 3336 1443 ἐθέλειν
3403 1389 3656 1443 πάντεσσι
3733 1385 3782 1442 δ’

2133 1471 2397 1542 ἀνάσσειν,
2454 1472 2580 1528 ἀλλ’
2629 1471 2753 1528 οὐδὲ
2797 1479 2905 1529 τῶν
2955 1474 3282 1554 ἀρχομένων
3341 1498 3488 1538 τινος
3541 1476 3597 1532 εῦ
3646 1497 3780 1554 φρο-

2134 1565 2241 1615 νεῖν
2303 1561 2576 1634 ἀξιοῦντος
2609 1580 2623 1594 ·
2686 1561 2898 1635 μᾶλλον
2951 1561 2997 1618 δ’
3056 1563 3198 1620 οὕτω
3254 1571 3423 1621 ταῦτα
3486 1566 3780 1641 βασιλικῆς

2138 1651 2628 1726 μεγαλοπρεπείας
2656 1652 2946 1728 ἀλλότρια,
2978 1651 3226 1710 ὥστεκαὶ
3261 1656 3386 1712 ὅταν
3418 1678 3500 1720 τις
3529 1661 3638 1711 τῶν
3672 1655 3776 1712 ὑπὸ

2135 1745 2298 1815 χεῖρα
2329 1745 2495 1797 ταῦτα
2524 1743 2774 1814 πράττων
2804 1746 2944 1817 ἁλῷ,
2973 1751 3164 1802 τοῦτον
3207 1747 3633 1826 ἀποστρέφονται
3683 1746 3776 1800 καὶ

2139 1834 2380 1902 μισοῦσι,
2411 1831 2502 1885 καὶ
2528 1839 2627 1901 τῆς
2655 1832 2836 1911 ἀρχῆς
2867 1833 3048 1910 ὥσπερ
3080 1833 3206 1910 ἄγος
3233 1833 3348 1890 οὐδ’
3381 1837 3508 1908 ὁρᾷν
3561 1833 3776 1890 οἴοντπι

2139 1915 2289 1973 δεῖν·
2339 1924 2602 1976 τοσοῦτον
2662 1922 2847 1987 αὐτοῖς
2902 1923 3247 2001 φαυλότητος
3310 1926 3552 1998 μέτεστιν
3587 1942 3602 1955 ⁸
3663 1926 3780 1979 εἶτα

2139 2010 2309 2078 παρὸν
2340 2007 2428 2064 διὰ
2462 2011 2554 2083 μὲν
2582 2015 2680 2067 τοῦ
2710 2015 3040 2090 χρημάτων,
3071 2016 3146 2078 ὡς
3191 2012 3346 2092 ἔφην,
3401 2015 3781 2092 ὑπερφρονεῖν,

2140 2101 2299 2171 πάντ,
2342 2099 2560 2174 ἄριστον
2607 2103 2744 2156 εἶναι
2783 2102 2873 2156 καὶ
2912 2109 3029 2166 τοῖς
3078 2109 3208 2158 πᾶσι
3254 2101 3576 2174 ζηλοῦσθαι,
3609 2101 3698 2158 διὰ
3728 2101 3787 2158 δὲ

2141 2193 2241 2245 τοῦ
2277 2193 2444 2245 ταῦτα
2493 2192 2614 2265 περὶ
2665 2191 2927 2254 πλείονος
2980 2192 3126 2267 ἄγειν
3177 2193 3265 2247 καὶ
3310 2192 3528 2255 τούτοις
3587 2192 3784 2271 διαφε-

2147 2279 2350 2353 ρόντως
2405 2282 2685 2349 ἡττᾶσθαι,
2735 2286 2918 2345 κακῶς
2963 2280 3177 2337 ἀκούειν
3226 2281 3317 2337 καὶ
3369 2286 3525 2353 μῖσος
3562 2280 3616 2336 έν
3651 2283 3793 2337 ἅπα-

2144 2391 2225 2424 σιν
2274 2365 2422 2446 ἔχειν
2451 2388 2464 2402 ·
2499 2369 2562 2423 σὺ
2590 2367 2634 2423 δ’
2663 2371 2691 2424 ὃ
2737 2371 2830 2444 μὲν
2879 2373 3015 2425 κατά
3047 2377 3142 2425 σοῦ
3189 2373 3282 2425 καὶ
3324 2378 3425 2440 τῆς
3476 2378 3574 2440 σῆς
3624 2369 3791 2441 δόξης

2146 2459 2281 2529 ἐστὶ,
2312 2461 2460 2514 τοῦθ’
2490 2462 2836 2536 ἡγησάμενος
2885 2465 2995 2515 τῶν
3045 2457 3251 2537 σφόδρα
3299 2458 3632 2528 λυσιτελῶν,
3665 2461 3696 2515 ’ὁ
3738 2459 3794 2515 δὲ

2149 2570 2234 2604 σοι
2305 2549 2575 2624 μεγίστων
2641 2549 2728 2604 καὶ
2796 2552 3118 2623 θαυμαστῶν
3175 2549 3462 2625 ἐγκωμίων
3533 2549 3796 2611 ὑπόθεσις

2148 2633 2315 2709 ἔσται,
2346 2642 2508 2692 τοῦτο
2540 2642 2636 2692 τοῦ
2689 2636 2922 2711 μηδενὸς
2960 2637 3110 2710 ἄξιον
3154 2641 3393 2714 χρῆσθαι
3433 2638 3686 2710 νομίσας,
3730 2640 3796 2693 τὸ

2153 2727 2246 2799 μὶν
2324 2725 2599 2797 ἐθελήσεις
2677 2726 2959 2802 προέσθαι,
3017 2728 3080 2782 τὸ
3137 2725 3195 2782 δὲ
3251 2727 3490 2799 καθάπαξ
3549 2725 3794 2797 ἑλέσθαι,

2151 2815 2240 2870 καὶ
2291 2817 2674 2890 χρηματιστὴς
2716 2818 2936 2892 ἀγεννὴς
2982 2817 3205 2872 ἀκοῦσαι
3248 2815 3484 2890 μᾶλλον,
3585 2817 3799 2871 τούτων

2153 2907 2330 2960 αὐτῶν
2392 2906 2723 2976 ὑπερόπτης,
2776 2907 2804 2960 ’ὀ
2862 2904 2992 2978 μηδ’
3041 2905 3102 2961 ἂν
3153 2909 3230 2966 εἷς
3277 2910 3382 2960 τῶν
3431 2905 3645 2981 ἐχθρῶν
3698 2911 3797 2960 σοῦ

2151 3017 2214 3071 γε
2250 2997 2602 3068 κατεὺξαιτο;
2646 2998 2732 3066 Μὴ
2778 2997 2840 3050 σύ
2880 3017 2942 3071 γε
2967 3017 2980 3031 ⁸
3030 2995 3178 3051 ἀλλά
3228 2995 3432 3071 βούλου
3477 2993 3712 3068 μᾶλλον,
3746 2993 3790 3047 ὦ

2158 3085 2404 3159 βασιλεῦ,
2461 3086 2649 3147 κενοὺς
2707 3086 2751 3140 εἰ
2801 3085 2916 3140 οἷόν
2961 3107 3020 3140 τε
3074 3084 3356 3140 ταλάντων
3426 3084 3608 3162 ἴσχειν
3663 3083 3787 3146 τοὺς

2155 3173 2484 3247 θησαυροὺς,
2546 3174 2581 3242 ἢ
2631 3175 2917 3250 παρελθεῖν
2959 3172 3320 3251 ἀνελευθέρως
3361 3174 3646 3250 περιουσίᾳ
3704 3174 3797 3228 τὸν

399 3297 548 3353 opus
579 3284 689 3350 est,
709 3295 823 3337 non
844 3284 1071 3336 tantum
1100 3279 1239 3351 quia
1269 3294 1640 3351 nequaquam
1673 3282 1840 3334 nocet
1867 3279 1919 3334 ei
1943 3278 2042 3350 qui

2158 3261 2355 3332 Μίδαν,
2416 3263 2530 3318 ἐπεὶ
2587 3264 2677 3318 καὶ
2722 3265 2883 3327 αὐτὸς
2921 3265 3020 3319 ούκ
3080 3263 3375 3338 ἀπέχεσθαί
3430 3285 3489 3318 σε
3553 3264 3798 3332 καθάπαξ

401 3393 558 3447 recte
606 3405 675 3444 ea
705 3387 788 3444 uti
817 3388 998 3455 novit,
1031 3393 1086 3444 et
1114 3387 1274 3459 quod
1303 3386 1430 3457 ejus
1461 3386 1740 3442 beneﬁcio
1771 3401 1863 3442 res
1893 3403 2048 3456 prae-

403 3499 566 3554 clarae
597 3500 656 3552 et
704 3495 880 3552 utiles
909 3494 1058 3551 efﬁci
1093 3502 1342 3566 queunt;
1377 3498 1439 3549 tu
1471 3500 1662 3549 autem
1703 3494 1775 3549 ad
1806 3510 2048 3564 regnum

405 3603 937 3662 administrandum
987 3601 1214 3673 magnis
1260 3600 1469 3671 opibus
1519 3601 1768 3672 indiges,
1800 3601 1902 3656 sed
1950 3602 2048 3671 ita,

405 3723 469 3770 ut
508 3730 622 3769 non
673 3713 732 3768 in
782 3714 988 3768 decore
1028 3711 1278 3768 tenearis
1309 3710 1504 3782 potius
1534 3727 1712 3782 quam
1743 3714 1962 3778 teneas,
1995 3715 2052 3766 et

407 3823 474 3874 ut
496 3836 609 3875 non
634 3819 890 3890 privatae,
915 3817 1016 3872 sed
1041 3815 1285 3888 publicae
1315 3815 1549 3870 utilitati
1577 3815 1874 3885 adhibeas,
1901 3815 2053 3870 sicut

407 3925 711 3992 Aristides,
744 3922 1073 3996 Lysimachi
1120 3922 1296 3990 ﬁlius,
1334 3931 1398 3978 ut
1435 3922 1685 3978 Pericles
1715 3921 2052 3992 Xanthippi,

410 4032 513 4105 qui
545 4032 806 4102 quidem,
832 4030 1164 4102 Thucydide
1185 4034 1355 4098 teste,
1379 4030 1518 4085 adeo
1543 4029 1769 4101 integer
1798 4028 2057 4084 incorru—

412 4145 668 4214 ptusque
700 4138 830 4204 fuit,
863 4142 928 4193 ut
976 4137 1244 4209 proprios
1275 4153 1440 4208 agros
1474 4135 1801 4206 reipublicae
1832 4136 2061 4190 cederet

416 4264 532 4303 non
576 4252 696 4303 tam
749 4245 1104 4301 calumniam
1153 4244 1406 4301 evitandi
1460 4243 1668 4315 gratia,
1695 4243 1795 4298 sed
1845 4258 1914 4298 ne
1960 4259 2059 4299 eos

415 4355 719 4412 retinendo
768 4351 992 4408 caeteris
1042 4351 1319 4422 prodesse
1369 4351 1522 4406 nolle
1571 4350 1880 4405 videretur.
1927 4349 2058 4404 Ari-

417 4465 597 4522 stides
629 4463 734 4537 qui
765 4461 1038 4519 omnibus
1067 4461 1237 4517 bonis
1269 4460 1564 4516 abundare
1587 4460 1894 4532 potuisset,
1921 4459 2062 4514 adeo

419 4589 642 4647 pauper
664 4571 772 4626 fuit
803 4578 862 4626 ut
893 4570 1044 4626 ﬁlias
1068 4570 1266 4624 dotare
1297 4568 1582 4640 nequiret,
1609 4568 1689 4622 ita
1723 4573 1782 4622 ut
1809 4566 2061 4622 Athena-

420 4697 550 4736 rum
573 4679 772 4735 civitas
795 4692 996 4733 earum
1021 4675 1244 4748 nuptiis
1280 4674 1526 4746 pecunia
1545 4675 1679 4730 data
1703 4673 1760 4728 in
1786 4673 2062 4728 honorem

420 4791 601 4862 patris
656 4785 1014 4844 nobilissimi
1073 4784 1446 4857 pr05pexerit.
1498 4783 1592 4838 Sic
1648 4794 1762 4837 non
1821 4781 2066 4851 simplex

425 4896 686 4970 pecuniae
735 4911 895 4961 usus,
927 4897 993 4950 ut
1040 4893 1166 4964 ipsa
1212 4909 1320 4947 vox
1371 4895 1568 4964 χρῆμα
1597 4889 1836 4956 indicat,
1870 4904 2062 4959 repre-

428 5004 600 5060 hendi
635 5007 843 5077 potest,
867 5002 967 5058 sed
1003 5017 1144 5056 usus
1176 4997 1475 5054 illiberalis
1507 5005 1559 5053 et
1587 4995 1687 5067 qui
1718 5012 1832 5052 non
1859 4995 1928 5050 ad
1962 4994 2065 5050 ho-

428 5112 656 5167 minum
689 5109 998 5167 utilitatem
1032 5110 1275 5180 spectat.

507 5415 592 5472 14.
625 5416 769 5480 Quid
821 5419 1017 5469 autem
1068 5414 1139 5468 de
1198 5411 1443 5485 pecunia
1495 5413 1715 5465 tantum
1749 5407 1918 5463 nobis
1945 5420 2075 5462 ser-

434 5505 578 5562 mo?
614 5505 1008 5573 Quodcunque
1055 5519 1152 5558 rex
1183 5504 1328 5557 citra
1359 5514 1730 5556 communem
1767 5497 2073 5552 utilitatem

433 5595 591 5666 facit,
645 5603 706 5649 ut
748 5594 1029 5664 privatus,
1078 5609 1193 5648 non
1244 5607 1359 5662 qua
1407 5606 1505 5645 rex
1547 5588 1725 5654 facit;
1777 5587 1871 5641 hic
1918 5585 2074 5641 enim

435 5685 633 5743 omnia
663 5697 869 5740 curare
905 5681 1097 5747 debet,
1128 5679 1225 5736 ille
1260 5693 1432 5734 suum
1465 5678 1745 5734 duntaxat
1773 5678 1908 5732 ante
1937 5688 2075 5731 ocu-

2159 3355 2464 3428 χρημάτων
2493 3353 2657 3428 φημί.
2694 3353 2899 3424 Πόθεν;
2937 3353 3154 3409 πολλοῦ
3194 3375 3255 3428 γε
3295 3354 3384 3407 καὶ
3430 3351 3547 3407 δεῖ·
3583 3353 3645 3406 06
3702 3353 3806 3423 μό-

2158 3464 2248 3497 νον
2283 3444 2365 3496 δτι
2397 3452 2564 3497 ταὸτα
2605 3448 2723 3505 τοῖς
2777 3443 2953 3517 ὀρθῶς
3003 3444 3320 3521 χρωμένοις
3366 3441 3650 3497 οὐδοτιοῦν
3695 3439 3809 3495 λυ-

2163 3532 2440 3606 μαίνεσθαι
2491 3533 2716 3608 πέφυκε,
2773 3531 2987 3605 μᾶλλον
3025 3530 3083 3586 δὲ
3121 3535 3213 3586 καὶ
3261 3531 3531 3586 πλείστων
3582 3531 3810 3604 ἀγαθῶν

2159 3623 2432 3684 πολλάκις
2493 3620 2649 3676 α’ίτια
2700 3622 2992 3698 γίγνεσθαι,
3045 3620 3175 3676 ἀλλ’
3205 3621 3287 3676 ὅτι
3337 3625 3464 3675 πᾶσι
3493 3621 3587 3694 μὲν
3619 3621 3696 3680 ὡς
3729 3619 3818 3674 εἷ’-

2159 3719 2302 3781 πεῖν,
2342 3713 2557 3766 πάντων
2584 3709 2640 3766 δὲ
2684 3713 2920 3784 μάλιστα
2961 3713 3044 3767 σοὶ
3087 3709 3176 3766 διὰ
3214 3715 3313 3780 τήν
3357 3711 3536 3788 ἀρχὴν
3579 3709 3672 3763 καὶ
3712 3709 3818 3771 τὰς

2161 3803 2399 3858 ἐντεῦθεν
2459 3803 2714 3877 ἀνάγκας,
2773 3802 2981 3858 τούτων
3029 3802 3203 3857 αὐτῶν
3271 3800 3398 3857 δεῖ·
3459 3799 3588 3856 ἀλλ’
3630 3800 3819 3863 οὕτως

2163 3887 2382 3966 ἔχεσθαι
2434 3889 2659 3960 τούτων,
2711 3893 2785 3954 ὡς
2829 3895 2903 3964 μὴ
2951 3892 3249 3966 ἐνέχεσθαι,
3302 3888 3433 3964 μηδ’
3484 3889 3647 3945 εἴκειν
3696 3889 3823 3943 αἷσ-

2163 3987 2337 4055 χρῶς,
2395 3978 2534 4052 μηδὲ
2565 3985 2761 4036 σαυτοῦ
2805 3985 2991 4055 χάριν,
3042 3979 3188 4036 ἀλλά
3234 3985 3330 4035 τοῦ
3381 3983 3538 4052 κοινῇ
3591 3978 3827 4034 λυσιτε-

2165 4067 2392 4130 λοῦντος
2451 4074 2617 4125 ταῦτα
2671 4072 2998 4139 κεκτῆσθαι·
3059 4071 3298 4144 καθάπερ
3376 4065 3726 4145 Ἀριστείδης
3794 4071 3826 4123 ὁ

2167 4157 2514 4232 Λυσιμάχου,
2573 4157 2663 4212 καὶ
2715 4157 2989 4231 Περικλῆς
3018 4160 3045 4212 ὁ
3075 4159 3421 4228 Ξανθίππου,
3463 4159 3489 4211 ὁ
3529 4159 3623 4229 μὲν
3669 4157 3830 4212 οὕτω

2169 4247 2477 4322 χρημάτων
2510 4245 2806 4326 διαφανῶς,
2841 4249 2915 4310 ὡς
2948 4245 3287 4316 Θουκυδίδης
3318 4245 3503 4320 φησὶν,
3537 4243 3838 4319 ἀδωρότα-

2167 4358 2259 4398 τος
2290 4337 2550 4410 γεγονὼς,
2596 4337 2733 4391 ὥστε
2766 4338 2855 4390 καὶ
2901 4336 3032 4398 τοὺς
3073 4336 3268 4412 ἀγροὺς
3313 4336 3463 4412 ἠφίει
3512 4339 3580 4408 τῇ
3631 4335 3837 4406 πόλει,

2172 4429 2235 4481 06
2287 4421 2442 4502 φόϐῳ
2491 4421 2780 4494 διαϐολῆς,
2826 4425 2972 4481 ἀλλά
3005 4431 3083 4497 τῷ
3128 4428 3202 4499 μὴ
3255 4427 3472 4486 τούτοις
3514 4426 3785 4493 ἡττᾶσθαι
3813 4446 3830 4460 ο

2173 4515 2288 4571 ἐπεὶ
2324 4514 2648 4590 βουλομένῳ
2685 4517 2960 4590 κατέχειν,
3005 4513 3123 4570 οὐδ’
3158 4515 3215 4570 ἂν
3258 4517 3361 4582 εἷς,
3405 4518 3581 4587 οἶμαι,
3619 4515 3836 4586 προσέ-

2095 4624 2140 4688 D
2173 4625 2269 4673 στη
2301 4623 2314 4636 ο
2349 4601 2690 4676 Ἀριστείδης
2723 4601 2780 4658 δὲ
2829 4603 2932 4658 ὑπὸ
2973 4609 3070 4658 τοῦ
3115 4602 3284 4676 μηδὲν
3321 4600 3490 4678 ἔχειν,
3531 4601 3678 4680 ἔχων
3730 4607 3837 4659 καὶ

2171 4694 2322 4747 ταῦθ’
2353 4691 2436 4746 ὅτι
2488 4689 2769 4754 πλείστοις
2819 4692 2968 4768 εἴπερ
3017 4688 3279 4747 ἐϐούλετο
3331 4695 3583 4768 χρήμασι
3624 4692 3840 4769 περιρ-

2176 4782 2406 4855 ῥεῖσθαι,
2448 4781 2475 4833 ὁ
2529 4778 2575 4834 δ’
2625 4780 2750 4835 οὐδὲ
2789 4783 2882 4842 τάς
2915 4778 3205 4857 θυγατέρας
3253 4783 3370 4842 οἷτς
3410 4802 3467 4835 τε
3501 4779 3574 4833 ὢν
3619 4777 3840 4854 ἀνδρά-

2176 4892 2256 4925 σιν
2314 4867 2588 4936 ἒκδοῦναι,
2638 4867 2786 4924 ἀλλὰ
2836 4868 3097 4938 ταύταςὴ
3141 4868 3308 4932 πόλις
3362 4874 3471 4924 τῶν
3519 4869 3839 4937 ’Δθηναίων

2181 4958 2315 5031 μετὰ
2361 4958 2460 5024 τήν
2517 4955 2724 5011 ἐκείνου
2782 4957 3040 5027 υελευτὴν
3097 4959 3417 5032 θαυμαστῶν
3468 4958 3666 5030 ἠξίωσε
3715 4960 3844 5030 γά-

2182 5069 2298 5120 μων
2332 5044 2420 5100 διὰ
2448 5049 2545 5115 τὴν
2579 5052 2676 5102 τοῦ
2715 5049 2920 5120 πατρὸς
2965 5050 3183 5124 ἀρετήν.
3231 5049 3416 5111 Οὕτως
3455 5048 3517 5102 06
3559 5047 3621 5102 τὸ
3676 5051 3844 5120 χρή-

2185 5157 2364 5210 μασιν,
2415 5136 2488 5188 ’ἶν’
2546 5135 2721 5198 οὕτως
2779 5138 2937 5209 εἷ’πω,
3026 5141 3326 5213 κεχρῆσθαι
3400 5136 3572 5192 δεινὸν
3641 5140 3846 5208 (τοῦτο

2222 5229 2232 5242 ·
2395 5225 2408 5266 ι
2470 5223 2581 5266 ρξ’.
2835 5229 2858 5264 ,ι
2933 5249 2962 5260 -
3234 5225 3275 5246 M
3403 5228 3424 5262 ,ο
3617 5225 3630 5242 ’
3744 5247 3768 5256 -

2178 5246 2279 5300 γαρ
2326 5246 2411 5280 κα.
2482 5247 2711 5298 ιοδιομα
2763 5228 3067 5303 βουλε.αι),
3119 5229 3180 5283 τὸ
3230 5247 3288 5282 οε
3333 5247 3547 5286 τούτοις
3606 5224 3853 5281 ανελςυ-

2183 5312 2352 5389 θέρως
2394 5317 2722 5388 κεχρῆσθαι,
2782 5318 2872 5371 καὶ
2936 5321 3012 5390 μή
3073 5319 3208 5392 πρὸς
3265 5317 3560 5390 ἀνθρώπων
3619 5310 3852 5384 ὄνησιν.

2259 5401 2343 5457 ιδ’.
2398 5404 2502 5458 Καὶ
2541 5402 2592 5457 τί
2644 5401 2794 5480 λέγω
2845 5407 3196 5480 χρημάτωνς
3245 5410 3347 5459 πᾶν
3397 5405 3500 5478 γὰρ
3533 5404 3561 5458 ὅ
3607 5425 3657 5458 τι
3711 5409 3858 5462 ποτ’

2185 5494 2244 5548 ἃν
2299 5491 2400 5564 ἔξω
2457 5498 2558 5560 τῆς
2613 5501 2804 5562 κοινῆς
2864 5494 3128 5574 ὡφελείας
3184 5493 3478 5569 ἐργάσηται
3553 5491 3852 5567 βασιλεὺς,

2184 5584 2258 5644 ὡς
2309 5580 2558 5651 ἰδιώτης,
2621 5582 2728 5657 οὐχ
2779 5583 2853 5645 ὡς
2914 5585 3172 5658 βασιλεὺς
3235 5584 3554 5658 ἐργάσεταιο
3605 5579 3759 5657 ε’ίπερ
3816 5591 3847 5642 ὁ

2190 5674 2283 5748 μὶν
2343 5672 2581 5748 ἀνάγκην
2636 5671 2792 5751 *ίσχει
2839 5676 3056 5731 πάντων
3108 5675 3429 5749 φροντίζειν,
3460 5673 3489 5727 ὁ
3521 5670 3576 5726 δέ
3623 5691 3687 5747 γε
3736 5681 3848 5731 τοῦ
