4062 6308
300 405 404 466 469
1433 413 1723 499 ORATIO
1768 418 1868 479 DE
1912 419 2141 483 REGIS
2185 420 2540 484 OFFICIIS.
3576 420 3699 481 470

295 538 401 592 καθ’
450 539 608 596 αὐτόν
638 561 652 577 ο
686 543 775 597 καὶ
826 544 854 598 6
905 544 998 618 μὲν
1045 544 1141 602 οὐκ
1188 545 1249 601 ἃν
1296 545 1373 610 εἰς
1411 546 1639 619 εὐθύνην
1666 547 1816 620 ἥκοι,
1845 559 1886 606 τε

297 623 334 643 ﬁl
386 626 409 643 )-
483 627 498 643 \
618 631 631 643 ο
949 632 959 643 ι
1304 638 1314 643 -
1444 638 1453 643 -
1666 638 1679 643 -
1808 639 1820 643 -
1872 641 1881 643 _

2001 610 2008 624 .
2040 570 2128 628 ios
2157 570 2353 629 habet.
2386 572 2526 641 Rex,
2549 586 2661 643 qua
2691 586 2814 638 rex,
2845 569 3130 626 rationem
3154 568 3689 628 administrationis
3736 558 3737 561 “

293 623 334 681 δ’
386 626 499 682 ἐπεὶ
558 631 775 686 πάντων
825 632 1171 719 προΐσταται,
1229 638 1320 691 καὶ
1385 638 1579 700 πάντες
1637 638 1713 702 εἷς
1764 639 1886 696 αὐτὸ

293 716 522 748 2.---2.-.
583 724 687 748 -2-
719 722 888 748 -.-ιν
938 722 1217 748 auum-um,
1268 724 1293 748 ο
1343 747 1346 748 ,
1397 726 1409 746 ι
1547 728 1572 748 υ
1713 729 1728 746 ι
1844 730 1858 747 ι

2032 677 2271 734 reddere
2302 694 2417 734 non
2439 678 2642 748 debet;
2668 677 2770 734 sed
2797 677 2939 748 quia
2968 691 3165 733 rerum
3186 693 3484 733 summam
3516 677 3687 748 regit,

288 722 550 791 ἀφορῶσι,
582 724 687 783 πᾶς
718 743 802 786 τις
829 722 890 778 ἂν
935 722 1224 799 ἐγκαλέσαι
1265 724 1510 795 δικαίως,
1541 728 1626 783 ὅτι
1675 729 1737 784 τὸ
1786 730 1886 785 πάν

288 826 385 857 των
413 808 719 857 φροντίῖειν
754 811 905 857 (iuuit
961 814 989 857 ἧ
1022 812 1076 857 3‘s
1105 820 1216 857 ινπιυ
1248 817 1419 857 ηιξηηῗὶ
1450 816 1612 857 1.4mm
1644 824 1875 857 σκηναῖς-η.

2032 722 2271 734 ""“'""""
2302 722 2417 734 “"“
2440 722 2607 735 “'“V'
2627 722 2642 748 ν
2669 722 2770 734 νυ*
2799 722 2939 748 ‘1'"—
2968 722 3165 733 ““·“¹“⁵⁶’
3186 722 3484 733 “”’“’⁶¹·⁸“¹⁵“““·
3517 722 3685 748 ’νο-*ι

2031 785 2291 841 omnium
2331 784 2483 841 oculi
2512 784 2577 841 in
2611 800 2746 840 eum
2769 783 2975 840 directi
3002 786 3161 851 sunt,
3186 789 3240 839 et
3270 783 3685 857 unusquisque

286 826 385 860 των
413 808 719 882 φροντίζειν
754 811 928 888 ἀφεὶς,
961 814 989 868 6
1022 812 1078 871 δὶ
1105 820 1216 871 τῶν
1248 817 1419 873 αὐτοῦ
1450 816 1612 893 λόγον
1644 824 1880 875 ποιεῖται
1905 839 1920 855 ο
2031 804 2291 905 f’mnmm
2331 804 2483 906 00E“)
2512 804 2577 841 ω
2769 804 2975 905 utres“
3002 804 3180 906 sui?

285 893 370 948 καὶ
397 896 496 963 τὴν
528 899 720 967 κοινήν
754 900 999 957 ἁπάντων
1042 904 1301 978 πρόνοιαν
1354 904 1679 981 ἀπορρίψας,
1712 911 1796 969 οἷς
1835 909 1886 964 ἀν

2019 892 2156 963 jure
2185 909 2318 949 eum
2375 894 2731 967 objurgabit,
2778 893 2828 950 si
2877 909 2938 949 re
2985 892 3215 964 publica
3268 893 3528 963 neglecta
3557 910 3680 952 rem

283 985 508 1062 τέχηται
538 992 649 1043 τῶν
683 989 924 1061 οἰκείων,
956 993 1194 1067 ἀρνεῖται
1223 992 1467 1069 τοῦνομα
1490 1017 1502 1030 ο
1522 996 1805 1055 καλεῖσθαι
1824 1000 1886 1074 μὲ

2026 1000 2378 1071 peculiarem
2410 1005 2641 1057 tantum
2665 999 3036 1057 administrat
3061 1000 3213 1069 ;imo
3244 1001 3398 1072 quod
3429 1017 3562 1059 cum
3595 1004 3679 1059 rei

284 1074 536 1147 βασιλεὺς
568 1077 752 1150 ἀξιῶν,
783 1080 1031 1155 πράττων
1062 1079 1171 1139 δὲά
1205 1086 1279 1158 μὴ
1313 1086 1403 1140 τὸν
1447 1090 1700 1143 τοιοῦτον
1733 1087 1875 1151 εἰκός
1899 1108 1913 1122 ⁸

281 1161 399 1218 οὐδὲ
428 1165 536 1239 γὰρ
569 1164 695 1222 οὐδὲ
722 1169 815 1224 τὸν
847 1166 1182 1245 κυϐερνήτην
1226 1175 1362 1245 μετά
1404 1177 1534 1238 τοὺς
1591 1174 1777 1240 οἷάκας
1824 1178 1914 1233 καὶ

273 1252 334 1305 τὸ
366 1255 609 1326 χρῆσθπι
658 1260 727 1330 τῇ
777 1256 971 1337 τέχνῃ,
1000 1262 1147 1316 τοῦτ’
1180 1262 1313 1318 αὐτὸ
1359 1264 1605 1342 φήσομεν
1648 1265 1815 1321 εἶναι·
1850 1265 1913 1322 οὐ

274 1340 489 1429 μᾶλλον
520 1364 586 1416 γε
614 1343 651 1413 ἢ
689 1347 764 1416 μή
794 1346 1064 1423 τρέχοντα
1091 1350 1183 1405 τὸν
1223 1340 1429 1427 δρομέα
1457 1371 1470 1385 ·
1504 1351 1633 1410 ἀλλ’
1659 1351 1765 1417 ἕως
1814 1355 1911 1429 μὶν

268 1425 327 1482 ἂν
362 1431 449 1486 καὶ
485 1433 647 1495 οὗτος
693 1434 937 1501 κάκεῖνος
983 1440 1137 1509 ὦσιν,
1171 1441 1198 1495 ὁ
1232 1441 1325 1513 μὲν
1373 1442 1609 1518 τρέχων,
1639 1446 1667 1499 6
1699 1441 1746 1499 δ’
1775 1443 1912 1519 ἐχό-

270 1538 432 1588 μενος
478 1525 591 1575 τῶν
642 1521 865 1594 οίάκων,
909 1528 998 1581 καὶ
1041 1524 1376 1603 κυϐερνήτην
1411 1532 1502 1585 καὶ
1543 1529 1748 1607 δρομέα
1778 1555 1910 1590 τυυ-

262 1607 417 1660 τουσὶ
475 1617 872 1686 προσεροῦμεν.
941 1616 1105 1671 Ἐπάν
1161 1615 1218 1673 δὲ
1271 1623 1369 1674 τοῦ
1424 1624 1592 1676 ταῦτα
1654 1620 1906 1696 πράττειν

261 1694 514 1768 ἐκστῶσι,
572 1700 662 1754 καὶ
717 1707 813 1757 τοῦ
865 1707 1014 1761 ταῦτ’
1052 1701 1199 1781 ἔχειν
1256 1708 1471 1764 ἀκούειν
1529 1710 1907 1783 προσεξίσταν-

258 1806 349 1841 ται
397 1785 613 1859 δήπου’
647 1792 734 1846 καὶ
789 1794 1046 1866 βασιλεὺς
1098 1796 1274 1853 τοίνυν
1320 1796 1471 1855 οὐδὲν
1518 1800 1660 1856 ἄλλο
1691 1804 1906 1879 συγχά-

256 1896 332 1930 νει
366 1898 430 1953 γε
460 1876 537 1933 ὢν
569 1881 606 1949 ἢ
638 1884 857 1938 πάντων
888 1884 1184 1960 ἀνθρώπων
1234 1890 1309 1943 ὧν
1354 1888 1551 1965 ἔλαχεν
1593 1876 1898 1966 προστάτης

254 1966 342 2019 καὶ
384 1973 715 2043 φροντιστὴς
768 1971 932 2044 ἐσαεὶ,
963 1978 1206 2051 καθάπερ
1255 1980 1307 2033 οἱ
1353 1984 1462 2035 τῶν
1499 1981 1619 2035 καθ’
1645 1978 1740 2036 ἕνα
1785 1981 1895 2038 πό-

254 2052 393 2110 λεων
427 2057 584 2115 οὗτοι
616 2057 981 2140 δημαγωγοί·
1013 2063 1126 2121 οὔτ’
1156 2066 1247 2123 οὖν
1287 2070 1413 2132 τοὺς
1465 2072 1541 2141 μὴ
1575 2072 1728 2127 πάνθ’
1762 2073 1896 2148 ὑπὲρ

252 2149 343 2200 τοῦ
378 2142 564 2220 δήμου
593 2151 687 2205 τὸν
715 2151 796 2208 ἀεὶ
846 2153 1045 2228 χρόνον
1095 2156 1184 2211 καὶ
1234 2155 1411 2232 λέγειν
1455 2160 1544 2214 καὶ
1592 2166 1766 2216 ποιεῖν
1804 2161 1896 2216 αἷ-

251 2235 547 2307 ρουμένους
609 2240 685 2301 εἷς
743 2238 1108 2321 δημαγωγοὺς
1183 2246 1337 2321 οἶμαι
1402 2247 1604 2317 θετέον,
1661 2247 1775 2306 οὔτ’
1831 2251 1890 2306 ἂν

248 2323 324 2395 εἴη
383 2325 711 2401 κεκλῆσθαι,
764 2333 809 2404 ᾧ
860 2336 934 2405 μὴ
982 2339 1080 2390 τοῦ
1138 2340 1296 2411 κοινῇ
1364 2340 1703 2403 συνοίσοντος
1763 2342 1891 2397 ὲκά-

248 2435 398 2505 στοτε
441 2416 603 2490 μέλει
628 2436 644 2452 ⁸
675 2422 764 2477 καὶ
790 2425 1041 2499 Ὅμηρος
1072 2429 1184 2503 οὐχ
1213 2427 1402 2492 ἁπλῶς
1442 2431 1707 2505 ποιμένας
1740 2431 1887 2489 λαῶν

246 2502 387 2578 λέγει
415 2506 548 2562 τοὺς
584 2510 860 2583 βασιλέας,
891 2513 1022 2570 ἀλλ’
1050 2502 1190 2572 ὥστε
1218 2518 1281 2573 τὸ
1328 2514 1600 2596 ἄγρυπνον
1644 2521 1733 2577 καὶ
1785 2543 1885 2593 κη-

249 2588 528 2665 δεμονικὸν
557 2596 732 2654 αὐτῶν
766 2598 1121 2679 ἐνδεδεῖχθαι,
1151 2605 1241 2660 καὶ
1273 2607 1399 2661 ὅσον
1443 2609 1573 2681 ὑπὲρ
1623 2610 1696 2663 ὥν
1745 2630 1883 2685 προ-

250 2688 527 2739 στατοῦσιν
590 2685 900 2763 ὀφείλουσιν
959 2686 1130 2771 ἔχειν.
1164 2696 1262 2751 Καὶ
1320 2695 1374 2752 τί
1437 2700 1580 2774 χρῆν
1639 2701 1883 2774 Ὀμήρου

254 2794 309 2828 τε
350 2776 433 2829 καὶ
486 2775 740 2847 εἰκόνων,
772 2778 886 2850 ἰξὸν
919 2787 1017 2837 τοῦ
1065 2783 1307 2859 μεγάλου
1359 2786 1629 2861 βασιλέως
1676 2796 1886 2862 μεμνῆ-

267 2864 393 2932 σθαι,
415 2866 476 2929 ὃς
503 2882 517 2896 ·
572 2863 643 2921 δι’
692 2868 943 2925 ἑκάστοτε
997 2872 1213 2928 πάντων
1261 2876 1360 2945 τὴν
1402 2875 1570 2947 αὐτὴν
1628 2877 1883 2951 πρόνοιαν

269 2950 422 3027 ἴσχεις
472 2955 824 3032 δεικνύμενος
874 2961 1111 3017 ἐννεῦθεν
1170 2961 1510 3043 δημιουργὸς
1571 2968 1661 3023 καὶ
1722 2967 1882 3039 κηδε-

258 3044 365 3114 μὼν
394 3040 509 3117 ἅμα
537 3046 631 3100 καὶ
665 3048 947 3121 βασιλεὺς,
978 3050 1131 3128 ε’ίπερ
1158 3056 1242 3115 οἷς
1281 3040 1459 3118 α’ίτιονς
1492 3064 1591 3127 τῆς
1639 3057 1719 3121 εἲς
1767 3063 1881 3137 φῶς

245 3132 479 3203 προόδου
522 3136 781 3209 κατέστη,
818 3138 1027 3196 τούτων
1080 3144 1196 3214 μεθ’
1246 3143 1375 3199 ὅσου
1432 3146 1520 3200 καὶ
1580 3132 1881 3225 ὑπερφυοῦς

242 3221 511 3294 φροντίζει
568 3228 668 3280 τοῦ
719 3225 969 3300 κράτους.
1029 3231 1128 3285 Διά
1170 3235 1335 3287 τοῦτο
1394 3233 1483 3288 καὶ
1536 3235 1737 3299 πάντας
1789 3236 1883 3301 οὓς

236 3309 461 3378 ἠξίωσεν
511 3311 729 3392 ἄρχειν,
762 3315 836 3378 εἰς
877 3318 1046 3387 ζῆλον
1096 3327 1197 3390 τῆς
1246 3322 1413 3377 αὐτοῦ
1461 3326 1723 3398 προνοίας
1773 3324 1885 3381 ἐνά-
1918 3318 1963 3385 C

232 3420 333 3475 γει.
374 3401 529 3476 Ὁρᾷς
587 3403 737 3466 ὅπως
798 3426 855 3460 σε
910 3408 973 3463 τὸ
1023 3409 1119 3482 μὲν
1174 3414 1281 3466 τῶν
1329 3409 1483 3468 ἰδίων
1524 3434 1582 3470 τε
1626 3416 1715 3470 καὶ
1749 3436 1879 3471 σαυ-

231 3494 329 3543 τοῦ
386 3491 688 3568 φροντίζειν
746 3493 968 3567 ἐθέλειν,
1027 3500 1115 3553 καί
1173 3498 1280 3575 οὐχ
1333 3505 1468 3576 ἅπερ
1526 3504 1601 3565 ὡς
1657 3503 1882 3575 ἀληθῶς

232 3576 351 3634 ἐστι
384 3586 482 3648 τῆς
512 3580 718 3655 ἀρχῆς,
740 3581 977 3656 ἐξίστησι
1020 3594 1120 3657 τῆς
1151 3589 1353 3664 ἀρχῆς,
1385 3592 1446 3646 τὸ
1490 3589 1538 3648 δ’
1585 3592 1618 3646 ἃ
1665 3590 1883 3648 δίδωσιν

232 3668 398 3739 αὕτη,
430 3672 581 3725 ταῦτ’
613 3671 673 3726 ἐκ
719 3675 921 3738 παντὸς
968 3678 1175 3751 τρόπου
1220 3683 1557 3753 σκοπεῖσθαι,
1592 3683 1657 3738 οὐ
1719 3682 1882 3756 μόνον

236 3778 325 3812 σοι
387 3758 663 3831 συνίστητι
711 3762 933 3835 ταύτην,
967 3762 1114 3821 ἀλλά
1166 3769 1257 3823 καὶ
1318 3770 1566 3843 μιμητὴν
1598 3770 1883 3846 ἀποφαίνει

240 3851 379 3902 Θεοῦ
401 3867 416 3917 ;

312 3941 399 3991 ιε’.
435 3941 537 3993 Καὶ
600 3940 707 4012 μὴν
765 3941 857 3997 καὶ
912 3946 1063 3999 τοῦθ’
1092 3947 1121 4001 ’ὀ
1165 3944 1358 4019 μέλλω
1390 3948 1585 4023 λέγειν,
1618 3949 1681 4005 οὗ
1714 3951 1881 4023 μόνον

241 4025 393 4101 εἴπερ
446 4049 502 4082 τι
558 4032 669 4084 τῶν
724 4032 959 4104 πάντων,
989 4031 1137 4090 ἀλλά
1190 4037 1282 4091 καὶ
1331 4039 1405 4100 ὡς
1455 4035 1608 4094 οὐδέν
1667 4060 1720 4094 τι
1775 4044 1883 4094 τῶν

240 4118 483 4187 πάντων,
535 4118 756 4191 βασιλεῖ
812 4120 1216 4181 σπουδαστέον·
1279 4124 1494 4199 μᾶλλον
1568 4125 1626 4183 δὲ
1691 4127 1878 4199 ἐπειδὴ

241 4211 399 4261 τοῦτο
449 4208 619 4280 μόνον
661 4214 771 4265 τῶν
819 4215 1035 4268 πάντων
1082 4215 1290 4271 ἅπαντα
1329 4216 1509 4288 σώζει,
1543 4218 1628 4273 σοὶ
1678 4216 1734 4274 δὲ
1776 4222 1880 4293 μό-

239 4319 310 4386 νῳ
345 4302 457 4352 τῶν
514 4298 729 4355 πάντων
791 4305 874 4367 οἷς
919 4301 1107 4380 ἄρχειν
1147 4301 1316 4381 ἔχεις,
1344 4306 1528 4381 μέλειν
1566 4309 1615 4380 ἐξ
1647 4310 1881 4386 ἀνάγκης

240 4381 378 4441 ἔστιν
425 4386 679 4443 ἁπάντων
702 4406 716 4419 ·
755 4387 840 4445 δεῖ
884 4394 974 4447 καὶ
1023 4395 1081 4450 σὶ
1118 4396 1241 4470 περὶ
1280 4395 1532 4459 πλείονος
1563 4403 1723 4454 τοῦτο
1752 4401 1881 4456 πάν-

239 4494 340 4529 των
392 4479 685 4546 ποιεῖσθαι,
733 4479 823 4535 καὶ
871 4480 1018 4545 ὅπως
1061 4482 1121 4539 ἄν
1163 4505 1250 4539 σοι
1278 4484 1551 4543 κάλλιστα
1589 4490 1675 4543 καὶ
1709 4490 1878 4565 ἀσφα-

240 4560 467 4620 λέστατα
514 4566 606 4621 καὶ
637 4567 712 4630 ὡς
744 4567 843 4625 οὐκ
879 4568 939 4624 ἂν
980 4570 1169 4635 ἄλλως
1207 4573 1350 4636 εἰκὸς
1380 4576 1445 4644 ἦν
1484 4576 1539 4630 αἱ
1588 4579 1710 4653 περὶ
1768 4582 1873 4632 τῶν

2024 1105 2275 1178 publicae
2305 1107 2650 1164 detrimento
2699 1107 2824 1164 suis
2865 1107 3037 1164 unice
3081 1107 3254 1164 rebus
3295 1109 3514 1176 studet,
3564 1126 3678 1166 no-

2025 1228 2158 1269 men
2201 1214 2325 1284 jam
2348 1231 2464 1270 non
2514 1230 2692 1271 suum
2724 1215 3025 1286 mentitur,
3057 1215 3209 1285 regis
3246 1231 3457 1272 nomen
3497 1232 3675 1273 usur-

2020 1318 2214 1390 pando
2235 1324 2292 1375 et
2321 1335 2437 1376 non
2459 1320 2617 1392 regio
2651 1320 2885 1378 nomine
2914 1320 3091 1394 digna
3121 1320 3409 1380 faciendo.
3441 1320 3535 1378 Sic
3566 1339 3670 1379 na-

2016 1424 2103 1481 vis
2160 1426 2607 1497 gubernatorem
2654 1429 2780 1484 sino
2827 1427 3227 1501 gubernaculo
3291 1432 3349 1484 et
3404 1431 3667 1501 tempore

2018 1547 2131 1604 quo
2162 1537 2347 1591 artem
2371 1550 2538 1591 suam
2568 1539 2814 1603 exercet,
2833 1535 3038 1592 eodem
3064 1535 3293 1592 nomine
3311 1534 3666 1608 salutamus,

2017 1646 2079 1695 ut
2106 1655 2213 1696 nec
2243 1656 2538 1697 cursorrm
2571 1658 2704 1698 eum
2736 1641 2838 1716 qui
2867 1659 2985 1699 non
3015 1642 3218 1711 currit,
3252 1643 3356 1699 sed
3379 1643 3439 1700 in
3468 1658 3662 1716 quan-

2011 1749 2138 1803 tum
2188 1751 2429 1820 uterque
2485 1765 2726 1807 munere
2776 1767 2883 1807 suo
2933 1750 3211 1824 fungitur,
3260 1749 3517 1809 naucleri
3557 1756 3658 1807 aut

2009 1856 2262 1912 curroris
2293 1873 2505 1914 nomen
2527 1858 2817 1915 dabimus.
2865 1860 3108 1927 Quando
3156 1864 3352 1917 autem
3382 1861 3535 1917 istud
3565 1862 3653 1918 of-

1930 1938 1977 2004 B
2008 1962 2123 2019 ficii
2154 1979 2427 2036 peragere
2475 1972 2727 2038 cessant,
2777 1981 2986 2023 nomen
3008 1967 3204 2042 ipsum
3249 1969 3651 2038 amittunt;et

2006 2087 2107 2127 rex
2144 2073 2273 2143 jam
2318 2090 2434 2130 non
2465 2083 2552 2131 est
2600 2076 2711 2133 nisi
2752 2081 2984 2134 curator
3016 2077 3343 2147 hominum,
3394 2079 3549 2135 sicut
3595 2083 3653 2135 et

2002 2177 2366 2252 singularum
2400 2181 2631 2238 urbium
2688 2183 3019 2257 agitatores.
3052 2184 3169 2244 Nec
3214 2193 3406 2242 tamen
3450 2186 3647 2242 dema-

2000 2286 2167 2357 gogis
2199 2302 2500 2345 accensere
2539 2288 2734 2345 ausim
2779 2290 2891 2347 nisi
2943 2306 3041 2348 eos
3070 2291 3172 2364 qui
3203 2291 3647 2367 omnitempore

1998 2408 2104 2465 pro
2128 2392 2292 2465 plebe
2321 2410 2491 2466 agere
2510 2400 2567 2453 et
2593 2397 2770 2454 verba
2798 2397 2984 2455 facere
3013 2402 3309 2472 satagunt,
3340 2403 3400 2457 et
3428 2400 3648 2473 quibus

1999 2516 2092 2556 res
2123 2502 2322 2574 populi
2353 2503 2511 2560 cordi
2545 2509 2651 2563 est.
2686 2508 2872 2571 Quare
2901 2512 2957 2563 et
3006 2506 3290 2565 Homerus
3320 2524 3483 2581 reges
3512 2525 3646 2581 pas-

1996 2612 2147 2664 tores
2189 2609 2535 2682 populorum
2593 2613 2875 2684 nominat,
2917 2619 2981 2669 ut
3026 2614 3208 2673 vitam
3237 2631 3440 2672 eorum
3483 2616 3641 2673 curis

1994 2730 2129 2783 erga
2159 2716 2426 2773 subditos
2448 2718 2728 2791 repletam
2750 2721 3033 2793 designet.
3068 2721 3214 2786 Quid
3238 2737 3370 2779 vero
3393 2726 3642 2781 Homero

1993 2826 2051 2878 et
2106 2823 2384 2896 exemplis
2415 2842 2564 2898 opus
2620 2826 2926 2895 habemus,
2958 2829 3058 2885 ubi
3106 2844 3390 2902 magnum
3422 2846 3640 2905 regem,

1992 2930 2092 3001 qui
2117 2931 2376 2988 omnium
2406 2948 2636 3006 semper
2664 2950 2864 2992 curam
2887 2933 3026 3008 agit,
3059 2943 3189 2993 ante
3210 2935 3408 2993 oculos
3428 2954 3642 3010 ponere

1989 3034 2175 3092 licet?
2215 3039 2316 3109 qui
2348 3055 2483 3095 cum
2538 3057 2734 3098 rerum
2776 3042 3168 3101 moderamine
3206 3045 3425 3116 regiam
3455 3044 3643 3117 digni-

1989 3145 2167 3200 tatem
2222 3147 2499 3215 ostendit,
2556 3149 2657 3221 qui
2713 3165 2811 3208 eos
2859 3168 2999 3224 quos
3058 3154 3130 3208 ad
3184 3150 3373 3209 lucem
3423 3154 3644 3225 produ-

1989 3249 2088 3319 cit,
2134 3256 2422 3323 potestate
2462 3272 2572 3312 sua
2610 3258 2905 3332 protegit?
2936 3259 3095 3316 Hanc
3128 3260 3201 3317 ob
3244 3276 3479 3317 causam
3512 3277 3638 3319 om-

2000 3375 2104 3416 nes
2138 3361 2403 3418 subditos
2449 3363 2509 3418 in
2542 3364 2634 3420 sui
2683 3366 3028 3439 obsequium
3068 3368 3242 3441 rapit.
3285 3368 3461 3426 Vides
3491 3385 3638 3441 quo-

1994 3465 2163 3522 modo
2196 3473 2247 3522 te
2284 3471 2383 3524 tua
2411 3484 2613 3525 curare
2634 3472 2777 3540 vult,
2813 3472 3413 3532 administrandarum
3441 3492 3637 3533 rerum

1994 3585 2227 3644 semper
2247 3572 2448 3632 habita
2477 3576 2720 3647 ratione,
2749 3580 2912 3653 regni
2943 3597 3085 3638 cura
3120 3581 3205 3638 sic
3243 3582 3549 3640 commissa
3580 3590 3642 3640 ut

1993 3679 2095 3737 Dei
2126 3679 2442 3754 imaginem
2475 3684 2711 3742 referas.

2063 3939 2149 3995 15.
2183 3940 2345 4007 Quod
2402 3941 2674 4015 deinceps
2705 3945 2970 4005 dicturus
2999 3964 3156 4018 sum,
3195 3964 3296 4007 rex
3326 3951 3540 4009 mirum
3574 3952 3636 4010 in

1991 4048 2231 4105 modum
2263 4055 2459 4109 mente
2489 4051 2777 4111 revolvere
2794 4056 3023 4113 debebit
3045 4074 3059 4113 :
3083 4062 3173 4115 est
3201 4058 3360 4116 enim
3401 4076 3494 4119 res
3535 4063 3636 4118 mi-

1990 4154 2148 4212 nime
2179 4155 2462 4230 vulgaris,
2492 4167 2545 4217 et
2581 4162 2842 4234 apprime
2879 4164 3173 4232 salutaris,
3206 4174 3261 4223 et
3308 4184 3424 4239 qua
3474 4172 3534 4225 tu
3573 4170 3634 4226 in

1991 4260 2195 4333 primis
2230 4263 2323 4320 vix
2345 4281 2539 4323 carere
2560 4269 2776 4341 possis,
2813 4272 3012 4342 utpote
3041 4273 3112 4329 ad
3145 4276 3512 4345 regnandum
3541 4292 3632 4334 vo-

1988 4372 2169 4427 catus.
2228 4373 2292 4427 In
2350 4372 2459 4428 hoc
2513 4390 2709 4432 rerum
2774 4380 2932 4433 statu
2990 4395 3353 4452 quacunque
3389 4382 3635 4440 consilia

1987 4473 2207 4543 inieris,
2241 4494 2544 4551 nunquam
2594 4482 2751 4559 huic
2778 4486 3033 4541 cautioni
3108 4488 3536 4559 supersedebis,
3579 4496 3635 4546 et

1986 4582 2327 4663 priusquam
2375 4602 2537 4660 agas,
2590 4590 2842 4661 optimos
2900 4592 3264 4651 consiliarios
3294 4595 3631 4666 adhibebis,

241 4653 383 4710 ὅλων
431 4655 689 4713 ἑκάστοτε
732 4656 999 4735 γίγνοιντο
1046 4661 1247 4736 βουλαί
1291 4685 1348 4719 τε
1385 4664 1475 4720 καὶ
1524 4665 1757 4739 σκέψεις,
1789 4668 1878 4722 καὶ

242 4742 540 4774 ..-ἓ--.-πη
588 4750 692 4774 -Ωξη
756 4748 1001 4774 ἓ.-.ί..---..
1065 4748 1160 4774 Σίμμ
1277 4773 1281 4774 ,
1442 4754 1454 4768 ⁸
1526 4761 1553 4772 α·
1797 4757 1809 4774 ι

2001 4653 2236 4760 quorum
2293 4700 2430 4750 aetas
2479 4699 2651 4768 atque
2698 4699 3051 4770 experientia
3105 4702 3212 4758 tibi
3291 4703 3628 4774 proderunt.

242 4742 540 4815 μηδοτιοῦν
588 4750 694 4800 τῶν
750 4748 1003 4804 ἁπάντων
1057 4748 1183 4806 ἄνευ
1231 4754 1458 4824 ταυτησὶ
1487 4761 1587 4825 τῆς
1617 4757 1880 4829 προνοίας

239 4832 311 4920 εἰς
368 4831 524 4907 ἔργον
582 4832 793 4910 ἐξάγοις
853 4835 1217 4915 διαφερόντως
1264 4842 1588 4920 φροντίζειν,
1631 4841 1875 4918 συμϐού-

238 4919 351 4983 λοις
403 4923 502 4995 μὲν
547 4924 839 5002 χρώμενον
888 4933 1004 4990 τοῖς
1044 4928 1308 5005 ἀρίστοις,
1338 4932 1458 4994 καὶς
1497 4934 1584 4995 οἶς
1626 4933 1715 4988 καὶ
1755 4954 1875 4988 συν-

236 5009 394 5073 έσεως
452 5009 636 5068 εἵνεκα
692 5011 838 5090 λέγω
889 5018 978 5073 καὶ
1020 5021 1224 5098 χρόνου
1270 5021 1361 5076 καὶ
1416 5021 1603 5098 πείρας
1633 5023 1877 5093 ξύνοισθα

234 5102 295 5155 si
346 5105 579 5157 τοιαῦτα
625 5106 941 5178 τεχνίταιςο
1000 5108 1309 5189 εἰσφέροντα
1358 5109 1415 5166 δὲ
1470 5113 1559 5167 καί
1609 5111 1769 5167 αὐτὸν
1806 5113 1873 5166 τὰ

233 5191 379 5266 καρά
422 5195 662 5247 σαυτοῦ·
695 5193 803 5270 οὐχ
859 5196 933 5259 ὡς
982 5197 1333 5256 έπιταττοντα
1380 5198 1578 5274 δήπου,
1610 5201 1737 5257 ἀλλ’
1797 5203 1871 5264 ὡς

232 5282 288 5335 τὸ
330 5285 488 5355 κοινῇ
527 5287 797 5358 συνοῖσον,
833 5286 967 5359 μετά
1012 5293 1119 5344 τῶν
1166 5286 1354 5346 ἄλλων
1405 5296 1727 5361 σκοποῦντα,
1782 5290 1872 5347 καὶ

232 5371 484 5425 πάντοθεν
534 5369 831 5448 ἐκλέγοντα
884 5380 1069 5448 τοῦτο,
1101 5377 1188 5434 ἐάν
1246 5400 1306 5435 τε
1356 5380 1418 5433 σύ
1475 5380 1526 5455 γ’
1573 5378 1754 5450 αὐτὸς,
1781 5378 1871 5435 έάν

235 5461 279 5513 θ’
304 5461 552 5515 δστισοῦν
606 5457 780 5524 ἄλλος
830 5463 1033 5540 ἐξεύρῃ.
1066 5467 1138 5522 Οὐ
1189 5468 1293 5545 γὰρ
1341 5468 1403 5524 τὸ
1431 5474 1549 5532 τοῖς
1580 5469 1667 5524 ὑπ’
1698 5467 1873 5524 ἄλλου

232 5550 511 5624 γνωσθεῖσι
532 5554 840 5626 πεπεῖσθαι,
862 5554 1021 5610 τοῦτό
1061 5557 1115 5632 γ’
1142 5557 1391 5633 αἰσχρὸν,
1422 5556 1569 5613 ἀλλά

233 5657 454 5739 ρ-ῦτ-ος
481 5660 596 5739 μὲν
635 5661 1155 5739 τίανᾴριστοςίός
1180 5663 1355 5739 ειμῦτῷ
1393 5664 1603 5739 πάντα
1630 5667 1868 5739 νοήσῃ.

238 5729 507 5795 Ἐσολὸς
534 5730 691 5790 δἀὗ
723 5729 1141 5806 κάκεῖνοι-,ὃς
1172 5734 1238 5812 ειῦ
1268 5729 1538 5793 εἰπόντα
1565 5729 1862 5809 πίθηταῖο

1988 4795 2112 4854 Huc
2140 4802 2373 4857 accedet
2403 4809 2502 4859 tua
2546 4802 2733 4875 ipsius
2776 4806 3149 4879 experientia,
3183 4825 3310 4880 quae
3345 4811 3495 4868 bono
3527 4828 3631 4885 pu-

1986 4904 2135 4962 blico
2167 4922 2485 4980 numquam
2516 4927 2630 4966 non
2661 4913 2921 4970 studebit
2947 4921 3000 4970 et
3020 4915 3243 4985 optima
3266 4932 3501 4990 semper
3527 4937 3635 4983 ex-,

1985 5016 2273 5086 sequitur,
2305 5016 2425 5073 sive
2444 5017 2571 5089 ipse
2602 5020 2722 5075 sive
2737 5020 2889 5078 alius
2911 5022 3213 5081 invenerit.
3237 5025 3382 5082 Nam
3405 5025 3478 5084 iis
3508 5045 3625 5085 non

1981 5120 2154 5178 fidem
2186 5122 2401 5179 habere
2427 5141 2551 5201 quae
2575 5126 2647 5182 ab
2679 5127 2810 5209 aliis
2867 5129 3184 5203 excogitata
3221 5137 3379 5201 sunt,
3424 5136 3624 5194 absur-

1980 5226 2123 5285 dum
2153 5231 2240 5285 est
2260 5229 2418 5301 quia.

2054 5676 2367 5766 ξιτεριανιιε
2422 5687 2502 5738 est
2534 5682 2631 5754 qui
2661 5687 2905 5766 _propria
2954 5694 3129 5766 marte
3178 5707 3265 5748 res
3307 5697 3577 5764 cognoscit
3593 5717 3617 5766 ,-

1981 5745 2089 5806 διά
2166 5752 2218 5806 is
2270 5768 2481 5826 quoque
2530 5745 2890 5828 prudentie“
2959 5761 3058 5834 qui
3104 5745 3256 5822 bona
3296 5745 3615 5827 έᾱνῖέὲὶὲἆὶ-ιὸ
