  <div class='ocr_page' id='page_1' title='image "/cluster/home/n/w/nwhite01/storage/ocr_20150623/145/mdp.39015061167048/243.png"; bbox 0 0 4062 6308; ppageno 0'>
   <div class='ocr_carea' id='block_1_1' title="bbox 317 318 431 377">
    <p class='ocr_par' dir='ltr' id='par_1_1' title="bbox 317 318 431 377">
     <span class='ocr_line' id='line_1_1' title="bbox 317 318 431 377; baseline 0.009 -1"><span class='ocrx_word' id='word_1_1' title='bbox 317 318 431 377; x_wconf 71' lang='grc'>471</span> 
     </span>
    </p>
   </div>
   <div class='ocr_carea' id='block_1_2' title="bbox 1622 308 2424 378">
    <p class='ocr_par' dir='ltr' id='par_1_2' title="bbox 1622 308 2424 378">
     <span class='ocr_line' id='line_1_2' title="bbox 1622 308 2424 378; baseline -0.011 -1"><span class='ocrx_word' id='word_1_2' title='bbox 1622 314 2018 378; x_wconf 86' lang='lat' dir='ltr'>THEODULI</span> <span class='ocrx_word' id='word_1_3' title='bbox 2065 308 2424 373; x_wconf 81' lang='lat' dir='ltr'>MONAGHI</span> 
     </span>
    </p>
   </div>
   <div class='ocr_carea' id='block_1_3' title="bbox 3601 302 3726 363">
    <p class='ocr_par' dir='ltr' id='par_1_3' title="bbox 3601 302 3726 363">
     <span class='ocr_line' id='line_1_3' title="bbox 3601 302 3726 363; baseline -0.016 -1"><span class='ocrx_word' id='word_1_4' title='bbox 3601 302 3726 363; x_wconf 71' lang='grc'>472</span> 
     </span>
    </p>
   </div>
   <div class='ocr_carea' id='block_1_4' title="bbox 321 435 2007 522">
    <p class='ocr_par' dir='ltr' id='par_1_4' title="bbox 321 449 2007 522">
     <span class='ocr_line' id='line_1_4' title="bbox 321 449 2007 522; baseline -0.001 -13"><span class='ocrx_word' id='word_1_5' title='bbox 321 450 524 509; x_wconf 74' lang='lat' dir='ltr'>obedit.</span> <span class='ocrx_word' id='word_1_6' title='bbox 556 449 659 508; x_wconf 77' lang='lat' dir='ltr'>Sed</span> <span class='ocrx_word' id='word_1_7' title='bbox 687 450 789 521; x_wconf 76' lang='lat' dir='ltr'>qui</span> <span class='ocrx_word' id='word_1_8' title='bbox 841 467 938 522; x_wconf 82' lang='lat' dir='ltr'>per</span> <span class='ocrx_word' id='word_1_9' title='bbox 973 467 1030 507; x_wconf 75' lang='lat' dir='ltr'>se</span> <span class='ocrx_word' id='word_1_10' title='bbox 1081 468 1282 522; x_wconf 85' lang='lat' dir='ltr'>parum</span> <span class='ocrx_word' id='word_1_11' title='bbox 1339 450 1642 522; x_wconf 74' lang='lat' dir='ltr'>intelligit,</span> <span class='ocrx_word' id='word_1_12' title='bbox 1664 468 1763 508; x_wconf 83' lang='lat' dir='ltr'>nec</span> <span class='ocrx_word' id='word_1_13' title='bbox 1819 451 1964 508; x_wconf 77' lang='lat' dir='ltr'>alte—</span> <span class='ocrx_word' id='word_1_14' title='bbox 1995 481 2007 515; x_wconf 62' lang='grc' dir='ltr'><em>λ</em></span> 
     </span>
    </p>
   </div>
   <div class='ocr_carea' id='block_1_5' title="bbox 2118 435 3732 522">
    <p class='ocr_par' dir='ltr' id='par_1_5' title="bbox 2118 435 3732 522">
     <span class='ocr_line' id='line_1_5' title="bbox 2118 435 3732 522; baseline -0.006 -24"><span class='ocrx_word' id='word_1_15' title='bbox 2118 451 2184 507; x_wconf 67' lang='lat' dir='ltr'>Dc</span> <span class='ocrx_word' id='word_1_16' title='bbox 2219 442 2273 522; x_wconf 72' lang='grc' dir='ltr'>δ’</span> <span class='ocrx_word' id='word_1_17' title='bbox 2315 441 2401 522; x_wconf 35' lang='lat' dir='ltr'>ait</span> <span class='ocrx_word' id='word_1_18' title='bbox 2431 441 2792 522; x_wconf 58' lang='lat' dir='ltr'>u_wﬁ_Q&quot;a61§)</span> <span class='ocrx_word' id='word_1_19' title='bbox 2819 439 2984 522; x_wconf 35' lang='grc' dir='ltr'>νοέῃ.</span> <span class='ocrx_word' id='word_1_20' title='bbox 3013 440 3170 522; x_wconf 54' lang='lat' dir='ltr'>inﬁt:</span> <span class='ocrx_word' id='word_1_21' title='bbox 3203 435 3420 522; x_wconf 38' lang='grc' dir='ltr'>ιΞιξλλοΙνΔ</span> <span class='ocrx_word' id='word_1_22' title='bbox 3443 435 3732 522; x_wconf 61' lang='grc' dir='ltr'>ἀκούων,</span> 
     </span>
    </p>
   </div>
   <div class='ocr_carea' id='block_1_6' title="bbox 318 521 1450 590">
    <p class='ocr_par' dir='ltr' id='par_1_6' title="bbox 318 521 1450 590">
     <span class='ocr_line' id='line_1_6' title="bbox 318 521 1450 590; baseline 0 -11"><span class='ocrx_word' id='word_1_23' title='bbox 318 540 443 579; x_wconf 86' lang='lat' dir='ltr'>rum</span> <span class='ocrx_word' id='word_1_24' title='bbox 472 522 647 590; x_wconf 79' lang='lat' dir='ltr'>audit,</span> <span class='ocrx_word' id='word_1_25' title='bbox 680 525 726 577; x_wconf 74' lang='lat' dir='ltr'>is</span> <span class='ocrx_word' id='word_1_26' title='bbox 745 521 878 578; x_wconf 69' lang='lat' dir='ltr'>sane</span> <span class='ocrx_word' id='word_1_27' title='bbox 908 521 998 577; x_wconf 78' lang='lat' dir='ltr'>vir</span> <span class='ocrx_word' id='word_1_28' title='bbox 1019 521 1100 578; x_wconf 77' lang='lat' dir='ltr'>est</span> <span class='ocrx_word' id='word_1_29' title='bbox 1125 523 1450 579; x_wconf 73' lang='lat' dir='ltr'>imbecillus.</span> 
     </span>
    </p>
   </div>
   <div class='ocr_carea' id='block_1_7' title="bbox 399 632 1971 703">
    <p class='ocr_par' dir='ltr' id='par_1_7' title="bbox 399 632 1971 703">
     <span class='ocr_line' id='line_1_7' title="bbox 399 632 1971 703; baseline -0.001 -15"><span class='ocrx_word' id='word_1_30' title='bbox 399 633 462 688; x_wconf 90' lang='lat' dir='ltr'>In</span> <span class='ocrx_word' id='word_1_31' title='bbox 495 632 832 689; x_wconf 83' lang='lat' dir='ltr'>universum</span> <span class='ocrx_word' id='word_1_32' title='bbox 868 648 1132 703; x_wconf 87' lang='lat' dir='ltr'>sempere</span> <span class='ocrx_word' id='word_1_33' title='bbox 1158 632 1330 688; x_wconf 88' lang='lat' dir='ltr'>bonis</span> <span class='ocrx_word' id='word_1_34' title='bbox 1354 632 1616 688; x_wconf 80' lang='lat' dir='ltr'>consiliis</span> <span class='ocrx_word' id='word_1_35' title='bbox 1636 633 1857 688; x_wconf 81' lang='lat' dir='ltr'>utilitas</span> <span class='ocrx_word' id='word_1_36' title='bbox 1871 633 1971 689; x_wconf 90' lang='lat' dir='ltr'>ali-</span> 
     </span>
    </p>
   </div>
   <div class='ocr_carea' id='block_1_8' title="bbox 324 737 1968 812">
    <p class='ocr_par' dir='ltr' id='par_1_8' title="bbox 324 737 1968 812">
     <span class='ocr_line' id='line_1_8' title="bbox 324 737 1968 812; baseline 0.001 -18"><span class='ocrx_word' id='word_1_37' title='bbox 324 739 515 812; x_wconf 87' lang='lat' dir='ltr'>quain</span> <span class='ocrx_word' id='word_1_38' title='bbox 547 739 783 810; x_wconf 82' lang='lat' dir='ltr'>negotia</span> <span class='ocrx_word' id='word_1_39' title='bbox 813 737 1124 807; x_wconf 79' lang='lat' dir='ltr'>redundat,</span> <span class='ocrx_word' id='word_1_40' title='bbox 1173 740 1314 794; x_wconf 90' lang='lat' dir='ltr'>dum</span> <span class='ocrx_word' id='word_1_41' title='bbox 1375 756 1406 795; x_wconf 87' lang='lat' dir='ltr'>e</span> <span class='ocrx_word' id='word_1_42' title='bbox 1453 740 1614 796; x_wconf 80' lang='lat' dir='ltr'>falsis</span> <span class='ocrx_word' id='word_1_43' title='bbox 1651 741 1968 796; x_wconf 80' lang='lat' dir='ltr'>ratiociniis</span> 
     </span>
    </p>
   </div>
   <div class='ocr_carea' id='block_1_9' title="bbox 325 846 1970 916">
    <p class='ocr_par' dir='ltr' id='par_1_9' title="bbox 325 846 1970 916">
     <span class='ocr_line' id='line_1_9' title="bbox 325 846 1970 916; baseline -0.001 -12"><span class='ocrx_word' id='word_1_44' title='bbox 325 846 522 904; x_wconf 82' lang='lat' dir='ltr'><strong>omnia</strong></span> <span class='ocrx_word' id='word_1_45' title='bbox 552 846 877 902; x_wconf 90' lang='lat' dir='ltr'>necessario</span> <span class='ocrx_word' id='word_1_46' title='bbox 922 846 1211 916; x_wconf 89' lang='lat' dir='ltr'>perditum</span> <span class='ocrx_word' id='word_1_47' title='bbox 1243 851 1399 902; x_wconf 85' lang='lat' dir='ltr'>eunt.</span> <span class='ocrx_word' id='word_1_48' title='bbox 1447 848 1541 902; x_wconf 88' lang='lat' dir='ltr'>Sic</span> <span class='ocrx_word' id='word_1_49' title='bbox 1573 847 1826 904; x_wconf 78' lang='lat' dir='ltr'>militum</span> <span class='ocrx_word' id='word_1_50' title='bbox 1861 849 1970 902; x_wconf 90' lang='lat' dir='ltr'>du-</span> 
     </span>
    </p>
   </div>
   <div class='ocr_carea' id='block_1_10' title="bbox 327 954 1975 1026">
    <p class='ocr_par' dir='ltr' id='par_1_10' title="bbox 327 954 1975 1026">
     <span class='ocr_line' id='line_1_10' title="bbox 327 954 1975 1026; baseline -0.001 -14"><span class='ocrx_word' id='word_1_51' title='bbox 327 971 442 1022; x_wconf 89' lang='lat' dir='ltr'>ces,</span> <span class='ocrx_word' id='word_1_52' title='bbox 475 955 559 1010; x_wconf 90' lang='lat' dir='ltr'>sic</span> <span class='ocrx_word' id='word_1_53' title='bbox 589 955 752 1010; x_wconf 90' lang='lat' dir='ltr'>navis</span> <span class='ocrx_word' id='word_1_54' title='bbox 790 958 1064 1022; x_wconf 89' lang='lat' dir='ltr'>rectores,</span> <span class='ocrx_word' id='word_1_55' title='bbox 1105 955 1188 1009; x_wconf 85' lang='lat' dir='ltr'>sic</span> <span class='ocrx_word' id='word_1_56' title='bbox 1218 954 1556 1026; x_wconf 83' lang='lat' dir='ltr'>quicunque</span> <span class='ocrx_word' id='word_1_57' title='bbox 1610 955 1778 1022; x_wconf 90' lang='lat' dir='ltr'>alius,</span> <span class='ocrx_word' id='word_1_58' title='bbox 1810 964 1975 1011; x_wconf 87' lang='lat' dir='ltr'>ante-</span> 
     </span>
    </p>
   </div>
   <div class='ocr_carea' id='block_1_11' title="bbox 329 1059 1976 1135">
    <p class='ocr_par' dir='ltr' id='par_1_11' title="bbox 329 1059 1976 1135">
     <span class='ocr_line' id='line_1_11' title="bbox 329 1059 1976 1135; baseline -0.001 -18"><span class='ocrx_word' id='word_1_59' title='bbox 329 1077 509 1135; x_wconf 87' lang='lat' dir='ltr'>quam</span> <span class='ocrx_word' id='word_1_60' title='bbox 541 1077 689 1132; x_wconf 89' lang='lat' dir='ltr'>opus</span> <span class='ocrx_word' id='word_1_61' title='bbox 710 1059 1149 1132; x_wconf 81' lang='lat' dir='ltr'>aggrediuntur,</span> <span class='ocrx_word' id='word_1_62' title='bbox 1175 1060 1514 1127; x_wconf 87' lang='lat' dir='ltr'>deliberant,</span> <span class='ocrx_word' id='word_1_63' title='bbox 1537 1061 1669 1116; x_wconf 90' lang='lat' dir='ltr'>licet</span> <span class='ocrx_word' id='word_1_64' title='bbox 1691 1062 1760 1117; x_wconf 88' lang='lat' dir='ltr'>de</span> <span class='ocrx_word' id='word_1_65' title='bbox 1783 1062 1976 1134; x_wconf 85' lang='lat' dir='ltr'>parvis</span> 
     </span>
    </p>
   </div>
   <div class='ocr_carea' id='block_1_12' title="bbox 330 1167 1974 1240">
    <p class='ocr_par' dir='ltr' id='par_1_12' title="bbox 330 1167 1974 1240">
     <span class='ocr_line' id='line_1_12' title="bbox 330 1167 1974 1240; baseline 0 -15"><span class='ocrx_word' id='word_1_66' title='bbox 330 1184 484 1239; x_wconf 64' lang='lat' dir='ltr'>sape</span> <span class='ocrx_word' id='word_1_67' title='bbox 513 1167 706 1240; x_wconf 87' lang='lat' dir='ltr'>agitur</span> <span class='ocrx_word' id='word_1_68' title='bbox 738 1184 751 1220; x_wconf 92' lang='lat'><strong>:</strong></span> <span class='ocrx_word' id='word_1_69' title='bbox 785 1168 888 1222; x_wconf 90' lang='lat' dir='ltr'>tibi</span> <span class='ocrx_word' id='word_1_70' title='bbox 918 1170 1110 1223; x_wconf 86' lang='lat' dir='ltr'>autem</span> <span class='ocrx_word' id='word_1_71' title='bbox 1132 1167 1311 1222; x_wconf 90' lang='lat' dir='ltr'>totius</span> <span class='ocrx_word' id='word_1_72' title='bbox 1328 1168 1486 1223; x_wconf 90' lang='lat' dir='ltr'>orbis</span> <span class='ocrx_word' id='word_1_73' title='bbox 1507 1185 1646 1224; x_wconf 89' lang='lat' dir='ltr'>cura</span> <span class='ocrx_word' id='word_1_74' title='bbox 1667 1169 1974 1226; x_wconf 87' lang='lat' dir='ltr'>incumbit.</span> 
     </span>
    </p>
   </div>
   <div class='ocr_carea' id='block_1_13' title="bbox 333 1273 1977 1348">
    <p class='ocr_par' dir='ltr' id='par_1_13' title="bbox 333 1273 1977 1348">
     <span class='ocr_line' id='line_1_13' title="bbox 333 1273 1977 1348; baseline 0.001 -17"><span class='ocrx_word' id='word_1_75' title='bbox 333 1276 421 1332; x_wconf 93' lang='lat' dir='ltr'>Tu</span> <span class='ocrx_word' id='word_1_76' title='bbox 461 1275 638 1330; x_wconf 88' lang='lat' dir='ltr'>urbes</span> <span class='ocrx_word' id='word_1_77' title='bbox 667 1290 733 1330; x_wconf 89' lang='lat' dir='ltr'>ae</span> <span class='ocrx_word' id='word_1_78' title='bbox 772 1273 1019 1346; x_wconf 88' lang='lat' dir='ltr'>populos</span> <span class='ocrx_word' id='word_1_79' title='bbox 1066 1290 1132 1329; x_wconf 90' lang='lat' dir='ltr'>ac</span> <span class='ocrx_word' id='word_1_80' title='bbox 1182 1274 1488 1330; x_wconf 83' lang='lat' dir='ltr'>thesauros</span> <span class='ocrx_word' id='word_1_81' title='bbox 1511 1275 1649 1345; x_wconf 84' lang='lat' dir='ltr'>jure</span> <span class='ocrx_word' id='word_1_82' title='bbox 1680 1277 1977 1348; x_wconf 82' lang='lat' dir='ltr'>subjectos</span> 
     </span>
    </p>
   </div>
   <div class='ocr_carea' id='block_1_14' title="bbox 335 1381 1978 1455">
    <p class='ocr_par' dir='ltr' id='par_1_14' title="bbox 335 1381 1978 1455">
     <span class='ocr_line' id='line_1_14' title="bbox 335 1381 1978 1455; baseline 0 -15"><span class='ocrx_word' id='word_1_83' title='bbox 335 1383 440 1440; x_wconf 86' lang='lat' dir='ltr'>tibi</span> <span class='ocrx_word' id='word_1_84' title='bbox 463 1383 645 1438; x_wconf 88' lang='lat' dir='ltr'>habes</span> <span class='ocrx_word' id='word_1_85' title='bbox 673 1399 687 1449; x_wconf 92' lang='lat'><strong>;</strong></span> <span class='ocrx_word' id='word_1_86' title='bbox 718 1397 896 1455; x_wconf 89' lang='lat' dir='ltr'>quare</span> <span class='ocrx_word' id='word_1_87' title='bbox 924 1390 1112 1438; x_wconf 86' lang='lat' dir='ltr'>tecum</span> <span class='ocrx_word' id='word_1_88' title='bbox 1135 1381 1409 1450; x_wconf 91' lang='lat' dir='ltr'>delibera,</span> <span class='ocrx_word' id='word_1_89' title='bbox 1439 1399 1543 1438; x_wconf 88' lang='lat' dir='ltr'>nec</span> <span class='ocrx_word' id='word_1_90' title='bbox 1562 1400 1820 1455; x_wconf 86' lang='lat' dir='ltr'>unquam</span> <span class='ocrx_word' id='word_1_91' title='bbox 1845 1401 1978 1440; x_wconf 88' lang='lat' dir='ltr'>cum</span> 
     </span>
    </p>
   </div>
   <div class='ocr_carea' id='block_1_15' title="bbox 335 1489 1982 1561">
    <p class='ocr_par' dir='ltr' id='par_1_15' title="bbox 335 1489 1982 1561">
     <span class='ocr_line' id='line_1_15' title="bbox 335 1489 1982 1561; baseline -0.001 -15"><span class='ocrx_word' id='word_1_92' title='bbox 335 1490 508 1546; x_wconf 89' lang='lat' dir='ltr'>bonis</span> <span class='ocrx_word' id='word_1_93' title='bbox 534 1489 676 1544; x_wconf 82' lang='lat' dir='ltr'>viris</span> <span class='ocrx_word' id='word_1_94' title='bbox 705 1489 1034 1544; x_wconf 81' lang='lat' dir='ltr'>conversari</span> <span class='ocrx_word' id='word_1_95' title='bbox 1065 1489 1300 1557; x_wconf 84' lang='lat' dir='ltr'>desiste,</span> <span class='ocrx_word' id='word_1_96' title='bbox 1325 1493 1382 1544; x_wconf 91' lang='lat' dir='ltr'>et</span> <span class='ocrx_word' id='word_1_97' title='bbox 1412 1505 1512 1558; x_wconf 90' lang='lat' dir='ltr'>pro</span> <span class='ocrx_word' id='word_1_98' title='bbox 1537 1494 1639 1544; x_wconf 90' lang='lat' dir='ltr'>tua</span> <span class='ocrx_word' id='word_1_99' title='bbox 1669 1494 1830 1561; x_wconf 87' lang='lat' dir='ltr'>parte</span> <span class='ocrx_word' id='word_1_100' title='bbox 1851 1507 1982 1560; x_wconf 88' lang='lat' dir='ltr'>ope-</span> 
     </span>
    </p>
   </div>
   <div class='ocr_carea' id='block_1_16' title="bbox 337 1595 1980 1668">
    <p class='ocr_par' dir='ltr' id='par_1_16' title="bbox 337 1595 1980 1668">
     <span class='ocr_line' id='line_1_16' title="bbox 337 1595 1980 1668; baseline -0.002 -14"><span class='ocrx_word' id='word_1_101' title='bbox 337 1613 466 1654; x_wconf 89' lang='lat' dir='ltr'>ram</span> <span class='ocrx_word' id='word_1_102' title='bbox 497 1598 570 1652; x_wconf 90' lang='lat' dir='ltr'>da</span> <span class='ocrx_word' id='word_1_103' title='bbox 600 1600 665 1651; x_wconf 86' lang='lat' dir='ltr'>ut</span> <span class='ocrx_word' id='word_1_104' title='bbox 693 1611 934 1666; x_wconf 88' lang='lat' dir='ltr'>scopum</span> <span class='ocrx_word' id='word_1_105' title='bbox 968 1595 1221 1667; x_wconf 86' lang='lat' dir='ltr'>attingas</span> <span class='ocrx_word' id='word_1_106' title='bbox 1252 1595 1640 1666; x_wconf 88' lang='lat' dir='ltr'>propositum,</span> <span class='ocrx_word' id='word_1_107' title='bbox 1673 1603 1726 1651; x_wconf 89' lang='lat' dir='ltr'>te</span> <span class='ocrx_word' id='word_1_108' title='bbox 1756 1596 1816 1652; x_wconf 89' lang='lat' dir='ltr'>in</span> <span class='ocrx_word' id='word_1_109' title='bbox 1855 1597 1980 1668; x_wconf 90' lang='lat' dir='ltr'>pri-</span> 
     </span>
    </p>
   </div>
   <div class='ocr_carea' id='block_1_17' title="bbox 341 1701 1986 1776">
    <p class='ocr_par' dir='ltr' id='par_1_17' title="bbox 341 1701 1986 1776">
     <span class='ocr_line' id='line_1_17' title="bbox 341 1701 1986 1776; baseline -0.001 -17"><span class='ocrx_word' id='word_1_110' title='bbox 341 1705 455 1760; x_wconf 92' lang='lat' dir='ltr'>mis</span> <span class='ocrx_word' id='word_1_111' title='bbox 484 1703 681 1775; x_wconf 87' lang='lat' dir='ltr'>ipsum</span> <span class='ocrx_word' id='word_1_112' title='bbox 739 1701 1045 1758; x_wconf 88' lang='lat' dir='ltr'>vincendo.</span> <span class='ocrx_word' id='word_1_113' title='bbox 1094 1703 1205 1758; x_wconf 89' lang='lat' dir='ltr'>Sed</span> <span class='ocrx_word' id='word_1_114' title='bbox 1238 1702 1558 1760; x_wconf 88' lang='lat' dir='ltr'>deliberare</span> <span class='ocrx_word' id='word_1_115' title='bbox 1596 1703 1666 1759; x_wconf 87' lang='lat' dir='ltr'>de</span> <span class='ocrx_word' id='word_1_116' title='bbox 1717 1703 1986 1776; x_wconf 83' lang='lat' dir='ltr'>gravissi-</span> 
     </span>
    </p>
   </div>
   <div class='ocr_carea' id='block_1_18' title="bbox 342 1809 2063 1884">
    <p class='ocr_par' dir='ltr' id='par_1_18' title="bbox 342 1809 2063 1884">
     <span class='ocr_line' id='line_1_18' title="bbox 342 1809 2063 1884; baseline 0 -17"><span class='ocrx_word' id='word_1_117' title='bbox 342 1811 458 1868; x_wconf 87' lang='lat' dir='ltr'>mis</span> <span class='ocrx_word' id='word_1_118' title='bbox 489 1810 665 1866; x_wconf 83' lang='lat' dir='ltr'>rebus</span> <span class='ocrx_word' id='word_1_119' title='bbox 695 1809 985 1865; x_wconf 88' lang='lat' dir='ltr'>nonsatis</span> <span class='ocrx_word' id='word_1_120' title='bbox 1039 1813 1146 1876; x_wconf 86' lang='lat' dir='ltr'>est,</span> <span class='ocrx_word' id='word_1_121' title='bbox 1205 1811 1304 1865; x_wconf 90' lang='lat' dir='ltr'>sed</span> <span class='ocrx_word' id='word_1_122' title='bbox 1363 1827 1493 1881; x_wconf 69' lang='lat' dir='ltr'>quas</span> <span class='ocrx_word' id='word_1_123' title='bbox 1553 1812 1738 1867; x_wconf 91' lang='lat' dir='ltr'>facere</span> <span class='ocrx_word' id='word_1_124' title='bbox 1791 1813 1984 1867; x_wconf 88' lang='lat' dir='ltr'>animo</span> <span class='ocrx_word' id='word_1_125' title='bbox 2016 1819 2063 1884; x_wconf 81' lang='grc' dir='ltr'><strong>Β</strong></span> 
     </span>
    </p>
   </div>
   <div class='ocr_carea' id='block_1_19' title="bbox 341 1916 1984 1991">
    <p class='ocr_par' dir='ltr' id='par_1_19' title="bbox 341 1916 1984 1991">
     <span class='ocr_line' id='line_1_19' title="bbox 341 1916 1984 1991; baseline -0.002 -13"><span class='ocrx_word' id='word_1_126' title='bbox 341 1919 623 1985; x_wconf 76' lang='lat' dir='ltr'>statuisti,</span> <span class='ocrx_word' id='word_1_127' title='bbox 678 1925 914 1974; x_wconf 72' lang='lat' dir='ltr'>caeteros</span> <span class='ocrx_word' id='word_1_128' title='bbox 973 1916 1153 1974; x_wconf 89' lang='lat' dir='ltr'>latere</span> <span class='ocrx_word' id='word_1_129' title='bbox 1213 1919 1506 1990; x_wconf 88' lang='lat' dir='ltr'>conducit,</span> <span class='ocrx_word' id='word_1_130' title='bbox 1540 1920 1597 1974; x_wconf 90' lang='lat' dir='ltr'>id</span> <span class='ocrx_word' id='word_1_131' title='bbox 1657 1920 1811 1991; x_wconf 91' lang='lat' dir='ltr'>quod</span> <span class='ocrx_word' id='word_1_132' title='bbox 1859 1921 1984 1976; x_wconf 89' lang='lat' dir='ltr'>sine</span> 
     </span>
    </p>
   </div>
   <div class='ocr_carea' id='block_1_20' title="bbox 344 2025 1987 2098">
    <p class='ocr_par' dir='ltr' id='par_1_20' title="bbox 344 2025 1987 2098">
     <span class='ocr_line' id='line_1_20' title="bbox 344 2025 1987 2098; baseline 0 -15"><span class='ocrx_word' id='word_1_133' title='bbox 344 2042 554 2098; x_wconf 82' lang='lat' dir='ltr'>magna</span> <span class='ocrx_word' id='word_1_134' title='bbox 576 2025 885 2098; x_wconf 89' lang='lat' dir='ltr'>prudentia</span> <span class='ocrx_word' id='word_1_135' title='bbox 916 2025 1036 2081; x_wconf 85' lang='lat' dir='ltr'>ﬁeri</span> <span class='ocrx_word' id='word_1_136' title='bbox 1070 2026 1306 2098; x_wconf 87' lang='lat' dir='ltr'>nequit;</span> <span class='ocrx_word' id='word_1_137' title='bbox 1339 2043 1475 2083; x_wconf 89' lang='lat' dir='ltr'>nam</span> <span class='ocrx_word' id='word_1_138' title='bbox 1525 2027 1769 2084; x_wconf 89' lang='lat' dir='ltr'>consilia</span> <span class='ocrx_word' id='word_1_139' title='bbox 1814 2033 1987 2098; x_wconf 87' lang='lat' dir='ltr'>atque</span> 
     </span>
    </p>
   </div>
   <div class='ocr_carea' id='block_1_21' title="bbox 344 2133 1993 2208">
    <p class='ocr_par' dir='ltr' id='par_1_21' title="bbox 344 2133 1993 2208">
     <span class='ocr_line' id='line_1_21' title="bbox 344 2133 1993 2208; baseline -0.001 -17"><span class='ocrx_word' id='word_1_140' title='bbox 344 2150 517 2206; x_wconf 81' lang='lat' dir='ltr'>Opera</span> <span class='ocrx_word' id='word_1_141' title='bbox 546 2139 705 2189; x_wconf 88' lang='lat' dir='ltr'>arcto</span> <span class='ocrx_word' id='word_1_142' title='bbox 734 2133 968 2189; x_wconf 87' lang='lat' dir='ltr'>vinculo</span> <span class='ocrx_word' id='word_1_143' title='bbox 990 2134 1198 2204; x_wconf 81' lang='lat' dir='ltr'>juncta</span> <span class='ocrx_word' id='word_1_144' title='bbox 1225 2150 1353 2190; x_wconf 90' lang='lat' dir='ltr'>esse</span> <span class='ocrx_word' id='word_1_145' title='bbox 1398 2135 1628 2205; x_wconf 84' lang='lat' dir='ltr'>debent,</span> <span class='ocrx_word' id='word_1_146' title='bbox 1661 2137 1800 2208; x_wconf 88' lang='lat' dir='ltr'>quia</span> <span class='ocrx_word' id='word_1_147' title='bbox 1855 2135 1993 2191; x_wconf 86' lang='lat' dir='ltr'>alte-</span> 
     </span>
    </p>
   </div>
   <div class='ocr_carea' id='block_1_22' title="bbox 348 2239 1991 2314">
    <p class='ocr_par' dir='ltr' id='par_1_22' title="bbox 348 2239 1991 2314">
     <span class='ocr_line' id='line_1_22' title="bbox 348 2239 1991 2314; baseline -0.002 -15"><span class='ocrx_word' id='word_1_148' title='bbox 348 2258 474 2300; x_wconf 88' lang='lat' dir='ltr'>rum</span> <span class='ocrx_word' id='word_1_149' title='bbox 509 2240 746 2297; x_wconf 89' lang='lat' dir='ltr'>alterius</span> <span class='ocrx_word' id='word_1_150' title='bbox 776 2245 924 2312; x_wconf 87' lang='lat' dir='ltr'>eget.</span> <span class='ocrx_word' id='word_1_151' title='bbox 958 2239 1142 2296; x_wconf 90' lang='lat' dir='ltr'>Omne</span> <span class='ocrx_word' id='word_1_152' title='bbox 1173 2242 1375 2312; x_wconf 88' lang='lat' dir='ltr'>utique</span> <span class='ocrx_word' id='word_1_153' title='bbox 1396 2241 1571 2298; x_wconf 87' lang='lat' dir='ltr'>animi</span> <span class='ocrx_word' id='word_1_154' title='bbox 1605 2244 1991 2314; x_wconf 89' lang='lat' dir='ltr'>propositum.</span> 
     </span>
    </p>
   </div>
   <div class='ocr_carea' id='block_1_23' title="bbox 347 2347 1995 2421">
    <p class='ocr_par' dir='ltr' id='par_1_23' title="bbox 347 2347 1995 2421">
     <span class='ocr_line' id='line_1_23' title="bbox 347 2347 1995 2421; baseline -0.001 -15"><span class='ocrx_word' id='word_1_155' title='bbox 347 2351 484 2407; x_wconf 90' lang='lat' dir='ltr'>licet</span> <span class='ocrx_word' id='word_1_156' title='bbox 510 2347 956 2406; x_wconf 86' lang='lat' dir='ltr'>callidissimum</span> <span class='ocrx_word' id='word_1_157' title='bbox 987 2349 1084 2416; x_wconf 89' lang='lat' dir='ltr'>sit,</span> <span class='ocrx_word' id='word_1_158' title='bbox 1117 2354 1174 2404; x_wconf 86' lang='lat' dir='ltr'>et</span> <span class='ocrx_word' id='word_1_159' title='bbox 1196 2366 1226 2404; x_wconf 90' lang='lat' dir='ltr'>e</span> <span class='ocrx_word' id='word_1_160' title='bbox 1258 2350 1545 2421; x_wconf 86' lang='lat' dir='ltr'>profundo</span> <span class='ocrx_word' id='word_1_161' title='bbox 1570 2351 1794 2421; x_wconf 85' lang='lat' dir='ltr'>judicio</span> <span class='ocrx_word' id='word_1_162' title='bbox 1825 2367 1995 2405; x_wconf 85' lang='lat' dir='ltr'>exor-</span> 
     </span>
    </p>
   </div>
   <div class='ocr_carea' id='block_1_24' title="bbox 354 2455 1996 2528">
    <p class='ocr_par' dir='ltr' id='par_1_24' title="bbox 354 2455 1996 2528">
     <span class='ocr_line' id='line_1_24' title="bbox 354 2455 1996 2528; baseline -0.001 -15"><span class='ocrx_word' id='word_1_163' title='bbox 354 2462 503 2523; x_wconf 89' lang='lat' dir='ltr'>tum,</span> <span class='ocrx_word' id='word_1_164' title='bbox 536 2455 756 2512; x_wconf 80' lang='lat' dir='ltr'>caeteris</span> <span class='ocrx_word' id='word_1_165' title='bbox 783 2456 1047 2528; x_wconf 83' lang='lat' dir='ltr'>ignotum</span> <span class='ocrx_word' id='word_1_166' title='bbox 1077 2456 1158 2511; x_wconf 88' lang='lat' dir='ltr'>sit</span> <span class='ocrx_word' id='word_1_167' title='bbox 1207 2473 1440 2512; x_wconf 87' lang='lat' dir='ltr'>necesse</span> <span class='ocrx_word' id='word_1_168' title='bbox 1497 2461 1602 2528; x_wconf 92' lang='lat' dir='ltr'>est,</span> <span class='ocrx_word' id='word_1_169' title='bbox 1652 2458 1701 2512; x_wconf 87' lang='lat' dir='ltr'>si</span> <span class='ocrx_word' id='word_1_170' title='bbox 1743 2458 1996 2512; x_wconf 88' lang='lat' dir='ltr'>fructum</span> 
     </span>
    </p>
   </div>
   <div class='ocr_carea' id='block_1_25' title="bbox 353 2565 1994 2638">
    <p class='ocr_par' dir='ltr' id='par_1_25' title="bbox 353 2565 1994 2638">
     <span class='ocr_line' id='line_1_25' title="bbox 353 2565 1994 2638; baseline -0.001 -15"><span class='ocrx_word' id='word_1_171' title='bbox 353 2569 491 2624; x_wconf 87' lang='lat' dir='ltr'>inde</span> <span class='ocrx_word' id='word_1_172' title='bbox 521 2567 814 2638; x_wconf 83' lang='lat' dir='ltr'>percipere</span> <span class='ocrx_word' id='word_1_173' title='bbox 861 2566 966 2622; x_wconf 88' lang='lat' dir='ltr'>vis.</span> <span class='ocrx_word' id='word_1_174' title='bbox 1007 2565 1116 2622; x_wconf 91' lang='lat' dir='ltr'>Ubi</span> <span class='ocrx_word' id='word_1_175' title='bbox 1166 2565 1423 2636; x_wconf 90' lang='lat' dir='ltr'>primum</span> <span class='ocrx_word' id='word_1_176' title='bbox 1455 2572 1643 2622; x_wconf 87' lang='lat' dir='ltr'>autem</span> <span class='ocrx_word' id='word_1_177' title='bbox 1683 2566 1741 2622; x_wconf 91' lang='lat' dir='ltr'>in</span> <span class='ocrx_word' id='word_1_178' title='bbox 1787 2566 1994 2636; x_wconf 77' lang='lat' dir='ltr'>vulgus</span> 
     </span>
    </p>
   </div>
   <div class='ocr_carea' id='block_1_26' title="bbox 355 2674 1994 2743">
    <p class='ocr_par' dir='ltr' id='par_1_26' title="bbox 355 2674 1994 2743">
     <span class='ocr_line' id='line_1_26' title="bbox 355 2674 1994 2743; baseline 0.001 -13"><span class='ocrx_word' id='word_1_179' title='bbox 355 2674 514 2743; x_wconf 78' lang='lat' dir='ltr'>exiit,</span> <span class='ocrx_word' id='word_1_180' title='bbox 547 2674 927 2730; x_wconf 89' lang='lat' dir='ltr'>metuendum</span> <span class='ocrx_word' id='word_1_181' title='bbox 957 2676 1042 2728; x_wconf 82' lang='lat' dir='ltr'>est</span> <span class='ocrx_word' id='word_1_182' title='bbox 1075 2689 1146 2728; x_wconf 90' lang='lat' dir='ltr'>ne</span> <span class='ocrx_word' id='word_1_183' title='bbox 1173 2689 1288 2727; x_wconf 90' lang='lat' dir='ltr'>non</span> <span class='ocrx_word' id='word_1_184' title='bbox 1320 2675 1592 2730; x_wconf 85' lang='lat' dir='ltr'>succedat</span> <span class='ocrx_word' id='word_1_185' title='bbox 1622 2678 1680 2729; x_wconf 91' lang='lat' dir='ltr'>et</span> <span class='ocrx_word' id='word_1_186' title='bbox 1711 2675 1780 2728; x_wconf 88' lang='lat' dir='ltr'>ad</span> <span class='ocrx_word' id='word_1_187' title='bbox 1817 2677 1994 2731; x_wconf 85' lang='lat' dir='ltr'>ﬁnem</span> 
     </span>
    </p>
   </div>
   <div class='ocr_carea' id='block_1_27' title="bbox 353 2781 2001 2856">
    <p class='ocr_par' dir='ltr' id='par_1_27' title="bbox 353 2781 2001 2856">
     <span class='ocr_line' id='line_1_27' title="bbox 353 2781 2001 2856; baseline 0.002 -20"><span class='ocrx_word' id='word_1_188' title='bbox 353 2781 654 2856; x_wconf 80' lang='lat' dir='ltr'>perveniat</span> <span class='ocrx_word' id='word_1_189' title='bbox 683 2781 1062 2854; x_wconf 86' lang='lat' dir='ltr'>propositum.</span> <span class='ocrx_word' id='word_1_190' title='bbox 1099 2785 1220 2848; x_wconf 90' lang='lat' dir='ltr'>Quo</span> <span class='ocrx_word' id='word_1_191' title='bbox 1252 2791 1312 2838; x_wconf 85' lang='lat' dir='ltr'>ul</span> <span class='ocrx_word' id='word_1_192' title='bbox 1347 2783 1667 2855; x_wconf 86' lang='lat' dir='ltr'>pervenias,</span> <span class='ocrx_word' id='word_1_193' title='bbox 1694 2785 2001 2855; x_wconf 87' lang='lat' dir='ltr'>prudentia</span> 
     </span>
    </p>
   </div>
   <div class='ocr_carea' id='block_1_28' title="bbox 364 2888 2002 2962">
    <p class='ocr_par' dir='ltr' id='par_1_28' title="bbox 364 2888 2002 2962">
     <span class='ocr_line' id='line_1_28' title="bbox 364 2888 2002 2962; baseline 0 -15"><span class='ocrx_word' id='word_1_194' title='bbox 364 2905 595 2947; x_wconf 87' lang='lat' dir='ltr'>summa</span> <span class='ocrx_word' id='word_1_195' title='bbox 625 2905 772 2960; x_wconf 90' lang='lat' dir='ltr'>opus</span> <span class='ocrx_word' id='word_1_196' title='bbox 803 2895 906 2944; x_wconf 91' lang='lat' dir='ltr'>est.</span> <span class='ocrx_word' id='word_1_197' title='bbox 941 2888 1118 2962; x_wconf 84' lang='lat' dir='ltr'>Igitur</span> <span class='ocrx_word' id='word_1_198' title='bbox 1149 2889 1198 2944; x_wconf 92' lang='lat' dir='ltr'>si</span> <span class='ocrx_word' id='word_1_199' title='bbox 1229 2894 1427 2946; x_wconf 88' lang='lat' dir='ltr'>contra</span> <span class='ocrx_word' id='word_1_200' title='bbox 1458 2890 1658 2946; x_wconf 88' lang='lat' dir='ltr'>Persas</span> <span class='ocrx_word' id='word_1_201' title='bbox 1687 2891 2002 2947; x_wconf 86' lang='lat' dir='ltr'>exercitum</span> 
     </span>
    </p>
   </div>
   <div class='ocr_carea' id='block_1_29' title="bbox 364 2995 2008 3070">
    <p class='ocr_par' dir='ltr' id='par_1_29' title="bbox 364 2995 2008 3070">
     <span class='ocr_line' id='line_1_29' title="bbox 364 2995 2008 3070; baseline 0.001 -18"><span class='ocrx_word' id='word_1_202' title='bbox 364 2997 575 3052; x_wconf 84' lang='lat' dir='ltr'>ducere</span> <span class='ocrx_word' id='word_1_203' title='bbox 631 2996 688 3050; x_wconf 91' lang='lat' dir='ltr'>in</span> <span class='ocrx_word' id='word_1_204' title='bbox 749 2995 944 3052; x_wconf 89' lang='lat' dir='ltr'>animo</span> <span class='ocrx_word' id='word_1_205' title='bbox 1001 2995 1534 3069; x_wconf 68' lang='lat' dir='ltr'>habes,1Elbiopas</span> <span class='ocrx_word' id='word_1_206' title='bbox 1593 2997 2008 3070; x_wconf 75' lang='lat' dir='ltr'>praetexito;si</span> 
     </span>
    </p>
   </div>
   <div class='ocr_carea' id='block_1_30' title="bbox 364 3103 2011 3177">
    <p class='ocr_par' dir='ltr' id='par_1_30' title="bbox 364 3103 2011 3177">
     <span class='ocr_line' id='line_1_30' title="bbox 364 3103 2011 3177; baseline 0.001 -16"><span class='ocrx_word' id='word_1_207' title='bbox 364 3105 545 3177; x_wconf 79' lang='lat' dir='ltr'>Mysis</span> <span class='ocrx_word' id='word_1_208' title='bbox 575 3103 790 3159; x_wconf 86' lang='lat' dir='ltr'>bellum</span> <span class='ocrx_word' id='word_1_209' title='bbox 821 3103 907 3160; x_wconf 86' lang='lat' dir='ltr'>vis</span> <span class='ocrx_word' id='word_1_210' title='bbox 936 3103 1170 3170; x_wconf 84' lang='lat' dir='ltr'>inferre,</span> <span class='ocrx_word' id='word_1_211' title='bbox 1203 3109 1403 3161; x_wconf 89' lang='lat' dir='ltr'>contra</span> <span class='ocrx_word' id='word_1_212' title='bbox 1431 3105 1714 3162; x_wconf 84' lang='lat' dir='ltr'>Triballos</span> <span class='ocrx_word' id='word_1_213' title='bbox 1737 3106 1792 3162; x_wconf 90' lang='lat' dir='ltr'>id</span> <span class='ocrx_word' id='word_1_214' title='bbox 1824 3107 2011 3162; x_wconf 87' lang='lat' dir='ltr'>facere</span> 
     </span>
    </p>
   </div>
   <div class='ocr_carea' id='block_1_31' title="bbox 365 3183 2080 3285">
    <p class='ocr_par' dir='ltr' id='par_1_31' title="bbox 365 3183 2080 3285">
     <span class='ocr_line' id='line_1_31' title="bbox 365 3183 2080 3285; baseline 0.002 -18"><span class='ocrx_word' id='word_1_215' title='bbox 365 3210 510 3267; x_wconf 78' lang='lat' dir='ltr'>velle</span> <span class='ocrx_word' id='word_1_216' title='bbox 537 3209 790 3266; x_wconf 88' lang='lat' dir='ltr'>simula:</span> <span class='ocrx_word' id='word_1_217' title='bbox 825 3211 908 3267; x_wconf 92' lang='lat' dir='ltr'>sic</span> <span class='ocrx_word' id='word_1_218' title='bbox 937 3211 1148 3267; x_wconf 88' lang='lat' dir='ltr'>etenim</span> <span class='ocrx_word' id='word_1_219' title='bbox 1175 3214 1327 3284; x_wconf 91' lang='lat' dir='ltr'>quod</span> <span class='ocrx_word' id='word_1_220' title='bbox 1359 3214 1594 3285; x_wconf 71' lang='lat' dir='ltr'>quaeris.</span> <span class='ocrx_word' id='word_1_221' title='bbox 1629 3213 1792 3270; x_wconf 82' lang='lat' dir='ltr'>facile</span> <span class='ocrx_word' id='word_1_222' title='bbox 1817 3215 2009 3271; x_wconf 88' lang='lat' dir='ltr'>obtin-</span> <span class='ocrx_word' id='word_1_223' title='bbox 2039 3183 2080 3248; x_wconf 79' lang='lat' dir='ltr'>C</span> 
     </span>
    </p>
   </div>
   <div class='ocr_carea' id='block_1_32' title="bbox 368 3318 1820 3392">
    <p class='ocr_par' dir='ltr' id='par_1_32' title="bbox 368 3318 1820 3392">
     <span class='ocr_line' id='line_1_32' title="bbox 368 3318 1820 3392; baseline 0.003 -18"><span class='ocrx_word' id='word_1_224' title='bbox 368 3333 493 3392; x_wconf 76' lang='lat' dir='ltr'>ges,</span> <span class='ocrx_word' id='word_1_225' title='bbox 523 3322 580 3375; x_wconf 90' lang='lat' dir='ltr'>et</span> <span class='ocrx_word' id='word_1_226' title='bbox 611 3318 760 3376; x_wconf 82' lang='lat' dir='ltr'>felici</span> <span class='ocrx_word' id='word_1_227' title='bbox 790 3337 983 3377; x_wconf 89' lang='lat' dir='ltr'>rerum</span> <span class='ocrx_word' id='word_1_228' title='bbox 1015 3325 1247 3377; x_wconf 89' lang='lat' dir='ltr'>tuarum</span> <span class='ocrx_word' id='word_1_229' title='bbox 1280 3338 1557 3378; x_wconf 90' lang='lat' dir='ltr'>successu</span> <span class='ocrx_word' id='word_1_230' title='bbox 1592 3322 1820 3378; x_wconf 85' lang='lat' dir='ltr'>frueris.</span> 
     </span>
    </p>
   </div>
   <div class='ocr_carea' id='block_1_33' title="bbox 450 3853 2022 3928">
    <p class='ocr_par' dir='ltr' id='par_1_33' title="bbox 450 3853 2022 3928">
     <span class='ocr_line' id='line_1_33' title="bbox 450 3853 2022 3928; baseline 0.004 -20"><span class='ocrx_word' id='word_1_231' title='bbox 450 3855 536 3908; x_wconf 83' lang='grc'><strong>16.</strong></span> <span class='ocrx_word' id='word_1_232' title='bbox 572 3855 633 3910; x_wconf 92' lang='lat' dir='ltr'>Id</span> <span class='ocrx_word' id='word_1_233' title='bbox 661 3854 721 3909; x_wconf 92' lang='lat' dir='ltr'>in</span> <span class='ocrx_word' id='word_1_234' title='bbox 755 3853 958 3924; x_wconf 89' lang='lat' dir='ltr'>primis</span> <span class='ocrx_word' id='word_1_235' title='bbox 1007 3870 1147 3909; x_wconf 89' lang='lat' dir='ltr'>cura</span> <span class='ocrx_word' id='word_1_236' title='bbox 1195 3870 1288 3914; x_wconf 86' lang='lat' dir='ltr'>ne.</span> <span class='ocrx_word' id='word_1_237' title='bbox 1343 3871 1488 3926; x_wconf 90' lang='lat' dir='ltr'>quos</span> <span class='ocrx_word' id='word_1_238' title='bbox 1536 3857 1754 3912; x_wconf 86' lang='lat' dir='ltr'>amicos</span> <span class='ocrx_word' id='word_1_239' title='bbox 1811 3859 2022 3928; x_wconf 89' lang='lat' dir='ltr'>credis,</span> 
     </span>
    </p>
   </div>
   <div class='ocr_carea' id='block_1_34' title="bbox 378 3970 2023 4041">
    <p class='ocr_par' dir='ltr' id='par_1_34' title="bbox 378 3970 2023 4041">
     <span class='ocr_line' id='line_1_34' title="bbox 378 3970 2023 4041; baseline 0 -11"><span class='ocrx_word' id='word_1_240' title='bbox 378 3988 478 4031; x_wconf 89' lang='lat' dir='ltr'>eos</span> <span class='ocrx_word' id='word_1_241' title='bbox 508 3970 836 4028; x_wconf 85' lang='lat' dir='ltr'>adulatores</span> <span class='ocrx_word' id='word_1_242' title='bbox 865 3971 1105 4041; x_wconf 88' lang='lat' dir='ltr'>habeas,</span> <span class='ocrx_word' id='word_1_243' title='bbox 1137 3976 1192 4027; x_wconf 89' lang='lat' dir='ltr'>et</span> <span class='ocrx_word' id='word_1_244' title='bbox 1218 3988 1316 4028; x_wconf 88' lang='lat' dir='ltr'>eos</span> <span class='ocrx_word' id='word_1_245' title='bbox 1348 3972 1406 4028; x_wconf 89' lang='lat' dir='ltr'>in</span> <span class='ocrx_word' id='word_1_246' title='bbox 1441 3975 1856 4031; x_wconf 90' lang='lat' dir='ltr'>commercium</span> <span class='ocrx_word' id='word_1_247' title='bbox 1879 3975 2023 4032; x_wconf 86' lang='lat' dir='ltr'>deli-</span> 
     </span>
    </p>
   </div>
   <div class='ocr_carea' id='block_1_35' title="bbox 381 4081 2028 4155">
    <p class='ocr_par' dir='ltr' id='par_1_35' title="bbox 381 4081 2028 4155">
     <span class='ocr_line' id='line_1_35' title="bbox 381 4081 2028 4155; baseline 0.002 -18"><span class='ocrx_word' id='word_1_248' title='bbox 381 4098 484 4155; x_wconf 83' lang='lat' dir='ltr'>gas</span> <span class='ocrx_word' id='word_1_249' title='bbox 519 4081 618 4152; x_wconf 90' lang='lat' dir='ltr'>qui</span> <span class='ocrx_word' id='word_1_250' title='bbox 651 4096 715 4136; x_wconf 91' lang='lat' dir='ltr'>eo</span> <span class='ocrx_word' id='word_1_251' title='bbox 748 4081 966 4138; x_wconf 90' lang='lat' dir='ltr'>honore</span> <span class='ocrx_word' id='word_1_252' title='bbox 988 4081 1232 4137; x_wconf 89' lang='lat' dir='ltr'>minime</span> <span class='ocrx_word' id='word_1_253' title='bbox 1252 4081 1407 4154; x_wconf 80' lang='lat' dir='ltr'>digni</span> <span class='ocrx_word' id='word_1_254' title='bbox 1440 4087 1593 4138; x_wconf 87' lang='lat' dir='ltr'>sunt.</span> <span class='ocrx_word' id='word_1_255' title='bbox 1633 4084 1753 4139; x_wconf 86' lang='lat' dir='ltr'>Non</span> <span class='ocrx_word' id='word_1_256' title='bbox 1779 4083 1932 4140; x_wconf 90' lang='lat' dir='ltr'>enim</span> <span class='ocrx_word' id='word_1_257' title='bbox 1960 4086 2028 4141; x_wconf 87' lang='lat' dir='ltr'>iis</span> 
     </span>
    </p>
   </div>
   <div class='ocr_carea' id='block_1_36' title="bbox 383 4187 2029 4260">
    <p class='ocr_par' dir='ltr' id='par_1_36' title="bbox 383 4187 2029 4260">
     <span class='ocr_line' id='line_1_36' title="bbox 383 4187 2029 4260; baseline 0.002 -16"><span class='ocrx_word' id='word_1_258' title='bbox 383 4188 481 4259; x_wconf 85' lang='lat' dir='ltr'>qui</span> <span class='ocrx_word' id='word_1_259' title='bbox 510 4189 682 4244; x_wconf 86' lang='lat' dir='ltr'>rebus</span> <span class='ocrx_word' id='word_1_260' title='bbox 712 4187 830 4244; x_wconf 87' lang='lat' dir='ltr'>tuis</span> <span class='ocrx_word' id='word_1_261' title='bbox 862 4187 1101 4243; x_wconf 88' lang='lat' dir='ltr'>student</span> <span class='ocrx_word' id='word_1_262' title='bbox 1157 4188 1378 4260; x_wconf 88' lang='lat' dir='ltr'>tibique</span> <span class='ocrx_word' id='word_1_263' title='bbox 1418 4189 1807 4247; x_wconf 88' lang='lat' dir='ltr'>blandiuntur</span> <span class='ocrx_word' id='word_1_264' title='bbox 1853 4193 2029 4247; x_wconf 82' lang='lat' dir='ltr'>confi-</span> 
     </span>
    </p>
   </div>
   <div class='ocr_carea' id='block_1_37' title="bbox 385 4295 2030 4371">
    <p class='ocr_par' dir='ltr' id='par_1_37' title="bbox 385 4295 2030 4371">
     <span class='ocr_line' id='line_1_37' title="bbox 385 4295 2030 4371; baseline 0.002 -20"><span class='ocrx_word' id='word_1_265' title='bbox 385 4296 640 4352; x_wconf 89' lang='lat' dir='ltr'>dendum</span> <span class='ocrx_word' id='word_1_266' title='bbox 669 4302 758 4350; x_wconf 91' lang='lat' dir='ltr'>est</span> <span class='ocrx_word' id='word_1_267' title='bbox 786 4299 958 4366; x_wconf 87' lang='lat' dir='ltr'>atque</span> <span class='ocrx_word' id='word_1_268' title='bbox 979 4295 1410 4353; x_wconf 73' lang='lat' dir='ltr'>adhaerendum.</span> <span class='ocrx_word' id='word_1_269' title='bbox 1445 4297 1554 4353; x_wconf 91' lang='lat' dir='ltr'>Sed</span> <span class='ocrx_word' id='word_1_270' title='bbox 1592 4299 1686 4353; x_wconf 90' lang='lat' dir='ltr'>ubi</span> <span class='ocrx_word' id='word_1_271' title='bbox 1716 4301 2030 4371; x_wconf 86' lang='lat' dir='ltr'>quemdam</span> 
     </span>
    </p>
   </div>
   <div class='ocr_carea' id='block_1_38' title="bbox 386 4401 2032 4480">
    <p class='ocr_par' dir='ltr' id='par_1_38' title="bbox 386 4401 2032 4480">
     <span class='ocr_line' id='line_1_38' title="bbox 386 4401 2032 4480; baseline 0.002 -20"><span class='ocrx_word' id='word_1_272' title='bbox 386 4403 623 4460; x_wconf 87' lang='lat' dir='ltr'>obvium</span> <span class='ocrx_word' id='word_1_273' title='bbox 653 4401 928 4458; x_wconf 88' lang='lat' dir='ltr'>habueris</span> <span class='ocrx_word' id='word_1_274' title='bbox 976 4401 1077 4473; x_wconf 89' lang='lat' dir='ltr'>qui</span> <span class='ocrx_word' id='word_1_275' title='bbox 1112 4403 1182 4458; x_wconf 92' lang='lat' dir='ltr'>de</span> <span class='ocrx_word' id='word_1_276' title='bbox 1226 4404 1397 4459; x_wconf 91' lang='lat' dir='ltr'>rebus</span> <span class='ocrx_word' id='word_1_277' title='bbox 1428 4405 1546 4460; x_wconf 88' lang='lat' dir='ltr'>tuis</span> <span class='ocrx_word' id='word_1_278' title='bbox 1595 4407 1866 4462; x_wconf 90' lang='lat' dir='ltr'>secundis</span> <span class='ocrx_word' id='word_1_279' title='bbox 1895 4423 2032 4480; x_wconf 86' lang='lat' dir='ltr'>gau-</span> 
     </span>
    </p>
   </div>
   <div class='ocr_carea' id='block_1_39' title="bbox 390 4511 2112 4595">
    <p class='ocr_par' dir='ltr' id='par_1_39' title="bbox 390 4511 2112 4595">
     <span class='ocr_line' id='line_1_39' title="bbox 390 4511 2112 4595; baseline 0.001 -27"><span class='ocrx_word' id='word_1_280' title='bbox 390 4513 507 4581; x_wconf 89' lang='lat' dir='ltr'>det,</span> <span class='ocrx_word' id='word_1_281' title='bbox 539 4513 612 4567; x_wconf 91' lang='lat' dir='ltr'>de</span> <span class='ocrx_word' id='word_1_282' title='bbox 652 4511 909 4566; x_wconf 83' lang='lat' dir='ltr'>adversis</span> <span class='ocrx_word' id='word_1_283' title='bbox 941 4515 1164 4579; x_wconf 67' lang='lat' dir='ltr'>mearet,</span> <span class='ocrx_word' id='word_1_284' title='bbox 1196 4511 1295 4583; x_wconf 90' lang='lat' dir='ltr'>qui</span> <span class='ocrx_word' id='word_1_285' title='bbox 1356 4511 1651 4568; x_wconf 88' lang='lat' dir='ltr'>laudanda</span> <span class='ocrx_word' id='word_1_286' title='bbox 1703 4513 1923 4584; x_wconf 84' lang='lat' dir='ltr'>laudat,</span> <span class='ocrx_word' id='word_1_287' title='bbox 1956 4517 2032 4571; x_wconf 89' lang='lat' dir='ltr'>vi-</span> <span class='ocrx_word' id='word_1_288' title='bbox 2068 4531 2112 4595; x_wconf 76' lang='grc' dir='ltr'>ι)</span> 
     </span>
    </p>
   </div>
   <div class='ocr_carea' id='block_1_40' title="bbox 389 4617 2033 4692">
    <p class='ocr_par' dir='ltr' id='par_1_40' title="bbox 389 4617 2033 4692">
     <span class='ocr_line' id='line_1_40' title="bbox 389 4617 2033 4692; baseline 0 -16"><span class='ocrx_word' id='word_1_289' title='bbox 389 4619 714 4692; x_wconf 72' lang='lat' dir='ltr'>inperanda</span> <span class='ocrx_word' id='word_1_290' title='bbox 741 4617 1166 4690; x_wconf 89' lang='lat' dir='ltr'>vituperat,qui</span> <span class='ocrx_word' id='word_1_291' title='bbox 1198 4619 1542 4675; x_wconf 90' lang='lat' dir='ltr'>consiliadat</span> <span class='ocrx_word' id='word_1_292' title='bbox 1567 4619 1946 4688; x_wconf 87' lang='lat' dir='ltr'>salutaria,ac</span> <span class='ocrx_word' id='word_1_293' title='bbox 1975 4621 2033 4676; x_wconf 89' lang='lat' dir='ltr'>in</span> 
     </span>
    </p>
   </div>
   <div class='ocr_carea' id='block_1_41' title="bbox 393 4724 2035 4797">
    <p class='ocr_par' dir='ltr' id='par_1_41' title="bbox 393 4724 2035 4797">
     <span class='ocr_line' id='line_1_41' title="bbox 393 4724 2035 4797; baseline -0.001 -15"><span class='ocrx_word' id='word_1_294' title='bbox 393 4726 685 4797; x_wconf 86' lang='lat' dir='ltr'>loquendo</span> <span class='ocrx_word' id='word_1_295' title='bbox 716 4725 1012 4796; x_wconf 79' lang='lat' dir='ltr'>agendove</span> <span class='ocrx_word' id='word_1_296' title='bbox 1041 4724 1332 4780; x_wconf 87' lang='lat' dir='ltr'>sincerum</span> <span class='ocrx_word' id='word_1_297' title='bbox 1391 4731 1573 4782; x_wconf 84' lang='lat' dir='ltr'>semet</span> <span class='ocrx_word' id='word_1_298' title='bbox 1622 4728 1857 4797; x_wconf 70' lang='lat' dir='ltr'>praebet,</span> <span class='ocrx_word' id='word_1_299' title='bbox 1901 4744 2035 4784; x_wconf 90' lang='lat' dir='ltr'>eum</span> 
     </span>
    </p>
   </div>
   <div class='ocr_carea' id='block_1_42' title="bbox 394 4831 2040 4907">
    <p class='ocr_par' dir='ltr' id='par_1_42' title="bbox 394 4831 2040 4907">
     <span class='ocr_line' id='line_1_42' title="bbox 394 4831 2040 4907; baseline 0.001 -17"><span class='ocrx_word' id='word_1_300' title='bbox 394 4834 647 4890; x_wconf 88' lang='lat' dir='ltr'>amicum</span> <span class='ocrx_word' id='word_1_301' title='bbox 681 4849 747 4888; x_wconf 87' lang='lat' dir='ltr'>ac</span> <span class='ocrx_word' id='word_1_302' title='bbox 781 4831 1124 4887; x_wconf 85' lang='lat' dir='ltr'>familiarem</span> <span class='ocrx_word' id='word_1_303' title='bbox 1159 4849 1407 4889; x_wconf 86' lang='lat' dir='ltr'>assume.</span> <span class='ocrx_word' id='word_1_304' title='bbox 1433 4834 1540 4900; x_wconf 89' lang='lat' dir='ltr'>Qui</span> <span class='ocrx_word' id='word_1_305' title='bbox 1563 4840 1754 4891; x_wconf 83' lang='lat' dir='ltr'>autem</span> <span class='ocrx_word' id='word_1_306' title='bbox 1787 4853 1911 4907; x_wconf 72' lang='lat' dir='ltr'>quae</span> <span class='ocrx_word' id='word_1_307' title='bbox 1937 4841 2040 4892; x_wconf 91' lang='lat' dir='ltr'>tua</span> 
     </span>
    </p>
   </div>
   <div class='ocr_carea' id='block_1_43' title="bbox 397 4949 2035 5024">
    <p class='ocr_par' dir='ltr' id='par_1_43' title="bbox 397 4949 2035 5024">
     <span class='ocr_line' id='line_1_43' title="bbox 397 4949 2035 5024; baseline 0 -18"><span class='ocrx_word' id='word_1_308' title='bbox 397 4955 559 5020; x_wconf 87' lang='lat' dir='ltr'>sunt,</span> <span class='ocrx_word' id='word_1_309' title='bbox 600 4967 666 5007; x_wconf 89' lang='lat' dir='ltr'>eo</span> <span class='ocrx_word' id='word_1_310' title='bbox 696 4949 824 5022; x_wconf 88' lang='lat' dir='ltr'>ipso</span> <span class='ocrx_word' id='word_1_311' title='bbox 855 4968 1084 5024; x_wconf 88' lang='lat' dir='ltr'>semper</span> <span class='ocrx_word' id='word_1_312' title='bbox 1125 4949 1459 5008; x_wconf 85' lang='lat' dir='ltr'>collaudant</span> <span class='ocrx_word' id='word_1_313' title='bbox 1508 4951 2035 5022; x_wconf 85' lang='lat' dir='ltr'>indiscriminatim,</span> 
     </span>
    </p>
   </div>
   <div class='ocr_carea' id='block_1_44' title="bbox 400 5067 2038 5142">
    <p class='ocr_par' dir='ltr' id='par_1_44' title="bbox 400 5067 2038 5142">
     <span class='ocr_line' id='line_1_44' title="bbox 400 5067 2038 5142; baseline -0.001 -19"><span class='ocrx_word' id='word_1_314' title='bbox 400 5067 616 5139; x_wconf 88' lang='lat' dir='ltr'>quique</span> <span class='ocrx_word' id='word_1_315' title='bbox 651 5069 986 5126; x_wconf 89' lang='lat' dir='ltr'>muneribus</span> <span class='ocrx_word' id='word_1_316' title='bbox 1015 5069 1363 5142; x_wconf 86' lang='lat' dir='ltr'>accipiendis</span> <span class='ocrx_word' id='word_1_317' title='bbox 1392 5069 1639 5136; x_wconf 86' lang='lat' dir='ltr'>inhiant,</span> <span class='ocrx_word' id='word_1_318' title='bbox 1665 5085 1762 5125; x_wconf 88' lang='lat' dir='ltr'>eos</span> <span class='ocrx_word' id='word_1_319' title='bbox 1788 5083 1946 5139; x_wconf 79' lang='lat' dir='ltr'>aeque</span> <span class='ocrx_word' id='word_1_320' title='bbox 1972 5084 2038 5123; x_wconf 90' lang='lat' dir='ltr'>ac</span> 
     </span>
    </p>
   </div>
   <div class='ocr_carea' id='block_1_45' title="bbox 403 5183 2039 5256">
    <p class='ocr_par' dir='ltr' id='par_1_45' title="bbox 403 5183 2039 5256">
     <span class='ocr_line' id='line_1_45' title="bbox 403 5183 2039 5256; baseline 0 -17"><span class='ocrx_word' id='word_1_321' title='bbox 403 5183 730 5240; x_wconf 86' lang='lat' dir='ltr'>adulatores</span> <span class='ocrx_word' id='word_1_322' title='bbox 778 5184 1147 5256; x_wconf 86' lang='lat' dir='ltr'>tergiversare</span> <span class='ocrx_word' id='word_1_323' title='bbox 1176 5202 1241 5243; x_wconf 86' lang='lat' dir='ltr'>ac</span> <span class='ocrx_word' id='word_1_324' title='bbox 1291 5185 1422 5242; x_wconf 89' lang='lat' dir='ltr'>odio</span> <span class='ocrx_word' id='word_1_325' title='bbox 1469 5185 1636 5241; x_wconf 88' lang='lat' dir='ltr'>habe.</span> <span class='ocrx_word' id='word_1_326' title='bbox 1670 5183 1852 5240; x_wconf 87' lang='lat' dir='ltr'>Probe</span> <span class='ocrx_word' id='word_1_327' title='bbox 1884 5183 2039 5239; x_wconf 89' lang='lat' dir='ltr'>enim</span> 
     </span>
    </p>
   </div>
   <div class='ocr_carea' id='block_1_46' title="bbox 404 5299 2043 5374">
    <p class='ocr_par' dir='ltr' id='par_1_46' title="bbox 404 5299 2043 5374">
     <span class='ocr_line' id='line_1_46' title="bbox 404 5299 2043 5374; baseline -0.002 -18"><span class='ocrx_word' id='word_1_328' title='bbox 404 5300 556 5356; x_wconf 88' lang='lat' dir='ltr'>nosti</span> <span class='ocrx_word' id='word_1_329' title='bbox 589 5301 742 5371; x_wconf 91' lang='lat' dir='ltr'>quod</span> <span class='ocrx_word' id='word_1_330' title='bbox 769 5300 866 5356; x_wconf 90' lang='lat' dir='ltr'>alii</span> <span class='ocrx_word' id='word_1_331' title='bbox 899 5303 1134 5374; x_wconf 88' lang='lat' dir='ltr'>quidem</span> <span class='ocrx_word' id='word_1_332' title='bbox 1165 5320 1311 5374; x_wconf 66' lang='lat' dir='ltr'>aegre</span> <span class='ocrx_word' id='word_1_333' title='bbox 1342 5303 1536 5358; x_wconf 86' lang='lat' dir='ltr'>ferunt</span> <span class='ocrx_word' id='word_1_334' title='bbox 1565 5301 1613 5358; x_wconf 91' lang='lat' dir='ltr'>si</span> <span class='ocrx_word' id='word_1_335' title='bbox 1640 5318 1754 5356; x_wconf 92' lang='lat' dir='ltr'>non</span> <span class='ocrx_word' id='word_1_336' title='bbox 1784 5299 2043 5372; x_wconf 84' lang='lat' dir='ltr'>quotidie</span> 
     </span>
    </p>
   </div>
   <div class='ocr_carea' id='block_1_47' title="bbox 406 5417 2046 5490">
    <p class='ocr_par' dir='ltr' id='par_1_47' title="bbox 406 5417 2046 5490">
     <span class='ocr_line' id='line_1_47' title="bbox 406 5417 2046 5490; baseline -0.001 -18"><span class='ocrx_word' id='word_1_337' title='bbox 406 5417 688 5472; x_wconf 83' lang='lat' dir='ltr'>beneﬁcia</span> <span class='ocrx_word' id='word_1_338' title='bbox 719 5419 1028 5490; x_wconf 83' lang='lat' dir='ltr'>recipiunt,</span> <span class='ocrx_word' id='word_1_339' title='bbox 1051 5420 1170 5488; x_wconf 89' lang='lat' dir='ltr'>alii,</span> <span class='ocrx_word' id='word_1_340' title='bbox 1194 5419 1326 5474; x_wconf 87' lang='lat' dir='ltr'>licet</span> <span class='ocrx_word' id='word_1_341' title='bbox 1347 5436 1578 5474; x_wconf 90' lang='lat' dir='ltr'>summa</span> <span class='ocrx_word' id='word_1_342' title='bbox 1604 5419 1817 5489; x_wconf 89' lang='lat' dir='ltr'>injuria</span> <span class='ocrx_word' id='word_1_343' title='bbox 1840 5417 2046 5484; x_wconf 73' lang='lat' dir='ltr'>affecti,</span> 
     </span>
    </p>
   </div>
   <div class='ocr_carea' id='block_1_48' title="bbox 410 5531 2050 5606">
    <p class='ocr_par' dir='ltr' id='par_1_48' title="bbox 410 5531 2050 5606">
     <span class='ocr_line' id='line_1_48' title="bbox 410 5531 2050 5606; baseline -0.001 -19"><span class='ocrx_word' id='word_1_344' title='bbox 410 5531 648 5588; x_wconf 87' lang='lat' dir='ltr'>minime</span> <span class='ocrx_word' id='word_1_345' title='bbox 706 5537 1057 5602; x_wconf 88' lang='lat' dir='ltr'>queruntur,</span> <span class='ocrx_word' id='word_1_346' title='bbox 1119 5535 1233 5592; x_wconf 87' lang='lat' dir='ltr'>imo</span> <span class='ocrx_word' id='word_1_347' title='bbox 1291 5535 1457 5606; x_wconf 88' lang='lat' dir='ltr'>quasi</span> <span class='ocrx_word' id='word_1_348' title='bbox 1518 5533 1802 5592; x_wconf 82' lang='lat' dir='ltr'>beneficia</span> <span class='ocrx_word' id='word_1_349' title='bbox 1829 5531 2050 5604; x_wconf 81' lang='lat' dir='ltr'>experti</span> 
     </span>
    </p>
   </div>
   <div class='ocr_carea' id='block_1_49' title="bbox 413 5647 2058 5722">
    <p class='ocr_par' dir='ltr' id='par_1_49' title="bbox 413 5647 2058 5722">
     <span class='ocr_line' id='line_1_49' title="bbox 413 5647 2058 5722; baseline 0.001 -18"><span class='ocrx_word' id='word_1_350' title='bbox 413 5653 582 5707; x_wconf 87' lang='lat' dir='ltr'>tuum</span> <span class='ocrx_word' id='word_1_351' title='bbox 614 5649 1024 5708; x_wconf 86' lang='lat' dir='ltr'>commercium</span> <span class='ocrx_word' id='word_1_352' title='bbox 1065 5649 1232 5722; x_wconf 84' lang='lat' dir='ltr'>inire,</span> <span class='ocrx_word' id='word_1_353' title='bbox 1265 5659 1456 5710; x_wconf 90' lang='lat' dir='ltr'>tecum</span> <span class='ocrx_word' id='word_1_354' title='bbox 1494 5651 1704 5710; x_wconf 85' lang='lat' dir='ltr'>bonam</span> <span class='ocrx_word' id='word_1_355' title='bbox 1741 5667 1810 5709; x_wconf 89' lang='lat' dir='ltr'>ac</span> <span class='ocrx_word' id='word_1_356' title='bbox 1838 5647 2058 5706; x_wconf 85' lang='lat' dir='ltr'>malam</span> 
     </span>
    </p>
   </div>
   <div class='ocr_carea' id='block_1_50' title="bbox 2081 509 3733 588">
    <p class='ocr_par' dir='ltr' id='par_1_50' title="bbox 2081 509 3733 588">
     <span class='ocr_line' id='line_1_50' title="bbox 2081 509 3733 588; baseline -0.005 -17"><span class='ocrx_word' id='word_1_357' title='bbox 2081 519 2184 572; x_wconf 89' lang='grc' dir='ltr'>Ἐν</span> <span class='ocrx_word' id='word_1_358' title='bbox 2227 509 2820 588; x_wconf 61' lang='grc' dir='ltr'>θυμῷβάλληταί,</span> <span class='ocrx_word' id='word_1_359' title='bbox 2861 513 2891 567; x_wconf 76' lang='grc' dir='ltr'><strong>’ὁ</strong></span> <span class='ocrx_word' id='word_1_360' title='bbox 2931 509 2984 566; x_wconf 87' lang='grc' dir='ltr'>δ’</span> <span class='ocrx_word' id='word_1_361' title='bbox 3015 509 3170 566; x_wconf 15' lang='grc' dir='ltr'>Ἰαῦτν</span> <span class='ocrx_word' id='word_1_362' title='bbox 3209 510 3501 583; x_wconf 80' lang='grc' dir='ltr'>ἀχρήϊος</span> <span class='ocrx_word' id='word_1_363' title='bbox 3540 509 3733 578; x_wconf 74' lang='grc' dir='ltr'>ἄντςρ.</span> 
     </span>
    </p>
   </div>
   <div class='ocr_carea' id='block_1_51' title="bbox 2077 613 3736 698">
    <p class='ocr_par' dir='ltr' id='par_1_51' title="bbox 2077 613 3736 698">
     <span class='ocr_line' id='line_1_51' title="bbox 2077 613 3736 698; baseline -0.007 -20"><span class='ocrx_word' id='word_1_364' title='bbox 2077 623 2259 698; x_wconf 81' lang='grc' dir='ltr'>Χωρὶς</span> <span class='ocrx_word' id='word_1_365' title='bbox 2298 620 2355 676; x_wconf 80' lang='grc' dir='ltr'>δέ</span> <span class='ocrx_word' id='word_1_366' title='bbox 2392 621 2618 692; x_wconf 86' lang='grc' dir='ltr'>τούτων,</span> <span class='ocrx_word' id='word_1_367' title='bbox 2652 620 2703 674; x_wconf 87' lang='grc' dir='ltr'>ἐν</span> <span class='ocrx_word' id='word_1_368' title='bbox 2744 621 2839 693; x_wconf 73' lang='grc' dir='ltr'>μὲν</span> <span class='ocrx_word' id='word_1_369' title='bbox 2871 623 2952 690; x_wconf 72' lang='grc' dir='ltr'>τῷ</span> <span class='ocrx_word' id='word_1_370' title='bbox 2991 615 3262 672; x_wconf 88' lang='grc' dir='ltr'>κάλλιστα</span> <span class='ocrx_word' id='word_1_371' title='bbox 3297 615 3388 670; x_wconf 82' lang='grc' dir='ltr'>καὶ</span> <span class='ocrx_word' id='word_1_372' title='bbox 3437 616 3510 675; x_wconf 82' lang='grc' dir='ltr'>ὡς</span> <span class='ocrx_word' id='word_1_373' title='bbox 3555 613 3736 691; x_wconf 73' lang='grc' dir='ltr'>ἐχρῆν</span> 
     </span>
    </p>
   </div>
   <div class='ocr_carea' id='block_1_52' title="bbox 2085 705 3745 788">
    <p class='ocr_par' dir='ltr' id='par_1_52' title="bbox 2085 705 3745 788">
     <span class='ocr_line' id='line_1_52' title="bbox 2085 705 3745 788; baseline -0.007 -20"><span class='ocrx_word' id='word_1_374' title='bbox 2085 709 2471 788; x_wconf 73' lang='grc' dir='ltr'>βεϐουλεῦσθαι</span> <span class='ocrx_word' id='word_1_375' title='bbox 2523 710 2751 786; x_wconf 79' lang='grc' dir='ltr'>μεγίστη</span> <span class='ocrx_word' id='word_1_376' title='bbox 2811 708 2894 770; x_wconf 83' lang='grc' dir='ltr'>τίς</span> <span class='ocrx_word' id='word_1_377' title='bbox 2951 706 3062 762; x_wconf 84' lang='grc' dir='ltr'>ἐστι</span> <span class='ocrx_word' id='word_1_378' title='bbox 3119 712 3236 766; x_wconf 89' lang='grc' dir='ltr'>τοῖς</span> <span class='ocrx_word' id='word_1_379' title='bbox 3293 705 3571 778; x_wconf 81' lang='grc' dir='ltr'>πράγμασι</span> <span class='ocrx_word' id='word_1_380' title='bbox 3627 725 3745 756; x_wconf 87' lang='grc' dir='ltr'>σω-</span> 
     </span>
    </p>
   </div>
   <div class='ocr_carea' id='block_1_53' title="bbox 2079 791 3743 877">
    <p class='ocr_par' dir='ltr' id='par_1_53' title="bbox 2079 791 3743 877">
     <span class='ocr_line' id='line_1_53' title="bbox 2079 791 3743 877; baseline -0.008 -20"><span class='ocrx_word' id='word_1_381' title='bbox 2079 802 2281 877; x_wconf 59' lang='grc' dir='ltr'>τηρίαν</span> <span class='ocrx_word' id='word_1_382' title='bbox 2316 801 2366 854; x_wconf 82' lang='grc' dir='ltr'>ἐν</span> <span class='ocrx_word' id='word_1_383' title='bbox 2417 798 2474 854; x_wconf 74' lang='grc' dir='ltr'>δὲ</span> <span class='ocrx_word' id='word_1_384' title='bbox 2519 805 2602 871; x_wconf 76' lang='grc' dir='ltr'>τῷ</span> <span class='ocrx_word' id='word_1_385' title='bbox 2648 797 2776 859; x_wconf 71' lang='grc' dir='ltr'>τοὺς</span> <span class='ocrx_word' id='word_1_386' title='bbox 2828 798 3131 872; x_wconf 77' lang='grc' dir='ltr'>λογισμοὺς</span> <span class='ocrx_word' id='word_1_387' title='bbox 3184 794 3536 868; x_wconf 70' lang='grc' dir='ltr'>ἡμαρτῆσθαι</span> <span class='ocrx_word' id='word_1_388' title='bbox 3574 791 3743 846; x_wconf 62' lang='grc' dir='ltr'>πάντ*</span> 
     </span>
    </p>
   </div>
   <div class='ocr_carea' id='block_1_54' title="bbox 2084 880 3745 968">
    <p class='ocr_par' dir='ltr' id='par_1_54' title="bbox 2084 880 3745 968">
     <span class='ocr_line' id='line_1_54' title="bbox 2084 880 3745 968; baseline -0.007 -23"><span class='ocrx_word' id='word_1_389' title='bbox 2084 890 2131 960; x_wconf 76' lang='grc' dir='ltr'>ἐξ</span> <span class='ocrx_word' id='word_1_390' title='bbox 2191 891 2428 962; x_wconf 75' lang='grc' dir='ltr'>ἀνάγκης</span> <span class='ocrx_word' id='word_1_391' title='bbox 2474 888 2771 968; x_wconf 68' lang='grc' dir='ltr'>ἐφθάρθαιο</span> <span class='ocrx_word' id='word_1_392' title='bbox 2818 885 2961 941; x_wconf 75' lang='grc' dir='ltr'>οὕτω</span> <span class='ocrx_word' id='word_1_393' title='bbox 3023 885 3114 939; x_wconf 81' lang='grc' dir='ltr'>καὶ</span> <span class='ocrx_word' id='word_1_394' title='bbox 3163 883 3459 957; x_wconf 82' lang='grc' dir='ltr'>στρατηγοὶ</span> <span class='ocrx_word' id='word_1_395' title='bbox 3506 880 3593 935; x_wconf 81' lang='grc' dir='ltr'>καὶ</span> <span class='ocrx_word' id='word_1_396' title='bbox 3642 902 3745 935; x_wconf 87' lang='grc' dir='ltr'>κυ-</span> 
     </span>
    </p>
   </div>
   <div class='ocr_carea' id='block_1_55' title="bbox 2083 970 3741 1057">
    <p class='ocr_par' dir='ltr' id='par_1_55' title="bbox 2083 970 3741 1057">
     <span class='ocr_line' id='line_1_55' title="bbox 2083 970 3741 1057; baseline -0.008 -19"><span class='ocrx_word' id='word_1_397' title='bbox 2083 981 2341 1057; x_wconf 76' lang='grc' dir='ltr'>ϐερνῆται</span> <span class='ocrx_word' id='word_1_398' title='bbox 2399 985 2616 1036; x_wconf 73' lang='grc' dir='ltr'>ποιοῦσι</span> <span class='ocrx_word' id='word_1_399' title='bbox 2673 979 2762 1034; x_wconf 82' lang='grc' dir='ltr'>καὶ</span> <span class='ocrx_word' id='word_1_400' title='bbox 2818 982 2921 1040; x_wconf 81' lang='grc' dir='ltr'>πᾶς</span> <span class='ocrx_word' id='word_1_401' title='bbox 2977 999 3061 1040; x_wconf 91' lang='grc' dir='ltr'>τις</span> <span class='ocrx_word' id='word_1_402' title='bbox 3087 973 3306 1050; x_wconf 71' lang='grc' dir='ltr'>ἕτερος·</span> <span class='ocrx_word' id='word_1_403' title='bbox 3348 973 3553 1029; x_wconf 88' lang='grc' dir='ltr'>τούτων</span> <span class='ocrx_word' id='word_1_404' title='bbox 3604 970 3741 1027; x_wconf 73' lang='grc' dir='ltr'>ἐκα-</span> 
     </span>
    </p>
   </div>
   <div class='ocr_carea' id='block_1_56' title="bbox 2083 1063 3736 1145">
    <p class='ocr_par' dir='ltr' id='par_1_56' title="bbox 2083 1063 3736 1145">
     <span class='ocr_line' id='line_1_56' title="bbox 2083 1063 3736 1145; baseline -0.015 -8"><span class='ocrx_word' id='word_1_405' title='bbox 2083 1093 2207 1134; x_wconf 79' lang='grc' dir='ltr'>στος</span> <span class='ocrx_word' id='word_1_406' title='bbox 2258 1071 2320 1126; x_wconf 76' lang='grc' dir='ltr'>οὗ</span> <span class='ocrx_word' id='word_1_407' title='bbox 2364 1071 2488 1145; x_wconf 75' lang='grc' dir='ltr'>πρὶν</span> <span class='ocrx_word' id='word_1_408' title='bbox 2546 1070 2724 1124; x_wconf 76' lang='grc' dir='ltr'>ὁτιοῦν</span> <span class='ocrx_word' id='word_1_409' title='bbox 2775 1069 3012 1138; x_wconf 81' lang='grc' dir='ltr'>ἀξιοῦσιν</span> <span class='ocrx_word' id='word_1_410' title='bbox 3060 1065 3334 1140; x_wconf 77' lang='grc' dir='ltr'>εἰργάσθαι</span> <span class='ocrx_word' id='word_1_411' title='bbox 3379 1063 3504 1138; x_wconf 85' lang='grc' dir='ltr'>πρὶν</span> <span class='ocrx_word' id='word_1_412' title='bbox 3545 1064 3579 1130; x_wconf 74' lang='grc' dir='ltr'><strong>ἢ</strong></span> <span class='ocrx_word' id='word_1_413' title='bbox 3629 1083 3736 1115; x_wconf 74' lang='lat' dir='ltr'>xz:-</span> 
     </span>
    </p>
   </div>
   <div class='ocr_carea' id='block_1_57' title="bbox 2087 1147 3736 1235">
    <p class='ocr_par' dir='ltr' id='par_1_57' title="bbox 2087 1147 3736 1235">
     <span class='ocr_line' id='line_1_57' title="bbox 2087 1147 3736 1235; baseline -0.008 -19"><span class='ocrx_word' id='word_1_414' title='bbox 2087 1161 2202 1224; x_wconf 82' lang='grc' dir='ltr'>λῶς</span> <span class='ocrx_word' id='word_1_415' title='bbox 2251 1155 2678 1235; x_wconf 70' lang='grc' dir='ltr'>βεϐουλεῦσθαιί</span> <span class='ocrx_word' id='word_1_416' title='bbox 2729 1156 2905 1212; x_wconf 83' lang='grc' dir='ltr'>καίτοι</span> <span class='ocrx_word' id='word_1_417' title='bbox 2953 1156 3008 1210; x_wconf 77' lang='grc' dir='ltr'>οἱ</span> <span class='ocrx_word' id='word_1_418' title='bbox 3055 1157 3148 1228; x_wconf 74' lang='grc' dir='ltr'>μὲν</span> <span class='ocrx_word' id='word_1_419' title='bbox 3191 1153 3323 1226; x_wconf 79' lang='grc' dir='ltr'>ύπέρ</span> <span class='ocrx_word' id='word_1_420' title='bbox 3375 1155 3617 1226; x_wconf 82' lang='grc' dir='ltr'>σμικρῶν</span> <span class='ocrx_word' id='word_1_421' title='bbox 3660 1147 3736 1219; x_wconf 76' lang='grc' dir='ltr'>δή</span> 
     </span>
    </p>
   </div>
   <div class='ocr_carea' id='block_1_58' title="bbox 2087 1239 3737 1320">
    <p class='ocr_par' dir='ltr' id='par_1_58' title="bbox 2087 1239 3737 1320">
     <span class='ocr_line' id='line_1_58' title="bbox 2087 1239 3737 1320; baseline -0.007 -15"><span class='ocrx_word' id='word_1_422' title='bbox 2087 1272 2247 1306; x_wconf 89' lang='grc' dir='ltr'>τινων</span> <span class='ocrx_word' id='word_1_423' title='bbox 2278 1251 2367 1304; x_wconf 84' lang='grc' dir='ltr'>καὶ</span> <span class='ocrx_word' id='word_1_424' title='bbox 2398 1253 2506 1304; x_wconf 80' lang='grc' dir='ltr'>τῶν</span> <span class='ocrx_word' id='word_1_425' title='bbox 2539 1246 2592 1302; x_wconf 85' lang='grc' dir='ltr'>ἐν</span> <span class='ocrx_word' id='word_1_426' title='bbox 2635 1247 2783 1320; x_wconf 80' lang='grc' dir='ltr'>μέρει</span> <span class='ocrx_word' id='word_1_427' title='bbox 2831 1246 3194 1319; x_wconf 75' lang='grc' dir='ltr'>πραγμάτων,</span> <span class='ocrx_word' id='word_1_428' title='bbox 3229 1243 3314 1297; x_wconf 89' lang='grc' dir='ltr'>σοὶ</span> <span class='ocrx_word' id='word_1_429' title='bbox 3363 1239 3419 1295; x_wconf 76' lang='grc' dir='ltr'>δὲ</span> <span class='ocrx_word' id='word_1_430' title='bbox 3460 1242 3534 1301; x_wconf 86' lang='grc' dir='ltr'>εἷς</span> <span class='ocrx_word' id='word_1_431' title='bbox 3593 1240 3737 1313; x_wconf 71' lang='grc' dir='ltr'>ὑπὲρ</span> 
     </span>
    </p>
   </div>
   <div class='ocr_carea' id='block_1_59' title="bbox 2089 1325 3743 1410">
    <p class='ocr_par' dir='ltr' id='par_1_59' title="bbox 2089 1325 3743 1410">
     <span class='ocr_line' id='line_1_59' title="bbox 2089 1325 3743 1410; baseline -0.008 -15"><span class='ocrx_word' id='word_1_432' title='bbox 2089 1341 2300 1408; x_wconf 82' lang='grc' dir='ltr'>ἁπάσης</span> <span class='ocrx_word' id='word_1_433' title='bbox 2355 1345 2453 1408; x_wconf 80' lang='grc' dir='ltr'>τῆς</span> <span class='ocrx_word' id='word_1_434' title='bbox 2515 1337 2838 1410; x_wconf 68' lang='grc' dir='ltr'>οἰκουμένης</span> <span class='ocrx_word' id='word_1_435' title='bbox 2903 1331 3151 1409; x_wconf 72' lang='grc' dir='ltr'>ἔρριπται</span> <span class='ocrx_word' id='word_1_436' title='bbox 3234 1327 3438 1392; x_wconf 74' lang='grc' dir='ltr'>κύϐος·</span> <span class='ocrx_word' id='word_1_437' title='bbox 3499 1330 3574 1391; x_wconf 84' lang='grc' dir='ltr'>ὡς</span> <span class='ocrx_word' id='word_1_438' title='bbox 3641 1325 3743 1382; x_wconf 78' lang='grc' dir='ltr'>οὖν</span> 
     </span>
    </p>
   </div>
   <div class='ocr_carea' id='block_1_60' title="bbox 2088 1414 3744 1503">
    <p class='ocr_par' dir='ltr' id='par_1_60' title="bbox 2088 1414 3744 1503">
     <span class='ocr_line' id='line_1_60' title="bbox 2088 1414 3744 1503; baseline -0.009 -19"><span class='ocrx_word' id='word_1_439' title='bbox 2088 1431 2276 1503; x_wconf 88' lang='grc' dir='ltr'>κύριος</span> <span class='ocrx_word' id='word_1_440' title='bbox 2301 1425 2372 1482; x_wconf 78' lang='grc' dir='ltr'>ὢν</span> <span class='ocrx_word' id='word_1_441' title='bbox 2403 1425 2459 1482; x_wconf 73' lang='grc' dir='ltr'>εὗ</span> <span class='ocrx_word' id='word_1_442' title='bbox 2497 1447 2555 1481; x_wconf 90' lang='grc' dir='ltr'>τε</span> <span class='ocrx_word' id='word_1_443' title='bbox 2587 1425 2675 1481; x_wconf 78' lang='grc' dir='ltr'>καὶ</span> <span class='ocrx_word' id='word_1_444' title='bbox 2710 1425 2782 1486; x_wconf 82' lang='grc' dir='ltr'>ὡς</span> <span class='ocrx_word' id='word_1_445' title='bbox 2816 1422 3012 1498; x_wconf 78' lang='grc' dir='ltr'>ἐτέρως</span> <span class='ocrx_word' id='word_1_446' title='bbox 3049 1423 3138 1476; x_wconf 81' lang='grc' dir='ltr'>καὶ</span> <span class='ocrx_word' id='word_1_447' title='bbox 3187 1419 3378 1480; x_wconf 88' lang='grc' dir='ltr'>πόλεις</span> <span class='ocrx_word' id='word_1_448' title='bbox 3417 1417 3596 1492; x_wconf 73' lang='grc' dir='ltr'>’ίσχειν</span> <span class='ocrx_word' id='word_1_449' title='bbox 3642 1414 3744 1470; x_wconf 79' lang='grc' dir='ltr'>καὶ</span> 
     </span>
    </p>
   </div>
   <div class='ocr_carea' id='block_1_61' title="bbox 2090 1505 3748 1589">
    <p class='ocr_par' dir='ltr' id='par_1_61' title="bbox 2090 1505 3748 1589">
     <span class='ocr_line' id='line_1_61' title="bbox 2090 1505 3748 1589; baseline -0.007 -17"><span class='ocrx_word' id='word_1_450' title='bbox 2090 1513 2214 1588; x_wconf 77' lang='grc' dir='ltr'>ἔθνη</span> <span class='ocrx_word' id='word_1_451' title='bbox 2273 1517 2364 1571; x_wconf 85' lang='grc' dir='ltr'>καὶ</span> <span class='ocrx_word' id='word_1_452' title='bbox 2421 1516 2594 1570; x_wconf 80' lang='grc' dir='ltr'>πάντα</span> <span class='ocrx_word' id='word_1_453' title='bbox 2650 1517 2934 1589; x_wconf 77' lang='grc' dir='ltr'>χρήματα,</span> <span class='ocrx_word' id='word_1_454' title='bbox 2967 1513 3140 1566; x_wconf 84' lang='grc' dir='ltr'>πάντα</span> <span class='ocrx_word' id='word_1_455' title='bbox 3193 1509 3262 1565; x_wconf 75' lang='grc' dir='ltr'>τὰ</span> <span class='ocrx_word' id='word_1_456' title='bbox 3309 1507 3546 1584; x_wconf 88' lang='grc' dir='ltr'>βέλτιστ’</span> <span class='ocrx_word' id='word_1_457' title='bbox 3575 1505 3748 1567; x_wconf 81' lang='grc' dir='ltr'>αὐτὸς</span> 
     </span>
    </p>
   </div>
   <div class='ocr_carea' id='block_1_62' title="bbox 2091 1596 3744 1682">
    <p class='ocr_par' dir='ltr' id='par_1_62' title="bbox 2091 1596 3744 1682">
     <span class='ocr_line' id='line_1_62' title="bbox 2091 1596 3744 1682; baseline -0.008 -20"><span class='ocrx_word' id='word_1_458' title='bbox 2091 1608 2180 1662; x_wconf 88' lang='grc' dir='ltr'>καὶ</span> <span class='ocrx_word' id='word_1_459' title='bbox 2229 1604 2497 1682; x_wconf 75' lang='grc' dir='ltr'>βουλεύου</span> <span class='ocrx_word' id='word_1_460' title='bbox 2553 1604 2642 1659; x_wconf 84' lang='grc' dir='ltr'>καὶ</span> <span class='ocrx_word' id='word_1_461' title='bbox 2719 1608 2939 1677; x_wconf 74' lang='grc' dir='ltr'>πρᾶττε,</span> <span class='ocrx_word' id='word_1_462' title='bbox 2997 1602 3085 1655; x_wconf 79' lang='grc' dir='ltr'>καὶ</span> <span class='ocrx_word' id='word_1_463' title='bbox 3150 1601 3288 1672; x_wconf 77' lang='grc' dir='ltr'>μήτε</span> <span class='ocrx_word' id='word_1_464' title='bbox 3342 1602 3458 1658; x_wconf 84' lang='grc' dir='ltr'>τοῖς</span> <span class='ocrx_word' id='word_1_465' title='bbox 3515 1596 3744 1670; x_wconf 82' lang='grc' dir='ltr'>ἀγαθοῖς</span> 
     </span>
    </p>
   </div>
   <div class='ocr_carea' id='block_1_63' title="bbox 2091 1684 3747 1772">
    <p class='ocr_par' dir='ltr' id='par_1_63' title="bbox 2091 1684 3747 1772">
     <span class='ocr_line' id='line_1_63' title="bbox 2091 1684 3747 1772; baseline -0.008 -21"><span class='ocrx_word' id='word_1_466' title='bbox 2091 1695 2314 1772; x_wconf 75' lang='grc' dir='ltr'>ἀνδράσι</span> <span class='ocrx_word' id='word_1_467' title='bbox 2380 1695 2559 1768; x_wconf 85' lang='grc' dir='ltr'>παύσῃ</span> <span class='ocrx_word' id='word_1_468' title='bbox 2621 1693 2810 1764; x_wconf 84' lang='grc' dir='ltr'>ξυνὼν,</span> <span class='ocrx_word' id='word_1_469' title='bbox 2874 1691 3002 1764; x_wconf 73' lang='grc' dir='ltr'>μήτ’</span> <span class='ocrx_word' id='word_1_470' title='bbox 3062 1687 3273 1744; x_wconf 64' lang='grc' dir='ltr'>οἶκοθεν</span> <span class='ocrx_word' id='word_1_471' title='bbox 3352 1687 3511 1747; x_wconf 81' lang='grc' dir='ltr'>αὐτὸς</span> <span class='ocrx_word' id='word_1_472' title='bbox 3589 1684 3747 1739; x_wconf 86' lang='grc' dir='ltr'>ἀνευ-</span> 
     </span>
    </p>
   </div>
   <div class='ocr_carea' id='block_1_64' title="bbox 2095 1773 3745 1862">
    <p class='ocr_par' dir='ltr' id='par_1_64' title="bbox 2095 1773 3745 1862">
     <span class='ocr_line' id='line_1_64' title="bbox 2095 1773 3745 1862; baseline -0.009 -19"><span class='ocrx_word' id='word_1_473' title='bbox 2095 1790 2293 1862; x_wconf 84' lang='grc' dir='ltr'>ρὶσκων</span> <span class='ocrx_word' id='word_1_474' title='bbox 2342 1787 2398 1840; x_wconf 90' lang='grc' dir='ltr'>εὸ</span> <span class='ocrx_word' id='word_1_475' title='bbox 2452 1784 2570 1839; x_wconf 89' lang='grc' dir='ltr'>δέον</span> <span class='ocrx_word' id='word_1_476' title='bbox 2627 1783 2713 1838; x_wconf 76' lang='grc' dir='ltr'>καὶ</span> <span class='ocrx_word' id='word_1_477' title='bbox 2775 1778 3384 1858; x_wconf 80' lang='grc' dir='ltr'>κατεργαζόμενος,καὶ</span> <span class='ocrx_word' id='word_1_478' title='bbox 3434 1775 3623 1831; x_wconf 86' lang='grc' dir='ltr'>σαυτὸν</span> <span class='ocrx_word' id='word_1_479' title='bbox 3681 1773 3745 1828; x_wconf 88' lang='grc' dir='ltr'>ἐν</span> 
     </span>
    </p>
   </div>
   <div class='ocr_carea' id='block_1_65' title="bbox 2091 1861 3746 1947">
    <p class='ocr_par' dir='ltr' id='par_1_65' title="bbox 2091 1861 3746 1947">
     <span class='ocr_line' id='line_1_65' title="bbox 2091 1861 3746 1947; baseline -0.008 -15"><span class='ocrx_word' id='word_1_480' title='bbox 2091 1861 2306 1937; x_wconf 87' lang='grc' dir='ltr'>τούτοις</span> <span class='ocrx_word' id='word_1_481' title='bbox 2365 1874 2483 1929; x_wconf 82' lang='grc' dir='ltr'>ὅσαι</span> <span class='ocrx_word' id='word_1_482' title='bbox 2542 1874 2676 1947; x_wconf 84' lang='grc' dir='ltr'>ὧραι</span> <span class='ocrx_word' id='word_1_483' title='bbox 2735 1876 2921 1927; x_wconf 82' lang='grc' dir='ltr'>νικῶν.</span> <span class='ocrx_word' id='word_1_484' title='bbox 2956 1868 3052 1922; x_wconf 81' lang='grc' dir='ltr'>Καὶ</span> <span class='ocrx_word' id='word_1_485' title='bbox 3103 1869 3210 1940; x_wconf 75' lang='grc' dir='ltr'>μὴν</span> <span class='ocrx_word' id='word_1_486' title='bbox 3270 1867 3332 1920; x_wconf 81' lang='grc' dir='ltr'>ού</span> <span class='ocrx_word' id='word_1_487' title='bbox 3381 1870 3442 1919; x_wconf 84' lang='grc' dir='ltr'>το</span> <span class='ocrx_word' id='word_1_488' title='bbox 3478 1861 3746 1939; x_wconf 84' lang='grc' dir='ltr'>βουλεύε-</span> 
     </span>
    </p>
   </div>
   <div class='ocr_carea' id='block_1_66' title="bbox 2095 1954 3746 2038">
    <p class='ocr_par' dir='ltr' id='par_1_66' title="bbox 2095 1954 3746 2038">
     <span class='ocr_line' id='line_1_66' title="bbox 2095 1954 3746 2038; baseline -0.008 -18"><span class='ocrx_word' id='word_1_489' title='bbox 2095 1969 2214 2021; x_wconf 86' lang='grc' dir='ltr'>σθαι</span> <span class='ocrx_word' id='word_1_490' title='bbox 2250 1966 2414 2038; x_wconf 80' lang='grc' dir='ltr'>μόνον</span> <span class='ocrx_word' id='word_1_491' title='bbox 2446 1963 2569 2038; x_wconf 86' lang='grc' dir='ltr'>περὶ</span> <span class='ocrx_word' id='word_1_492' title='bbox 2603 1967 2709 2017; x_wconf 79' lang='grc' dir='ltr'>τῶν</span> <span class='ocrx_word' id='word_1_493' title='bbox 2767 1958 3030 2034; x_wconf 79' lang='grc' dir='ltr'>μεγίστων</span> <span class='ocrx_word' id='word_1_494' title='bbox 3077 1957 3326 2032; x_wconf 81' lang='grc' dir='ltr'>ἀπόχρη,</span> <span class='ocrx_word' id='word_1_495' title='bbox 3358 1954 3504 2010; x_wconf 86' lang='grc' dir='ltr'>ἀλλά</span> <span class='ocrx_word' id='word_1_496' title='bbox 3542 1954 3631 2008; x_wconf 77' lang='grc' dir='ltr'>καὶ</span> <span class='ocrx_word' id='word_1_497' title='bbox 3673 1955 3746 2007; x_wconf 86' lang='grc' dir='ltr'>τὸ</span> 
     </span>
    </p>
   </div>
   <div class='ocr_carea' id='block_1_67' title="bbox 2094 2041 3746 2130">
    <p class='ocr_par' dir='ltr' id='par_1_67' title="bbox 2094 2041 3746 2130">
     <span class='ocr_line' id='line_1_67' title="bbox 2094 2041 3746 2130; baseline -0.009 -20"><span class='ocrx_word' id='word_1_498' title='bbox 2094 2057 2162 2111; x_wconf 81' lang='grc' dir='ltr'>τά</span> <span class='ocrx_word' id='word_1_499' title='bbox 2211 2051 2614 2130; x_wconf 72' lang='grc' dir='ltr'>βεϐουλευμένα</span> <span class='ocrx_word' id='word_1_500' title='bbox 2659 2050 2782 2126; x_wconf 89' lang='grc' dir='ltr'>πρὶν</span> <span class='ocrx_word' id='word_1_501' title='bbox 2834 2052 2869 2116; x_wconf 77' lang='grc' dir='ltr'>ἢ</span> <span class='ocrx_word' id='word_1_502' title='bbox 2909 2049 3221 2122; x_wconf 78' lang='grc' dir='ltr'>πεπρᾶχθαι</span> <span class='ocrx_word' id='word_1_503' title='bbox 3281 2045 3555 2101; x_wconf 80' lang='grc' dir='ltr'>λανθάνειν</span> <span class='ocrx_word' id='word_1_504' title='bbox 3609 2041 3746 2104; x_wconf 82' lang='grc' dir='ltr'>τοὺς</span> 
     </span>
    </p>
   </div>
   <div class='ocr_carea' id='block_1_68' title="bbox 2095 2131 3742 2218">
    <p class='ocr_par' dir='ltr' id='par_1_68' title="bbox 2095 2131 3742 2218">
     <span class='ocr_line' id='line_1_68' title="bbox 2095 2131 3742 2218; baseline -0.009 -17"><span class='ocrx_word' id='word_1_505' title='bbox 2095 2143 2298 2206; x_wconf 77' lang='grc' dir='ltr'>ἄλλους</span> <span class='ocrx_word' id='word_1_506' title='bbox 2339 2147 2618 2218; x_wconf 80' lang='grc' dir='ltr'>προσεῖναι</span> <span class='ocrx_word' id='word_1_507' title='bbox 2667 2138 2768 2209; x_wconf 86' lang='grc' dir='ltr'>δεῖ,</span> <span class='ocrx_word' id='word_1_508' title='bbox 2800 2138 2887 2193; x_wconf 72' lang='grc' dir='ltr'>καὶ</span> <span class='ocrx_word' id='word_1_509' title='bbox 2937 2141 3156 2192; x_wconf 87' lang='grc' dir='ltr'>σκοπεῖν</span> <span class='ocrx_word' id='word_1_510' title='bbox 3210 2136 3321 2212; x_wconf 87' lang='grc' dir='ltr'>ούχ</span> <span class='ocrx_word' id='word_1_511' title='bbox 3370 2133 3517 2194; x_wconf 74' lang='grc' dir='ltr'>ὅπως</span> <span class='ocrx_word' id='word_1_512' title='bbox 3556 2131 3742 2187; x_wconf 76' lang='grc' dir='ltr'>ἐκεῖνο</span> 
     </span>
    </p>
   </div>
   <div class='ocr_carea' id='block_1_69' title="bbox 2103 2222 3748 2308">
    <p class='ocr_par' dir='ltr' id='par_1_69' title="bbox 2103 2222 3748 2308">
     <span class='ocr_line' id='line_1_69' title="bbox 2103 2222 3748 2308; baseline -0.009 -19"><span class='ocrx_word' id='word_1_513' title='bbox 2103 2232 2314 2308; x_wconf 80' lang='grc' dir='ltr'>μᾶλλον</span> <span class='ocrx_word' id='word_1_514' title='bbox 2361 2231 2526 2300; x_wconf 80' lang='grc' dir='ltr'>ἔσται,</span> <span class='ocrx_word' id='word_1_515' title='bbox 2559 2230 2593 2299; x_wconf 71' lang='grc' dir='ltr'><strong>ἢ</strong></span> <span class='ocrx_word' id='word_1_516' title='bbox 2645 2228 2794 2290; x_wconf 82' lang='grc' dir='ltr'>ὅπως</span> <span class='ocrx_word' id='word_1_517' title='bbox 2845 2227 3032 2298; x_wconf 76' lang='grc' dir='ltr'>ἐκείνῳ</span> <span class='ocrx_word' id='word_1_518' title='bbox 3080 2230 3240 2281; x_wconf 72' lang='grc' dir='ltr'>τοῦτο</span> <span class='ocrx_word' id='word_1_519' title='bbox 3271 2223 3582 2298; x_wconf 82' lang='grc' dir='ltr'>προσέσται,</span> <span class='ocrx_word' id='word_1_520' title='bbox 3611 2222 3748 2275; x_wconf 81' lang='grc' dir='ltr'>κάν-</span> 
     </span>
    </p>
   </div>
   <div class='ocr_carea' id='block_1_70' title="bbox 2099 2308 3743 2392">
    <p class='ocr_par' dir='ltr' id='par_1_70' title="bbox 2099 2308 3743 2392">
     <span class='ocr_line' id='line_1_70' title="bbox 2099 2308 3743 2392; baseline -0.009 -14"><span class='ocrx_word' id='word_1_521' title='bbox 2099 2325 2277 2378; x_wconf 80' lang='grc' dir='ltr'>τεῦθεν</span> <span class='ocrx_word' id='word_1_522' title='bbox 2328 2325 2487 2376; x_wconf 83' lang='grc' dir='ltr'>τοῦτο</span> <span class='ocrx_word' id='word_1_523' title='bbox 2535 2319 2784 2392; x_wconf 82' lang='grc' dir='ltr'>μείζονος</span> <span class='ocrx_word' id='word_1_524' title='bbox 2837 2317 3014 2386; x_wconf 77' lang='grc' dir='ltr'>ἀξιοῦν</span> <span class='ocrx_word' id='word_1_525' title='bbox 3065 2322 3166 2383; x_wconf 81' lang='grc' dir='ltr'>τῆς</span> <span class='ocrx_word' id='word_1_526' title='bbox 3214 2312 3508 2389; x_wconf 70' lang='grc' dir='ltr'>προνοίας·</span> <span class='ocrx_word' id='word_1_527' title='bbox 3542 2312 3616 2372; x_wconf 87' lang='grc' dir='ltr'>ὡς</span> <span class='ocrx_word' id='word_1_528' title='bbox 3646 2308 3743 2364; x_wconf 73' lang='grc' dir='ltr'>ἐὰν</span> 
     </span>
    </p>
   </div>
   <div class='ocr_carea' id='block_1_71' title="bbox 2107 2397 3743 2486">
    <p class='ocr_par' dir='ltr' id='par_1_71' title="bbox 2107 2397 3743 2486">
     <span class='ocr_line' id='line_1_71' title="bbox 2107 2397 3743 2486; baseline -0.009 -19"><span class='ocrx_word' id='word_1_529' title='bbox 2107 2415 2203 2486; x_wconf 77' lang='grc' dir='ltr'>μὶν</span> <span class='ocrx_word' id='word_1_530' title='bbox 2251 2415 2414 2465; x_wconf 78' lang='grc' dir='ltr'>τοῦτο</span> <span class='ocrx_word' id='word_1_531' title='bbox 2459 2412 2660 2482; x_wconf 79' lang='grc' dir='ltr'>προσῇ,</span> <span class='ocrx_word' id='word_1_532' title='bbox 2710 2406 2927 2460; x_wconf 82' lang='grc' dir='ltr'>κάκεῖνο</span> <span class='ocrx_word' id='word_1_533' title='bbox 2980 2401 3196 2458; x_wconf 79' lang='grc' dir='ltr'>πολλοῦ</span> <span class='ocrx_word' id='word_1_534' title='bbox 3240 2422 3387 2462; x_wconf 91' lang='grc' dir='ltr'>τινος</span> <span class='ocrx_word' id='word_1_535' title='bbox 3438 2397 3579 2474; x_wconf 71' lang='grc' dir='ltr'>ἄξιον</span> <span class='ocrx_word' id='word_1_536' title='bbox 3640 2398 3697 2452; x_wconf 80' lang='grc' dir='ltr'>ὄν</span> <span class='ocrx_word' id='word_1_537' title='bbox 3728 2421 3743 2432; x_wconf 88' lang='grc'><strong>·</strong></span> 
     </span>
    </p>
   </div>
   <div class='ocr_carea' id='block_1_72' title="bbox 2104 2487 3749 2568">
    <p class='ocr_par' dir='ltr' id='par_1_72' title="bbox 2104 2487 3749 2568">
     <span class='ocr_line' id='line_1_72' title="bbox 2104 2487 3749 2568; baseline -0.01 -11"><span class='ocrx_word' id='word_1_538' title='bbox 2104 2501 2300 2558; x_wconf 87' lang='grc' dir='ltr'>τούτου</span> <span class='ocrx_word' id='word_1_539' title='bbox 2349 2497 2396 2554; x_wconf 86' lang='grc' dir='ltr'>δ’</span> <span class='ocrx_word' id='word_1_540' title='bbox 2443 2498 2692 2564; x_wconf 86' lang='grc' dir='ltr'>ἀπόντος,</span> <span class='ocrx_word' id='word_1_541' title='bbox 2725 2495 2820 2550; x_wconf 76' lang='grc' dir='ltr'>κᾶν</span> <span class='ocrx_word' id='word_1_542' title='bbox 2867 2490 3117 2568; x_wconf 73' lang='grc' dir='ltr'>μυριάκις</span> <span class='ocrx_word' id='word_1_543' title='bbox 3165 2491 3336 2546; x_wconf 87' lang='grc' dir='ltr'>ἐκεῖνο</span> <span class='ocrx_word' id='word_1_544' title='bbox 3386 2493 3555 2563; x_wconf 81' lang='grc' dir='ltr'>παρῇ,</span> <span class='ocrx_word' id='word_1_545' title='bbox 3587 2487 3749 2543; x_wconf 71' lang='grc' dir='ltr'>οὐδὲν</span> 
     </span>
    </p>
   </div>
   <div class='ocr_carea' id='block_1_73' title="bbox 2111 2577 3758 2664">
    <p class='ocr_par' dir='ltr' id='par_1_73' title="bbox 2111 2577 3758 2664">
     <span class='ocr_line' id='line_1_73' title="bbox 2111 2577 3758 2664; baseline -0.01 -18"><span class='ocrx_word' id='word_1_546' title='bbox 2111 2589 2322 2664; x_wconf 81' lang='grc' dir='ltr'>μᾶλλον</span> <span class='ocrx_word' id='word_1_547' title='bbox 2354 2587 2400 2643; x_wconf 89' lang='grc' dir='ltr'>δ’</span> <span class='ocrx_word' id='word_1_548' title='bbox 2431 2585 2646 2648; x_wconf 81' lang='grc' dir='ltr'>οὐδενὸς</span> <span class='ocrx_word' id='word_1_549' title='bbox 2690 2583 2833 2656; x_wconf 75' lang='grc' dir='ltr'>ἄξιον</span> <span class='ocrx_word' id='word_1_550' title='bbox 2882 2579 2976 2637; x_wconf 77' lang='grc' dir='ltr'>ὅν·</span> <span class='ocrx_word' id='word_1_551' title='bbox 3023 2582 3268 2643; x_wconf 75' lang='grc' dir='ltr'>εἰκότως,</span> <span class='ocrx_word' id='word_1_552' title='bbox 3310 2587 3459 2636; x_wconf 82' lang='grc' dir='ltr'>Πᾶσα</span> <span class='ocrx_word' id='word_1_553' title='bbox 3503 2581 3604 2653; x_wconf 85' lang='grc' dir='ltr'>γὰρ</span> <span class='ocrx_word' id='word_1_554' title='bbox 3647 2577 3758 2648; x_wconf 78' lang='grc' dir='ltr'>δή·</span> 
     </span>
    </p>
   </div>
   <div class='ocr_carea' id='block_1_74' title="bbox 2107 2666 3763 2753">
    <p class='ocr_par' dir='ltr' id='par_1_74' title="bbox 2107 2666 3763 2753">
     <span class='ocr_line' id='line_1_74' title="bbox 2107 2666 3763 2753; baseline -0.016 -18"><span class='ocrx_word' id='word_1_555' title='bbox 2107 2702 2213 2735; x_wconf 88' lang='grc' dir='ltr'>που</span> <span class='ocrx_word' id='word_1_556' title='bbox 2264 2673 2586 2753; x_wconf 78' lang='grc' dir='ltr'>βουλή,κᾶν</span> <span class='ocrx_word' id='word_1_557' title='bbox 2637 2677 2711 2738; x_wconf 87' lang='grc' dir='ltr'>ὡς</span> <span class='ocrx_word' id='word_1_558' title='bbox 2748 2673 2941 2748; x_wconf 77' lang='grc' dir='ltr'>ἄριστα</span> <span class='ocrx_word' id='word_1_559' title='bbox 2987 2671 3110 2746; x_wconf 78' lang='grc' dir='ltr'>ἔχῃ,</span> <span class='ocrx_word' id='word_1_560' title='bbox 3163 2671 3256 2726; x_wconf 79' lang='grc' dir='ltr'>κᾶν</span> <span class='ocrx_word' id='word_1_561' title='bbox 3305 2669 3362 2723; x_wconf 81' lang='grc' dir='ltr'>ἐκ</span> <span class='ocrx_word' id='word_1_562' title='bbox 3397 2669 3612 2744; x_wconf 75' lang='grc' dir='ltr'>βαθείας</span> <span class='ocrx_word' id='word_1_563' title='bbox 3644 2666 3763 2740; x_wconf 72' lang='grc' dir='ltr'>ἥκῃ</span> 
     </span>
    </p>
   </div>
   <div class='ocr_carea' id='block_1_75' title="bbox 2111 2757 3760 2848">
    <p class='ocr_par' dir='ltr' id='par_1_75' title="bbox 2111 2757 3760 2848">
     <span class='ocr_line' id='line_1_75' title="bbox 2111 2757 3760 2848; baseline -0.009 -23"><span class='ocrx_word' id='word_1_564' title='bbox 2111 2770 2324 2848; x_wconf 77' lang='grc' dir='ltr'>φρενὸς,</span> <span class='ocrx_word' id='word_1_565' title='bbox 2355 2773 2471 2830; x_wconf 88' lang='grc' dir='ltr'>τοῖς</span> <span class='ocrx_word' id='word_1_566' title='bbox 2505 2766 2598 2840; x_wconf 71' lang='grc' dir='ltr'>μέν</span> <span class='ocrx_word' id='word_1_567' title='bbox 2627 2763 2861 2824; x_wconf 85' lang='grc' dir='ltr'>πολλοῖς</span> <span class='ocrx_word' id='word_1_568' title='bbox 2910 2762 3188 2838; x_wconf 76' lang='grc' dir='ltr'>ἄγνωστος</span> <span class='ocrx_word' id='word_1_569' title='bbox 3232 2759 3386 2828; x_wconf 78' lang='grc' dir='ltr'>οὖσα,</span> <span class='ocrx_word' id='word_1_570' title='bbox 3425 2760 3492 2814; x_wconf 76' lang='grc' dir='ltr'>τὰ</span> <span class='ocrx_word' id='word_1_571' title='bbox 3542 2757 3760 2833; x_wconf 82' lang='grc' dir='ltr'>μέγιστ’</span> 
     </span>
    </p>
   </div>
   <div class='ocr_carea' id='block_1_76' title="bbox 2111 2846 3760 2930">
    <p class='ocr_par' dir='ltr' id='par_1_76' title="bbox 2111 2846 3760 2930">
     <span class='ocr_line' id='line_1_76' title="bbox 2111 2846 3760 2930; baseline -0.008 -17"><span class='ocrx_word' id='word_1_572' title='bbox 2111 2846 2317 2929; x_wconf 78' lang='grc' dir='ltr'>δνίνησι</span> <span class='ocrx_word' id='word_1_573' title='bbox 2346 2857 2471 2918; x_wconf 81' lang='grc' dir='ltr'>τοὺς</span> <span class='ocrx_word' id='word_1_574' title='bbox 2505 2853 2863 2930; x_wconf 72' lang='grc' dir='ltr'>χρωμένους·</span> <span class='ocrx_word' id='word_1_575' title='bbox 2904 2852 2993 2906; x_wconf 88' lang='grc' dir='ltr'>καὶ</span> <span class='ocrx_word' id='word_1_576' title='bbox 3047 2851 3329 2922; x_wconf 73' lang='grc' dir='ltr'>θαυμαστή</span> <span class='ocrx_word' id='word_1_577' title='bbox 3381 2869 3463 2908; x_wconf 87' lang='grc' dir='ltr'>τις</span> <span class='ocrx_word' id='word_1_578' title='bbox 3508 2847 3644 2921; x_wconf 86' lang='grc' dir='ltr'>πρὸς</span> <span class='ocrx_word' id='word_1_579' title='bbox 3692 2846 3760 2900; x_wconf 86' lang='grc' dir='ltr'>τὸ</span> 
     </span>
    </p>
   </div>
   <div class='ocr_carea' id='block_1_77' title="bbox 2110 2935 3755 3022">
    <p class='ocr_par' dir='ltr' id='par_1_77' title="bbox 2110 2935 3755 3022">
     <span class='ocr_line' id='line_1_77' title="bbox 2110 2935 3755 3022; baseline -0.01 -18"><span class='ocrx_word' id='word_1_580' title='bbox 2110 2950 2404 3022; x_wconf 79' lang='grc' dir='ltr'>κάτορθοῦν</span> <span class='ocrx_word' id='word_1_581' title='bbox 2457 2944 2569 3000; x_wconf 89' lang='grc' dir='ltr'>ἐστι</span> <span class='ocrx_word' id='word_1_582' title='bbox 2615 2944 2762 3018; x_wconf 82' lang='grc' dir='ltr'>ῥοπὴ</span> <span class='ocrx_word' id='word_1_583' title='bbox 2811 2943 2872 2997; x_wconf 87' lang='grc' dir='ltr'>τὸ</span> <span class='ocrx_word' id='word_1_584' title='bbox 2926 2937 3132 3014; x_wconf 88' lang='grc' dir='ltr'>μηδένα</span> <span class='ocrx_word' id='word_1_585' title='bbox 3188 2942 3294 2993; x_wconf 79' lang='grc' dir='ltr'>τῶν</span> <span class='ocrx_word' id='word_1_586' title='bbox 3351 2935 3579 2992; x_wconf 81' lang='grc' dir='ltr'>πολλῶν</span> <span class='ocrx_word' id='word_1_587' title='bbox 3625 2955 3755 2990; x_wconf 85' lang='grc' dir='ltr'>ταυ-</span> 
     </span>
    </p>
   </div>
   <div class='ocr_carea' id='block_1_78' title="bbox 2112 3025 3756 3109">
    <p class='ocr_par' dir='ltr' id='par_1_78' title="bbox 2112 3025 3756 3109">
     <span class='ocr_line' id='line_1_78' title="bbox 2112 3025 3756 3109; baseline -0.009 -16"><span class='ocrx_word' id='word_1_588' title='bbox 2112 3039 2233 3109; x_wconf 82' lang='grc' dir='ltr'>τηνὶ</span> <span class='ocrx_word' id='word_1_589' title='bbox 2307 3033 2637 3106; x_wconf 83' lang='grc' dir='ltr'>ξυνειδέναι·</span> <span class='ocrx_word' id='word_1_590' title='bbox 2691 3028 2925 3102; x_wconf 74' lang='grc' dir='ltr'>ἔκδηλος</span> <span class='ocrx_word' id='word_1_591' title='bbox 2992 3029 3049 3084; x_wconf 64' lang='grc' dir='ltr'>δὲ</span> <span class='ocrx_word' id='word_1_592' title='bbox 3100 3027 3381 3104; x_wconf 75' lang='grc' dir='ltr'>γενομένη,</span> <span class='ocrx_word' id='word_1_593' title='bbox 3430 3025 3641 3081; x_wconf 77' lang='grc' dir='ltr'>πολλοῦ</span> <span class='ocrx_word' id='word_1_594' title='bbox 3692 3044 3756 3097; x_wconf 88' lang='grc' dir='ltr'>γε</span> 
     </span>
    </p>
   </div>
   <div class='ocr_carea' id='block_1_79' title="bbox 2118 3115 3757 3196">
    <p class='ocr_par' dir='ltr' id='par_1_79' title="bbox 2118 3115 3757 3196">
     <span class='ocr_line' id='line_1_79' title="bbox 2118 3115 3757 3196; baseline -0.011 -14"><span class='ocrx_word' id='word_1_595' title='bbox 2118 3129 2207 3184; x_wconf 76' lang='grc' dir='ltr'>καὶ</span> <span class='ocrx_word' id='word_1_596' title='bbox 2253 3131 2350 3180; x_wconf 72' lang='grc' dir='ltr'>τοῦ</span> <span class='ocrx_word' id='word_1_597' title='bbox 2399 3125 2594 3187; x_wconf 89' lang='grc' dir='ltr'>παντὸς</span> <span class='ocrx_word' id='word_1_598' title='bbox 2648 3121 2729 3177; x_wconf 84' lang='grc' dir='ltr'>δεῖ</span> <span class='ocrx_word' id='word_1_599' title='bbox 2774 3122 2909 3195; x_wconf 88' lang='grc' dir='ltr'>πρὸς</span> <span class='ocrx_word' id='word_1_600' title='bbox 2963 3115 3120 3194; x_wconf 73' lang='grc' dir='ltr'>ἔργον</span> <span class='ocrx_word' id='word_1_601' title='bbox 3166 3118 3416 3196; x_wconf 74' lang='grc' dir='ltr'>ἀφῖχθαι,</span> <span class='ocrx_word' id='word_1_602' title='bbox 3447 3115 3628 3170; x_wconf 79' lang='grc' dir='ltr'>καὶτὸ</span> <span class='ocrx_word' id='word_1_603' title='bbox 3673 3133 3757 3186; x_wconf 91' lang='grc' dir='ltr'>γι-</span> 
     </span>
    </p>
   </div>
   <div class='ocr_carea' id='block_1_80' title="bbox 2121 3201 3757 3294">
    <p class='ocr_par' dir='ltr' id='par_1_80' title="bbox 2121 3201 3757 3294">
     <span class='ocr_line' id='line_1_80' title="bbox 2121 3201 3757 3294; baseline -0.01 -22"><span class='ocrx_word' id='word_1_604' title='bbox 2121 3219 2382 3294; x_wconf 84' lang='grc' dir='ltr'>γνόμενον</span> <span class='ocrx_word' id='word_1_605' title='bbox 2443 3212 2689 3284; x_wconf 77' lang='grc' dir='ltr'>δέξασθαι</span> <span class='ocrx_word' id='word_1_606' title='bbox 2755 3211 2942 3284; x_wconf 84' lang='grc' dir='ltr'>πέρας,</span> <span class='ocrx_word' id='word_1_607' title='bbox 2993 3206 3143 3282; x_wconf 76' lang='grc' dir='ltr'>ε’ίπερ</span> <span class='ocrx_word' id='word_1_608' title='bbox 3195 3211 3290 3294; x_wconf 81' lang='grc' dir='ltr'>τοῦ</span> <span class='ocrx_word' id='word_1_609' title='bbox 3353 3205 3603 3294; x_wconf 75' lang='grc' dir='ltr'>πράττειν</span> <span class='ocrx_word' id='word_1_610' title='bbox 3661 3201 3757 3294; x_wconf 73' lang='grc' dir='ltr'>μὶν</span> 
     </span>
    </p>
   </div>
   <div class='ocr_carea' id='block_1_81' title="bbox 2121 3289 3761 3378">
    <p class='ocr_par' dir='ltr' id='par_1_81' title="bbox 2121 3289 3761 3378">
     <span class='ocr_line' id='line_1_81' title="bbox 2121 3289 3761 3378; baseline -0.011 -17"><span class='ocrx_word' id='word_1_611' title='bbox 2121 3289 2300 3361; x_wconf 76' lang='grc' dir='ltr'>ε’ἱνεκα</span> <span class='ocrx_word' id='word_1_612' title='bbox 2335 3301 2705 3378; x_wconf 80' lang='grc' dir='ltr'>βουλευόμεθα</span> <span class='ocrx_word' id='word_1_613' title='bbox 2727 3319 2740 3332; x_wconf 79' lang='lat'>&#39;</span> <span class='ocrx_word' id='word_1_614' title='bbox 2772 3303 2932 3354; x_wconf 77' lang='grc' dir='ltr'>τοῦτο</span> <span class='ocrx_word' id='word_1_615' title='bbox 2966 3295 3011 3352; x_wconf 88' lang='grc' dir='ltr'>δ’</span> <span class='ocrx_word' id='word_1_616' title='bbox 3044 3298 3147 3350; x_wconf 82' lang='grc' dir='ltr'>οὐκ</span> <span class='ocrx_word' id='word_1_617' title='bbox 3197 3293 3258 3348; x_wconf 79' lang='grc' dir='ltr'>ἃν</span> <span class='ocrx_word' id='word_1_618' title='bbox 3307 3292 3498 3354; x_wconf 81' lang='grc' dir='ltr'>ἄλλως</span> <span class='ocrx_word' id='word_1_619' title='bbox 3545 3289 3628 3360; x_wconf 74' lang='grc' dir='ltr'>ε’ἶη</span> <span class='ocrx_word' id='word_1_620' title='bbox 3681 3291 3761 3362; x_wconf 88' lang='grc' dir='ltr'>μή</span> 
     </span>
    </p>
   </div>
   <div class='ocr_carea' id='block_1_82' title="bbox 2120 3377 3765 3467">
    <p class='ocr_par' dir='ltr' id='par_1_82' title="bbox 2120 3377 3765 3467">
     <span class='ocr_line' id='line_1_82' title="bbox 2120 3377 3765 3467; baseline -0.012 -17"><span class='ocrx_word' id='word_1_621' title='bbox 2120 3401 2228 3450; x_wconf 76' lang='grc' dir='ltr'>τῶν</span> <span class='ocrx_word' id='word_1_622' title='bbox 2279 3377 2746 3467; x_wconf 75' lang='grc' dir='ltr'>βεϐουλευμένων,</span> <span class='ocrx_word' id='word_1_623' title='bbox 2798 3389 2978 3461; x_wconf 85' lang='grc' dir='ltr'>ὥσπερ</span> <span class='ocrx_word' id='word_1_624' title='bbox 3025 3381 3182 3460; x_wconf 78' lang='grc' dir='ltr'>ἔφην,</span> <span class='ocrx_word' id='word_1_625' title='bbox 3228 3377 3568 3458; x_wconf 74' lang='grc' dir='ltr'>προϐάντων.</span> <span class='ocrx_word' id='word_1_626' title='bbox 3601 3381 3765 3435; x_wconf 86' lang='grc' dir='ltr'>Ὅθεν</span> 
     </span>
    </p>
   </div>
   <div class='ocr_carea' id='block_1_83' title="bbox 2125 3469 3771 3556">
    <p class='ocr_par' dir='ltr' id='par_1_83' title="bbox 2125 3469 3771 3556">
     <span class='ocr_line' id='line_1_83' title="bbox 2125 3469 3771 3556; baseline -0.01 -17"><span class='ocrx_word' id='word_1_627' title='bbox 2125 3486 2212 3540; x_wconf 88' lang='grc' dir='ltr'>ἐπὶ</span> <span class='ocrx_word' id='word_1_628' title='bbox 2258 3484 2462 3556; x_wconf 84' lang='grc' dir='ltr'>Πέρσας</span> <span class='ocrx_word' id='word_1_629' title='bbox 2513 3479 2778 3547; x_wconf 76' lang='grc' dir='ltr'>ἐλαύνων,</span> <span class='ocrx_word' id='word_1_630' title='bbox 2827 3477 3088 3537; x_wconf 74' lang='grc' dir='ltr'>Αἰθίοπας</span> <span class='ocrx_word' id='word_1_631' title='bbox 3139 3469 3428 3551; x_wconf 72' lang='grc' dir='ltr'>προύχου·</span> <span class='ocrx_word' id='word_1_632' title='bbox 3494 3471 3771 3549; x_wconf 74' lang='grc' dir='ltr'>μάχεσθαι</span> 
     </span>
    </p>
   </div>
   <div class='ocr_carea' id='block_1_84' title="bbox 2127 3557 3777 3638">
    <p class='ocr_par' dir='ltr' id='par_1_84' title="bbox 2127 3557 3777 3638">
     <span class='ocr_line' id='line_1_84' title="bbox 2127 3557 3777 3638; baseline -0.01 -10"><span class='ocrx_word' id='word_1_633' title='bbox 2127 3573 2183 3629; x_wconf 76' lang='grc' dir='ltr'>δὲ</span> <span class='ocrx_word' id='word_1_634' title='bbox 2231 3577 2434 3632; x_wconf 86' lang='grc' dir='ltr'>Μυσοῖς</span> <span class='ocrx_word' id='word_1_635' title='bbox 2481 3569 2699 3638; x_wconf 87' lang='grc' dir='ltr'>ἐθέλων,</span> <span class='ocrx_word' id='word_1_636' title='bbox 2732 3567 2806 3622; x_wconf 75' lang='grc' dir='ltr'>σὺ</span> <span class='ocrx_word' id='word_1_637' title='bbox 2837 3565 2894 3621; x_wconf 76' lang='grc' dir='ltr'>δέ</span> <span class='ocrx_word' id='word_1_638' title='bbox 2942 3567 3015 3628; x_wconf 86' lang='grc' dir='ltr'>ὡς</span> <span class='ocrx_word' id='word_1_639' title='bbox 3067 3564 3204 3620; x_wconf 79' lang='grc' dir='ltr'>κατὰ</span> <span class='ocrx_word' id='word_1_640' title='bbox 3250 3557 3573 3637; x_wconf 78' lang='grc' dir='ltr'>Τριϐαλλῶν</span> <span class='ocrx_word' id='word_1_641' title='bbox 3621 3559 3777 3613; x_wconf 72' lang='grc' dir='ltr'>ἐτοι-</span> 
     </span>
    </p>
   </div>
   <div class='ocr_carea' id='block_1_85' title="bbox 2133 3647 3776 3737">
    <p class='ocr_par' dir='ltr' id='par_1_85' title="bbox 2133 3647 3776 3737">
     <span class='ocr_line' id='line_1_85' title="bbox 2133 3647 3776 3737; baseline -0.011 -18"><span class='ocrx_word' id='word_1_642' title='bbox 2133 3666 2342 3737; x_wconf 74' lang='grc' dir='ltr'>μάζουο</span> <span class='ocrx_word' id='word_1_643' title='bbox 2385 3662 2528 3716; x_wconf 80' lang='grc' dir='ltr'>οὕτω</span> <span class='ocrx_word' id='word_1_644' title='bbox 2585 3658 2684 3734; x_wconf 74' lang='grc' dir='ltr'>γὰρ</span> <span class='ocrx_word' id='word_1_645' title='bbox 2743 3659 2771 3713; x_wconf 83' lang='grc' dir='ltr'>’ὁ</span> <span class='ocrx_word' id='word_1_646' title='bbox 2833 3655 3044 3734; x_wconf 81' lang='grc' dir='ltr'>βούλει,</span> <span class='ocrx_word' id='word_1_647' title='bbox 3105 3651 3302 3729; x_wconf 80' lang='grc' dir='ltr'>ῥᾳδίως</span> <span class='ocrx_word' id='word_1_648' title='bbox 3361 3650 3633 3728; x_wconf 81' lang='grc' dir='ltr'>ἐργάζοιο,</span> <span class='ocrx_word' id='word_1_649' title='bbox 3677 3647 3776 3702; x_wconf 80' lang='grc' dir='ltr'>καὶ</span> 
     </span>
    </p>
   </div>
   <div class='ocr_carea' id='block_1_86' title="bbox 2128 3749 3090 3830">
    <p class='ocr_par' dir='ltr' id='par_1_86' title="bbox 2128 3749 3090 3830">
     <span class='ocr_line' id='line_1_86' title="bbox 2128 3749 3090 3830; baseline -0.007 -22"><span class='ocrx_word' id='word_1_650' title='bbox 2128 3754 2244 3808; x_wconf 89' lang='grc' dir='ltr'>κατ’</span> <span class='ocrx_word' id='word_1_651' title='bbox 2267 3753 2436 3830; x_wconf 74' lang='grc' dir='ltr'>εὐχὴν</span> <span class='ocrx_word' id='word_1_652' title='bbox 2464 3754 2579 3810; x_wconf 88' lang='grc' dir='ltr'>τοῖς</span> <span class='ocrx_word' id='word_1_653' title='bbox 2602 3749 2881 3823; x_wconf 78' lang='grc' dir='ltr'>πράγμασι</span> <span class='ocrx_word' id='word_1_654' title='bbox 2912 3749 3090 3822; x_wconf 77' lang='grc' dir='ltr'>χρῷο.</span> 
     </span>
    </p>
   </div>
   <div class='ocr_carea' id='block_1_87' title="bbox 2206 3825 3776 3907">
    <p class='ocr_par' dir='ltr' id='par_1_87' title="bbox 2206 3825 3776 3907">
     <span class='ocr_line' id='line_1_87' title="bbox 2206 3825 3776 3907; baseline -0.011 -11"><span class='ocrx_word' id='word_1_655' title='bbox 2206 3849 2286 3906; x_wconf 85' lang='grc' dir='ltr'>ις’.</span> <span class='ocrx_word' id='word_1_656' title='bbox 2320 3825 2521 3896; x_wconf 62' lang='grc' dir='ltr'>Σκόπει</span> <span class='ocrx_word' id='word_1_657' title='bbox 2581 3837 2657 3906; x_wconf 84' lang='grc' dir='ltr'>δὲ,</span> <span class='ocrx_word' id='word_1_658' title='bbox 2693 3837 2792 3907; x_wconf 82' lang='grc' dir='ltr'>ὅση</span> <span class='ocrx_word' id='word_1_659' title='bbox 2839 3857 2928 3890; x_wconf 89' lang='grc' dir='ltr'>σοι</span> <span class='ocrx_word' id='word_1_660' title='bbox 2978 3833 3231 3905; x_wconf 87' lang='grc' dir='ltr'>δύναμις,</span> <span class='ocrx_word' id='word_1_661' title='bbox 3263 3828 3412 3892; x_wconf 77' lang='grc' dir='ltr'>ὅπως</span> <span class='ocrx_word' id='word_1_662' title='bbox 3449 3829 3523 3902; x_wconf 78' lang='grc' dir='ltr'>μή</span> <span class='ocrx_word' id='word_1_663' title='bbox 3570 3825 3776 3900; x_wconf 73' lang='grc' dir='ltr'>φίλους</span> 
     </span>
    </p>
   </div>
   <div class='ocr_carea' id='block_1_88' title="bbox 2133 3915 3777 4008">
    <p class='ocr_par' dir='ltr' id='par_1_88' title="bbox 2133 3915 3777 4008">
     <span class='ocr_line' id='line_1_88' title="bbox 2133 3915 3777 4008; baseline -0.012 -19"><span class='ocrx_word' id='word_1_664' title='bbox 2133 3934 2385 4007; x_wconf 73' lang='grc' dir='ltr'>οἰόμενος</span> <span class='ocrx_word' id='word_1_665' title='bbox 2440 3928 2607 4008; x_wconf 80' lang='grc' dir='ltr'>ἔχειν,</span> <span class='ocrx_word' id='word_1_666' title='bbox 2665 3925 2850 3982; x_wconf 78' lang='grc' dir='ltr'>ἕπεὶτα</span> <span class='ocrx_word' id='word_1_667' title='bbox 2923 3924 3096 3999; x_wconf 79' lang='grc' dir='ltr'>λάθῃς</span> <span class='ocrx_word' id='word_1_668' title='bbox 3172 3915 3622 3991; x_wconf 85' lang='grc' dir='ltr'>κολακευὸμενος,</span> <span class='ocrx_word' id='word_1_669' title='bbox 3680 3920 3777 3970; x_wconf 77' lang='grc' dir='ltr'>καὶ</span> 
     </span>
    </p>
   </div>
   <div class='ocr_carea' id='block_1_89' title="bbox 2135 4010 3780 4086">
    <p class='ocr_par' dir='ltr' id='par_1_89' title="bbox 2135 4010 3780 4086">
     <span class='ocr_line' id='line_1_89' title="bbox 2135 4010 3780 4086; baseline -0.012 -6"><span class='ocrx_word' id='word_1_670' title='bbox 2135 4027 2324 4080; x_wconf 84' lang='grc' dir='ltr'>σαυτὸν</span> <span class='ocrx_word' id='word_1_671' title='bbox 2359 4025 2439 4083; x_wconf 80' lang='grc' dir='ltr'>οἷς</span> <span class='ocrx_word' id='word_1_672' title='bbox 2475 4022 2577 4075; x_wconf 82' lang='grc' dir='ltr'>οὐκ</span> <span class='ocrx_word' id='word_1_673' title='bbox 2606 4013 2711 4073; x_wconf 78' lang='grc' dir='ltr'>ἔδει</span> <span class='ocrx_word' id='word_1_674' title='bbox 2756 4014 2957 4086; x_wconf 76' lang='grc' dir='ltr'>διδοὺς,</span> <span class='ocrx_word' id='word_1_675' title='bbox 2991 4015 3043 4070; x_wconf 89' lang='grc' dir='ltr'>ἐν</span> <span class='ocrx_word' id='word_1_676' title='bbox 3093 4017 3171 4085; x_wconf 82' lang='grc' dir='ltr'>τῷ</span> <span class='ocrx_word' id='word_1_677' title='bbox 3224 4010 3401 4066; x_wconf 80' lang='grc' dir='ltr'>δοκεῖν</span> <span class='ocrx_word' id='word_1_678' title='bbox 3433 4010 3465 4064; x_wconf 80' lang='grc' dir='ltr'>’ὰ</span> <span class='ocrx_word' id='word_1_679' title='bbox 3505 4013 3780 4084; x_wconf 77' lang='grc' dir='ltr'>προσῆκεν</span> 
     </span>
    </p>
   </div>
   <div class='ocr_carea' id='block_1_90' title="bbox 2139 4098 3782 4188">
    <p class='ocr_par' dir='ltr' id='par_1_90' title="bbox 2139 4098 3782 4188">
     <span class='ocr_line' id='line_1_90' title="bbox 2139 4098 3782 4188; baseline -0.012 -19"><span class='ocrx_word' id='word_1_680' title='bbox 2139 4115 2421 4188; x_wconf 67' lang='grc' dir='ltr'>αἱρεῖσθαι.</span> <span class='ocrx_word' id='word_1_681' title='bbox 2471 4107 2607 4165; x_wconf 73' lang='grc' dir='ltr'>Οὐδὲ</span> <span class='ocrx_word' id='word_1_682' title='bbox 2658 4107 2759 4183; x_wconf 79' lang='grc' dir='ltr'>γὰρ</span> <span class='ocrx_word' id='word_1_683' title='bbox 2806 4111 2923 4167; x_wconf 89' lang='grc' dir='ltr'>τοῖς</span> <span class='ocrx_word' id='word_1_684' title='bbox 2968 4106 3036 4159; x_wconf 80' lang='grc' dir='ltr'>τὰ</span> <span class='ocrx_word' id='word_1_685' title='bbox 3078 4104 3143 4157; x_wconf 82' lang='grc' dir='ltr'>σὰ</span> <span class='ocrx_word' id='word_1_686' title='bbox 3202 4099 3379 4171; x_wconf 79' lang='grc' dir='ltr'>δήπου</span> <span class='ocrx_word' id='word_1_687' title='bbox 3437 4098 3671 4173; x_wconf 86' lang='grc' dir='ltr'>στέργειν</span> <span class='ocrx_word' id='word_1_688' title='bbox 3715 4118 3782 4150; x_wconf 87' lang='grc' dir='ltr'>τε</span> 
     </span>
    </p>
   </div>
   <div class='ocr_carea' id='block_1_91' title="bbox 2137 4185 3780 4279">
    <p class='ocr_par' dir='ltr' id='par_1_91' title="bbox 2137 4185 3780 4279">
     <span class='ocr_line' id='line_1_91' title="bbox 2137 4185 3780 4279; baseline -0.013 -20"><span class='ocrx_word' id='word_1_689' title='bbox 2137 4185 2226 4259; x_wconf 65' lang='grc' dir='ltr'>καὶ</span> <span class='ocrx_word' id='word_1_690' title='bbox 2277 4201 2452 4279; x_wconf 70' lang='grc' dir='ltr'>φιλεῖν</span> <span class='ocrx_word' id='word_1_691' title='bbox 2509 4196 2746 4272; x_wconf 80' lang='grc' dir='ltr'>μάλιστα</span> <span class='ocrx_word' id='word_1_692' title='bbox 2791 4193 3235 4267; x_wconf 86' lang='grc' dir='ltr'>διατεινομένοις,</span> <span class='ocrx_word' id='word_1_693' title='bbox 3267 4187 3532 4244; x_wconf 76' lang='grc' dir='ltr'>πιστεύειν</span> <span class='ocrx_word' id='word_1_694' title='bbox 3585 4185 3780 4245; x_wconf 81' lang='grc' dir='ltr'>ἁπλῶς</span> 
     </span>
    </p>
   </div>
   <div class='ocr_carea' id='block_1_92' title="bbox 2141 4275 3784 4366">
    <p class='ocr_par' dir='ltr' id='par_1_92' title="bbox 2141 4275 3784 4366">
     <span class='ocr_line' id='line_1_92' title="bbox 2167 4275 3536 4305; baseline -0.013 8"><span class='ocrx_word' id='word_1_695' title='bbox 2167 4294 2174 4304; x_wconf 80' lang='grc' dir='ltr'>ι</span> <span class='ocrx_word' id='word_1_696' title='bbox 2290 4275 2299 4279; x_wconf 58' lang='grc'>⁷</span> <span class='ocrx_word' id='word_1_697' title='bbox 2611 4289 2623 4305; x_wconf 63' lang='grc' dir='ltr'>κ</span> <span class='ocrx_word' id='word_1_698' title='bbox 2880 4283 2893 4305; x_wconf 67' lang='lat' dir='ltr'>a</span> <span class='ocrx_word' id='word_1_699' title='bbox 2949 4287 2961 4301; x_wconf 64' lang='grc' dir='ltr'><strong>ι</strong></span> <span class='ocrx_word' id='word_1_700' title='bbox 3159 4281 3174 4299; x_wconf 75' lang='lat'><strong><em>\</em></strong></span> <span class='ocrx_word' id='word_1_701' title='bbox 3304 4279 3317 4300; x_wconf 75' lang='grc' dir='ltr'><em>ι</em></span> <span class='ocrx_word' id='word_1_702' title='bbox 3481 4275 3536 4294; x_wconf 61' lang='grc' dir='ltr'>κν</span> 
     </span>
     <span class='ocr_line' id='line_1_93' title="bbox 2141 4277 3784 4366; baseline -0.013 -19"><span class='ocrx_word' id='word_1_703' title='bbox 2141 4297 2306 4347; x_wconf 87' lang='grc' dir='ltr'>ἁπασι</span> <span class='ocrx_word' id='word_1_704' title='bbox 2361 4292 2497 4366; x_wconf 65' lang='grc' dir='ltr'>χρὴ,</span> <span class='ocrx_word' id='word_1_705' title='bbox 2537 4310 2625 4343; x_wconf 78' lang='grc' dir='ltr'>και</span> <span class='ocrx_word' id='word_1_706' title='bbox 2680 4288 2780 4357; x_wconf 84' lang='grc' dir='ltr'>τήν</span> <span class='ocrx_word' id='word_1_707' title='bbox 2838 4305 3002 4354; x_wconf 84' lang='grc' dir='ltr'>αυτην</span> <span class='ocrx_word' id='word_1_708' title='bbox 3053 4301 3175 4354; x_wconf 87' lang='grc' dir='ltr'>περι</span> <span class='ocrx_word' id='word_1_709' title='bbox 3225 4300 3430 4334; x_wconf 84' lang='grc' dir='ltr'>τουτων</span> <span class='ocrx_word' id='word_1_710' title='bbox 3479 4277 3632 4345; x_wconf 80' lang='grc' dir='ltr'>οοξαν</span> <span class='ocrx_word' id='word_1_711' title='bbox 3679 4295 3784 4327; x_wconf 84' lang='grc' dir='ltr'>κε-</span> 
     </span>
    </p>
   </div>
   <div class='ocr_carea' id='block_1_93' title="bbox 2140 4366 3788 4450">
    <p class='ocr_par' dir='ltr' id='par_1_93' title="bbox 2140 4366 3788 4450">
     <span class='ocr_line' id='line_1_94' title="bbox 2140 4366 3788 4450; baseline -0.013 -14"><span class='ocrx_word' id='word_1_712' title='bbox 2140 4383 2403 4450; x_wconf 84' lang='grc' dir='ltr'>κτῆσθαι·</span> <span class='ocrx_word' id='word_1_713' title='bbox 2447 4376 2572 4432; x_wconf 79' lang='grc' dir='ltr'>ἀλλ’</span> <span class='ocrx_word' id='word_1_714' title='bbox 2602 4375 2694 4436; x_wconf 76' lang='grc' dir='ltr'>οὓς</span> <span class='ocrx_word' id='word_1_715' title='bbox 2754 4376 2847 4447; x_wconf 76' lang='grc' dir='ltr'>μὲν</span> <span class='ocrx_word' id='word_1_716' title='bbox 2900 4372 2957 4427; x_wconf 78' lang='grc' dir='ltr'>ἂν</span> <span class='ocrx_word' id='word_1_717' title='bbox 3017 4368 3138 4444; x_wconf 68' lang='grc' dir='ltr'>Ἕδῃς</span> <span class='ocrx_word' id='word_1_718' title='bbox 3199 4368 3284 4423; x_wconf 88' lang='grc' dir='ltr'>ἐπὶ</span> <span class='ocrx_word' id='word_1_719' title='bbox 3346 4366 3440 4437; x_wconf 71' lang='grc' dir='ltr'>μὲν</span> <span class='ocrx_word' id='word_1_720' title='bbox 3493 4370 3607 4426; x_wconf 85' lang='grc' dir='ltr'>τοῖς</span> <span class='ocrx_word' id='word_1_721' title='bbox 3665 4367 3788 4425; x_wconf 87' lang='grc' dir='ltr'>σοῖς</span> 
     </span>
    </p>
   </div>
   <div class='ocr_carea' id='block_1_94' title="bbox 2145 4451 3789 4547">
    <p class='ocr_par' dir='ltr' id='par_1_94' title="bbox 2145 4451 3789 4547">
     <span class='ocr_line' id='line_1_95' title="bbox 2145 4451 3789 4547; baseline -0.013 -22"><span class='ocrx_word' id='word_1_722' title='bbox 2145 4472 2368 4547; x_wconf 84' lang='grc' dir='ltr'>ἀγαθοῖς</span> <span class='ocrx_word' id='word_1_723' title='bbox 2415 4465 2735 4538; x_wconf 76' lang='grc' dir='ltr'>ἡδομένους,</span> <span class='ocrx_word' id='word_1_724' title='bbox 2787 4463 2871 4518; x_wconf 80' lang='grc' dir='ltr'>ἐπὶ</span> <span class='ocrx_word' id='word_1_725' title='bbox 2929 4458 2985 4514; x_wconf 77' lang='grc' dir='ltr'>δὲ</span> <span class='ocrx_word' id='word_1_726' title='bbox 3029 4464 3145 4519; x_wconf 87' lang='grc' dir='ltr'>τοῖς</span> <span class='ocrx_word' id='word_1_727' title='bbox 3191 4456 3298 4530; x_wconf 85' lang='grc' dir='ltr'>οὐχ</span> <span class='ocrx_word' id='word_1_728' title='bbox 3345 4453 3516 4515; x_wconf 76' lang='grc' dir='ltr'>οὕτως</span> <span class='ocrx_word' id='word_1_729' title='bbox 3566 4451 3789 4527; x_wconf 81' lang='grc' dir='ltr'>ἔχουσιν</span> 
     </span>
    </p>
   </div>
   <div class='ocr_carea' id='block_1_95' title="bbox 2145 4538 3789 4635">
    <p class='ocr_par' dir='ltr' id='par_1_95' title="bbox 2145 4538 3789 4635">
     <span class='ocr_line' id='line_1_96' title="bbox 2145 4538 3789 4635; baseline -0.014 -20"><span class='ocrx_word' id='word_1_730' title='bbox 2145 4538 2503 4635; x_wconf 48' lang='grc' dir='ltr'>ἀγθομένους,</span> <span class='ocrx_word' id='word_1_731' title='bbox 2543 4556 2632 4610; x_wconf 88' lang='grc' dir='ltr'>κκὶ</span> <span class='ocrx_word' id='word_1_732' title='bbox 2688 4554 2755 4607; x_wconf 74' lang='grc' dir='ltr'>τὰ</span> <span class='ocrx_word' id='word_1_733' title='bbox 2814 4552 2907 4624; x_wconf 71' lang='grc' dir='ltr'>μὲν</span> <span class='ocrx_word' id='word_1_734' title='bbox 2967 4550 3335 4614; x_wconf 77' lang='grc' dir='ltr'>ἐπαινοῦντας,</span> <span class='ocrx_word' id='word_1_735' title='bbox 3384 4549 3500 4597; x_wconf 83' lang='grc' dir='ltr'>τοῖς</span> <span class='ocrx_word' id='word_1_736' title='bbox 3540 4540 3585 4596; x_wconf 88' lang='grc' dir='ltr'>δ’</span> <span class='ocrx_word' id='word_1_737' title='bbox 3633 4538 3789 4595; x_wconf 87' lang='grc' dir='ltr'>ἐλευ-</span> 
     </span>
    </p>
   </div>
   <div class='ocr_carea' id='block_1_96' title="bbox 2146 4631 3790 4724">
    <p class='ocr_par' dir='ltr' id='par_1_96' title="bbox 2146 4631 3790 4724">
     <span class='ocr_line' id='line_1_97' title="bbox 2146 4631 3790 4724; baseline -0.013 -18"><span class='ocrx_word' id='word_1_738' title='bbox 2146 4631 2313 4724; x_wconf 78' lang='grc' dir='ltr'>θέρως</span> <span class='ocrx_word' id='word_1_739' title='bbox 2365 4649 2727 4719; x_wconf 75' lang='grc' dir='ltr'>ἐπιτιμῶντας</span> <span class='ocrx_word' id='word_1_740' title='bbox 2772 4644 2861 4697; x_wconf 83' lang='grc' dir='ltr'>καὶ</span> <span class='ocrx_word' id='word_1_741' title='bbox 2921 4635 3395 4713; x_wconf 70' lang='grc' dir='ltr'>συμϐουλεύοντας</span> <span class='ocrx_word' id='word_1_742' title='bbox 3442 4636 3509 4688; x_wconf 72' lang='grc' dir='ltr'>τὰ</span> <span class='ocrx_word' id='word_1_743' title='bbox 3561 4631 3790 4706; x_wconf 81' lang='grc' dir='ltr'>βελτίω,</span> 
     </span>
    </p>
   </div>
   <div class='ocr_carea' id='block_1_97' title="bbox 2145 4724 3792 4810">
    <p class='ocr_par' dir='ltr' id='par_1_97' title="bbox 2145 4724 3792 4810">
     <span class='ocr_line' id='line_1_98' title="bbox 2145 4724 3792 4810; baseline -0.015 -14"><span class='ocrx_word' id='word_1_744' title='bbox 2145 4742 2234 4797; x_wconf 83' lang='grc' dir='ltr'>καὶ</span> <span class='ocrx_word' id='word_1_745' title='bbox 2292 4738 2434 4800; x_wconf 77' lang='grc' dir='ltr'>ὅλως</span> <span class='ocrx_word' id='word_1_746' title='bbox 2497 4736 2631 4810; x_wconf 83' lang='grc' dir='ltr'>μετά</span> <span class='ocrx_word' id='word_1_747' title='bbox 2697 4737 2792 4789; x_wconf 77' lang='grc' dir='ltr'>τοῦ</span> <span class='ocrx_word' id='word_1_748' title='bbox 2870 4726 3266 4804; x_wconf 84' lang='grc' dir='ltr'>λελογισμένου</span> <span class='ocrx_word' id='word_1_749' title='bbox 3340 4724 3429 4779; x_wconf 78' lang='grc' dir='ltr'>καὶ</span> <span class='ocrx_word' id='word_1_750' title='bbox 3511 4724 3792 4799; x_wconf 70' lang='grc' dir='ltr'>σώφρονος</span> 
     </span>
    </p>
   </div>
   <div class='ocr_carea' id='block_1_98' title="bbox 2147 4810 3792 4899">
    <p class='ocr_par' dir='ltr' id='par_1_98' title="bbox 2147 4810 3792 4899">
     <span class='ocr_line' id='line_1_99' title="bbox 2147 4810 3792 4899; baseline -0.014 -13"><span class='ocrx_word' id='word_1_751' title='bbox 2147 4831 2319 4886; x_wconf 87' lang='grc' dir='ltr'>πάντα</span> <span class='ocrx_word' id='word_1_752' title='bbox 2377 4827 2464 4882; x_wconf 80' lang='grc' dir='ltr'>καὶ</span> <span class='ocrx_word' id='word_1_753' title='bbox 2523 4825 2695 4899; x_wconf 88' lang='grc' dir='ltr'>λέγειν</span> <span class='ocrx_word' id='word_1_754' title='bbox 2757 4821 2844 4877; x_wconf 87' lang='grc' dir='ltr'>καὶ</span> <span class='ocrx_word' id='word_1_755' title='bbox 2902 4824 3074 4874; x_wconf 82' lang='grc' dir='ltr'>ποιεῖν</span> <span class='ocrx_word' id='word_1_756' title='bbox 3137 4812 3514 4891; x_wconf 74' lang='grc' dir='ltr'>αἱρουμένους,</span> <span class='ocrx_word' id='word_1_757' title='bbox 3563 4810 3792 4871; x_wconf 88' lang='grc' dir='ltr'>τούτους</span> 
     </span>
    </p>
   </div>
   <div class='ocr_carea' id='block_1_99' title="bbox 2148 4901 3790 4995">
    <p class='ocr_par' dir='ltr' id='par_1_99' title="bbox 2148 4901 3790 4995">
     <span class='ocr_line' id='line_1_100' title="bbox 2148 4901 3790 4995; baseline -0.015 -20"><span class='ocrx_word' id='word_1_758' title='bbox 2148 4921 2237 4975; x_wconf 85' lang='grc' dir='ltr'>καὶ</span> <span class='ocrx_word' id='word_1_759' title='bbox 2295 4917 2488 4995; x_wconf 76' lang='grc' dir='ltr'>φίλους</span> <span class='ocrx_word' id='word_1_760' title='bbox 2548 4916 2762 4972; x_wconf 87' lang='grc' dir='ltr'>πάντως</span> <span class='ocrx_word' id='word_1_761' title='bbox 2821 4911 3090 4984; x_wconf 81' lang='grc' dir='ltr'>ἡγεῖσθαι,</span> <span class='ocrx_word' id='word_1_762' title='bbox 3139 4905 3229 4959; x_wconf 79' lang='grc' dir='ltr'>καὶ</span> <span class='ocrx_word' id='word_1_763' title='bbox 3287 4904 3360 4963; x_wconf 85' lang='grc' dir='ltr'>ὡς</span> <span class='ocrx_word' id='word_1_764' title='bbox 3419 4901 3790 4974; x_wconf 72' lang='grc' dir='ltr'>ἐταιροτᾶτοις</span> 
     </span>
    </p>
   </div>
   <div class='ocr_carea' id='block_1_100' title="bbox 2147 4989 3792 5080">
    <p class='ocr_par' dir='ltr' id='par_1_100' title="bbox 2147 4989 3792 5080">
     <span class='ocr_line' id='line_1_101' title="bbox 2147 4989 3792 5080; baseline -0.013 -17"><span class='ocrx_word' id='word_1_765' title='bbox 2147 5010 2214 5063; x_wconf 81' lang='grc' dir='ltr'>τὰ</span> <span class='ocrx_word' id='word_1_766' title='bbox 2265 4989 2522 5062; x_wconf 84' lang='grc' dir='ltr'>πλείστου</span> <span class='ocrx_word' id='word_1_767' title='bbox 2569 5004 2728 5080; x_wconf 80' lang='grc' dir='ltr'>φησὶν</span> <span class='ocrx_word' id='word_1_768' title='bbox 2779 4999 2896 5073; x_wconf 78' lang='grc' dir='ltr'>ἄξια</span> <span class='ocrx_word' id='word_1_769' title='bbox 2948 4998 3221 5073; x_wconf 75' lang='grc' dir='ltr'>χρῆσθαι·</span> <span class='ocrx_word' id='word_1_770' title='bbox 3253 4993 3345 5055; x_wconf 81' lang='grc' dir='ltr'>οὓς</span> <span class='ocrx_word' id='word_1_771' title='bbox 3379 4989 3424 5046; x_wconf 82' lang='grc' dir='ltr'>δ’</span> <span class='ocrx_word' id='word_1_772' title='bbox 3457 4989 3582 5044; x_wconf 76' lang='grc' dir='ltr'>αὐτὸ</span> <span class='ocrx_word' id='word_1_773' title='bbox 3627 4991 3792 5044; x_wconf 81' lang='grc' dir='ltr'>τοῦτο</span> 
     </span>
    </p>
   </div>
   <div class='ocr_carea' id='block_1_101' title="bbox 2155 5074 3791 5170">
    <p class='ocr_par' dir='ltr' id='par_1_101' title="bbox 2155 5074 3791 5170">
     <span class='ocr_line' id='line_1_102' title="bbox 2155 5074 3791 5170; baseline -0.013 -20"><span class='ocrx_word' id='word_1_774' title='bbox 2155 5098 2317 5170; x_wconf 86' lang='grc' dir='ltr'>μόνον</span> <span class='ocrx_word' id='word_1_775' title='bbox 2371 5094 2587 5148; x_wconf 68' lang='grc' dir='ltr'>πάντων</span> <span class='ocrx_word' id='word_1_776' title='bbox 2651 5089 2928 5148; x_wconf 83' lang='grc' dir='ltr'>ἐπαινέτας</span> <span class='ocrx_word' id='word_1_777' title='bbox 2983 5089 3089 5139; x_wconf 81' lang='grc' dir='ltr'>τῶν</span> <span class='ocrx_word' id='word_1_778' title='bbox 3149 5087 3281 5151; x_wconf 79' lang='grc' dir='ltr'>σῶν,</span> <span class='ocrx_word' id='word_1_779' title='bbox 3339 5078 3427 5134; x_wconf 79' lang='grc' dir='ltr'>καὶ</span> <span class='ocrx_word' id='word_1_780' title='bbox 3508 5079 3582 5149; x_wconf 83' lang='grc' dir='ltr'>μή</span> <span class='ocrx_word' id='word_1_781' title='bbox 3653 5074 3791 5130; x_wconf 81' lang='grc' dir='ltr'>διαι-</span> 
     </span>
    </p>
   </div>
   <div class='ocr_carea' id='block_1_102' title="bbox 2155 5163 3790 5260">
    <p class='ocr_par' dir='ltr' id='par_1_102' title="bbox 2155 5163 3790 5260">
     <span class='ocr_line' id='line_1_103' title="bbox 2155 5163 3790 5260; baseline -0.015 -19"><span class='ocrx_word' id='word_1_782' title='bbox 2155 5163 2374 5260; x_wconf 75' lang='grc' dir='ltr'>ρούντας</span> <span class='ocrx_word' id='word_1_783' title='bbox 2424 5178 2535 5236; x_wconf 79' lang='grc' dir='ltr'>ἅττ’</span> <span class='ocrx_word' id='word_1_784' title='bbox 2569 5177 2789 5250; x_wconf 76' lang='grc' dir='ltr'>ἔξεστιν,</span> <span class='ocrx_word' id='word_1_785' title='bbox 2840 5173 2932 5231; x_wconf 81' lang='grc' dir='ltr'>ἀτε</span> <span class='ocrx_word' id='word_1_786' title='bbox 2979 5175 3078 5247; x_wconf 73' lang='grc' dir='ltr'>μὴ,</span> <span class='ocrx_word' id='word_1_787' title='bbox 3124 5170 3268 5227; x_wconf 86' lang='grc' dir='ltr'>ἀλλά</span> <span class='ocrx_word' id='word_1_788' title='bbox 3325 5169 3450 5230; x_wconf 71' lang='grc' dir='ltr'>τοὺς</span> <span class='ocrx_word' id='word_1_789' title='bbox 3494 5163 3686 5225; x_wconf 64' lang='grc' dir='ltr'>αύτούς</span> <span class='ocrx_word' id='word_1_790' title='bbox 3737 5163 3790 5219; x_wconf 94' lang='grc' dir='ltr'>ἐν</span> 
     </span>
    </p>
   </div>
   <div class='ocr_carea' id='block_1_103' title="bbox 2154 5256 3800 5342">
    <p class='ocr_par' dir='ltr' id='par_1_103' title="bbox 2154 5256 3800 5342">
     <span class='ocr_line' id='line_1_104' title="bbox 2154 5256 3800 5342; baseline -0.013 -13"><span class='ocrx_word' id='word_1_791' title='bbox 2154 5256 2344 5330; x_wconf 58' lang='grc' dir='ltr'>ἅπασιν</span> <span class='ocrx_word' id='word_1_792' title='bbox 2406 5267 2701 5337; x_wconf 75' lang='grc' dir='ltr'>ὅντας,καὶ</span> <span class='ocrx_word' id='word_1_793' title='bbox 2765 5267 2898 5342; x_wconf 82' lang='grc' dir='ltr'>πρὸς</span> <span class='ocrx_word' id='word_1_794' title='bbox 2955 5265 3017 5320; x_wconf 87' lang='grc' dir='ltr'>τὸ</span> <span class='ocrx_word' id='word_1_795' title='bbox 3083 5256 3269 5318; x_wconf 74' lang='grc' dir='ltr'>λαϐεῖν</span> <span class='ocrx_word' id='word_1_796' title='bbox 3329 5257 3662 5311; x_wconf 81' lang='grc' dir='ltr'>παντάπασιν</span> <span class='ocrx_word' id='word_1_797' title='bbox 3711 5275 3800 5307; x_wconf 83' lang='grc' dir='ltr'>κε-</span> 
     </span>
    </p>
   </div>
   <div class='ocr_carea' id='block_1_104' title="bbox 2155 5345 3801 5440">
    <p class='ocr_par' dir='ltr' id='par_1_104' title="bbox 2155 5345 3801 5440">
     <span class='ocr_line' id='line_1_105' title="bbox 2155 5345 3801 5440; baseline -0.015 -21"><span class='ocrx_word' id='word_1_798' title='bbox 2155 5364 2416 5440; x_wconf 84' lang='grc' dir='ltr'>χηνότας,</span> <span class='ocrx_word' id='word_1_799' title='bbox 2455 5364 2678 5422; x_wconf 89' lang='grc' dir='ltr'>τούτους</span> <span class='ocrx_word' id='word_1_800' title='bbox 2736 5358 2980 5432; x_wconf 83' lang='grc' dir='ltr'>ἀτεχνῶς</span> <span class='ocrx_word' id='word_1_801' title='bbox 3031 5353 3165 5427; x_wconf 76' lang='grc' dir='ltr'>μετά</span> <span class='ocrx_word' id='word_1_802' title='bbox 3201 5354 3307 5405; x_wconf 79' lang='grc' dir='ltr'>τῶν</span> <span class='ocrx_word' id='word_1_803' title='bbox 3355 5345 3604 5401; x_wconf 80' lang='grc' dir='ltr'>κολάκων</span> <span class='ocrx_word' id='word_1_804' title='bbox 3659 5345 3801 5398; x_wconf 68' lang='grc' dir='ltr'>ἀπο-</span> 
     </span>
    </p>
   </div>
   <div class='ocr_carea' id='block_1_105' title="bbox 2160 5435 3802 5529">
    <p class='ocr_par' dir='ltr' id='par_1_105' title="bbox 2160 5435 3802 5529">
     <span class='ocr_line' id='line_1_106' title="bbox 2160 5435 3802 5529; baseline -0.013 -21"><span class='ocrx_word' id='word_1_805' title='bbox 2160 5453 2470 5529; x_wconf 68' lang='grc' dir='ltr'>στρέφεσθαι</span> <span class='ocrx_word' id='word_1_806' title='bbox 2552 5449 2640 5504; x_wconf 81' lang='grc' dir='ltr'>καὶ</span> <span class='ocrx_word' id='word_1_807' title='bbox 2714 5453 2910 5520; x_wconf 86' lang='grc' dir='ltr'>μισεῖν,</span> <span class='ocrx_word' id='word_1_808' title='bbox 2967 5444 3057 5498; x_wconf 81' lang='grc' dir='ltr'>καὶ</span> <span class='ocrx_word' id='word_1_809' title='bbox 3121 5447 3224 5510; x_wconf 82' lang='grc' dir='ltr'>τῆς</span> <span class='ocrx_word' id='word_1_810' title='bbox 3301 5438 3480 5512; x_wconf 80' lang='grc' dir='ltr'>ἀρχῆς</span> <span class='ocrx_word' id='word_1_811' title='bbox 3552 5435 3802 5506; x_wconf 83' lang='grc' dir='ltr'>νομίζειν</span> 
     </span>
    </p>
   </div>
   <div class='ocr_carea' id='block_1_106' title="bbox 2163 5524 3808 5599">
    <p class='ocr_par' dir='ltr' id='par_1_106' title="bbox 2163 5524 3808 5599">
     <span class='ocr_line' id='line_1_107' title="bbox 2163 5524 3808 5599; baseline -0.013 0"><span class='ocrx_word' id='word_1_812' title='bbox 2163 5524 2468 5599; x_wconf 78' lang='grc' dir='ltr'>δεκέλειαν’</span> <span class='ocrx_word' id='word_1_813' title='bbox 2504 5540 2619 5596; x_wconf 81' lang='grc' dir='ltr'>ἐπεί</span> <span class='ocrx_word' id='word_1_814' title='bbox 2669 5559 2754 5592; x_wconf 90' lang='grc' dir='ltr'>τοι</span> <span class='ocrx_word' id='word_1_815' title='bbox 2796 5536 2886 5592; x_wconf 88' lang='grc' dir='ltr'>καὶ</span> <span class='ocrx_word' id='word_1_816' title='bbox 2935 5533 3119 5595; x_wconf 80' lang='grc' dir='ltr'>ἄλλως</span> <span class='ocrx_word' id='word_1_817' title='bbox 3176 5532 3431 5586; x_wconf 78' lang='grc' dir='ltr'>τοσοῦτον</span> <span class='ocrx_word' id='word_1_818' title='bbox 3480 5524 3620 5580; x_wconf 84' lang='grc' dir='ltr'>ἐστὶν</span> <span class='ocrx_word' id='word_1_819' title='bbox 3683 5525 3808 5578; x_wconf 82' lang='grc' dir='ltr'>ἐκα-</span> 
     </span>
    </p>
   </div>
   <div class='ocr_carea' id='block_1_107' title="bbox 2171 5613 3812 5708">
    <p class='ocr_par' dir='ltr' id='par_1_107' title="bbox 2171 5613 3812 5708">
     <span class='ocr_line' id='line_1_108' title="bbox 2171 5613 3812 5708; baseline -0.014 -18"><span class='ocrx_word' id='word_1_820' title='bbox 2171 5631 2340 5708; x_wconf 87' lang='grc' dir='ltr'>τέρων</span> <span class='ocrx_word' id='word_1_821' title='bbox 2391 5632 2452 5686; x_wconf 88' lang='grc' dir='ltr'>τὸ</span> <span class='ocrx_word' id='word_1_822' title='bbox 2513 5627 2792 5705; x_wconf 78' lang='grc' dir='ltr'>διάφορον,</span> <span class='ocrx_word' id='word_1_823' title='bbox 2843 5623 2974 5681; x_wconf 83' lang='grc' dir='ltr'>ὥσθ’</span> <span class='ocrx_word' id='word_1_824' title='bbox 3023 5623 3075 5678; x_wconf 76' lang='grc' dir='ltr'>οἱ</span> <span class='ocrx_word' id='word_1_825' title='bbox 3127 5621 3220 5695; x_wconf 74' lang='grc' dir='ltr'>μὲν</span> <span class='ocrx_word' id='word_1_826' title='bbox 3285 5616 3373 5672; x_wconf 83' lang='grc' dir='ltr'>ἐὰν</span> <span class='ocrx_word' id='word_1_827' title='bbox 3435 5615 3512 5690; x_wconf 82' lang='grc' dir='ltr'>μή</span> <span class='ocrx_word' id='word_1_828' title='bbox 3570 5613 3812 5668; x_wconf 80' lang='grc' dir='ltr'>καθεκά-</span> 
     </span>
    </p>
   </div>
  </div>
