4062 6308
250 390 370 457 473

1399 402 1690 497 ORATIO
1732 403 1833 465 DE
1877 404 2105 468 REGIS
2147 404 2494 469 OFFICIIS.

3532 408 3649 467 επ

252 546 407 596 στην,
467 526 543 591 ὡς
609 529 797 599 εἰπεῖν,
860 530 916 585 εὖ
959 533 1267 609 πάσχωσιν,
1325 533 1441 589 ούκ’
1485 535 1804 610 ἀνέχονται·
1840 537 1892 591 οἱ

2011 539 2298 595 fortunam
2334 540 2677 613 participare
2704 540 2913 602 volent.
2947 539 3116 597 aliter
3153 555 3328 611 quam
3378 539 3648 597 adulato-

246 613 301 671 δ’
346 615 465 672 οὐδ’
508 618 926 693 ἐπηρωσθέντες
974 622 1055 691 ἃν,
1108 623 1283 696 οἶμαι,
1333 622 1423 678 καὶ
1491 626 1557 679 τὰ
1619 623 1896 681 δεινότατα

241 702 599 773 πεπονθότες,
635 703 1079 786 δυσχερανοῦσιν,
1110 709 1239 766 ἀλλ’
1288 710 1528 766 οἴσουσιν
1585 710 1737 766 οὐδὲν
1792 714 1895 781 ἧτ-

241 816 362 865 τον,
393 795 431 864 ἢ
482 797 527 851 εἷ
576 795 634 851 εὖ
678 800 984 873 πάσχοντες
1013 800 1148 869 ἦσαν
1198 801 1289 855 τὸν
1327 802 1531 856 ἅπαντα
1566 802 1765 875 χρόνον
1814 805 1896 873 τῶ

243 884 332 939 σοὶ
382 887 501 939 κατ’
548 883 713 960 ἄκρας
770 889 1035 957 ἡνῶσθαι,
1075 891 1165 944 καὶ
1208 890 1363 944 πάνθ’
1398 891 1487 945 ὑπ’
1541 890 1769 960 εὐνοίας,
1820 891 1894 953 ὡς

242 972 438 1048 λόγος,
513 976 696 1052 φερειν
780 978 1230 1051 παρεσκευάσθαι,
1291 983 1398 1034 τῶν
1474 1001 1533 1035 τε
1614 976 1892 1055 δυσχερῶν

240 1068 627 1126 κοινωνοῦνιες
691 1064 886 1137 ἑξίσης.
939 1067 1047 1146 οὐχ
1094 1066 1285 1142 ὥσπαρ
1334 1069 1384 1124 οἱ
1432 1067 1662 1131 κόλακες
1719 1071 1893 1142 μόνης

240 1150 396 1215 ὄντες
464 1158 566 1223 τῆς
623 1153 966 1229 εὐδαιμονίας
1022 1157 1112 1212 καὶ
1166 1162 1264 1212 τοῦ
1312 1162 1541 1233 καιροῦο
1574 1158 1894 1234 δυσχερείας

240 1240 303 1297 δὲ
354 1241 538 1318 τύχης
597 1243 686 1298 καὶ
748 1240 1059 1318 μεταϐολὰς
1118 1246 1449 1323 πραγμάτων
1499 1246 1616 1303 οὐδ’
1646 1248 1708 1304 ἂν
1759 1244 1890 1324 ὄναρ

238 1330 516 1407 ἔνὲγκοιεν
542 1353 555 1365 ·
609 1333 738 1389 ὥστ’
788 1335 850 1390 ἂν
904 1336 1213 1411 ἀναγκαίως
1260 1333 1392 1413 ἔχῃ,
1420 1341 1551 1399 τοὺς
1589 1340 1681 1410 μὲν
1719 1338 1894 1401 οὕτως

240 1416 482 1495 ἔχοντας
534 1423 745 1498 χαίρειν
802 1422 912 1494 ὲᾷν,
966 1425 1056 1479 καὶ
1116 1430 1312 1480 σαυτοῦ
1368 1427 1508 1481 πάνυ
1562 1447 1647 1482 τοι
1704 1426 1895 1502 πόῤῥω

238 1517 471 1567 ποιεῖν·
533 1518 650 1574 τοῖς
706 1510 753 1568 δ’
811 1512 1063 1577 ἐπιεικῶς
1123 1512 1273 1586 μάλα
1324 1522 1424 1584 τῆς
1473 1516 1895 1593 εὐγνωμοσύνης

239 1600 590 1677 συγχαίρειν,
637 1602 729 1656 καὶ
781 1604 1026 1677 νομίζειν
1080 1603 1260 1679 ὥσπερ
1315 1607 1459 1667 τινὰς
1526 1604 1752 1668 τούτους
1810 1605 1898 1660 αί-

239 1695 474 1762 σθήσεις
502 1690 598 1748 τοῦ
644 1700 744 1763 τῆς
794 1694 973 1769 ἀρχῆς
1023 1695 1301 1767 σώματος,
1334 1692 1405 1750 δι’
1451 1696 1524 1749 ὧν
1566 1696 1720 1750 πάνθ’
1766 1696 1895 1768 ὁρᾷν

234 1782 327 1835 καὶ
359 1780 523 1837 πάντ’
578 1780 792 1837 ἀκούειν
849 1782 983 1854 ἐστῖ,
1015 1783 1105 1837 καὶ
1162 1788 1319 1838 πᾶσιν
1375 1783 1432 1839 εὖ
1484 1782 1633 1857 μάλα
1681 1792 1893 1860 κεχρῆ-

236 1873 390 1938 σθαι,
425 1872 518 1926 καὶ
574 1878 689 1934 τοῖς
738 1869 962 1947 ἔγγιστα
1027 1872 1118 1927 καὶ
1164 1879 1282 1935 τοῖς
1331 1871 1541 1950 πόῤῥω.
1594 1874 1685 1935 Εἰς
1732 1876 1893 1930 τοῦτο
1930 1902 1977 1967 Β

235 1961 372 2034 γὰρ,
410 1961 585 2031 οἶμαι,
618 1964 762 2037 φέρει
794 1962 885 2015 καὶ
924 1962 987 2016 τὸ
1028 1960 1203 2024 Φίλος
1232 1959 1405 2023 ἄλλος
1437 1961 1599 2025 αὐτός
1626 1982 1639 1996 '
1679 1962 1895 2036 μᾶλλον

235 2044 302 2102 δὲ
341 2048 440 2103 καὶ
488 2049 683 2103 τούτου
731 2048 897 2104 πλέον
940 2049 998 2104 ἐκ
1045 2054 1155 2104 τῶν
1193 2052 1534 2125 πραγμάτων
1588 2052 1723 2106 εἶναι
1756 2073 1899 2125 συμ-

233 2132 446 2194 ϐαίνει.
476 2145 545 2193 *Α
594 2138 697 2213 γὰρ
747 2138 853 2214 οὐχ
900 2140 1008 2194 οἷοί
1057 2141 1106 2191 τ’
1153 2139 1312 2213 ἐσμεν
1366 2138 1434 2195 δι’
1480 2143 1643 2214 ἡμῶν
1695 2141 1897 2210 αὐτῶν,

234 2224 335 2282 διὰ
379 2226 591 2282 τούτων
634 2229 708 2290 ὡς
756 2229 925 2301 ῥᾷστα
967 2229 1233 2302 περαίνειν
1279 2226 1506 2303 ἔχομεν.
1548 2228 1768 2304 Ἀμέλει
1811 2252 1898 2286 τοι

230 2316 331 2371 καὶ
368 2314 725 2391 Ἀλέξανδρος
782 2318 810 2371 ὁ
870 2315 1156 2373 Φιλίππου
1210 2316 1341 2381 τοὺς
1397 2320 1703 2393 θησαυροὺς
1753 2317 1898 2395 ἐρω-

231 2404 434 2474 τηθεὶς
490 2404 618 2464 τοὺς
672 2404 858 2471 αὐτοῦ,
917 2402 1154 2459 δείκνυσι
1208 2403 1335 2467 τοὺς
1388 2405 1673 2479 ἑταίρουςο
1705 2407 1781 2467 ὡς
1836 2406 1902 2461 τὸ

240 2493 339 2566 μὲν
401 2493 632 2553 τούτους
684 2495 975 2557 κεκτῆσθαι
1031 2491 1328 2549 κάλλιστον
1386 2496 1475 2549 καὶ
1515 2494 1899 2551 λυσιτελέστα-

234 2602 332 2637 τον
392 2582 728 2656 τυγχάνοντα
784 2580 1059 2637 πλοῦτον
1111 2578 1232 2637 ἄνευ
1284 2580 1341 2638 δὲ
1395 2583 1602 2639 τούτων
1648 2584 1741 2638 καὶ
1799 2585 1898 2653 τήν

246 2671 509 2745 μεγίστην
555 2669 609 2725 ἐν
650 2671 960 2744 ἀνθρώποις
1003 2672 1318 2747 περιουσίαν
1363 2672 1500 2745 πρὸς
1549 2673 1610 2727 τὸ
1668 2671 1826 2728 πάνθ’
1866 2674 1901 2728 ’ἁ

248 2766 520 2833 προσῆκεν
595 2758 866 2835 εἰργάσθαι
955 2761 1148 2835 μικρὸν
1205 2761 1240 2831 ἢ
1328 2758 1481 2816 ούδὶν
1555 2758 1855 2834 δυναμένην
1884 2782 1897 2794 ·

259 2845 435 2906 οὓτως
478 2845 627 2902 οὐδὲν
673 2851 918 2919 κρεῖσσον
968 2850 1085 2901 κατ’
1132 2844 1434 2917 Εὐριπίδην
1485 2847 1521 2916 ἢ
1580 2846 1744 2926 φίλος
1803 2869 1900 2902 σα-

267 2936 394 3012 φὴς.
426 2934 480 2988 οὗ
533 2935 797 3003 πλοῦτος,
826 2935 887 2989 ού
942 2936 1229 3010 τυραννίς’
1263 2934 1557 3013 ἀλόγιστον
1613 2934 1670 2991 δὲ
1726 2959 1778 2992 τι
1835 2938 1899 2992 τὸ

269 3022 469 3087 πλῆθος
516 3022 873 3098 ἀντάλλαγμα
922 3023 1161 3099 γενναίου
1216 3022 1404 3101 φίλου,
1440 3024 1531 3080 καὶ
1587 3022 1706 3079 οἵου
1757 3021 1900 3098 μηδὶ

258 3116 430 3169 θανεῖν
475 3112 537 3169 ἂν
586 3114 722 3188 δπὶρ
757 3117 863 3168 τῶν
908 3111 1175 3168 παιδικῶν
1224 3114 1553 3183 ἇποκνῆσαι,
1600 3113 1746 3169 ἀλλὰ
1808 3115 1898 3168 καὶ

244 3209 339 3258 τοῦ
397 3209 666 3279 περιεῖναι
724 3202 815 3258 καὶ
877 3205 972 3276 ζῇν
1031 3204 1180 3259 τοῦθ’
1211 3204 1285 3264 ὡς
1332 3203 1557 3274 ἀληθῶς
1582 3201 1738 3273 ἥδιον
1768 3209 1898 3277 κρῖ-

240 3314 349 3360 ναι,
411 3291 651 3367 καθάπερ
713 3292 741 3347 ὀ
800 3292 1078 3354 νεανίσκος
1136 3292 1217 3367 ἐφ’
1274 3293 1332 3347 ’ὀν
1391 3292 1481 3348 καὶ
1537 3290 1682 3363 τᾶπη
1740 3294 1892 3348 ταυτὶ
1926 3274 1969 3341 C

238 3381 487 3454 ξυνετὲθη
500 3425 512 3436 .

314 3472 401 3541 ιζ’.
434 3468 612 3525 Ἀλλὰ
661 3468 778 3524 ἐπεὶ
835 3471 962 3532 τοὺς
1019 3470 1114 3541 μὲν
1170 3468 1367 3547 φίλους
1415 3470 1473 3525 εὖ
1500 3476 1675 3526 ποιεῖν
1722 3471 1895 3526 καθά-

232 3562 341 3627 παξ
393 3559 625 3632 οἰόμεθα
678 3557 810 3629 δεῖν,
842 3559 931 3613 καὶ
973 3560 1092 3613 καθ’
1141 3560 1289 3632 ἥμᾶς
1338 3558 1534 3622 αὐτοὺς
1591 3557 1762 3634 ἄγειν,
1804 3560 1894 3614 καὶ

229 3652 399 3708 πάντ’
448 3649 768 3725 ἀντέχεσθαι
810 3649 1049 3724 τρόπον·
1099 3650 1230 3712 τοὺς
1284 3647 1331 3705 δ’
1379 3650 1444 3706 αὖ
1496 3649 1751 3726 ἐχθροὺς,
1809 3650 1895 3706 ἰὰν

236 3743 339 3816 μὶν
396 3737 784 3815 μεγαλόψυχοί
831 3760 969 3803 τινες
1014 3739 1182 3812 ὦμεν,
1217 3736 1339 3795 οὔτε
1378 3740 1575 3795 κακῶν
1605 3738 1719 3796 οὔθ’
1750 3739 1895 3803 ὅλως

229 3832 332 3887 τὸν
396 3833 525 3884 νοῦν
584 3827 917 3903 προσὲχειν’
951 3828 1039 3883 ἐὲιν
1097 3825 1155 3883 δὲ
1215 3828 1436 3902 μή,καὶ
1476 3828 1740 3903 πολεμεῖν
1806 3829 1898 3883 καὶ

241 3919 525 3994 μάχεσθαι
566 3917 785 3982 τούτοις
830 3918 919 3973 καὶ
969 3919 1105 3991 μετὰ
1149 3919 1398 3991 μείζονος
1444 3919 1739 3992 ἀμύνεσθαι
1794 3925 1897 3988 τῆς

236 4014 639 4082 παρασκευῆςο
690 4008 882 4063 ὁποῖόν
939 4008 1061 4061 τινά
1118 4027 1177 4063 σε
1222 4010 1333 4083 χρὴ
1404 4009 1528 4084 περὶ
1573 4011 1723 4064 ταῦτ’
1770 4009 1900 4063 εἶναι

237 4096 300 4152 εἴ
352 4116 493 4151 ποτε
548 4095 779 4157 τούτους
837 4095 1112 4165 ἀλλήλοις
1172 4095 1260 4151 ἐπὶ
1318 4101 1417 4152 σοῦ
1474 4098 1600 4173 περὶ
1665 4098 1901 4152 ὧντινων

236 4184 562 4255 δικάζεσθαι
622 4182 754 4240 δέοι.
814 4189 908 4244 Ἂν
984 4189 1077 4263 μὲν
1137 4188 1243 4265 γὰρ
1314 4186 1389 4248 ὡς
1462 4184 1746 4258 δυσμενέσι
1809 4186 1900 4241 καὶ

235 4275 438 4355 φίλοις
481 4277 572 4330 καὶ
617 4275 731 4329 τότ’
788 4277 974 4341 αὐτοῖς
1020 4279 1361 4351 ἀπαντήσῃς,
1414 4274 1584 4347 δόξεις
1632 4276 1739 4332 ἀπὸ
1794 4280 1903 4331 τῶν

236 4366 438 4439 νόμων
491 4364 811 4442 εἰργάσθαι·
874 4366 933 4422 ἂν
982 4364 1039 4422 δὲ
1093 4367 1311 4423 τοιοῦτό
1362 4386 1414 4421 τι
1473 4372 1577 4422 πᾶν
1619 4364 1680 4422 ἐκ
1738 4366 1903 4439 μεσου

242 4452 654 4527 πεποιημένος,
706 4456 882 4529 μόνου
932 4461 1028 4512 τοῦ
1076 4457 1250 4512 καλοῦ
1297 4456 1383 4511 καὶ
1436 4453 1647 4511 δικαίου
1694 4454 1904 4533 φροντί-

244 4566 376 4619 σῃς,
412 4542 622 4598 πάντων
654 4541 864 4619 ἂνδρῶν
909 4547 1126 4619 ἄριστος
1172 4546 1311 4600 εἶναι
1360 4546 1499 4617 μήτε
1540 4549 1658 4609 τοῖς
1696 4544 1903 4623 φίλοις,

2006 661 2095 701 res
2123 647 2219 715 qui
2249 651 2305 702 te
2334 647 2561 704 felicem
2589 648 2985 716 sectabuntur,
3010 649 3068 703 in
3099 663 3294 704 rerum
3312 648 3649 705 discrimine

2003 758 2196 808 autem
2227 753 2514 810 deserent.
2540 754 2606 811 Hi
2646 754 2825 827 igitur
2862 770 3098 826 prorsus
3144 772 3179 811 a
3232 754 3437 811 limine
3483 753 3648 810 salu-

2005 860 2165 916 tandi
2205 866 2261 915 et
2308 861 2606 932 rejiciendi
2654 866 2860 931 erunt;
2911 862 2996 917 illi
3057 865 3254 918 autem
3306 861 3529 918 colendi
3582 878 3649 918 ac

2005 983 2110 1025 ceu
2141 970 2401 1040 corporis
2432 985 2651 1041 organa
2680 984 2779 1039 per
2808 985 2934 1041 quae
2961 969 3236 1025 audimus
3265 984 3331 1026 ac
3377 969 3645 1025 videmus

2005 1073 2176 1146 longe
2196 1073 2424 1145 lateque
2453 1075 2681 1131 fovendi
2723 1080 2880 1131 sunt.
2925 1075 3048 1131 Huc
3101 1076 3257 1145 facit,
3291 1090 3382 1132 me
3426 1075 3647 1147 judice,

2006 1180 2538 1248 multum,Amicus
2567 1181 2731 1249 alter,
2765 1182 2896 1253 plus
2924 1198 3059 1238 vero
3090 1183 3367 1255 temporis
3412 1181 3644 1254 locique

2004 1290 2278 1348 conditio.
2312 1292 2451 1346 Cum
2475 1307 2543 1348 ex
2572 1291 2898 1347 Alexandro
2927 1290 3175 1363 Philippi
3205 1289 3325 1347 filio
3356 1305 3645 1362 quarere-

2003 1403 2122 1469 tur,
2154 1398 2255 1454 ubi
2285 1398 2591 1454 thesauros
2621 1413 2761 1454 suos
2791 1398 2937 1455 sitos
2966 1396 3226 1464 haberet,
3259 1398 3477 1454 amicos
3507 1412 3644 1453 suos

2004 1510 2206 1576 utpote
2234 1504 2464 1562 divitias
2485 1505 2909 1576 pulcherrimas
2958 1521 3026 1561 ac
3070 1505 3323 1562 maxime
3358 1504 3648 1576 parabiles

2004 1613 2382 1682 monstravit;
2438 1613 2566 1669 sine
2612 1613 2823 1685 quibus
2854 1613 2946 1669 vel
2990 1613 3254 1669 maximas
3309 1627 3448 1685 opes
3495 1610 3644 1668 nihil

2003 1725 2106 1777 aut
2135 1738 2343 1793 parum
2381 1720 2712 1792 proﬁciunt.
2767 1722 3102 1777 Secundum
3151 1719 3483 1793 Euripidem
3527 1736 3643 1777 non

2003 1844 2165 1900 opes,
2190 1844 2303 1883 non
2335 1828 2652 1885 dominatio
2683 1827 3065 1901 equipollens
3085 1831 3174 1883 est
3205 1827 3415 1897 amici;
3451 1826 3641 1884 multi.

2006 1936 2148 1991 tudo
2173 1935 2360 1991 amico
2391 1951 2669 2009 generoso
2698 1937 2871 2005 longe
2892 1935 3295 2007 postponenda
3339 1935 3492 1992 venit
3536 1935 3641 2007 qui

2009 2062 2113 2118 pro
2159 2045 2312 2101 natis
2359 2044 2506 2100 mori
2563 2060 2679 2101 non
2728 2048 2997 2114 recusat;
3047 2043 3164 2101 imo
3216 2044 3342 2101 vitea
3398 2047 3645 2102 mortem

2010 2152 2234 2225 praefert
2265 2153 2345 2209 uti
2390 2151 2732 2222 dulciorem,
2785 2153 2936 2210 sicut
2988 2151 3324 2210 adolescens
3351 2152 3423 2210 ad
3470 2169 3644 2225 quem

2007 2259 2197 2318 haece
2214 2260 2391 2317 verba
2425 2264 2703 2333 spectant.

2076 3462 2161 3517 17.
2189 3460 2301 3517 Sed
2350 3476 2483 3516 cum
2533 3459 2687 3532 apud
2719 3475 2824 3515 nos
2880 3459 2938 3514 id
2995 3462 3225 3515 constat
3272 3460 3420 3531 quod
3440 3459 3642 3517 amicis

2003 3570 2149 3627 bene
2180 3568 2512 3625 faciendum
2545 3567 2731 3639 iisque
2790 3566 3011 3623 fortiter
3058 3565 3475 3623 adhesrendum
3531 3572 3643 3635 est,

2003 3677 2062 3734 id
2094 3691 2326 3749 quoque
2353 3675 2414 3731 in
2455 3679 2646 3733 mente
2701 3673 3070 3731 condendum
3119 3674 3270 3745 quod
3324 3674 3644 3732 dummodo

2006 3782 2272 3856 generosi
2302 3782 2511 3849 simus,
2540 3779 2797 3837 inimicis
2829 3778 2976 3836 nihil
3009 3779 3146 3836 mali
3189 3779 3495 3850 faciamus,
3527 3780 3646 3837 imo

2010 3889 2071 3943 ut
2099 3885 2509 3958 ignoscamus;
2544 3880 2631 3936 sin
2663 3881 2881 3949 minus,
2914 3879 3133 3937 bellum
3163 3883 3220 3937 et
3260 3896 3487 3953 pugnas
3515 3895 3649 3937 cum

2013 3991 2213 4065 majori
2233 3995 2513 4062 apparatu
2537 3987 2605 4043 iis
2635 3986 3183 4046 inferemus.Talem
3205 3991 3258 4044 te
3279 4004 3512 4061 quoque
3524 4004 3654 4046 esse

2010 4100 2314 4175 oportebit,
2347 4098 2445 4155 ubi
2475 4096 2791 4154 vindictam
2823 4112 3057 4153 sumere
3077 4096 3150 4154 de
3178 4096 3522 4154 adversariis
3547 4113 3651 4153 vo-

2010 4210 2116 4266 les.
2149 4207 2293 4264 Nam
2326 4206 2375 4262 si
2407 4205 2676 4262 inimicos
2705 4208 2806 4260 aut
2836 4205 3053 4260 amicos
3099 4203 3297 4261 obvios
3335 4204 3540 4274 habes,
3571 4202 3651 4260 le-

2013 4316 2066 4388 gi
2098 4314 2639 4385 cbtemperandum,
2670 4317 2729 4368 et
2760 4312 2887 4368 boni
2953 4327 3020 4367 ac
3059 4310 3300 4383 justitlm
3349 4312 3497 4368 ratio
3547 4311 3655 4369 ha-

2012 4424 2202 4481 benda
2231 4430 2338 4490 est,
2371 4421 2514 4479 adeo
2546 4425 2610 4478 ut
2638 4437 2842 4477 omnes
2870 4420 3048 4476 animi
3082 4420 3344 4477 bonitate
3374 4419 3571 4476 vincas
3597 4425 3656 4477 et

2015 4540 2122 4581 nec
2168 4521 2394 4591 amicis,
2454 4522 2505 4577 si
2581 4520 2733 4578 male
2792 4528 2992 4593 agunt,
3042 4520 3342 4592 permittas
3390 4523 3456 4575 ut
3504 4518 3656 4577 male

244 4633 319 4703 ἦν
397 4631 679 4703 ἀδικῶσιν,
738 4638 1044 4709 συγχωρῶν
1125 4633 1209 4688 ἐπ’
1267 4633 1476 4695 εὐνοίας
1553 4634 1620 4687 τὰ
1683 4636 1899 4689 τοιαῦτα

2016 4632 2300 4689 factorum
2338 4631 2562 4686 fructus
2591 4632 2926 4701 reportent,
2973 4627 3172 4684 itidem
3224 4626 3493 4684 inimicos
3538 4642 3656 4683 non

244 4722 613 4797 καρποῦσθαι,
650 4725 790 4795 μήτε
842 4722 971 4784 τοὺς
1021 4721 1252 4798 ἐχθροὺς
1304 4723 1393 4778 ὑπ’
1444 4721 1738 4797 ἀπεχθείας
1793 4728 1903 4778 τῶν

247 4805 646 4877 προσηκόντων
689 4802 912 4859 δικαίων
957 4805 1270 4881 ἀποστερῶν
1298 4825 1311 4839 ·
1358 4803 1509 4860 ἀλλὰ
1554 4805 1644 4860 καὶ
1690 4805 1906 4867 τούτοις

249 4896 395 4951 κατὰ
464 4896 595 4958 τοὺς
678 4894 880 4966 νόμους
968 4895 1349 4969 συμπράττων,
1406 4893 1687 4957 κάκείνους
1774 4896 1908 4967 μετὰ

247 4986 362 5040 τῶν
411 4984 597 5058 νόμων
642 4980 879 5055 ἀνόμους
923 4981 1191 5062 ἐλέγχων,
1226 4983 1285 5039 Εἰ
1333 4984 1435 5058 γὰρ
1494 4980 1562 5051 δὴ
1619 4983 1712 5037 καὶ
1753 4982 1908 5061 φίλοι

248 5074 616 5147 τυγχάνουσιν
669 5069 842 5139 ὄντες,
890 5070 1037 5128 ἀλλὰ
1092 5072 1182 5127 καὶ
1240 5072 1446 5127 τούτων
1497 5074 1533 5141 ἡ
1592 5067 1906 5144 δικαιοσύνη

250 5162 395 5218 κατᾶ
441 5162 532 5217 τὸν
582 5161 905 5236 Νικόμαχον
964 5159 1226 5238 φιλτὲρα·
1270 5163 1359 5216 καὶ
1420 5155 1532 5234 ἅμα
1589 5159 1750 5239 φίλον
1803 5162 1908 5234 μά-

250 5252 405 5306 λιστ’
443 5250 502 5307 ἂν
549 5249 716 5328 ἔργον
766 5248 1012 5324 δράσαις,
1038 5249 1239 5327 φίλους
1288 5248 1477 5311 κακίας
1517 5248 1905 5325 ἀπηλλαχώς’

250 5342 281 5396 ’ὀ
313 5341 572 5412 πράττειν
627 5339 735 5414 ιιύχ
784 5341 894 5395 οἷοί
950 5361 1009 5396 τε
1065 5339 1215 5400 ὄντες
1282 5338 1587 5402 Νεοκλέους
1645 5345 1908 5412 Θεμιστο-

244 5430 397 5495 κλῆς
453 5430 544 5485 καὶ
600 5426 787 5485 Κλέων
844 5430 872 5483 ὁ
929 5428 1254 5485 Κλεαινέτου
1288 5427 1317 5484 ὁ
1349 5430 1429 5503 (1)
1459 5429 1554 5503 μὲν
1592 5426 1755 5497 ἡνίκα
1811 5430 1910 5483 τοῦ

2014 4738 2296 4811 impedies
2352 4736 2667 4810 quominus
2727 4734 3042 4808 privilegiis
3108 4734 3289 4806 justis
3363 4735 3653 4801 fruantur,

2016 4851 2249 4908 semper
2278 4835 2409 4892 illos
2439 4835 2760 4891 secundum
2791 4832 2947 4905 leges
2967 4832 3319 4900 secundens,
3349 4831 3457 4888 hos
3479 4836 3543 4888 ut
3561 4847 3659 4887 ex-

2016 4935 2172 5009 leges
2199 4935 2559 5006 vituperans.
2590 4933 2649 4988 Si
2678 4932 2835 4989 enim
2868 4930 3041 4989 amici
3072 4935 3232 4992 sunt.
3282 4945 3486 4987 eorum
3519 4929 3656 4999 jus-

2014 5035 2145 5089 titia
2167 5034 2337 5104 juxta
2373 5031 2789 5087 Nicomachum
2832 5031 3023 5101 potior
3075 5028 3204 5097 erit,
3251 5032 3309 5084 et
3354 5027 3657 5099 pulchrius

2018 5135 2172 5188 certe
2201 5146 2348 5203 opus
2380 5145 2493 5186 non
2524 5128 2701 5186 facies
2731 5144 2908 5201 quam
2943 5128 2993 5184 si
3036 5128 3259 5184 amicos
3299 5143 3335 5183 a
3380 5126 3662 5199 perversi-

2017 5234 2136 5287 tate
2165 5228 2393 5286 reducis
2427 5228 2620 5300 ;quod
2653 5227 3050 5284 faceredatum
3070 5241 3185 5281 non
3202 5223 3310 5281 fuit
3324 5223 3651 5281 Themisto-

2019 5329 2092 5386 cli
2120 5326 2370 5395 Necclis,
2400 5331 2457 5383 et
2493 5326 2692 5383 Cleoni
2745 5324 3015 5382 Cleaneti
3047 5324 3199 5394 filio;
3252 5339 3503 5398 quorum
3559 5323 3657 5382 hic

2018 5428 2276 5501 quidem,
2326 5443 2458 5483 cum
2535 5425 2958 5499 rempublicam
3006 5441 3309 5499 capessere
3358 5424 3653 5497 coepisset,

332 5633 418 5703 (1)
457 5630 635 5688 Deest
667 5632 722 5686 in
782 5629 978 5688 codice
1031 5629 1142 5685 hoc
1197 5587 1432 5700 nomen,
1490 5626 1691 5685 relicta
1745 5626 1974 5687 lacuna.
2034 5626 2146 5685 Sed
2193 5630 2390 5686 tamen
2426 5625 2776 5686 Cleanetum
2833 5624 3063 5686 Cleonis
3117 5634 3417 5703 parentem
3473 5627 3654 5685 fuisse

246 5705 501 5766 scimus.
