4062 6308
429 335 545 395 475

1733 339 2134 407 THEODULI
2176 346 2529 409 MONACHI

3710 344 3824 407 476

429 465 651 522 amicos
680 480 748 522 ac
780 463 1090 523 familiares
1108 464 1298 524 valere
1320 467 1520 539 jussit,
1580 484 1653 524 ne
1682 485 1783 541 per
1821 485 1921 527 eos
1976 472 2075 528 in-

2190 470 2545 551 δημαγωγεῖν
2594 476 2821 547 ἥπτετο,
2868 478 3086 551 πρῶτον
3148 473 3465 551 συναγαγὼν
3508 473 3642 537 τοὺς
3682 473 3825 530 εταί-

430 571 584 628 vitus
632 572 860 645 operari
911 577 1253 645 cogeretur;
1303 575 1748 646 Themistocles,
1797 577 1971 635 homo
2012 582 2071 638 in

430 679 635 753 primis
665 680 1012 749 industrius,
1045 682 1372 754 gubernare
1401 684 1691 741 recusavit
1720 684 1834 742 nisi
1854 702 1922 744 ea
1949 688 2073 762 lege

431 794 498 846 ut
526 789 696 845 amici
732 789 861 861 plus
909 807 1088 863 quam
1136 792 1322 847 ceteri
1380 794 1681 865 pollerent.
1714 800 1796 851 Tu
1852 802 2070 863 autem,

428 897 529 969 qui
559 900 719 952 tanto
748 897 961 969 populo
1007 898 1146 969 jura
1173 898 1395 957 'reddis
1423 900 1695 974 legesque
1743 903 1880 971 fers,
1941 920 2071 960 eam

430 1001 534 1058 tibi
566 1002 677 1073 ipsi
698 1002 882 1075 legem
909 1004 1236 1075 praescribe,
1279 1023 1405 1078 quas
1461 1007 1710 1064 nimium
1754 1011 1840 1066 tui
1886 1010 2071 1084 ipsius

429 1124 688 1165 amorem
725 1108 1004 1166 rescindit
1036 1118 1091 1166 et
1121 1111 1367 1184 impedit
1422 1115 1742 1185 quominus
1785 1117 2074 1189 cupidita-

427 1217 587 1274 tibus
617 1217 944 1288 indulgeas,
976 1219 1220 1277 consilia
1251 1220 1448 1276 minus
1479 1223 1627 1278 bona
1668 1224 1903 1280 secteris
1941 1226 2071 1281 adu-

429 1322 718 1392 latorum;
772 1325 889 1381 imo
938 1325 1241 1383 hominum
1305 1328 1529 1384 ratione
1598 1330 1952 1403 posthabita,
1999 1334 2070 1388 ad

428 1432 662 1504 vigilem
696 1434 796 1490 Dei
817 1434 1045 1492 oculum
1068 1436 1355 1507 attendas,
1380 1455 1413 1495 a
1442 1437 1594 1495 malo
1626 1455 1931 1512 nunquam
1955 1457 2070 1497 non

434 1539 690 1597 declines
732 1545 790 1598 et
844 1543 1126 1601 virtutum
1179 1544 1476 1618 exemplar
1521 1546 1746 1604 cateris
1796 1548 2070 1606 omnibus

428 1650 660 1707 evadas.

505 2052 593 2106 18.
629 2050 737 2106 Ubi
767 2051 830 2108 in
862 2050 1167 2109 hominum
1191 2053 1517 2126 frequentia
1540 2068 1839 2115 sermones
1864 2074 2070 2116 serun-

433 2162 553 2227 tur,
583 2161 646 2213 tu
679 2158 908 2215 curabis
938 2162 1003 2216 ut
1030 2159 1273 2217 istorum
1306 2178 1521 2235 magna
1560 2181 1696 2237 pars
1726 2181 1759 2221 a
1796 2169 1853 2222 te
1896 2166 2075 2237 profe-

431 2272 593 2323 ratur
637 2265 879 2340 locoque
929 2284 995 2324 ac
1066 2273 1327 2344 tempore
1384 2276 1736 2344 opportuno,
1778 2274 2075 2346 rebusque

434 2377 723 2447 adaptata,
755 2380 812 2432 et
841 2377 921 2432 ita
949 2381 1014 2433 ut
1043 2393 1157 2435 non
1189 2379 1365 2435 nimis
1404 2379 1595 2436 brevis
1651 2380 1756 2451 eis,
1808 2382 1908 2437 sed
1940 2398 2072 2439 cum

433 2481 675 2537 veritate
708 2484 1006 2552 procedas,
1037 2484 1195 2540 brevi
1227 2492 1292 2541 ut
1320 2501 1409 2542 res
1438 2502 1535 2542 ore
1574 2489 1672 2542 tuo
1727 2495 1780 2543 et
1828 2486 2073 2544 aliorum

434 2588 677 2646 auribus
719 2590 1036 2661 condignas
1092 2593 1371 2663 proferas,
1417 2593 1593 2665 idque
1650 2609 1763 2651 non
1822 2598 2072 2665 tantum,

434 2697 570 2769 quia
598 2696 801 2769 lingua
831 2696 1057 2767 primus
1090 2698 1332 2754 humani
1372 2700 1601 2771 generis
1653 2700 1980 2770 thesaurus,
2013 2703 2072 2759 in

434 2813 718 2879 quantum
766 2808 1057 2876 gratiosus
1102 2824 1169 2863 ac
1229 2825 1577 2866 numerosus
1624 2815 1733 2878 est,
1792 2814 1890 2867 sed
1939 2812 2076 2883 quia

434 2913 559 2985 ipse
590 2913 858 2984 Pericles,
889 2913 1211 2987 Xanthippi
1253 2914 1432 2986 filius,
1478 2924 1788 2989 antequam
1831 2919 1891 2974 in
1937 2935 2075 2974 con-

434 3023 599 3078 cione
626 3020 977 3092 loqueretur,
1008 3022 1066 3078 id
1097 3023 1211 3079 voti
1244 3025 1602 3096 nuncupavit
1631 3039 1702 3080 ne
1742 3026 1883 3097 quid
1919 3024 2076 3082 'citra

438 3146 546 3188 nec
576 3130 728 3187 infra
757 3147 878 3187 rem
910 3130 1147 3188 diceret.
1180 3130 1344 3187 Certo
1394 3132 1566 3188 verba
1609 3137 1713 3189 tua
1761 3134 1891 3204 plus
1942 3133 2075 3190 fidei

439 3237 740 3295 habebunt
779 3253 951 3310 quam
991 3242 1329 3294 ceterorum
1370 3240 1711 3311 juramenta
1755 3247 1928 3312 atque
1975 3257 2079 3313 pro

444 3344 699 3401 oraculis
730 3344 1104 3402 habebuntur
1135 3362 1311 3417 penes
1336 3362 1540 3403 omnes
1562 3348 1793 3419 quando
1806 3349 2086 3404 videbunt

443 3457 499 3510 te
529 3452 678 3509 circa
708 3454 904 3510 omnia
933 3454 1154 3512 veritati
1183 3456 1602 3528 obtemperare,
1644 3458 1879 3527 quando
1923 3457 2081 3513 vide-

440 3562 589 3618 bunt
619 3566 674 3618 te
704 3562 1003 3634 promissis
1033 3564 1256 3634 majora
1286 3568 1579 3634 praestare,
1621 3565 1755 3637 plus
1785 3582 1962 3638 quam
1981 3568 2081 3622 de-

439 3669 552 3734 bet,
587 3669 843 3726 reddere.
870 3670 930 3726 Id
964 3669 1112 3726 enim
1143 3675 1455 3734 memento,
1507 3671 1651 3727 nihil
1701 3672 1760 3727 in
1803 3689 1933 3746 rege
1984 3673 2082 3729 in-

439 3773 669 3846 stabile,
718 3779 818 3833 aut
874 3776 1136 3834 dolosum
1188 3779 1668 3850 imperfectumve
1716 3796 1840 3836 esse
1882 3779 2078 3850 licere,

440 3882 541 3939 ubi
561 3883 914 3941 voluntatem
948 3884 1352 3956 manifestavit,
1385 3886 1484 3943 sed
1506 3887 1658 3959 quod
1683 3903 1798 3945 non
1831 3904 2076 3962 magna-

439 3991 638 4048 nimus
669 4008 796 4049 esse
826 3992 1048 4067 nequit.

514 4235 599 4292 19.
632 4237 934 4301 Prmterea,
964 4234 1119 4292 sicut
1146 4234 1285 4291 boni
1315 4235 1526 4293 medici
1556 4251 1671 4293 non
1703 4236 1895 4293 solum
1927 4196 2078 4308 pras-

440 4345 636 4400 sentes
668 4344 902 4399 morbos
933 4347 1166 4412 sanant,
1217 4345 1315 4400 sed
1365 4352 1418 4399 et
1468 4344 1725 4416 liquores
1775 4348 2078 4415 corruptos

441 4452 540 4524 qui
572 4452 632 4508 in
664 4468 876 4525 corpus
907 4452 1099 4524 illapsi
1129 4458 1287 4522 sunt,
1332 4469 1598 4510 amovere
1647 4454 1933 4519 nituntur,
1982 4470 2078 4509 ar-

2182 582 2330 637 ρους,
2386 564 2449 618 τὸ
2505 564 2641 638 πρὸς
2726 564 2919 625 αὑτοὺς
2990 561 3066 619 ἔτ’
3131 562 3280 638 ἔχειν
3335 564 3570 625 οἰκείους
3631 564 3823 619 ἀπεῖπε

2180 653 2440 726 καθάπαξ,
2475 651 2582 708 δέει
2652 657 2750 708 τοῦ
2820 651 2986 727 μηδὲν
3049 654 3123 708 ὢν
3181 653 3280 708 ούκ
3335 650 3441 708 ἔδει
3501 650 3573 708 δι’
3629 652 3825 716 αὐτοὺς

2182 737 2371 815 δρᾶσαι
2451 743 2769 817 προῆχθαι·
2831 740 3210 813 Θεμιστοκλῆς
3266 739 3321 797 δὲ
3373 743 3547 797 καίτοι
3634 742 3826 819 διαφε-

2183 832 2385 905 ρόντως
2435 828 2510 886 ὢν
2568 829 3003 907 σπουδαρχίδης,
3053 830 3335 907 ἂπηύχετο
3402 837 3574 887 πᾶσαν
3623 832 3821 906 ἀρχὴν,

2180 919 2231 975 ἐν
2332 919 2498 995 μηδὲν
2526 920 2694 977 πλέον
2728 919 2961 995 ἔμελλον
2990 917 3135 997 ἔχειν
3165 926 3272 977 τῶν
3307 920 3491 977 ἄλλων
3536 922 3585 976 o't
3624 920 3779 1000 φίλοι
3805 938 3820 953 ·

2180 1011 2208 1066 ὁ
2259 1008 2314 1065 δὲ
2355 1016 2472 1072 τοῖς
2523 1010 2718 1073 ἄλλοις
2777 1010 2919 1066 οὕτω
2978 1008 3211 1080 δικάζειν
3246 1006 3415 1086 ἔχων,
3450 1016 3628 1082 σαυνῷ
3675 1010 3821 1066 πολὺ

2178 1100 2443 1174 πρότερον
2501 1098 2744 1173 ὀφείλεις
2800 1099 2868 1154 τά
2912 1103 3138 1155 τοιαῦτα
3180 1096 3412 1170 δικάζειν
3444 1120 3503 1155 τε
3529 1099 3619 1155 καὶ
3651 1121 3825 1173 νομο-

2181 1190 2375 1257 θετεῖν,
2407 1188 2497 1243 καὶ
2546 1190 2621 1260 μή
2674 1193 2754 1260 τῷ
2800 1186 3008 1265 σφόδρα
3056 1189 3251 1243 σαυτὸν
3300 1187 3481 1262 φιλεῖν
3512 1208 3828 1263 κατακεχα-

2181 1277 2355 1351 ρίσθαι
2402 1282 2628 1350 σεαυτῷ.
2679 1278 2770 1333 καὶ
2816 1277 2913 1340 τὰς
2960 1276 3253 1351 ἐπιθυμίας
3300 1275 3672 1351 ἐκπιμπλάναι
3727 1278 3826 1341 τὰς

2181 1366 2343 1429 αὐτὸς
2392 1368 2626 1422 σάυτοῦ·
2682 1364 2813 1440 μηδ’
2871 1366 2953 1422 ὅτι
2997 1367 3087 1422 τὸν
3148 1366 3465 1422 εύθυνοῦντα
3520 1365 3663 1430 ὅλως
3725 1367 3829 1423 οὐκ

2181 1455 2378 1530 ἴσχεις,
2438 1452 2552 1511 οὐδ’
2613 1454 2893 1511 ὑπόκεισαι
2950 1457 3176 1535 ψήφοις,
3224 1452 3395 1518 ἀδεῶς
3470 1456 3562 1511 καὶ
3643 1453 3828 1525 ἡδέως

2180 1545 2266 1605 οἷς
2323 1542 2424 1599 οὐκ
2469 1542 2641 1618 ἐχρῆν
2690 1540 2991 1599 ἐνδιδόναι·
3044 1542 3171 1599 ἀλλ’
3202 1543 3383 1618 ὥσπερ
3430 1540 3489 1599 ἃν
3519 1544 3566 1598 εἶ
3596 1542 3829 1600 πολλῶν

2176 1652 2340 1687 τινων
2396 1633 2488 1687 καὶ
2549 1630 2736 1687 δεινῶν
2794 1633 2999 1688 τούτων
3041 1630 3322 1708 ηὒπόρεις,
3357 1624 3573 1707 μᾶλλον
3604 1630 3651 1687 δ’
3680 1631 3829 1688 ἐπεί-

2176 1741 2279 1797 περ
2333 1722 2631 1797 ἀνθρώπων
2690 1720 2841 1778 οὐδὲν
2891 1721 3167 1793 κέκτησαι,
3213 1722 3377 1796 μόνον
3433 1722 3490 1778 δὲ
3543 1723 3607 1779 τὸ
3663 1722 3830 1779 πάντ’

2100 1836 2150 1902 Β
2181 1811 2388 1888 ἐφορῶν
2431 1811 2732 1885 ἀκοίμητον
2808 1810 2963 1886 ὄμμα
3020 1816 3174 1884 Θεοῦ,
3234 1813 3527 1888 ἀπέχεσθαι
3589 1812 3683 1885 μὶν
3730 1833 3830 1867 κα-

2182 1901 2353 1972 θάπαξ
2410 1901 2622 1972 κακίας,
2676 1900 2893 1978 ἔχεσθαι
2951 1900 3007 1958 δὲ
3060 1902 3256 1977 ἀρετῆς
3329 1902 3418 1957 καὶ
3482 1901 3687 1964 πάντας
3747 1902 3831 1964 εἰς

2179 1994 2341 2047 τοῦτο
2374 1989 2462 2047 διὰ
2491 1996 2691 2048 σαυτοῦ
2721 1992 3132 2066 προκαλεῖσθαι.

2258 2084 2351 2151 ιη’,
2385 2080 2457 2137 Ού
2509 2083 2617 2157 μὴν
2665 2081 2811 2137 ἀλλά
2855 2083 2944 2137 καὶ
2989 2086 3096 2137 τῶν
3149 2079 3202 2138 ἕν
3248 2085 3368 2145 ταῖς
3415 2081 3661 2156 ὁμιλίαις
3700 2081 3831 2138 ἑκά-

2182 2191 2340 2226 στοτε
2382 2171 2563 2247 λόγων
2608 2172 2693 2227 ὅτι
2742 2170 3001 2235 πλεῖστος
3049 2166 3187 2227 ἔστω
3236 2192 3321 2227 σοι
3371 2170 3560 2247 λόγος,
3598 2171 3691 2227 καὶ
3735 2191 3836 2225 το-

2182 2264 2373 2324 σοῦτος
2415 2261 2490 2322 ὡς
2533 2262 2611 2333 μή
2665 2262 2835 2334 μόνον
2889 2262 2983 2323 οὓς
3014 2259 3116 2332 δεῖ,
3143 2258 3291 2317 ἀλλὰ
3319 2276 3406 2317 και
3436 2261 3523 2317 ὅτε
3552 2260 3642 2316 καὶ
3674 2261 3834 2323 ὅπως

2182 2351 2452 2405 ποιεῖσθαι
2502 2351 2721 2406 τουτοσί
2777 2349 2897 2405 δεῖ·
2950 2353 3087 2425 μήτε
3134 2350 3427 2425 παριόντας
3485 2350 3547 2406 τὸ
3608 2349 3833 2424 μὲτρὸν,

2188 2441 2318 2513 μήτ’
2346 2438 2413 2494 αὖ
2466 2442 2717 2517 μετρίους
2767 2438 2895 2517 ἄγαν
2944 2440 3033 2495 καὶ
3081 2439 3541 2515 συνεσταλμένους
3587 2440 3679 2494 καὶ
3716 2444 3833 2495 τῶν

2181 2528 2515 2605 πραγμάτων
2591 2527 2872 2598 ἐλάττους,
2929 2531 2965 2600 ἢ
3041 2530 3127 2585 καὶ
3214 2529 3403 2591 ἄλλως
3480 2528 3833 2596 ἆπεοικότας,

2182 2616 2311 2674 ἀλλ’
2351 2620 2425 2681 ὡς
2494 2619 2715 2689 ἀληθῶς
2793 2618 3175 2698 ἀποχρῶντας,
3233 2619 3325 2674 καὶ
3387 2618 3452 2674 τὸ
3501 2618 3832 2695 γιγνόμενον

2185 2708 2475 2779 σώζοντας,
2506 2707 2597 2761 καὶ
2623 2708 2686 2762 τὸ
2719 2706 2933 2780 σύμπαν
2985 2708 3286 2782 ἀξιόχρεως
3324 2708 3411 2763 σοί
3465 2727 3524 2763 τε
3579 2707 3830 2781 εἰρῆσθαι

2182 2802 2304 2860 τοῖς
2338 2818 2395 2851 τε
2426 2796 2621 2858 ἄλλοις
2669 2796 2892 2852 ἀκοῦσαι
2919 2815 2934 2829 ·
2968 2798 3033 2851 οὐ
3082 2796 3245 2870 μόνον
3280 2798 3366 2851 ὅτι
3412 2796 3549 2851 κατὰ
3595 2796 3659 2851 τὸ
3699 2792 3833 2859 ἔπος

2184 2886 2442 2961 γλώσσης
2488 2887 2759 2960 θησαυρὸς
2807 2884 2858 2940 ἐν
2903 2885 3212 2960 ἀνθρώποις
3268 2883 3505 2959 ἄριστος,
3549 2882 3833 2962 φειδωλῆς

2184 2975 2414 3046 πλείστη
2450 2973 2507 3030 δὲ
2561 2977 2726 3051 χάρις
2770 2976 2907 3030 κατὰ
2959 2973 3153 3051 μὲτρον
3203 2972 3569 3045 ἰούσης,ἇιλλ’
3613 2975 3696 3030 ὅτι
3737 2981 3825 3032 καὶ

2186 3065 2461 3139 Περικλῆς
2523 3066 2551 3120 ὁ
2608 3064 2928 3120 Ξανθίππου
2982 3062 3202 3138 μέλλων
3263 3061 3627 3138 δημηγορεῖν;
3687 3064 3822 3137 εὐχῇ

2189 3154 2417 3229 πρόσθεν
2462 3154 2689 3230 ἐχρῆτο,
2726 3152 2895 3226 μηδὲν
2944 3154 3193 3228 περιττὸν
3246 3149 3377 3226 μηδ’
3414 3151 3515 3223 ἔξω
3562 3160 3660 3223 τῆς
3702 3153 3829 3208 ὓπο-

2193 3245 2389 3309 θὲσεως
2435 3244 2634 3320 φάναι·
2686 3243 2778 3306 οὕς
2826 3264 2885 3321 γε
2933 3244 3024 3298 καί
3064 3244 3417 3318 πιστοτέρους
3456 3242 3514 3298 εὖ
3556 3241 3675 3297 ’ίσθι
3722 3248 3830 3298 τῶν

2192 3341 2309 3397 τοῖς
2367 3334 2565 3397 ἄλλοις
2636 3333 3056 3408 ὀμωμοσμένων
3130 3332 3376 3408 ἐργάσῃ·
3433 3334 3525 3388 καὶ
3579 3337 3832 3406 νομιοῦσι

2191 3426 2386 3485 πάντες
2440 3421 2621 3499 ὥσπερ
2673 3420 2986 3501 χρησμοὺς,
3034 3419 3123 3476 ἐάν
3193 3423 3268 3494 μὴ
3332 3421 3495 3494 μόνον
3555 3419 3833 3492 τάληθοῦς

2190 3512 2279 3568 καὶ
2330 3515 2414 3575 οἷς
2454 3511 2706 3588 πράττεις
2752 3510 2875 3585 περὶ
2922 3509 3175 3573 πλείὸνος
3214 3512 3459 3566 ἁπάντων
3492 3510 3792 3585 φροντίζῃς
3816 3529 3833 3544 ·

2190 3600 2336 3659 ἀλλά
2389 3600 2479 3657 καὶ
2535 3601 2630 3663 τάς
2684 3599 3015 3676 ἐπαγγελίας
3068 3599 3128 3663 ἃς
3187 3600 3290 3655 οὐκ
3344 3599 3595 3675 ὀλιγάκις
3653 3597 3835 3676 ἐπαγ-

2185 3690 2359 3767 γέλλῃ
2413 3695 2529 3753 τοῖς
2606 3687 2890 3763 δεομένοις
2959 3688 3092 3763 μετὰ
3156 3686 3415 3763 λαμπρᾶς
3469 3708 3616 3751 τινος
3672 3689 3834 3765 φαίνῃ

2184 3780 2358 3836 τελῶν
2397 3785 2498 3849 τῆς
2543 3780 2883 3853 προσθήκης,
2914 3778 3004 3833 καὶ
3049 3781 3155 3832 τῶν
3202 3778 3593 3853 ὑπεσχημένων
3647 3775 3831 3833 πλείω

2189 3868 2376 3933 διδούς
2401 3890 2416 3904 ·
2450 3867 2742 3943 ἐπειδήπερ
2783 3869 2988 3945 ἀγαθοῦ
3044 3865 3310 3943 βασιλέως
3359 3868 3423 3923 οὐ
3467 3867 3633 3940 μόνον
3665 3865 3829 3922 οὐδὲν

2188 3958 2577 4034 παλινάγρετον
2626 3955 2740 4013 οὐδ’
2787 3955 3071 4028 ἀπατηλὸν
3119 3954 3237 4011 οὐδ’
3281 3955 3641 4026 ἀτελεύτητον
3689 3957 3833 4012 εἶναι

2188 4046 2288 4119 δεῖ,
2321 4048 2351 4103 ὅ
2396 4067 2449 4102 τι
2504 4068 2595 4102 κεν
2642 4045 2854 4126 κεφαλῇ
2884 4046 3199 4120 κατανεύσῃ,
3235 4044 3379 4101 ἀλλὰ
3425 4045 3516 4100 καὶ
3564 4047 3627 4101 τὸ
3662 4066 3839 4119 μεγα-

2187 4137 2436 4214 λοψυχίᾳ
2464 4138 2602 4212 πρὸς
2629 4137 2799 4192 πάντα
2828 4137 3151 4211 κεχρῆσθαι.

2263 4230 2346 4287 ιθ’.
2377 4230 2499 4283 Ἔτι
2539 4226 2715 4282 τοίνυν
2776 4224 2957 4298 ὥσπερ
3007 4226 3059 4280 o't
3117 4229 3224 4279 τῶν
3269 4224 3465 4298 ἰατρῶν
3514 4224 3710 4300 ἀγαθοὶ
3766 4226 3838 4281 ού

2185 4319 2253 4375 τὰ
2299 4318 2539 4391 παρόντα
2606 4316 2767 4389 μόνον
2812 4317 3062 4369 ἀκοῦνται
3119 4317 3227 4368 τῶν
3282 4313 3637 4387 νοσημάτων,
3688 4313 3841 4369 ἀλλά

2188 4409 2277 4463 καὶ
2324 4408 2451 4472 τοὺς
2502 4405 2868 4481 ἐνσκήψαντας
2914 4408 2994 4475 τῷ
3034 4404 3247 4476 σώματι
3277 4402 3445 4459 πάλαι
3478 4400 3841 4477 διεφθορότας

2190 4497 2407 4574 χυμοὺς
2494 4501 2628 4569 μετά
2692 4493 2910 4550 πολλοῦ
2990 4496 3084 4548 τοῦ
3178 4494 3460 4566 περιόντος
3541 4491 3842 4563 ἐξελαύνειν

442 4563 561 4617 tem
583 4576 753 4618 suam
783 4561 844 4617 id
874 4560 1136 4618 faciendo
1179 4566 1532 4630 attestantes,
1583 4562 1662 4618 ita
1708 4566 1772 4618 tu
1824 4579 2077 4634 quoque,

2190 4560 2388 4643 οἴονται
2441 4583 2568 4657 δεῖν,
2601 4582 2691 4639 καὶ
2732 4580 2820 4638 διὰ
2862 4581 3079 4637 πάντων
3119 4581 3326 4637 τούτων
3374 4581 3473 4650 τὴν
3529 4584 3676 4660 σφῶν
3715 4578 3842 4636 ἐπι-

445 4692 563 4747 rex,
597 4676 699 4732 ubi
730 4677 801 4733 de
829 4692 1021 4734 rerum
1048 4693 1277 4734 summa
1297 4677 1504 4750 agitur,
1530 4678 1587 4734 id
1609 4692 1714 4750 age
1746 4680 1809 4733 ut
1838 4693 2083 4750 regnum

446 4784 661 4857 quibus
688 4784 901 4858 poteris
929 4784 1250 4842 "rationibus
1279 4784 1605 4842 consolides
1640 4801 1705 4841 ac
1755 4798 1991 4858 augeas,
2014 4802 2083 4841 ea

447 4908 575 4965 quas
606 4892 803 4964 perﬁci
835 4897 1101 4965 possunt,
1135 4891 1502 4949 emendando
1534 4900 1586 4949 et
1617 4893 1849 4965 ingenio
1890 4897 1991 4948 tuo
2022 4893 2083 4949 in

448 5008 658 5067 melius
687 5009 1006 5080 evehendo,
1039 5010 1272 5081 publico
1319 5026 1551 5083 semper
1606 5009 1912 5066 commodo
1954 5008 2083 5065 uni-

451 5130 516 5172 ce
569 5116 853 5173 intentus.
940 5116 1009 5172 Et
1083 5133 1217 5173 cum
1286 5132 1439 5173 nunc
1505 5115 1756 5174 maxime
1828 5115 2089 5190 pecunias

454 5222 700 5297 publicae
740 5225 800 5281 in
857 5230 978 5283 tam
1046 5227 1199 5284 malo
1255 5231 1409 5285 statu
1457 5226 1595 5297 sint,
1643 5230 1706 5282 ut
1750 5242 1847 5283 eas
1900 5224 2090 5283 admi-

449 5342 740 5400 nistrandi
788 5358 1005 5400 munus
1059 5343 1396 5401 licitationis
1442 5342 1535 5399 via
1611 5342 1751 5399 viris
1800 5340 2089 5414 corruptis

452 5452 711 5520 cedatur,
732 5454 884 5524 quod
900 5454 1132 5526 quidem
1147 5470 1239 5511 res
1254 5455 1620 5512 Romaaorum
1644 5456 1902 5511 immane
1914 5469 2089 5526 quan-

450 5561 577 5616 tum
606 5557 997 5627 conturbavit,
1019 5562 1083 5617 tu
1116 5576 1244 5618 eam
1297 5577 1419 5618 rem
1467 5561 1625 5618 haud
1680 5559 1867 5617 levem
1897 5562 2088 5631 putes,

454 5668 559 5728 sed
590 5666 750 5725 omni
774 5665 1125 5740 legislatoris
1149 5668 1341 5729 studio
1364 5670 1603 5744 dignam
1617 5683 1871 5729 censeas.
1903 5669 2093 5738 Quare

2193 4674 2489 4732 δείκνυνται
2536 4674 2757 4753 τέχνην,
2792 4671 2866 4734 ὣς
2917 4669 2974 4727 δὲ
3017 4672 3108 4727 καὶ
3160 4670 3343 4741 αὐτὸς,
3391 4668 3436 4725 ὦ
3489 4667 3736 4746 βασῖλεῦ,
3790 4667 3845 4724 εἴ

2194 4771 2291 4822 τοῦ
2349 4763 2439 4820 διὰ
2492 4762 2701 4819 πάντων
2763 4762 3047 4836 βελτίστου
3100 4759 3267 4837 λόγον
3333 4762 3491 4833 ποιῇ,
3546 4760 3840 4833 προθυμοῦ

2193 4862 2353 4911 πᾶσιν
2428 4854 2508 4915 οἷς
2581 4850 2747 4923 ἔξεστι
2832 4851 2931 4919 τὴν
2998 4849 3177 4925 ἀρχὴν
3249 4848 3552 4904 συνιστάναι
3620 4867 3680 4902 τε
3742 4848 3839 4903 καὶ

2197 4943 2494 5015 συναύξειν,
2540 4942 2607 4996 τὰ
2676 4941 2772 5013 μὶν
2820 4937 3004 5001 καλῶς
3080 4936 3285 5014 ἔχοντα
3361 4936 3564 5013 βελτίω
3634 4940 3845 5007 ποιῶν,

2197 5035 2265 5089 τὰ
2313 5032 2359 5088 δ’
2415 5030 2480 5087 αὖ
2546 5031 2620 5093 ὡς
2685 5028 2881 5103 ἑτέρως
2965 5026 3432 5103 ἐπανορθούμενος
3495 5029 3611 5088 τοῖς
3689 5026 3842 5099 παρά

2202 5125 2434 5178 σαυτοῦ·
2476 5119 2565 5175 καὶ
2605 5117 2752 5181 ὅλως
2800 5118 3139 5192 πανταχόθεν
3183 5113 3247 5171 τὰ
3303 5118 3462 5189 κοινῇ
3510 5112 3844 5188 παρασκευάο

2203 5204 2310 5282 ζων
2363 5212 2645 5281 ξυνοῖσον·
2701 5207 2790 5262 καὶ
2855 5204 2946 5262 νῦν
3003 5203 3179 5261 τοίνυν
3232 5204 3329 5267 τὰς
3383 5206 3493 5259 τῶν
3555 5200 3841 5277 δημοσίων

2205 5299 2561 5376 διαχειρίσεις
2619 5296 2793 5360 οὕτως
2844 5292 3052 5356 ἀθλίως
3109 5292 3360 5369 ἐχούσας,
3401 5293 3477 5357 ὡς
3532 5291 3844 5367 χρημάτων

2206 5391 2399 5451 ὠνίους
2445 5393 2563 5450 τοῖς
2629 5385 2989 5463 βουλομένοις
3038 5383 3373 5458 προκεῖσθαι,
3421 5383 3450 5437 ’ὀ
3505 5380 3678 5437 πολύν
3726 5401 3848 5437 τινα

2205 5480 2407 5557 χρόνον
2456 5476 2795 5551 εἷσκωμάζον
2849 5473 3165 5548 Ῥωμαίοις,
3197 5472 3350 5529 πάντ’
3382 5469 3493 5528 ἅνω
3548 5471 3638 5526 καὶ
3693 5470 3845 5526 κάτω

2154 5604 2161 5609 -
2206 5574 2373 5639 ποιεῖ,
2411 5569 2487 5643 μὴ
2537 5563 2790 5641 περιίδῃς
2837 5564 2996 5626 αὐτὸς
3049 5560 3468 5637 μηδοπωστιοῦν
3517 5557 3647 5635 μηδ’
3682 5559 3846 5616 ἐλάτ-

2204 5679 2358 5723 τονος
2412 5655 2603 5735 ,λόγου
2669 5659 2830 5712 τοῦτο
2901 5654 3174 5730 νομίσῃς·
3234 5648 3380 5708 ἀλλὰ
3431 5648 3698 5707 τὸσούτου
3752 5650 3845 5705 καὶ
