4062 6308
251 437 367 496 471

1407 438 1701 503 ORATIO
1744 438 1846 501 DE
1892 439 2122 503 REGIS
2166 435 2519 502 OFFICIIS.

3541 431 3663 494 478

248 565 395 620 οὕτω
444 564 695 637 σπουδῆς
741 569 1030 645 ἀξιόχρεω,
1069 569 1147 632 ὡς
1194 570 1269 643 μὴ
1323 567 1489 642 μόνον
1540 570 1639 638 τήν
1696 567 1894 625 ἄτοπον

2013 588 2127 629 non
2159 572 2388 628 tantum
2417 567 2595 624 istam
2627 565 2995 624 venalitatem
3027 568 3092 622 ut
3134 564 3369 638 pessimi
3405 563 3662 637 exempli

245 655 479 726 ταυτηνὶ
529 657 835 728 καπηλείαν
878 657 1056 730 ὥσπερ
1106 657 1237 733 ἄγος
1295 665 1396 728 τῆς
1450 656 1736 721 πολιτείας
1791 657 1905 729 ἐξε-

250 743 417 799 λάσαι
465 746 733 815 καθάπαξ,
778 745 924 802 ἀλλὰ
978 746 1067 802 καὶ
1113 748 1279 822 νόμον
1331 749 1499 802 θεῖναι
1559 744 1752 820 μηδενὶ
1807 751 1904 803 τοῦ

246 833 456 917 λοιποῦ
486 840 643 891 ταῦτ’
690 837 882 908 ἐξεῖναι
931 838 1183 915 παράγειν
1217 838 1272 902 ἐς
1324 838 1504 911 μέσον,
1548 839 1583 910 ἢ
1630 838 1901 894 πλείστων

250 924 593 999 χρημάτων,
640 926 729 980 ἐὰν
783 928 876 999 μὲν
913 925 1135 997 ἰδίωτης
1174 927 1229 1003 ᾖ,
1274 928 1452 1001 τούτῳ
1498 930 1759 1000 τιμᾶσθαι
1792 944 1805 957 ⁸
1856 927 1903 982 εἰ

248 1011 300 1068 δ’
331 1013 522 1076 ἄλλως
572 1012 720 1093 ἒχων
750 1019 837 1071 καί
890 1020 1151 1091 κρείττων
1184 1017 1219 1087 ἢ
1250 1020 1418 1072 ταῦτα
1464 1019 1674 1086 παθεῖν,
1708 1015 1902 1078 πάσαις

247 1104 408 1177 ἀραῖς
457 1104 800 1162 ὑποκεῖσθαι.
833 1107 937 1162 Δύο
983 1107 1084 1181 γὰρ
1137 1107 1204 1161 τὰ
1246 1107 1421 1162 πάντα
1471 1106 1679 1162 κάκιστ’
1725 1104 1902 1162 ἐντεῦ-

246 1194 336 1248 θεν
411 1189 725 1269 συμϐαίνει,
782 1195 844 1250 τό
922 1217 981 1252 τε
1044 1196 1234 1260 πόλεις
1295 1195 1500 1258 ἁπάσας
1566 1198 1653 1251 καὶ
1713 1199 1901 1272 χώρας

247 1276 627 1357 ἱπιτρίϐεσθαι
674 1285 764 1338 καὶ
819 1284 1051 1359 πάσχειν
1106 1288 1288 1349 κακῶς
1341 1286 1447 1341 ὑπὸ
1502 1286 1739 1341 τουτωνὶ
1796 1291 1905 1341 τῶν

249 1372 582 1440 θαυμαστῶν
635 1372 929 1448 ὠνητόρων
1002 1372 1193 1452 σφόδρ’
1261 1375 1617 1449 ἐπικειμένων
1676 1396 1736 1431 τε
1809 1376 1903 1432 καὶ

245 1464 720 1536 παρανομούντων
750 1483 764 1496 ⁸
814 1466 904 1520 καὶ
950 1464 1001 1521 τί
1047 1467 1152 1544 γὰρ
1198 1467 1262 1521 οὐ
1309 1466 1636 1536 ποιούντων,
1686 1464 1903 1541 μᾶλλον

247 1551 312 1606 δὲ
357 1551 578 1607 πάντων
634 1554 726 1609 καὶ
779 1559 955 1610 ποιεῖν
1010 1555 1099 1611 καὶ
1161 1554 1333 1630 λέγειν
1387 1556 1521 1631 ὑπὲρ
1572 1559 1671 1612 τοῦ
1726 1555 1905 1614 πλείω

246 1637 441 1696 λαϐεῖν
498 1642 572 1696 ὧν
634 1636 824 1697 ἔδοσαν
878 1642 1187 1714 ἐξιούντων,
1230 1644 1292 1700 τό
1349 1664 1408 1700 τε
1462 1646 1553 1701 τὸν
1605 1649 1906 1719 κρατοῦντα

242 1731 471 1786 πάντων
533 1733 743 1786 τούτων
807 1733 1097 1788 ὑπεύθυνον
1158 1734 1318 1802 εἶναι,
1385 1738 1466 1807 τῷ
1534 1735 1903 1809 πεπρακέναις

246 1818 314 1874 Εἰ
372 1820 481 1894 γὰρ
535 1822 707 1874 ταῦτα
789 1821 883 1893 μὲν
952 1822 1051 1876 οὐκ
1124 1820 1183 1877 ἃν
1252 1820 1491 1897 ἐγεγόνει
1550 1823 1628 1896 μὴ
1695 1824 1903 1879 τούτων

245 1906 608 1982 ἐωνημένων,
659 1908 926 1980 ἐώνηνται
971 1908 1028 1965 δὲ
1075 1912 1297 1967 τουτουῒ
1344 1912 1724 1986 βουλομένου,
1771 1914 1800 1968 6
1842 1913 1905 1969 16

246 1999 478 2072 σπέρμα
552 2000 880 2073 παρασχὼν,
935 1999 1070 2079 φησί
1144 2002 1525 2074 Δημοσθένης,
1583 2002 1740 2064 οὗτος
1813 2004 1903 2058 καὶ

241 2090 356 2141 τῶν
390 2086 612 2166 φύντων
656 2085 847 2149 α’ίτιος.
902 2091 1181 2161 Βοήθησον
1229 2092 1411 2146 τοίνυν
1452 2093 1543 2146 καὶ
1587 2097 1767 2163 σαυτῷ
1812 2091 1902 2146 καὶ

241 2177 413 2248 ἡμῖν,
486 2178 636 2247 ἡμᾶς
700 2177 795 2249 μὶν
867 2199 1134 2248 τοσαυτης
1201 2179 1585 2254 ἐξαιρούμενος
1666 2176 1900 2255 βλάϐης,

241 2265 442 2318 σαυτὸν
480 2261 541 2319 δὲ
568 2269 667 2320 τοῦ
712 2286 770 2321 τε
794 2272 977 2331 κακῶς
1026 2268 1264 2337 ἀκούειν,
1294 2275 1392 2325 τοῦ
1421 2290 1479 2325 τε
1522 2274 1630 2325 τῶν
1683 2270 1899 2326 οἰκείων

243 2348 430 2406 δοκεῖν
465 2351 599 2406 εἶναι
630 2351 926 2428 προδότην,

316 2445 393 2499 κ’.
428 2442 507 2495 Σὺ
541 2439 600 2495 66
642 2443 925 2498 καὶτοῦτο
955 2445 1155 2509 παντὸς
1208 2445 1421 2519 μᾶλλον
1469 2446 1697 2523 φύλαξαι
1743 2448 1901 2522 βασι-

242 2526 365 2598 λεῦ,
400 2530 493 2583 καί
541 2530 620 2600 μή
669 2535 785 2592 τοῖς
835 2533 942 2607 πρὸ
986 2537 1081 2588 σοῦ
1131 2534 1413 2606 βασιλεῦσι
1462 2536 1643 2610 πάθῃς
1682 2536 1899 2606 ταυτὸν,

250 2614 398 2689 μηδέ
471 2622 585 2673 τῶν
658 2616 980 2690 ὁπηδῆποτε
1039 2629 1142 2697 γῆς
1220 2625 1506 2696 θησαυρῶν
1583 2623 1898 2699 εὑρημένων

250 2706 494 2783 ἀξιώσῃς
539 2706 705 2771 αὐτὸς
756 2708 872 2764 ἀντί
904 2716 1013 2765 τῶε
1063 2712 1329 2787 εὑρόντων
1371 2713 1558 2789 κύριος
1611 2714 1748 2768 εἶναι
1783 2732 1797 2746 ⁸
1839 2715 1897 2768 ὅν

248 2819 315 2872 γε
341 2800 433 2851 καὶ
480 2801 758 2874 θησαυρὸν
806 2805 925 2863 τοῖς
960 2801 1062 2856 ὑπὸ
1111 2801 1273 2876 χεῖρα
1307 2802 1520 2875 μᾶλλον
1553 2810 1698 2878 χρῆν
1735 2804 1901 2872 εἶναι,

253 2887 319 2941 τό
368 2908 425 2941 τε
464 2885 742 2952 πλείστοις
792 2890 939 2952 ὅσοις
989 2893 1239 2965 χρήμασι
1287 2892 1681 2968 περιρρεῖσθαι,
1723 2898 1803 2966 τῷ
1850 2894 1898 2947 θ’

257 2975 486 3039 ἅπαντας
545 2977 604 3032 εὖ
664 2984 839 3033 ποιεῖν
898 2980 989 3035 τὸν
1050 2981 1258 3036 ἅπαντα
1316 2981 1518 3059 χρόνον
1586 2982 1731 3058 παρὰ
1796 2985 1897 3047 τῆς

251 3066 431 3141 ἀρχῆς
488 3069 834 3124 ἀπαιτεῖσθαι
869 3088 883 3103 ⁸
940 3069 1209 3141 τοσαύτης
1266 3071 1368 3147 γάρ
1428 3071 1568 3127 εστιν
1645 3071 1894 3143 ἀτοπίας,

242 3156 316 3217 ὡς
379 3156 547 3228 μόνον
597 3162 759 3213 τοῦτο
816 3164 924 3214 τῶν
982 3161 1200 3216 πάντων
1270 3158 1637 3233 μηδηντινοῦν
1696 3162 1896 3237 παραί-

233 3266 399 3317 τησιν
426 3245 635 3323 ῗσχειν,
682 3246 814 3303 ἀλλ’
863 3250 997 3304 εἶναι
1045 3251 1288 3323 καθάπαξ
1338 3252 1609 3324 θεομισὲς,
1638 3253 1730 3307 καὶ
1775 3259 1894 3318 τοῖς

237 3335 437 3408 ἆκείνῳ
489 3335 709 3392 δοκοῦσι
763 3338 1100 3413 μαχόμενον.
1139 3340 1197 3396 Εἰ
1244 3341 1345 3416 γὰρ
1375 3340 1483 3416 οὐχ
1527 3342 1645 3396 οἷόν
1689 3363 1745 3398 τε
1789 3345 1894 3413 θη-

236 3426 442 3498 σαυρὸν
536 3427 598 3481 τὸ
677 3428 929 3500 παράπαν
1011 3428 1257 3503 εὑρέσθαι
1357 3432 1432 3504 μὴ
1517 3436 1891 3507 χορηγοῦντος

238 3523 409 3587 Θεοῦ,
444 3515 638 3572 δίδωσι
689 3515 746 3574 δὲ
775 3519 835 3574 ὃν
865 3519 928 3584 ἂν
975 3521 1139 3582 αὐτὸς
1191 3517 1490 3595 δοκιμάσῃ,
1532 3522 1686 3595 ὑμεῖς
1717 3520 1774 3577 δὲ
1805 3524 1893 3577 καὶ

231 3609 397 3684 πρὶν,
474 3607 550 3669 ὡς
632 3607 822 3680 εἰπεῖν,
884 3609 1225 3679 καταθέσθαι,
1302 3611 1528 3673 τούτους
1606 3612 1889 3687 ἁρπάζετε,

231 3702 361 3759 πῶς
395 3696 460 3751 οὐ
501 3701 622 3760 ταῖς
650 3697 817 3760 θείαις
858 3700 1101 3774 ἀτεχνῶς
1132 3698 1609 3756 ἀντιπολιτεύεσθε
1648 3703 1889 3776 ψήφοις

232 3786 272 3841 ’ὰ
309 3792 497 3849 κεῖνος
544 3787 753 3858 ὁτῳοῦν
801 3786 913 3859 ἰδίᾳ
962 3789 1227 3863 παρέσχε,
1277 3792 1428 3845 ταῦθ’
1479 3792 1644 3862 ἡμεῖς
1698 3789 1893 3865 βιαίως

235 3877 690 3955 σφετεριξάμενοι
724 3895 739 3909 ⁸
788 3874 969 3951 ὥσπερ
1017 3880 1116 3949 τὴν
1171 3881 1299 3954 περὶ
1350 3878 1558 3934 τούτων
1610 3882 1709 3935 τοῦ
1758 3882 1893 3934 Θεοῦ

236 3965 570 4040 διαγνὼμην
647 3965 1132 4043 ἐπανορθούμειοι,
1189 3968 1280 4023 καὶ
1358 3968 1518 4042 μόνον
1593 3968 1654 4024 06
1726 3972 1891 4023 10610

237 4058 508 4131 βοῶντες,
540 4053 625 4110 ὅτι
672 4061 789 4111 Τῶν
838 4058 1124 4133 θησαυρῶν
1153 4060 1290 4131 ἡμῖν
1340 4060 1754 4134 προσηκόντων,
1786 4059 1814 4113 6
1847 4054 1895 4111 6’

232 4145 450 4220 ἑτέροις
496 4145 742 4220 παρέσχε
772 4166 786 4179 ⁸
841 4147 872 4201 '6
920 4147 1010 4202 καὶ
1070 4148 1330 4222 θαυμάζω
1379 4148 1425 4203 εί
1471 4154 1587 4210 τοῖς
1649 4149 1743 4219 μὶν
1806 4148 1893 4225 ὑφ’

235 4236 399 4308 ὑμῶν
448 4232 509 4289 εὖ
556 4234 854 4290 πεπονθόσι
904 4234 992 4291 ἐάν
1043 4257 1127 4299 τις
1175 4236 1448 4312 ἐπηρεάζῃ
1498 4237 1589 4291 καὶ
1645 4241 1752 4292 τῶν
1802 4234 1889 4291 δο-

233 4320 439 4379 θέντων
489 4322 790 4397 ἆποστερῇ,
820 4323 1087 4398 πολέμιον
1134 4330 1325 4381 τοῦτον
1377 4327 1608 4402 ἡγεῖσθε,
1640 4326 1794 4381 αὐτοὶ
1834 4323 1893 4380 δὶ

233 4415 304 4466 τὰ
334 4412 514 4490 χείρω
568 4408 822 4487 δρῶντες,
852 4413 945 4468 καὶ
993 4415 1127 4489 πρὸς
1172 4415 1302 4471 Θεὸν
1350 4414 1581 4489 ὡσπερεὶ
1632 4411 1720 4469 διὰ
1760 4418 1889 4469 τού-

234 4522 348 4555 των
429 4499 773 4575 ἆνταίροντες
841 4506 1053 4579 χεῖρας,
1130 4502 1193 4558 οὐ
1269 4509 1592 4576 προτιμᾶτε.
1649 4502 1726 4561 Οὐ
1790 4504 1893 4579 γὰρ

242 4590 383 4664 ὑπὲρ
430 4593 533 4644 τοῦ
579 4593 740 4663 κοινῇ
792 4589 1203 4654 λυσιτελοῦντος
1249 4594 1399 4647 ταῦτ’
1452 4592 1621 4667 ἐρεῖτε
1671 4588 1893 4667 λαμϐά-

2015 694 2136 736 rem
2167 695 2199 735 e
2241 674 2541 749 republica
2586 673 2802 745 ejicies,
2836 672 2956 730 imo
3004 672 3192 745 legem
3236 674 3385 730 teres
3429 676 3662 731 contra-

2015 786 2314 844 venientes
2342 782 2656 840 dirissimis
2682 781 2867 853 pmnis
2888 780 3314 853 subjicientem.
3352 782 3471 837 Duo
3501 783 3660 839 enim

2018 893 2269 951 maxime
2317 892 2453 948 inde
2500 889 2889 963 proveniunt:
2943 888 3177 944 urbium
3231 905 3299 945 ac
3356 890 3658 962 regionum

2014 1002 2202 1058 tristis
2231 1000 2422 1067 ruina,
2454 999 2527 1055 ab
2563 996 2901 1054 inhumanis
2930 996 3059 1053 istis
3105 996 3490 1066 exactoribus,
3522 998 3661 1070 qui—

2015 1111 2128 1167 bus
2153 1108 2297 1164 nibil
2329 1108 2555 1173 durius,
2588 1106 2811 1162 etlecta.
2864 1105 3012 1173 Quid
3060 1105 3219 1161 enim
3268 1105 3407 1162 mali
3446 1104 3547 1161 isti
3573 1106 3666 1160 in-

2015 1225 2300 1278 tentatum
2345 1217 2724 1289 relinquent?
2764 1216 2866 1289 qui
2917 1217 2975 1273 id
3006 1232 3192 1273 unum
3238 1232 3337 1273 ore
3376 1220 3434 1273 et
3482 1233 3660 1274 manu

2014 1331 2200 1400 agunt
2229 1331 2294 1382 ut
2322 1326 2455 1397 plus
2503 1325 2782 1397 recipiant
2822 1341 2998 1396 quam
3045 1325 3350 1395 dederunt,
3380 1329 3437 1381 et
3466 1329 3533 1381 ut
3560 1326 3662 1397 qui

2010 1436 2144 1506 jure
2176 1433 2426 1506 possidet
2472 1432 2873 1489 usurariorum
2920 1432 3155 1488 victima
3202 1430 3410 1488 cadat?
3445 1431 3579 1497 Qum
3611 1435 3663 1489 si

2017 1560 2132 1600 non
2162 1545 2296 1598 ante
2325 1539 2523 1598 oculos
2549 1544 2776 1597 nostros
2797 1540 3021 1609 flerent,
3046 1556 3161 1597 non
3189 1543 3451 1613 segetum
3482 1540 3661 1597 simul

2016 1660 2081 1700 ao
2113 1644 2434 1708 fructuum,
2463 1649 2524 1698 ut
2574 1642 2656 1698 ait
2695 1640 3140 1711 Demosthenes,
3176 1641 3409 1712 jactura
3453 1640 3660 1713 deplo-

2017 1752 2265 1806 raretur.
2284 1747 2473 1812 Quare
2497 1746 2648 1803 salve
2668 1749 2727 1802 et
2755 1752 2809 1802 te
2827 1752 2885 1801 et
2906 1761 3013 1802 nos
3036 1761 3052 1813 ;
3085 1760 3191 1801 nos
3212 1744 3472 1817 quidem,
3494 1748 3659 1802 tanto

2016 1848 2172 1906 malo
2214 1848 2491 1920 eripiens,
2530 1850 2586 1904 te
2631 1847 2850 1918 ipsum,
2898 1846 3113 1902 bonam
3161 1847 3379 1904 famam
3423 1861 3659 1904 conser-

1936 1946 1983 2011 B
2012 1970 2155 2012 vans
2183 1959 2240 2011 et
2269 1953 2521 2026 perﬁdiis
2550 1953 2945 2027 suspicionem
2980 1952 3266 2023 rejiciens.

2076 2445 2169 2502 20.
2192 2444 2279 2499 Tu
2302 2459 2455 2512 vero,
2479 2459 2600 2512 rex,
2625 2442 2683 2498 id
2710 2447 2845 2500 ante
2867 2444 3065 2499 omnia
3092 2443 3243 2513 vide,
3268 2460 3340 2500 ne
3368 2443 3520 2500 idem
3545 2443 3652 2499 tibi

2010 2560 2166 2632 quod
2198 2560 2720 2632 predecessor-ibus
2741 2560 2858 2615 tuis
2888 2559 3132 2615 accidat.
3164 2559 3226 2616 Si
3256 2559 3411 2616 enim
3444 2558 3660 2617 alicubi

2007 2669 2292 2724 terrarum
2345 2667 2605 2724 thesauri
2661 2667 3046 2739 reperiuntur,
3096 2671 3161 2723 tu
3210 2668 3436 2739 primus
3483 2684 3658 2725 occu-

2006 2799 2154 2855 pans
2184 2800 2309 2841 esse
2338 2783 2534 2840 debes.
2585 2783 2697 2839 Iste
2728 2782 2883 2838 enim
2932 2782 3240 2839 thesaurus
3287 2784 3346 2839 in
3388 2792 3657 2858 prompta

2005 2908 2133 2950 esse
2164 2894 2331 2949 debet
2378 2900 2431 2948 et
2460 2892 2612 2948 tradi
2661 2890 2863 2947 aarario
2914 2891 3089 2965 regio,
3123 2892 3277 2948 unde
3318 2893 3391 2949 ad
3436 2892 3649 2948 auxilia

2006 3009 2240 3066 ferenda
2272 3024 2536 3083 promere
2583 3010 2796 3083 possis.
2829 3008 3195 3067 Contrarium
3243 3012 3399 3067 enim
3448 3012 3653 3068 absur-

2002 3119 2158 3187 dum,
2183 3118 2430 3192 impium
2461 3121 2551 3175 est
2580 3122 2637 3174 et
2666 3118 2795 3174 usui
2816 3121 3045 3189 recepto
3071 3122 3378 3191 repugnat.
3407 3119 3467 3175 Si
3498 3120 3655 3175 enim

2001 3226 2125 3281 ﬂeri
2159 3242 2271 3281 non
2321 3229 2512 3297 potest
2560 3228 2625 3282 ut
2673 3226 2983 3282 thesaurus
3032 3225 3160 3281 sine
3207 3225 3308 3281 Dei
3357 3225 3655 3282 voluntate

2005 3344 2348 3410 eli'odiatur;
2398 3347 2455 3399 et
2497 3359 2632 3399 cum
2682 3344 2834 3400 Deus
2885 3344 2978 3399 cui
3027 3342 3147 3398 vult
3193 3343 3515 3409 distribuit,
3553 3360 3652 3400 vos

2002 3455 2194 3506 autem
2227 3467 2364 3507 eum
2396 3452 2485 3507 vix
2536 3451 2853 3523 depositum
2887 3450 3114 3522 rapitis,
3147 3466 3340 3507 nonne
3381 3450 3651 3508 Numinis

2001 3558 2182 3614 divini
2212 3557 2495 3614 voluntati
2542 3558 2889 3614 contraitis?
2938 3559 3098 3623 Quod
3138 3558 3290 3615 enim
3338 3559 3489 3614 Deus
3533 3560 3649 3616 sin-

2001 3673 2156 3746 gulis
2202 3673 2539 3746 impertitus
2569 3678 2681 3743 est,
2725 3690 2828 3732 nos
2866 3675 2923 3732 vi
2969 3674 3232 3731 adhibita
3278 3674 3337 3730 in
3381 3682 3650 3739 nostrum

2002 3781 2287 3839 vertimus
2319 3797 2509 3850 usum,
2544 3781 2798 3839 divinam
2832 3783 2916 3838 sic
2943 3782 3303 3839 voluntatem
3333 3784 3653 3841 correcturi

2003 3905 2069 3945 ac
2100 3892 2322 3945 tantum
2356 3906 2470 3946 non
2514 3888 2630 3946 alta
2660 3906 2798 3946 voce
2838 3889 3155 3946 clamantes
3192 3891 3346 3962 quod
3387 3890 3648 3947 thesauri

1994 4009 2126 4080 jure
2157 4009 2341 4066 nostri
2370 4009 2502 4066 aliis
2531 4009 2651 4066 sint
2679 4009 2894 4066 traditi.
2919 4011 3107 4076 Quare
3137 4010 3317 4068 miror
3336 4011 3491 4083 quod
3512 4025 3646 4067 eum

2001 4116 2101 4188 qui
2131 4116 2378 4188 aliquem
2409 4117 2746 4175 vestratium
2793 4117 3098 4175 offenderit
3126 4118 3350 4176 inimici
3394 4119 3517 4176 loco
3549 4118 3648 4175 ha-

2001 4223 2173 4293 betis,
2196 4225 2305 4296 ipsi
2334 4240 2469 4283 vero
2500 4226 2598 4297 qui
2632 4226 2826 4298 pejora
2867 4225 3212 4297 operamini,
3234 4242 3337 4299 pro
3374 4226 3507 4283 istis
3529 4241 3650 4282 ma-

2001 4359 2114 4398 nus
2145 4343 2218 4398 ad
2263 4342 2448 4399 Deum
2490 4343 2807 4416 porrigitis.
2851 4344 2982 4400 Non
3012 4344 3169 4400 enim
3201 4360 3303 4416 pro
3354 4344 3506 4401 bono
3544 4360 3653 4415 pu-

2000 4450 2150 4507 blico
2183 4451 2305 4508 hac
2335 4468 2436 4508 vos
2474 4452 2655 4509 facere
2683 4452 2899 4520 dicitis,
2929 4469 3045 4509 non
3079 4462 3137 4509 ut
3171 4454 3363 4524 legati,
3400 4453 3649 4511 militum

2002 4559 2181 4614 duces
2239 4557 2474 4614 urbium
2524 4557 2777 4629 praefecti
2834 4558 3115 4615 evadatis.
3162 4563 3432 4615 Attamen
3481 4574 3649 4615 nemo

239 4701 378 4747 νειν,
410 4677 541 4733 οῦδὲ
585 4676 926 4751 στρατόπεδα
973 4680 1063 4735 καὶ
1091 4676 1378 4757 πρεσϐείας
1426 4684 1514 4737 καὶ
1558 4682 1752 4744 πόλεις
1799 4682 1889 4737 καὶ

2006 4665 2163 4722 vobis
2193 4665 2316 4722 haec
2345 4665 2678 4723 dicentibus
2727 4667 2899 4722 [idem
2947 4666 3204 4724 habebit.
3236 4666 3381 4723 Nam
3412 4667 3544 4723 inde
3573 4667 3644 4721 ab

239 4766 379 4822 ἄττα
411 4764 598 4822 τοιάδε
634 4768 1007 4840 προστήσεσθε
1038 4786 1052 4803 ⁸
1105 4767 1251 4824 ἀλλὰ
1282 4769 1521 4842 μάλιστα
1567 4770 1662 4842 μὶν
1713 4766 1889 4832 οὐδεὶς

244 4858 400 4932 ὑμῖν,
431 4860 616 4930 οἶμαι,
645 4860 757 4912 τῶν
787 4857 1002 4914 πάντων
1033 4859 1282 4934 προσέξει
1311 4860 1405 4915 τὸν
1434 4863 1582 4929 νοῦν,
1613 4857 1674 4920 ἂν
1721 4862 1892 4916 ταῦτά

240 4968 303 5022 γε
332 4947 492 5024 φῆτε,
531 4950 644 5001 τῶν
695 4944 977 5019 δημοσίων
1026 4949 1334 5024 χρημάτων
1382 4948 1471 5003 καὶ
1522 4949 1704 5028 φόρων
1752 4948 1890 5024 πρὸς

239 5037 340 5105 τήν
395 5035 609 5090 τούτων
666 5034 974 5091 συντέλειαν
1031 5038 1124 5093 καὶ
1192 5039 1537 5112 παρασκευὴν
1594 5036 1685 5093 καὶ
1758 5036 1888 5111 μάλ’

240 5125 621 5199 ἂποχρώντων
710 5122 882 5179 πάλαι
960 5145 1020 5181 τε
1098 5128 1445 5203 τεταγμένων
1519 5131 1711 5183 τοῦτον
1795 5128 1889 5182 τὸν

237 5213 472 5289 τρόπον,
521 5214 616 5269 καὶ
676 5208 843 5267 ὄντων
900 5213 1006 5286 ἀεὶ,
1056 5216 1144 5271 καὶ
1191 5218 1293 5284 τήν
1345 5214 1635 5292 ἀναγκαίαν
1677 5217 1892 5289 μήποτε

235 5305 440 5373 ταύτην
485 5300 898 5358 ἐκλελοιπότων
954 5305 1124 5380 φοράν
1158 5323 1173 5339 ⁸
1235 5307 1302 5374 ἧς
1357 5303 1633 5361 διδυνάτων
1684 5307 1890 5361 παντά-

237 5413 397 5447 πασιν
452 5390 748 5467 ἷσχούσης,
795 5392 1083 5468 θησαυροί,
1134 5398 1214 5467 τῷ
1272 5416 1332 5451 τε
1386 5396 1523 5450 κατὰ
1578 5400 1685 5469 γῆν
1741 5396 1894 5449 πάντ’

235 5482 374 5538 εἶναι
411 5483 504 5537 τὸν
559 5481 783 5556 χρόνον,
836 5485 915 5554 τῷ
961 5484 1011 5538 τ’
1056 5482 1311 5561 ἐμφανεῖς
1355 5483 1680 5539 οἱστισινοῦν
1728 5505 1892 5559 γεγο-

234 5575 387 5635 νότες
441 5578 602 5643 πᾶσι,
654 5572 753 5627 καὶ
809 5571 986 5635 οὕτως
1050 5570 1205 5629 οὕδὶν
1272 5576 1435 5643 ἧττον
1487 5573 1701 5649 ἀφανεῖς
1761 5574 1889 5629 εἶναι

233 5669 352 5724 τοῖς
379 5661 586 5726 ἄλλοις
615 5662 708 5717 καὶ
739 5661 1023 5739 φαντέντες
1056 5663 1334 5719 λανθάνειν
1363 5681 1380 5700 ⁸
1432 5661 1613 5738 ὀλίγοι
1645 5660 1702 5719 δέ
1746 5684 1889 5728 τινες

234 5752 442 5828 κομιδῆ
493 5750 590 5808 καὶ
640 5750 806 5825 μόλις
853 5752 987 5809 ποτὶ
1033 5750 1069 5823 ἢ
1117 5750 1207 5809 διὰ
1256 5750 1520 5810 πλείστου
1567 5756 1683 5817 τοῖς
1724 5755 1886 5810 πᾶσιν

2000 4777 2161 4833 omni
2186 4782 2445 4851 tempore
2476 4777 2725 4850 pecunia
2761 4778 3068 4834 tributaria
3094 4780 3155 4834 in
3183 4778 3453 4836 marium
3485 4778 3646 4834 redi-

2002 4885 2115 4955 bat,
2142 4889 2199 4942 et
2244 4902 2550 4957 nunquam
2597 4885 2906 4957 vectigalia
2952 4886 3097 4943 solvi
3144 4890 3466 4943 cessarunt.
3501 4886 3648 4942 The-

1994 4993 2154 5050 sauri
2183 4992 2360 5065 igitur
2395 4994 2611 5065 ubique
2640 4998 2927 5052 terrarum
2957 4999 3014 5051 et
3045 4995 3206 5051 nullo
3240 5011 3355 5051 non
3388 4999 3653 5065 tempore

2007 5100 2071 5157 in
2100 5100 2409 5157 manifesto
2440 5105 2498 5158 et
2526 5102 2587 5158 in
2631 5102 2855 5160 occulto
2903 5119 3032 5160 esse
3063 5109 3307 5175 possunt
3335 5103 3488 5174 apud
3520 5118 3648 5158 om-

1996 5232 2120 5274 nes.
2165 5217 2523 5275 Thesaurum
2567 5220 2765 5292 itaque
2802 5219 3090 5276 incertum
3130 5218 3260 5292 quis
3305 5219 3376 5275 ad
3422 5219 3641 5275 bonum

1996 5341 2308 5383 commune
2336 5326 2609 5397 proficere
2639 5326 2999 5383 declarabit?
3023 5327 3144 5391 Quo
3181 5330 3347 5399 pacto
3378 5326 3510 5382 dein
3540 5341 3640 5384 eos

1996 5433 2094 5504 qui
2144 5434 2229 5488 sic
2260 5450 2322 5490 se
2370 5434 2605 5505 habent,
2657 5436 2876 5491 bonum
2926 5434 3224 5508 publicum
3272 5436 3547 5506 adjuvare
3587 5437 3646 5491 et

1994 5539 2216 5597 civibus
2247 5542 2368 5598 suis
2402 5543 2571 5600 utiles
2616 5560 2743 5600 esse
2791 5543 3055 5600 dixerit?
3107 5542 3364 5600 Minime.
3399 5542 3513 5601 Sed
3559 5541 3646 5598 fac

1992 5654 2056 5703 ut
2087 5647 2234 5705 illud
2267 5651 2453 5708 lacere
2502 5651 2749 5723 possint,
2782 5667 2925 5707 num
2979 5667 3113 5708 cum
3165 5652 3318 5709 bona
3359 5651 3644 5724 spejuste

1992 5760 2048 5815 et
2076 5757 2258 5830 probe
2299 5760 2528 5834 agendo
2575 5760 2906 5833 procedant,
2955 5775 3029 5818 an
3074 5758 3465 5831 iniustissima
3506 5774 3643 5831 quo-
