4062 6308
351 387 470 448 479

1661 383 2060 447 THEODULI
2105 383 2452 447 MONACHI

3627 388 3746 448 480

355 536 470 592 que
501 519 756 575 facient?
801 517 948 584 Quid
979 515 1134 572 enim
1183 515 1444 587 iniquius
1485 533 1666 589 quam
1705 517 1995 574 thesauris

2125 513 2336 588 ἷκδηλοι
2382 524 2733 587 ταταστῆναι.
2789 523 2912 581 Πῶς
2961 517 3051 574 οῦν
3101 516 3228 582 τοὺς
3287 518 3458 581 οὕτως
3520 516 3750 595 ἔχοντας

353 629 426 683 ab
458 627 588 682 aliis
620 625 971 697 quibusdam
1020 623 1272 679 inventis
1310 622 1583 680 insilire?
1611 624 1684 680 Ut
1722 624 1876 681 enim
1910 641 1997 680 se-

357 734 616 790 cundum
645 731 1093 788 Demosthenem
1143 730 1375 796 domus,
1407 729 1571 786 navis
1615 735 1672 786 et
1701 748 1896 788 rerum
1921 733 2000 787 si-

357 841 585 896 milium
618 839 1000 894 fundamenta
1037 837 1276 893 fortiora
1305 853 1434 892 esse
1463 837 1696 905 debent,
1729 839 1813 894 sic
1843 840 1998 910 prin-

356 948 508 1018 cipia
540 951 597 1002 et
643 945 994 1016 bypotheses
1040 959 1204 1000 veras
1255 946 1313 1000 et
1351 943 1539 1014 justrs
1585 961 1717 1001 esse
1766 962 2002 1004 necesse

354 1058 482 1120 est;
542 1061 596 1109 et
653 1053 751 1124 qui
811 1051 1155 1122 injuriarum
1213 1051 1508 1106 illatarum
1567 1054 2000 1110 excusationem

355 1165 640 1231 precatur,
674 1160 868 1214 minus
913 1158 1131 1228 injuste
1159 1157 1367 1214 fecisse
1402 1158 1631 1214 videtur
1671 1161 1844 1216 verba
1872 1177 2003 1231 pro-

355 1268 614 1323 ferendo.
647 1267 806 1332 Quod
852 1267 902 1320 si
933 1265 1066 1336 quis
1095 1281 1160 1320 ex
1190 1265 1354 1321 vobis
1394 1275 1670 1336 quareret
1699 1283 1805 1323 cur
1833 1269 1890 1323 id
1924 1269 2003 1324 fa-

355 1372 546 1442 ciatis,
597 1372 679 1428 nil
735 1388 874 1427 sane
937 1370 1361 1441 responderetis
1415 1371 1529 1426 nisi
1585 1372 2001 1444 principiorum

357 1479 764 1536 necessitatem
810 1493 1050 1534 causam
1099 1478 1561 1533 interserentes:
1607 1495 1734 1550 quae
1769 1483 2002 1553 quidem

359 1587 615 1643 dicentes
647 1602 747 1641 vos
779 1585 939 1658 ipsos
970 1590 1249 1654 tyrannos
1279 1600 1470 1656 neque
1492 1585 1690 1656 justos
1721 1603 1885 1659 reges
1916 1605 2006 1646 ac-

359 1693 663 1762 cusabitis,
693 1709 725 1748 e
745 1692 955 1762 quibus
981 1691 1040 1746 bi
1065 1691 1299 1762 quidem
1332 1691 1479 1747 bene
1507 1691 1578 1747 ab
1607 1693 1880 1750 omnibus
1911 1697 2004 1768 agi

356 1803 578 1873 volunt,
612 1800 844 1874 tyranni
893 1800 1151 1870 ipsorum
1180 1797 1539 1855 voluntatem
1574 1801 1750 1857 rebus
1781 1802 2002 1860 facien-

356 1913 494 1967 dum
525 1911 854 1982 imponunt.
879 1907 1309 1964 Perahsurdum
1332 1910 1527 1963 autem
1551 1913 1706 1965 esset
1725 1927 1791 1965 ac
1813 1914 1999 1985 turpe,
2035 1901 2080 1966 Β

363 2020 415 2076 si
447 2018 578 2091 quis
626 2016 843 2072 diceret
889 2015 1084 2070 Nervae
1133 2013 1290 2086 quod
1337 2015 1674 2072 thesaurum
1719 2017 2009 2075 invenerit

369 2145 536 2201 quem
585 2143 864 2199 occupare
911 2134 962 2182 et
1010 2127 1070 2182 in
1123 2143 1291 2183 usum
1337 2131 1563 2183 vertere
1610 2126 1865 2194 deberet,
1915 2130 2010 2185 hic

372 2244 566 2294 autem
597 2236 941 2292 thesaurum
974 2235 1253 2306 majorem
1287 2251 1462 2307 quam
1495 2253 1598 2308 pro
1630 2235 1869 2293 homine
1899 2238 2014 2308 pri-

373 2349 504 2401 vato
534 2344 733 2401 dicens
763 2359 830 2399 eo
861 2342 1017 2399 abuti
1045 2342 1236 2398 vellet.
1259 2343 1526 2400 Absurde
1555 2344 1734 2416 igitur
1761 2345 2010 2413 fecisset,

370 2453 421 2510 si
453 2452 547 2508 hic
575 2452 812 2524 quidem
857 2452 1093 2523 justitiaa
1131 2467 1197 2508 ac
1241 2451 1473 2508 virtutis
1519 2452 1797 2509 rationem
1839 2454 2016 2510 habe-

366 2565 450 2619 ret
478 2561 564 2617 vir
606 2562 860 2630 Graecus,
891 2568 945 2617 et
984 2562 1149 2634 longe
1192 2579 1224 2616 a
1255 2569 1456 2618 senatu
1505 2567 1705 2621 nostro
1755 2568 2014 2620 remotus

361 2673 487 2739 est;
523 2686 621 2727 vos
653 2674 848 2726 autem
874 2669 967 2741 pie
995 2687 1060 2726 ac
1081 2671 1400 2726 secundum
1423 2669 1582 2744 leges
1605 2671 1864 2728 viventes
1888 2676 2016 2728 tan-

363 2782 490 2836 tum
521 2777 798 2834 exhibetis
849 2777 1416 2850 magnanimitatem,
1450 2782 1515 2834 ut
1545 2795 1660 2835 non
1691 2778 1883 2835 solum
1918 2796 2010 2835 res

366 2860 629 2942 inventas
675 2884 970 2953 ambiatis,
1019 2886 1121 2941 sed
1152 2884 1329 2941 etiam
1375 2886 1446 2941 ad
1496 2884 1703 2942 altiora
1752 2886 2016 2958 aspireti

371 2993 548 3048 minis
580 2993 832 3052 omissis,
855 2990 1032 3048 nescii
1063 2996 1206 3063 quot
1224 2998 1278 3048 et
1299 2992 1511 3065 quibus
1542 2992 1888 3049 criminibus
1919 2995 2017 3049 ob-

369 3098 524 3154 noxii
555 3097 692 3154 estis
722 3097 1043 3170 injustitite,
1087 3096 1408 3166 calumnia,
1441 3098 1720 3167 avaritiae,
1752 3100 1820 3155 ad
1855 3101 2010 3171 quod

369 3207 594 3263 accedit
625 3206 778 3276 quod
811 3206 986 3260 Deum
1018 3204 1213 3275 ipsum
1246 3205 1558 3271 offenditis,
1588 3209 1647 3262 et
1673 3221 1765 3262 res
1791 3207 2014 3278 gravis-

371 3316 554 3371 simas
597 3329 771 3383 super
805 3320 975 3384 caput
1020 3311 1266 3367 volvitis.
1312 3312 1459 3377 Quid
1507 3317 1701 3368 autem
1742 3313 2012 3371 thesauro

371 3424 521 3480 tanti
549 3421 825 3479 momenti
875 3421 1158 3477 inhaeret?
1199 3421 1481 3493 Equidem
1530 3437 1603 3477 ne
1651 3422 1839 3479 simile
1878 3425 2017 3495 quid

375 3532 660 3598 audirem,
692 3528 965 3586 omnibus
995 3529 1289 3585 thesauris
1328 3529 1746 3586 renuntiarem.
1780 3531 1940 3596 Quod
1974 3531 2022 3587 si

368 3645 782 3701 thesaurorum
827 3641 1088 3697 studium
1133 3644 1356 3696 tantam
1409 3641 1559 3712 apud
1611 3641 1795 3696 Deum
1827 3645 1883 3697 et
1911 3643 2019 3698 ho-

367 3751 558 3808 mines
590 3749 873 3806 nemesim
906 3748 1098 3818 habet,
1150 3755 1204 3803 et
1247 3749 1288 3804 ii
1318 3748 1440 3820 qui,
1494 3747 1632 3803 licet
1677 3749 2018 3820 repererint,

370 3858 614 3931 repertis
644 3857 964 3915 valedicere
994 3857 1228 3924 audent,
1263 3871 1497 3913 omnem
1530 3855 1764 3913 laudem
1797 3871 2024 3912 meren-

375 3970 496 4037 tur,
525 3970 615 4034 tu,
645 3981 765 4032 rex,
795 3981 935 4021 cura
981 3979 1052 4019 ne
1103 3963 1508 4020 admirationis
1550 3963 1677 4020 loco
1706 3968 1763 4020 te
1803 3963 2025 4036 jugiter

383 4071 834 4138 calumniantur,
866 4087 931 4127 ac
978 4087 1051 4128 ne
1097 4071 1376 4129 carbones
1418 4071 1551 4143 quis
1599 4071 1856 4128 thesauri
1902 4069 2025 4126 loco

379 4181 586 4237 inanes
613 4178 905 4248 inveniat;
939 4182 998 4234 tu
1031 4182 1226 4235 autem
1275 4183 1560 4250 quantum
1589 4177 1727 4234 talia
1765 4179 2024 4233 contem-

381 4305 489 4346 nas
546 4286 820 4344 omnibus
876 4286 1134 4354 ostende,
1193 4290 1250 4342 et
1304 4285 1632 4357 'posteritati
1695 4282 2026 4355 exemplum

381 4398 546 4455 trade
577 4395 781 4468 optimi
811 4412 877 4452 ac
906 4394 1120 4467 egregii
1146 4393 1319 4466 regis.

2111 609 2280 684 φήσαι
2309 628 2392 668 τις
2437 605 2496 660 ἃν
2544 608 2690 669 ὅλως
2717 614 2834 668 τοῖς
2882 613 3090 672 κοινοῖς
3137 605 3430 686 διαφέρειν,
3479 609 3570 663 καὶ
3614 608 3751 662 τού-

2106 717 2223 758 τοις
2254 696 2388 751 εἶναί
2418 717 2482 770 γε
2529 694 2852 773 προῦργού;
2893 695 3109 752 πολλοῦ
3153 718 3220 771 γε
3249 698 3336 751 καὶ
3389 695 3489 755 δεῖ.
3541 698 3751 753 ”Επειτ’

2108 784 2154 838 εἰ
2202 785 2292 840 καὶ
2351 783 2582 860 δοίημεν
2635 787 2704 841 τά
2755 787 2959 841 τοιαῦτ’
3017 786 3216 848 αὐτοὺς
3275 785 3429 847 οτίους
3486 787 3534 842 τ’
3591 786 3749 854 εἶναι,

2106 875 2334 950 πότερον
2393 875 2542 930 ὅσιον
2588 877 2678 931 καὶ
2727 874 3008 939 λυσιτελὲς
3062 879 3177 949 μετ’
3233 876 3450 950 ἀγαθῶν
3499 881 3606 930 τῶν
3656 875 3753 932 ἐλ-

2108 961 2280 1018 πίδων
2330 965 2423 1020 καὶ
2470 969 2568 1020 τοῦ
2615 965 2788 1021 καλοῦ
2835 966 2924 1020 καὶ
2976 964 3188 1020 δικαίου
3237 967 3374 1040 πρὸς
3417 970 3585 1020 ταῦτα
3636 985 3751 1041 χω-

2113 1057 2246 1126 ρεῖν,
2277 1054 2313 1123 ἢ
2361 1059 2431 1128 τῇ
2473 1059 2583 1108 τῶν
2617 1052 2842 1109 ἀδικιῶν
2897 1056 3122 1130 μεγίστῃ
3173 1056 3537 1130 χρωμένους;
3583 1057 3637 1109 τί
3689 1052 3750 1116 ἂν

2111 1139 2194 1212 ε’ίη
2232 1148 2414 1215 μεῖζον
2464 1145 2631 1198 κακὸν
2679 1149 2781 1198 τοῦ
2811 1147 3108 1219 θησαυροῖς
3159 1145 3481 1218 εὑρημένοις
3512 1145 3598 1199 ὑπ’
3642 1141 3750 1198 ἄλ·-

2112 1233 2222 1285 λων
2258 1230 2529 1303 ἐπιπηδᾷν
2558 1253 2572 1302 ;
2605 1232 2786 1305 ὥσπερ
2842 1233 2944 1309 γὰρ
2979 1233 3155 1295 οἰκίας
3206 1235 3358 1305 οἶμαι
3393 1234 3481 1288 καὶ
3526 1231 3752 1299 πλοίου,

2113 1321 2244 1398 φησῖ
2288 1323 2662 1395 Δημοσθένης,
2711 1324 2804 1378 καὶ
2831 1328 2937 1378 τῶν
2973 1322 3162 1378 ἄλλων
3210 1329 3320 1378 τῶν
3366 1322 3654 1392 τοιούτων,
3684 1325 3754 1376 τὰ

2111 1412 2348 1467 κάτωθεν
2405 1412 2738 1489 ἰσχυρότατα
2785 1413 2915 1466 εἶναι
2966 1413 3068 1479 δεῖ,
3122 1411 3266 1467 οὕτω
3314 1413 3404 1466 καὶ
3452 1415 3560 1466 τῶν
3610 1411 3756 1485 πρά-

2112 1500 2241 1571 ξεων
2291 1501 2388 1562 τὰς
2436 1502 2610 1576 ἀρχὰς
2641 1501 2732 1556 καὶ
2780 1503 2876 1563 τὰς
2929 1501 3210 1562 ὑποθέσεις
3261 1501 3487 1571 ἀληθεῖς
3534 1501 3622 1555 καὶ
3673 1497 3756 1554 δι-

2111 1590 2265 1651 καίας
2296 1589 2428 1644 εἶναι
2477 1593 2743 1666 προσήκει
2780 1610 2794 1622 ⁵
2836 1591 2926 1646 καὶ
2963 1591 3068 1664 μήν
3117 1591 3144 1645 ὁ
3179 1590 3274 1662 μὲν
3325 1589 3406 1665 ἐφ’
3437 1592 3520 1651 οἷς
3567 1586 3758 1644 ἀδίκου

2110 1678 2568 1751 παραιτούμενος,
2653 1682 2816 1748 ἧττον
2903 1680 2964 1734 ἄν
3047 1698 3166 1739 πως
3250 1681 3333 1740 οἷς
3411 1683 3755 1753 παραιτεῖται

2113 1764 2308 1836 δόξειεν
2360 1765 2582 1837 ἀδικεῖν,
2617 1765 2792 1822 δοκῶν
2845 1768 2939 1842 μέν
2967 1789 3051 1822 τοι
3105 1767 3304 1842 λέγειν,
3335 1766 3507 1842 λέγων
3557 1765 3614 1822 δέ
3663 1766 3759 1822 06-

2113 1853 2201 1908 δέν
2240 1853 2473 1926 μᾶλλον,
2507 1855 2682 1930 λέγων
2717 1853 2772 1910 δὲ
2823 1858 2977 1928 ὅμως
3009 1873 3023 1886 ⁸
3058 1855 3199 1928 ὑμᾶς
3249 1854 3298 1910 δ’
3325 1855 3386 1910 ἄν
3434 1877 3517 1918 τις
3566 1853 3758 1930 ἔρηται

2118 1940 2248 1997 ὅτου
2278 1944 2440 2017 χάριν
2489 1948 2657 1998 ταῦτα
2704 1949 2928 2012 ποιεῖτε,
2965 1941 3118 1998 οῦδὲν
3151 1943 3212 1998 ἃν
3259 1941 3426 1998 εἷ’πεῖν
3475 1943 3618 2018 ἔχετ’
3669 1944 3759 1998 οἶ·-

2121 2050 2216 2101 μαι
2245 2035 2351 2084 τῶν
2401 2031 2636 2102 πάντων,
2667 2030 2813 2099 πλὴν
2840 2032 2902 2086 τὸ
2946 2039 3046 2100 τῆς
3076 2032 3259 2106 ἀρχῆς
3307 2030 3758 2107 συγκεχωρηκὸς,

2122 2119 2209 2173 καὶ
2259 2120 2358 2186 τὴν
2409 2117 2648 2174 ἐντεῦθεν
2693 2121 2931 2195 ἀνάγκην
2964 2139 2978 2152 ’
3034 2119 3229 2190 λήσετε
3279 2116 3335 2174 δὲ
3379 2123 3528 2175 ταῦτ’
3577 2118 3633 2173 ἂν
3683 2119 3762 2173 εἰ·

2119 2207 2313 2269 πόντες
2362 2207 2438 2270 εἷς
2479 2213 2862 2282 τυραννοῦντας
2910 2208 3039 2264 ἀλλ’
3086 2209 3190 2264 οὐκ
3240 2207 3316 2270 εἲς
3371 2207 3761 2284 βασιλεύοντας

2122 2295 2262 2368 ὑμᾶς
2292 2297 2490 2359 αὐτοὺς
2539 2298 2898 2369 καθιστάντες,
2931 2295 3085 2372 ε⁹ίπερ
3133 2302 3241 2352 τῶν
3297 2298 3392 2369 μέν
3440 2295 3642 2352 ἔστιτὸ
3687 2299 3764 2352 τὰ

2123 2385 2302 2440 δίκαια
2356 2387 2610 2458 πράττειν
2665 2385 2754 2441 διὰ
2797 2388 3014 2442 πάντων
3060 2389 3350 2460 αἱρεῖσθαι,
3407 2387 3652 2459 τύραννοι
3703 2384 3768 2442 δὲ

2123 2477 2230 2532 ἀπὸ
2284 2481 2382 2532 τοῦ
2439 2479 2558 2532 κατ’
2616 2476 2808 2539 αὐτοὺς
2885 2477 3226 2552 βουλομένου
3281 2483 3399 2539 τοῖς
3477 2478 3768 2553 πράγμασι

2125 2569 2418 2641 χρῶνται·
2467 2570 2576 2621 τῶν
2622 2565 2986 2622 ἀτοπωτάτων
3033 2563 3078 2620 δ’
3126 2565 3187 2620 ἂν
3237 2564 3321 2635 εἴη
3364 2565 3450 2620 καὶ
3494 2567 3628 2639 πρὸς
3679 2566 3769 2620 αἷ-

2125 2655 2329 2730 σχύνης
2362 2657 2513 2728 ὑμῖν,
2547 2655 2594 2709 εἰ
2643 2660 2723 2728 τῷ
2757 2656 2850 2729 μὲν
2903 2656 3113 2729 Νερούᾳ
3139 2653 3311 2710 πάλαι
3357 2651 3424 2724 δή
3477 2675 3624 2714 τινος
3677 2654 3770 2710 ὅτι

2123 2766 2224 2819 περ
2276 2744 2423 2819 εὕροι
2473 2765 2578 2798 που
2629 2743 2898 2818 θησαυρὸν
2940 2743 3248 2817 εἰρηκότος,
3287 2744 3376 2798 καὶ
3427 2739 3510 2797 δεῖ
3556 2738 3771 2816 λαμϐάς

2123 2855 2231 2888 νειν
2272 2832 2500 2902 ἐκεῖνον,
2532 2835 2560 2888 ὁ
2613 2834 2706 2905 μέν
2735 2833 2895 2888 αὐτὸν
2944 2831 3191 2889 ἐκέλευσε
3234 2834 3472 2906 χρῆσθαι
3507 2849 3521 2863 ·
3572 2835 3668 2885 τοῦ
3716 2829 3770 2884 δ’

2126 2923 2209 2977 ὅτι
2258 2922 2457 2994 μείζων
2509 2922 2545 2991 ἢ
2594 2923 2711 2977 κατ’
2763 2918 2988 2992 ἰδιώτην
3033 2922 3061 2975 ὁ
3109 2921 3381 2993 θησαυρός
3432 2920 3544 2974 ἐστι
3591 2939 3765 2992 προσ-

2126 3013 2330 3080 θέντος,
2379 3011 2546 3074 αὐτὸς
2585 3010 2751 3066 πάλιν
2800 3005 2901 3088 ἔφη
2946 3011 3037 3064 καὶ
3089 3011 3514 3084 καταχρῆσθαι·
3566 3007 3759 3064 ἄτοπον

2126 3101 2238 3169 οῦν,
2297 3102 2342 3156 εἰ
2396 3102 2424 3156 ὁ
2485 3101 2580 3174 μὶν
2659 3099 2802 3156 οὕτω
2860 3098 3206 3170 δικαιοσύνης
3262 3099 3354 3154 καὶ
3423 3103 3522 3153 τοῦ
3582 3095 3756 3158 καλῶς

2127 3186 2353 3267 ἔχοντος
2397 3189 2693 3261 πεποίηται
2740 3188 2924 3266 λόγον,
2973 3189 3049 3252 ὡς
3093 3187 3185 3243 καὶ
3233 3190 3329 3242 τοῦ
3374 3185 3761 3262 περιτυχόντος

2043 3271 2087 3340 C
2126 3278 2313 3342 δόντος
2347 3280 2450 3335 οὐκ
2480 3279 2858 3353 ἐπεστράφθαι,
2883 3277 3015 3352 ἀνὴρ
3047 3275 3178 3350 μάλ’
3207 3275 3422 3346 Ἕλλην
3451 3277 3538 3330 καὶ
3571 3273 3760 3352 πόῤῥω

2123 3373 2220 3424 τοῦ
2264 3370 2380 3423 καθ’
2427 3371 2576 3440 ἡμᾶς
2625 3363 2926 3440 συνεδρίου,
2990 3367 3146 3438 ὑμεῖς
3197 3362 3241 3418 δ’
3291 3365 3342 3419 εἴ
3397 3365 3487 3418 καὶ
3546 3363 3765 3438 μάλιστ’

2125 3453 2367 3528 εὐσεϐείᾳ
2422 3461 2686 3527 συζῶντες
2759 3456 2848 3510 καὶ
2925 3453 3118 3528 νόμοις
3179 3455 3350 3528 ἱεροῖς
3427 3451 3768 3531 ἐντραφέντες

2125 3546 2213 3602 ἐπὶ
2287 3550 2568 3614 τοσοῦτον,
2629 3543 2704 3599 ⁹ίν’
2774 3541 3039 3617 εὒφήμως
3109 3541 3273 3611 εἹπω,
3349 3539 3771 3618 μεγαλοψυχίας

2127 3637 2378 3714 ἀφῖχθαι,
2410 3637 2484 3697 ὡς
2518 3635 2594 3709 μὴ
2650 3636 2811 3708 μόνον
2843 3638 2949 3688 τῶν
2996 3631 3311 3706 εὑρημένων
3341 3631 3416 3693 ὠς
3469 3631 3594 3702 ὑμῖν
3645 3629 3775 3684 δια-

2127 3725 2398 3802 φερόντων
2451 3724 2869 3793 ἀντιποιεῖσθαι,
2899 3720 3048 3777 ἀλλὰ
3091 3721 3182 3774 καὶ
3214 3721 3290 3781 ὡς
3337 3718 3463 3794 περὶ
3517 3719 3775 3792 μείζονος

2129 3812 2502 3889 δυσχεραίνειν
2545 3817 2645 3867 τοῦ
2692 3814 2993 3886 θησαυροῦ,
3041 3810 3130 3864 καὶ
3187 3809 3254 3864 τά
3308 3807 3585 3862 δεινότατα
3629 3807 3773 3862 πάν-

2127 3925 2235 3960 των
2294 3903 2430 3976 πρὸς
2488 3902 2720 3971 ἀπειλὴν
2777 3899 2856 3977 ἐφ’
2915 3901 2961 3972 ᾧ
3033 3899 3097 3953 τὸ
3165 3897 3397 3969 ξύμπαν,
3455 3897 3530 3958 ὡς
3609 3894 3774 3952 οἴεσθ’

2133 3995 2311 4066 ὑμεῖς,
2355 3992 2587 4069 ἐμφανὲς
2642 3991 2960 4066 γεγενῆσθαι
2994 4005 3009 4020 ⁶
3062 3987 3161 4042 οὐκ
3217 3985 3419 4047 εἰδότες
3475 3985 3628 4047 ὅσοις
3677 3986 3768 4040 καὶ

2139 4082 2351 4152 ἡλίκοις
2397 4081 2632 4136 ἐντεῦθεν
2681 4079 2991 4154 ἐγκλήμασι
3041 4076 3412 4150 περιπίπτετε,
3461 4079 3622 4130 τοῦτο
3675 4075 3773 4146 μὲν

2131 4171 2366 4240 ἀδικίας,
2446 4175 2607 4226 τοῦτο
2694 4167 2751 4224 δὲ
2833 4167 3190 4244 συκοφαντίας
3274 4166 3365 4218 καὶ
3457 4162 3778 4234 πλεονεξίας

2135 4260 2510 4334 ἁλισκόμενοι,
2558 4259 2649 4316 καὶ
2697 4257 2918 4332 προσέτι
2974 4253 3428 4329 προσκρούοντες,
3487 4253 3561 4313 ὡς
3615 4251 3773 4329 ἔφην,

2136 4355 2253 4421 Θεῷ
2287 4371 2300 4382 ·
2333 4350 2434 4404 εἶθ’
2483 4349 2517 4404 ἃ
2550 4347 2681 4420 μηδ’
2710 4347 2769 4401 ἂν
2822 4348 2902 4407 εἷς
2945 4345 3032 4399 ὑπ’
3081 4343 3314 4418 ἐχθρῶν.
3348 4344 3528 4414 οἶμαι,
3579 4338 3777 4414 δέξαιτ’

2135 4439 2373 4506 ἀκούειν,
2429 4438 2580 4492 ταῦθ’
2641 4436 2796 4508 ὑμεῖς
2855 4435 2980 4507 ὑμῖν
3042 4432 3229 4494 αὐτοῖς
3288 4430 3580 4484 ἐπισπᾶσθε
3613 4448 3626 4462 ⁸
3685 4429 3779 4483 καὶ

2137 4529 2189 4584 τί
2222 4525 2478 4583 τοσοῦτόν
2526 4523 2668 4579 ἐστιν
2711 4522 2763 4578 ἐν
2815 4526 3131 4595 θησαυροῖς,
3177 4517 3248 4574 δι’
3298 4519 3327 4573 ’ὀ
3373 4518 3639 4588 τοσαύτης
3687 4517 3781 4571 καὶ

2064 4635 2110 4700 D
2141 4617 2482 4689 τηλικαύτης
2539 4613 2739 4690 ἀνάγκη
2795 4620 2897 4700 τῆς
2967 4611 3140 4673 αἰτίας
3193 4609 3596 4700 κληρονομεῖνς
3671 4608 3781 4700 ἐγιῖυ

2145 4708 2240 4780 μὲν
2288 4708 2391 4782 γὰρ
2451 4705 2584 4778 ὑπὲρ
2629 4707 2727 4758 τοῦ
2782 4699 2951 4775 μηδέν
2993 4721 3047 4756 τι
3093 4703 3346 4754 τοιοῦτον
3393 4697 3630 4762 ἀκούειν,
3685 4697 3776 4750 καὶ

2143 4796 2465 4868 ξυμπάντων
2521 4793 2580 4848 ἃν
2651 4794 2956 4865 θησαυρῶν,
3016 4789 3062 4844 εἰ
3135 4789 3325 4863 κύριος
3397 4789 3485 4856 ἦν,
3566 4785 3780 4859 ἐξέστην

2139 4887 2397 4957 ἑτοίμως.
2453 4882 2515 4939 Εἰ
2568 4883 2748 4937 τοίνυν
2807 4881 2868 4935 τὸ
2941 4880 3034 4952 μὲν
3091 4880 3385 4951 θησαυροῖς
3459 4874 3779 4952 ἐφεδρεύειν,

2139 4975 2407 5044 πλείστην
2459 4971 2590 5042 ὅσην
2642 4971 2732 5026 καὶ
2781 4971 2918 5043 πρὸς
2965 4972 3099 5024 Θεοῦ
3146 4967 3238 5022 καὶ
3287 4968 3424 5041 πρὸς
3479 4963 3778 5039 ἀνθρώπων

2138 5066 2352 5136 νέμεσιν
2389 5062 2555 5140 ἴσχει,
2604 5062 2666 5116 τὸ
2717 5058 2764 5114 δ’
2794 5057 2861 5114 αὖ
2907 5058 3117 5113 τούτων
3145 5056 3258 5116 τοίς
3311 5056 3598 5129 εὑρηκόσιν
3647 5051 3782 5131 ἀφί-

2141 5155 2364 5209 στασθαι
2410 5156 2516 5206 τῶν
2567 5149 2975 5221 ἐπαινουμένων
3027 5147 3166 5202 ἐστὶν
3227 5145 3302 5207 ὡς
3353 5141 3599 5214 ἀληθῶς,
3649 5142 3781 5197 ἑλοῦ

2138 5244 2202 5298 τὸ
2278 5239 2551 5315 δεύτερον,
2614 5238 2660 5294 ὦ
2741 5235 2986 5313 βασιλεῦ,
3049 5233 3142 5288 ’ίνα
3217 5234 3292 5306 μὴ
3366 5230 3658 5307 περιπέσῃς
3729 5229 3782 5302 ἐξ

2141 5333 2380 5405 ἀνάγκης
2438 5334 2519 5402 τῷ
2595 5329 2821 5404 πρώτῳ,
2877 5324 2970 5380 καὶ
3039 5323 3402 5396 θαυμάζεσθαι
3467 5318 3679 5393 μᾶλλον
3745 5320 3784 5388 ἢ

2139 5421 2449 5490 κακίζεσθαι
2484 5436 2498 5449 ·
2557 5418 2650 5472 καὶ
2713 5413 3095 5491 μηδειστισοῦν
3152 5411 3239 5466 ἐπὶ
3295 5415 3391 5466 σοῦ
3447 5412 3556 5465 τῶν
3612 5407 3787 5463 ἁπάν-

2140 5531 2249 5567 των
2313 5509 2578 5584 ἄνθρακας
2635 5504 2764 5582 εὕρῃ
2816 5502 2950 5568 τοὺς
3003 5500 3329 5575 θησαυροὺς,
3385 5499 3465 5571 τῷ
3531 5495 3784 5584 διακενῆς

2144 5583 2479 5675 εὑρηκέναι·
2529 5593 2660 5652 ἀλλ’
2709 5597 2794 5657 οἷς
2839 5597 3002 5650 τοῦτο
3059 5591 3308 5664 μισήσεις
3367 5589 3531 5643 ἅπασι
3587 5583 3779 5675 δεῖξον,

2147 5673 2223 5750 ὡς
2271 5687 2322 5742 εἰ
2357 5685 2448 5743 καὶ
2495 5685 2750 5742 κάκιστον
2795 5680 2855 5738 δν
2903 5681 3133 5755 πρόσθεν
3183 5678 3478 5746 ἐλάνθανε;
3521 5677 3613 5732 νῦν
3671 5673 3780 5730 ὑπὸ
