  <div class='ocr_page' id='page_1' title='image "/cluster/home/n/w/nwhite01/storage/ocr_20150623/145/mdp.39015061167048/248.png"; bbox 0 0 4062 6308; ppageno 0'>
   <div class='ocr_carea' id='block_1_1' title="bbox 277 382 394 442">
    <p class='ocr_par' dir='ltr' id='par_1_1' title="bbox 277 382 394 442">
     <span class='ocr_line' id='line_1_1' title="bbox 277 382 394 442; baseline 0 0"><span class='ocrx_word' id='word_1_1' title='bbox 277 382 394 442; x_wconf 75' lang='grc'>481</span> 
     </span>
    </p>
   </div>
   <div class='ocr_carea' id='block_1_2' title="bbox 1424 399 2530 465">
    <p class='ocr_par' dir='ltr' id='par_1_2' title="bbox 1424 399 2530 465">
     <span class='ocr_line' id='line_1_2' title="bbox 1424 399 2530 465; baseline 0.002 -7"><span class='ocrx_word' id='word_1_2' title='bbox 1424 399 1719 461; x_wconf 77' lang='lat' dir='ltr'>ORATIO</span> <span class='ocrx_word' id='word_1_3' title='bbox 1761 399 1865 461; x_wconf 91' lang='lat' dir='ltr'><strong>DE</strong></span> <span class='ocrx_word' id='word_1_4' title='bbox 1907 401 2134 464; x_wconf 84' lang='lat' dir='ltr'><strong>REGIS</strong></span> <span class='ocrx_word' id='word_1_5' title='bbox 2177 403 2530 465; x_wconf 85' lang='lat' dir='ltr'><strong>OFFlCllS.</strong></span> 
     </span>
    </p>
   </div>
   <div class='ocr_carea' id='block_1_3' title="bbox 3556 411 3677 471">
    <p class='ocr_par' dir='ltr' id='par_1_3' title="bbox 3556 411 3677 471">
     <span class='ocr_line' id='line_1_3' title="bbox 3556 411 3677 471; baseline 0.025 -2"><span class='ocrx_word' id='word_1_6' title='bbox 3556 411 3677 471; x_wconf 72' lang='lat'>482</span> 
     </span>
    </p>
   </div>
   <div class='ocr_carea' id='block_1_4' title="bbox 280 515 2026 608">
    <p class='ocr_par' dir='ltr' id='par_1_4' title="bbox 280 515 2026 608">
     <span class='ocr_line' id='line_1_4' title="bbox 280 515 2026 608; baseline 0.013 -40"><span class='ocrx_word' id='word_1_7' title='bbox 280 520 382 569; x_wconf 87' lang='grc' dir='ltr'>σοῦ</span> <span class='ocrx_word' id='word_1_8' title='bbox 412 515 601 581; x_wconf 87' lang='grc' dir='ltr'>καλῶς</span> <span class='ocrx_word' id='word_1_9' title='bbox 647 526 748 575; x_wconf 90' lang='grc' dir='ltr'>τοῦ</span> <span class='ocrx_word' id='word_1_10' title='bbox 796 524 953 578; x_wconf 85' lang='grc' dir='ltr'>πάντ’</span> <span class='ocrx_word' id='word_1_11' title='bbox 999 525 1229 599; x_wconf 83' lang='grc' dir='ltr'>ἀρίστου</span> <span class='ocrx_word' id='word_1_12' title='bbox 1290 531 1379 583; x_wconf 81' lang='grc' dir='ltr'>καὶ</span> <span class='ocrx_word' id='word_1_13' title='bbox 1425 533 1743 604; x_wconf 81' lang='grc' dir='ltr'>θαυμαστοῦ</span> <span class='ocrx_word' id='word_1_14' title='bbox 1789 536 1942 608; x_wconf 83' lang='grc' dir='ltr'>βασι·</span> <span class='ocrx_word' id='word_1_15' title='bbox 1971 541 2026 606; x_wconf 70' lang='grc' dir='ltr'><strong>Α</strong></span> 
     </span>
    </p>
   </div>
   <div class='ocr_carea' id='block_1_5' title="bbox 276 601 1926 697">
    <p class='ocr_par' dir='ltr' id='par_1_5' title="bbox 276 601 1926 697">
     <span class='ocr_line' id='line_1_5' title="bbox 276 601 1926 697; baseline 0.013 -40"><span class='ocrx_word' id='word_1_16' title='bbox 276 601 421 697; x_wconf 74' lang='grc' dir='ltr'>λέως</span> <span class='ocrx_word' id='word_1_17' title='bbox 479 604 884 684; x_wconf 78' lang='grc' dir='ltr'>ἐξελήλεγκται,</span> <span class='ocrx_word' id='word_1_18' title='bbox 944 613 1019 674; x_wconf 86' lang='grc' dir='ltr'>ὡς</span> <span class='ocrx_word' id='word_1_19' title='bbox 1079 612 1222 686; x_wconf 81' lang='grc' dir='ltr'>μηδὲ</span> <span class='ocrx_word' id='word_1_20' title='bbox 1298 624 1416 679; x_wconf 90' lang='grc' dir='ltr'>τοῖς</span> <span class='ocrx_word' id='word_1_21' title='bbox 1492 601 1926 697; x_wconf 57' lang='grc' dir='ltr'>ἐπιγιγνομίνοις</span> 
     </span>
    </p>
   </div>
   <div class='ocr_carea' id='block_1_6' title="bbox 271 690 807 761">
    <p class='ocr_par' dir='ltr' id='par_1_6' title="bbox 271 690 807 761">
     <span class='ocr_line' id='line_1_6' title="bbox 271 690 807 761; baseline 0.019 -17"><span class='ocrx_word' id='word_1_22' title='bbox 271 690 473 761; x_wconf 80' lang='grc' dir='ltr'>ἐξεῖναι</span> <span class='ocrx_word' id='word_1_23' title='bbox 503 693 807 755; x_wconf 87' lang='grc' dir='ltr'>λανθάνειν,</span> 
     </span>
    </p>
   </div>
   <div class='ocr_carea' id='block_1_7' title="bbox 352 784 1926 869">
    <p class='ocr_par' dir='ltr' id='par_1_7' title="bbox 352 784 1926 869">
     <span class='ocr_line' id='line_1_7' title="bbox 352 784 1926 869; baseline 0.012 -34"><span class='ocrx_word' id='word_1_24' title='bbox 352 784 457 838; x_wconf 86' lang='grc' dir='ltr'>κα’.</span> <span class='ocrx_word' id='word_1_25' title='bbox 492 785 592 838; x_wconf 81' lang='grc' dir='ltr'>Καὶ</span> <span class='ocrx_word' id='word_1_26' title='bbox 636 787 744 857; x_wconf 78' lang='grc' dir='ltr'>μήν</span> <span class='ocrx_word' id='word_1_27' title='bbox 779 789 868 842; x_wconf 82' lang='grc' dir='ltr'>καὶ</span> <span class='ocrx_word' id='word_1_28' title='bbox 915 791 976 844; x_wconf 86' lang='grc' dir='ltr'>τὸ</span> <span class='ocrx_word' id='word_1_29' title='bbox 1014 798 1129 853; x_wconf 89' lang='grc' dir='ltr'>τοῖς</span> <span class='ocrx_word' id='word_1_30' title='bbox 1173 793 1459 865; x_wconf 80' lang='grc' dir='ltr'>ὑπηκόοις,</span> <span class='ocrx_word' id='word_1_31' title='bbox 1512 795 1728 854; x_wconf 74' lang='grc' dir='ltr'>ἐπειδὰν</span> <span class='ocrx_word' id='word_1_32' title='bbox 1769 801 1926 869; x_wconf 79' lang='grc' dir='ltr'>ἡστι-</span> 
     </span>
    </p>
   </div>
   <div class='ocr_carea' id='block_1_8' title="bbox 273 872 1922 964">
    <p class='ocr_par' dir='ltr' id='par_1_8' title="bbox 273 872 1922 964">
     <span class='ocr_line' id='line_1_8' title="bbox 273 872 1922 964; baseline 0.014 -43"><span class='ocrx_word' id='word_1_33' title='bbox 273 875 474 924; x_wconf 80' lang='grc' dir='ltr'>νοσοῦν</span> <span class='ocrx_word' id='word_1_34' title='bbox 533 872 952 950; x_wconf 76' lang='grc' dir='ltr'>καταλαϐούσης</span> <span class='ocrx_word' id='word_1_35' title='bbox 1010 882 1245 958; x_wconf 78' lang='grc' dir='ltr'>ἀνάγκης</span> <span class='ocrx_word' id='word_1_36' title='bbox 1300 884 1542 960; x_wconf 83' lang='grc' dir='ltr'>ἀπορῆτε</span> <span class='ocrx_word' id='word_1_37' title='bbox 1591 890 1922 964; x_wconf 89' lang='grc' dir='ltr'>χρημάτων,</span> 
     </span>
    </p>
   </div>
   <div class='ocr_carea' id='block_1_9' title="bbox 273 957 1924 1053">
    <p class='ocr_par' dir='ltr' id='par_1_9' title="bbox 273 957 1924 1053">
     <span class='ocr_line' id='line_1_9' title="bbox 273 957 1924 1053; baseline 0.014 -42"><span class='ocrx_word' id='word_1_38' title='bbox 273 957 449 1014; x_wconf 85' lang='grc' dir='ltr'>ἔπειτ’</span> <span class='ocrx_word' id='word_1_39' title='bbox 486 961 742 1040; x_wconf 82' lang='grc' dir='ltr'>εἰσφορὰς</span> <span class='ocrx_word' id='word_1_40' title='bbox 795 965 1118 1042; x_wconf 82' lang='grc' dir='ltr'>ἐπιτάττειν,</span> <span class='ocrx_word' id='word_1_41' title='bbox 1166 973 1258 1026; x_wconf 84' lang='grc' dir='ltr'>καὶ</span> <span class='ocrx_word' id='word_1_42' title='bbox 1313 971 1383 1028; x_wconf 85' lang='grc' dir='ltr'>δι’</span> <span class='ocrx_word' id='word_1_43' title='bbox 1429 974 1606 1032; x_wconf 85' lang='grc' dir='ltr'>αὐτῶν</span> <span class='ocrx_word' id='word_1_44' title='bbox 1656 980 1924 1053; x_wconf 78' lang='grc' dir='ltr'>αἱρεῖσθαι</span> 
     </span>
    </p>
   </div>
   <div class='ocr_carea' id='block_1_10' title="bbox 269 1047 1922 1138">
    <p class='ocr_par' dir='ltr' id='par_1_10' title="bbox 269 1047 1922 1138">
     <span class='ocr_line' id='line_1_10' title="bbox 269 1047 1922 1138; baseline 0.013 -36"><span class='ocrx_word' id='word_1_45' title='bbox 269 1051 348 1102; x_wconf 76' lang='grc' dir='ltr'>τὰ</span> <span class='ocrx_word' id='word_1_46' title='bbox 384 1047 575 1106; x_wconf 87' lang='grc' dir='ltr'>δίοντα</span> <span class='ocrx_word' id='word_1_47' title='bbox 618 1056 891 1128; x_wconf 85' lang='grc' dir='ltr'>πράττειν,</span> <span class='ocrx_word' id='word_1_48' title='bbox 960 1064 1076 1122; x_wconf 87' lang='grc' dir='ltr'>πῶς</span> <span class='ocrx_word' id='word_1_49' title='bbox 1145 1061 1245 1115; x_wconf 83' lang='grc' dir='ltr'>οὐκ</span> <span class='ocrx_word' id='word_1_50' title='bbox 1307 1063 1553 1137; x_wconf 88' lang='grc' dir='ltr'>ἀτεχνῶς</span> <span class='ocrx_word' id='word_1_51' title='bbox 1623 1066 1828 1138; x_wconf 83' lang='grc' dir='ltr'>βίαιον,</span> <span class='ocrx_word' id='word_1_52' title='bbox 1885 1068 1922 1138; x_wconf 74' lang='grc' dir='ltr'><strong>ἢ</strong></span> 
     </span>
    </p>
   </div>
   <div class='ocr_carea' id='block_1_11' title="bbox 270 1139 1922 1226">
    <p class='ocr_par' dir='ltr' id='par_1_11' title="bbox 270 1139 1922 1226">
     <span class='ocr_line' id='line_1_11' title="bbox 270 1139 1922 1226; baseline 0.013 -36"><span class='ocrx_word' id='word_1_53' title='bbox 270 1142 394 1201; x_wconf 85' lang='grc' dir='ltr'>πῶς</span> <span class='ocrx_word' id='word_1_54' title='bbox 424 1139 526 1195; x_wconf 82' lang='grc' dir='ltr'>οὐκ</span> <span class='ocrx_word' id='word_1_55' title='bbox 564 1139 664 1212; x_wconf 78' lang='grc' dir='ltr'>ἔξω</span> <span class='ocrx_word' id='word_1_56' title='bbox 713 1151 814 1214; x_wconf 83' lang='grc' dir='ltr'>τῆς</span> <span class='ocrx_word' id='word_1_57' title='bbox 861 1149 993 1221; x_wconf 80' lang='grc' dir='ltr'>παρ’</span> <span class='ocrx_word' id='word_1_58' title='bbox 1050 1149 1203 1222; x_wconf 80' lang='grc' dir='ltr'>ὑμῶν</span> <span class='ocrx_word' id='word_1_59' title='bbox 1263 1151 1630 1226; x_wconf 72' lang='grc' dir='ltr'>ὀφειλομένης</span> <span class='ocrx_word' id='word_1_60' title='bbox 1677 1159 1922 1212; x_wconf 84' lang='grc' dir='ltr'>τουτοισὶ</span> 
     </span>
    </p>
   </div>
   <div class='ocr_carea' id='block_1_12' title="bbox 266 1231 1920 1320">
    <p class='ocr_par' dir='ltr' id='par_1_12' title="bbox 266 1231 1920 1320">
     <span class='ocr_line' id='line_1_12' title="bbox 266 1231 1920 1320; baseline 0.013 -40"><span class='ocrx_word' id='word_1_61' title='bbox 266 1231 658 1300; x_wconf 83' lang='grc' dir='ltr'>προμηθείας;</span> <span class='ocrx_word' id='word_1_62' title='bbox 705 1233 796 1288; x_wconf 79' lang='grc' dir='ltr'>καὶ</span> <span class='ocrx_word' id='word_1_63' title='bbox 847 1236 875 1290; x_wconf 82' lang='grc' dir='ltr'><strong>ὃ</strong></span> <span class='ocrx_word' id='word_1_64' title='bbox 923 1238 1120 1293; x_wconf 90' lang='grc' dir='ltr'>τούτου</span> <span class='ocrx_word' id='word_1_65' title='bbox 1182 1245 1390 1312; x_wconf 86' lang='grc' dir='ltr'>μεῖζον,</span> <span class='ocrx_word' id='word_1_66' title='bbox 1441 1242 1568 1316; x_wconf 90' lang='grc' dir='ltr'>πρίν</span> <span class='ocrx_word' id='word_1_67' title='bbox 1613 1245 1663 1320; x_wconf 87' lang='grc' dir='ltr'>γ’</span> <span class='ocrx_word' id='word_1_68' title='bbox 1711 1243 1774 1299; x_wconf 75' lang='grc' dir='ltr'>ἂν</span> <span class='ocrx_word' id='word_1_69' title='bbox 1824 1247 1920 1301; x_wconf 76' lang='grc' dir='ltr'>αύ·</span> 
     </span>
    </p>
   </div>
   <div class='ocr_carea' id='block_1_13' title="bbox 262 1316 1916 1403">
    <p class='ocr_par' dir='ltr' id='par_1_13' title="bbox 262 1316 1916 1403">
     <span class='ocr_line' id='line_1_13' title="bbox 262 1316 1916 1403; baseline 0.013 -34"><span class='ocrx_word' id='word_1_70' title='bbox 262 1316 398 1379; x_wconf 80' lang='grc' dir='ltr'>τοὺς</span> <span class='ocrx_word' id='word_1_71' title='bbox 440 1319 498 1372; x_wconf 77' lang='grc' dir='ltr'><strong>εὖ</strong></span> <span class='ocrx_word' id='word_1_72' title='bbox 535 1328 785 1392; x_wconf 84' lang='grc' dir='ltr'>ποιῆσαι,</span> <span class='ocrx_word' id='word_1_73' title='bbox 831 1321 901 1379; x_wconf 85' lang='grc' dir='ltr'>δι’</span> <span class='ocrx_word' id='word_1_74' title='bbox 940 1327 1017 1381; x_wconf 85' lang='grc' dir='ltr'>ὧν</span> <span class='ocrx_word' id='word_1_75' title='bbox 1071 1328 1204 1403; x_wconf 79' lang='grc' dir='ltr'>ὑπὲρ</span> <span class='ocrx_word' id='word_1_76' title='bbox 1254 1329 1426 1384; x_wconf 82' lang='grc' dir='ltr'>αὐτῶν</span> <span class='ocrx_word' id='word_1_77' title='bbox 1473 1334 1622 1387; x_wconf 86' lang='grc' dir='ltr'>ταῦτ’</span> <span class='ocrx_word' id='word_1_78' title='bbox 1671 1333 1916 1391; x_wconf 83' lang='grc' dir='ltr'>ἀπαιτεῖν</span> 
     </span>
    </p>
   </div>
   <div class='ocr_carea' id='block_1_14' title="bbox 265 1402 1918 1488">
    <p class='ocr_par' dir='ltr' id='par_1_14' title="bbox 265 1402 1918 1488">
     <span class='ocr_line' id='line_1_14' title="bbox 265 1402 1918 1488; baseline 0.013 -29"><span class='ocrx_word' id='word_1_79' title='bbox 265 1402 616 1478; x_wconf 86' lang='grc' dir='ltr'>διατείνεσθε,</span> <span class='ocrx_word' id='word_1_80' title='bbox 669 1413 888 1488; x_wconf 76' lang='grc' dir='ltr'><strong>φθάνετε</strong></span> <span class='ocrx_word' id='word_1_81' title='bbox 942 1420 1124 1478; x_wconf 88' lang='grc' dir='ltr'>κακῶς</span> <span class='ocrx_word' id='word_1_82' title='bbox 1178 1419 1409 1481; x_wconf 80' lang='grc' dir='ltr'>τούτους</span> <span class='ocrx_word' id='word_1_83' title='bbox 1467 1426 1750 1484; x_wconf 90' lang='grc' dir='ltr'>ποιοῦντες</span> <span class='ocrx_word' id='word_1_84' title='bbox 1798 1429 1918 1486; x_wconf 90' lang='grc' dir='ltr'>ταῖς</span> 
     </span>
    </p>
   </div>
   <div class='ocr_carea' id='block_1_15' title="bbox 263 1494 1914 1580">
    <p class='ocr_par' dir='ltr' id='par_1_15' title="bbox 263 1494 1914 1580">
     <span class='ocr_line' id='line_1_15' title="bbox 263 1494 1914 1580; baseline 0.012 -32"><span class='ocrx_word' id='word_1_85' title='bbox 263 1494 554 1574; x_wconf 70' lang='grc' dir='ltr'>εἰσφοραῖς</span> <span class='ocrx_word' id='word_1_86' title='bbox 578 1519 590 1532; x_wconf 91' lang='grc'>·</span> <span class='ocrx_word' id='word_1_87' title='bbox 644 1500 689 1554; x_wconf 79' lang='grc' dir='ltr'>εἷ</span> <span class='ocrx_word' id='word_1_88' title='bbox 726 1503 821 1574; x_wconf 76' lang='grc' dir='ltr'>μὲν</span> <span class='ocrx_word' id='word_1_89' title='bbox 850 1504 956 1580; x_wconf 80' lang='grc' dir='ltr'>γὰρ</span> <span class='ocrx_word' id='word_1_90' title='bbox 1000 1504 1100 1560; x_wconf 87' lang='grc' dir='ltr'>ούκ</span> <span class='ocrx_word' id='word_1_91' title='bbox 1139 1507 1229 1578; x_wconf 75' lang='grc' dir='ltr'>ἦν,</span> <span class='ocrx_word' id='word_1_92' title='bbox 1271 1507 1370 1562; x_wconf 84' lang='grc' dir='ltr'>οὐκ</span> <span class='ocrx_word' id='word_1_93' title='bbox 1406 1508 1533 1579; x_wconf 78' lang='grc' dir='ltr'>ἐνῆν</span> <span class='ocrx_word' id='word_1_94' title='bbox 1583 1512 1799 1566; x_wconf 80' lang='grc' dir='ltr'><strong>ὁθενοῦν</strong></span> <span class='ocrx_word' id='word_1_95' title='bbox 1851 1515 1914 1569; x_wconf 86' lang='grc' dir='ltr'>τὸ</span> 
     </span>
    </p>
   </div>
   <div class='ocr_carea' id='block_1_16' title="bbox 260 1586 1914 1679">
    <p class='ocr_par' dir='ltr' id='par_1_16' title="bbox 260 1586 1914 1679">
     <span class='ocr_line' id='line_1_16' title="bbox 260 1586 1914 1679; baseline 0.013 -43"><span class='ocrx_word' id='word_1_96' title='bbox 260 1586 527 1657; x_wconf 85' lang='grc' dir='ltr'>παράπαν</span> <span class='ocrx_word' id='word_1_97' title='bbox 582 1591 847 1663; x_wconf 85' lang='grc' dir='ltr'>χρήματα</span> <span class='ocrx_word' id='word_1_98' title='bbox 901 1593 1248 1670; x_wconf 82' lang='grc' dir='ltr'>πεπορίσθαι,</span> <span class='ocrx_word' id='word_1_99' title='bbox 1315 1593 1542 1661; x_wconf 79' lang='grc' dir='ltr'>εἰκότως</span> <span class='ocrx_word' id='word_1_100' title='bbox 1591 1598 1651 1653; x_wconf 81' lang='grc' dir='ltr'>ἂν</span> <span class='ocrx_word' id='word_1_101' title='bbox 1699 1600 1914 1679; x_wconf 66' lang='grc' dir='ltr'>εἰσέφε-</span> 
     </span>
    </p>
   </div>
   <div class='ocr_carea' id='block_1_17' title="bbox 259 1675 1914 1767">
    <p class='ocr_par' dir='ltr' id='par_1_17' title="bbox 259 1675 1914 1767">
     <span class='ocr_line' id='line_1_17' title="bbox 259 1675 1914 1767; baseline 0.012 -41"><span class='ocrx_word' id='word_1_102' title='bbox 259 1694 361 1748; x_wconf 89' lang='grc' dir='ltr'>ρον</span> <span class='ocrx_word' id='word_1_103' title='bbox 397 1675 576 1732; x_wconf 82' lang='grc' dir='ltr'>οὗτοι.</span> <span class='ocrx_word' id='word_1_104' title='bbox 620 1679 682 1734; x_wconf 87' lang='grc' dir='ltr'>Εἰ</span> <span class='ocrx_word' id='word_1_105' title='bbox 714 1677 759 1733; x_wconf 88' lang='grc' dir='ltr'>δ’</span> <span class='ocrx_word' id='word_1_106' title='bbox 789 1679 902 1738; x_wconf 82' lang='grc' dir='ltr'>ἔστι</span> <span class='ocrx_word' id='word_1_107' title='bbox 947 1685 1039 1756; x_wconf 77' lang='grc' dir='ltr'>μὲν</span> <span class='ocrx_word' id='word_1_108' title='bbox 1089 1685 1264 1749; x_wconf 84' lang='grc' dir='ltr'>πολὺς</span> <span class='ocrx_word' id='word_1_109' title='bbox 1313 1686 1369 1741; x_wconf 85' lang='grc' dir='ltr'>ἐν</span> <span class='ocrx_word' id='word_1_110' title='bbox 1412 1687 1730 1761; x_wconf 82' lang='grc' dir='ltr'>κειμηλίοις</span> <span class='ocrx_word' id='word_1_111' title='bbox 1781 1675 1914 1767; x_wconf 84' lang='grc' dir='ltr'>χρυ-</span> 
     </span>
    </p>
   </div>
   <div class='ocr_carea' id='block_1_18' title="bbox 259 1762 1911 1859">
    <p class='ocr_par' dir='ltr' id='par_1_18' title="bbox 259 1762 1911 1859">
     <span class='ocr_line' id='line_1_18' title="bbox 259 1762 1911 1859; baseline 0.012 -43"><span class='ocrx_word' id='word_1_112' title='bbox 259 1765 384 1832; x_wconf 87' lang='grc' dir='ltr'>σὸς,</span> <span class='ocrx_word' id='word_1_113' title='bbox 431 1762 545 1820; x_wconf 82' lang='grc' dir='ltr'>ἔστι</span> <span class='ocrx_word' id='word_1_114' title='bbox 590 1765 646 1822; x_wconf 82' lang='grc' dir='ltr'>δὲ</span> <span class='ocrx_word' id='word_1_115' title='bbox 682 1766 918 1845; x_wconf 75' lang='grc' dir='ltr'>ἄργυρος</span> <span class='ocrx_word' id='word_1_116' title='bbox 963 1773 1054 1827; x_wconf 86' lang='grc' dir='ltr'>καὶ</span> <span class='ocrx_word' id='word_1_117' title='bbox 1110 1772 1275 1829; x_wconf 90' lang='grc' dir='ltr'>λίθων</span> <span class='ocrx_word' id='word_1_118' title='bbox 1330 1778 1640 1857; x_wconf 79' lang='grc' dir='ltr'>ὑπερφυνής</span> <span class='ocrx_word' id='word_1_119' title='bbox 1686 1780 1911 1859; x_wconf 76' lang='grc' dir='ltr'>ἀφθονία</span> 
     </span>
    </p>
   </div>
   <div class='ocr_carea' id='block_1_19' title="bbox 2102 795 3675 882">
    <p class='ocr_par' dir='ltr' id='par_1_19' title="bbox 2102 795 3675 882">
     <span class='ocr_line' id='line_1_19' title="bbox 2102 795 3675 882; baseline 0.011 -32"><span class='ocrx_word' id='word_1_120' title='bbox 2102 795 2191 852; x_wconf 84' lang='lat' dir='ltr'><strong>2t.</strong></span> <span class='ocrx_word' id='word_1_121' title='bbox 2226 797 2374 854; x_wconf 86' lang='lat' dir='ltr'>Illud</span> <span class='ocrx_word' id='word_1_122' title='bbox 2435 815 2683 872; x_wconf 91' lang='lat' dir='ltr'><strong>quoque,</strong></span> <span class='ocrx_word' id='word_1_123' title='bbox 2718 803 2869 874; x_wconf 91' lang='lat' dir='ltr'><strong>quod</strong></span> <span class='ocrx_word' id='word_1_124' title='bbox 2912 801 2970 858; x_wconf 87' lang='lat' dir='ltr'>in</span> <span class='ocrx_word' id='word_1_125' title='bbox 3031 808 3287 876; x_wconf 71' lang='lat' dir='ltr'><strong>pecunia</strong></span> <span class='ocrx_word' id='word_1_126' title='bbox 3320 807 3563 882; x_wconf 64' lang='lat' dir='ltr'><strong>penuria</strong></span> <span class='ocrx_word' id='word_1_127' title='bbox 3601 811 3675 866; x_wconf 86' lang='lat' dir='ltr'>ad</span> 
     </span>
    </p>
   </div>
   <div class='ocr_carea' id='block_1_20' title="bbox 2032 903 3668 988">
    <p class='ocr_par' dir='ltr' id='par_1_20' title="bbox 2032 903 3668 988">
     <span class='ocr_line' id='line_1_20' title="bbox 2032 903 3668 988; baseline 0.011 -31"><span class='ocrx_word' id='word_1_128' title='bbox 2032 903 2398 962; x_wconf 80' lang='lat' dir='ltr'>subditorum</span> <span class='ocrx_word' id='word_1_129' title='bbox 2432 923 2570 978; x_wconf 90' lang='lat' dir='ltr'><strong>opes</strong></span> <span class='ocrx_word' id='word_1_130' title='bbox 2615 910 2936 979; x_wconf 87' lang='lat' dir='ltr'><strong>recurritis,</strong></span> <span class='ocrx_word' id='word_1_131' title='bbox 2985 929 3097 968; x_wconf 89' lang='lat' dir='ltr'>non</span> <span class='ocrx_word' id='word_1_132' title='bbox 3147 915 3276 971; x_wconf 88' lang='lat' dir='ltr'><strong>sine</strong></span> <span class='ocrx_word' id='word_1_133' title='bbox 3312 917 3365 972; x_wconf 91' lang='lat' dir='ltr'>vi</span> <span class='ocrx_word' id='word_1_134' title='bbox 3414 919 3668 988; x_wconf 85' lang='lat' dir='ltr'><strong>quadam</strong></span> 
     </span>
    </p>
   </div>
   <div class='ocr_carea' id='block_1_21' title="bbox 2031 1008 3668 1094">
    <p class='ocr_par' dir='ltr' id='par_1_21' title="bbox 2031 1008 3668 1094">
     <span class='ocr_line' id='line_1_21' title="bbox 2031 1008 3668 1094; baseline 0.011 -30"><span class='ocrx_word' id='word_1_135' title='bbox 2031 1008 2154 1065; x_wconf 85' lang='lat' dir='ltr'><strong>ﬂeri</strong></span> <span class='ocrx_word' id='word_1_136' title='bbox 2185 1011 2350 1082; x_wconf 90' lang='lat' dir='ltr'><strong>solet,</strong></span> <span class='ocrx_word' id='word_1_137' title='bbox 2398 1030 2501 1070; x_wconf 88' lang='lat' dir='ltr'>nec</span> <span class='ocrx_word' id='word_1_138' title='bbox 2551 1032 2703 1072; x_wconf 67' lang='lat' dir='ltr'><strong>cura:</strong></span> <span class='ocrx_word' id='word_1_139' title='bbox 2737 1021 2989 1088; x_wconf 64' lang='lat' dir='ltr'><strong>paterna</strong></span> <span class='ocrx_word' id='word_1_140' title='bbox 3048 1037 3225 1092; x_wconf 88' lang='lat' dir='ltr'><strong>quam</strong></span> <span class='ocrx_word' id='word_1_141' title='bbox 3258 1022 3386 1079; x_wconf 86' lang='lat' dir='ltr'><strong>istis</strong></span> <span class='ocrx_word' id='word_1_142' title='bbox 3424 1025 3668 1094; x_wconf 81' lang='lat' dir='ltr'><strong>debetis,</strong></span> 
     </span>
    </p>
   </div>
   <div class='ocr_carea' id='block_1_22' title="bbox 2028 1118 3676 1201">
    <p class='ocr_par' dir='ltr' id='par_1_22' title="bbox 2028 1118 3676 1201">
     <span class='ocr_line' id='line_1_22' title="bbox 2028 1118 3676 1201; baseline 0.01 -29"><span class='ocrx_word' id='word_1_143' title='bbox 2028 1118 2312 1176; x_wconf 88' lang='lat' dir='ltr'><strong>convenit.</strong></span> <span class='ocrx_word' id='word_1_144' title='bbox 2362 1122 2525 1178; x_wconf 84' lang='lat' dir='ltr'><strong>Adde</strong></span> <span class='ocrx_word' id='word_1_145' title='bbox 2581 1125 2731 1195; x_wconf 90' lang='lat' dir='ltr'><strong>quod</strong></span> <span class='ocrx_word' id='word_1_146' title='bbox 2781 1126 2942 1197; x_wconf 89' lang='lat' dir='ltr'><strong>prius</strong></span> <span class='ocrx_word' id='word_1_147' title='bbox 2971 1143 3147 1198; x_wconf 87' lang='lat' dir='ltr'><strong>quam</strong></span> <span class='ocrx_word' id='word_1_148' title='bbox 3177 1127 3321 1201; x_wconf 86' lang='lat' dir='ltr'><strong>ipsis</strong></span> <span class='ocrx_word' id='word_1_149' title='bbox 3351 1131 3497 1188; x_wconf 89' lang='lat' dir='ltr'><strong>bene</strong></span> <span class='ocrx_word' id='word_1_150' title='bbox 3527 1133 3676 1188; x_wconf 85' lang='lat' dir='ltr'><strong>faci-</strong></span> 
     </span>
    </p>
   </div>
   <div class='ocr_carea' id='block_1_23' title="bbox 2027 1225 3670 1310">
    <p class='ocr_par' dir='ltr' id='par_1_23' title="bbox 2027 1225 3670 1310">
     <span class='ocr_line' id='line_1_23' title="bbox 2027 1225 3670 1310; baseline 0.011 -30"><span class='ocrx_word' id='word_1_151' title='bbox 2027 1225 2124 1293; x_wconf 87' lang='lat' dir='ltr'><strong>tis,</strong></span> <span class='ocrx_word' id='word_1_152' title='bbox 2157 1229 2555 1288; x_wconf 81' lang='lat' dir='ltr'><strong>exactionibus</strong></span> <span class='ocrx_word' id='word_1_153' title='bbox 2595 1236 2802 1290; x_wconf 86' lang='lat' dir='ltr'><strong>vestris</strong></span> <span class='ocrx_word' id='word_1_154' title='bbox 2833 1235 2983 1292; x_wconf 90' lang='lat' dir='ltr'><strong>male</strong></span> <span class='ocrx_word' id='word_1_155' title='bbox 3029 1236 3102 1292; x_wconf 90' lang='lat' dir='ltr'>ii</span> <span class='ocrx_word' id='word_1_156' title='bbox 3155 1237 3363 1307; x_wconf 86' lang='lat' dir='ltr'><strong>facitis,</strong></span> <span class='ocrx_word' id='word_1_157' title='bbox 3397 1239 3554 1310; x_wconf 89' lang='lat' dir='ltr'><strong>quod</strong></span> <span class='ocrx_word' id='word_1_158' title='bbox 3581 1241 3670 1299; x_wconf 92' lang='lat' dir='ltr'>vel</span> 
     </span>
    </p>
   </div>
   <div class='ocr_carea' id='block_1_24' title="bbox 2027 1335 3666 1418">
    <p class='ocr_par' dir='ltr' id='par_1_24' title="bbox 2027 1335 3666 1418">
     <span class='ocr_line' id='line_1_24' title="bbox 2027 1335 3666 1418; baseline 0.011 -31"><span class='ocrx_word' id='word_1_159' title='bbox 2027 1346 2140 1388; x_wconf 90' lang='lat' dir='ltr'>non</span> <span class='ocrx_word' id='word_1_160' title='bbox 2173 1335 2356 1390; x_wconf 87' lang='lat' dir='ltr'><strong>coacti</strong></span> <span class='ocrx_word' id='word_1_161' title='bbox 2388 1336 2674 1394; x_wconf 83' lang='lat' dir='ltr'><strong>tributum</strong></span> <span class='ocrx_word' id='word_1_162' title='bbox 2705 1339 3011 1406; x_wconf 75' lang='lat' dir='ltr'><strong>solverent.</strong></span> <span class='ocrx_word' id='word_1_163' title='bbox 3036 1341 3142 1398; x_wconf 88' lang='lat' dir='ltr'><strong>Ubi</strong></span> <span class='ocrx_word' id='word_1_164' title='bbox 3165 1348 3360 1401; x_wconf 88' lang='lat' dir='ltr'><strong>autem</strong></span> <span class='ocrx_word' id='word_1_165' title='bbox 3385 1361 3666 1418; x_wconf 87' lang='lat' dir='ltr'><strong>magnum</strong></span> 
     </span>
    </p>
   </div>
   <div class='ocr_carea' id='block_1_25' title="bbox 2024 1438 3669 1521">
    <p class='ocr_par' dir='ltr' id='par_1_25' title="bbox 2024 1438 3669 1521">
     <span class='ocr_line' id='line_1_25' title="bbox 2024 1438 3669 1521; baseline 0.01 -29"><span class='ocrx_word' id='word_1_166' title='bbox 2024 1438 2150 1494; x_wconf 88' lang='lat' dir='ltr'><strong>auri</strong></span> <span class='ocrx_word' id='word_1_167' title='bbox 2183 1443 2658 1516; x_wconf 87' lang='lat' dir='ltr'><strong>pondus,argenti</strong></span> <span class='ocrx_word' id='word_1_168' title='bbox 2689 1450 2747 1502; x_wconf 93' lang='lat' dir='ltr'>et</span> <span class='ocrx_word' id='word_1_169' title='bbox 2767 1445 3026 1520; x_wconf 90' lang='lat' dir='ltr'><strong>lapidum</strong></span> <span class='ocrx_word' id='word_1_170' title='bbox 3061 1449 3442 1521; x_wconf 82' lang='lat' dir='ltr'><strong>pretiosorum</strong></span> <span class='ocrx_word' id='word_1_171' title='bbox 3474 1453 3669 1510; x_wconf 86' lang='lat' dir='ltr'><strong>abun-</strong></span> 
     </span>
    </p>
   </div>
   <div class='ocr_carea' id='block_1_26' title="bbox 2023 1547 3665 1632">
    <p class='ocr_par' dir='ltr' id='par_1_26' title="bbox 2023 1547 3665 1632">
     <span class='ocr_line' id='line_1_26' title="bbox 2023 1547 3665 1632; baseline 0.009 -29"><span class='ocrx_word' id='word_1_172' title='bbox 2023 1547 2220 1604; x_wconf 87' lang='lat' dir='ltr'><strong>dantia</strong></span> <span class='ocrx_word' id='word_1_173' title='bbox 2242 1549 2316 1606; x_wconf 90' lang='lat' dir='ltr'>ad</span> <span class='ocrx_word' id='word_1_174' title='bbox 2346 1551 2645 1623; x_wconf 89' lang='lat' dir='ltr'><strong>publicum</strong></span> <span class='ocrx_word' id='word_1_175' title='bbox 2665 1569 2827 1611; x_wconf 90' lang='lat' dir='ltr'><strong>usum</strong></span> <span class='ocrx_word' id='word_1_176' title='bbox 2851 1560 2936 1611; x_wconf 85' lang='lat' dir='ltr'>est</span> <span class='ocrx_word' id='word_1_177' title='bbox 2965 1557 3274 1630; x_wconf 86' lang='lat' dir='ltr'><strong>destinata,</strong></span> <span class='ocrx_word' id='word_1_178' title='bbox 3291 1559 3390 1616; x_wconf 90' lang='lat' dir='ltr'>ubi</span> <span class='ocrx_word' id='word_1_179' title='bbox 3410 1559 3665 1632; x_wconf 88' lang='lat' dir='ltr'><strong>primum</strong></span> 
     </span>
    </p>
   </div>
   <div class='ocr_carea' id='block_1_27' title="bbox 2021 1659 3666 1739">
    <p class='ocr_par' dir='ltr' id='par_1_27' title="bbox 2021 1659 3666 1739">
     <span class='ocr_line' id='line_1_27' title="bbox 2021 1659 3666 1739; baseline 0.009 -28"><span class='ocrx_word' id='word_1_180' title='bbox 2021 1673 2217 1714; x_wconf 88' lang='lat' dir='ltr'><strong>rerum</strong></span> <span class='ocrx_word' id='word_1_181' title='bbox 2249 1659 2526 1730; x_wconf 62' lang='lat' dir='ltr'><strong>angustiis</strong></span> <span class='ocrx_word' id='word_1_182' title='bbox 2567 1665 2796 1732; x_wconf 81' lang='lat' dir='ltr'><strong>urgent,</strong></span> <span class='ocrx_word' id='word_1_183' title='bbox 2829 1663 2915 1718; x_wconf 85' lang='lat' dir='ltr'>fas</span> <span class='ocrx_word' id='word_1_184' title='bbox 2956 1679 3069 1721; x_wconf 88' lang='lat' dir='ltr'>non</span> <span class='ocrx_word' id='word_1_185' title='bbox 3102 1669 3192 1721; x_wconf 86' lang='lat' dir='ltr'>est</span> <span class='ocrx_word' id='word_1_186' title='bbox 3222 1666 3348 1722; x_wconf 89' lang='lat' dir='ltr'><strong>aliis</strong></span> <span class='ocrx_word' id='word_1_187' title='bbox 3379 1683 3551 1739; x_wconf 91' lang='lat' dir='ltr'><strong>quam</strong></span> <span class='ocrx_word' id='word_1_188' title='bbox 3584 1668 3666 1725; x_wconf 88' lang='lat' dir='ltr'><strong>le-</strong></span> 
     </span>
    </p>
   </div>
   <div class='ocr_carea' id='block_1_28' title="bbox 2019 1764 3660 1846">
    <p class='ocr_par' dir='ltr' id='par_1_28' title="bbox 2019 1764 3660 1846">
     <span class='ocr_line' id='line_1_28' title="bbox 2019 1764 3660 1846; baseline 0.009 -28"><span class='ocrx_word' id='word_1_189' title='bbox 2019 1764 2236 1833; x_wconf 89' lang='lat' dir='ltr'><strong>gitimis</strong></span> <span class='ocrx_word' id='word_1_190' title='bbox 2284 1768 2611 1824; x_wconf 80' lang='lat' dir='ltr'><strong>rationibus</strong></span> <span class='ocrx_word' id='word_1_191' title='bbox 2669 1785 2703 1825; x_wconf 90' lang='lat' dir='ltr'>a</span> <span class='ocrx_word' id='word_1_192' title='bbox 2757 1770 2981 1828; x_wconf 87' lang='lat' dir='ltr'><strong>civibus</strong></span> <span class='ocrx_word' id='word_1_193' title='bbox 3038 1773 3346 1844; x_wconf 83' lang='lat' dir='ltr'><strong>pecuniam</strong></span> <span class='ocrx_word' id='word_1_194' title='bbox 3403 1791 3660 1846; x_wconf 87' lang='lat' dir='ltr'><strong>poscere.</strong></span> 
     </span>
    </p>
   </div>
   <div class='ocr_carea' id='block_1_29' title="bbox 253 1851 1892 1962">
    <p class='ocr_par' dir='ltr' id='par_1_29' title="bbox 253 1851 1892 1962">
     <span class='ocr_line' id='line_1_29' title="bbox 253 1851 1892 1941; baseline 0.013 -37"><span class='ocrx_word' id='word_1_195' title='bbox 253 1851 612 1925; x_wconf 81' lang='grc' dir='ltr'>πολυτελῶν,</span> <span class='ocrx_word' id='word_1_196' title='bbox 653 1858 828 1914; x_wconf 75' lang='grc' dir='ltr'>πάντα</span> <span class='ocrx_word' id='word_1_197' title='bbox 875 1858 931 1915; x_wconf 75' lang='grc' dir='ltr'>δὲ</span> <span class='ocrx_word' id='word_1_198' title='bbox 969 1864 1119 1917; x_wconf 80' lang='grc' dir='ltr'>ταῦθ’</span> <span class='ocrx_word' id='word_1_199' title='bbox 1165 1865 1294 1937; x_wconf 75' lang='grc' dir='ltr'>ὑπὲρ</span> <span class='ocrx_word' id='word_1_200' title='bbox 1338 1870 1436 1920; x_wconf 91' lang='grc' dir='ltr'>τοῦ</span> <span class='ocrx_word' id='word_1_201' title='bbox 1494 1872 1652 1941; x_wconf 82' lang='grc' dir='ltr'>κοινῇ</span> <span class='ocrx_word' id='word_1_202' title='bbox 1699 1868 1892 1925; x_wconf 82' lang='grc' dir='ltr'>λυσιτε⁴</span> 
     </span>
     <span class='ocr_line' id='line_1_30' title="bbox 256 1939 1796 1962; baseline 0 0"><span class='ocrx_word' id='word_1_203' title='bbox 256 1939 280 1962; x_wconf 46' lang='grc' dir='ltr'><strong>Ἴ</strong></span> <span class='ocrx_word' id='word_1_204' title='bbox 337 1945 363 1956; x_wconf 54' lang='grc' dir='ltr'>Ψ</span> <span class='ocrx_word' id='word_1_205' title='bbox 545 1943 558 1962; x_wconf 71' lang='grc'><strong>9</strong></span> <span class='ocrx_word' id='word_1_206' title='bbox 682 1952 708 1962; x_wconf 71' lang='grc' dir='ltr'>Α,</span> <span class='ocrx_word' id='word_1_207' title='bbox 846 1953 870 1962; x_wconf 63' lang='grc' dir='ltr'>α.</span> <span class='ocrx_word' id='word_1_208' title='bbox 1096 1955 1122 1962; x_wconf 57' lang='grc' dir='ltr'>Α.</span> <span class='ocrx_word' id='word_1_209' title='bbox 1253 1951 1270 1962; x_wconf 57' lang='grc' dir='ltr'><strong>ι</strong></span> <span class='ocrx_word' id='word_1_210' title='bbox 1323 1957 1350 1962; x_wconf 71' lang='grc'>.-</span> <span class='ocrx_word' id='word_1_211' title='bbox 1789 1961 1796 1962; x_wconf 34' lang='grc' dir='ltr'><em>κ</em></span> 
     </span>
    </p>
   </div>
   <div class='ocr_carea' id='block_1_30' title="bbox 2005 1851 3660 1962">
    <p class='ocr_par' dir='ltr' id='par_1_30' title="bbox 2018 1870 3660 1950">
     <span class='ocr_line' id='line_1_31' title="bbox 2018 1870 3660 1950; baseline 0.009 -26"><span class='ocrx_word' id='word_1_212' title='bbox 2018 1870 2300 1943; x_wconf 86' lang='lat' dir='ltr'><strong>Equidem</strong></span> <span class='ocrx_word' id='word_1_213' title='bbox 2329 1878 2486 1930; x_wconf 91' lang='lat' dir='ltr'><strong>certe</strong></span> <span class='ocrx_word' id='word_1_214' title='bbox 2517 1891 2635 1931; x_wconf 88' lang='lat' dir='ltr'>rem</span> <span class='ocrx_word' id='word_1_215' title='bbox 2669 1881 2734 1930; x_wconf 87' lang='lat' dir='ltr'>ut</span> <span class='ocrx_word' id='word_1_216' title='bbox 2781 1877 3042 1949; x_wconf 88' lang='lat' dir='ltr'><strong>iniquam</strong></span> <span class='ocrx_word' id='word_1_217' title='bbox 3075 1879 3454 1950; x_wconf 86' lang='lat' dir='ltr'><strong>reprehendo.</strong></span> <span class='ocrx_word' id='word_1_218' title='bbox 3499 1882 3660 1946; x_wconf 87' lang='lat' dir='ltr'><strong>Quod</strong></span> 
     </span>
    </p>
   </div>
   <div class='ocr_carea' id='block_1_31' title="bbox 255 1939 1905 2032">
    <p class='ocr_par' dir='ltr' id='par_1_31' title="bbox 255 1939 1905 2032">
     <span class='ocr_line' id='line_1_32' title="bbox 255 1939 1905 2032; baseline 0.013 -38"><span class='ocrx_word' id='word_1_219' title='bbox 255 1939 499 2006; x_wconf 84' lang='grc' dir='ltr'>λοῦντος</span> <span class='ocrx_word' id='word_1_220' title='bbox 539 1943 593 1998; x_wconf 86' lang='grc' dir='ltr'>ἐν</span> <span class='ocrx_word' id='word_1_221' title='bbox 642 1952 722 2018; x_wconf 79' lang='grc' dir='ltr'>τῷ</span> <span class='ocrx_word' id='word_1_222' title='bbox 776 1953 874 2004; x_wconf 90' lang='grc' dir='ltr'>τοῦ</span> <span class='ocrx_word' id='word_1_223' title='bbox 931 1955 1125 2024; x_wconf 80' lang='grc' dir='ltr'>καιροῦ</span> <span class='ocrx_word' id='word_1_224' title='bbox 1179 1951 1442 2009; x_wconf 74' lang='grc' dir='ltr'>καλοῦντι</span> <span class='ocrx_word' id='word_1_225' title='bbox 1499 1961 1905 2032; x_wconf 81' lang='grc' dir='ltr'>παρεσκευάσθη</span> 
     </span>
    </p>
   </div>
   <div class='ocr_carea' id='block_1_32' title="bbox 250 2036 1908 2123">
    <p class='ocr_par' dir='ltr' id='par_1_32' title="bbox 250 2036 1908 2123">
     <span class='ocr_line' id='line_1_33' title="bbox 250 2036 1908 2123; baseline 0.011 -37"><span class='ocrx_word' id='word_1_226' title='bbox 250 2036 593 2123; x_wconf 78' lang='grc' dir='ltr'>τοεξαρχῆς.</span> <span class='ocrx_word' id='word_1_227' title='bbox 660 2041 767 2092; x_wconf 91' lang='grc' dir='ltr'>ποῦ</span> <span class='ocrx_word' id='word_1_228' title='bbox 834 2037 1046 2096; x_wconf 84' lang='grc' dir='ltr'>δικαιον</span> <span class='ocrx_word' id='word_1_229' title='bbox 1111 2045 1261 2098; x_wconf 88' lang='grc' dir='ltr'>ταῦθ’</span> <span class='ocrx_word' id='word_1_230' title='bbox 1324 2041 1679 2120; x_wconf 79' lang='grc' dir='ltr'>ὑπερϐάντας,</span> <span class='ocrx_word' id='word_1_231' title='bbox 1740 2047 1772 2103; x_wconf 82' lang='grc' dir='ltr'>ἃ</span> <span class='ocrx_word' id='word_1_232' title='bbox 1831 2051 1908 2123; x_wconf 78' lang='grc' dir='ltr'>μὴ</span> 
     </span>
    </p>
   </div>
   <div class='ocr_carea' id='block_1_33' title="bbox 247 2120 1912 2215">
    <p class='ocr_par' dir='ltr' id='par_1_33' title="bbox 247 2120 1912 2215">
     <span class='ocr_line' id='line_1_34' title="bbox 247 2120 1912 2215; baseline 0.013 -41"><span class='ocrx_word' id='word_1_233' title='bbox 247 2130 508 2196; x_wconf 76' lang='grc' dir='ltr'>προσῆκε</span> <span class='ocrx_word' id='word_1_234' title='bbox 549 2120 793 2199; x_wconf 76' lang='grc' dir='ltr'>διώκειν,</span> <span class='ocrx_word' id='word_1_235' title='bbox 840 2129 929 2183; x_wconf 82' lang='grc' dir='ltr'>καὶ</span> <span class='ocrx_word' id='word_1_236' title='bbox 966 2131 1041 2203; x_wconf 86' lang='grc' dir='ltr'>μή</span> <span class='ocrx_word' id='word_1_237' title='bbox 1070 2137 1190 2193; x_wconf 86' lang='grc' dir='ltr'>ταῖς</span> <span class='ocrx_word' id='word_1_238' title='bbox 1231 2131 1486 2210; x_wconf 85' lang='grc' dir='ltr'>εὐλόγοις</span> <span class='ocrx_word' id='word_1_239' title='bbox 1522 2136 1614 2191; x_wconf 80' lang='grc' dir='ltr'><strong>καῖ</strong></span> <span class='ocrx_word' id='word_1_240' title='bbox 1647 2141 1912 2215; x_wconf 72' lang='grc' dir='ltr'>τεταγμέ-</span> 
     </span>
    </p>
   </div>
   <div class='ocr_carea' id='block_1_34' title="bbox 246 2215 1910 2304">
    <p class='ocr_par' dir='ltr' id='par_1_34' title="bbox 246 2215 1910 2304">
     <span class='ocr_line' id='line_1_35' title="bbox 246 2215 1910 2304; baseline 0.012 -38"><span class='ocrx_word' id='word_1_241' title='bbox 246 2235 374 2278; x_wconf 86' lang='grc' dir='ltr'>ναις</span> <span class='ocrx_word' id='word_1_242' title='bbox 444 2215 718 2291; x_wconf 82' lang='grc' dir='ltr'>ἀφορμαῖς</span> <span class='ocrx_word' id='word_1_243' title='bbox 786 2219 988 2275; x_wconf 72' lang='grc' dir='ltr'>ἐθέλειν</span> <span class='ocrx_word' id='word_1_244' title='bbox 1046 2225 1379 2297; x_wconf 79' lang='grc' dir='ltr'>κεχρῆσθαι,</span> <span class='ocrx_word' id='word_1_245' title='bbox 1444 2226 1574 2282; x_wconf 87' lang='grc' dir='ltr'>ἀλλ’</span> <span class='ocrx_word' id='word_1_246' title='bbox 1654 2229 1910 2304; x_wconf 74' lang='grc' dir='ltr'>ἑτέρωθεν</span> 
     </span>
    </p>
   </div>
   <div class='ocr_carea' id='block_1_35' title="bbox 250 2307 1908 2392">
    <p class='ocr_par' dir='ltr' id='par_1_35' title="bbox 250 2307 1908 2392">
     <span class='ocr_line' id='line_1_36' title="bbox 250 2307 1908 2392; baseline 0.011 -36"><span class='ocrx_word' id='word_1_247' title='bbox 250 2308 443 2372; x_wconf 87' lang='grc' dir='ltr'>ζητεῖν</span> <span class='ocrx_word' id='word_1_248' title='bbox 472 2307 538 2360; x_wconf 84' lang='grc' dir='ltr'>τὸ</span> <span class='ocrx_word' id='word_1_249' title='bbox 583 2313 684 2374; x_wconf 80' lang='grc' dir='ltr'>τῆς</span> <span class='ocrx_word' id='word_1_250' title='bbox 734 2308 924 2385; x_wconf 80' lang='grc' dir='ltr'>χρείας</span> <span class='ocrx_word' id='word_1_251' title='bbox 972 2311 1198 2381; x_wconf 70' lang='grc' dir='ltr'>ἑστηκὸς</span> <span class='ocrx_word' id='word_1_252' title='bbox 1245 2315 1592 2388; x_wconf 88' lang='grc' dir='ltr'>θεραπεύειν;</span> <span class='ocrx_word' id='word_1_253' title='bbox 1646 2320 1738 2373; x_wconf 79' lang='grc' dir='ltr'>Καὶ</span> <span class='ocrx_word' id='word_1_254' title='bbox 1801 2322 1908 2392; x_wconf 77' lang='grc' dir='ltr'>μην</span> 
     </span>
    </p>
   </div>
   <div class='ocr_carea' id='block_1_36' title="bbox 249 2391 1906 2484">
    <p class='ocr_par' dir='ltr' id='par_1_36' title="bbox 249 2391 1906 2484">
     <span class='ocr_line' id='line_1_37' title="bbox 249 2391 1906 2484; baseline 0.011 -40"><span class='ocrx_word' id='word_1_255' title='bbox 249 2391 304 2444; x_wconf 74' lang='grc' dir='ltr'>εἴ</span> <span class='ocrx_word' id='word_1_256' title='bbox 448 2393 666 2457; x_wconf 76' lang='grc' dir='ltr'>τούτοις</span> <span class='ocrx_word' id='word_1_257' title='bbox 698 2395 925 2452; x_wconf 72' lang='grc' dir='ltr'>ἐνταῦθκι</span> <span class='ocrx_word' id='word_1_258' title='bbox 956 2399 1279 2474; x_wconf 82' lang='grc' dir='ltr'>χρησόμεθα</span> <span class='ocrx_word' id='word_1_259' title='bbox 1325 2399 1526 2473; x_wconf 89' lang='grc' dir='ltr'>δήπου,</span> <span class='ocrx_word' id='word_1_260' title='bbox 1568 2400 1742 2480; x_wconf 77' lang='grc' dir='ltr'>ἔγωγε</span> <span class='ocrx_word' id='word_1_261' title='bbox 1795 2391 1906 2484; x_wconf 85' lang='grc' dir='ltr'>οὐχ</span> 
     </span>
    </p>
   </div>
   <div class='ocr_carea' id='block_1_37' title="bbox 250 2481 1903 2566">
    <p class='ocr_par' dir='ltr' id='par_1_37' title="bbox 250 2481 1903 2566">
     <span class='ocr_line' id='line_1_38' title="bbox 250 2481 1903 2566; baseline 0.011 -34"><span class='ocrx_word' id='word_1_262' title='bbox 250 2481 392 2552; x_wconf 86' lang='grc' dir='ltr'>ὁρῶ.</span> <span class='ocrx_word' id='word_1_263' title='bbox 441 2485 593 2556; x_wconf 83' lang='grc' dir='ltr'>Παρά</span> <span class='ocrx_word' id='word_1_264' title='bbox 641 2485 810 2540; x_wconf 85' lang='grc' dir='ltr'>πάντα</span> <span class='ocrx_word' id='word_1_265' title='bbox 839 2483 884 2540; x_wconf 85' lang='grc' dir='ltr'>δ’</span> <span class='ocrx_word' id='word_1_266' title='bbox 916 2486 1088 2544; x_wconf 86' lang='grc' dir='ltr'>ἐκεῖνο</span> <span class='ocrx_word' id='word_1_267' title='bbox 1135 2489 1300 2564; x_wconf 74' lang='grc' dir='ltr'>λέγω,</span> <span class='ocrx_word' id='word_1_268' title='bbox 1340 2493 1415 2554; x_wconf 86' lang='grc' dir='ltr'>ὡς</span> <span class='ocrx_word' id='word_1_269' title='bbox 1456 2493 1501 2547; x_wconf 81' lang='grc' dir='ltr'><strong>εἰ</strong></span> <span class='ocrx_word' id='word_1_270' title='bbox 1545 2496 1639 2566; x_wconf 79' lang='grc' dir='ltr'>μὲν</span> <span class='ocrx_word' id='word_1_271' title='bbox 1683 2501 1782 2561; x_wconf 80' lang='grc' dir='ltr'>τῆς</span> <span class='ocrx_word' id='word_1_272' title='bbox 1829 2481 1903 2560; x_wconf 78' lang='grc' dir='ltr'>εἰς</span> 
     </span>
    </p>
   </div>
   <div class='ocr_carea' id='block_1_38' title="bbox 249 2562 1901 2654">
    <p class='ocr_par' dir='ltr' id='par_1_38' title="bbox 249 2562 1901 2654">
     <span class='ocr_line' id='line_1_39' title="bbox 249 2562 1901 2654; baseline 0.012 -33"><span class='ocrx_word' id='word_1_273' title='bbox 249 2562 424 2623; x_wconf 81' lang='grc' dir='ltr'><strong>ἔπειθ’</strong></span> <span class='ocrx_word' id='word_1_274' title='bbox 461 2569 638 2626; x_wconf 73' lang='grc' dir='ltr'>ε’ίνεκα</span> <span class='ocrx_word' id='word_1_275' title='bbox 681 2575 870 2647; x_wconf 86' lang='grc' dir='ltr'>χρείας</span> <span class='ocrx_word' id='word_1_276' title='bbox 919 2577 1072 2631; x_wconf 85' lang='grc' dir='ltr'>ταυτὶ</span> <span class='ocrx_word' id='word_1_277' title='bbox 1130 2579 1362 2654; x_wconf 84' lang='grc' dir='ltr'>πρόσθεν</span> <span class='ocrx_word' id='word_1_278' title='bbox 1421 2582 1749 2652; x_wconf 89' lang='grc' dir='ltr'>υυνείλεκτο,</span> <span class='ocrx_word' id='word_1_279' title='bbox 1810 2589 1901 2641; x_wconf 78' lang='grc' dir='ltr'>καὶ</span> 
     </span>
    </p>
   </div>
   <div class='ocr_carea' id='block_1_39' title="bbox 250 2660 1900 2745">
    <p class='ocr_par' dir='ltr' id='par_1_39' title="bbox 250 2660 1900 2745">
     <span class='ocr_line' id='line_1_40' title="bbox 250 2660 1900 2745; baseline 0.012 -35"><span class='ocrx_word' id='word_1_280' title='bbox 250 2660 391 2730; x_wconf 84' lang='grc' dir='ltr'>πρὸς</span> <span class='ocrx_word' id='word_1_281' title='bbox 439 2663 607 2716; x_wconf 85' lang='grc' dir='ltr'>τοῦτο</span> <span class='ocrx_word' id='word_1_282' title='bbox 655 2660 783 2737; x_wconf 78' lang='grc' dir='ltr'>ἔσχε</span> <span class='ocrx_word' id='word_1_283' title='bbox 827 2667 926 2732; x_wconf 80' lang='grc' dir='ltr'>τήν</span> <span class='ocrx_word' id='word_1_284' title='bbox 976 2665 1262 2745; x_wconf 71' lang='grc' dir='ltr'>ἀναφεράν,</span> <span class='ocrx_word' id='word_1_285' title='bbox 1323 2671 1528 2744; x_wconf 79' lang='grc' dir='ltr'>ἀνάγκη</span> <span class='ocrx_word' id='word_1_286' title='bbox 1582 2677 1726 2728; x_wconf 85' lang='grc' dir='ltr'>πᾶσα</span> <span class='ocrx_word' id='word_1_287' title='bbox 1773 2675 1900 2729; x_wconf 83' lang='grc' dir='ltr'>ταύ-</span> 
     </span>
    </p>
   </div>
   <div class='ocr_carea' id='block_1_40' title="bbox 257 2751 1900 2836">
    <p class='ocr_par' dir='ltr' id='par_1_40' title="bbox 257 2751 1900 2836">
     <span class='ocr_line' id='line_1_41' title="bbox 257 2751 1900 2836; baseline 0.013 -36"><span class='ocrx_word' id='word_1_288' title='bbox 257 2768 360 2817; x_wconf 88' lang='grc' dir='ltr'>της</span> <span class='ocrx_word' id='word_1_289' title='bbox 401 2751 512 2804; x_wconf 79' lang='grc' dir='ltr'>νυνὶ</span> <span class='ocrx_word' id='word_1_290' title='bbox 558 2755 1029 2828; x_wconf 76' lang='grc' dir='ltr'>παραγενομένης,</span> <span class='ocrx_word' id='word_1_291' title='bbox 1083 2756 1253 2829; x_wconf 75' lang='grc' dir='ltr'>μηδὲν</span> <span class='ocrx_word' id='word_1_292' title='bbox 1299 2761 1362 2816; x_wconf 87' lang='grc' dir='ltr'>τὸ</span> <span class='ocrx_word' id='word_1_293' title='bbox 1402 2763 1653 2836; x_wconf 87' lang='grc' dir='ltr'>παράπαν</span> <span class='ocrx_word' id='word_1_294' title='bbox 1684 2765 1900 2829; x_wconf 89' lang='grc' dir='ltr'>τούτοις</span> 
     </span>
    </p>
   </div>
   <div class='ocr_carea' id='block_1_41' title="bbox 266 2834 1898 2925">
    <p class='ocr_par' dir='ltr' id='par_1_41' title="bbox 266 2834 1898 2925">
     <span class='ocr_line' id='line_1_42' title="bbox 266 2834 1898 2925; baseline 0.012 -35"><span class='ocrx_word' id='word_1_295' title='bbox 266 2834 634 2908; x_wconf 74' lang='grc' dir='ltr'>ἐνδοιάζοντας</span> <span class='ocrx_word' id='word_1_296' title='bbox 682 2845 940 2916; x_wconf 81' lang='grc' dir='ltr'>χρῆσθαι,</span> <span class='ocrx_word' id='word_1_297' title='bbox 999 2843 1091 2900; x_wconf 77' lang='grc' dir='ltr'>’ίνα</span> <span class='ocrx_word' id='word_1_298' title='bbox 1147 2849 1234 2901; x_wconf 81' lang='grc' dir='ltr'>καὶ</span> <span class='ocrx_word' id='word_1_299' title='bbox 1291 2849 1355 2903; x_wconf 86' lang='grc' dir='ltr'>τὸ</span> <span class='ocrx_word' id='word_1_300' title='bbox 1407 2850 1732 2925; x_wconf 89' lang='grc' dir='ltr'>γιγνόμενον</span> <span class='ocrx_word' id='word_1_301' title='bbox 1793 2855 1898 2909; x_wconf 89' lang='grc' dir='ltr'>σώ-</span> 
     </span>
    </p>
   </div>
   <div class='ocr_carea' id='block_1_42' title="bbox 269 2927 1897 3017">
    <p class='ocr_par' dir='ltr' id='par_1_42' title="bbox 269 2927 1897 3017">
     <span class='ocr_line' id='line_1_43' title="bbox 269 2927 1897 3017; baseline 0.012 -37"><span class='ocrx_word' id='word_1_302' title='bbox 269 2931 439 2995; x_wconf 83' lang='grc' dir='ltr'>ζηται,</span> <span class='ocrx_word' id='word_1_303' title='bbox 485 2930 576 2982; x_wconf 82' lang='grc' dir='ltr'>καὶ</span> <span class='ocrx_word' id='word_1_304' title='bbox 630 2927 1012 3003; x_wconf 87' lang='grc' dir='ltr'>μηδειστισοῦν</span> <span class='ocrx_word' id='word_1_305' title='bbox 1058 2936 1316 3012; x_wconf 81' lang='grc' dir='ltr'>εἰσφέρων</span> <span class='ocrx_word' id='word_1_306' title='bbox 1365 2938 1508 3014; x_wconf 86' lang='grc' dir='ltr'>ἀλγῇ</span> <span class='ocrx_word' id='word_1_307' title='bbox 1539 2961 1550 2973; x_wconf 62' lang='grc'>⁸</span> <span class='ocrx_word' id='word_1_308' title='bbox 1595 2943 1686 2996; x_wconf 84' lang='grc' dir='ltr'>καὶ</span> <span class='ocrx_word' id='word_1_309' title='bbox 1719 2964 1897 3017; x_wconf 86' lang='grc' dir='ltr'>προσ-</span> 
     </span>
    </p>
   </div>
   <div class='ocr_carea' id='block_1_43' title="bbox 264 3013 1890 3104">
    <p class='ocr_par' dir='ltr' id='par_1_43' title="bbox 264 3013 1890 3104">
     <span class='ocr_line' id='line_1_44' title="bbox 264 3013 1890 3104; baseline 0.012 -37"><span class='ocrx_word' id='word_1_310' title='bbox 264 3013 339 3068; x_wconf 85' lang='grc' dir='ltr'>έτι</span> <span class='ocrx_word' id='word_1_311' title='bbox 379 3017 758 3091; x_wconf 81' lang='grc' dir='ltr'>παρελθούσης</span> <span class='ocrx_word' id='word_1_312' title='bbox 807 3028 908 3090; x_wconf 83' lang='grc' dir='ltr'>τῆς</span> <span class='ocrx_word' id='word_1_313' title='bbox 969 3024 1158 3098; x_wconf 88' lang='grc' dir='ltr'>χρείας</span> <span class='ocrx_word' id='word_1_314' title='bbox 1224 3027 1314 3081; x_wconf 80' lang='grc' dir='ltr'>καὶ</span> <span class='ocrx_word' id='word_1_315' title='bbox 1380 3013 1488 3081; x_wconf 86' lang='grc' dir='ltr'>τῶν</span> <span class='ocrx_word' id='word_1_316' title='bbox 1551 3013 1890 3104; x_wconf 85' lang='grc' dir='ltr'>πραγμάτων</span> 
     </span>
    </p>
   </div>
   <div class='ocr_carea' id='block_1_44' title="bbox 252 3104 1892 3192">
    <p class='ocr_par' dir='ltr' id='par_1_44' title="bbox 252 3104 1892 3192">
     <span class='ocr_line' id='line_1_45' title="bbox 252 3104 1892 3192; baseline 0.011 -35"><span class='ocrx_word' id='word_1_317' title='bbox 252 3104 309 3157; x_wconf 76' lang='grc' dir='ltr'>εὗ</span> <span class='ocrx_word' id='word_1_318' title='bbox 367 3108 746 3178; x_wconf 87' lang='grc' dir='ltr'>καθεστώτων,</span> <span class='ocrx_word' id='word_1_319' title='bbox 802 3112 934 3182; x_wconf 87' lang='grc' dir='ltr'>μετά</span> <span class='ocrx_word' id='word_1_320' title='bbox 989 3114 1440 3191; x_wconf 79' lang='grc' dir='ltr'>περιφανεστέρας</span> <span class='ocrx_word' id='word_1_321' title='bbox 1497 3118 1583 3172; x_wconf 80' lang='grc' dir='ltr'>καὶ</span> <span class='ocrx_word' id='word_1_322' title='bbox 1649 3121 1892 3192; x_wconf 84' lang='grc' dir='ltr'>μείζονος</span> 
     </span>
    </p>
   </div>
   <div class='ocr_carea' id='block_1_45' title="bbox 244 3195 1891 3277">
    <p class='ocr_par' dir='ltr' id='par_1_45' title="bbox 244 3195 1891 3277">
     <span class='ocr_line' id='line_1_46' title="bbox 244 3195 1891 3277; baseline 0.012 -33"><span class='ocrx_word' id='word_1_323' title='bbox 244 3195 344 3257; x_wconf 77' lang='grc' dir='ltr'>τῇς</span> <span class='ocrx_word' id='word_1_324' title='bbox 384 3196 708 3267; x_wconf 70' lang='grc' dir='ltr'>προσθήκης</span> <span class='ocrx_word' id='word_1_325' title='bbox 751 3195 900 3258; x_wconf 78' lang='grc' dir='ltr'>αὖθις</span> <span class='ocrx_word' id='word_1_326' title='bbox 957 3199 1163 3255; x_wconf 89' lang='grc' dir='ltr'>τούτων</span> <span class='ocrx_word' id='word_1_327' title='bbox 1221 3201 1544 3273; x_wconf 82' lang='grc' dir='ltr'>πλησθῶσιν</span> <span class='ocrx_word' id='word_1_328' title='bbox 1591 3207 1644 3260; x_wconf 71' lang='grc' dir='ltr'>οἱ</span> <span class='ocrx_word' id='word_1_329' title='bbox 1693 3208 1891 3277; x_wconf 89' lang='grc' dir='ltr'>θησαυ-</span> 
     </span>
    </p>
   </div>
   <div class='ocr_carea' id='block_1_46' title="bbox 240 3281 1889 3368">
    <p class='ocr_par' dir='ltr' id='par_1_46' title="bbox 240 3281 1889 3368">
     <span class='ocr_line' id='line_1_47' title="bbox 240 3281 1889 3368; baseline 0.013 -35"><span class='ocrx_word' id='word_1_330' title='bbox 240 3283 351 3355; x_wconf 84' lang='grc' dir='ltr'>ροί.</span> <span class='ocrx_word' id='word_1_331' title='bbox 387 3282 454 3337; x_wconf 73' lang='grc' dir='ltr'>Εἴ</span> <span class='ocrx_word' id='word_1_332' title='bbox 483 3281 530 3336; x_wconf 83' lang='grc' dir='ltr'>δ’</span> <span class='ocrx_word' id='word_1_333' title='bbox 561 3281 715 3338; x_wconf 78' lang='grc' dir='ltr'>οὐδὲν</span> <span class='ocrx_word' id='word_1_334' title='bbox 745 3285 992 3342; x_wconf 86' lang='grc' dir='ltr'>τοιοῦτόν</span> <span class='ocrx_word' id='word_1_335' title='bbox 1022 3288 1185 3360; x_wconf 81' lang='grc' dir='ltr'>ἐστιν,</span> <span class='ocrx_word' id='word_1_336' title='bbox 1219 3293 1353 3366; x_wconf 74' lang='grc' dir='ltr'>ὅπερ</span> <span class='ocrx_word' id='word_1_337' title='bbox 1383 3292 1695 3368; x_wconf 85' lang='grc' dir='ltr'>ἀμήχανον,</span> <span class='ocrx_word' id='word_1_338' title='bbox 1742 3297 1889 3353; x_wconf 80' lang='grc' dir='ltr'>ἀλλὰ</span> 
     </span>
    </p>
   </div>
   <div class='ocr_carea' id='block_1_47' title="bbox 235 3372 1889 3458">
    <p class='ocr_par' dir='ltr' id='par_1_47' title="bbox 235 3372 1889 3458">
     <span class='ocr_line' id='line_1_48' title="bbox 235 3372 1889 3458; baseline 0.011 -35"><span class='ocrx_word' id='word_1_339' title='bbox 235 3373 471 3444; x_wconf 86' lang='grc' dir='ltr'>περιττή</span> <span class='ocrx_word' id='word_1_340' title='bbox 523 3393 606 3434; x_wconf 92' lang='grc' dir='ltr'>τις</span> <span class='ocrx_word' id='word_1_341' title='bbox 632 3372 822 3438; x_wconf 76' lang='grc' dir='ltr'>ἄλλως</span> <span class='ocrx_word' id='word_1_342' title='bbox 867 3375 974 3447; x_wconf 80' lang='grc' dir='ltr'>ὕλη</span> <span class='ocrx_word' id='word_1_343' title='bbox 1028 3377 1087 3433; x_wconf 83' lang='grc' dir='ltr'>ἐκ</span> <span class='ocrx_word' id='word_1_344' title='bbox 1135 3383 1448 3453; x_wconf 87' lang='grc' dir='ltr'>περιουσίας</span> <span class='ocrx_word' id='word_1_345' title='bbox 1497 3385 1580 3438; x_wconf 83' lang='grc' dir='ltr'>δτι</span> <span class='ocrx_word' id='word_1_346' title='bbox 1623 3384 1889 3458; x_wconf 86' lang='grc' dir='ltr'>πλείστης</span> 
     </span>
    </p>
   </div>
   <div class='ocr_carea' id='block_1_48' title="bbox 237 3457 1888 3550">
    <p class='ocr_par' dir='ltr' id='par_1_48' title="bbox 237 3457 1888 3550">
     <span class='ocr_line' id='line_1_49' title="bbox 237 3457 1888 3550; baseline 0.012 -38"><span class='ocrx_word' id='word_1_347' title='bbox 237 3459 318 3519; x_wconf 85' lang='grc' dir='ltr'>εἷς</span> <span class='ocrx_word' id='word_1_348' title='bbox 352 3457 508 3515; x_wconf 76' lang='grc' dir='ltr'>οὐδὲν</span> <span class='ocrx_word' id='word_1_349' title='bbox 540 3459 658 3516; x_wconf 81' lang='grc' dir='ltr'>δέον</span> <span class='ocrx_word' id='word_1_350' title='bbox 691 3464 938 3532; x_wconf 82' lang='grc' dir='ltr'>ξυστᾶσα.</span> <span class='ocrx_word' id='word_1_351' title='bbox 978 3467 1067 3520; x_wconf 86' lang='grc' dir='ltr'>καὶ</span> <span class='ocrx_word' id='word_1_352' title='bbox 1110 3467 1252 3523; x_wconf 77' lang='grc' dir='ltr'>οὕτω</span> <span class='ocrx_word' id='word_1_353' title='bbox 1293 3469 1437 3525; x_wconf 83' lang='grc' dir='ltr'>πολὺ</span> <span class='ocrx_word' id='word_1_354' title='bbox 1479 3472 1694 3545; x_wconf 80' lang='grc' dir='ltr'>μᾶλλον</span> <span class='ocrx_word' id='word_1_355' title='bbox 1746 3495 1888 3550; x_wconf 88' lang='grc' dir='ltr'>χρη-</span> 
     </span>
    </p>
   </div>
   <div class='ocr_carea' id='block_1_49' title="bbox 234 3547 1886 3632">
    <p class='ocr_par' dir='ltr' id='par_1_49' title="bbox 234 3547 1886 3632">
     <span class='ocr_line' id='line_1_50' title="bbox 234 3547 1886 3632; baseline 0.01 -30"><span class='ocrx_word' id='word_1_356' title='bbox 234 3547 394 3603; x_wconf 65' lang='grc' dir='ltr'>στέον</span> <span class='ocrx_word' id='word_1_357' title='bbox 438 3549 600 3623; x_wconf 82' lang='grc' dir='ltr'>αὐτῇ,</span> <span class='ocrx_word' id='word_1_358' title='bbox 632 3551 706 3614; x_wconf 84' lang='grc' dir='ltr'>ὡς</span> <span class='ocrx_word' id='word_1_359' title='bbox 748 3553 809 3607; x_wconf 77' lang='grc' dir='ltr'>ἂν</span> <span class='ocrx_word' id='word_1_360' title='bbox 859 3554 1157 3626; x_wconf 83' lang='grc' dir='ltr'>ἀσυντελής</span> <span class='ocrx_word' id='word_1_361' title='bbox 1191 3579 1275 3618; x_wconf 90' lang='grc' dir='ltr'>τις</span> <span class='ocrx_word' id='word_1_362' title='bbox 1315 3560 1466 3632; x_wconf 88' lang='grc' dir='ltr'>οῦσα,</span> <span class='ocrx_word' id='word_1_363' title='bbox 1517 3562 1777 3631; x_wconf 78' lang='grc' dir='ltr'>συντελὴς</span> <span class='ocrx_word' id='word_1_364' title='bbox 1809 3565 1886 3627; x_wconf 85' lang='grc' dir='ltr'>ὡς</span> 
     </span>
    </p>
   </div>
   <div class='ocr_carea' id='block_1_50' title="bbox 237 3635 1880 3725">
    <p class='ocr_par' dir='ltr' id='par_1_50' title="bbox 237 3635 1880 3725">
     <span class='ocr_line' id='line_1_51' title="bbox 237 3635 1880 3725; baseline 0.01 -35"><span class='ocrx_word' id='word_1_365' title='bbox 237 3635 484 3709; x_wconf 81' lang='grc' dir='ltr'>μάλιστα</span> <span class='ocrx_word' id='word_1_366' title='bbox 548 3639 772 3713; x_wconf 75' lang='grc' dir='ltr'>γένηται</span> <span class='ocrx_word' id='word_1_367' title='bbox 817 3646 907 3696; x_wconf 83' lang='grc' dir='ltr'><strong>καί</strong></span> <span class='ocrx_word' id='word_1_368' title='bbox 982 3649 1098 3705; x_wconf 89' lang='grc' dir='ltr'>τοῖς</span> <span class='ocrx_word' id='word_1_369' title='bbox 1154 3647 1466 3722; x_wconf 71' lang='grc' dir='ltr'>πράγμασιν</span> <span class='ocrx_word' id='word_1_370' title='bbox 1536 3647 1587 3704; x_wconf 74' lang='grc' dir='ltr'>ἒν</span> <span class='ocrx_word' id='word_1_371' title='bbox 1657 3657 1880 3725; x_wconf 81' lang='grc' dir='ltr'>καιρῷο</span> 
     </span>
    </p>
   </div>
   <div class='ocr_carea' id='block_1_51' title="bbox 230 3728 1878 3818">
    <p class='ocr_par' dir='ltr' id='par_1_51' title="bbox 230 3728 1878 3818">
     <span class='ocr_line' id='line_1_52' title="bbox 230 3728 1878 3818; baseline 0.009 -38"><span class='ocrx_word' id='word_1_372' title='bbox 230 3729 582 3801; x_wconf 80' lang='grc' dir='ltr'>πανταχόθεν</span> <span class='ocrx_word' id='word_1_373' title='bbox 616 3729 705 3782; x_wconf 84' lang='grc' dir='ltr'>οὗν</span> <span class='ocrx_word' id='word_1_374' title='bbox 743 3728 856 3786; x_wconf 84' lang='grc' dir='ltr'>ἐστι</span> <span class='ocrx_word' id='word_1_375' title='bbox 900 3729 1090 3803; x_wconf 84' lang='grc' dir='ltr'>δῆλον,</span> <span class='ocrx_word' id='word_1_376' title='bbox 1133 3735 1208 3799; x_wconf 83' lang='grc' dir='ltr'>ὡς</span> <span class='ocrx_word' id='word_1_377' title='bbox 1247 3733 1347 3812; x_wconf 77' lang='grc' dir='ltr'>ἄρα</span> <span class='ocrx_word' id='word_1_378' title='bbox 1383 3737 1601 3802; x_wconf 82' lang='grc' dir='ltr'>τούτδις</span> <span class='ocrx_word' id='word_1_379' title='bbox 1646 3741 1878 3818; x_wconf 79' lang='grc' dir='ltr'>ἀνάγκη,</span> 
     </span>
    </p>
   </div>
   <div class='ocr_carea' id='block_1_52' title="bbox 229 3814 1256 3899">
    <p class='ocr_par' dir='ltr' id='par_1_52' title="bbox 229 3814 1256 3899">
     <span class='ocr_line' id='line_1_53' title="bbox 229 3814 1256 3899; baseline 0.009 -29"><span class='ocrx_word' id='word_1_380' title='bbox 229 3814 366 3871; x_wconf 74' lang='grc' dir='ltr'>ὅταν</span> <span class='ocrx_word' id='word_1_381' title='bbox 397 3815 605 3892; x_wconf 77' lang='grc' dir='ltr'>ἀνάγκη</span> <span class='ocrx_word' id='word_1_382' title='bbox 638 3841 722 3881; x_wconf 93' lang='grc' dir='ltr'>τις</span> <span class='ocrx_word' id='word_1_383' title='bbox 752 3819 902 3895; x_wconf 78' lang='grc' dir='ltr'>ἐπίῃ,</span> <span class='ocrx_word' id='word_1_384' title='bbox 931 3826 1256 3899; x_wconf 82' lang='grc' dir='ltr'>κεχρῆσθαι.</span> 
     </span>
    </p>
   </div>
   <div class='ocr_carea' id='block_1_53' title="bbox 300 3905 1880 3994">
    <p class='ocr_par' dir='ltr' id='par_1_53' title="bbox 300 3905 1880 3994">
     <span class='ocr_line' id='line_1_54' title="bbox 300 3905 1880 3994; baseline 0.009 -34"><span class='ocrx_word' id='word_1_385' title='bbox 300 3907 413 3979; x_wconf 80' lang='grc' dir='ltr'>κβ’.</span> <span class='ocrx_word' id='word_1_386' title='bbox 462 3908 532 3985; x_wconf 76' lang='grc' dir='ltr'>⁷ῼ</span> <span class='ocrx_word' id='word_1_387' title='bbox 577 3905 634 3962; x_wconf 74' lang='grc' dir='ltr'>δὲ</span> <span class='ocrx_word' id='word_1_388' title='bbox 690 3908 926 3982; x_wconf 86' lang='grc' dir='ltr'>μάλιστα</span> <span class='ocrx_word' id='word_1_389' title='bbox 975 3913 1188 3968; x_wconf 87' lang='grc' dir='ltr'>πάντων</span> <span class='ocrx_word' id='word_1_390' title='bbox 1247 3916 1580 3994; x_wconf 87' lang='grc' dir='ltr'>ἀχθόμενος,</span> <span class='ocrx_word' id='word_1_391' title='bbox 1643 3917 1880 3990; x_wconf 85' lang='grc' dir='ltr'>μάλιστα</span> 
     </span>
    </p>
   </div>
   <div class='ocr_carea' id='block_1_54' title="bbox 219 3995 1876 4079">
    <p class='ocr_par' dir='ltr' id='par_1_54' title="bbox 219 3995 1876 4079">
     <span class='ocr_line' id='line_1_55' title="bbox 219 3995 1876 4079; baseline 0.01 -32"><span class='ocrx_word' id='word_1_392' title='bbox 219 3995 447 4048; x_wconf 84' lang='grc' dir='ltr'>πάντων</span> <span class='ocrx_word' id='word_1_393' title='bbox 508 3998 809 4051; x_wconf 79' lang='grc' dir='ltr'>πεπαῦσθαι</span> <span class='ocrx_word' id='word_1_394' title='bbox 873 3997 1148 4074; x_wconf 82' lang='grc' dir='ltr'>βούλομαι</span> <span class='ocrx_word' id='word_1_395' title='bbox 1207 3999 1296 4057; x_wconf 83' lang='grc' dir='ltr'>διὰ</span> <span class='ocrx_word' id='word_1_396' title='bbox 1373 4010 1490 4074; x_wconf 80' lang='grc' dir='ltr'>σοῦ,</span> <span class='ocrx_word' id='word_1_397' title='bbox 1549 4009 1709 4062; x_wconf 92' lang='grc' dir='ltr'>τοῦτο</span> <span class='ocrx_word' id='word_1_398' title='bbox 1767 4006 1876 4079; x_wconf 76' lang='grc' dir='ltr'>ἢδη</span> 
     </span>
    </p>
   </div>
   <div class='ocr_carea' id='block_1_55' title="bbox 217 4084 1875 4164">
    <p class='ocr_par' dir='ltr' id='par_1_55' title="bbox 217 4084 1875 4164">
     <span class='ocr_line' id='line_1_56' title="bbox 217 4084 1875 4164; baseline 0.009 -28"><span class='ocrx_word' id='word_1_399' title='bbox 217 4084 527 4157; x_wconf 77' lang='grc' dir='ltr'>προσθήσω</span> <span class='ocrx_word' id='word_1_400' title='bbox 569 4091 689 4148; x_wconf 86' lang='grc' dir='ltr'>τοῖς</span> <span class='ocrx_word' id='word_1_401' title='bbox 739 4087 1074 4162; x_wconf 72' lang='grc' dir='ltr'>εἰρημένοις,</span> <span class='ocrx_word' id='word_1_402' title='bbox 1119 4093 1217 4156; x_wconf 83' lang='grc' dir='ltr'>τῆς</span> <span class='ocrx_word' id='word_1_403' title='bbox 1273 4094 1370 4164; x_wconf 75' lang='grc' dir='ltr'>μὲν</span> <span class='ocrx_word' id='word_1_404' title='bbox 1429 4094 1596 4164; x_wconf 81' lang='grc' dir='ltr'>αὐτῆς</span> <span class='ocrx_word' id='word_1_405' title='bbox 1653 4093 1875 4160; x_wconf 81' lang='grc' dir='ltr'>ἐκείνοις</span> 
     </span>
    </p>
   </div>
   <div class='ocr_carea' id='block_1_56' title="bbox 219 4171 1875 4261">
    <p class='ocr_par' dir='ltr' id='par_1_56' title="bbox 219 4171 1875 4261">
     <span class='ocr_line' id='line_1_57' title="bbox 219 4171 1875 4261; baseline 0.01 -36"><span class='ocrx_word' id='word_1_406' title='bbox 219 4171 409 4242; x_wconf 77' lang='grc' dir='ltr'>δήπου</span> <span class='ocrx_word' id='word_1_407' title='bbox 451 4171 797 4248; x_wconf 80' lang='grc' dir='ltr'>διορθώσεως</span> <span class='ocrx_word' id='word_1_408' title='bbox 843 4182 1053 4251; x_wconf 81' lang='grc' dir='ltr'>χρῇζον</span> <span class='ocrx_word' id='word_1_409' title='bbox 1103 4181 1193 4234; x_wconf 85' lang='grc' dir='ltr'>καὶ</span> <span class='ocrx_word' id='word_1_410' title='bbox 1243 4189 1341 4251; x_wconf 88' lang='grc' dir='ltr'>τῆς</span> <span class='ocrx_word' id='word_1_411' title='bbox 1387 4181 1655 4254; x_wconf 80' lang='grc' dir='ltr'>σπουδῆς,</span> <span class='ocrx_word' id='word_1_412' title='bbox 1701 4206 1875 4261; x_wconf 86' lang='grc' dir='ltr'>παρα-</span> 
     </span>
    </p>
   </div>
   <div class='ocr_carea' id='block_1_57' title="bbox 214 4260 1874 4344">
    <p class='ocr_par' dir='ltr' id='par_1_57' title="bbox 214 4260 1874 4344">
     <span class='ocr_line' id='line_1_58' title="bbox 214 4260 1874 4344; baseline 0.008 -30"><span class='ocrx_word' id='word_1_413' title='bbox 214 4263 424 4334; x_wconf 78' lang='grc' dir='ltr'>νομίας</span> <span class='ocrx_word' id='word_1_414' title='bbox 470 4260 528 4317; x_wconf 75' lang='grc' dir='ltr'>δὲ</span> <span class='ocrx_word' id='word_1_415' title='bbox 581 4262 758 4320; x_wconf 74' lang='grc' dir='ltr'>ε’ίνεκα</span> <span class='ocrx_word' id='word_1_416' title='bbox 805 4269 1022 4321; x_wconf 87' lang='grc' dir='ltr'>τοσοῦτ’</span> <span class='ocrx_word' id='word_1_417' title='bbox 1079 4267 1233 4324; x_wconf 78' lang='grc' dir='ltr'>ἐκεῖν’</span> <span class='ocrx_word' id='word_1_418' title='bbox 1286 4269 1612 4344; x_wconf 87' lang='grc' dir='ltr'>ἀπολεῖπον,</span> <span class='ocrx_word' id='word_1_419' title='bbox 1660 4273 1734 4336; x_wconf 84' lang='grc' dir='ltr'>ὡς</span> <span class='ocrx_word' id='word_1_420' title='bbox 1783 4274 1874 4330; x_wconf 84' lang='grc' dir='ltr'>καὶ</span> 
     </span>
    </p>
   </div>
   <div class='ocr_carea' id='block_1_58' title="bbox 214 4351 1874 4437">
    <p class='ocr_par' dir='ltr' id='par_1_58' title="bbox 214 4351 1874 4437">
     <span class='ocr_line' id='line_1_59' title="bbox 214 4351 1874 4437; baseline 0.01 -34"><span class='ocrx_word' id='word_1_421' title='bbox 214 4353 408 4421; x_wconf 83' lang='grc' dir='ltr'>θηρῶν</span> <span class='ocrx_word' id='word_1_422' title='bbox 475 4351 832 4426; x_wconf 71' lang='grc' dir='ltr'>ἀγριωτάτων</span> <span class='ocrx_word' id='word_1_423' title='bbox 886 4357 1034 4411; x_wconf 85' lang='grc' dir='ltr'>τοῦτ’</span> <span class='ocrx_word' id='word_1_424' title='bbox 1084 4357 1216 4412; x_wconf 72' lang='grc' dir='ltr'>εἶναι</span> <span class='ocrx_word' id='word_1_425' title='bbox 1265 4362 1432 4437; x_wconf 79' lang='grc' dir='ltr'>φῆσαι</span> <span class='ocrx_word' id='word_1_426' title='bbox 1466 4359 1679 4433; x_wconf 79' lang='grc' dir='ltr'>μᾶλλον</span> <span class='ocrx_word' id='word_1_427' title='bbox 1718 4364 1874 4433; x_wconf 65' lang='grc' dir='ltr'>ἢτοῦ</span> 
     </span>
    </p>
   </div>
   <div class='ocr_carea' id='block_1_59' title="bbox 208 4439 1872 4528">
    <p class='ocr_par' dir='ltr' id='par_1_59' title="bbox 208 4439 1872 4528">
     <span class='ocr_line' id='line_1_60' title="bbox 208 4439 1872 4528; baseline 0.008 -34"><span class='ocrx_word' id='word_1_428' title='bbox 208 4439 338 4494; x_wconf 78' lang='grc' dir='ltr'>καθ’</span> <span class='ocrx_word' id='word_1_429' title='bbox 368 4441 519 4512; x_wconf 79' lang='grc' dir='ltr'>ἡμᾶς</span> <span class='ocrx_word' id='word_1_430' title='bbox 574 4442 874 4519; x_wconf 74' lang='grc' dir='ltr'>πεφυκότος</span> <span class='ocrx_word' id='word_1_431' title='bbox 900 4461 915 4474; x_wconf 90' lang='grc'><strong>·</strong></span> <span class='ocrx_word' id='word_1_432' title='bbox 959 4445 1022 4499; x_wconf 88' lang='grc' dir='ltr'>τὸ</span> <span class='ocrx_word' id='word_1_433' title='bbox 1075 4447 1179 4522; x_wconf 76' lang='grc' dir='ltr'>γὰρ</span> <span class='ocrx_word' id='word_1_434' title='bbox 1223 4447 1356 4512; x_wconf 82' lang='grc' dir='ltr'>τοὺς</span> <span class='ocrx_word' id='word_1_435' title='bbox 1402 4448 1468 4503; x_wconf 77' lang='grc' dir='ltr'>τὰ</span> <span class='ocrx_word' id='word_1_436' title='bbox 1512 4449 1718 4528; x_wconf 84' lang='grc' dir='ltr'>σφέτερ’</span> <span class='ocrx_word' id='word_1_437' title='bbox 1767 4452 1872 4507; x_wconf 87' lang='grc' dir='ltr'>αύ-</span> 
     </span>
    </p>
   </div>
   <div class='ocr_carea' id='block_1_60' title="bbox 207 4531 1872 4617">
    <p class='ocr_par' dir='ltr' id='par_1_60' title="bbox 207 4531 1872 4617">
     <span class='ocr_line' id='line_1_61' title="bbox 207 4531 1872 4617; baseline 0.008 -33"><span class='ocrx_word' id='word_1_438' title='bbox 207 4534 322 4584; x_wconf 85' lang='grc' dir='ltr'>τῶν</span> <span class='ocrx_word' id='word_1_439' title='bbox 381 4531 562 4606; x_wconf 79' lang='grc' dir='ltr'>σκάφη</span> <span class='ocrx_word' id='word_1_440' title='bbox 602 4539 731 4607; x_wconf 85' lang='grc' dir='ltr'>παρ’</span> <span class='ocrx_word' id='word_1_441' title='bbox 792 4535 1110 4590; x_wconf 82' lang='grc' dir='ltr'>ἁστινασοῦν</span> <span class='ocrx_word' id='word_1_442' title='bbox 1168 4541 1276 4592; x_wconf 89' lang='grc' dir='ltr'>τῶν</span> <span class='ocrx_word' id='word_1_443' title='bbox 1334 4538 1512 4594; x_wconf 85' lang='grc' dir='ltr'>ἀκτῶν</span> <span class='ocrx_word' id='word_1_444' title='bbox 1569 4541 1872 4617; x_wconf 87' lang='grc' dir='ltr'>καταγνύν-</span> 
     </span>
    </p>
   </div>
   <div class='ocr_carea' id='block_1_61' title="bbox 211 4621 1875 4710">
    <p class='ocr_par' dir='ltr' id='par_1_61' title="bbox 211 4621 1875 4710">
     <span class='ocr_line' id='line_1_62' title="bbox 211 4621 1875 4710; baseline 0.009 -38"><span class='ocrx_word' id='word_1_445' title='bbox 211 4640 313 4682; x_wconf 82' lang='grc' dir='ltr'>τας</span> <span class='ocrx_word' id='word_1_446' title='bbox 362 4621 455 4674; x_wconf 76' lang='grc' dir='ltr'>καὶ</span> <span class='ocrx_word' id='word_1_447' title='bbox 514 4625 774 4697; x_wconf 64' lang='grc' dir='ltr'>ναυπγίας</span> <span class='ocrx_word' id='word_1_448' title='bbox 835 4626 1207 4698; x_wconf 76' lang='grc' dir='ltr'>πειρωμένους</span> <span class='ocrx_word' id='word_1_449' title='bbox 1265 4626 1496 4699; x_wconf 84' lang='grc' dir='ltr'>ἀτόπου,</span> <span class='ocrx_word' id='word_1_450' title='bbox 1555 4624 1721 4685; x_wconf 75' lang='grc' dir='ltr'>ἔπειτ’</span> <span class='ocrx_word' id='word_1_451' title='bbox 1765 4632 1875 4710; x_wconf 81' lang='grc' dir='ltr'>οὐχ</span> 
     </span>
    </p>
   </div>
   <div class='ocr_carea' id='block_1_62' title="bbox 212 4708 1873 4795">
    <p class='ocr_par' dir='ltr' id='par_1_62' title="bbox 212 4708 1873 4795">
     <span class='ocr_line' id='line_1_63' title="bbox 212 4708 1873 4795; baseline 0.008 -33"><span class='ocrx_word' id='word_1_452' title='bbox 212 4708 343 4763; x_wconf 77' lang='grc' dir='ltr'>ὅσον</span> <span class='ocrx_word' id='word_1_453' title='bbox 391 4711 652 4784; x_wconf 89' lang='grc' dir='ltr'>προνοίας</span> <span class='ocrx_word' id='word_1_454' title='bbox 703 4713 848 4788; x_wconf 87' lang='grc' dir='ltr'>παρά</span> <span class='ocrx_word' id='word_1_455' title='bbox 893 4718 1001 4768; x_wconf 89' lang='grc' dir='ltr'>τῶν</span> <span class='ocrx_word' id='word_1_456' title='bbox 1047 4717 1396 4792; x_wconf 84' lang='grc' dir='ltr'>προσχώρων</span> <span class='ocrx_word' id='word_1_457' title='bbox 1438 4719 1473 4788; x_wconf 74' lang='grc' dir='ltr'><strong>ἢ</strong></span> <span class='ocrx_word' id='word_1_458' title='bbox 1517 4723 1648 4794; x_wconf 90' lang='grc' dir='ltr'>γοῦν</span> <span class='ocrx_word' id='word_1_459' title='bbox 1694 4740 1873 4795; x_wconf 85' lang='grc' dir='ltr'>παρα-</span> 
     </span>
    </p>
   </div>
   <div class='ocr_carea' id='block_1_63' title="bbox 216 4796 1869 4874">
    <p class='ocr_par' dir='ltr' id='par_1_63' title="bbox 216 4796 1869 4874">
     <span class='ocr_line' id='line_1_64' title="bbox 216 4796 1869 4874; baseline 0.009 -25"><span class='ocrx_word' id='word_1_460' title='bbox 216 4796 418 4867; x_wconf 88' lang='grc' dir='ltr'>μυθίας</span> <span class='ocrx_word' id='word_1_461' title='bbox 477 4799 802 4867; x_wconf 71' lang='grc' dir='ltr'>ἡστινοσοῦν</span> <span class='ocrx_word' id='word_1_462' title='bbox 861 4801 1188 4874; x_wconf 84' lang='grc' dir='ltr'>ἀπολαύσιν,</span> <span class='ocrx_word' id='word_1_463' title='bbox 1246 4804 1394 4860; x_wconf 81' lang='grc' dir='ltr'>ἀλλὰ</span> <span class='ocrx_word' id='word_1_464' title='bbox 1449 4806 1540 4861; x_wconf 82' lang='grc' dir='ltr'>καὶ</span> <span class='ocrx_word' id='word_1_465' title='bbox 1598 4828 1869 4864; x_wconf 87' lang='grc' dir='ltr'>συνεπιτι-</span> 
     </span>
    </p>
   </div>
   <div class='ocr_carea' id='block_1_64' title="bbox 212 4887 1870 4970">
    <p class='ocr_par' dir='ltr' id='par_1_64' title="bbox 212 4887 1870 4970">
     <span class='ocr_line' id='line_1_65' title="bbox 212 4887 1870 4970; baseline 0.009 -31"><span class='ocrx_word' id='word_1_466' title='bbox 212 4887 479 4959; x_wconf 69' lang='grc' dir='ltr'>θεμένους</span> <span class='ocrx_word' id='word_1_467' title='bbox 535 4887 774 4950; x_wconf 83' lang='grc' dir='ltr'>τούτους</span> <span class='ocrx_word' id='word_1_468' title='bbox 838 4888 1034 4966; x_wconf 72' lang='grc' dir='ltr'>ἴσχειν,</span> <span class='ocrx_word' id='word_1_469' title='bbox 1101 4894 1191 4948; x_wconf 81' lang='grc' dir='ltr'>καὶ</span> <span class='ocrx_word' id='word_1_470' title='bbox 1268 4901 1696 4970; x_wconf 84' lang='grc' dir='ltr'>συγκροτοῦττας</span> <span class='ocrx_word' id='word_1_471' title='bbox 1752 4903 1870 4960; x_wconf 88' lang='grc' dir='ltr'>πῶς</span> 
     </span>
    </p>
   </div>
   <div class='ocr_carea' id='block_1_65' title="bbox 213 4972 1872 5061">
    <p class='ocr_par' dir='ltr' id='par_1_65' title="bbox 213 4972 1872 5061">
     <span class='ocr_line' id='line_1_66' title="bbox 213 4972 1872 5061; baseline 0.009 -33"><span class='ocrx_word' id='word_1_472' title='bbox 213 4973 274 5028; x_wconf 79' lang='grc' dir='ltr'>ἃν</span> <span class='ocrx_word' id='word_1_473' title='bbox 305 4972 483 5037; x_wconf 73' lang='grc' dir='ltr'>εἴποις</span> <span class='ocrx_word' id='word_1_474' title='bbox 512 4978 613 5046; x_wconf 76' lang='grc' dir='ltr'>τὴν</span> <span class='ocrx_word' id='word_1_475' title='bbox 648 4979 848 5054; x_wconf 83' lang='grc' dir='ltr'>τύχην,</span> <span class='ocrx_word' id='word_1_476' title='bbox 897 4980 1108 5054; x_wconf 76' lang='grc' dir='ltr'>μᾶλλον</span> <span class='ocrx_word' id='word_1_477' title='bbox 1154 4981 1211 5036; x_wconf 79' lang='grc' dir='ltr'>δὶ</span> <span class='ocrx_word' id='word_1_478' title='bbox 1253 4984 1344 5038; x_wconf 80' lang='grc' dir='ltr'>καὶ</span> <span class='ocrx_word' id='word_1_479' title='bbox 1391 4983 1591 5058; x_wconf 80' lang='grc' dir='ltr'>πολλῷ</span> <span class='ocrx_word' id='word_1_480' title='bbox 1641 4988 1872 5061; x_wconf 88' lang='grc' dir='ltr'>παριόν-</span> 
     </span>
    </p>
   </div>
   <div class='ocr_carea' id='block_1_66' title="bbox 215 5065 1870 5151">
    <p class='ocr_par' dir='ltr' id='par_1_66' title="bbox 215 5065 1870 5151">
     <span class='ocr_line' id='line_1_67' title="bbox 215 5065 1870 5151; baseline 0.008 -34"><span class='ocrx_word' id='word_1_481' title='bbox 215 5084 336 5134; x_wconf 88' lang='grc' dir='ltr'>τας,</span> <span class='ocrx_word' id='word_1_482' title='bbox 369 5086 394 5119; x_wconf 93' lang='grc' dir='ltr'>ε</span> <span class='ocrx_word' id='word_1_483' title='bbox 434 5065 557 5141; x_wconf 72' lang='grc' dir='ltr'>ἴπερ</span> <span class='ocrx_word' id='word_1_484' title='bbox 622 5067 656 5121; x_wconf 84' lang='grc' dir='ltr'>ἃ</span> <span class='ocrx_word' id='word_1_485' title='bbox 719 5065 894 5140; x_wconf 76' lang='grc' dir='ltr'>ἐκείνη</span> <span class='ocrx_word' id='word_1_486' title='bbox 963 5076 1208 5146; x_wconf 89' lang='grc' dir='ltr'>παρεῖκε,</span> <span class='ocrx_word' id='word_1_487' title='bbox 1290 5074 1441 5126; x_wconf 86' lang='grc' dir='ltr'>ταῦθ’</span> <span class='ocrx_word' id='word_1_488' title='bbox 1508 5074 1660 5129; x_wconf 81' lang='grc' dir='ltr'>οὗτοι</span> <span class='ocrx_word' id='word_1_489' title='bbox 1723 5077 1870 5151; x_wconf 89' lang='grc' dir='ltr'>παρά</span> 
     </span>
    </p>
   </div>
   <div class='ocr_carea' id='block_1_67' title="bbox 214 5150 1868 5240">
    <p class='ocr_par' dir='ltr' id='par_1_67' title="bbox 214 5150 1868 5240">
     <span class='ocr_line' id='line_1_68' title="bbox 214 5150 1868 5240; baseline 0.009 -35"><span class='ocrx_word' id='word_1_490' title='bbox 214 5153 394 5207; x_wconf 83' lang='grc' dir='ltr'>πάντα</span> <span class='ocrx_word' id='word_1_491' title='bbox 461 5150 848 5227; x_wconf 80' lang='grc' dir='ltr'>διαρπάζουσιν</span> <span class='ocrx_word' id='word_1_492' title='bbox 918 5158 1124 5222; x_wconf 81' lang='grc' dir='ltr'>οἶκτον,</span> <span class='ocrx_word' id='word_1_493' title='bbox 1217 5159 1503 5240; x_wconf 76' lang='grc' dir='ltr'>ὑπερφυῶς</span> <span class='ocrx_word' id='word_1_494' title='bbox 1570 5159 1742 5218; x_wconf 88' lang='grc' dir='ltr'>δεινόν</span> <span class='ocrx_word' id='word_1_495' title='bbox 1808 5184 1868 5220; x_wconf 91' lang='grc' dir='ltr'>τε</span> 
     </span>
    </p>
   </div>
   <div class='ocr_carea' id='block_1_68' title="bbox 212 5241 1866 5329">
    <p class='ocr_par' dir='ltr' id='par_1_68' title="bbox 212 5241 1866 5329">
     <span class='ocr_line' id='line_1_69' title="bbox 212 5241 1866 5329; baseline 0.007 -33"><span class='ocrx_word' id='word_1_496' title='bbox 212 5241 306 5296; x_wconf 81' lang='grc' dir='ltr'>καὶ</span> <span class='ocrx_word' id='word_1_497' title='bbox 364 5244 432 5310; x_wconf 77' lang='grc' dir='ltr'>ἧς</span> <span class='ocrx_word' id='word_1_498' title='bbox 476 5241 581 5297; x_wconf 86' lang='grc' dir='ltr'>ούκ</span> <span class='ocrx_word' id='word_1_499' title='bbox 621 5242 684 5299; x_wconf 77' lang='grc' dir='ltr'>ἄν</span> <span class='ocrx_word' id='word_1_500' title='bbox 732 5244 899 5300; x_wconf 78' lang='grc' dir='ltr'>εἰπεῖν</span> <span class='ocrx_word' id='word_1_501' title='bbox 946 5244 1211 5321; x_wconf 86' lang='grc' dir='ltr'>δυναίμην</span> <span class='ocrx_word' id='word_1_502' title='bbox 1271 5251 1589 5325; x_wconf 83' lang='grc' dir='ltr'>κακίας</span> <span class='ocrx_word' id='word_1_503' title='bbox 1648 5252 1704 5306; x_wconf 87' lang='grc' dir='ltr'>Τί</span> <span class='ocrx_word' id='word_1_504' title='bbox 1762 5254 1866 5329; x_wconf 88' lang='grc' dir='ltr'>γάρ</span> 
     </span>
    </p>
   </div>
   <div class='ocr_carea' id='block_1_69' title="bbox 211 5329 1860 5412">
    <p class='ocr_par' dir='ltr' id='par_1_69' title="bbox 211 5329 1860 5412">
     <span class='ocr_line' id='line_1_70' title="bbox 211 5329 1860 5412; baseline 0.007 -28"><span class='ocrx_word' id='word_1_505' title='bbox 211 5329 272 5385; x_wconf 76' lang='grc' dir='ltr'>ἂν</span> <span class='ocrx_word' id='word_1_506' title='bbox 346 5331 528 5386; x_wconf 83' lang='grc' dir='ltr'>οὐτοσὶ</span> <span class='ocrx_word' id='word_1_507' title='bbox 595 5330 763 5389; x_wconf 79' lang='grc' dir='ltr'>πλέον</span> <span class='ocrx_word' id='word_1_508' title='bbox 830 5334 882 5389; x_wconf 80' lang='grc' dir='ltr'>ἐν</span> <span class='ocrx_word' id='word_1_509' title='bbox 950 5336 1175 5412; x_wconf 81' lang='grc' dir='ltr'>πελάγει</span> <span class='ocrx_word' id='word_1_510' title='bbox 1250 5336 1589 5402; x_wconf 82' lang='grc' dir='ltr'>κινδυνεύσας</span> <span class='ocrx_word' id='word_1_511' title='bbox 1661 5341 1860 5412; x_wconf 74' lang='grc' dir='ltr'>ὑπέστη</span> 
     </span>
    </p>
   </div>
   <div class='ocr_carea' id='block_1_70' title="bbox 211 5419 1860 5506">
    <p class='ocr_par' dir='ltr' id='par_1_70' title="bbox 211 5419 1860 5506">
     <span class='ocr_line' id='line_1_71' title="bbox 211 5419 1860 5506; baseline 0.007 -31"><span class='ocrx_word' id='word_1_512' title='bbox 211 5419 370 5476; x_wconf 84' lang='grc' dir='ltr'>ὁπότ’</span> <span class='ocrx_word' id='word_1_513' title='bbox 402 5419 452 5492; x_wconf 79' lang='grc' dir='ltr'>ἐξ</span> <span class='ocrx_word' id='word_1_514' title='bbox 487 5423 742 5496; x_wconf 77' lang='grc' dir='ltr'>ἡμισείας</span> <span class='ocrx_word' id='word_1_515' title='bbox 785 5421 1087 5504; x_wconf 78' lang='grc' dir='ltr'>βεϐλάφθαι</span> <span class='ocrx_word' id='word_1_516' title='bbox 1137 5425 1224 5483; x_wconf 82' lang='grc' dir='ltr'>διὰ</span> <span class='ocrx_word' id='word_1_517' title='bbox 1269 5430 1360 5485; x_wconf 87' lang='grc' dir='ltr'>τὸν</span> <span class='ocrx_word' id='word_1_518' title='bbox 1409 5429 1574 5486; x_wconf 88' lang='grc' dir='ltr'>τόπον</span> <span class='ocrx_word' id='word_1_519' title='bbox 1609 5431 1860 5506; x_wconf 87' lang='grc' dir='ltr'>νομίσας,</span> 
     </span>
    </p>
   </div>
   <div class='ocr_carea' id='block_1_71' title="bbox 285 5623 1859 5694">
    <p class='ocr_par' dir='ltr' id='par_1_71' title="bbox 285 5623 1859 5694">
     <span class='ocr_line' id='line_1_72' title="bbox 285 5623 1859 5694; baseline 0.01 -17"><span class='ocrx_word' id='word_1_520' title='bbox 285 5623 366 5694; x_wconf 76' lang='grc'>(1)</span> <span class='ocrx_word' id='word_1_521' title='bbox 394 5623 720 5683; x_wconf 80' lang='lat' dir='ltr'><strong>Scelestum</strong></span> <span class='ocrx_word' id='word_1_522' title='bbox 765 5627 923 5685; x_wconf 88' lang='lat' dir='ltr'><strong>hunc</strong></span> <span class='ocrx_word' id='word_1_523' title='bbox 952 5645 1173 5689; x_wconf 91' lang='lat' dir='ltr'><strong>morem</strong></span> <span class='ocrx_word' id='word_1_524' title='bbox 1214 5633 1286 5689; x_wconf 88' lang='lat' dir='ltr'>ab</span> <span class='ocrx_word' id='word_1_525' title='bbox 1326 5635 1654 5692; x_wconf 87' lang='lat' dir='ltr'><strong>Andronico</strong></span> <span class='ocrx_word' id='word_1_526' title='bbox 1702 5635 1859 5692; x_wconf 82' lang='lat' dir='ltr'><strong>Ian-</strong></span> 
     </span>
    </p>
   </div>
   <div class='ocr_carea' id='block_1_72' title="bbox 2021 1975 3658 2060">
    <p class='ocr_par' dir='ltr' id='par_1_72' title="bbox 2021 1975 3658 2060">
     <span class='ocr_line' id='line_1_73' title="bbox 2021 1975 3658 2060; baseline 0.007 -29"><span class='ocrx_word' id='word_1_527' title='bbox 2021 1975 2064 2031; x_wconf 89' lang='lat' dir='ltr'>si</span> <span class='ocrx_word' id='word_1_528' title='bbox 2098 1975 2222 2032; x_wconf 62' lang='lat' dir='ltr'><strong>ista)</strong></span> <span class='ocrx_word' id='word_1_529' title='bbox 2273 1980 2525 2049; x_wconf 69' lang='lat' dir='ltr'><strong>pecuniis</strong></span> <span class='ocrx_word' id='word_1_530' title='bbox 2575 1980 2783 2038; x_wconf 86' lang='lat' dir='ltr'><strong>futuris</strong></span> <span class='ocrx_word' id='word_1_531' title='bbox 2833 1983 3268 2041; x_wconf 78' lang='lat' dir='ltr'><strong>necessitatibus</strong></span> <span class='ocrx_word' id='word_1_532' title='bbox 3300 2003 3331 2040; x_wconf 90' lang='lat' dir='ltr'>a</span> <span class='ocrx_word' id='word_1_533' title='bbox 3374 1987 3658 2060; x_wconf 88' lang='lat' dir='ltr'><strong>principio</strong></span> 
     </span>
    </p>
   </div>
   <div class='ocr_carea' id='block_1_73' title="bbox 2020 2090 3660 2160">
    <p class='ocr_par' dir='ltr' id='par_1_73' title="bbox 2020 2090 3660 2160">
     <span class='ocr_line' id='line_1_74' title="bbox 2020 2090 3660 2160; baseline 0.009 -21"><span class='ocrx_word' id='word_1_534' title='bbox 2020 2090 2315 2142; x_wconf 66' lang='lat' dir='ltr'><strong>reservata</strong></span> <span class='ocrx_word' id='word_1_535' title='bbox 2357 2095 2508 2156; x_wconf 79' lang='lat' dir='ltr'><strong>sunt,</strong></span> <span class='ocrx_word' id='word_1_536' title='bbox 2581 2090 2848 2160; x_wconf 66' lang='lat' dir='ltr'><strong>presenti</strong></span> <span class='ocrx_word' id='word_1_537' title='bbox 2920 2108 3114 2148; x_wconf 88' lang='lat' dir='ltr'><strong>rerum</strong></span> <span class='ocrx_word' id='word_1_538' title='bbox 3178 2093 3521 2150; x_wconf 90' lang='lat' dir='ltr'><strong>discrimine</strong></span> <span class='ocrx_word' id='word_1_539' title='bbox 3585 2096 3660 2153; x_wconf 86' lang='lat' dir='ltr'>iis</span> 
     </span>
    </p>
   </div>
   <div class='ocr_carea' id='block_1_74' title="bbox 2019 2193 3661 2270">
    <p class='ocr_par' dir='ltr' id='par_1_74' title="bbox 2019 2193 3661 2270">
     <span class='ocr_line' id='line_1_75' title="bbox 2019 2193 3661 2270; baseline 0.008 -23"><span class='ocrx_word' id='word_1_540' title='bbox 2019 2193 2297 2250; x_wconf 88' lang='lat' dir='ltr'><strong>utendum</strong></span> <span class='ocrx_word' id='word_1_541' title='bbox 2329 2199 2436 2262; x_wconf 87' lang='lat' dir='ltr'><strong>est,</strong></span> <span class='ocrx_word' id='word_1_542' title='bbox 2456 2196 2532 2250; x_wconf 86' lang='lat' dir='ltr'>ita</span> <span class='ocrx_word' id='word_1_543' title='bbox 2549 2201 2611 2252; x_wconf 90' lang='lat' dir='ltr'>ut</span> <span class='ocrx_word' id='word_1_544' title='bbox 2639 2213 2833 2253; x_wconf 89' lang='lat' dir='ltr'><strong>rerum</strong></span> <span class='ocrx_word' id='word_1_545' title='bbox 2855 2201 3150 2270; x_wconf 86' lang='lat' dir='ltr'><strong>angustias</strong></span> <span class='ocrx_word' id='word_1_546' title='bbox 3165 2200 3661 2260; x_wconf 83' lang='lat' dir='ltr'><strong>aboleamusuno-</strong></span> 
     </span>
    </p>
   </div>
   <div class='ocr_carea' id='block_1_75' title="bbox 2017 2301 3659 2373">
    <p class='ocr_par' dir='ltr' id='par_1_75' title="bbox 2017 2301 3659 2373">
     <span class='ocr_line' id='line_1_76' title="bbox 2017 2301 3659 2373; baseline 0.009 -18"><span class='ocrx_word' id='word_1_547' title='bbox 2017 2316 2242 2373; x_wconf 89' lang='lat' dir='ltr'><strong>quoque</strong></span> <span class='ocrx_word' id='word_1_548' title='bbox 2271 2301 2396 2359; x_wconf 65' lang='lat' dir='ltr'><strong>laete</strong></span> <span class='ocrx_word' id='word_1_549' title='bbox 2429 2304 2693 2362; x_wconf 89' lang='lat' dir='ltr'><strong>debitum</strong></span> <span class='ocrx_word' id='word_1_550' title='bbox 2707 2307 2985 2364; x_wconf 84' lang='lat' dir='ltr'><strong>solvente.</strong></span> <span class='ocrx_word' id='word_1_551' title='bbox 3011 2309 3202 2366; x_wconf 82' lang='lat' dir='ltr'><strong>Rebus</strong></span> <span class='ocrx_word' id='word_1_552' title='bbox 3229 2311 3386 2367; x_wconf 89' lang='lat' dir='ltr'><strong>enim</strong></span> <span class='ocrx_word' id='word_1_553' title='bbox 3414 2314 3484 2368; x_wconf 89' lang='lat' dir='ltr'>de</span> <span class='ocrx_word' id='word_1_554' title='bbox 3516 2328 3659 2370; x_wconf 92' lang='lat' dir='ltr'><strong>novo</strong></span> 
     </span>
    </p>
   </div>
   <div class='ocr_carea' id='block_1_76' title="bbox 2014 2407 3656 2490">
    <p class='ocr_par' dir='ltr' id='par_1_76' title="bbox 2014 2407 3656 2490">
     <span class='ocr_line' id='line_1_77' title="bbox 2014 2407 3656 2490; baseline 0.009 -30"><span class='ocrx_word' id='word_1_555' title='bbox 2014 2407 2308 2479; x_wconf 86' lang='lat' dir='ltr'><strong>prosperis</strong></span> <span class='ocrx_word' id='word_1_556' title='bbox 2347 2425 2489 2482; x_wconf 84' lang='lat' dir='ltr'><strong>gaza</strong></span> <span class='ocrx_word' id='word_1_557' title='bbox 2518 2429 2751 2486; x_wconf 91' lang='lat' dir='ltr'><strong>quoque</strong></span> <span class='ocrx_word' id='word_1_558' title='bbox 2800 2414 2963 2471; x_wconf 92' lang='lat' dir='ltr'><strong>novis</strong></span> <span class='ocrx_word' id='word_1_559' title='bbox 2994 2415 3278 2473; x_wconf 87' lang='lat' dir='ltr'><strong>thesauris</strong></span> <span class='ocrx_word' id='word_1_560' title='bbox 3317 2417 3656 2490; x_wconf 88' lang='lat' dir='ltr'><strong>replebitur.</strong></span> 
     </span>
    </p>
   </div>
   <div class='ocr_carea' id='block_1_77' title="bbox 2013 2512 3652 2596">
    <p class='ocr_par' dir='ltr' id='par_1_77' title="bbox 2013 2512 3652 2596">
     <span class='ocr_line' id='line_1_78' title="bbox 2013 2512 3652 2596; baseline 0.01 -29"><span class='ocrx_word' id='word_1_561' title='bbox 2013 2512 2072 2567; x_wconf 92' lang='lat' dir='ltr'><strong>Si</strong></span> <span class='ocrx_word' id='word_1_562' title='bbox 2102 2530 2234 2570; x_wconf 84' lang='lat' dir='ltr'><strong>vero</strong></span> <span class='ocrx_word' id='word_1_563' title='bbox 2265 2523 2497 2574; x_wconf 88' lang='lat' dir='ltr'><strong>econtra</strong></span> <span class='ocrx_word' id='word_1_564' title='bbox 2552 2536 2690 2590; x_wconf 89' lang='lat' dir='ltr'><strong>opes</strong></span> <span class='ocrx_word' id='word_1_565' title='bbox 2755 2521 3064 2578; x_wconf 64' lang='lat' dir='ltr'><strong>inaccessas</strong></span> <span class='ocrx_word' id='word_1_566' title='bbox 3120 2530 3176 2579; x_wconf 87' lang='lat' dir='ltr'>et</span> <span class='ocrx_word' id='word_1_567' title='bbox 3215 2541 3652 2596; x_wconf 70' lang='lat' dir='ltr'><strong>supervacanea</strong></span> 
     </span>
    </p>
   </div>
   <div class='ocr_carea' id='block_1_78' title="bbox 2003 2619 3654 2706">
    <p class='ocr_par' dir='ltr' id='par_1_78' title="bbox 2003 2619 3654 2706">
     <span class='ocr_line' id='line_1_79' title="bbox 2003 2619 3654 2706; baseline 0.01 -33"><span class='ocrx_word' id='word_1_568' title='bbox 2003 2619 2222 2690; x_wconf 88' lang='lat' dir='ltr'><strong>jacent,</strong></span> <span class='ocrx_word' id='word_1_569' title='bbox 2250 2640 2282 2677; x_wconf 92' lang='lat' dir='ltr'>a</span> <span class='ocrx_word' id='word_1_570' title='bbox 2317 2623 2537 2680; x_wconf 82' lang='lat' dir='ltr'><strong>fortiori</strong></span> <span class='ocrx_word' id='word_1_571' title='bbox 2579 2627 2862 2682; x_wconf 92' lang='lat' dir='ltr'><strong>utendum</strong></span> <span class='ocrx_word' id='word_1_572' title='bbox 2912 2630 2996 2684; x_wconf 92' lang='lat' dir='ltr'>eis</span> <span class='ocrx_word' id='word_1_573' title='bbox 3049 2635 3136 2685; x_wconf 78' lang='lat' dir='ltr'>est</span> <span class='ocrx_word' id='word_1_574' title='bbox 3166 2647 3236 2686; x_wconf 93' lang='lat' dir='ltr'>ne</span> <span class='ocrx_word' id='word_1_575' title='bbox 3269 2631 3472 2688; x_wconf 89' lang='lat' dir='ltr'><strong>inutile</strong></span> <span class='ocrx_word' id='word_1_576' title='bbox 3503 2649 3654 2706; x_wconf 88' lang='lat' dir='ltr'><strong>pon-</strong></span> 
     </span>
    </p>
   </div>
   <div class='ocr_carea' id='block_1_79' title="bbox 2010 2725 3654 2803">
    <p class='ocr_par' dir='ltr' id='par_1_79' title="bbox 2010 2725 3654 2803">
     <span class='ocr_line' id='line_1_80' title="bbox 2010 2725 3654 2803; baseline 0.011 -24"><span class='ocrx_word' id='word_1_577' title='bbox 2010 2725 2121 2782; x_wconf 89' lang='lat' dir='ltr'>dus</span> <span class='ocrx_word' id='word_1_578' title='bbox 2144 2734 2500 2800; x_wconf 88' lang='lat' dir='ltr'><strong>putrescant,</strong></span> <span class='ocrx_word' id='word_1_579' title='bbox 2526 2733 2640 2790; x_wconf 90' lang='lat' dir='ltr'>imo</span> <span class='ocrx_word' id='word_1_580' title='bbox 2681 2734 2929 2803; x_wconf 89' lang='lat' dir='ltr'><strong>publicis</strong></span> <span class='ocrx_word' id='word_1_581' title='bbox 2974 2737 3419 2794; x_wconf 86' lang='lat' dir='ltr'><strong>necessitatibus</strong></span> <span class='ocrx_word' id='word_1_582' title='bbox 3459 2740 3654 2796; x_wconf 86' lang='lat' dir='ltr'><strong>inser-</strong></span> 
     </span>
    </p>
   </div>
   <div class='ocr_carea' id='block_1_80' title="bbox 2008 2834 3654 2920">
    <p class='ocr_par' dir='ltr' id='par_1_80' title="bbox 2008 2834 3654 2920">
     <span class='ocr_line' id='line_1_81' title="bbox 2008 2834 3654 2920; baseline 0.01 -32"><span class='ocrx_word' id='word_1_583' title='bbox 2008 2834 2182 2891; x_wconf 87' lang='lat' dir='ltr'><strong>viant.</strong></span> <span class='ocrx_word' id='word_1_584' title='bbox 2220 2836 2382 2894; x_wconf 90' lang='lat' dir='ltr'><strong>Unde</strong></span> <span class='ocrx_word' id='word_1_585' title='bbox 2413 2844 2568 2910; x_wconf 90' lang='lat' dir='ltr'><strong>patet</strong></span> <span class='ocrx_word' id='word_1_586' title='bbox 2597 2844 2752 2912; x_wconf 88' lang='lat' dir='ltr'><strong>quod</strong></span> <span class='ocrx_word' id='word_1_587' title='bbox 2806 2843 3050 2899; x_wconf 88' lang='lat' dir='ltr'><strong>istarum</strong></span> <span class='ocrx_word' id='word_1_588' title='bbox 3085 2845 3296 2902; x_wconf 82' lang='lat' dir='ltr'><strong>auxilio</strong></span> <span class='ocrx_word' id='word_1_589' title='bbox 3356 2864 3460 2903; x_wconf 89' lang='lat' dir='ltr'>nos</span> <span class='ocrx_word' id='word_1_590' title='bbox 3507 2865 3654 2920; x_wconf 69' lang='lat' dir='ltr'><strong>pre-</strong></span> 
     </span>
    </p>
   </div>
   <div class='ocr_carea' id='block_1_81' title="bbox 2011 2944 2577 3004">
    <p class='ocr_par' dir='ltr' id='par_1_81' title="bbox 2011 2944 2577 3004">
     <span class='ocr_line' id='line_1_82' title="bbox 2011 2944 2577 3004; baseline 0.012 -7"><span class='ocrx_word' id='word_1_591' title='bbox 2011 2944 2238 3001; x_wconf 90' lang='lat' dir='ltr'><strong>munire</strong></span> <span class='ocrx_word' id='word_1_592' title='bbox 2276 2947 2577 3004; x_wconf 88' lang='lat' dir='ltr'><strong>debemus.</strong></span> 
     </span>
    </p>
   </div>
   <div class='ocr_carea' id='block_1_82' title="bbox 2057 3924 3621 4000">
    <p class='ocr_par' dir='ltr' id='par_1_82' title="bbox 2057 3924 3621 4000">
     <span class='ocr_line' id='line_1_83' title="bbox 2057 3924 3621 4000; baseline 0.004 -22"><span class='ocrx_word' id='word_1_593' title='bbox 2057 3924 2146 3979; x_wconf 87' lang='lat'>22.</span> <span class='ocrx_word' id='word_1_594' title='bbox 2180 3925 2322 3982; x_wconf 87' lang='lat' dir='ltr'><strong>Huic</strong></span> <span class='ocrx_word' id='word_1_595' title='bbox 2343 3925 2424 3982; x_wconf 87' lang='lat' dir='ltr'>rei</span> <span class='ocrx_word' id='word_1_596' title='bbox 2454 3925 2765 3982; x_wconf 66' lang='lat' dir='ltr'><strong>fastidiosae</strong></span> <span class='ocrx_word' id='word_1_597' title='bbox 2779 3927 3013 3983; x_wconf 91' lang='lat' dir='ltr'><strong>tandem</strong></span> <span class='ocrx_word' id='word_1_598' title='bbox 3029 3927 3621 4000; x_wconf 83' lang='lat' dir='ltr'><strong>fiuemimpositurus,</strong></span> 
     </span>
    </p>
   </div>
   <div class='ocr_carea' id='block_1_83' title="bbox 1986 4039 3625 4114">
    <p class='ocr_par' dir='ltr' id='par_1_83' title="bbox 1986 4039 3625 4114">
     <span class='ocr_line' id='line_1_84' title="bbox 1986 4039 3625 4114; baseline 0.003 -19"><span class='ocrx_word' id='word_1_599' title='bbox 1986 4039 2043 4095; x_wconf 91' lang='lat' dir='ltr'>id</span> <span class='ocrx_word' id='word_1_600' title='bbox 2079 4055 2258 4096; x_wconf 87' lang='lat' dir='ltr'><strong>unum</strong></span> <span class='ocrx_word' id='word_1_601' title='bbox 2289 4041 2578 4112; x_wconf 87' lang='lat' dir='ltr'><strong>adjiciam,</strong></span> <span class='ocrx_word' id='word_1_602' title='bbox 2607 4043 2762 4114; x_wconf 90' lang='lat' dir='ltr'><strong>quod</strong></span> <span class='ocrx_word' id='word_1_603' title='bbox 2783 4043 3116 4100; x_wconf 89' lang='lat' dir='ltr'><strong>emendacio</strong></span> <span class='ocrx_word' id='word_1_604' title='bbox 3146 4059 3210 4100; x_wconf 85' lang='lat' dir='ltr'>ac</span> <span class='ocrx_word' id='word_1_605' title='bbox 3239 4043 3500 4100; x_wconf 88' lang='lat' dir='ltr'><strong>studium</strong></span> <span class='ocrx_word' id='word_1_606' title='bbox 3531 4044 3625 4100; x_wconf 83' lang='lat' dir='ltr'><strong>ad-</strong></span> 
     </span>
    </p>
   </div>
   <div class='ocr_carea' id='block_1_84' title="bbox 1985 4147 3628 4219">
    <p class='ocr_par' dir='ltr' id='par_1_84' title="bbox 1985 4147 3628 4219">
     <span class='ocr_line' id='line_1_85' title="bbox 1985 4147 3628 4219; baseline 0.004 -19"><span class='ocrx_word' id='word_1_607' title='bbox 1985 4161 2198 4216; x_wconf 88' lang='lat' dir='ltr'><strong>ponere</strong></span> <span class='ocrx_word' id='word_1_608' title='bbox 2229 4147 2392 4201; x_wconf 88' lang='lat' dir='ltr'><strong>decet</strong></span> <span class='ocrx_word' id='word_1_609' title='bbox 2422 4163 2770 4219; x_wconf 89' lang='lat' dir='ltr'><strong>summaque</strong></span> <span class='ocrx_word' id='word_1_610' title='bbox 2799 4150 3087 4219; x_wconf 87' lang='lat' dir='ltr'><strong>cautione,</strong></span> <span class='ocrx_word' id='word_1_611' title='bbox 3121 4154 3184 4205; x_wconf 87' lang='lat' dir='ltr'>ut</span> <span class='ocrx_word' id='word_1_612' title='bbox 3212 4167 3244 4205; x_wconf 90' lang='lat' dir='ltr'>a</span> <span class='ocrx_word' id='word_1_613' title='bbox 3273 4150 3413 4218; x_wconf 86' lang='lat' dir='ltr'><strong>fers,</strong></span> <span class='ocrx_word' id='word_1_614' title='bbox 3457 4155 3628 4206; x_wconf 88' lang='lat' dir='ltr'><strong>uten-</strong></span> 
     </span>
    </p>
   </div>
   <div class='ocr_carea' id='block_1_85' title="bbox 1983 4252 3631 4325">
    <p class='ocr_par' dir='ltr' id='par_1_85' title="bbox 1983 4252 3631 4325">
     <span class='ocr_line' id='line_1_86' title="bbox 1983 4252 3631 4325; baseline 0.002 -18"><span class='ocrx_word' id='word_1_615' title='bbox 1983 4252 2146 4308; x_wconf 90' lang='lat' dir='ltr'><strong>dum.</strong></span> <span class='ocrx_word' id='word_1_616' title='bbox 2187 4253 2348 4325; x_wconf 71' lang='lat' dir='ltr'><strong>Saepe</strong></span> <span class='ocrx_word' id='word_1_617' title='bbox 2386 4253 2543 4310; x_wconf 89' lang='lat' dir='ltr'><strong>enim</strong></span> <span class='ocrx_word' id='word_1_618' title='bbox 2583 4260 2784 4311; x_wconf 88' lang='lat' dir='ltr'><strong>contra</strong></span> <span class='ocrx_word' id='word_1_619' title='bbox 2829 4255 2994 4311; x_wconf 92' lang='lat' dir='ltr'><strong>littus</strong></span> <span class='ocrx_word' id='word_1_620' title='bbox 3051 4255 3382 4313; x_wconf 85' lang='lat' dir='ltr'><strong>naviculam</strong></span> <span class='ocrx_word' id='word_1_621' title='bbox 3437 4257 3631 4313; x_wconf 89' lang='lat' dir='ltr'><strong>allidi-</strong></span> 
     </span>
    </p>
   </div>
   <div class='ocr_carea' id='block_1_86' title="bbox 1985 4361 3630 4436">
    <p class='ocr_par' dir='ltr' id='par_1_86' title="bbox 1985 4361 3630 4436">
     <span class='ocr_line' id='line_1_87' title="bbox 1985 4361 3630 4436; baseline 0.002 -20"><span class='ocrx_word' id='word_1_622' title='bbox 1985 4377 2120 4416; x_wconf 88' lang='lat' dir='ltr'>mus</span> <span class='ocrx_word' id='word_1_623' title='bbox 2148 4376 2215 4418; x_wconf 89' lang='lat' dir='ltr'>ac</span> <span class='ocrx_word' id='word_1_624' title='bbox 2248 4361 2613 4434; x_wconf 85' lang='lat' dir='ltr'><strong>naufragium</strong></span> <span class='ocrx_word' id='word_1_625' title='bbox 2666 4364 2931 4432; x_wconf 83' lang='lat' dir='ltr'><strong>facimus,</strong></span> <span class='ocrx_word' id='word_1_626' title='bbox 2967 4364 3108 4434; x_wconf 90' lang='lat' dir='ltr'><strong>quin</strong></span> <span class='ocrx_word' id='word_1_627' title='bbox 3140 4362 3345 4420; x_wconf 73' lang='lat' dir='ltr'><strong>accola:</strong></span> <span class='ocrx_word' id='word_1_628' title='bbox 3377 4364 3630 4436; x_wconf 84' lang='lat' dir='ltr'><strong>regionis</strong></span> 
     </span>
    </p>
   </div>
   <div class='ocr_carea' id='block_1_87' title="bbox 1982 4465 3619 4542">
    <p class='ocr_par' dir='ltr' id='par_1_87' title="bbox 1982 4465 3619 4542">
     <span class='ocr_line' id='line_1_88' title="bbox 1982 4465 3619 4542; baseline 0.002 -21"><span class='ocrx_word' id='word_1_629' title='bbox 1982 4465 2238 4522; x_wconf 76' lang='lat' dir='ltr'><strong>solamen</strong></span> <span class='ocrx_word' id='word_1_630' title='bbox 2272 4469 2596 4538; x_wconf 70' lang='lat' dir='ltr'><strong>praebeant;</strong></span> <span class='ocrx_word' id='word_1_631' title='bbox 2618 4473 2852 4524; x_wconf 90' lang='lat' dir='ltr'><strong>econtra</strong></span> <span class='ocrx_word' id='word_1_632' title='bbox 2883 4471 3038 4542; x_wconf 93' lang='lat' dir='ltr'><strong>quod</strong></span> <span class='ocrx_word' id='word_1_633' title='bbox 3078 4471 3312 4527; x_wconf 75' lang='lat' dir='ltr'><strong>fortuna</strong></span> <span class='ocrx_word' id='word_1_634' title='bbox 3349 4471 3476 4542; x_wconf 88' lang='lat' dir='ltr'><strong>ipsa</strong></span> <span class='ocrx_word' id='word_1_635' title='bbox 3506 4487 3619 4527; x_wconf 88' lang='lat' dir='ltr'>non</span> 
     </span>
    </p>
   </div>
   <div class='ocr_carea' id='block_1_88' title="bbox 1982 4573 3617 4650">
    <p class='ocr_par' dir='ltr' id='par_1_88' title="bbox 1982 4573 3617 4650">
     <span class='ocr_line' id='line_1_89' title="bbox 1982 4573 3617 4650; baseline 0.004 -22"><span class='ocrx_word' id='word_1_636' title='bbox 1982 4573 2190 4644; x_wconf 86' lang='lat' dir='ltr'><strong>rapuit,</strong></span> <span class='ocrx_word' id='word_1_637' title='bbox 2220 4573 2332 4646; x_wconf 87' lang='lat' dir='ltr'><strong>ipsi</strong></span> <span class='ocrx_word' id='word_1_638' title='bbox 2391 4575 2788 4632; x_wconf 80' lang='lat' dir='ltr'><strong>inhumaniter</strong></span> <span class='ocrx_word' id='word_1_639' title='bbox 2831 4576 3088 4648; x_wconf 89' lang='lat' dir='ltr'><strong>eripiunt</strong></span> <span class='ocrx_word' id='word_1_640' title='bbox 3135 4594 3199 4634; x_wconf 87' lang='lat' dir='ltr'>ac</span> <span class='ocrx_word' id='word_1_641' title='bbox 3241 4579 3362 4632; x_wconf 61' lang='lat' dir='ltr'><strong>vitae</strong></span> <span class='ocrx_word' id='word_1_642' title='bbox 3394 4579 3617 4650; x_wconf 84' lang='lat' dir='ltr'><strong>copiam</strong></span> 
     </span>
    </p>
   </div>
   <div class='ocr_carea' id='block_1_89' title="bbox 1979 4679 3619 4755">
    <p class='ocr_par' dir='ltr' id='par_1_89' title="bbox 1979 4679 3619 4755">
     <span class='ocr_line' id='line_1_90' title="bbox 1979 4679 3619 4755; baseline 0.004 -21"><span class='ocrx_word' id='word_1_643' title='bbox 1979 4695 2047 4736; x_wconf 84' lang='lat' dir='ltr'>ac</span> <span class='ocrx_word' id='word_1_644' title='bbox 2076 4679 2408 4736; x_wconf 84' lang='lat' dir='ltr'><strong>facultatem</strong></span> <span class='ocrx_word' id='word_1_645' title='bbox 2457 4682 2838 4754; x_wconf 74' lang='lat' dir='ltr'><strong>praecludunt.</strong></span> <span class='ocrx_word' id='word_1_646' title='bbox 2872 4683 3016 4749; x_wconf 82' lang='lat' dir='ltr'><strong>Quid</strong></span> <span class='ocrx_word' id='word_1_647' title='bbox 3062 4684 3218 4740; x_wconf 90' lang='lat' dir='ltr'><strong>enim</strong></span> <span class='ocrx_word' id='word_1_648' title='bbox 3278 4685 3368 4740; x_wconf 93' lang='lat' dir='ltr'>hic</span> <span class='ocrx_word' id='word_1_649' title='bbox 3425 4685 3483 4740; x_wconf 90' lang='lat' dir='ltr'>in</span> <span class='ocrx_word' id='word_1_650' title='bbox 3523 4699 3619 4755; x_wconf 87' lang='lat' dir='ltr'><strong>pe-</strong></span> 
     </span>
    </p>
   </div>
   <div class='ocr_carea' id='block_1_90' title="bbox 1980 4785 3622 4862">
    <p class='ocr_par' dir='ltr' id='par_1_90' title="bbox 1980 4785 3622 4862">
     <span class='ocr_line' id='line_1_91' title="bbox 1980 4785 3622 4862; baseline 0.003 -21"><span class='ocrx_word' id='word_1_651' title='bbox 1980 4785 2229 4843; x_wconf 89' lang='lat' dir='ltr'><strong>riculoso</strong></span> <span class='ocrx_word' id='word_1_652' title='bbox 2261 4788 2402 4844; x_wconf 90' lang='lat' dir='ltr'><strong>mari</strong></span> <span class='ocrx_word' id='word_1_653' title='bbox 2459 4789 2692 4860; x_wconf 88' lang='lat' dir='ltr'><strong>gravius</strong></span> <span class='ocrx_word' id='word_1_654' title='bbox 2749 4790 2903 4858; x_wconf 88' lang='lat' dir='ltr'><strong>tulit,</strong></span> <span class='ocrx_word' id='word_1_655' title='bbox 2937 4797 3037 4847; x_wconf 89' lang='lat' dir='ltr'>aut</span> <span class='ocrx_word' id='word_1_656' title='bbox 3066 4790 3161 4848; x_wconf 91' lang='lat' dir='ltr'><strong>ille</strong></span> <span class='ocrx_word' id='word_1_657' title='bbox 3201 4792 3304 4862; x_wconf 89' lang='lat' dir='ltr'>qui</span> <span class='ocrx_word' id='word_1_658' title='bbox 3346 4791 3622 4847; x_wconf 83' lang='lat' dir='ltr'><strong>monstris</strong></span> 
     </span>
    </p>
   </div>
   <div class='ocr_carea' id='block_1_91' title="bbox 1980 4893 3621 4966">
    <p class='ocr_par' dir='ltr' id='par_1_91' title="bbox 1980 4893 3621 4966">
     <span class='ocr_line' id='line_1_92' title="bbox 1980 4893 3621 4966; baseline 0.003 -18"><span class='ocrx_word' id='word_1_659' title='bbox 1980 4893 2220 4949; x_wconf 90' lang='lat' dir='ltr'><strong>marinis</strong></span> <span class='ocrx_word' id='word_1_660' title='bbox 2252 4895 2444 4966; x_wconf 64' lang='lat' dir='ltr'><strong>prada</strong></span> <span class='ocrx_word' id='word_1_661' title='bbox 2499 4895 2686 4952; x_wconf 89' lang='lat' dir='ltr'><strong>factus</strong></span> <span class='ocrx_word' id='word_1_662' title='bbox 2717 4897 2846 4953; x_wconf 84' lang='lat' dir='ltr'><strong>est?</strong></span> <span class='ocrx_word' id='word_1_663' title='bbox 2873 4899 2947 4952; x_wconf 81' lang='lat' dir='ltr'>At</span> <span class='ocrx_word' id='word_1_664' title='bbox 2978 4902 3316 4954; x_wconf 88' lang='lat' dir='ltr'><strong>contentum</strong></span> <span class='ocrx_word' id='word_1_665' title='bbox 3376 4914 3503 4953; x_wconf 90' lang='lat' dir='ltr'><strong>sese</strong></span> <span class='ocrx_word' id='word_1_666' title='bbox 3533 4897 3621 4953; x_wconf 92' lang='lat' dir='ltr'><strong>di-</strong></span> 
     </span>
    </p>
   </div>
   <div class='ocr_carea' id='block_1_92' title="bbox 1979 5000 3616 5073">
    <p class='ocr_par' dir='ltr' id='par_1_92' title="bbox 1979 5000 3616 5073">
     <span class='ocr_line' id='line_1_93' title="bbox 1979 5000 3616 5073; baseline 0.002 -19"><span class='ocrx_word' id='word_1_667' title='bbox 1979 5014 2106 5056; x_wconf 89' lang='lat' dir='ltr'><strong>cere</strong></span> <span class='ocrx_word' id='word_1_668' title='bbox 2137 5000 2220 5055; x_wconf 76' lang='lat' dir='ltr'>tas</span> <span class='ocrx_word' id='word_1_669' title='bbox 2245 5009 2352 5068; x_wconf 87' lang='lat' dir='ltr'><strong>est,</strong></span> <span class='ocrx_word' id='word_1_670' title='bbox 2401 5001 2718 5058; x_wconf 90' lang='lat' dir='ltr'><strong>dummodo</strong></span> <span class='ocrx_word' id='word_1_671' title='bbox 2778 5003 2918 5060; x_wconf 89' lang='lat' dir='ltr'><strong>solis</strong></span> <span class='ocrx_word' id='word_1_672' title='bbox 2965 5003 3159 5060; x_wconf 84' lang='lat' dir='ltr'><strong>lumen</strong></span> <span class='ocrx_word' id='word_1_673' title='bbox 3204 5003 3396 5060; x_wconf 89' lang='lat' dir='ltr'><strong>videre</strong></span> <span class='ocrx_word' id='word_1_674' title='bbox 3427 5006 3616 5073; x_wconf 89' lang='lat' dir='ltr'><strong>detur,</strong></span> 
     </span>
    </p>
   </div>
   <div class='ocr_carea' id='block_1_93' title="bbox 1977 5107 3618 5184">
    <p class='ocr_par' dir='ltr' id='par_1_93' title="bbox 1977 5107 3618 5184">
     <span class='ocr_line' id='line_1_94' title="bbox 1977 5107 3618 5184; baseline 0.004 -22"><span class='ocrx_word' id='word_1_675' title='bbox 1977 5123 2082 5163; x_wconf 89' lang='lat' dir='ltr'>nec</span> <span class='ocrx_word' id='word_1_676' title='bbox 2110 5107 2268 5164; x_wconf 90' lang='lat' dir='ltr'><strong>aliud</strong></span> <span class='ocrx_word' id='word_1_677' title='bbox 2323 5125 2596 5180; x_wconf 68' lang='lat' dir='ltr'><strong>qumrere.</strong></span> <span class='ocrx_word' id='word_1_678' title='bbox 2642 5110 2923 5182; x_wconf 89' lang='lat' dir='ltr'><strong>Equidem</strong></span> <span class='ocrx_word' id='word_1_679' title='bbox 2957 5127 3239 5184; x_wconf 89' lang='lat' dir='ltr'><strong>perquam</strong></span> <span class='ocrx_word' id='word_1_680' title='bbox 3271 5111 3419 5168; x_wconf 86' lang='lat' dir='ltr'><strong>scire</strong></span> <span class='ocrx_word' id='word_1_681' title='bbox 3448 5112 3618 5182; x_wconf 88' lang='lat' dir='ltr'><strong>cupio</strong></span> 
     </span>
    </p>
   </div>
   <div class='ocr_carea' id='block_1_94' title="bbox 1975 5214 3620 5291">
    <p class='ocr_par' dir='ltr' id='par_1_94' title="bbox 1975 5214 3620 5291">
     <span class='ocr_line' id='line_1_95' title="bbox 1975 5214 3620 5291; baseline 0.004 -23"><span class='ocrx_word' id='word_1_682' title='bbox 1975 5214 2048 5281; x_wconf 87' lang='lat' dir='ltr'>si,</span> <span class='ocrx_word' id='word_1_683' title='bbox 2081 5215 2138 5270; x_wconf 91' lang='lat' dir='ltr'>in</span> <span class='ocrx_word' id='word_1_684' title='bbox 2173 5216 2353 5272; x_wconf 88' lang='lat' dir='ltr'><strong>simili</strong></span> <span class='ocrx_word' id='word_1_685' title='bbox 2404 5233 2566 5288; x_wconf 83' lang='lat' dir='ltr'><strong>casu,</strong></span> <span class='ocrx_word' id='word_1_686' title='bbox 2598 5219 2752 5274; x_wconf 87' lang='lat' dir='ltr'><strong>idem</strong></span> <span class='ocrx_word' id='word_1_687' title='bbox 2783 5219 3098 5288; x_wconf 85' lang='lat' dir='ltr'><strong>sentiretis,</strong></span> <span class='ocrx_word' id='word_1_688' title='bbox 3132 5223 3234 5274; x_wconf 88' lang='lat' dir='ltr'>aut</span> <span class='ocrx_word' id='word_1_689' title='bbox 3266 5218 3436 5291; x_wconf 90' lang='lat' dir='ltr'><strong>plane</strong></span> <span class='ocrx_word' id='word_1_690' title='bbox 3473 5236 3620 5275; x_wconf 90' lang='lat' dir='ltr'><strong>con-</strong></span> 
     </span>
    </p>
   </div>
   <div class='ocr_carea' id='block_1_95' title="bbox 1973 5323 3618 5397">
    <p class='ocr_par' dir='ltr' id='par_1_95' title="bbox 1973 5323 3618 5397">
     <span class='ocr_line' id='line_1_96' title="bbox 1973 5323 3618 5397; baseline 0.002 -18"><span class='ocrx_word' id='word_1_691' title='bbox 1973 5323 2238 5393; x_wconf 83' lang='lat' dir='ltr'><strong>trarium,</strong></span> <span class='ocrx_word' id='word_1_692' title='bbox 2277 5327 2336 5379; x_wconf 90' lang='lat' dir='ltr'>et</span> <span class='ocrx_word' id='word_1_693' title='bbox 2367 5337 2469 5396; x_wconf 88' lang='lat' dir='ltr'>per</span> <span class='ocrx_word' id='word_1_694' title='bbox 2514 5333 2820 5397; x_wconf 88' lang='lat' dir='ltr'><strong>utramque</strong></span> <span class='ocrx_word' id='word_1_695' title='bbox 2851 5325 3144 5382; x_wconf 78' lang='lat' dir='ltr'><strong>fortunam</strong></span> <span class='ocrx_word' id='word_1_696' title='bbox 3176 5326 3248 5382; x_wconf 87' lang='lat' dir='ltr'>ad</span> <span class='ocrx_word' id='word_1_697' title='bbox 3281 5325 3618 5396; x_wconf 81' lang='lat' dir='ltr'><strong>resipiscen-</strong></span> 
     </span>
    </p>
   </div>
   <div class='ocr_carea' id='block_1_96' title="bbox 1971 5429 3612 5491">
    <p class='ocr_par' dir='ltr' id='par_1_96' title="bbox 1971 5429 3612 5491">
     <span class='ocr_line' id='line_1_97' title="bbox 1971 5429 3612 5491; baseline 0.002 -6"><span class='ocrx_word' id='word_1_698' title='bbox 1971 5429 2104 5486; x_wconf 86' lang='lat' dir='ltr'><strong>tiam</strong></span> <span class='ocrx_word' id='word_1_699' title='bbox 2139 5445 2204 5485; x_wconf 85' lang='lat' dir='ltr'>ac</span> <span class='ocrx_word' id='word_1_700' title='bbox 2248 5429 2533 5487; x_wconf 87' lang='lat' dir='ltr'><strong>rationem</strong></span> <span class='ocrx_word' id='word_1_701' title='bbox 2582 5429 3001 5486; x_wconf 87' lang='lat' dir='ltr'><strong>reverterimini</strong></span> <span class='ocrx_word' id='word_1_702' title='bbox 3031 5431 3102 5488; x_wconf 91' lang='lat' dir='ltr'>ad</span> <span class='ocrx_word' id='word_1_703' title='bbox 3157 5431 3385 5488; x_wconf 79' lang='lat' dir='ltr'><strong>facilius</strong></span> <span class='ocrx_word' id='word_1_704' title='bbox 3425 5433 3612 5491; x_wconf 84' lang='lat' dir='ltr'><strong>feren-</strong></span> 
     </span>
    </p>
   </div>
   <div class='ocr_carea' id='block_1_97' title="bbox 1969 5632 3611 5718">
    <p class='ocr_par' dir='ltr' id='par_1_97' title="bbox 1969 5632 3611 5718">
     <span class='ocr_line' id='line_1_98' title="bbox 1969 5632 3611 5718; baseline 0.004 -30"><span class='ocrx_word' id='word_1_705' title='bbox 1969 5632 2104 5718; x_wconf 73' lang='lat' dir='ltr'><strong>hinc</strong></span> <span class='ocrx_word' id='word_1_706' title='bbox 2134 5639 2374 5718; x_wconf 86' lang='lat' dir='ltr'><strong>apparet</strong></span> <span class='ocrx_word' id='word_1_707' title='bbox 2393 5632 2703 5718; x_wconf 53' lang='lat' dir='ltr'><strong>latrocinio</strong></span> <span class='ocrx_word' id='word_1_708' title='bbox 2735 5633 2947 5690; x_wconf 88' lang='lat' dir='ltr'><strong>iterum</strong></span> <span class='ocrx_word' id='word_1_709' title='bbox 2977 5633 3296 5692; x_wconf 85' lang='lat' dir='ltr'><strong>indulsisse</strong></span> <span class='ocrx_word' id='word_1_710' title='bbox 3327 5652 3511 5710; x_wconf 84' lang='lat' dir='ltr'><strong>usque</strong></span> <span class='ocrx_word' id='word_1_711' title='bbox 3539 5637 3611 5695; x_wconf 81' lang='lat' dir='ltr'>ad</span> 
     </span>
    </p>
   </div>
   <div class='ocr_carea' id='block_1_98' title="bbox 211 5693 2729 5783">
    <p class='ocr_par' dir='ltr' id='par_1_98' title="bbox 211 5693 2729 5783">
     <span class='ocr_line' id='line_1_99' title="bbox 211 5693 2729 5783; baseline 0.004 -30"><span class='ocrx_word' id='word_1_712' title='bbox 211 5693 506 5769; x_wconf 80' lang='lat' dir='ltr'><strong>tiquatum</strong></span> <span class='ocrx_word' id='word_1_713' title='bbox 561 5699 748 5759; x_wconf 82' lang='lat' dir='ltr'><strong>fuisse</strong></span> <span class='ocrx_word' id='word_1_714' title='bbox 801 5701 883 5759; x_wconf 86' lang='lat' dir='ltr'>ait</span> <span class='ocrx_word' id='word_1_715' title='bbox 912 5701 1273 5782; x_wconf 64' lang='lat' dir='ltr'><strong>Ephramius</strong></span> <span class='ocrx_word' id='word_1_716' title='bbox 1305 5723 1358 5767; x_wconf 77' lang='grc' dir='ltr'>ν.</span> <span class='ocrx_word' id='word_1_717' title='bbox 1396 5707 1539 5765; x_wconf 88' lang='lat'>5285</span> <span class='ocrx_word' id='word_1_718' title='bbox 1567 5723 1699 5783; x_wconf 85' lang='lat' dir='ltr'><strong>sqq.</strong></span> <span class='ocrx_word' id='word_1_719' title='bbox 1746 5708 1860 5768; x_wconf 83' lang='lat' dir='ltr'><strong>Sed</strong></span> <span class='ocrx_word' id='word_1_720' title='bbox 1964 5693 2363 5766; x_wconf 72' lang='lat' dir='ltr'><strong>Andronicum</strong></span> <span class='ocrx_word' id='word_1_721' title='bbox 2393 5706 2446 5765; x_wconf 83' lang='lat' dir='ltr'><strong>Il</strong></span> <span class='ocrx_word' id='word_1_722' title='bbox 2483 5705 2729 5764; x_wconf 68' lang='lat' dir='ltr'><strong>Graeca.</strong></span> 
     </span>
    </p>
   </div>
  </div>
