4062 6308
421 351 542 414 483

1727 349 2126 414 THEODULI
2169 348 2531 414 MONACHI

3703 369 3828 430 484

425 489 563 546 dam
621 487 1032 545 calamitatem.
1063 487 1179 544 Vos
1237 491 1390 544 certe
1421 501 1544 544 rem
1583 487 2022 546 absurdissima!

2131 485 2210 558 ιὸ
2243 482 2300 540 δὲ
2355 485 2445 541 καὶ
2495 487 2696 543 τούτου
2741 487 3171 568 δυσχερεστέρου
3215 497 3508 572 τετύχηκε,
3550 501 3639 556 καὶ
3701 504 3823 576 μεί-

424 589 690 652 faceretis
737 594 788 651 si
834 595 988 668 quod
1019 593 1132 666 ipsi
1187 593 1609 666 reprehenditis
1665 593 1808 651 alios
1837 593 2072 666 impune

424 703 611 760 facere
656 701 1038 773 arbitramini,
1095 719 1210 759 non
1241 706 1568 760 metuentes
1619 717 1692 758 ne
1722 700 1936 758 fulmen
1961 717 2068 756 cas-

413 810 563 868 leste
591 813 650 868 in
707 815 881 884 caput
909 815 1161 870 vestrum
1193 821 1343 870 rual.
1403 814 1466 868 Id
1524 829 1658 869 eum
1697 812 2064 884 cauponibus

413 923 538 976 tum
572 920 792 977 ceteris
845 919 1119 978 omnibus
1184 935 1356 993 grave
1386 935 1510 977 esse
1552 923 1726 993 patet.
1781 919 1842 976 Si
1899 921 2058 977 enim

417 1030 766 1084 mercatores
807 1027 907 1100 qui
937 1027 1112 1084 vitam
1153 1033 1409 1084 noslram
1465 1032 1798 1086 suslentant
1834 1043 2057 1086 merca-

414 1135 608 1190 turam
647 1133 834 1191 facere
859 1133 1210 1204 desinerenl,
1232 1134 1302 1190 de
1323 1133 1489 1210 nobis
1515 1135 1638 1206 jam
1670 1151 1784 1192 non
1798 1133 2055 1208 amplius

409 1239 672 1310 solliciti,
702 1239 952 1312 quilibet
988 1241 1184 1299 videre
1214 1245 1406 1314 potest
1433 1240 1571 1314 quid
1614 1241 1750 1300 inde
1778 1243 1854 1298 sit
1883 1257 2052 1298 even-

406 1349 629 1404 turum.
661 1347 864 1404 Nonne
909 1347 969 1404 in
1011 1347 1110 1406 lali
1167 1315 1361 1404 rerum
1393 1351 1547 1404 statu
1577 1347 1759 1405 vitam
1815 1363 1931 1406 non
1962 1349 2052 1404 vi-

403 1453 580 1512 talem
609 1456 962 1514 haberemus
981 1455 1010 1512 ?
1025 1457 1345 1514 Maximum
1368 1455 1754 1530 saneZmalum
1768 1455 1904 1514 inde
1923 1473 2050 1513 sur-

405 1570 583 1636 geret,
616 1561 710 1620 cui
740 1563 809 1631 si,
840 1563 1016 1619 vitam
1047 1563 1481 1632 emendaturus,
1515 1561 1734 1619 mederi
1763 1562 2046 1630 velis,duo

404 1669 718 1728 olfeceris:
778 1673 1160 1728 mercatorum
1215 1669 1443 1728 animos
1499 1669 1764 1742 augebis,
1824 1670 2044 1742 quibus

393 1777 678 1851 injuriam
708 1779 895 1836 facere
941 1777 1160 1836 nemini
1189 1777 1408 1849 licebit,
1445 1787 1499 1835 et
1528 1795 1642 1844 non
1668 1778 1821 1836 circa
1845 1779 2044 1835 omnia

399 1887 614 1958 quibus
643 1902 788 1959 opus
809 1885 1116 1955 habemus,
1149 1886 1360 1945 mirum
1393 1890 1677 1959 quantum
1730 1886 2042 1944 abundabi-
2074 1869 2119 1936 Β

395 2009 548 2052 mus.

349 3185 374 3214 τ

444 3261 542 3328 23.
573 3261 660 3317 Tu
703 3277 870 3334 porro
902 3260 1048 3318 illud
1105 3276 1336 3335 quoque
1367 3265 1432 3318 ut
1483 3261 1804 3320 attentione
1860 3265 2023 3321 omni
2051 3245 2094 3312 (ἶ

379 3366 552 3440 plane
601 3368 844 3442 dignum
902 3369 1225 3438 considera,
1265 3373 1332 3426 ut
1393 3371 1566 3426 urbes
1614 3386 1732 3427 non
1789 3387 2020 3428 annona

372 3475 694 3546 abundent,
725 3476 825 3534 sed
857 3479 923 3533 ut
951 3477 1024 3533 iis
1054 3475 1327 3534 omnibus
1359 3476 1572 3549 quibus
1601 3477 1721 3534 vita
1749 3495 1895 3550 opus
1927 3479 2016 3534 ba-

367 3582 484 3654 bet,
517 3581 736 3654 repleta
779 3581 916 3651 sint,
951 3597 1056 3639 nec
1087 3597 1222 3640 vero
1248 3582 1439 3654 turpis
1486 3581 1631 3638 lucri
1663 3583 1848 3655 gratia
1888 3582 2016 3656 pri-

357 3690 549 3746 vative
587 3689 880 3746 commodi
925 3704 1082 3762 ergo,
1112 3690 1215 3746 sed
1261 3693 1324 3745 ut
1353 3689 1513 3745 omni
1551 3693 1830 3760 tempore,
1861 3707 2014 3762 pras-

361 3796 530 3869 cipue
561 3801 752 3854 autem
785 3797 844 3853 in
876 3813 1069 3854 rerum
1102 3796 1300 3868 inopia
1329 3797 1465 3853 inde
1513 3812 1774 3868 promere
1818 3797 2008 3866 liceat,

361 3903 464 3959 tibi
504 3904 736 3976 quidem
796 3921 874 3960 ass
903 3903 1291 3961 necessarium
1343 3903 1412 3959 ad
1447 3919 1816 3960 communem
1847 3903 2006 3960 salu-

356 4013 476 4066 tem
507 4010 922 4083 propriumque
952 4010 1038 4066 tui
1067 4009 1254 4082 ipsius
1281 4008 1582 4066 honorem.
1615 4011 1676 4066 Si
1706 4010 1862 4066 enim
1886 4011 2004 4068 fos-

351 4130 450 4188 sas,
497 4117 732 4188 moenia,
773 4115 1337 4174 circumvallationes
1395 4119 1450 4174 et
1507 4115 1838 4187 hujusmodi
1893 4115 2004 4172 alia

353 4227 530 4284 urbes
561 4231 740 4284 lectas
771 4235 1071 4300 sariasque
1102 4226 1362 4297 reddere,
1391 4225 1784 4283 valentannon
1819 4225 1998 4282 mullo

351 4336 562 4409 magis,
612 4333 862 4408 pecunia
892 4335 1134 4408 insuper
1172 4335 1480 4392 accedente
1506 4335 1535 4390 ?
1579 4333 1722 4391 Mihi
1761 4334 1996 4406 quidem

346 4442 519 4499 urbes
549 4457 792 4498 nummo
823 4446 1084 4498 carentes
1115 4441 1312 4498 minus
1346 4440 1649 4498 commode
1671 4439 1996 4498 obsidionis

345 4549 602 4622 bellique
657 4547 886 4605 labores
935 4553 1162 4620 portare
1205 4564 1374 4621 posse
1418 4549 1736 4618 videntur;
1815 4564 1992 4622 opum

339 4673 474 4716 vero
532 4654 746 4714 auxilio
789 4654 1000 4712 muniti
1061 4671 1412 4729 quacunque
1459 4655 1680 4712 ratione
1721 4655 1986 4712 resistere

341 4769 632 4840 poterunt.
664 4763 1060 4822 Proculdubio
1089 4763 1392 4838 igituristo
1423 4779 1657 4837 quoque
1687 4780 1982 4822 armorum

339 4885 549 4944 genere
575 4870 745 4928 urbes
767 4869 1065 4928 instructa
1091 4885 1220 4928 esse
1239 4870 1568 4943 debebunt.

404 5321 496 5379 24.
525 5320 655 5379 Jam
686 5338 820 5396 qum
849 5322 1098 5380 dicenda
1141 5319 1384 5380 veniunt
1421 5317 1660 5376 maximi
1697 5316 1978 5375 momenti

332 5450 476 5504 sunt
504 5451 562 5504 et
587 5447 762 5522 digna
806 5465 934 5522 quae
989 5463 1199 5522 agmen
1257 5445 1550 5516 claudant,
1605 5443 1740 5500 licet
1789 5457 1974 5499 unum

329 5567 536 5622 contra
561 5563 721 5636 leges
763 5564 861 5636 sit,
893 5563 1144 5622 alterum
1191 5562 1412 5636 optima
1440 5559 1772 5620 conditione
1807 5558 1973 5616 vobis

327 5679 703 5756 relinquatur.
736 5681 798 5740 Si
827 5682 985 5741 enim
1015 5696 1239 5754 eorum,
1263 5681 1374 5756 ‘qui
1419 5680 1706 5737 bonorum
1735 5689 1972 5736 succes-

2019 4599 2538 4685 Βπροσαπολαύειν
2593 4597 2744 4680 ἔχεῖν
2801 4603 3057 4678 ἑτοίμως,
3110 4611 3230 4671 πῶς
3293 4607 3356 4662 ού
3427 4609 3742 4682 μειζόνωςς

2179 579 2332 644 ζονος
2371 576 2596 632 ἐνταῦθα
2645 577 2736 634 διά
2779 581 2906 642 τοὺς
2961 584 3170 640 κάκιστ’
3227 585 3644 660 ἀπολλυμένους
3695 613 3818 647 του-

2171 665 2326 718 τουσὶ
2373 669 2550 742 γῦπας
2595 665 2852 742 ἐπειράθη
2900 675 2998 725 τοῦ
3056 672 3264 745 σάλου;
3323 674 3477 745 Πλὴν
3533 679 3588 732 εἷ
3644 687 3810 737 τοῦτο

2175 751 2410 830 λέγοιεν,
2459 755 2541 812 ὅτι
2587 758 2827 832 περίεστι
2881 761 2972 815 καὶ
3029 762 3125 817 τὸν
3189 761 3354 832 ἥλιον
3417 765 3660 838 βλέπειν,
3720 771 3816 826 καὶ

2173 839 2256 896 δεῖ
2300 843 2516 908 τούτοις
2573 848 2779 924 ἀγαπᾷν
2839 846 2926 904 διὰ
2980 854 3168 920 ταῦτα,
3232 851 3322 907 καί
3393 853 3562 927 μηδὲν
3617 879 3815 934 περαι-

2166 933 2306 1006 τέρω
2351 939 2534 1005 ζητεῖν
2577 935 2668 990 καὶ
2713 937 3080 1012 προσέξεσθαι.
3128 938 3332 1005 Ἡδέως
3388 939 3436 997 δ’
3485 943 3545 999 ἂν
3599 933 3809 1003 τούτων

2165 1023 2466 1096 πυθοίμην,
2505 1025 2708 1101 πότερα
2752 1029 2954 1098 ταύτην
3002 1027 3092 1083 καί
3137 1032 3262 1104 περὶ
3312 1033 3464 1106 ὑμῶν
3511 1032 3574 1089 ἂν
3629 1035 3808 1093 αὐτῶν

2163 1111 2425 1186 ἠνέγκατε
2468 1115 2670 1194 ψῆφον,
2721 1115 2766 1171 εἰ
2809 1121 3060 1174 τοιοῦτον
3107 1119 3234 1192 ὑμῖν
3273 1124 3606 1199 συνηνέχθη,
3633 1125 3668 1195 ἢ
3699 1133 3808 1182 πᾶν

2159 1199 2469 1258 τούναντίον
2515 1202 2654 1260 ὥστε
2711 1205 3000 1282 φροντίδος
3055 1209 3145 1263 καὶ
3190 1212 3527 1284 προμηθείας
3583 1213 3643 1270 ἐκ
3696 1221 3810 1272 τῶν

2161 1287 2389 1346 ἐνόντων
2451 1293 2748 1368 τυγχάντιν
2812 1297 2905 1350 καὶ
2988 1299 3349 1377 συνεισφέρειν
3431 1297 3542 1358 ἄττ’
3607 1298 3808 1376 ἔξεστιν

2159 1378 2369 1438 οτίκοθεν
2412 1380 2659 1458 ἕκαστον,
2713 1386 2803 1441 καὶ
2859 1387 3033 1444 πάντα
3079 1387 3208 1465 δρᾷν
3263 1390 3345 1468 ἐφ’
3492 1395 3592 1464 τήν
3650 1399 3809 1470 συμ-’

2157 1469 2326 1562 φορὰν
2367 1469 2508 1562 ἕξετε
2743 1477 2854 1532 Εἶτ’
2906 1477 2997 1532 οὗν
3039 1479 3259 1534 πάντων
3309 1481 3658 1539 ἀτοπώτατοι
3689 1469 3730 1539 ἃγ
3765 1507 3802 1562 γ

2155 1559 2256 1614 οὐκ
2295 1559 2356 1614 ἃν
2403 1557 2638 1632 ἐδέξασθ³
2686 1564 2845 1638 ὑμεῖς
2901 1565 2952 1621 εἶ’
2999 1569 3074 1640 μὴ
3123 1569 3440 1644 μαινόμενοί
3479 1593 3619 1636 τινες
3673 1557 3799 1645 ἦτε,

2151 1651 2302 1704 ταῦτ’
2342 1649 2616 1718 ἀξιοῦντες
2664 1659 3071 1730 σωφρονοῦντας
3117 1658 3246 1721 τοὺς
3303 1658 3509 1722 ἄλλους
3567 1661 3626 1716 ού
3684 1660 3802 1718 δώ-

2151 1757 2260 1792 σειν
2290 1735 2466 1794 οτίεσθε
2499 1739 2672 1815 δίκην,
2711 1744 2801 1798 καὶ
2841 1745 2978 1799 κατὰ
3014 1752 3115 1815 τῆς
3159 1748 3312 1820 ὑμῶν
3367 1749 3614 1828 κεφαλῆς
3660 1751 3794 1816 τοὺς

2149 1823 2201 1898 ἒξ
2251 1826 2483 1900 ούρανοῦ
2533 1833 2778 1902 κινήσειν
2836 1835 3151 1905 σκηπτούς;
3213 1837 3310 1892 Καὶ
3372 1823 3484 1912 μὴν
3536 1839 3619 1895 ὅτι
3672 1847 3797 1905 τοῖς

2155 1913 2420 1992 ἐμπόροις
2451 1918 2511 1974 ού
2557 1921 2717 1992 μόνον
2747 1923 3108 1998 παγχάλεπον
3155 1929 3338 1995 τοῦτο,
3375 1926 3522 1984 ἀλλᾶ
3566 1929 3654 1985 καὶ
3685 1935 3798 1985 πᾶ-

2154 2026 2236 2062 σιν
2268 2005 2572 2096 ἀνθρώποις
2619 2010 2958 2086 λυμαίνεται,
2997 2012 3166 2085 δῆλον
3214 2016 3438 2074 ἐκεῖθεν.
3493 2019 3554 2074 Εἰ
3603 2021 3704 2096 γὰρ
3735 2023 3796 2076 αἱ

2155 2096 2252 2168 μὲν
2318 2095 2604 2174 ἐμπορεῖαι
2675 2099 2744 2155 δι’
2809 2103 2883 2155 ὧν
2968 2105 3256 2180 πορίζουσι
3349 2103 3591 2163 ἑκάστοθ’
3655 2111 3798 2182 ἡμῖν

2149 2189 2424 2241 συνιστᾶσι
2487 2185 2580 2243 τὸν
2649 2189 2787 2264 βίον,
2853 2190 3056 2255 ταύτας
3097 2190 3154 2248 δὲ
3197 2193 3398 2268 ἀνάγκη
3463 2199 3792 2271 πεπαῦσθαι,

2149 2274 2266 2336 ἑνὸς
2325 2272 2559 2346 μηδενὸς
2617 2275 2695 2334 ἔτι
2743 2280 2850 2334 τῶν
2879 2279 3136 2355 ὶμπόρων
3196 2280 3288 2338 διὰ
3333 2285 3395 2339 τὸ
3457 2290 3626 2342 ταῦτα
3673 2289 3794 2344 πεί-

2147 2365 2327 2418 σεσθαι
2385 2363 2690 2440 προσδοκᾷν
2773 2367 3138 2444 βουληθέντος
3185 2375 3426 2448 χρῆσθαι
3474 2379 3542 2450 τῇ
3592 2377 3787 2453 τέχνῃ,

2143 2457 2264 2516 πῶς
2293 2453 2400 2530 οὐχ
2437 2455 2467 2510 ’ὀ
2519 2454 2666 2532 λέγω
2711 2454 3086 2534 προϐήσεταις
3142 2465 3266 2525 Πῶς
3315 2459 3365 2517 δ’
3417 2464 3516 2520 οὐκ
3562 2465 3622 2520 ἃν
3681 2475 3790 2537 τῆς

2144 2539 2376 2598 ἐντεῦθεν
2433 2546 2776 2620 προμηθείας
2833 2547 3198 2622 κλεισθείσης,
3256 2547 3494 2609 ἀϐίωτον
3553 2555 3790 2630 βιωσαίο

2146 2633 2281 2704 μεθα
2315 2632 2476 2706 βίοντ
2527 2637 2616 2698 Ὠς
2667 2634 2760 2691 οὖν
2801 2637 3056 2714 μεγίστου
3118 2640 3212 2714 μὶν
3271 2639 3528 2714 ἐσομένου
3586 2649 3785 2715 κακοῦ,

2141 2719 2196 2810 εἰ
2226 2724 2372 2776 τοῦθ’
2423 2721 2568 2779 οὕτω
2617 2720 2994 2799 προϐήσεται’
3043 2728 3110 2798 ἢν
3161 2726 3220 2784 δὲ
3273 2732 3516 2804 καθάπαξ
3575 2734 3784 2810 ἀνέλῃς

2141 2805 2199 2861 εὖ
2230 2811 2478 2880 ποιήσων
2505 2812 2597 2868 τὸν
2633 2814 2777 2888 βίον,
2811 2814 2869 2870 εὖ
2917 2813 3022 2871 οἶδ’
3055 2815 3140 2873 ὅτι
3185 2817 3512 2882 σπουδάσεις
3548 2819 3637 2876 δύ’
3663 2805 3784 2880 ἀνθ’

2136 2897 2254 2960 ἑνὸς
2309 2901 2609 2989 εἰργάσθαι,
2669 2905 2798 2969 τούς
2849 2927 2908 2962 τε
2965 2905 3244 2982 ἐμπόρους
3311 2912 3778 2989 προθυμοτέρους,

2131 2992 2212 3060 τῷ
2265 2988 2456 3062 μηδενὶ
2511 2997 2621 3048 τῶν
2689 2994 2940 3052 ἁπάντων
3007 3005 3342 3074 παρανομεῖν
3404 3001 3482 3064 εἰς
3545 2988 3776 3068 τούτους

2133 3075 2348 3150 ἐξεῖναι,
2377 3081 2467 3134 καὶ
2496 3081 2714 3138 πάντων
2755 3085 2828 3139 ὧν
2868 3087 3004 3160 ἡμῖν
3054 3085 3156 3158 δεῖ,
3210 3089 3470 3166 μεγίστην
3515 3093 3604 3148 καὶ
3638 3094 3770 3148 θαυ-

2137 3169 2346 3240 μαστὴν
2379 3171 2654 3242 εὐπορίαν,

2197 3259 2301 3334 κγ’.
2334 3257 2406 3314 Σὺ
2449 3261 2634 3333 μέντοι
2681 3265 2818 3338 πρὸς
2865 3269 2982 3329 τοῖς
3035 3264 3232 3330 ἄλλοις
3274 3267 3492 3326 κακεῖνο
3547 3275 3774 3347 σκέψαι,

2131 3347 2220 3401 καὶ
2257 3345 2389 3421 μάλ’
2427 3349 2727 3428 ἀξιόχρεων
2773 3355 2832 3410 ’ὀν
2875 3362 2976 3426 τῆς
3027 3354 3104 3420 εἷς
3149 3358 3322 3414 πάντα
3370 3345 3665 3434 προνοίας,
3705 3365 3774 3418 τὸ

2124 3440 2232 3491 τῶν
2269 3436 2486 3494 πόλεων
2527 3440 2832 3518 ἑκασταχοῦ
2887 3447 2963 3518 μὴ
3023 3447 3176 3502 σίτου
3237 3447 3429 3521 μόνον,
3490 3448 3637 3506 ἀλλὰ
3675 3453 3770 3508 καὶ

2123 3529 2230 3581 τῶν
2309 3526 2738 3601 ἀναγκαιοτάτων
2823 3532 3072 3596 ἁπάντων
3137 3541 3338 3609 ταμεῖα
3417 3541 3708 3610 κεκτῆσθαι
3743 3559 3764 3574 ο

2123 3617 2231 3694 οὐχ
2260 3618 2334 3681 ὡς
2377 3619 2816 3697 ἐμπορευόμενος
2864 3622 3065 3700 δήπου,
3109 3625 3226 3684 οὐδ’
3272 3628 3530 3706 ἀγεννοῦς
3578 3630 3760 3688 εἵνεκα

2118 3705 2364 3782 κέρδτυς,
2403 3707 2534 3766 ἀλλ’
2572 3712 2616 3766 ὡ
2655 3712 2715 3767 ἂν
2758 3713 2854 3769 καὶ
2901 3717 3039 3770 κατὰ
3084 3716 3256 3773 πάντα
3299 3705 3396 3791 μὲν
3446 3717 3622 3791 δήπου
3664 3723 3761 3778 τὸν

2117 3795 2339 3876 χρόνον,
2405 3797 2515 3876 οὐχ
2569 3801 2766 3870 ἣκιστα
2815 3799 2872 3858 δὲ
2919 3802 2971 3860 ἐν
3025 3807 3352 3883 πραγπάτων
3405 3809 3496 3864 καὶ
3553 3816 3766 3885 καιρῶν

2117 3884 2450 3954 δυσκολίαις,
2472 3889 2603 3944 πὰσι
2641 3893 2734 3964 μὲν
2771 3897 2890 3954 τοῖς
2937 3893 3135 3959 ἄλλοις
3183 3896 3406 3972 μεγίστη
3436 3919 3521 3960 τις
3566 3884 3763 3970 ὄνησις

2111 3977 2261 4032 ταῦτ’
2293 3974 2402 4046 ε’ίη,
2435 3977 2520 4032 σοὶ
2562 3977 2609 4034 δ’
2633 3981 2710 4044 εἷς
2739 3981 2836 4044 τὰς
2878 3983 3012 4057 ὑπὲρ
3061 3988 3158 4039 τοῦ
3198 3985 3359 4060 κοινῇ
3405 3985 3763 4044 λυσιτελοῦν-

2111 4082 2205 4125 τος
2271 4061 2506 4138 δαπάναξ
2568 4068 2876 4141 θαυμαστὸς
2932 4070 3104 4148 πόρος
3161 4072 3485 4148 χρημάτων,
3558 4075 3760 4154 φιλαν-

2111 4150 2346 4226 θρώπως
2402 4153 2492 4208 καί
2539 4153 2812 4212 κάλλιστα
2857 4151 3030 4237 ἔχων,
3077 4163 3157 4232 τῷ
3196 4161 3244 4214 θ’
3295 4161 3425 4235 ὑπὲρ
3471 4150 3755 4238 σωτηρίας

2110 4242 2407 4316 ἀνθρώπων
2437 4245 2590 4318 εἶναι,
2621 4251 2701 4319 τῷ
2746 4268 2805 4302 τε
2847 4255 2946 4332 τῆς
2996 4251 3321 4326 γιγνομένης
3365 4258 3535 4326 τιμῆς
3589 4254 3756 4332 ὑφιέ-

2106 4350 2225 4388 ναιο
2267 4335 2450 4390 καίτοι
2498 4336 2545 4390 εἰ
2601 4338 3016 4412 χαρακωμάτων
3071 4340 3160 4395 καὶ
3215 4341 3434 4418 τάφρων
3491 4343 3582 4398 καὶ
3641 4364 3755 4400 τει-

2107 4425 2224 4498 χῶν
2265 4423 2354 4478 καὶ
2395 4419 2688 4498 προϐόλων
2731 4428 2822 4482 καὶ
2861 4428 3076 4484 πάντων
3103 4433 3215 4485 τῶν
3253 4431 3518 4488 τοιούτων
3557 4429 3750 4488 εὐδαι-

2112 4509 2353 4582 μονίζειν
2411 4506 2523 4568 ἔστι
2577 4513 2674 4576 τὰς
2733 4514 2926 4579 πόλεις
2983 4520 3080 4572 τοῦ
3153 4518 3244 4573 καὶ
3302 4523 3409 4575 τῶν
3479 4519 3750 4576 τοιούτων

2095 4687 2257 4745 ’Ἄνευ
2297 4686 2354 4744 δὲ
2398 4689 2616 4763 τούτου,
2671 4693 2728 4747 αἱ
2775 4693 2868 4766 μὲν
2918 4693 3136 4758 ἐκείνως
3190 4693 3520 4770 διακείμεναι
3568 4697 3743 4772 μόνον

2093 4777 2195 4848 ούη
2230 4776 2289 4832 ἄν
2325 4799 2418 4853 μοι
2461 4776 2709 4837 δοκοῦσιν
2750 4781 2804 4836 ἐν
2843 4789 3060 4860 τυνεχεῖ
3090 4785 3388 4861 πολιορκίᾳ
3425 4787 3513 4842 καὶ
3568 4789 3715 4861 μήκε

2092 4867 2346 4940 πολέμου
2403 4869 2643 4940 καθάπαξ
2703 4867 2996 4948 διενεγκεῖν
3037 4889 3055 4905 ⁶
3109 4873 3206 4936 τὰς
3273 4871 3332 4930 δὲ
3385 4876 3474 4931 καὶ
3543 4879 3740 4932 τοῦτον

2089 4958 2595 5032 παρεσκευασμένας
2649 4960 2740 5015 τὸν
2796 4961 3021 5036 τρόπον,
3081 4960 3235 5018 οὐδὲν
3305 4964 3380 5020 ὧν
3457 4958 3590 5042 ἔφην
3641 4966 3740 5020 αἱ-

2089 5046 2267 5120 ρήσει,
2307 5046 2370 5101 τὸ
2411 5048 2489 5120 μὴ
2549 5044 2648 5104 οῦκ
2695 5049 2770 5112 εἷς
2818 5048 2982 5116 τέλος
3027 5051 3304 5132 ἀντισχεῖν
3365 5049 3686 5125 δεδυνῆσθαι
3715 5073 3733 5087 ·

2089 5137 2218 5193 ὥστ’
2247 5137 2556 5215 ἀναγκαίως
2583 5139 2703 5218 ἔχει
2730 5144 2827 5206 τὰς
2857 5144 3048 5210 πόλεις
3084 5145 3175 5201 καὶ
3215 5146 3489 5210 τοιούτοις
3531 5145 3736 5212 ὅπλοις

2088 5247 2196 5302 πεφ
2204 5229 2380 5303 ράχθα
2391 5251 2426 5286 ι.

2075 5350 2079 5354 -
2155 5315 2260 5377 κδ’.
2293 5318 2368 5377 Ού
2404 5321 2514 5393 μὴν
2543 5320 2796 5379 ἀλλὰκαὶ
2838 5324 2866 5380 ’ὁ
2910 5323 3188 5399 βούλομαι
3229 5323 3431 5402 λέγειν,
3479 5325 3625 5382 οὕτω
3657 5323 3732 5400 δή

2083 5425 2136 5460 τι
2201 5409 2310 5462 τῶν
2371 5407 2816 5485 ἀναγκαιοτάτων
2881 5413 3150 5489 εΐρῆσθαι,
3220 5415 3296 5478 ὼς
3359 5414 3450 5470 καὶ
3531 5413 3732 5470 αὐτίκα

2087 5493 2238 5568 μάλα
2268 5491 2339 5550 δι’
2381 5496 2550 5572 ἄμφω
2599 5505 2770 5556 ταῦτα
2806 5510 3008 5578 χρῆναι
3055 5505 3380 5575 πεπαῦσθαι,
3427 5502 3490 5559 τό
3544 5525 3604 5560 τε
3644 5507 3726 5579 μὴ

2082 5583 2218 5640 κατὰ
2249 5583 2374 5648 τοὺς
2426 5587 2634 5662 νόμους
2671 5591 2828 5663 εἶναι,
2863 5591 2930 5650 τό
2954 5613 3014 5650 τε
3051 5591 3328 5668 βέλτιστον
3391 5584 3728 5667 servem.

2081 5669 2311 5751 λῆφθαι.
2355 5677 2518 5735 Ὅταν
2563 5679 2668 5760 γὰρ
2715 5686 2824 5739 τῶν
2871 5681 2926 5740 ἐν
2971 5687 3053 5760 τῷ
3104 5681 3360 5760 τελευτᾷν
3415 5679 3726 5760 μηδουστιρ
