4062 6308
256 383 375 446 485

1399 396 1693 460 ORATIO
1734 399 1836 461 DE
1880 399 2103 464 REGIS
2147 402 2500 469 OFFICIIS.

3537 434 3658 494 486

249 527 444 579 νασοῦν
495 521 795 602 διαδόχους
847 524 1040 600 ἀμέλει
1096 531 1444 601 κεκτημένων
1492 534 1590 587 τοῦ
1658 530 1867 604 κλήρου

250 609 277 631 ν
375 614 421 632 η.
476 613 490 632 ρ
580 619 603 630 -
729 614 748 632 ς
1005 626 1029 632 _
1115 621 1160 632 η
1226 622 1251 632 -
1430 624 1457 632 -
1586 621 1600 632 .

2010 552 2169 594 sores
2200 538 2501 613 reliquunt
2546 543 2862 616 neminem,
2896 550 3151 611 bmredes
3190 570 3315 615 esse
3346 566 3657 632 praesumi-

248 609 421 667 ἔπειθ’
470 613 632 687 ὑμεῖς
690 614 1055 692 κληρονομεῖς
1102 621 1336 693 ἀξιοῦτε,
1382 624 1499 684 πῶς
1545 621 1606 676 ού
1655 642 1905 694 παρανο-

252 701 383 775 μίας
435 702 746 777 ἁλίσκεσθε,
778 712 884 762 τῶν
936 711 1031 783 μὲν
1077 711 1387 787 ἂλλοτρίων
1437 712 1511 773 ὡς
1543 711 1761 766 οἰκείων
1812 712 1904 767 ἀν-

244 792 657 867 τιποιούμενοι,
694 800 793 851 τοῦ
850 795 907 853 δὲ
952 800 1284 875 κεκτημένου
1344 798 1550 874 μηδένα
1609 799 1904 873 μηδοπωσ-

244 884 397 935 τιοῦν
474 884 804 958 ποιούμενοι
872 885 1060 963 λόγον,
1122 889 1252 964 μηδ’
1309 889 1342 946 ἃ
1403 890 1470 946 τά
1543 888 1746 966 ἔσχατα
1810 912 1902 947 πε-

244 969 687 1043 πλημμεληκὼς
732 975 805 1049 ᾖς
842 976 1054 1049 μᾶλλον
1113 979 1170 1035 δὲ
1229 985 1421 1036 τοῦτον
1477 978 1898 1056 ἀποστεροῦντες

244 1063 356 1112 τῶν
415 1057 607 1131 ὄντων,
639 1064 728 1117 καὶ
782 1065 817 1118 ἆ
870 1067 1120 1142 πρόσεσθ’
1179 1069 1485 1146 ἐγκλήματ’
1542 1069 1708 1142 αὐτῷ,
1741 1068 1790 1124 ε’ί
1838 1089 1898 1126 τε

242 1144 339 1203 διὰ
399 1154 572 1205 ταῦτα
647 1150 749 1208 εἶτ’
806 1153 993 1220 ἄλλως
1065 1154 1480 1233 προστριϐέντα,
1539 1160 1629 1215 καὶ
1686 1159 1893 1215 τούτων

240 1235 407 1293 αὑτὸν
504 1250 998 1320 προσαποστερεῖτε
1082 1244 1333 1319 δικαίως,
1412 1247 1560 1322 ε’ίπερ
1645 1250 1679 1304 ἃ
1760 1250 1896 1320 πρὸς

238 1324 570 1401 ἀπαλλαγήν
648 1332 857 1388 τούτων
939 1335 1251 1415 ἀπέχρησεν
1329 1338 1390 1394 ἃν
1477 1336 1684 1394 ἐνταῦθ’
1740 1340 1895 1412 ὑμεῖς

236 1413 578 1493 ἀφαιρεῖσθε,
637 1421 732 1475 τὸν
791 1424 888 1496 μὶν
946 1423 1003 1479 εὖ
1057 1431 1338 1490 ποιοῦντες
1398 1430 1482 1492 οἷς
1527 1426 1892 1502 ἐγκλημάτων

232 1503 620 1563 ἀπαλλάττετε
676 1506 878 1583 δήπου,
921 1513 1062 1587 ὑμᾶς
1122 1513 1168 1571 δ’
1225 1516 1420 1580 αὐτοὺς
1478 1517 1532 1572 ἐν
1580 1514 1892 1592 ἐγκλήμασι

230 1594 628 1660 καθιστάντες·
678 1600 769 1655 καὶ
842 1603 895 1657 οἱ
951 1604 1079 1668 τοὺς
1136 1611 1583 1681 παρανομοῦντας
1638 1606 1888 1677 κολάζειν

230 1683 328 1738 καὶ
386 1692 566 1759 μισεῖν
628 1688 873 1763 οἰόμενοι
931 1690 1064 1763 δεῖν,
1096 1696 1233 1768 πρὸς
1290 1699 1374 1758 οἷς
1419 1691 1551 1775 ἔφην
1601 1696 1887 1772 καὶταύτῃ

228 1781 682 1849 παρανομοῦντες
739 1779 838 1835 οὐκ
880 1782 1210 1857 αἰσθάνεσθε,
1259 1785 1406 1841 ἀλλὰ
1470 1785 1561 1840 καὶ
1628 1792 1886 1842 τοσοῦτον

226 1860 453 1916 ἒχείνων
507 1861 753 1922 διάκεσθε
809 1874 996 1943 χεῖρον
1052 1870 1175 1926 ὅσον
1237 1873 1287 1927 οἱ
1341 1874 1438 1945 μὲν
1488 1875 1561 1936 ὡς
1609 1872 1884 1930 ἀδικοῦσιν

226 1950 670 2027 δμολογοῦντές,
703 1955 856 2030 ὅμως
907 1955 996 2013 διὰ
1050 1959 1117 2015 τὰ
1171 1963 1263 2016 καὶ
1309 1963 1375 2018 τὰ
1432 1961 1587 2033 δίκην
1660 1964 1881 2038 ὑπέχειν

227 2037 497 2114 οὐδαμῶς
543 2043 816 2115 ἀξιοῦσιν
868 2047 1020 2103 αὐτοὶ
1080 2046 1136 2104 δὲ
1192 2052 1282 2106 καὶ
1336 2053 1753 2127 συναγωνίζεσθε
1806 2060 1885 2126 τῷ

221 2130 534 2201 νοσήματι,
593 2132 686 2187 καὶ
768 2139 876 2189 τῶν
966 2138 1319 2193 καθεστώτων
1393 2141 1577 2215 νόμων
1651 2139 1883 2214 μηδενὸς

222 2216 382 2285 ﬁrm)
440 2220 611 2292 νόμον
664 2225 891 2294 ταυτηνὶ
938 2227 1035 2295 τὴν
1098 2228 1435 2303 παρανομίαν
1504 2232 1758 2304 ἡγεῖσθε·
1818 2230 1881 2287 οὗ

225 2313 425 2381 χεῖρον
473 2307 630 2364 οὐδὲν
681 2311 838 2385 οἶμαι
901 2318 1011 2369 τῶν
1068 2316 1324 2374 πάντωνο
1374 2319 1549 2375 καίτοι
1599 2318 1723 2376 οὐδὲ
1764 2327 1882 2386 τοῖς

224 2396 369 2451 κατά
436 2398 593 2472 γένος
649 2405 1020 2475 προσήκουσιν
1085 2404 1242 2483 ἔγωγ’
1294 2404 1354 2462 ἂν
1415 2409 1583 2487 φαίην
1654 2407 1878 2473 δικαίως

229 2491 500 2559 μετεῖναι,
531 2487 679 2558 πλην
720 2491 767 2545 εἰ
796 2492 1020 2563 πένητες
1049 2494 1266 2570 τύχοιεν
1307 2492 1480 2570 ὄντες,
1509 2496 1656 2554 ἀλλὰ
1690 2500 1878 2573 μόνοις

228 2573 503 2645 δήπουθεν
546 2584 663 2641 τοῖς
712 2580 992 2658 ἐγγόνοις²
1043 2586 1133 2640 καὶ
1176 2583 1300 2643 οὐδὲ
1342 2587 1563 2652 τούτοις
1606 2590 1877 2662 ἁπάντων,

229 2663 381 2721 ἀλλὰ
441 2668 641 2742 μέρους
697 2690 781 2744 γε,
833 2679 935 2740 τῆς
1017 2679 1115 2731 τοῦ
1183 2675 1634 2749 τετελευτηκότος
1690 2683 1878 2755 ψυχῆς

234 2752 438 2826 πολλῷ
483 2761 887 2832 προτιμοτέρας
944 2760 1110 2834 οὔσης
1169 2767 1344 2822 πάντα
1413 2772 1582 2824 ταῦτα
1636 2774 1874 2842 καρποῦ-

244 2843 389 2898 σθαι.
421 2846 512 2899 Καὶ
558 2847 638 2911 ὡς
680 2848 903 2918 ἀληθῶς
961 2850 1130 2927 λέγω,
1164 2851 1335 2924 δῆλον
1371 2854 1591 2914 ἐκεῖθεν.
1626 2859 1723 2914 Ἦν
1770 2857 1874 2934 γᾶρ

244 2950 327 2993 τις
372 2932 554 2997 αὐτοὺς
623 2934 838 3012 ἔρηται,
887 2941 1119 3017 πότερον
1195 2949 1331 3022 σφᾶς
1406 2944 1601 3009 αὐτοὺς
1658 2946 1693 3016 ἢ
1750 2947 1876 3010 τοὺς

241 3023 608 3092 προσήκοντας
673 3028 1035 3102 τιμιωτέρους
1104 3034 1385 3108 ἡγοῦνται,
1443 3033 1531 3090 ἐὰν
1591 3036 1686 3108 μὶν
1747 3035 1875 3100 τοὺς

229 3115 605 3188 προσήκοντας
687 3122 851 3192 φῶσι,
937 3123 1225 3195 ψεύσονται
1302 3125 1515 3187 πάντως
1558 3143 1571 3158 '
1646 3123 1871 3193 ἕκαστος

223 3202 329 3277 γάρ
374 3226 513 3279 φησι
558 3209 895 3279 τιμιώτατος
948 3208 1109 3274 αὐτὸς
1168 3213 1378 3285 ἒαυτᾷν
1412 3219 1546 3293 σφᾶς
1595 3212 1643 3270 δ’
1672 3216 1732 3271 ἃν
1771 3217 1866 3272 αύ-

218 3292 348 3354 τοίις
396 3294 697 3368 εἰρηκότις,
732 3298 1237 3375 ξυνομολογήσουσι
1285 3301 1487 3375 δήπου,
1519 3305 1609 3360 καὶ
1659 3306 1750 3361 τόν

214 3381 650 3455 τετελευτηκότα
724 3390 927 3452 παντὸς
1013 3392 1237 3448 ὁτουοῦν
1313 3391 1647 3471 δικαιότερον
1732 3398 1869 3453 εἶναι

213 3476 323 3527 τῶν
375 3472 557 3529 αὐτῶν
609 3476 857 3552 μετέχειν
900 3478 1142 3539 εἰσάπαν.
1175 3482 1236 3537 Εἰ
1288 3480 1346 3538 δὲ
1392 3484 1519 3546 τοὺς
1559 3491 1871 3560 προσήκον-

212 3581 313 3623 τας
364 3561 398 3615 ὂ
456 3560 621 3638 λόγος
676 3564 971 3623 ἀπελαύνει
1023 3574 1122 3625 τοῦ
1172 3569 1407 3646 κλήρου,
1448 3579 1555 3629 ποῦ
1610 3574 1737 3639 τοὺς
1790 3579 1867 3651 μὴ

212 3653 601 3722 προσήκοντας
658 3656 938 3728 Meropa;
997 3663 1154 3714 Δυοῖν
1198 3660 1378 3717 τοίνυν
1438 3663 1658 3738 θάτερον
1713 3664 1867 3737 ἑλοῦ,

211 3737 475 3812 βασιλεῦ,
526 3740 562 3811 ἢ
608 3744 708 3811 τήν
758 3743 1050 3824 αἰσχίστην
1096 3748 1298 3820 ταύτην
1355 3737 1697 3827 παρανομίαν
1747 3774 1864 3829 χω·

210 3832 331 3900 ρεῖν
384 3828 463 3891 εἰς
518 3830 681 3894 τέλος
735 3832 908 3905 ἐᾶσαι,
938 3837 1028 3890 καί
1093 3837 1227 3910 μετά
1280 3843 1388 3894 τῶν
1435 3841 1541 3915 πρὸ
1573 3846 1670 3897 σοῦ
1703 3845 1862 3917 βασι-

209 3915 364 3979 λέως
408 3918 500 3972 καὶ
545 3920 709 3984 αὐτὸς
756 3928 872 3985 τοῖς
904 3923 1226 4000 ἀλλοτρίοις
1255 3925 1487 4004 κλήροις
1519 3915 1865 4003 αἰτίαςήκλη-

206 4011 507 4081 ρονομεῖν,
569 4010 605 4080 ἢ
686 4011 876 4083 μηκέτ’
950 4014 1083 4069 εἶναι
1156 4017 1217 4070 τὸ
1297 4019 1549 4093 παράπαν
1636 4022 1859 4091 ταυτηνὶ

204 4098 598 4169 ξυγχωρήσας,
649 4097 798 4155 ἀλλὰ
854 4105 1188 4160 παντάπασιν
1253 4106 1485 4179 ἀνελὼν,
1541 4109 1604 4165 ού
1693 4111 1858 4184 μόνον

203 4184 438 4240 ἐκείνων
526 4185 1038 4267 φιλανθρωπότερος
1100 4196 1190 4249 καὶ
1249 4194 1583 4273 δικαιότερος
1659 4200 1858 4278 ὦφθαι,

203 4272 361 4329 ἀλλά
416 4273 506 4331 καί
563 4277 682 4334 ὅσοι
736 4285 846 4336 τῶν
923 4280 1314 4358 διαδεξομένων
1386 4289 1629 4360 καθάπαξ
1694 4272 1854 4351 ἐνδεῖ.

197 4362 485 4426 τοιούτοις
535 4366 711 4432 οὕτως
763 4368 907 4439 ἡδίω
962 4373 1362 4446 παρασκευάσαι
1419 4380 1518 4447 τὴν
1575 4377 1856 4450 τελευτὴν,

201 4453 284 4515 ὡς
345 4455 483 4526 μετά
537 4458 795 4531 χρηστῶν
853 4464 960 4516 τῶν
1020 4459 1258 4519 ἐλπίδων
1308 4464 1501 4522 ἐνθένδ’
1532 4467 1764 4540 ἀπιέναι,
1797 4469 1854 4526 εὖ

200 4539 426 4604 εἰδότας
455 4543 532 4607 ὡς
569 4550 679 4600 τῶν
725 4548 1038 4619 προσόντων
1088 4550 1268 4629 σφίσιν
1305 4552 1600 4611 ἀπολαύειν
1645 4554 1851 4627 ἕξουσιν

196 4627 256 4692 ἒς
310 4631 394 4687 ἀεὶ
452 4635 592 4690 κατά
642 4637 740 4699 τὰς
791 4640 1011 4717 ψήφους
1063 4627 1159 4705 τὰς
1212 4643 1306 4705 σὰς
1352 4644 1534 4701 καὶτὸ
1563 4649 1715 4701 ταῦθ’
1745 4650 1850 4704 ὕπὸ

197 4724 302 4776 σοῦ
361 4726 717 4799 κεκυρῶσθαι,
775 4728 805 4783 ’ὀ
857 4733 1029 4784 πᾶσαν
1085 4729 1144 4786 ἐκ
1206 4737 1305 4787 τοῦ
1376 4736 1577 4800 παντὸς
1648 4736 1845 4802 αἰῶνος

195 4809 492 4868 ἀπολείπει
563 4810 905 4888 δικαιοσύνην
978 4818 1067 4874 καὶ
1142 4825 1303 4877 πᾶσιν
1371 4822 1681 4899 ὑπέρκειται
1729 4834 1845 4891 τοῖς

192 4906 433 4972 κριταῖς.
482 4903 601 4958 Ἔτι
654 4903 832 4960 τοίνυν
894 4905 944 4961 εἷ’
998 4909 1133 4984 πρὸς
1194 4911 1283 4973 οἷς
1329 4908 1476 4987 ἔχεις
1523 4916 1615 4971 καὶ
1664 4915 1697 4971 ἃ
1745 4916 1844 4973 οὐκ

189 4988 346 5062 ἔχεις
400 4993 702 5062 κτήσασθαι
764 4995 975 5069 βουλει,
1032 4996 1123 5055 καὶ
1174 5003 1280 5055 τῶν
1325 5002 1574 5059 ἁπάντων
1625 5006 1840 5063 πάντων

191 5081 406 5138 ἀκονιτὶ
472 5083 712 5159 γενέσθαι
792 5086 1082 5158 δεσπότης,
1136 5086 1227 5144 ἔσο
1299 5091 1702 5168 φιλάνθρωπος,
1751 5096 1842 5153 καί

188 5175 312 5231 ταῖς
361 5170 629 5236 εύποιίαις
675 5173 764 5229 καὶ
810 5180 931 5239 ταῖς
969 5175 1150 5233 ἐλπίσι
1182 5181 1316 5253 πρὸς
1347 5181 1440 5245 οὓς
1471 5178 1618 5257 ἔχεις
1647 5183 1840 5257 ἐπίσης

189 5260 274 5321 οἷς
333 5256 504 5337 ἔχεις,
561 5261 653 5317 καὶ
712 5260 883 5337 μηδὲν
938 5260 1161 5323 ἔλαττον
1238 5269 1312 5324 ὧν
1368 5256 1537 5349 ἔχεις
1568 5272 1840 5351 ἐχέτωσαν

190 5348 366 5418 οὗτοι,
417 5350 542 5408 ὅταν
593 5353 710 5408 κατ’
757 5353 1024 5428 ἐμπορίαν
1078 5356 1114 5427 ἢ
1156 5365 1259 5415 τιν’
1298 5357 1477 5439 ἕτερον
1526 5365 1749 5438 τρόπον,
1781 5365 1840 5421 ἐκ

186 5444 287 5507 τῆς
340 5438 517 5497 αὐτῶν
562 5439 722 5517 δεῦρο
775 5448 1122 5519 χωροῦντες·
1172 5447 1389 5521 μᾶλλον
1440 5450 1499 5507 δὲ
1550 5452 1721 5516 οὕτως
1764 5456 1841 5517 εἰς

189 5528 411 5584 σεαυτὸν
459 5530 695 5594 ἅπαντας
750 5528 948 5606 ἕλξεις,
1008 5537 1054 5591 εἰ
1120 5543 1312 5615 πρῶτα
1383 5542 1478 5615 μὲν
1540 5541 1724 5606 καλῶς
1790 5545 1841 5599 εἴ

188 5617 427 5693 κάγαθὸς
478 5621 567 5675 καὶ
628 5621 828 5696 ἀρετὴν
888 5622 1068 5701 ἄκρως
1124 5628 1326 5700 ἀσκῶν,
1353 5631 1428 5694 ὡς
1486 5632 1577 5687 καὶ
1631 5654 1836 5690 παντα-

189 5709 298 5785 χοῦ
344 5709 412 5766 τὰ
460 5712 526 5767 σὰ
577 5706 873 5771 διαϐαίνειν
921 5713 1154 5791 ἐξεῖναιο
1186 5714 1369 5777 ἔπειτα
1417 5722 1495 5797 μὴ
1529 5723 1692 5800 μόνον
1718 5728 1837 5792 τοῖς

2014 642 2106 713 tis,
2137 645 2364 718 exleges
2393 649 2526 705 facti
2555 651 2625 706 ad
2655 667 2720 708 ea
2757 657 3024 727 aspiratis
3056 678 3187 733 quae
3214 664 3459 725 aliorum
3493 679 3651 740 sunt,

2010 749 2233 808 nullam
2256 758 2610 825 possessoris
2642 762 2925 819 rationem
2957 765 3258 839 habentes,
3299 773 3434 831 licet
3464 778 3551 833 vir
3580 783 3652 838 sit

2007 860 2319 929 pessimus.
2367 862 2530 921 Hunc
2584 883 2711 937 vos,
2752 870 3128 945 obiurgantes
3172 880 3350 937 simul
3408 885 3481 942 iis
3531 903 3654 960 quae

2007 962 2199 1035 habet,
2231 967 2536 1039 spoliatis;
2569 973 2617 1028 si
2666 979 2860 1033 autem
2909 982 3063 1052 quod
3108 984 3267 1054 juste
3312 1005 3426 1047 non
3458 992 3653 1065 habet,

2005 1072 2248 1144 eripitis,
2283 1076 2502 1148 injuste
2549 1096 2662 1136 non
2709 1083 2918 1158 facitis,
2952 1090 3050 1145 sed
3103 1091 3261 1164 ipsos
3309 1098 3652 1159 criminibus

2003 1186 2341 1253 purgantes,
2374 1200 2474 1241 vos
2520 1186 2677 1259 ipsos
2722 1192 3068 1253 criminosos
3102 1201 3364 1260 redditis.
3400 1205 3460 1261 Si
3492 1209 3650 1266 enim

2002 1290 2258 1344 vestrum
2279 1306 2405 1347 esse
2424 1294 2646 1364 putatis
2667 1296 2860 1370 legum
2885 1305 3346 1377 transgressores
3368 1316 3650 1387 castigare

2003 1408 2069 1448 ac
2094 1395 2307 1465 odisse,
2339 1399 2399 1453 in
2429 1402 2611 1472 pejori
2641 1420 2817 1476 quam
2853 1408 2967 1480 ipsi
2997 1414 3331 1473 conditione
3354 1419 3533 1490 estis;
3561 1423 3645 1480 illi

2001 1497 2157 1555 enim
2190 1507 2487 1571 peccatum
2518 1508 2904 1583 conﬁtentur;
2936 1531 3037 1572 vos
3065 1521 3257 1576 autem
3289 1523 3414 1580 diro
3446 1528 3645 1585 morbo

1999 1602 2334 1667 laborantes
2362 1616 2756 1683 perversitatis
2787 1626 2986 1679 vestra
3030 1629 3493 1700 magnitudinem
3527 1652 3643 1694 non

1998 1712 2225 1784 videtis,
2257 1719 2405 1787 quod
2441 1736 2579 1777 sane
2607 1726 3044 1794 gravissimum.
3077 1733 3149 1790 Et
3182 1734 3286 1792 hoc
3319 1755 3432 1796 non
3467 1742 3537 1797 ad
3572 1744 3645 1800 fa~

1999 1820 2219 1876 miliam
2250 1823 2536 1898 integram
2585 1837 2826 1904 spectat,
2875 1841 2976 1894 aut
3022 1840 3093 1895 ad
3147 1858 3379 1917 egenos,
3430 1849 3532 1904 sed
3570 1853 3640 1909 ad

1920 1929 2307 2000 Bprognatos
2356 1933 2640 2007 singulos,
2684 1941 2824 2012 quia
2869 1944 3129 2002 defuncti
3178 1952 3377 2010 anima
3411 1955 3643 2029 dignior

1987 2038 2076 2090 est
2104 2052 2231 2107 quas
2283 2037 2679 2102 hereditatem
2710 2048 2768 2103 in
2816 2066 2992 2108 suum
3041 2070 3210 2112 usum
3242 2065 3444 2117 vertat.
3476 2064 3637 2131 Quod

1988 2150 2179 2199 autem
2208 2161 2337 2202 vere
2369 2148 2520 2219 dico,
2554 2150 2689 2209 hinc
2737 2154 2944 2213 elucet.
2977 2159 3037 2215 Si
3069 2163 3197 2233 quis
3227 2181 3295 2222 ex
3325 2167 3394 2223 iis
3422 2184 3638 2241 quaere-

1986 2253 2074 2305 ret
2105 2268 2246 2308 num
2278 2270 2340 2309 se
2370 2264 2467 2312 aut
2498 2259 2701 2317 affines
2735 2265 2981 2335 potiores
3010 2267 3282 2343 habeant,
3313 2279 3371 2331 et
3399 2292 3635 2350 respon-

1985 2373 2117 2413 sum
2154 2369 2303 2417 esset
2333 2379 2437 2435 pro
2468 2366 2764 2441 affinibus,
2798 2371 2969 2444 plane
3001 2379 3408 2439 mentirentur.
3444 2384 3632 2445 Unus-

1986 2469 2239 2543 quisque
2272 2475 2428 2531 enim
2458 2477 2686 2549 primus
2708 2482 2817 2538 sibi
2843 2485 3091 2544 videtur.
3114 2491 3235 2547 Sibi
3267 2493 3410 2565 ipsis
3441 2508 3629 2557 autem

1982 2577 2239 2647 palmam
2263 2582 2466 2642 dantes
2497 2587 2835 2648 defunctum
2860 2596 3132 2654 maximis
3153 2600 3362 2672 opibus
3383 2604 3625 2677 dignum

1983 2682 2162 2741 fuisse
2190 2687 2463 2749 fatentur.
2495 2692 2653 2756 Quod
2707 2696 2759 2753 si
2790 2698 2994 2757 afﬁnes
3037 2703 3109 2759 ab
3154 2704 3489 2767 haereditate
3519 2729 3623 2770 ex-

1982 2787 2295 2862 cludimus,
2327 2797 2427 2853 ubi
2473 2802 2803 2874 peregrinos
2850 2810 3225 2868 statuemus?
3271 2815 3349 2872 Ex
3395 2819 3627 2879 duobus

1980 2895 2159 2968 igitur
2205 2915 2409 2971 unum,
2449 2921 2569 2975 rex,
2619 2908 2817 2982 elige:
2858 2918 2960 2971 aut
3004 2919 3343 2990 turpissimo
3396 2926 3628 2986 crimini

1978 3002 2235 3077 indulge,
2265 3016 2321 3064 et
2351 3013 2839 3082 praedecessorum
2890 3025 3122 3083 tuorum
3163 3033 3496 3105 exemplum
3528 3052 3626 3093 se-

1981 3113 2152 3166 cutus
2185 3111 2389 3172 alienis
2415 3116 2852 3182 hereditatibus
2871 3143 3106 3201 operam
3130 3150 3294 3205 nava,
3327 3143 3428 3195 aut
3458 3139 3627 3211 plane

1983 3217 2335 3276 contrarium
2370 3223 2632 3283 faciendo
2682 3228 3085 3294 humaniorem
3128 3239 3198 3295 iis
3228 3245 3405 3301 temet
3435 3262 3501 3303 ac
3523 3249 3624 3318 ju-

1809 3327 1871 3384 γι
1902 3295 1945 3363 C
1984 3321 2221 3380 stiorem
2254 3328 2465 3399 praebe,
2488 3348 2556 3389 ac
2585 3332 2910 3396 heeredibus
2932 3344 3322 3406 conditionem
3343 3352 3486 3409 adeo
3517 3357 3625 3411 mi-

1986 3432 2103 3486 tem
2134 3448 2286 3503 crea,
2311 3440 2374 3491 ut
2403 3436 2534 3496 ltsto
2558 3443 2755 3502 animo
2777 3444 2912 3505 hinc
2934 3450 3255 3526 discedant,
3279 3474 3621 3528 persuasum

1980 3536 2262 3597 habentes
2294 3546 2448 3615 quod
2497 3546 2670 3606 bonis
2700 3553 2824 3611 suis
2866 3555 2979 3614 frui
3017 3557 3164 3632 ipsis
3205 3565 3492 3640 contingit
3520 3586 3625 3641 per

1978 3660 2149 3703 omne
2197 3652 2428 3723 tempus
2478 3659 2801 3717 secundum
2849 3669 3008 3721 tuam
3056 3667 3413 3730 voluntatem
3460 3677 3621 3734 omni

1967 3749 2201 3820 justitia
2230 3758 2611 3830 superiorem.
2644 3764 2703 3820 Si
2749 3783 2920 3838 porro
2968 3772 3041 3828 ad
3086 3788 3153 3831 ea
3200 3791 3328 3848 quas
3359 3782 3620 3848 possides

1974 3854 2163 3913 aliena
2210 3861 2422 3919 addere
2469 3869 2794 3939 praesumis,
2844 3879 2901 3930 et
2929 3878 3194 3936 omnium
3244 3897 3439 3941 rerum
3488 3887 3616 3945 sine

1972 3964 2200 4037 negotio
2230 3968 2505 4028 dominus
2553 3974 2699 4044 ﬁeri,
2731 3976 3032 4040 humanus
3060 3990 3205 4056 esto,
3236 3997 3293 4045 et
3320 3990 3619 4052 beneficiis

1972 4072 2087 4128 tuis
2113 4073 2171 4129 id
2203 4076 2365 4134 efﬁce
2388 4086 2447 4134 ut
2478 4084 2666 4140 caeteri
2698 4102 2811 4144 non
2838 4088 3032 4149 minus
3063 4110 3234 4167 quam
3268 4101 3331 4153 tu
3362 4098 3482 4171 ipse
3511 4102 3615 4160 ha-

1969 4180 2162 4253 beant,
2197 4183 2317 4242 sive
2350 4196 2731 4250 mercaturam
2752 4196 2870 4254 sive
2902 4198 3159 4273 aliquam
3181 4221 3304 4262 rem
3327 4207 3502 4265 aliam
3535 4210 3615 4267 fa-

1968 4287 2206 4348 cientes.
2238 4292 2330 4349 Sic
2361 4296 2520 4353 enim
2568 4300 2939 4370 potissimum
2978 4312 3215 4368 caeteros
3243 4313 3314 4369 ad
3346 4323 3397 4370 te
3429 4321 3609 4374 attra-

1967 4391 2093 4460 hes,
2125 4394 2174 4450 si
2207 4395 2333 4468 ipse
2364 4399 2592 4459 virtutis
2617 4408 2946 4480 exemplum
2974 4414 3216 4485 praebes,
3248 4434 3354 4474 nec
3383 4423 3607 4478 tantum

1965 4500 2218 4559 subditis
2248 4505 2559 4579 affabilem,
2592 4513 2692 4568 sed
2739 4514 2825 4571 vel
2866 4516 3279 4581 benefaciendo
3309 4525 3609 4585 benefacta

1962 4608 2237 4666 oblivioni
2269 4614 2474 4688 tradis,
2523 4618 2596 4673 ab
2643 4619 2913 4679 illiberali
2963 4626 3157 4686 indole
3198 4638 3253 4687 et
3283 4636 3607 4693 mendaciis

1959 4713 2129 4786 longe
2184 4725 2442 4778 remotus
2497 4740 2564 4780 ac
2621 4727 2742 4784 sola
2798 4729 3165 4804 imperatoris
3221 4736 3501 4811 dignitate
3547 4746 3603 4798 te

1958 4820 2448 4883 circumvestiens.
2482 4829 2538 4885 Si
2570 4834 2726 4891 enim
2760 4851 2897 4909 erga
2929 4842 3245 4901 familiares
3266 4849 3493 4904 tantum
3525 4848 3601 4904 li-

1950 4925 2165 4986 beralis
2195 4946 2257 4987 es
2287 4948 2390 4988 nec
2430 4952 2545 4992 non
2578 4938 2690 4997 nisi
2712 4957 2910 5002 eorum
2936 4962 3137 5005 curam
3168 4951 3343 5023 geris,
3378 4954 3461 5010 nil
3497 4956 3604 5011 mi-

1950 5047 2080 5089 rum
2112 5037 2274 5094 facis.
2308 5040 2418 5098 Sed
2449 5044 2500 5099 si
2548 5051 2772 5106 exteros
2802 5052 2939 5110 item
2973 5055 3033 5111 in
3078 5058 3398 5118 amicitiam
3434 5068 3596 5120 tuam

1949 5141 2137 5200 allicis
2168 5144 2357 5219 iisque
2386 5150 2563 5221 faves,
2595 5156 2727 5226 quis
2759 5174 2873 5215 non
2919 5161 3025 5218 tibi
3055 5165 3324 5224 subditus
3356 5186 3483 5227 esse
3515 5188 3598 5228 re-

1949 5250 2196 5320 cusabit,
2224 5270 2571 5326 persuasum
2626 5261 2847 5321 habens
2877 5269 3036 5339 quod
3065 5272 3150 5327 sic
3179 5275 3351 5331 vitam
3378 5277 3597 5347 jucun-

1949 5355 2083 5413 dam
2116 5360 2332 5435 deget?
