4062 6308
390 343 507 402 487

454 1913 545 1966 25.
592 1911 791 1968 Dicere
824 1929 940 1967 non
991 1912 1280 1968 habemus
1321 1929 1388 1969 ex
1420 1911 1579 1969 hisce
1623 1914 1898 1971 omnibus
1947 1930 2034 1970 re-

395 2035 578 2091 gnum
608 2019 884 2076 omnibus
915 2018 1176 2076 numeris
1207 2020 1536 2076 absolutum
1567 2022 1892 2092 procedere.
1927 2023 2038 2078 Sed

392 2128 443 2184 si
493 2144 692 2184 verum
744 2128 935 2184 dicere
994 2128 1082 2184 fas
1128 2133 1237 2197 est,
1299 2129 1533 2200 regibus
1581 2128 1803 2186 ratione
1851 2131 2038 2202 magis

391 2252 566 2307 quam
617 2235 803 2292 cuivis
855 2234 1020 2291 alteri
1067 2251 1212 2306 opus
1270 2239 1377 2302 est,
1423 2253 1540 2307 qua
1596 2237 1835 2293 absente
1884 2243 2038 2294 totus

397 2343 654 2398 mundus
709 2343 995 2398 absurdus
1048 2347 1174 2411 est;
1220 2348 1499 2413 prasente
1561 2345 1758 2400 omnia
1803 2351 2040 2418 superat

394 2450 576 2520 gratia
609 2454 667 2505 et
697 2449 986 2506 sermonis
1033 2450 1245 2521 lepore,
1281 2467 1392 2521 quo
1425 2452 1592 2508 nobis
1632 2452 1776 2508 nihil
1809 2453 2037 2508 dulcius

391 2557 642 2612 videtur.
680 2557 834 2612 Nihil
868 2558 983 2617 iam
1033 2557 1264 2613 homine
1304 2559 1537 2630 dignius
1567 2575 1740 2631 quam
1774 2560 2036 2631 loquela;

391 2683 560 2736 quam
597 2666 647 2722 si
679 2682 812 2722 cum
856 2667 1058 2737 quavis
1090 2671 1211 2722 arte
1247 2665 1507 2723 humana
1537 2667 1872 2738 contuleris,
1909 2669 2042 2740 plus

394 2773 479 2830 illi
510 2773 830 2845 voluptatis
862 2775 1053 2830 inesse
1085 2773 1370 2830 fateberis.
1403 2775 1635 2839 Quare?
1663 2777 1805 2843 Quia
1836 2793 2042 2832 omnes

394 2859 511 2935 iere
541 2882 763 2935 caetera;
811 2878 1133 2949 voluptates
1161 2880 1505 2949 periculosa
1537 2887 1676 2938 sunt
1703 2886 1878 2953 atque
1909 2882 2044 2938 insi.

396 2987 593 3057 diosas,
624 3004 740 3042 non
772 2986 1110 3058 corporibus
1130 2991 1359 3043 tantum
1388 2989 1482 3044 sed
1507 2998 1557 3045 et
1588 2991 1802 3046 animis
1827 3007 1840 3058 ;
1873 2996 1932 3046 et
1953 2992 2043 3049 his

398 3094 626 3166 quidem
662 3099 896 3166 propter
927 3111 1132 3165 pravas
1163 3094 1454 3164 libidines,
1485 3095 1603 3151 illis
1634 3102 1868 3168 propter
1898 3115 2046 3154 mor-

394 3200 497 3256 bos
528 3200 845 3256 lethit‘eros.
883 3200 1047 3256 Ratio
1093 3206 1330 3257 econtra
1377 3202 1574 3257 animo
1619 3202 1944 3260 mirabilem
1977 3221 2039 3259 ac
2072 3215 2114 3282 α

399 3308 652 3363 divinam
683 3307 834 3363 indit
879 3307 1153 3362 virtutem
1187 3323 1252 3364 ac
1290 3309 1598 3365 serenitate
1629 3310 2048 3381 imperturbata

402 3417 626 3488 replet;
659 3415 856 3472 laetitia
887 3416 1135 3487 denique
1164 3416 1372 3472 intima
1401 3420 1715 3489 praecordia
1747 3419 1854 3475 frui
1887 3421 2043 3476 sinit.

403 3524 546 3580 Dein
579 3541 672 3580 res
705 3523 1032 3580 materiales
1061 3540 1125 3579 ac
1155 3522 1336 3579 malas
1358 3541 1602 3597 quaeque
1632 3543 1698 3582 ex
1725 3527 1915 3598 pravis
1950 3545 2046 3584 cu-

394 3631 737 3702 piditatibus
778 3630 1054 3686 oriuntur
1099 3631 1452 3701 impediens,
1485 3635 1799 3703 quominus
1832 3635 2044 3691 malam

392 3739 544 3794 viam
578 3745 923 3812 sequantur,
959 3738 1274 3794 refrenabit
1296 3747 1351 3797 et
1385 3746 1591 3816 quovis
1624 3745 1792 3800 modo
1825 3744 1895 3800 ad
1927 3743 2044 3799 vir-

391 3847 577 3901 tutem
611 3848 1001 3919 propellendo,
1034 3869 1237 3908 sanam
1288 3861 1542 3908 mentem
1575 3869 1640 3908 ac
1670 3852 1950 3907 rationem
1982 3851 2041 3905 in

395 3955 670 4011 omnibus
702 3956 1124 4016 observandum
1167 3961 1523 4033 praedicabit,
1564 3978 1675 4016 uno
1714 3959 1903 4029 verbo,
1936 3960 2042 4015 bo-

397 4076 532 4115 nam
574 4061 726 4118 viam
759 4067 1130 4136 monstrabit,
1156 4073 1212 4123 et
1245 4085 1440 4124 rerum
1473 4069 1752 4124 bonarum
1786 4073 1842 4123 et
1872 4068 2038 4123 ratio-

393 4167 679 4224 nabilium
713 4171 1056 4242 gubernium
1104 4176 1490 4231 consolidabit
1519 4177 1834 4232 secundam
1868 4182 2040 4230 natu-

402 4285 566 4337 ram;
603 4286 772 4341 quem
820 4275 1183 4332 dominatum
1216 4278 1314 4333 ubi
1364 4279 1551 4347 adest,-
1602 4278 1909 4347 afﬁrmare,
1943 4279 2043 4333 ubi

391 4379 574 4446 deest,
606 4380 994 4454 redintegrare
1045 4384 1295 4454 nitetur;
1342 4403 1476 4441 nam
1511 4385 1619 4442 hac
1666 4386 1886 4442 ratione
1916 4403 2041 4458 quas

395 4483 454 4538 in
487 4491 758 4557 promptu
791 4494 948 4558 sunt,
973 4500 1275 4548 servantur
1302 4497 1358 4549 et
1388 4494 1759 4564 naturzejura
1789 4498 1853 4548 ut
1881 4495 2042 4549 decet

389 4591 448 4646 in
490 4591 705 4650 honore
735 4601 892 4652 sunt.

455 5675 546 5732 26.
579 5673 644 5732 In
683 5673 793 5733 hoc
840 5689 1035 5732 rerum
1084 5679 1237 5734 statu
1286 5676 1424 5734 solis
1466 5677 1750 5752 quadriga
1795 5677 2029 5752 qualem

1690 348 2088 413 THEODULI
2135 353 2482 415 MONACHI

2067 487 2120 552 Α
2154 487 2415 556 ὑπηκόοις
2459 486 2605 542 ἀλλὰ
2646 489 2736 542 καὶ
2791 493 2921 541 πᾶσι
2975 493 3092 550 τοῖς
3151 487 3347 550 ἄλλοις
3400 489 3570 552 οὕτως
3611 488 3787 559 ἡδέως

2072 4584 2114 4648 D
2146 4597 2348 4673 πέφυκε
2432 4594 2683 4674 φέρεσθαι

3668 359 3788 422 488

2146 569 2292 648 ἔχεις
2337 576 2426 629 καὶ
2485 576 2634 648 μάλα
2700 577 3133 652 κεχαρισμένως,
3185 579 3258 640 ὡς
3301 584 3420 640 ταῖς
3469 580 3544 640 είς
3593 580 3788 642 αὐτοὺς

2148 664 2470 740 εὐεργεσίαις
2528 662 2885 732 ἐπιλελῆσθαι
2940 668 3356 740 παρασκευάζειν
3423 673 3531 721 τῶν
3598 667 3786 724 οἶκοι·

2147 753 2421 830 ἐκφεύγων
2479 753 2574 825 μὲν
2623 753 2996 828 ἀνελευθερίαν
3040 755 3086 808 εἰ
3136 756 3250 809 οἷόν
3299 777 3378 825 τε,
3432 757 3523 811 καὶ
3571 762 3648 829 τῷ
3695 757 3792 814 λό-

2146 863 2266 918 γοις
2319 841 2626 912 ἀπατηλοῖς
2699 840 2875 898 δοκεῖν
2943 843 3140 903 αὐτοὺς
3220 845 3450 906 ὑπιέναι,
3517 848 3606 899 καὶ
3682 852 3792 901 τῶν

2151 931 2386 1006 ἐχόντων
2421 933 2700 1010 ἀφιστάναι
2755 934 2889 1004 πρὸς
2923 934 3163 1001 σεαυτὸν,
3200 934 3372 1006 μόνην
3433 932 3491 988 δὲ
3536 937 3634 1004 τὴν
3686 943 3790 1003 τῆς

2149 1021 2325 1098 ἀρχῆς
2361 1023 2771 1100 μεγαλοψυχίαν
2803 1021 3030 1088 δεικνύς.
3065 1025 3126 1079 Ei
3173 1027 3273 1099 γὰρ
3333 1026 3496 1096 μόνον
3544 1027 3607 1081 τὸ
3665 1028 3792 1101 περὶ

2147 1114 2274 1175 τοὺς
2334 1113 2567 1174 οἰκείους
2649 1113 2847 1168 οὑτωσὶ
2927 1112 3247 1183 διακεῖσθαι,
3307 1115 3385 1176 ὡς
3460 1116 3548 1169 καὶ
3614 1121 3791 1170 πᾶσαν

2151 1203 2283 1275 ὑπὲρ
2367 1203 2545 1258 αὐτῶν
2618 1203 2877 1281 εἰσφέρειν
2955 1199 3195 1271 σπουδὴν
3273 1204 3360 1257 καὶ
3441 1202 3790 1270 παντοδαπῆς

2149 1292 2326 1361 ἀξιοῦν
2375 1297 2475 1360 τῆς
2520 1291 2797 1365 προνοίας,
2828 1291 3044 1346 πολλοῦ
3099 1292 3245 1353 τινός
3289 1291 3430 1346 ἐστιν
3479 1292 3623 1362 ἄξιον
3652 1294 3792 1367 πρὸς

2144 1382 2209 1434 τὸ
2254 1381 2381 1443 τοὺς
2441 1379 2767 1454 ἀλλοτρίους
2820 1379 3055 1441 οἰκείους
3113 1381 3415 1456 εἰργάσθαι,
3456 1382 3547 1436 καὶ
3607 1388 3792 1437 πεῖσαι

2145 1470 2314 1525 ταυτά
2369 1477 2606 1548 φρονεῖν,
2667 1472 2789 1525 ὅταν
2837 1470 2926 1526 καὶ
2977 1469 3170 1533 αὐτοὺς
3212 1472 3438 1533 τούτους
3491 1473 3625 1544 μετά
3677 1475 3792 1526 τῶν

2149 1559 2361 1614 οἰκείων
2411 1559 2468 1613 εὖ
2518 1565 2698 1614 ποιεῖν
2748 1558 2842 1634 οθίῃ
2899 1558 3033 1630 δεῖν,
3076 1560 3156 1622 τίς
3206 1561 3306 1616 οὐκ
3344 1559 3406 1615 ἂν
3436 1558 3603 1616 ἕλοιτ’
3634 1562 3792 1634 οἶμαι

2144 1653 2252 1702 τῶν
2303 1648 2518 1703 πάντων
2569 1651 2783 1704 πάντων
2837 1648 3100 1727 ἀφέμενος
3159 1649 3262 1704 ὑπὸ
3313 1651 3397 1704 σοὶ
3446 1647 3657 1722 μᾶλλον
3707 1670 3796 1704 τεο

2147 1737 2435 1810 τάχθαι,ἢ
2495 1735 2682 1812 ἄρχειν
2742 1737 2923 1809 αὐτὸς,
2954 1736 3010 1792 εὖ
3069 1736 3226 1798 εἰδὼς
3286 1737 3460 1801 οὕτως
3518 1738 3567 1792 ἐν
3612 1736 3793 1792 εὐδαι-

2075 1841 2122 1906 Β
2156 1826 2318 1899 μονίᾳ
2345 1827 2435 1881 τὸν
2469 1826 2640 1881 αἰῶνα
2669 1824 2860 1898 διάξων
2885 1846 2898 1894 ;

2221 1917 2312 1971 κε’.
2347 1915 2419 1969 Οὐ
2476 1915 2656 1970 τοίνυν
2717 1915 2777 1970 ἐκ
2836 1917 2928 1988 μὲν
2985 1917 3195 1972 τούτων
3227 1916 3476 1971 ἁπάντων
3510 1916 3791 1991 βασιλείαν

2148 1998 2225 2058 ἕνι
2282 2005 2593 2076 θαυμαστὴν
2649 2007 2966 2078 γεγενῆσθαι
3041 2005 3132 2058 καὶ
3207 2002 3323 2058 σ’ίαν
3379 2007 3543 2078 ἡμεῖς
3605 2005 3794 2059 ὑπεθέ-

2152 2094 2306 2166 μεθα,
2352 2093 2415 2148 τὸ
2472 2090 2529 2147 δὲ
2573 2097 2679 2147 τῶν
2731 2090 2914 2168 λόγων
2961 2094 3156 2166 κράτος
3204 2090 3354 2148 δοκεῖ
3399 2114 3516 2156 πως
3566 2091 3796 2149 ἔλαττον

2144 2180 2329 2259 ’ίσχειν
2359 2182 2412 2235 ἐν
2440 2181 2619 2254 τούτῳ
2656 2186 2736 2253 τῷ
2782 2183 2930 2254 μέρει
2957 2200 2968 2212 ·
3009 2180 3135 2236 ἀλλ’
3177 2180 3221 2236 εἷ
3268 2183 3381 2255 χρὴ
3431 2181 3662 2251 τάληθὲς
3711 2182 3798 2235 εἰ-

2146 2278 2287 2340 πεῖν,
2309 2272 2396 2325 καὶ
2455 2269 2650 2325 τούτου
2707 2275 2965 2324 τοσοῦτον
3028 2269 3262 2344 ἄρχουσι
3322 2268 3425 2338 δεῖ,
3481 2269 3693 2342 μᾶλλον
3734 2268 3800 2326 δὲ

2148 2361 2274 2414 ὅτου
2323 2380 2405 2420 τις
2464 2358 2522 2412 ἃν
2569 2357 2735 2426 εἷ’ποι,
2766 2358 2910 2412 τοῦθ’
2953 2359 3126 2418 οὕτως
3175 2358 3465 2432 ἀξιώτερον
3523 2360 3798 2433 χρῆσθαι,

2148 2451 2220 2511 ὡς
2252 2448 2404 2503 πάντ’
2434 2448 2610 2503 ἐκεῖνα
2665 2447 2871 2520 κόσμον
2925 2449 3018 2520 μὲν
3052 2445 3254 2522 ἄλογον
3305 2448 3434 2501 εἶναι
3488 2451 3562 2520 μὴ
3612 2467 3801 2522 προσ-

2149 2539 2302 2598 όντος
2359 2542 2457 2592 τοῦ
2516 2537 2704 2610 λόγου,
2763 2537 3061 2611 προσόντος
3119 2533 3175 2590 δὲ
3235 2534 3514 2611 βέλτιστόν
3561 2557 3618 2590 τε
3673 2543 3802 2600 τοῖς

2150 2630 2302 2692 ὅλοις
2333 2652 2422 2686 και
2453 2630 2707 2691 πλείονος
2738 2628 2905 2700 ἄξιον,
2937 2634 3018 2701 τῷ
3045 2650 3101 2682 τε
3134 2631 3292 2702 χάριν
3345 2628 3554 2683 οἷ’κοθεν
3591 2629 3795 2702 ἴσχειν,

2147 2724 2227 2791 τῷ
2283 2742 2339 2774 τε
2387 2721 2790 2796 ξυμμαχεῖσθαι
2865 2724 2980 2779 τοῖς
3047 2717 3266 2790 λόγοις’
3314 2719 3388 2771 ὧν
3445 2715 3592 2772 οὐδὲν
3652 2721 3798 2789 ἡμῖν

2151 2809 2476 2883 οἰκειότερον
2524 2806 2634 2863 οὗθ’
2684 2804 2840 2876 ἥδιον
2885 2807 3222 2862 παντάπασιν
3269 2805 3600 2860 ἀπολαύειν·
3633 2807 3695 2860 τό
3726 2828 3796 2861 τε

2149 2919 2250 2974 γαρ
2303 2897 2502 2972 λόγους
2549 2896 2940 2971 μεταχειρίζειν
2999 2896 3073 2956 ὼς
3122 2893 3276 2950 οὐδέν
3322 2916 3372 2949 τι
3422 2899 3528 2948 τῶν
3577 2897 3794 2948 πάντων

2151 2988 2418 3061 ἀνθρώπῳ
2466 2987 2617 3059 μόνῳ
2658 2988 2795 3060 πρὸς
2850 2985 3097 3058 τρόπου·
3145 2986 3233 3038 καὶ
3284 2986 3344 3052 ἣν
3394 2983 3480 3052 ἂν,
3530 2983 3575 3037 ὦ
3629 2986 3791 3057 βασι-

2154 3076 2268 3147 λεῦ,
2302 3080 2481 3153 φήσῃς
2527 3081 2633 3130 τῶν
2679 3077 2897 3131 ἁπασῶν
2964 3071 3192 3144 ἡδονὴν,
3250 3072 3462 3146 μᾶλλον
3515 3071 3559 3126 δ’
3609 3073 3678 3134 εἷς
3728 3071 3786 3124 ἓν

2154 3167 2360 3229 ἁπάσας
2392 3168 2533 3240 ὁμοῦ
2555 3165 2953 3238 συνενηνοχὼς,
2982 3168 3239 3218 τοσοῦτον
3280 3160 3541 3223 ἐλάττους
3579 3169 3674 3231 τῆς
3701 3159 3790 3214 ὲν-

2150 3258 2330 3310 τεῦθεν
2389 3253 2859 3329 προσγιγνομένης
2924 3252 3125 3313 ταύτας
3185 3251 3452 3325 εὑρήσεις,
3515 3251 3589 3312 ὡς
3653 3246 3796 3323 μηδὲ

2147 3340 2519 3418 παραϐάλλειν
2567 3343 2630 3398 τὸ
2687 3342 2937 3416 παράπαν
2992 3340 3204 3410 ἒξεῖναι.
3239 3340 3346 3398 Διά
3401 3340 3496 3408 τί;
3547 3339 3630 3394 ὅτι
3670 3360 3796 3392 κιν-

2149 3430 2350 3487 δυνεύει
2398 3436 2478 3503 τῷ
2521 3427 2633 3485 ὄντι
2678 3431 2773 3492 τὰς
2818 3431 2910 3502 μὶν
2963 3427 3136 3490 ἄλλας
3181 3427 3388 3488 ἀπάσας
3437 3426 3636 3496 ἡδονὰς
3669 3428 3792 3481 ἐπι-

2148 3517 2382 3583 δούλους
2415 3521 2551 3575 εἶναι
2579 3521 2669 3574 καὶ
2701 3518 2990 3596 σφαλερας,
3021 3518 3110 3572 καὶ
3159 3515 3332 3592 λόχον
3388 3518 3624 3592 ἀτεχνῶς
3670 3521 3794 3578 τοῖς

2148 3611 2485 3689 χρωμένοις,
2539 3609 2602 3663 οὐ
2659 3609 2872 3681 σώμασι
2950 3606 3137 3679 μόνον,
3197 3605 3342 3660 ἀλλά
3415 3606 3506 3660 καὶ
3583 3609 3794 3679 ψυχαῖς

2148 3701 2611 3775 ἒπανισταμὲναςο
2669 3705 2787 3763 ταῖς
2864 3700 2955 3772 μὲν
3033 3695 3122 3752 διὰ
3194 3703 3300 3752 τῶν
3371 3697 3607 3752 ἐντεῦθεν
3659 3698 3789 3751 ἀνα-

2147 3789 2428 3868 φυομένων
2462 3791 2724 3866 ἐχθίστων
2759 3788 2935 3859 δήπου
2973 3789 3184 3858 παθῶν,
3213 3792 3330 3848 τοῖς
3379 3784 3437 3840 δὲ
3485 3784 3575 3840 διὰ
3618 3786 3796 3842 πλεί-

2147 3903 2286 3938 στων
2332 3881 2420 3935 καὶ
2473 3880 2740 3956 μεγίστων
2781 3882 2888 3933 τῶν
2933 3879 3130 3946 νόσων,
3174 3876 3263 3930 καὶ
3313 3873 3444 3930 οἷ’ων
3493 3875 3633 3948 μηδὲ
3684 3876 3792 3948 φε-

2148 3993 2256 4047 ρειν
2291 3969 2546 4026 δύνασθαι
2572 3988 2586 4002 ·
2619 3969 2785 4045 λόγος
2816 3966 2874 4022 δὲ
2903 3971 3092 4042 πρῶτα
3134 3966 3227 4039 μὶν
3273 3967 3371 4034 τήν
3422 3966 3608 4041 ψυχὴν
3639 3965 3790 4032 ἡδίω

2143 4061 2383 4129 καθάπαξ
2478 4059 2908 4133 παρασκευάζει,
2989 4056 3300 4128 θαυμαστήν
3404 4075 3526 4108 τινα
3617 4055 3793 4122 ταύτῃ

2148 4148 2379 4204 διάθεσιν
2413 4148 2656 4221 ἐμποιῶν
2687 4148 2778 4202 καὶ
2810 4146 2922 4200 οἶόν
2962 4165 3082 4200 τινα
3131 4144 3278 4198 θείαν
3324 4143 3594 4220 περιχέων
3645 4147 3792 4197 κατά

2144 4242 2207 4295 τὸ
2251 4236 2378 4302 ἔπος
2421 4240 2628 4315 ὀμφὴν,
2659 4238 2735 4300 ὡς
2785 4236 3090 4308 ἀκυμάντου
3129 4234 3378 4310 γαλήνης
3416 4232 3793 4307 πληροῦσθαι,

2145 4329 2235 4384 καὶ
2272 4328 2439 4384 ’ίλεων
2492 4329 2628 4382 εἶναι
2669 4327 2759 4381 καὶ
2811 4329 3022 4398 μανικῷ
3070 4321 3135 4393 δή
3185 4345 3291 4377 τινι
3329 4323 3417 4376 καὶ
3450 4322 3634 4393 ἀτόπῳ
3681 4321 3792 4395 γά-

2354 4425 2380 4435 ...
2818 4414 2838 4432 'l
2941 4415 2956 4432 κ
3047 4408 3069 4429 Ἰ
3274 4411 3285 4431 ν
3337 4418 3364 4429 -
3455 4411 3466 4431 r
3526 4409 3596 4426 -κ
3773 4412 3789 4430 π

2145 4439 2219 4473 νει
2271 4420 2531 4492 χρησθαι.
2581 4417 2788 4471 Ἔπειθ’
2819 4435 2847 4468 υ
2902 4435 2994 4486 μεν
3045 4433 3185 4467 εστιν
3231 4432 3396 4481 αυτης
3447 4409 3655 4472 υλωοες
3693 4431 3789 4464 και

2145 4511 2330 4580 χεῖρον
2387 4506 2475 4560 καὶ
2531 4508 2627 4559 τοῦ
2679 4505 2984 4572 παθητικοῦ
3045 4499 3280 4574 μάλιστα
3341 4497 3536 4572 μέρους
3587 4497 3693 4571 οὐχ
3750 4497 3793 4572 ᾖ

2777 4595 3106 4666 συγχωρῶν,
3162 4587 3312 4644 ἀλλά
3396 4587 3636 4662 συνέχων
3693 4588 3790 4641 καὶ

2149 4684 2338 4760 ἄγχων
2366 4684 2457 4739 καὶ
2502 4685 2673 4738 πάντα
2703 4683 2905 4757 τρόπον
2935 4681 3072 4754 πρὸς
3120 4679 3316 4754 ἀρετὴν
3366 4678 3642 4751 ῥυθμίζων
3692 4677 3791 4730 καὶ

2147 4775 2419 4845 καθιστὰς,
2455 4771 2734 4846 βέλτιστόν
2796 4792 2855 4826 τε
2913 4771 3056 4843 ὁμοῦ
3112 4773 3204 4823 καῖ
3261 4768 3382 4821 οἷον
3421 4765 3645 4842 λογικὸν
3674 4765 3788 4820 ἀντ’

2145 4863 2352 4940 ἀλόγου
2402 4865 2546 4917 τοῦτ’
2599 4861 2904 4939 ἀποφαίνει,
2959 4863 3039 4931 τῷ
3092 4859 3228 4913 κατᾶ
3289 4857 3452 4930 λόγον
3521 4857 3790 4910 κινεῖσθαι

2142 4953 2587 5028 παρασκευάζειν,
2619 4951 2708 5006 καὶ
2750 4951 2848 5018 τὴν
2898 4949 3064 5022 ὀρθὴν
3111 4944 3233 5001 ὁδὸν
3283 4947 3474 5014 σώζειν
3506 4946 3580 5005 ὡς
3610 4941 3739 5006 ἔπος
3763 4963 3781 4978 ·

2143 5047 2223 5115 τῷ
2269 5040 2315 5096 δ’
2363 5040 2428 5096 αὖ
2470 5039 2740 5116 κρείττονι
2772 5038 2862 5092 καὶ
2913 5035 3240 5107 διανοητικῷ
3287 5036 3386 5104 τὴν
3433 5034 3571 5088 κατὰ
3618 5032 3778 5109 φύσιν

2143 5130 2461 5207 ἡγεμονίαν,
2541 5133 2815 5203 παροῦσαν
2922 5128 3016 5199 μὲν
3095 5124 3398 5180 πατάπασιν
3482 5126 3782 5196 συντηρῶν,

2141 5221 2381 5275 ἀποῦσαν
2433 5217 2490 5273 δὲ
2549 5218 2684 5290 μετὰ
2729 5216 2944 5274 πολλοῦ
2993 5220 3090 5272 τοῦ
3150 5212 3428 5288 βελτίονος
3479 5209 3787 5286 ἐπανάγων,

2143 5307 2317 5364 δεινὸν
2347 5308 2505 5362 αὐτὸν
2568 5309 2740 5380 ἑαυτῷ
2787 5307 2876 5362 καὶ
2925 5303 3227 5378 θαυμαστὸν
3280 5297 3592 5375 σύμϐουλον
3644 5299 3788 5354 ἀπο-

2142 5396 2312 5477 φαίνει
2350 5402 2448 5452 τοῦ
2497 5396 2550 5453 τί
2599 5396 2680 5452 δεῖ
2734 5397 3012 5464 ποιοῦντα,
3063 5392 3154 5448 καὶ
3215 5392 3326 5447 τίσι
3376 5389 3583 5465 μάλισα
3629 5389 3787 5464 χρώ-

2146 5510 2307 5565 μενον
2366 5489 2434 5543 τὰ
2491 5489 2783 5565 γιγνόμενα
2840 5488 3031 5556 σώζειν
3103 5484 3192 5538 καὶ
3265 5485 3404 5538 κατά
3459 5480 3614 5559 φύσιν
3667 5499 3786 5553 χω-

2140 5583 2273 5654 ρεῖν.

2211 5668 2312 5736 κς’.
2370 5667 2524 5725 Οὕτω
2579 5667 2679 5748 γὰρ
2735 5667 2798 5725 ἂν
2865 5666 2955 5725 καὶ
3009 5667 3072 5723 τὸ
3126 5667 3223 5721 τοῦ
3279 5660 3576 5723 Πλάτωνος
3630 5659 3782 5738 ἅρμα
