4062 6308
255 395 377 459 489

247 708 663 784 ξυμϐαινόντων
722 717 1025 791 ἀλλήλοις,
1083 728 1175 781 καὶ
1237 731 1374 800 μετά
1429 740 1526 788 τοῦ
1578 708 1904 815 τεταγμένου

248 805 605 875 ποιουμένων
635 807 728 861 τὸν
762 805 968 883 δρόμον
997 832 1010 844 ·
1054 814 1164 888 ἐγὼ
1197 815 1262 872 δὲ
1292 822 1382 875 καὶ
1429 828 1592 881 τοῦτο
1626 805 1794 905 λέγω,
1828 835 1905 897 ὡς

1704 889 1714 905 ο
1781 889 1793 900 ’
1889 889 1903 897 ·

251 889 283 941 ὁ
315 893 483 963 σοφὸς
534 894 571 967 ᾗ
624 899 796 974 σοφὸς
842 901 933 954 καί
976 907 1171 977 γνῶσιν
1223 906 1420 984 ἴσχων,
1474 914 1536 969 ού
1587 917 1749 989 μόνον
1796 926 1906 978 τῶν

252 977 427 1033 ὅντων
535 983 665 1038 ὅντα
694 984 853 1055 εἰσὶν,
894 987 1040 1046 ἀλλὰ
1077 995 1165 1048 καὶ
1206 977 1365 1054 θείνων
1406 977 1534 1076 ίπέρι
1564 977 1653 1060 καὶ
1693 1008 1903 1085 ἀνθρω-

248 1072 429 1122 πίνων
492 1073 859 1147 πραγμάτων,
919 1078 1017 1135 οὐκ
1093 1083 1398 1153 ἀπεικότως
1460 1093 1551 1146 καὶ
1616 1094 1903 1171 ἅνθρωπος

253 1154 476 1227 μᾶλλον
508 1156 716 1236 λέγοιτ’
755 1163 817 1219 ἃν
866 1168 957 1222 καὶ
986 1171 1051 1225 τὸ
1093 1176 1213 1228 καθ’
1260 1178 1408 1249 ἡμᾶς
1460 1154 1764 1259 ὑπερέχων.
1812 1154 1901 1252 Ὡς

248 1244 359 1319 γὰρ
390 1246 446 1299 οἱ
475 1246 645 1304 ἄλλοι
674 1253 871 1317 πάντες
900 1261 1009 1311 τῶν
1042 1256 1255 1336 ἀλόγων
1288 1244 1380 1321 διὰ
1406 1269 1497 1323 τὸν
1533 1244 1697 1347 λιόγιδν
1734 1244 1898 1352 ὑπὲρἐ

244 1353 457 1391 κεινται
486 1337 583 1394 τὸν
611 1340 778 1396 αὐτὸν
816 1345 1020 1419 τρόπον
1057 1350 1148 1403 καὶ
1188 1353 1348 1419 οὗτος
1387 1358 1473 1419 οἷς
1512 1358 1703 1427 ἅπλῶς
1744 1365 1899 1443 λόγῳ

246 1423 365 1443 ---γε’
578 1425 649 1443 ‘~
765 1429 780 1443 ’
866 1433 880 1443 ⁵
925 1435 946 1443 λ
1014 1435 1024 1443 ‘
1418 1442 1423 1443 ⁷

1688 1423 1700 1427 -
1828 1423 1838 1443 .
1869 1423 1880 1440 .

245 1423 483 1494 χρῆται,
511 1425 692 1481 τελῶν
734 1429 815 1492 εἷς
854 1433 1197 1509 ἀνθρώπους,
1229 1443 1312 1501 οἷς
1359 1442 1507 1500 οὕτω
1555 1456 1762 1522 χρῆται
1808 1454 1897 1508 καὶ

246 1511 447 1582 σοφίαν
486 1512 663 1586 ἀσκεῖ,
709 1519 803 1573 τὸν
862 1520 1148 1597 ἄνθρωπον
1205 1528 1281 1592 ὡς
1336 1532 1504 1587 εἰπεῖν
1562 1536 1895 1612 ὑπερϐαίνει,

243 1600 342 1653 καὶ
378 1601 549 1671 μόνος
577 1610 687 1660 τῶν
735 1611 953 1665 πάντων
995 1616 1095 1684 τήν
1140 1616 1250 1672 τῶν
1298 1619 1663 1700 Κολοφωνίων
1713 1633 1893 1708 ψῆφον

247 1686 264 1706 9
392 1694 420 1705 ~
594 1697 622 1708 ~
753 1697 765 1708 ·
931 1702 941 1708 ·
1206 1706 1214 1708 ’

1462 1686 1471 1700 ι
1728 1686 1737 1703 l
1778 1686 1817 1708 ΙΙ

242 1686 305 1743 έν
350 1694 423 1762 τῇ
464 1697 625 1766 κοινῇ
670 1697 836 1767 ταύτῃ
883 1702 1098 1776 φέρεται
1148 1706 1342 1783 φύσει·
1398 1710 1600 1777 ἰσόθεός
1652 1738 1735 1780 τις
1781 1722 1897 1794 φὼς

258 1776 285 1794 νε
372 1779 387 1794 ε
496 1780 510 1794 ι
587 1787 608 1794 -
709 1786 729 1794 ι*
774 1783 824 1794 ⁸·
939 1791 948 1794 -
1060 1790 1084 1794 “

243 1776 327 1829 ὧν
356 1779 435 1840 ὡς
466 1780 635 1836 εἰπεῖν
662 1803 674 1815 ο
708 1786 737 1838 ὃ
769 1783 835 1856 δὴ
868 1791 954 1843 καὶ
988 1790 1231 1867 τοῦνομα
1274 1797 1568 1870 βούλεται·
1602 1804 1728 1859 ὥσθ’
1772 1809 1894 1863 ὅσον

245 1864 474 1936 μᾶλλόν
536 1870 647 1926 έστι
708 1876 895 1953 σοφὸς,
953 1864 1182 1937 τοσοῦτο
1244 1864 1457 1958 μᾶλλον
1513 1895 1740 1965 ταυτησί
1798 1900 1868 1967 τῆ

1422 421 1712 501 ORATIO
1756 423 1857 488 DE
1904 428 2132 490 REGIS
2174 430 2532 502 OFFICIIS.

253 533 390 607 ὅπερ
429 532 680 591 ἐλαύνειν
719 535 831 593 οἶδε
882 541 1037 616 ψυχὴ
1082 543 1349 643 κάλλιστα
1393 548 1532 630 ἔχει,
1589 557 1665 627 μὴ
1719 576 1881 633 μαχο-

1990 622 1991 625 η
2018 560 2179 620 Plato
2210 576 2514 643 memorat,
2564 575 2610 631 ri

253 623 434 692 μένων
470 630 583 680 τῶν
629 625 838 698 ἵππων,
887 630 983 686 κᾶν
1038 635 1325 693 άντίπαλοί
1374 661 1516 705 τινες
1561 646 1711 716 ὦσιν,
1759 647 1908 704 ἀλλὰ

2012 1205 2222 1280 vulgus
2250 1210 2422 1286 longe
2451 1227 2708 1291 superat.
2741 1224 2816 1283 Ut
2845 1231 3000 1289 enim
3032 1235 3133 1307 qui
3165 1240 3391 1299 ratione
3428 1248 3654 1318 prediti

2010 1319 2150 1371 sunt
2179 1322 2428 1391 caeteris,
2450 1326 2551 1397 qui
2583 1344 2647 1386 ea
2679 1341 2879 1392 carent
2906 1346 3205 1414 praestant,
3237 1347 3324 1407 sic
3349 1351 3399 1408 is
3421 1356 3523 1427 qui
3553 1372 3653 1413 sa-

2010 1417 2231 1489 pientia
2262 1425 2424 1488 duce.
2459 1431 2853 1507 multitudine,
2885 1449 2949 1498 ut
3005 1455 3208 1522 potest,
3260 1417 3461 1526 utitur,
3505 1460 3655 1520 inter

2008 1530 2247 1586 caeteros
2279 1537 2553 1595 mortales
2597 1544 2845 1616 excellit,
2882 1554 2939 1607 et
2967 1554 3123 1623 solus
3165 1558 3652 1633 Colophoniorum

2008 1631 2353 1707 suffragium
2388 1639 2529 1699 feret
2565 1662 2580 1701 :
2611 1652 2701 1704 est
2730 1653 2882 1710 enim
2921 1656 3009 1713 vir
3036 1664 3205 1733 quasi
3239 1631 3476 1727 divinus
3506 1690 3567 1730 re
3595 1680 3655 1730 et

2010 1739 2262 1798 nomine.
2295 1744 2417 1809 Quo
2447 1749 2602 1807 enim
2637 1757 2820 1827 magis
2848 1766 2939 1818 est
2968 1767 3205 1839 sapiens
3252 1777 3310 1829 et
3339 1776 3648 1850 perfectus,

2007 1843 2233 1919 eolong

245 1920 259 1936 ι
539 1920 646 1926 ----
711 1920 895 1953 --γ-η
964 1920 1182 1937 ηιννυιυ
1244 1920 1457 1958 μυιΛΛυν
1513 1920 1740 1965 ταυτησι
1798 1920 1881 1967 τηε

240 1958 575 2029 προσθήκης
637 1962 910 2038 μετέχων,
961 1967 1091 2023 ὅσον
1140 1973 1356 2043 μᾶλλον
1400 1979 1601 2050 ταύτης
1653 1982 1881 2061 μετέχει1

2006 1963 2118 2021 que
2146 1954 2218 2009 ad
2250 1955 2432 2016 Deum
2465 1967 2715 2024 accedet.
2737 1971 2806 2029 Et
2831 1974 2916 2033 sic
2964 1978 3117 2036 inter
3156 1984 3301 2043 duos
3332 1920 3555 2061 p:sit:s
3576 1996 3648 2051 li-

246 2043 486 2099 τοσοῦτο
540 2048 753 2118 μᾶλλον
799 2052 1084 2129 ἀφίσταται
1131 2062 1225 2132 μὲν
1271 2068 1379 2118 τῶν
1422 2043 1745 2141 ἀνθρώπων,

242 2131 500 2188 θίσταται
546 2133 604 2191 δὲ
655 2139 791 2213 πρὸς
837 2144 970 2199 Θεόν
1004 2164 1016 2176 ·
1084 2131 1175 2202 καὶ
1245 2131 1531 2227 μεθόριον,
1564 2131 1894 2235 γιγνόμενος

240 2220 547 2296 ἑκατέρων,
604 2226 789 2305 ὥσπερ
845 2231 1189 2309 αἰσχύνεσθαί
1256 2262 1353 2312 μοι
1394 2241 1545 2300 δοκεῖ
1582 2252 1662 2321 τῷ
1711 2253 1893 2324 σώμα-

232 2332 335 2375 τος
368 2314 520 2378 ὅλως
555 2321 827 2393 μετέχειν,
855 2325 929 2387 ὡς
958 2325 1012 2381 έν
1054 2328 1368 2404 ἀσωμάτοις
1429 2337 1767 2419 φιλοσοφῶν,
1798 2346 1890 2401 κάὶ

231 2402 302 2456 τὸ
329 2410 436 2472 τῆς
478 2410 668 2481 ψυχῆς
701 2411 859 2485 ὄμμα
898 2416 1019 2471 δσαι
1061 2402 1198 2493 ὧραι
1239 2424 1330 2477 καὶ
1373 2426 1457 2488 οἷς
1504 2402 1763 2503 λέγείκαὶ
1804 2438 1890 2498 οἷς

235 2491 471 2564 πράττει
523 2499 859 2556 παντάπασιν
912 2500 1270 2582 ἐκκαθαίρων,
1337 2513 1426 2569 καὶ
1475 2519 1611 2589 πρὸς
1659 2518 1889 2595 ἐποψίαν

241 2577 258 2595 Ἰ
415 2579 440 2595 ⁵
478 2581 491 2595 Ι
630 2580 653 2595 ν

239 2577 568 2650 ἐπιτηδείως
627 2580 774 2660 ἔχειν
825 2577 1245 2665 παρασκευάζων
1290 2607 1387 2656 τοῦ
1431 2604 1601 2675 θείου,
1653 2612 1739 2665 καὶ
1788 2614 1887 2683 τήν

241 2669 423 2741 ἀρχὴν
469 2671 679 2743 ἰκείνην
727 2672 942 2734 διώκειν
993 2682 1112 2738 ὅθεν
1159 2686 1439 2757 ἐξέπεσεν·
1489 2669 1653 2751 ἔπεῖθ’
1699 2700 1727 2754 ὃ
1758 2669 1888 2756 τού-

250 2775 350 2809 του
403 2764 579 2830 μεῖζον
638 2766 725 2819 καὶ
788 2771 889 2821 τοῦ
945 2774 1140 2837 παντὸς
1199 2776 1275 2841 ὡς
1341 2779 1510 2837 εἰπεῖν
1572 2784 1745 2857 ἄξιον,
1804 2790 1889 2847 ὅτι

257 2844 448 2913 ’ὁνητὸς
473 2844 566 2916 ὤν,
604 2852 867 2917 ἀθάνατος
922 2859 1052 2915 εἶναι
1105 2860 1261 2920 δολεῖ
1298 2865 1370 2922 δι’
1410 2872 1483 2925 ὧν
1525 2875 1889 2936 καταλέλοιπε

261 2929 453 3009 λόγων,
502 2937 686 3013 ὥσπερ
740 2965 824 3008 τις
873 2949 1058 3021 παρὼν
1126 2959 1242 3017 τοῖς
1311 2957 1764 3038 ἐπιγιγνομένοις,
1821 2971 1890 3026 τὰ

230 3297 333 3365 τήν
385 3303 536 3377 σφῶν
592 3304 789 3377 ἀρετήν
840 3329 899 3363 τε
963 3313 1052 3366 καὶ
1120 3311 1274 3388 δόξαν
1340 3318 1486 3377 έσαεῖ
1548 3329 1874 3401 παραμένειν

231 3389 632 3460 παρασκευάζει
689 3399 809 3459 τοῖς
857 3396 1047 3474 λόγοις
1079 3423 1093 3436 ο
1152 3405 1219 3473 ἥν
1267 3406 1363 3493 ἐὰν
1408 3414 1485 3485 μὴ
1533 3389 1635 3470 τοίί
1680 3389 1881 3493 συστή-

230 3495 428 3539 σοντος
468 3485 587 3542 τοῖς
633 3479 820 3539 ἔπειτα
865 3488 1036 3563 τύχῃ,
1094 3491 1247 3556 εὐθὺς
1304 3492 1579 3557 σϐέννυται
1628 3509 1715 3561 καὶ
1755 3510 1878 3585 περὶ

277 3565 293 3584 ν
351 3566 367 3583 ς
599 3567 645 3585 ἀ
680 3576 704 3585 -
820 3571 891 3585 ἰιι
924 3576 950 3585 -ι
1078 3580 1088 3585 -

1828 3565 1837 3585 Ι

227 3565 410 3633 αὐτὴν
440 3567 704 3646 καταρῥεῖ
725 3591 738 3604 ·
772 3571 891 3629 οὐδ’
919 3576 1003 3633 ὅτι
1033 3580 1247 3657 γέγονεν
1300 3585 1475 3646 οὐδενὶ
1512 3594 1649 3665 μετά
1699 3597 1878 3674 βραχὺ

232 3649 261 3674 θ
478 3656 489 3674 ι

229 3649 560 3729 δεικνυμένη
573 3702 585 3714 .

303 3746 415 3802 κ>’.
474 3748 636 3801 Ὅταν
692 3750 872 3807 τοίνυν
910 3756 945 3824 ἡ
986 3759 1203 3816 πάντων
1255 3769 1365 3820 τῶν
1424 3766 1612 3825 ἄλλων
1669 3772 1881 3850 ἀγαθῶν

1716 3833 1728 3850 .

226 3833 524 3904 περιουσία
571 3838 660 3891 καὶ
724 3843 886 3917 χάρις
930 3852 1174 3922 τυχοῦσα
1224 3854 1320 3926 μὲν
1388 3857 1573 3937 λόγων
1622 3864 1882 3929 ἀθάνατος

226 3921 272 3991 ᾔ
303 3922 386 3992 μὴ
433 3928 680 3998 τυχοῦσα
723 3926 779 3983 δὲ
820 3934 978 4007 νεκρά
1023 3921 1142 4000 πως
1188 3921 1314 3996 είναι
1365 3921 1499 4021 δοκῇ
1548 3954 1627 4021 τῷ
1675 3921 1877 4008 λανθάξ

225 4030 367 4077 νειν,
394 4014 486 4066 καὶ
536 4012 687 4070 οὐδὲν
731 4017 915 4084 αὐταῖς
964 4025 1127 4081 πλέον
1220 4036 1317 4085 τοῦ
1359 4038 1491 4091 ποτέ
1537 4046 1874 4114 γεγενῆσθαι,

224 4104 353 4161 πῶς
386 4101 449 4155 ού
501 4102 799 4162 κάλλιστον
857 4116 962 4166 τῶν
1021 4115 1073 4169 ἐν
1132 4118 1442 4194 ἀνθρώποις
1494 4126 1742 4185 ἁπάντων
1794 4130 1877 4189 δεῖ

219 4186 475 4257 νομίζειν
504 4190 633 4253 τοὺς
682 4192 916 4270 λόγουςς
966 4206 1081 4263 πῶς
1113 4201 1159 4259 δ’
1208 4207 1269 4261 οὐ
1312 4212 1466 4266 πάντ’
1510 4212 1640 4269 εἷ’σω
1688 4217 1874 4275 πίπτει

215 4279 321 4328 τοῦ
353 4277 672 4351 θαυμαστοῦ
699 4281 856 4340 τοῦδε
893 4288 984 4342 καὶ
1015 4288 1302 4366 δαιμονίου
1334 4303 1411 4371 τῷ
1448 4301 1561 4357 ὅντι
1610 4308 1872 4381 πράγμα-

211 4384 359 4431 τοςς
412 4368 512 4421 Καὶ
569 4373 680 4441 μὴν
729 4373 775 4427 εἰ
822 4378 1041 4440 κοινούς
1096 4403 1248 4448 τινας
1301 4387 1576 4464 εὐεργέτας
1634 4395 1723 4450 καὶ
1768 4418 1873 4453 σω-

212 4460 396 4527 τῆρας
423 4456 517 4511 καὶ
554 4457 860 4534 κηδεμόνας
897 4471 995 4522 τοῦ
1042 4469 1161 4543 βίου
1201 4476 1290 4529 καὶ
1340 4479 1512 4535 πάντα
1554 4483 1621 4538 τὰ
1646 4490 1870 4543 τοιαῦτα

214 4545 352 4606 τοὺς
407 4547 611 4621 νόμους
660 4554 884 4621 ἅπαντες
936 4558 1115 4633 ἴσμεν,
1173 4570 1253 4637 τῷ
1308 4572 1479 4624 πᾶσαν
1532 4575 1625 4645 μὲν
1675 4579 1864 4634 κακίαν

2006 2057 2177 2114 mites
2198 2068 2251 2117 et
2269 2062 2340 2119 de
2362 2067 2536 2127 rebus
2554 2072 3041 2141 immaterialibus
3062 2057 3505 2167 philosophans,
3523 2117 3649 2158 ma-

2004 2164 2228 2220 terialis
2257 2178 2523 2233 creatura
2554 2194 2682 2237 esse
2713 2186 2908 2258 nolet;
2939 2189 3059 2249 imo
3093 2194 3151 2250 in
3184 2164 3374 2259 verbis
3419 2164 3649 2264 et‘acti-

2003 2267 2114 2324 bus
2147 2276 2360 2333 mentis
2415 2282 2644 2341 oculum
2697 2292 3006 2361 purificsre
3036 2316 3331 2375 nunquam
3373 2312 3646 2384 cessabit,

2003 2379 2068 2431 ut
2095 2380 2167 2434 ad
2207 2385 2476 2446 Numinis
2525 2391 2706 2451 divini
2765 2398 3131 2465 intuitionem
3163 2428 3222 2468 se
3276 2425 3555 2490 preparet
3582 2379 3647 2480 ac

2001 2483 2311 2555 pristinam
2342 2493 2734 2570 integritatem
2776 2524 2953 2579 quam
2991 2483 3292 2592 amiserat,
3330 2483 3643 2601 recuperat.

2001 2589 2135 2660 Sed,
2167 2598 2324 2666 quod
2381 2613 2707 2667 memoratu
2757 2613 3168 2687 dignissimum
3221 2589 3323 2695 est,
3356 2589 3487 2691 cum
3537 2636 3647 2695 im.

2001 2702 2257 2759 mortalis
2288 2712 2397 2777 est,
2421 2709 2917 2779 immortalitatem
2949 2725 3006 2782 in
3042 2745 3381 2794 sormonum
3405 2756 3642 2803 suorum

1996 2810 2197 2863 tenore
2226 2810 2517 2886 relinquet
2545 2830 2673 2892 post
2704 2827 2941 2897 probam
2967 2834 3146 2893 vitam
3173 2856 3187 2907 ;
3212 2857 3317 2898 nec
3345 2861 3406 2901 se
3428 2848 3640 2920 solum,

1996 2913 2098 2968 sed
2130 2922 2370 2976 omteros
2400 2938 2635 2998 quoque
2663 2946 2694 2988 e
2726 2937 3068 2997 mortalibus
3109 2943 3471 3012 immortales
3500 2913 3642 3014 oon;

1748 3284 1766 3307 ,
1797 3242 1877 3306 οἷς
1906 3275 1949 3344 C
1993 3240 2100 3295 nisi

217 4637 566 4693 παντάπασιν
621 4639 876 4714 ἀναιρεῖν,
935 4647 1130 4722 ἀρετὴν
1190 4652 1248 4709 δὲ
1305 4663 1631 4724 συνιστάναι.
1684 4664 1754 4720 δι’
1783 4669 1855 4723 ὧν

1990 4653 2099 4693 tum
2133 4641 2192 4697 in
2222 4644 2393 4703 ﬁnem
2428 4654 2492 4706 ut
2522 4653 2805 4714 malitiam
2852 4661 3283 4741 interimamus,
3335 4677 3608 4735 virtutem

211 4725 315 4792 τήν
363 4727 461 4798 μὲν
497 4733 664 4801 τιμᾷν
715 4730 920 4790 οἴονται
971 4736 1103 4810 δεῖν,
1162 4743 1288 4806 τοὺς
1343 4744 1400 4802 δὲ
1453 4756 1857 4829 πονηροτάτους

209 4813 491 4886 κολάζειν,
529 4817 566 4886 ἦ
612 4820 717 4874 πού
763 4843 824 4898 γε
872 4825 1020 4881 πολὺ
1069 4832 1334 4906 πρότερον
1384 4844 1495 4900 τοῖς
1544 4840 1732 4918 λόγοις
1779 4847 1853 4902 ὧν

211 4902 435 4977 εὕρημα
464 4906 650 4978 νόμοι,
692 4911 894 4982 ταύτην
950 4915 1204 4991 εἰσόμεθα
1253 4919 1475 4989 δικαίως
1505 4931 1604 4999 τήν
1655 4930 1852 5009 χάριν;

207 4994 298 5045 καὶ
330 4997 500 5049 ταῦτα
528 4998 615 5050 καὶ
651 4997 729 5052 ἔτι
759 4999 936 5058 πλείω
970 5008 1103 5077 μετᾶ
1149 5009 1366 5067 πολλοῦ
1404 5020 1498 5071 τοῦ
1546 5020 1852 5094 κρείττονος

210 5080 411 5144 αὐτοὺς
464 5085 864 5162 προσεροῦμεν,
912 5091 987 5156 ὡς
1037 5096 1214 5169 πάσης
1263 5099 1609 5177 εὐδαιμονίας
1653 5110 1854 5187 ἀνθρώ-

368 5167 393 5187 ..
431 5174 445 5187 .
534 5179 557 5187 _
698 5179 709 5187 .
919 5181 933 5187 -
980 5182 989 5187 ρ

204 5188 335 5231 ποις
365 5167 454 5227 διὰ
490 5179 599 5228 τῶν
648 5179 835 5250 νόμων
881 5181 1091 5247 αἰτίους
1124 5208 1141 5257 ;

205 5264 468 5332 χρηστῶν
500 5263 602 5318 οὐκ
630 5262 691 5319 ἂν
722 5287 855 5323 ποτε
895 5271 1144 5350 ἐπράχθη
1191 5279 1266 5351 μὴ
1308 5281 1569 5340 τεθέντων
1610 5291 1718 5342 τῶν
1759 5291 1849 5345 νό-

206 5369 351 5418 μων,
412 5349 669 5421 ἐτέθησαν
731 5353 786 5411 δὲ
832 5349 1135 5437 τοεξαρχῆς
1193 5349 1296 5423 ί)πὸ
1357 5369 1558 5448 λόγων,
1608 5376 1696 5431 καὶ
1752 5383 1844 5434 νῦν

1968 4754 2357 4830 stabiliamus,
2390 4767 2455 4819 ut
2482 4764 2746 4828 homines
2777 4774 2927 4849 frugi
2978 4795 3437 4863 remuneremur,
3470 4810 3608 4866 pra-

1964 4883 2065 4925 vos
2096 4873 2468 4948 castigemus,
2500 4881 2823 4945 litterarum
2856 4908 3047 4965 usum,
3091 4902 3244 4957 unde
3288 4902 3444 4977 leges
3484 4924 3607 4967 ma-

1965 4992 2198 5057 narunt,
2232 5007 2347 5063 quo
2384 4998 2618 5057 tandem
2652 5002 2870 5063 honore
2902 5011 3224 5072 afﬁciamus
3249 5018 3277 5073 ?
3306 5027 3600 5091 quomodo

1960 5102 2101 5158 satis
2129 5103 2504 5170 laudabimus
2536 5133 2655 5173 rem
2676 5137 2802 5192 qua
2824 5122 3018 5197 legum
3053 5146 3157 5200 ope
3188 5132 3494 5196 hominum
3517 5142 3602 5197 fe-

1959 5217 2234 5280 licitatem
2267 5228 2596 5288 stabilivit?
2635 5234 2848 5294 Revera
2881 5242 3028 5299 nihil
3077 5246 3212 5304 boni
3243 5250 3367 5308 sine
3405 5253 3601 5327 legum

1956 5333 2172 5394 latione
2201 5340 2261 5396 in
2292 5346 2442 5400 terra
2474 5345 2669 5417 ﬁeret;
2704 5351 2859 5425 leges
2907 5364 3101 5418 autem
3131 5379 3163 5421 e
3194 5365 3408 5427 litteris
3447 5388 3602 5431 ema-

201 5435 462 5502 ἐπιεικῶς
507 5448 927 5519 συείκροτοῦνται
961 5468 976 5483 ⁸
1037 5454 1089 5507 εἴ
1140 5452 1187 5509 δ’
1246 5455 1534 5516 ἰδιώτατον
1599 5467 1696 5538 μὲν
1753 5470 1844 5523 καί

203 5522 225 5544 η
395 5528 449 5544 κ.
780 5536 792 5544 ι
933 5542 957 5544 μ

1996 5457 2185 5521 arunt,
2215 5459 2273 5512 et
2299 5474 2453 5514 nunc
2481 5462 2715 5533 quidem
2773 5476 3071 5531 communi
3118 5479 3353 5540 vinculo
3382 5502 3598 5544 ornan-

203 5522 650 5587 λυσιτελέστατον
709 5536 795 5589 καὶ
864 5542 962 5593 τοῦ
1017 5561 1212 5607 παντος
1274 5546 1567 5619 ἀξιώτατον
1633 5555 1846 5633 ἀνθρώ-

1951 5568 2065 5621 tur.
2100 5568 2159 5624 Si
2187 5570 2365 5643 igitur
2391 5575 2636 5635 scientia
2663 5580 2946 5645 iitteraria
2976 5605 3069 5647 res
3099 5600 3191 5654 est
3221 5598 3441 5659 homini
3474 5605 3596 5662 uti-

273 5708 354 5777 (ι)
382 5708 869 5782 Colophoniorum
899 5717 1243 5791 suffragium
1274 5729 1422 5798 apud
1452 5729 1751 5792 Sehottum
1782 5741 2046 5810 proverb.
2070 5750 2318 5818 append.
2344 5758 2455 5808 vat.
2489 5754 2555 5823 Il,
2587 5755 2678 5815 43.

520 5813 775 5875 Pareae.
819 5819 933 5881 Gs.
978 5819 1198 5883 CXLV.

3200 5875 3278 5941 16
