4062 6308
445 323 560 382 491

1725 329 2121 390 THEODULI
2165 329 2525 392 MONACHI

3708 329 3813 392 692

447 453 690 523 lissima,
731 457 1098 529 dignissima,
1130 457 1267 530 quia
1299 459 1552 516 hominis
1594 460 1932 533 dignitatem
1968 479 2093 518 ma-

2207 482 2328 523 ποις
2361 461 2411 514 οἱ
2441 459 2625 534 λόγοι,
2656 463 2722 515 τά
2761 467 2808 515 τ’
2847 459 2994 516 ἄλλα
3034 461 3124 516 καὶ
3168 462 3251 517 ὅτι
3282 461 3478 533 πολλῷ
3515 460 3753 536 βελτίους
3782 462 3814 530 ἢ

447 552 740 625 ximopere
762 563 956 626 auget,
980 573 1208 627 semper
1229 564 1422 613 autem
1451 560 1673 614 iautore
1696 575 1762 615 ac
1782 560 2090 617 Maecenate

447 667 594 721 opus
626 651 814 720 habet,
856 654 1046 724 qualis
1076 658 1162 723 tu,
1196 656 1293 724 qui
1343 657 1686 711 auctoritate
1718 659 1875 728 regia
1906 659 2091 729 pluri-

451 765 608 804 mum
641 754 822 820 potes,
857 751 1136 822 majorem
1180 753 1326 823 ipsis
1373 755 1617 824 gratiam
1649 772 1714 810 ac
1745 755 2087 826 dignitatem

451 855 614 910 indas
640 871 858 927 precor,
893 868 952 912 ut
1004 858 1303 914 hominum
1351 859 1590 915 utilitati
1659 861 1846 933 magis
1877 863 2090 933 magis-

449 978 561 1032 que
589 962 876 1019 inserviat.

517 1072 606 1126 28.
645 1073 705 1128 Si
734 1073 854 1129 hac
893 1073 974 1130 ita
1001 1091 1061 1130 se
1111 1076 1348 1146 habent,
1399 1083 1455 1133 et
1485 1078 1532 1134 si
1564 1079 1634 1134 ad
1669 1096 1850 1134 unum
1886 1096 2090 1136 omnes

449 1183 554 1236 hac
586 1181 654 1235 de
683 1197 744 1236 re
772 1185 1165 1250 consentiunt,
1201 1189 1262 1239 tu
1295 1185 1444 1256 ipse.
1477 1201 1593 1253 rex,
1635 1187 1921 1257 ejusmodi
1954 1192 2089 1242 stu-

449 1289 544 1344 dia
575 1288 844 1344 ardenter
873 1288 1276 1362 complecteris
1307 1307 1436 1348 eum
1470 1292 1527 1346 in
1563 1293 1761 1360 finem,
1786 1299 1850 1349 ut
1873 1295 2092 1366 ubique

451 1403 710 1476 gentium
744 1422 1038 1462 sermones
1067 1407 1420 1478 sapientium
1473 1410 1665 1480 magni
1723 1410 1902 1466 facias
1957 1425 2086 1466 cum

452 1513 706 1585 ipsisque
736 1520 1028 1570 certamen
1062 1516 1238 1570 ineas.
1265 1515 1335 1571 Ut
1355 1531 1484 1570 vere
1515 1516 1728 1588 dicam,
1751 1534 2089 1574 sermonum

455 1621 828 1677 serendorum
873 1620 1242 1692 liberumque
1293 1622 1670 1693 legendorum
1709 1626 1934 1680 occasio
1974 1642 2088 1680 non

455 1745 683 1800 semper
712 1733 818 1798 est,
851 1743 1038 1798 neque
1077 1728 1344 1784 victorias
1376 1729 1644 1786 Pindaric
1675 1748 1832 1788 more
1862 1738 2094 1788 cantare

457 1846 703 1901 facultas
725 1846 912 1899 datur.
939 1845 1025 1899 Tu
1047 1861 1178 1900 vero
1206 1845 1266 1900 in
1289 1861 1355 1900 eo
1387 1863 1612 1917 quoque
1634 1849 2095 1922 sapientemages
2129 1848 2172 1911 Β

458 1958 520 2006 ut
552 1967 755 2007 omnes
804 1950 956 2004 cives
1011 1951 1337 2005 studiorum
1407 1952 1609 2008 ardore
1666 1953 1894 2009 imbuas
1926 1960 1984 2010 et
2032 1959 2096 2008 ut

458 2073 782 2143 sapientum
816 2068 1162 2125 commercio
1220 2070 1498 2139 gaudeas,
1537 2070 1852 2141 siquidem,
1887 2077 1951 2127 ut
2007 2077 2096 2127 est

458 2182 515 2235 in
550 2177 867 2251 proverbio,
903 2178 1130 2249 tyranni
1161 2178 1268 2247 ipsi
1300 2178 2094 2249 sapientumﬁonsuetudine

455 2289 800 2361 sapientiam
833 2287 1158 2358 acquirunt.
1193 2285 1271 2340 lla
1305 2285 1401 2340 fiet
1441 2291 1503 2340 ut
1532 2303 1867 2341 sermonum
1916 2289 2095 2358 gravi-

457 2405 544 2451 tas
572 2413 634 2450 ac
661 2393 912 2466 dignitas
938 2397 1115 2464 perte
1137 2399 1432 2463 augeatur.
1451 2394 1692 2458 Quando
1713 2394 1866 2448 enim
1890 2409 2095 2449 omnes

458 2519 797 2576 persuasum
831 2500 1152 2568 habebunt,
1185 2509 1237 2554 te
1277 2500 1566 2570 ejusmodi
1599 2502 1773 2556 rebus
1799 2500 2093 2567 delectari,

457 2635 750 2677 musarum
783 2617 956 2673 amici
978 2617 1078 2671 tibi
1103 2617 1214 2686 ipsi
1240 2633 1472 2688 quoque
1490 2618 1855 2685 favebunt,et
1873 2618 2096 2674 cmteris

447 2727 702 2806 negotiis
734 2725 1081 2797 posthabitis
1112 2725 1218 2779 arti
1253 2727 1516 2780 oratoria:
1552 2727 1608 2780 in
1643 2728 1846 2796 primis
1886 2726 2094 2781 stude-

459 2837 618 2896 bunt,
652 2835 786 2906 quia
818 2833 876 2888 in
938 2849 1002 2888 ea
1061 2848 1356 2888 musarum
1416 2832 1716 2902 templum,
1761 2835 2095 2904 eloquentiae

459 2946 675 3011 focum,
705 2942 898 2996 omnis
930 2940 1222 3008 srpientite
1247 2940 1600 2995 curriculum
1633 2941 1848 3005 vident,
1882 2942 2097 2995 Deum-

459 3075 571 3130 que
603 3073 705 3130 pro
739 3073 846 3111 sua
873 3055 1179 3126 prudentia
1201 3072 1440 3123 regnum
1465 3060 1632 3111 tuum
1665 3057 1894 3112 ﬁrmare
1915 3073 2097 3128 agno-

459 3169 652 3219 scunt.
675 3166 754 3217 Tu
785 3161 906 3229 ipse
937 3161 995 3215 in
1035 3160 1424 3217 admiratione
1455 3163 1587 3224 eris,
1635 3162 1773 3232 quia
1803 3163 1860 3216 in
1897 3177 2095 3233 perpe-

460 3278 558 3326 tua
587 3269 878 3339 voluptate
929 3267 1175 3339 positus,
1235 3269 1373 3323 dum
1422 3270 1608 3324 caeteri
1661 3287 1760 3341 per
1817 3271 2097 3341 ignoran-

459 3379 600 3432 tiam
632 3376 1040 3447 languescunt,
1076 3379 1136 3428 tu
1171 3373 1334 3444 phari
1367 3375 1550 3429 instar
1581 3374 1709 3432 luce
1758 3385 1856 3431 tua
1913 3393 2098 3446 genus

461 3489 1060 3548 humanumillustras
1082 3505 1147 3544 ac
1173 3505 1481 3561 regeneras
1500 3510 1514 3559 ;
1534 3507 1648 3562 qua
1668 3491 1726 3546 in
1750 3510 1807 3548 re
1833 3495 2101 3563 praeclare

460 3600 604 3668 agis,
637 3613 754 3663 rex,
786 3604 842 3650 et
873 3596 1185 3666 sapienter.
1227 3595 1303 3648 Ex
1345 3596 1674 3668 exemplum
1707 3599 2098 3669 probativum.

460 3706 839 3760 Athenienses
871 3704 1023 3757 inter
1067 3718 1270 3758 omnes
1330 3721 1444 3758 non
1506 3704 1795 3761 Barbaros
1843 3712 2099 3775 tantum,

462 3815 559 3866 sed
577 3812 806 3866 Graecos
830 3809 1125 3864 universos
1146 3809 1516 3864 celeberrima
1538 3827 1602 3865 ac
1623 3810 2102 3881 splendidissima

463 3926 674 3988 tropaea
731 3924 1056 3981 erexerunt,
1114 3916 1389 3970 omnibus
1464 3917 1814 3972 formidandi
1865 3919 2098 3988 Gracia,

459 4026 517 4080 in
551 4041 696 4095 quos
728 4029 879 4078 terra
912 4025 1172 4094 marique
1198 4023 1652 4080 dominabantur
1683 4027 1916 4082 nemine
1948 4045 2104 4098 pror-

459 4157 561 4195 sus
593 4139 937 4206 resistente;
970 4138 1088 4192 imo
1127 4155 1332 4194 omnes
1384 4139 1441 4192 in
1499 4139 1655 4210 ipsos
1716 4147 1780 4195 ut
1831 4158 2100 4197 commu-

460 4265 562 4303 nes
591 4247 966 4316 sospitatores
996 4243 1194 4300 oculos
1223 4246 1570 4314 dirigebant,
1593 4251 1651 4302 et
1681 4247 1735 4301 in
1771 4264 1960 4302 rerum
1986 4249 2100 4304 dis-

460 4354 706 4410 crimine
732 4353 884 4422 apud
928 4353 1084 4423 ipsos
1142 4352 1434 4423 refugium
1489 4353 1848 4422 qumrebant,
1908 4361 2105 4426 utpote

459 4463 559 4534 qui
617 4460 723 4516 soli
790 4459 1110 4531 prudenter
1186 4459 1360 4514 rebus
1444 4460 1741 4531 inservire,
1800 4479 1962 4516 arma
2017 4480 2102 4518 ca-

2201 552 2316 603 κατ’
2354 550 2674 624 ἀνθρώπους
2712 554 3022 605 καθιστᾶσιν
3062 551 3404 626 ἀνθρώπους,
3449 549 3655 606 δέονται
3695 549 3737 606 δ’
3771 552 3820 614 ἐς

2198 638 2277 691 ἀεὶ
2320 639 2570 693 τοιούτου
2621 645 3019 716 συναγωνιστοῦ
3061 640 3151 694 καὶ
3199 641 3528 714 προστάτου,
3574 641 3689 702 οἶος
3736 640 3818 694 αύ-

2196 727 2288 788 τὸς
2336 727 2404 794 εἶ,
2462 725 2599 801 μέγα
2647 725 2939 801 δυνάμενος
2983 727 3076 783 διὰ
3129 730 3228 796 τήν
3275 729 3480 806 ἀρχὴν,
3537 728 3642 802 οὐχ
3698 729 3818 799 ὑπὲρ

2199 815 2375 868 αὐτῶν
2409 813 2621 886 μᾶλλον
2650 814 2687 884 ἢ
2718 815 2868 878 ὅπως
2902 816 3030 871 αὐτὸ
3059 818 3203 871 τοῦθ’
3237 819 3368 890 ὅπερ
3410 817 3508 870 εἰσὶ
3538 818 3626 870 καὶ
3675 816 3815 888 οομί-

2201 909 2383 972 ζονται
2440 906 2573 975 μετὰ
2624 905 2869 976 μείζονος
2930 906 3260 981 ἐργάζωνται
3317 908 3414 974 τῆς
3473 907 3818 980 παρασκευῆς,

2199 993 2288 1046 καὶ
2322 993 2456 1066 πρὸς
2489 996 2674 1061 κοινήν
2707 995 3007 1068 ἀνθρώπων
3039 995 3228 1065 ὅνησιν
3260 995 3410 1050 ὦσιν.

2269 1087 2381 1152 κη’.
2431 1085 2491 1138 El
2537 1087 2689 1138 ταῦθ’
2738 1083 2882 1138 οὕτω
2927 1086 3016 1139 καὶ
3065 1089 3253 1139 τοῦτον
3304 1081 3420 1160 ἔχει
3469 1086 3562 1139 τὸτ
3608 1083 3822 1158 τρόπον,

2199 1173 2288 1226 καὶ
2327 1173 2516 1235 πάντες
2562 1173 2621 1229 ἂν
2664 1176 2828 1236 πάτες
2876 1175 2942 1229 τὰ
2985 1176 3193 1230 τοιαῦτ’
3234 1173 3508 1244 ἀλλήλοις
3552 1176 3820 1253 ξυμφαῖεν,

2201 1258 2407 1324 δίκαιος
2465 1263 2524 1316 ἂν
2578 1262 2692 1333 εἴης
2740 1263 2829 1317 καὶ
2879 1263 3063 1335 αὐτὸς,
3114 1264 3158 1317 ὦ
3210 1262 3457 1333 βασιλεῦ,
3509 1266 3600 1318 ἅτε
3653 1262 3821 1318 κοινὸν

2201 1350 2436 1428 ὀφείλων
2484 1351 2683 1424 ὄφελος
2724 1351 2882 1420 εἶναι,
2923 1354 3068 1407 οὕτω
3112 1352 3320 1408 τούτων
3363 1351 3696 1427 ἂντέχισθαι,
3742 1351 3824 1405 καὶ

2199 1441 2461 1510 τοσκύτην
2525 1441 2656 1516 ὑπὲρ
2733 1442 2910 1497 αὐτῶν
2983 1442 3242 1518 εἰσφέρειν
3302 1439 3568 1512 σπουδήν,
3624 1442 3696 1502 ὡς
3753 1442 3821 1514 μὴ

2204 1529 2373 1602 μόνον
2425 1530 2729 1604 ἑκασταχοῦ
2773 1537 2874 1600 τῆς
2921 1531 3248 1603 οἰκουμένης
3307 1531 3440 1604 μετὰ
3484 1529 3698 1585 πολλοῦ
3735 1533 3826 1584 τοῦ

2201 1618 2486 1693 περιόντος
2533 1619 2807 1674 ἀσκεῖσθαι
2849 1619 3046 1694 λόγους
3081 1618 3344 1690 κελεύειν,
3393 1619 3481 1674 καὶ
3519 1623 3680 1691 τιμᾷν
3710 1617 3825 1678 τοὺς

2203 1702 2455 1780 ἔχοντας,
2513 1707 2662 1763 ἀλλὰ.
2717 1710 2803 1763 καὶ
2853 1707 2910 1762 σε
2956 1711 3006 1783 γ’
3061 1709 3219 1764 αὐτὸν
3275 1709 3580 1784 ἀγωνιστὴν
3632 1709 3826 1762 τούτων

2206 1797 2451 1851 εἶναικαὶ
2486 1795 2826 1868 σπουδαστήν
3016 1798 3075 1852 Εἰ
3119 1795 3175 1852 δὲ
3226 1799 3503 1852 τοσούτων
3546 1797 3634 1852 καί
3680 1796 3827 1865 τηλι-

2201 1886 2408 1940 κούτων
2439 1884 2491 1940 ἐν
2528 1883 2845 1962 μεσημϐρίᾳ
2875 1886 3212 1962 πραγμάτων
3245 1887 3353 1961 οὐχ
3384 1886 3500 1942 οἶόν
3541 1908 3598 1941 τε
3642 1884 3829 1960 λόγους

2207 1979 2600 2052 μιταχειρίζειν
2665 1977 2756 2030 καὶ
2843 1971 3084 2050 βιϐλίοις
3153 1976 3432 2051 ἐγκύπτειν
3512 1977 3602 2030 καὶ
3662 1973 3828 2029 τᾶλλα

2201 2070 2451 2140 πράττεῖν
2489 2065 2522 2118 ἃ
2563 2065 2827 2139 μεγίστης
2866 2065 2973 2119 ἐστὶ
3027 2063 3270 2134 σπουδῆς
3316 2067 3405 2120 καὶ
3441 2065 3620 2140 λόγων
3652 2063 3789 2133 ἀξίας
3813 2083 3824 2094 ·

2203 2156 2332 2212 οὐδὲ
2379 2159 2479 2232 γὰρ
2517 2159 2606 2210 τὸν
2651 2157 2952 2226 ἱπποσύνην
3001 2153 3229 2210 δεδαότα
3267 2153 3411 2226 ᾅδειν
3441 2155 3578 2210 κατὰ
3615 2156 3672 2209 τὸ
3710 2149 3826 2214 ἕπος

2205 2247 2318 2303 οἷόν
2351 2249 2558 2319 τε·
2612 2247 2676 2300 σὺ
2726 2243 2782 2300 δὲ
2831 2247 2920 2300 καὶ
2968 2245 3140 2308 οὕτως
3354 2246 3546 2323 σοφὸς,
3599 2246 3691 2306 τὰς
3741 2245 3826 2316 μὲν

2203 2335 2393 2398 πόλεις
2445 2337 2676 2404 ἁπάσας,
2736 2336 2810 2396 ὡς
2859 2332 3012 2413 ἔφην,
3068 2335 3265 2408 μεστὰς
3313 2335 3451 2389 εἶναι
3510 2333 3831 2406 παρασκευα-

2206 2432 2310 2494 ζων
2357 2423 2627 2493 παιδείας,
2677 2425 2840 2486 αὐτὸς
2901 2422 2956 2478 δὲ
3003 2425 3063 2478 τό
3113 2444 3175 2496 γε
3223 2429 3411 2501 σοφοῖς
3469 2429 3701 2477 συνεῖναι
3748 2420 3830 2476 καὶ

2205 2513 2542 2590 διαλέγεσθαι
2591 2513 2809 2568 πολλοῦ
2863 2533 3009 2574 τινος
3065 2512 3213 2588 ἄγων
3247 2532 3258 2544 ·
3321 2511 3434 2566 ἐπεὶ
3521 2513 3610 2566 καὶ
3685 2510 3829 2584 σοφοί

2202 2605 2455 2675 τύραννοι
2511 2605 2580 2675 τῇ
2629 2607 2809 2678 σοφῶν
2869 2603 3142 2672 συνουσίᾳ,
3203 2601 3358 2676 φασὶν
3415 2601 3466 2654 οἱ
3531 2601 3685 2678 σοφοί
3733 2604 3828 2669 (3}'

2207 2689 2276 2746 δι’
2309 2691 2370 2744 οὗ
2403 2688 2538 2758 δῆτα
2568 2691 2657 2744 καί
2699 2687 2912 2761 μᾶλλον
2959 2689 3242 2758 ζηλωτοὺς
3273 2693 3390 2750 πῶς
3437 2687 3546 2743 οῗει
3592 2689 3714 2749 τοὺς
3743 2687 3833 2741 λό-

3321 2511 3434 2566 ἒπεὶ
3521 2513 3610 2566 καὶ

2203 2803 2335 2855 γους
2377 2781 2580 2856 ἐργάσῃ
2638 2780 2726 2834 καὶ
2787 2777 3034 2848 σπουδῆς
3089 2781 3302 2849 ἁπάσης
3360 2779 3571 2850 ἀξίους.
3627 2779 3686 2834 Εἰ
3739 2778 3831 2854 γὰρ

2208 2870 2273 2939 δὴ
2329 2871 2522 2932 πάντες
2572 2873 2838 2925 πεισθεῖεν
2900 2871 2981 2924 ὅτι
3021 2875 3251 2925 τοσοῦτο
3309 2870 3558 2925 τουτοισὶ
3618 2870 3829 2946 χαίρεις,

2210 2961 2353 3014 οὕτω
2385 2957 2592 3034 σφόδρα
2639 2962 2702 3014 τὸ
2747 2962 2865 3014 κατ’
2909 2958 3102 3020 αὐτοὺς
3148 2959 3374 3026 τίθεσαι,
3414 2961 3487 3021 ὡς
3548 2959 3670 3020 τοὺς
3718 2978 3831 3028 μου·

2207 3056 2312 3106 σῶν
2371 3052 2614 3124 εταίρους
2682 3052 2770 3105 καί
2836 3055 3036 3105 σαυτοῦ
3112 3047 3354 3123 δομίζειν
3425 3051 3694 3126 ἑταίρους,
3747 3048 3825 3100 καί

2204 3140 2418 3194 τούτοις
2479 3140 2792 3213 ἁπανταχοῦ
2845 3141 3177 3214 πραγμάτων
3233 3139 3300 3194 τὰ
3353 3139 3622 3194 πλείστου
3693 3134 3828 3213 φασὶν

2126 3211 2169 3274 C
2209 3231 2330 3298 ἆζια
2357 3231 2617 3303 χρῆσθαι,
2652 3236 2781 3283 πᾶσι
2826 3235 2943 3291 τοῖς
2989 3229 3184 3289 ἀλλοις
3235 3226 3291 3281 εὗ
3337 3225 3456 3282 οἶδα
3521 3231 3726 3304 χαίρειν
3766 3223 3831 3278 εἷ-

2206 3319 2420 3386 πόντες,
2481 3319 2830 3390 προσέξουσιν
2882 3319 2956 3377 ὡς
2996 3316 3230 3390 μάλιστα
3273 3317 3461 3391 λόγοις
3494 3335 3511 3349 ⁸
3554 3317 3644 3372 καὶ
3682 3316 3836 3369 πάντα

2208 3409 2372 3461 πόνον
2407 3408 2536 3481 ὑπὲρ
2593 3411 2689 3461 τοῦ
2729 3409 3023 3475 κτήσασθαι
3064 3405 3289 3467 τούτους
3333 3412 3600 3476 νομιοῦσι
3649 3400 3837 3478 ῥᾳστώ-

2209 3518 2322 3565 νην,
2373 3496 2448 3556 ὡς
2507 3495 2653 3558 ἐντὸς
2711 3495 2901 3569 ὀλίγου
2964 3499 3180 3565 μουσῶν
3225 3495 3470 3568 θέατρον,
3519 3496 3607 3548 καὶ
3667 3493 3837 3566 λόγων

2211 3587 2409 3655 ἑστίαν,
2451 3586 2539 3639 καὶ
2590 3585 2871 3657 ξυμπάσης
2926 3587 2999 3646 ὡς
3059 3584 3228 3638 εἷπεῖν
3277 3584 3456 3657 ἀγῶνα
3510 3584 3721 3662 σοφίας,
3755 3581 3839 3634 καὶ

2210 3676 2382 3729 πάντα
2411 3676 2476 3728 τὰ
2513 3679 2736 3729 τοιαῦτα
2779 3679 2912 3729 Θεοῦ
2950 3671 3214 3741 ὃίδόντος,
3255 3676 3354 3743 τήν
3403 3675 3504 3740 σήν
3537 3675 3715 3748 ἀρχὴν
3752 3692 3838 3725 κα-

2210 3771 2505 3832 ταστῆναιο
2566 3762 2656 3817 καί
2705 3784 2761 3816 σε
2809 3763 3112 3835 Θαυμάστὸν
3157 3761 3393 3817 ἐντεῦθεν
3446 3762 3662 3833 μᾶλλον
3695 3762 3843 3836 γενε-

2213 3856 2352 3919 σθαι,
2387 3853 2467 3906 ὅτι
2500 3853 2560 3906 τὸ
2587 3851 2864 3906 θεσπέσιον
2903 3851 3054 3906 τουτὶ
3086 3857 3284 3927 χρῆμα
3313 3851 3399 3904 καὶ
3454 3849 3662 3918 ἡδονῆς
3691 3852 3842 3922 κόρον

2212 3941 2310 3995 οῦκ
2339 3938 2492 4016 ἕχον,
2523 3938 2696 3996 πολὺν
2726 3938 2832 4010 ἤδη
2867 3941 3068 4015 χρόνον
3099 3945 3168 4014 τῇ
3201 3945 3309 3994 τῶν
3341 3941 3683 4014 κρατούντων
3712 3939 3842 4010 ἀμα-

2212 4031 2320 4101 θίᾳ,
2382 4030 2466 4106 ὑφ’
2526 4030 2599 4083 ὧν
2655 4027 2758 4083 ἔδει
2820 4027 3034 4100 μᾶλλον
3085 4026 3404 4100 ἐκλάμπειν,
3463 4022 3842 4089 κατπσϐεσθέν,

2210 4120 2465 4190 καὶπρὸς
2495 4119 2557 4172 τὸ
2603 4115 2770 4189 μηδὲν
2809 4115 2916 4188 ἤδη
2970 4124 3254 4191 χωρῆσαν,
3310 4117 3371 4170 σὺ
3425 4116 3592 4187 μόνος
3643 4116 3842 4189 πυρσοῦ

2213 4205 2364 4276 δίκην
2399 4205 2505 4260 δεῖν
2551 4207 2738 4278 ᾠήθης
2774 4206 2991 4278 ἀνάψαι,
3032 4205 3122 4258 καὶ
3166 4205 3298 4273 μετᾶ
3338 4209 3445 4259 τῶν
3487 4203 3676 4259 ἄλλων
3719 4205 3841 4277 ἀγα⁶

2212 4297 2318 4349 θῶν
2373 4295 2462 4349 καὶ
2521 4296 2668 4350 τοῦτ’
2723 4295 3032 4368 ἀνθρώποις
3111 4294 3186 4356 ὡς
3255 4292 3474 4366 μάλιστ’
3537 4294 3844 4347 ἀνανεώσα-

2211 4387 2334 4438 θαι·
2372 4382 2556 4445 καλῶς
2604 4405 2662 4458 γε
2711 4388 2906 4447 ποιῶν,
2940 4384 2985 4437 ὦ
3018 4381 3269 4457 βασιλεῦ,
3323 4383 3413 4436 καὶ
3463 4386 3647 4454 σαυτῷ
3695 4400 3848 4454 προσ-

2211 4473 2492 4542 ηκόντως·
2547 4469 2716 4540 δῆλον
2760 4469 2806 4526 δ’
2847 4470 3066 4527 ἐκεῖθεν.
3121 4471 3396 4540 Ἀθηναῖοι
3447 4475 3579 4546 γοῦν
3627 4469 3847 4544 μέγιστα

461 4582 710 4638 pessere,
737 4580 852 4619 uno
875 4563 1069 4630 verbo,
1087 4564 1210 4632 qui,
1237 4568 1298 4618 ut
1320 4563 1403 4618 ait
1426 4562 1710 4620 Homerus
1729 4571 1784 4620 et
1801 4583 2096 4622 sermones

2213 4559 2306 4630 μὲν
2366 4559 2455 4612 καὶ
2512 4557 2780 4612 κάλλιστα
2839 4562 2946 4612 τῶν
2997 4556 3246 4612 ἁπάντων
3307 4558 3518 4612 πάντων
3589 4556 3692 4611 οὐκ
3745 4553 3846 4608 ἀπὸ

458 4696 650 4738 serere
703 4686 759 4734 et
817 4695 988 4750 opera
1055 4678 1294 4748 exsequi
1353 4679 1638 4735 sciebant.
1697 4682 1861 4751 Apud
1948 4683 2100 4753 ipsos

457 4791 610 4843 enim
643 4785 841 4842 schola
862 4785 1112 4840 Eleatica
1142 4785 1198 4839 in
1231 4783 1554 4841 litterarum
1589 4787 1785 4842 studia
1812 4792 1868 4844 et
1912 4805 2100 4844 armo-

461 4920 588 4958 rum
635 4901 969 4957 exercitium
1021 4900 1208 4956 divisa
1257 4911 1399 4956 erat.
1434 4900 1540 4956 Sed
1603 4906 1667 4955 ut
1723 4902 1866 4957 nihil
1913 4903 2101 4958 dicam

459 5023 528 5074 de
558 5018 943 5074 Themistocle
975 5022 1030 5071 et
1089 5016 1322 5086 Pericle,
1383 5017 1639 5073 Miltiade
1683 5025 1740 5072 et
1768 5019 2007 5075 Cimone
2037 5034 2102 5074 ac

460 5128 530 5182 de
553 5132 634 5181 tot
657 5125 783 5180 aliis
805 5125 1054 5179 ducibus
1085 5129 1144 5179 et
1158 5123 1484 5179 rhetoribus
1509 5123 1610 5196 qui
1629 5125 1902 5182 virtutem
1927 5142 2105 5196 supra

460 5242 656 5296 omnia
689 5241 1024 5309 laudabant,
1060 5240 1277 5311 quique
1307 5240 1528 5294 caeteris
1574 5240 1857 5295 virtutum
1915 5257 2107 5297 exem-

462 5358 626 5428 plum
661 5356 1044 5424 exhibebant;
1081 5361 1143 5412 ut
1186 5362 1524 5428 praeteream
1585 5356 1980 5428 Pythagoreos
2003 5357 2103 5427 qui

504 5550 612 5622 ’(1)
649 5561 707 5636 ζει
743 5561 1003 5630 margine
1037 5579 1133 5636 γρ,
1183 5561 1632 5636 φροντιστήν.

536 5637 614 5710 γε)
647 5633 841 5686 Exstat
873 5632 1235 5704 proverbium
1267 5634 1414 5702 apud
1436 5636 1737 5688 Schottum
1766 5632 1851 5687 St.
1884 5634 1953 5686 64

2211 4643 2500 4722 βαρϐάρων
2544 4649 2746 4718 μόνων,
2797 4645 2943 4701 ἀλλὰ
2993 4648 3084 4700 καὶ
3133 4647 3348 4700 πάντων
3409 4645 3695 4716 Ἑλλήνων
3732 4643 3847 4698 ξινέ-

2213 4757 2410 4807 στησαν
2465 4737 2738 4808 τρόπαια’
2792 4730 3016 4812 φοϐεροὶ
3067 4733 3124 4788 δὲ
3174 4729 3371 4788 ἅπασιν
3421 4734 3581 4802 ἦσαν,
3630 4737 3738 4787 τῶν
3793 4733 3845 4784 δὲ

2210 4823 2496 4895 Ἑλλήνων
2537 4824 2625 4878 καὶ
2675 4825 2812 4878 κατᾶ
2853 4830 2954 4896 γῆν
2994 4824 3082 4877 καὶ
3129 4824 3265 4878 κατα
3313 4822 3583 4878 θάλατταν
3635 4822 3842 4896 ἦρχον·

2211 4913 2300 4968 καὶ
2359 4910 2556 4976 οὐδείς,
2617 4912 2690 4973 ὡς
2746 4912 2928 4976 εἰπεῖν,
2988 4914 3261 4989 αντισχεῖν
3317 4910 3564 4980 ἠδύνατ’
3613 4910 3796 4969 αὐτοῖς
3831 4924 3843 4937 ·

2211 5001 2401 5062 πάντες
2451 5002 2508 5055 δὲ
2559 4999 2634 5062 εἲς
2679 5001 2874 5061 αὐτοὺς
2933 5001 3008 5063 ὡς
3065 5000 3284 5062 κοινοὺς
3340 5007 3592 5074 σωτῆρας
3643 5000 3844 5073 ἑώρων,

2212 5090 2302 5146 καὶ
2351 5091 2578 5153 τούτους
2627 5089 2677 5144 ἐν
2722 5095 2836 5151 τοῖς
2882 5089 3174 5150 σγοπέλοις
3201 5097 3301 5158 τῆς
3346 5089 3523 5164 τύχης
3571 5089 3848 5142 ἐποιοῦντο

2213 5179 2547 5255 καταφυγὴν,
2581 5175 2669 5232 διὰ
2709 5179 2770 5232 τὸ
2816 5177 3012 5251 μόνους
3054 5183 3161 5232 τῶν
3213 5178 3428 5232 πάντων
3479 5179 3614 5249 μετᾶ
3660 5194 3848 5254 σοφιας

2212 5265 2430 5335 καὶτοῦ
2482 5265 2884 5340 λελογισμένως
2929 5273 3045 5329 τοῖς
3096 5267 3378 5342 πράγμασι
3431 5267 3670 5341 χρῆσθαι
3719 5261 3850 5335 πρός

2215 5355 2360 5412 ὅπλα
2411 5361 2640 5432 χωρεῖν,
2684 5357 2774 5412 καὶ
2824 5356 2949 5420 τοὺς
2999 5356 3218 5429 αὐτοὺς,
3266 5357 3338 5418 ὡς
3388 5359 3641 5430 Ὅμηρος
3689 5352 3850 5429 λέγει,

2287 5561 2369 5628 (3)
2390 5557 2714 5630 Euripides.
