  <div class='ocr_page' id='page_1' title='image "/cluster/home/n/w/nwhite01/storage/ocr_20150623/145/mdp.39015061167048/254.png"; bbox 0 0 4062 6308; ppageno 0'>
   <div class='ocr_carea' id='block_1_1' title="bbox 285 417 404 481">
    <p class='ocr_par' dir='ltr' id='par_1_1' title="bbox 285 417 404 481">
     <span class='ocr_line' id='line_1_1' title="bbox 285 417 404 481; baseline 0.017 -2"><span class='ocrx_word' id='word_1_1' title='bbox 285 417 404 481; x_wconf 69' lang='grc'>493</span> 
     </span>
    </p>
   </div>
   <div class='ocr_carea' id='block_1_2' title="bbox 1432 422 2542 487">
    <p class='ocr_par' dir='ltr' id='par_1_2' title="bbox 1432 422 2542 487">
     <span class='ocr_line' id='line_1_2' title="bbox 1432 422 2542 487; baseline -0.002 -5"><span class='ocrx_word' id='word_1_2' title='bbox 1432 422 1721 486; x_wconf 73' lang='lat' dir='ltr'><strong>ORATIO</strong></span> <span class='ocrx_word' id='word_1_3' title='bbox 1768 427 1868 486; x_wconf 90' lang='lat' dir='ltr'>DE</span> <span class='ocrx_word' id='word_1_4' title='bbox 1915 424 2142 487; x_wconf 83' lang='lat' dir='ltr'><strong>REGIS</strong></span> <span class='ocrx_word' id='word_1_5' title='bbox 2185 423 2542 484; x_wconf 80' lang='lat' dir='ltr'>OFFICIIS.</span> 
     </span>
    </p>
   </div>
   <div class='ocr_carea' id='block_1_3' title="bbox 3562 415 3679 474">
    <p class='ocr_par' dir='ltr' id='par_1_3' title="bbox 3562 415 3679 474">
     <span class='ocr_line' id='line_1_3' title="bbox 3562 415 3679 474; baseline 0 0"><span class='ocrx_word' id='word_1_6' title='bbox 3562 415 3679 474; x_wconf 59' lang='grc'>194</span> 
     </span>
    </p>
   </div>
   <div class='ocr_carea' id='block_1_4' title="bbox 291 549 1968 633">
    <p class='ocr_par' dir='ltr' id='par_1_4' title="bbox 291 553 1936 633">
     <span class='ocr_line' id='line_1_4' title="bbox 291 553 1936 633; baseline 0.001 -21"><span class='ocrx_word' id='word_1_7' title='bbox 291 559 522 612; x_wconf 76' lang='grc' dir='ltr'>Μόθων</span> <span class='ocrx_word' id='word_1_8' title='bbox 570 578 642 612; x_wconf 86' lang='grc' dir='ltr'>τε</span> <span class='ocrx_word' id='word_1_9' title='bbox 706 555 1000 632; x_wconf 80' lang='grc' dir='ltr'>ῥητῆρας</span> <span class='ocrx_word' id='word_1_10' title='bbox 1070 553 1350 628; x_wconf 79' lang='grc' dir='ltr'>ἔμμεναι</span> <span class='ocrx_word' id='word_1_11' title='bbox 1419 561 1813 633; x_wconf 82' lang='grc' dir='ltr'>πρηκτῆράς</span> <span class='ocrx_word' id='word_1_12' title='bbox 1877 564 1936 612; x_wconf 86' lang='grc' dir='ltr'>τ’</span> 
     </span>
    </p>
   </div>
   <div class='ocr_carea' id='block_1_5' title="bbox 2081 549 3682 633">
    <p class='ocr_par' dir='ltr' id='par_1_5' title="bbox 2081 549 3682 633">
     <span class='ocr_line' id='line_1_5' title="bbox 2081 549 3682 633; baseline -0.009 -15"><span class='ocrx_word' id='word_1_13' title='bbox 2081 562 2273 617; x_wconf 81' lang='lat' dir='ltr'><strong>taliam</strong></span> <span class='ocrx_word' id='word_1_14' title='bbox 2292 575 2565 633; x_wconf 81' lang='lat' dir='ltr'><strong>magnam</strong></span> <span class='ocrx_word' id='word_1_15' title='bbox 2588 562 2645 614; x_wconf 91' lang='lat' dir='ltr'>et</span> <span class='ocrx_word' id='word_1_16' title='bbox 2663 555 2940 614; x_wconf 64' lang='lat' dir='ltr'><strong>Graeciam</strong></span> <span class='ocrx_word' id='word_1_17' title='bbox 2958 555 3243 610; x_wconf 78' lang='lat' dir='ltr'>illustrem</span> <span class='ocrx_word' id='word_1_18' title='bbox 3268 549 3644 607; x_wconf 88' lang='lat' dir='ltr'><strong>reddiderunt</strong></span> <span class='ocrx_word' id='word_1_19' title='bbox 3667 566 3682 616; x_wconf 88' lang='lat'><strong>;</strong></span> 
     </span>
    </p>
   </div>
   <div class='ocr_carea' id='block_1_6' title="bbox 290 645 1938 722">
    <p class='ocr_par' dir='ltr' id='par_1_6' title="bbox 290 645 1938 722">
     <span class='ocr_line' id='line_1_6' title="bbox 290 645 1938 722; baseline 0.001 -22"><span class='ocrx_word' id='word_1_20' title='bbox 290 645 355 720; x_wconf 69' lang='grc' dir='ltr'>ἔρ</span> <span class='ocrx_word' id='word_1_21' title='bbox 371 648 702 722; x_wconf 83' lang='grc' dir='ltr'>γων.Ταῦτ’</span> <span class='ocrx_word' id='word_1_22' title='bbox 733 647 836 715; x_wconf 77' lang='grc' dir='ltr'>ἄρα</span> <span class='ocrx_word' id='word_1_23' title='bbox 866 646 1043 701; x_wconf 80' lang='grc' dir='ltr'>καὶτὸ</span> <span class='ocrx_word' id='word_1_24' title='bbox 1075 647 1373 720; x_wconf 80' lang='grc' dir='ltr'>λεγόμενον</span> <span class='ocrx_word' id='word_1_25' title='bbox 1405 651 1530 721; x_wconf 83' lang='grc' dir='ltr'>παρ’</span> <span class='ocrx_word' id='word_1_26' title='bbox 1549 649 1730 711; x_wconf 79' lang='grc' dir='ltr'>αὐτοῖς</span> <span class='ocrx_word' id='word_1_27' title='bbox 1757 648 1938 703; x_wconf 80' lang='grc' dir='ltr'>Έλεα·</span> 
     </span>
    </p>
   </div>
   <div class='ocr_carea' id='block_1_7' title="bbox 286 733 1936 812">
    <p class='ocr_par' dir='ltr' id='par_1_7' title="bbox 286 733 1936 812">
     <span class='ocr_line' id='line_1_7' title="bbox 286 733 1936 812; baseline 0.001 -22"><span class='ocrx_word' id='word_1_28' title='bbox 286 738 442 790; x_wconf 83' lang='grc' dir='ltr'>τικὸν</span> <span class='ocrx_word' id='word_1_29' title='bbox 470 735 670 807; x_wconf 77' lang='grc' dir='ltr'>ἀμέλει</span> <span class='ocrx_word' id='word_1_30' title='bbox 704 733 1080 790; x_wconf 74' lang='grc' dir='ltr'>διδασκαλεῖον</span> <span class='ocrx_word' id='word_1_31' title='bbox 1113 734 1297 812; x_wconf 89' lang='grc' dir='ltr'>λόγων</span> <span class='ocrx_word' id='word_1_32' title='bbox 1322 737 1434 809; x_wconf 75' lang='grc' dir='ltr'>ἅμα</span> <span class='ocrx_word' id='word_1_33' title='bbox 1457 739 1545 792; x_wconf 85' lang='grc' dir='ltr'>καὶ</span> <span class='ocrx_word' id='word_1_34' title='bbox 1564 737 1750 792; x_wconf 79' lang='grc' dir='ltr'>ὅπλων</span> <span class='ocrx_word' id='word_1_35' title='bbox 1774 738 1936 808; x_wconf 79' lang='grc' dir='ltr'>ἄσκη-</span> 
     </span>
    </p>
   </div>
   <div class='ocr_carea' id='block_1_8' title="bbox 291 823 1939 900">
    <p class='ocr_par' dir='ltr' id='par_1_8' title="bbox 291 823 1939 900">
     <span class='ocr_line' id='line_1_8' title="bbox 291 823 1939 900; baseline 0.002 -22"><span class='ocrx_word' id='word_1_36' title='bbox 291 847 374 887; x_wconf 81' lang='grc' dir='ltr'>σις</span> <span class='ocrx_word' id='word_1_37' title='bbox 423 825 528 893; x_wconf 71' lang='grc' dir='ltr'>ἧν*</span> <span class='ocrx_word' id='word_1_38' title='bbox 559 823 648 878; x_wconf 72' lang='grc' dir='ltr'>ἵνα</span> <span class='ocrx_word' id='word_1_39' title='bbox 699 823 758 879; x_wconf 74' lang='grc' dir='ltr'>δὲ</span> <span class='ocrx_word' id='word_1_40' title='bbox 813 827 946 897; x_wconf 87' lang='grc' dir='ltr'>μετά</span> <span class='ocrx_word' id='word_1_41' title='bbox 993 824 1424 898; x_wconf 77' lang='grc' dir='ltr'>Θεμιστοκλέους</span> <span class='ocrx_word' id='word_1_42' title='bbox 1472 827 1562 880; x_wconf 84' lang='grc' dir='ltr'>καὶ</span> <span class='ocrx_word' id='word_1_43' title='bbox 1615 827 1939 900; x_wconf 77' lang='grc' dir='ltr'>Περικλέους</span> 
     </span>
    </p>
   </div>
   <div class='ocr_carea' id='block_1_9' title="bbox 291 912 1936 988">
    <p class='ocr_par' dir='ltr' id='par_1_9' title="bbox 291 912 1936 988">
     <span class='ocr_line' id='line_1_9' title="bbox 291 912 1936 988; baseline 0.002 -21"><span class='ocrx_word' id='word_1_44' title='bbox 291 915 383 968; x_wconf 82' lang='grc' dir='ltr'>καὶ</span> <span class='ocrx_word' id='word_1_45' title='bbox 445 912 753 971; x_wconf 76' lang='grc' dir='ltr'>Μιλτιάδου</span> <span class='ocrx_word' id='word_1_46' title='bbox 813 916 904 969; x_wconf 84' lang='grc' dir='ltr'>καὶ</span> <span class='ocrx_word' id='word_1_47' title='bbox 958 915 1216 988; x_wconf 82' lang='grc' dir='ltr'>Κίμωνος</span> <span class='ocrx_word' id='word_1_48' title='bbox 1274 916 1362 970; x_wconf 79' lang='grc' dir='ltr'>καὶ</span> <span class='ocrx_word' id='word_1_49' title='bbox 1418 921 1525 971; x_wconf 79' lang='grc' dir='ltr'>τῶν</span> <span class='ocrx_word' id='word_1_50' title='bbox 1556 915 1742 971; x_wconf 70' lang='grc' dir='ltr'>ἄλλων</span> <span class='ocrx_word' id='word_1_51' title='bbox 1771 920 1936 971; x_wconf 70' lang='grc' dir='ltr'>ἀπαν-</span> 
     </span>
    </p>
   </div>
   <div class='ocr_carea' id='block_1_10' title="bbox 293 1005 1938 1080">
    <p class='ocr_par' dir='ltr' id='par_1_10' title="bbox 293 1005 1938 1080">
     <span class='ocr_line' id='line_1_10' title="bbox 293 1005 1938 1080; baseline 0.001 -23"><span class='ocrx_word' id='word_1_52' title='bbox 293 1025 404 1057; x_wconf 85' lang='grc' dir='ltr'>των</span> <span class='ocrx_word' id='word_1_53' title='bbox 464 1008 782 1079; x_wconf 77' lang='grc' dir='ltr'>στρατηγῶν</span> <span class='ocrx_word' id='word_1_54' title='bbox 856 1005 948 1058; x_wconf 82' lang='grc' dir='ltr'>καὶ</span> <span class='ocrx_word' id='word_1_55' title='bbox 1003 1005 1276 1080; x_wconf 83' lang='grc' dir='ltr'>ῥητόρων,</span> <span class='ocrx_word' id='word_1_56' title='bbox 1334 1005 1386 1058; x_wconf 86' lang='grc' dir='ltr'>οἳ</span> <span class='ocrx_word' id='word_1_57' title='bbox 1442 1006 1531 1060; x_wconf 83' lang='grc' dir='ltr'>καὶ</span> <span class='ocrx_word' id='word_1_58' title='bbox 1589 1009 1688 1074; x_wconf 79' lang='grc' dir='ltr'>τήν</span> <span class='ocrx_word' id='word_1_59' title='bbox 1745 1006 1938 1080; x_wconf 66' lang='grc' dir='ltr'>ἀρετὴν</span> 
     </span>
    </p>
   </div>
   <div class='ocr_carea' id='block_1_11' title="bbox 301 1090 1945 1169">
    <p class='ocr_par' dir='ltr' id='par_1_11' title="bbox 301 1090 1945 1169">
     <span class='ocr_line' id='line_1_11' title="bbox 301 1090 1945 1169; baseline 0.001 -22"><span class='ocrx_word' id='word_1_60' title='bbox 301 1095 438 1166; x_wconf 75' lang='grc' dir='ltr'>ὑπὲρ</span> <span class='ocrx_word' id='word_1_61' title='bbox 463 1090 679 1148; x_wconf 83' lang='grc' dir='ltr'>ἔπαινον</span> <span class='ocrx_word' id='word_1_62' title='bbox 711 1094 890 1168; x_wconf 85' lang='grc' dir='ltr'>εἶχον,</span> <span class='ocrx_word' id='word_1_63' title='bbox 920 1093 1011 1148; x_wconf 85' lang='grc' dir='ltr'>καὶ</span> <span class='ocrx_word' id='word_1_64' title='bbox 1058 1096 1217 1166; x_wconf 86' lang='grc' dir='ltr'>μόνοι</span> <span class='ocrx_word' id='word_1_65' title='bbox 1263 1099 1380 1156; x_wconf 90' lang='grc' dir='ltr'>τοῖς</span> <span class='ocrx_word' id='word_1_66' title='bbox 1439 1093 1631 1156; x_wconf 83' lang='grc' dir='ltr'>ἄλλοις</span> <span class='ocrx_word' id='word_1_67' title='bbox 1679 1095 1945 1169; x_wconf 74' lang='grc' dir='ltr'>εὐψυχίας</span> 
     </span>
    </p>
   </div>
   <div class='ocr_carea' id='block_1_12' title="bbox 295 1179 1945 1260">
    <p class='ocr_par' dir='ltr' id='par_1_12' title="bbox 295 1179 1945 1260">
     <span class='ocr_line' id='line_1_12' title="bbox 295 1179 1945 1260; baseline 0.002 -26"><span class='ocrx_word' id='word_1_68' title='bbox 295 1183 434 1250; x_wconf 74' lang='grc' dir='ltr'>ἦσαν</span> <span class='ocrx_word' id='word_1_69' title='bbox 483 1179 850 1257; x_wconf 71' lang='grc' dir='ltr'>παράδειγμα,</span> <span class='ocrx_word' id='word_1_70' title='bbox 899 1183 990 1236; x_wconf 83' lang='grc' dir='ltr'>καὶ</span> <span class='ocrx_word' id='word_1_71' title='bbox 1048 1182 1175 1246; x_wconf 81' lang='grc' dir='ltr'>τοὺς</span> <span class='ocrx_word' id='word_1_72' title='bbox 1234 1180 1530 1254; x_wconf 83' lang='grc' dir='ltr'>εὐδαίμονα</span> <span class='ocrx_word' id='word_1_73' title='bbox 1557 1185 1658 1252; x_wconf 77' lang='grc' dir='ltr'>τὴν</span> <span class='ocrx_word' id='word_1_74' title='bbox 1692 1184 1945 1260; x_wconf 64' lang='grc' dir='ltr'>Ἰταλίαν,</span> 
     </span>
    </p>
   </div>
   <div class='ocr_carea' id='block_1_13' title="bbox 298 1267 1948 1343">
    <p class='ocr_par' dir='ltr' id='par_1_13' title="bbox 298 1267 1948 1343">
     <span class='ocr_line' id='line_1_13' title="bbox 298 1267 1948 1343; baseline 0.001 -21"><span class='ocrx_word' id='word_1_75' title='bbox 298 1271 398 1336; x_wconf 72' lang='grc' dir='ltr'>τὴν</span> <span class='ocrx_word' id='word_1_76' title='bbox 458 1269 552 1323; x_wconf 81' lang='grc' dir='ltr'>καὶ</span> <span class='ocrx_word' id='word_1_77' title='bbox 616 1268 860 1343; x_wconf 79' lang='grc' dir='ltr'>μεγάλην</span> <span class='ocrx_word' id='word_1_78' title='bbox 920 1267 1360 1342; x_wconf 79' lang='grc' dir='ltr'>ἐπικεκλημένην</span> <span class='ocrx_word' id='word_1_79' title='bbox 1419 1268 1682 1339; x_wconf 83' lang='grc' dir='ltr'>Ἑλλάδα,</span> <span class='ocrx_word' id='word_1_80' title='bbox 1743 1268 1811 1324; x_wconf 82' lang='grc' dir='ltr'>δι’</span> <span class='ocrx_word' id='word_1_81' title='bbox 1875 1269 1948 1323; x_wconf 84' lang='grc' dir='ltr'>ὦν</span> 
     </span>
    </p>
   </div>
   <div class='ocr_carea' id='block_1_14' title="bbox 301 1355 1948 1437">
    <p class='ocr_par' dir='ltr' id='par_1_14' title="bbox 301 1355 1948 1437">
     <span class='ocr_line' id='line_1_14' title="bbox 301 1355 1948 1437; baseline 0.001 -25"><span class='ocrx_word' id='word_1_82' title='bbox 301 1355 688 1413; x_wconf 82' lang='grc' dir='ltr'>ἐπολιτεύοντό</span> <span class='ocrx_word' id='word_1_83' title='bbox 718 1378 776 1412; x_wconf 89' lang='grc' dir='ltr'>τε</span> <span class='ocrx_word' id='word_1_84' title='bbox 819 1359 906 1412; x_wconf 83' lang='grc' dir='ltr'>καὶ</span> <span class='ocrx_word' id='word_1_85' title='bbox 958 1356 1325 1434; x_wconf 71' lang='grc' dir='ltr'>ἐστρατήγουν</span> <span class='ocrx_word' id='word_1_86' title='bbox 1363 1357 1540 1413; x_wconf 84' lang='grc' dir='ltr'>πολὺν</span> <span class='ocrx_word' id='word_1_87' title='bbox 1585 1357 1692 1428; x_wconf 82' lang='grc' dir='ltr'>ἤδη</span> <span class='ocrx_word' id='word_1_88' title='bbox 1745 1359 1948 1437; x_wconf 80' lang='grc' dir='ltr'>χρόνον</span> 
     </span>
    </p>
   </div>
   <div class='ocr_carea' id='block_1_15' title="bbox 301 1447 1951 1522">
    <p class='ocr_par' dir='ltr' id='par_1_15' title="bbox 301 1447 1951 1522">
     <span class='ocr_line' id='line_1_15' title="bbox 301 1447 1951 1522; baseline 0.001 -21"><span class='ocrx_word' id='word_1_89' title='bbox 301 1448 678 1516; x_wconf 80' lang='grc' dir='ltr'>πεποιηκότας</span> <span class='ocrx_word' id='word_1_90' title='bbox 734 1447 1133 1520; x_wconf 79' lang='grc' dir='ltr'>Πυθαγορείους</span> <span class='ocrx_word' id='word_1_91' title='bbox 1177 1451 1357 1522; x_wconf 82' lang='grc' dir='ltr'>παρῶ,</span> <span class='ocrx_word' id='word_1_92' title='bbox 1387 1448 1471 1509; x_wconf 86' lang='grc' dir='ltr'>τίς</span> <span class='ocrx_word' id='word_1_93' title='bbox 1515 1447 1613 1503; x_wconf 82' lang='grc' dir='ltr'>οὐκ</span> <span class='ocrx_word' id='word_1_94' title='bbox 1662 1447 1776 1503; x_wconf 80' lang='grc' dir='ltr'>οἶδε</span> <span class='ocrx_word' id='word_1_95' title='bbox 1822 1470 1951 1511; x_wconf 90' lang='grc' dir='ltr'>τους</span> 
     </span>
    </p>
   </div>
   <div class='ocr_carea' id='block_1_16' title="bbox 303 1534 1952 1610">
    <p class='ocr_par' dir='ltr' id='par_1_16' title="bbox 303 1534 1952 1610">
     <span class='ocr_line' id='line_1_16' title="bbox 303 1534 1952 1610; baseline 0 -20"><span class='ocrx_word' id='word_1_96' title='bbox 303 1536 605 1610; x_wconf 82' lang='grc' dir='ltr'>ἀπογόνους</span> <span class='ocrx_word' id='word_1_97' title='bbox 655 1534 895 1602; x_wconf 79' lang='grc' dir='ltr'>Αίνείου,</span> <span class='ocrx_word' id='word_1_98' title='bbox 940 1540 1019 1607; x_wconf 84' lang='grc' dir='ltr'>τῷ</span> <span class='ocrx_word' id='word_1_99' title='bbox 1074 1534 1261 1609; x_wconf 88' lang='grc' dir='ltr'>λόγοις</span> <span class='ocrx_word' id='word_1_100' title='bbox 1303 1536 1392 1590; x_wconf 81' lang='grc' dir='ltr'>καὶ</span> <span class='ocrx_word' id='word_1_101' title='bbox 1452 1536 1647 1598; x_wconf 77' lang='grc' dir='ltr'>ὅπλοις</span> <span class='ocrx_word' id='word_1_102' title='bbox 1697 1537 1952 1598; x_wconf 80' lang='grc' dir='ltr'>ἐπιεικῶς</span> 
     </span>
    </p>
   </div>
   <div class='ocr_carea' id='block_1_17' title="bbox 307 1621 1952 1702">
    <p class='ocr_par' dir='ltr' id='par_1_17' title="bbox 307 1621 1952 1702">
     <span class='ocr_line' id='line_1_17' title="bbox 307 1621 1952 1702; baseline 0 -23"><span class='ocrx_word' id='word_1_103' title='bbox 307 1625 659 1697; x_wconf 79' lang='grc' dir='ltr'>ἐξηρτῆσθαι,</span> <span class='ocrx_word' id='word_1_104' title='bbox 689 1622 773 1701; x_wconf 67' lang='grc' dir='ltr'>ἐφ’</span> <span class='ocrx_word' id='word_1_105' title='bbox 801 1623 945 1678; x_wconf 76' lang='grc' dir='ltr'>οὕτω</span> <span class='ocrx_word' id='word_1_106' title='bbox 973 1645 1027 1678; x_wconf 92' lang='grc' dir='ltr'>τι</span> <span class='ocrx_word' id='word_1_107' title='bbox 1059 1621 1219 1697; x_wconf 78' lang='grc' dir='ltr'>δόξης</span> <span class='ocrx_word' id='word_1_108' title='bbox 1249 1626 1342 1679; x_wconf 83' lang='grc' dir='ltr'>καὶ</span> <span class='ocrx_word' id='word_1_109' title='bbox 1403 1626 1596 1699; x_wconf 79' lang='grc' dir='ltr'>ῥώμης</span> <span class='ocrx_word' id='word_1_110' title='bbox 1643 1628 1733 1682; x_wconf 87' lang='grc' dir='ltr'>καὶ</span> <span class='ocrx_word' id='word_1_111' title='bbox 1775 1628 1952 1702; x_wconf 90' lang='grc' dir='ltr'>τύχης</span> 
     </span>
    </p>
   </div>
   <div class='ocr_carea' id='block_1_18' title="bbox 306 1713 1956 1790">
    <p class='ocr_par' dir='ltr' id='par_1_18' title="bbox 306 1713 1956 1790">
     <span class='ocr_line' id='line_1_18' title="bbox 306 1713 1956 1790; baseline 0.001 -22"><span class='ocrx_word' id='word_1_112' title='bbox 306 1714 397 1768; x_wconf 84' lang='grc' dir='ltr'>καὶ</span> <span class='ocrx_word' id='word_1_113' title='bbox 448 1718 548 1769; x_wconf 86' lang='grc' dir='ltr'>τοῦ</span> <span class='ocrx_word' id='word_1_114' title='bbox 607 1713 913 1768; x_wconf 73' lang='grc' dir='ltr'>παντάπασι</span> <span class='ocrx_word' id='word_1_115' title='bbox 970 1713 1186 1768; x_wconf 82' lang='grc' dir='ltr'>πάντων</span> <span class='ocrx_word' id='word_1_116' title='bbox 1236 1713 1290 1768; x_wconf 79' lang='grc' dir='ltr'><strong>ἐν</strong></span> <span class='ocrx_word' id='word_1_117' title='bbox 1346 1720 1475 1769; x_wconf 78' lang='grc' dir='ltr'>πᾶσι</span> <span class='ocrx_word' id='word_1_118' title='bbox 1523 1722 1738 1790; x_wconf 81' lang='grc' dir='ltr'>κρατεῖν</span> <span class='ocrx_word' id='word_1_119' title='bbox 1789 1715 1956 1782; x_wconf 73' lang='grc' dir='ltr'>ἥκον-</span> 
     </span>
    </p>
   </div>
   <div class='ocr_carea' id='block_1_19' title="bbox 302 1801 1955 1878">
    <p class='ocr_par' dir='ltr' id='par_1_19' title="bbox 302 1801 1955 1878">
     <span class='ocr_line' id='line_1_19' title="bbox 302 1801 1955 1878; baseline 0.001 -21"><span class='ocrx_word' id='word_1_120' title='bbox 302 1823 425 1870; x_wconf 90' lang='grc' dir='ltr'>τας,</span> <span class='ocrx_word' id='word_1_121' title='bbox 480 1803 556 1865; x_wconf 82' lang='grc' dir='ltr'>ὡς</span> <span class='ocrx_word' id='word_1_122' title='bbox 611 1802 703 1856; x_wconf 83' lang='grc' dir='ltr'>καὶ</span> <span class='ocrx_word' id='word_1_123' title='bbox 763 1808 863 1870; x_wconf 85' lang='grc' dir='ltr'>τῆς</span> <span class='ocrx_word' id='word_1_124' title='bbox 941 1801 1270 1874; x_wconf 78' lang='grc' dir='ltr'>οἰκουμένης</span> <span class='ocrx_word' id='word_1_125' title='bbox 1346 1803 1559 1872; x_wconf 77' lang='grc' dir='ltr'>ἀπάσης</span> <span class='ocrx_word' id='word_1_126' title='bbox 1634 1806 1955 1878; x_wconf 78' lang='grc' dir='ltr'>γεγενῆσθαι</span> 
     </span>
    </p>
   </div>
   <div class='ocr_carea' id='block_1_20' title="bbox 306 1888 2033 1982">
    <p class='ocr_par' dir='ltr' id='par_1_20' title="bbox 306 1888 2033 1982">
     <span class='ocr_line' id='line_1_20' title="bbox 306 1888 2033 1982; baseline 0.001 -37"><span class='ocrx_word' id='word_1_127' title='bbox 306 1891 562 1964; x_wconf 73' lang='grc' dir='ltr'>κυρίουςς</span> <span class='ocrx_word' id='word_1_128' title='bbox 600 1891 661 1946; x_wconf 87' lang='grc' dir='ltr'><strong>Εἰ</strong></span> <span class='ocrx_word' id='word_1_129' title='bbox 696 1888 742 1944; x_wconf 84' lang='grc' dir='ltr'>δ’</span> <span class='ocrx_word' id='word_1_130' title='bbox 773 1891 1012 1964; x_wconf 79' lang='grc' dir='ltr'>εὐψυχία</span> <span class='ocrx_word' id='word_1_131' title='bbox 1068 1891 1159 1946; x_wconf 86' lang='grc' dir='ltr'>καὶ</span> <span class='ocrx_word' id='word_1_132' title='bbox 1209 1890 1372 1966; x_wconf 89' lang='grc' dir='ltr'>λόγοι</span> <span class='ocrx_word' id='word_1_133' title='bbox 1417 1897 1647 1948; x_wconf 82' lang='grc' dir='ltr'>τοσοῦτο</span> <span class='ocrx_word' id='word_1_134' title='bbox 1679 1891 1953 1960; x_wconf 82' lang='grc' dir='ltr'>δύνανται,</span> <span class='ocrx_word' id='word_1_135' title='bbox 1986 1916 2033 1982; x_wconf 75' lang='grc' dir='ltr'>Β</span> 
     </span>
    </p>
   </div>
   <div class='ocr_carea' id='block_1_21' title="bbox 306 1977 1954 2058">
    <p class='ocr_par' dir='ltr' id='par_1_21' title="bbox 306 1977 1954 2058">
     <span class='ocr_line' id='line_1_21' title="bbox 306 1977 1954 2058; baseline 0.002 -24"><span class='ocrx_word' id='word_1_136' title='bbox 306 1981 397 2034; x_wconf 86' lang='grc' dir='ltr'>καὶ</span> <span class='ocrx_word' id='word_1_137' title='bbox 431 1979 576 2034; x_wconf 77' lang='grc' dir='ltr'>οὕτω</span> <span class='ocrx_word' id='word_1_138' title='bbox 627 1979 978 2051; x_wconf 76' lang='grc' dir='ltr'>θαυμαστοὺς</span> <span class='ocrx_word' id='word_1_139' title='bbox 1025 1977 1382 2058; x_wconf 73' lang='grc' dir='ltr'>ἀποφαίνουσι</span> <span class='ocrx_word' id='word_1_140' title='bbox 1432 1983 1558 2043; x_wconf 85' lang='grc' dir='ltr'>τοὺς</span> <span class='ocrx_word' id='word_1_141' title='bbox 1608 1983 1954 2057; x_wconf 85' lang='grc' dir='ltr'>χρωμένους,</span> 
     </span>
    </p>
   </div>
   <div class='ocr_carea' id='block_1_22' title="bbox 306 2066 1957 2143">
    <p class='ocr_par' dir='ltr' id='par_1_22' title="bbox 306 2066 1957 2143">
     <span class='ocr_line' id='line_1_22' title="bbox 306 2066 1957 2143; baseline 0.002 -21"><span class='ocrx_word' id='word_1_142' title='bbox 306 2067 509 2136; x_wconf 72' lang='grc' dir='ltr'>ἡλίκον</span> <span class='ocrx_word' id='word_1_143' title='bbox 553 2068 616 2122; x_wconf 81' lang='grc' dir='ltr'>ἂν</span> <span class='ocrx_word' id='word_1_144' title='bbox 667 2066 754 2138; x_wconf 80' lang='grc' dir='ltr'>ε’ίη</span> <span class='ocrx_word' id='word_1_145' title='bbox 809 2075 1006 2143; x_wconf 84' lang='grc' dir='ltr'>χρῆμα</span> <span class='ocrx_word' id='word_1_146' title='bbox 1061 2068 1236 2123; x_wconf 81' lang='grc' dir='ltr'>αὐτῶν</span> <span class='ocrx_word' id='word_1_147' title='bbox 1279 2091 1338 2125; x_wconf 89' lang='grc' dir='ltr'>τε</span> <span class='ocrx_word' id='word_1_148' title='bbox 1382 2071 1588 2126; x_wconf 86' lang='grc' dir='ltr'>τούτων</span> <span class='ocrx_word' id='word_1_149' title='bbox 1622 2072 1708 2126; x_wconf 85' lang='grc' dir='ltr'>καί</span> <span class='ocrx_word' id='word_1_150' title='bbox 1741 2073 1957 2127; x_wconf 76' lang='grc' dir='ltr'>πάντων</span> 
     </span>
    </p>
   </div>
   <div class='ocr_carea' id='block_1_23' title="bbox 308 2155 1409 2235">
    <p class='ocr_par' dir='ltr' id='par_1_23' title="bbox 308 2155 1409 2235">
     <span class='ocr_line' id='line_1_23' title="bbox 308 2155 1409 2235; baseline 0.003 -24"><span class='ocrx_word' id='word_1_151' title='bbox 308 2159 386 2212; x_wconf 88' lang='grc' dir='ltr'>ὧν</span> <span class='ocrx_word' id='word_1_152' title='bbox 499 2157 679 2230; x_wconf 76' lang='grc' dir='ltr'>ἀρχῆς</span> <span class='ocrx_word' id='word_1_153' title='bbox 705 2155 860 2235; x_wconf 75' lang='grc' dir='ltr'>ἔφην,</span> <span class='ocrx_word' id='word_1_154' title='bbox 904 2159 1046 2230; x_wconf 80' lang='grc' dir='ltr'>ὁμοῦ</span> <span class='ocrx_word' id='word_1_155' title='bbox 1077 2158 1369 2214; x_wconf 88' lang='grc' dir='ltr'>συνιόντων</span> <span class='ocrx_word' id='word_1_156' title='bbox 1395 2178 1409 2229; x_wconf 88' lang='grc'>;</span> 
     </span>
    </p>
   </div>
   <div class='ocr_carea' id='block_1_24' title="bbox 378 2242 1958 2323">
    <p class='ocr_par' dir='ltr' id='par_1_24' title="bbox 378 2242 1958 2323">
     <span class='ocr_line' id='line_1_24' title="bbox 378 2242 1958 2323; baseline 0.001 -22"><span class='ocrx_word' id='word_1_157' title='bbox 378 2249 486 2302; x_wconf 84' lang='grc' dir='ltr'>κθ’.</span> <span class='ocrx_word' id='word_1_158' title='bbox 522 2251 614 2300; x_wconf 86' lang='grc' dir='ltr'>Δεῖ</span> <span class='ocrx_word' id='word_1_159' title='bbox 661 2242 727 2314; x_wconf 82' lang='grc' dir='ltr'>δή</span> <span class='ocrx_word' id='word_1_160' title='bbox 777 2267 861 2300; x_wconf 90' lang='grc' dir='ltr'>σοι</span> <span class='ocrx_word' id='word_1_161' title='bbox 915 2244 1098 2321; x_wconf 89' lang='grc' dir='ltr'>λόγων</span> <span class='ocrx_word' id='word_1_162' title='bbox 1151 2246 1389 2320; x_wconf 80' lang='grc' dir='ltr'>μάλιστα</span> <span class='ocrx_word' id='word_1_163' title='bbox 1436 2251 1671 2316; x_wconf 75' lang='grc' dir='ltr'>πάντων,</span> <span class='ocrx_word' id='word_1_164' title='bbox 1708 2249 1752 2304; x_wconf 87' lang='grc' dir='ltr'>ὦ</span> <span class='ocrx_word' id='word_1_165' title='bbox 1804 2252 1958 2323; x_wconf 87' lang='grc' dir='ltr'>βασι-</span> 
     </span>
    </p>
   </div>
   <div class='ocr_carea' id='block_1_25' title="bbox 311 2333 1956 2412">
    <p class='ocr_par' dir='ltr' id='par_1_25' title="bbox 311 2333 1956 2412">
     <span class='ocr_line' id='line_1_25' title="bbox 311 2333 1956 2412; baseline 0.001 -24"><span class='ocrx_word' id='word_1_166' title='bbox 311 2335 434 2402; x_wconf 82' lang='grc' dir='ltr'>λεῦ,</span> <span class='ocrx_word' id='word_1_167' title='bbox 464 2333 681 2407; x_wconf 77' lang='grc' dir='ltr'>μᾶλλον</span> <span class='ocrx_word' id='word_1_168' title='bbox 713 2333 769 2388; x_wconf 72' lang='grc' dir='ltr'>δὲ</span> <span class='ocrx_word' id='word_1_169' title='bbox 802 2337 935 2407; x_wconf 84' lang='grc' dir='ltr'>μετὰ</span> <span class='ocrx_word' id='word_1_170' title='bbox 983 2336 1196 2390; x_wconf 83' lang='grc' dir='ltr'>πάντων</span> <span class='ocrx_word' id='word_1_171' title='bbox 1240 2342 1347 2391; x_wconf 84' lang='grc' dir='ltr'>τῶν</span> <span class='ocrx_word' id='word_1_172' title='bbox 1401 2337 1588 2392; x_wconf 72' lang='grc' dir='ltr'>ἄλλων</span> <span class='ocrx_word' id='word_1_173' title='bbox 1631 2341 1717 2392; x_wconf 83' lang='grc' dir='ltr'>καὶ</span> <span class='ocrx_word' id='word_1_174' title='bbox 1773 2339 1956 2412; x_wconf 90' lang='grc' dir='ltr'>λόγων</span> 
     </span>
    </p>
   </div>
   <div class='ocr_carea' id='block_1_26' title="bbox 308 2421 1962 2496">
    <p class='ocr_par' dir='ltr' id='par_1_26' title="bbox 308 2421 1962 2496">
     <span class='ocr_line' id='line_1_26' title="bbox 308 2421 1962 2496; baseline 0.002 -19"><span class='ocrx_word' id='word_1_175' title='bbox 308 2425 361 2496; x_wconf 72' lang='grc' dir='ltr'>ἐξ</span> <span class='ocrx_word' id='word_1_176' title='bbox 412 2425 658 2496; x_wconf 74' lang='grc' dir='ltr'>ἀνάγκης</span> <span class='ocrx_word' id='word_1_177' title='bbox 703 2444 787 2477; x_wconf 88' lang='grc' dir='ltr'>σοι</span> <span class='ocrx_word' id='word_1_178' title='bbox 837 2421 940 2492; x_wconf 89' lang='grc' dir='ltr'>δεῖ,</span> <span class='ocrx_word' id='word_1_179' title='bbox 968 2424 1042 2485; x_wconf 85' lang='grc' dir='ltr'>ὡς</span> <span class='ocrx_word' id='word_1_180' title='bbox 1099 2425 1267 2496; x_wconf 78' lang='grc' dir='ltr'>μόνην</span> <span class='ocrx_word' id='word_1_181' title='bbox 1312 2426 1511 2495; x_wconf 86' lang='grc' dir='ltr'>ταύτην</span> <span class='ocrx_word' id='word_1_182' title='bbox 1565 2426 1724 2481; x_wconf 81' lang='grc' dir='ltr'>οὖσαν</span> <span class='ocrx_word' id='word_1_183' title='bbox 1769 2426 1962 2482; x_wconf 88' lang='grc' dir='ltr'>καλλί-</span> 
     </span>
    </p>
   </div>
   <div class='ocr_carea' id='block_1_27' title="bbox 313 2510 1960 2590">
    <p class='ocr_par' dir='ltr' id='par_1_27' title="bbox 313 2510 1960 2590">
     <span class='ocr_line' id='line_1_27' title="bbox 313 2510 1960 2590; baseline 0.001 -22"><span class='ocrx_word' id='word_1_184' title='bbox 313 2534 448 2582; x_wconf 78' lang='grc' dir='ltr'>στην</span> <span class='ocrx_word' id='word_1_185' title='bbox 501 2513 593 2566; x_wconf 77' lang='grc' dir='ltr'>καὶ</span> <span class='ocrx_word' id='word_1_186' title='bbox 653 2510 994 2582; x_wconf 85' lang='grc' dir='ltr'>τελεωτάτην</span> <span class='ocrx_word' id='word_1_187' title='bbox 1053 2515 1141 2567; x_wconf 75' lang='grc' dir='ltr'>καὶ</span> <span class='ocrx_word' id='word_1_188' title='bbox 1193 2513 1280 2568; x_wconf 84' lang='grc' dir='ltr'>διὰ</span> <span class='ocrx_word' id='word_1_189' title='bbox 1329 2521 1513 2569; x_wconf 86' lang='grc' dir='ltr'>πασῶν</span> <span class='ocrx_word' id='word_1_190' title='bbox 1543 2517 1616 2578; x_wconf 87' lang='grc' dir='ltr'>ὡς</span> <span class='ocrx_word' id='word_1_191' title='bbox 1650 2517 1816 2571; x_wconf 83' lang='grc' dir='ltr'>εἰπεῖν</span> <span class='ocrx_word' id='word_1_192' title='bbox 1856 2518 1960 2590; x_wconf 73' lang='grc' dir='ltr'>ἀρ-</span> 
     </span>
    </p>
   </div>
   <div class='ocr_carea' id='block_1_28' title="bbox 320 2599 1961 2678">
    <p class='ocr_par' dir='ltr' id='par_1_28' title="bbox 320 2599 1961 2678">
     <span class='ocr_line' id='line_1_28' title="bbox 320 2599 1961 2678; baseline 0.003 -23"><span class='ocrx_word' id='word_1_193' title='bbox 320 2603 514 2674; x_wconf 87' lang='grc' dir='ltr'>μονίαν</span> <span class='ocrx_word' id='word_1_194' title='bbox 543 2618 557 2631; x_wconf 84' lang='lat'><strong><em>°</em></strong></span> <span class='ocrx_word' id='word_1_195' title='bbox 590 2601 785 2676; x_wconf 66' lang='grc' dir='ltr'>φθόνον</span> <span class='ocrx_word' id='word_1_196' title='bbox 834 2599 891 2655; x_wconf 79' lang='grc' dir='ltr'>δὲ</span> <span class='ocrx_word' id='word_1_197' title='bbox 941 2601 986 2655; x_wconf 84' lang='grc' dir='ltr'>εἰ</span> <span class='ocrx_word' id='word_1_198' title='bbox 1043 2603 1136 2673; x_wconf 75' lang='grc' dir='ltr'>μὲν</span> <span class='ocrx_word' id='word_1_199' title='bbox 1189 2603 1393 2674; x_wconf 75' lang='grc' dir='ltr'>μηδένα</span> <span class='ocrx_word' id='word_1_200' title='bbox 1432 2605 1578 2678; x_wconf 85' lang='grc' dir='ltr'>παρά</span> <span class='ocrx_word' id='word_1_201' title='bbox 1612 2603 1842 2677; x_wconf 86' lang='grc' dir='ltr'>μηδενὸς</span> <span class='ocrx_word' id='word_1_202' title='bbox 1874 2605 1961 2660; x_wconf 82' lang='grc' dir='ltr'>ἐπὶ</span> 
     </span>
    </p>
   </div>
   <div class='ocr_carea' id='block_1_29' title="bbox 319 2691 1964 2769">
    <p class='ocr_par' dir='ltr' id='par_1_29' title="bbox 319 2691 1964 2769">
     <span class='ocr_line' id='line_1_29' title="bbox 319 2691 1964 2769; baseline 0.002 -24"><span class='ocrx_word' id='word_1_203' title='bbox 319 2699 449 2746; x_wconf 72' lang='grc' dir='ltr'>πᾶσι</span> <span class='ocrx_word' id='word_1_204' title='bbox 478 2693 723 2759; x_wconf 80' lang='grc' dir='ltr'>τούτοις,</span> <span class='ocrx_word' id='word_1_205' title='bbox 758 2692 802 2745; x_wconf 84' lang='grc' dir='ltr'><em>ὡ</em></span> <span class='ocrx_word' id='word_1_206' title='bbox 837 2691 1082 2766; x_wconf 74' lang='grc' dir='ltr'>βασιλεῦ,</span> <span class='ocrx_word' id='word_1_207' title='bbox 1125 2692 1331 2748; x_wconf 83' lang='grc' dir='ltr'>ἔσεσθαί</span> <span class='ocrx_word' id='word_1_208' title='bbox 1385 2715 1467 2748; x_wconf 89' lang='grc' dir='ltr'>σοι</span> <span class='ocrx_word' id='word_1_209' title='bbox 1517 2698 1781 2768; x_wconf 84' lang='grc' dir='ltr'>νομίζεις,</span> <span class='ocrx_word' id='word_1_210' title='bbox 1812 2699 1964 2769; x_wconf 82' lang='grc' dir='ltr'>πρῶ-</span> 
     </span>
    </p>
   </div>
   <div class='ocr_carea' id='block_1_30' title="bbox 331 2780 1965 2855">
    <p class='ocr_par' dir='ltr' id='par_1_30' title="bbox 331 2780 1965 2855">
     <span class='ocr_line' id='line_1_30' title="bbox 331 2780 1965 2855; baseline 0.002 -22"><span class='ocrx_word' id='word_1_211' title='bbox 331 2801 423 2834; x_wconf 86' lang='grc' dir='ltr'>τον</span> <span class='ocrx_word' id='word_1_212' title='bbox 457 2782 544 2851; x_wconf 72' lang='grc' dir='ltr'>μὲν</span> <span class='ocrx_word' id='word_1_213' title='bbox 597 2780 661 2835; x_wconf 82' lang='grc' dir='ltr'>οὐ</span> <span class='ocrx_word' id='word_1_214' title='bbox 708 2783 776 2836; x_wconf 74' lang='grc' dir='ltr'>τὰ</span> <span class='ocrx_word' id='word_1_215' title='bbox 817 2784 1165 2855; x_wconf 73' lang='grc' dir='ltr'>προσήκοντα</span> <span class='ocrx_word' id='word_1_216' title='bbox 1207 2781 1336 2851; x_wconf 77' lang='grc' dir='ltr'>θ’ίει,</span> <span class='ocrx_word' id='word_1_217' title='bbox 1364 2783 1628 2853; x_wconf 74' lang='grc' dir='ltr'>τοσαύτην</span> <span class='ocrx_word' id='word_1_218' title='bbox 1673 2786 1762 2838; x_wconf 81' lang='grc' dir='ltr'>καὶ</span> <span class='ocrx_word' id='word_1_219' title='bbox 1798 2783 1965 2853; x_wconf 85' lang='grc' dir='ltr'>τηλι-</span> 
     </span>
    </p>
   </div>
   <div class='ocr_carea' id='block_1_31' title="bbox 338 2868 1964 2947">
    <p class='ocr_par' dir='ltr' id='par_1_31' title="bbox 338 2868 1964 2947">
     <span class='ocr_line' id='line_1_31' title="bbox 338 2868 1964 2947; baseline 0.003 -25"><span class='ocrx_word' id='word_1_220' title='bbox 338 2871 530 2939; x_wconf 82' lang='grc' dir='ltr'>καύτην</span> <span class='ocrx_word' id='word_1_221' title='bbox 578 2868 762 2944; x_wconf 77' lang='grc' dir='ltr'>ἀρχὴν</span> <span class='ocrx_word' id='word_1_222' title='bbox 804 2870 1151 2947; x_wconf 77' lang='grc' dir='ltr'>ἀνεπίφθονον</span> <span class='ocrx_word' id='word_1_223' title='bbox 1215 2872 1348 2926; x_wconf 79' lang='grc' dir='ltr'>εἶναι</span> <span class='ocrx_word' id='word_1_224' title='bbox 1406 2873 1650 2945; x_wconf 80' lang='grc' dir='ltr'>νομίσας,</span> <span class='ocrx_word' id='word_1_225' title='bbox 1707 2877 1806 2927; x_wconf 76' lang='grc' dir='ltr'>τοῦ</span> <span class='ocrx_word' id='word_1_226' title='bbox 1861 2875 1964 2927; x_wconf 84' lang='grc' dir='ltr'>πά-</span> 
     </span>
    </p>
   </div>
   <div class='ocr_carea' id='block_1_32' title="bbox 339 2959 1963 3034">
    <p class='ocr_par' dir='ltr' id='par_1_32' title="bbox 339 2959 1963 3034">
     <span class='ocr_line' id='line_1_32' title="bbox 339 2959 1963 3034; baseline 0.004 -22"><span class='ocrx_word' id='word_1_227' title='bbox 339 2961 458 3021; x_wconf 83' lang='grc' dir='ltr'>θους</span> <span class='ocrx_word' id='word_1_228' title='bbox 509 2965 630 3020; x_wconf 85' lang='grc' dir='ltr'>τοῖς</span> <span class='ocrx_word' id='word_1_229' title='bbox 688 2961 1075 3033; x_wconf 74' lang='grc' dir='ltr'>σμικροτάτοις</span> <span class='ocrx_word' id='word_1_230' title='bbox 1151 2960 1292 3016; x_wconf 82' lang='grc' dir='ltr'>ἔστιν</span> <span class='ocrx_word' id='word_1_231' title='bbox 1369 2963 1457 3016; x_wconf 83' lang='grc' dir='ltr'>ὅτε</span> <span class='ocrx_word' id='word_1_232' title='bbox 1532 2959 1963 3034; x_wconf 73' lang='grc' dir='ltr'>ξυμϐαίνοντος·</span> 
     </span>
    </p>
   </div>
   <div class='ocr_carea' id='block_1_33' title="bbox 331 3045 1966 3122">
    <p class='ocr_par' dir='ltr' id='par_1_33' title="bbox 331 3045 1966 3122">
     <span class='ocr_line' id='line_1_33' title="bbox 331 3045 1966 3122; baseline 0.002 -20"><span class='ocrx_word' id='word_1_233' title='bbox 331 3045 509 3102; x_wconf 79' lang='grc' dir='ltr'>ἔπειτα</span> <span class='ocrx_word' id='word_1_234' title='bbox 561 3054 678 3108; x_wconf 78' lang='grc' dir='ltr'>πῶς</span> <span class='ocrx_word' id='word_1_235' title='bbox 734 3049 851 3102; x_wconf 82' lang='grc' dir='ltr'>οίόν</span> <span class='ocrx_word' id='word_1_236' title='bbox 907 3070 964 3103; x_wconf 90' lang='grc' dir='ltr'>τε</span> <span class='ocrx_word' id='word_1_237' title='bbox 1019 3054 1108 3103; x_wconf 88' lang='grc' dir='ltr'>τὸν</span> <span class='ocrx_word' id='word_1_238' title='bbox 1167 3050 1367 3120; x_wconf 87' lang='grc' dir='ltr'>ταύτην</span> <span class='ocrx_word' id='word_1_239' title='bbox 1415 3052 1488 3112; x_wconf 83' lang='grc' dir='ltr'>ὡς</span> <span class='ocrx_word' id='word_1_240' title='bbox 1523 3049 1604 3105; x_wconf 88' lang='grc' dir='ltr'>δεῖ</span> <span class='ocrx_word' id='word_1_241' title='bbox 1635 3049 1966 3122; x_wconf 79' lang='grc' dir='ltr'>διοικοῦντα,</span> 
     </span>
    </p>
   </div>
   <div class='ocr_carea' id='block_1_34' title="bbox 323 3133 1966 3213">
    <p class='ocr_par' dir='ltr' id='par_1_34' title="bbox 323 3133 1966 3213">
     <span class='ocr_line' id='line_1_34' title="bbox 323 3133 1966 3213; baseline 0.002 -22"><span class='ocrx_word' id='word_1_242' title='bbox 323 3139 518 3197; x_wconf 73' lang='grc' dir='ltr'>ὁποῖος</span> <span class='ocrx_word' id='word_1_243' title='bbox 551 3136 609 3191; x_wconf 73' lang='grc' dir='ltr'>εὖ</span> <span class='ocrx_word' id='word_1_244' title='bbox 641 3133 742 3191; x_wconf 72' lang='grc' dir='ltr'>οἶδ’</span> <span class='ocrx_word' id='word_1_245' title='bbox 770 3137 930 3198; x_wconf 81' lang='grc' dir='ltr'>αὐτὸς</span> <span class='ocrx_word' id='word_1_246' title='bbox 960 3137 1072 3210; x_wconf 76' lang='grc' dir='ltr'>ἔσῃ,</span> <span class='ocrx_word' id='word_1_247' title='bbox 1109 3140 1183 3210; x_wconf 86' lang='grc' dir='ltr'><strong>μή</strong></span> <span class='ocrx_word' id='word_1_248' title='bbox 1243 3141 1375 3213; x_wconf 84' lang='grc' dir='ltr'>οὐχί</span> <span class='ocrx_word' id='word_1_249' title='bbox 1413 3142 1502 3194; x_wconf 83' lang='grc' dir='ltr'>καὶ</span> <span class='ocrx_word' id='word_1_250' title='bbox 1565 3139 1844 3212; x_wconf 69' lang='grc' dir='ltr'>βέλτιστον</span> <span class='ocrx_word' id='word_1_251' title='bbox 1894 3144 1966 3196; x_wconf 85' lang='grc' dir='ltr'>εῖ-</span> 
     </span>
    </p>
   </div>
   <div class='ocr_carea' id='block_1_35' title="bbox 320 3226 1963 3305">
    <p class='ocr_par' dir='ltr' id='par_1_35' title="bbox 320 3226 1963 3305">
     <span class='ocr_line' id='line_1_35' title="bbox 320 3226 1963 3305; baseline 0.004 -27"><span class='ocrx_word' id='word_1_252' title='bbox 320 3249 450 3292; x_wconf 86' lang='grc' dir='ltr'>ναι;</span> <span class='ocrx_word' id='word_1_253' title='bbox 491 3227 592 3280; x_wconf 84' lang='grc' dir='ltr'>Τὸν</span> <span class='ocrx_word' id='word_1_254' title='bbox 641 3226 698 3279; x_wconf 72' lang='grc' dir='ltr'>δὲ</span> <span class='ocrx_word' id='word_1_255' title='bbox 742 3229 991 3281; x_wconf 67' lang='grc' dir='ltr'>τοιοῦτον</span> <span class='ocrx_word' id='word_1_256' title='bbox 1037 3229 1126 3280; x_wconf 80' lang='grc' dir='ltr'>καὶ</span> <span class='ocrx_word' id='word_1_257' title='bbox 1168 3229 1476 3305; x_wconf 67' lang='grc' dir='ltr'>φθονεῖσθαι</span> <span class='ocrx_word' id='word_1_258' title='bbox 1534 3234 1676 3283; x_wconf 78' lang='grc' dir='ltr'>πᾶσα</span> <span class='ocrx_word' id='word_1_259' title='bbox 1724 3231 1963 3305; x_wconf 81' lang='grc' dir='ltr'>ἀνάγκη·</span> 
     </span>
    </p>
   </div>
   <div class='ocr_carea' id='block_1_36' title="bbox 2041 659 3680 740">
    <p class='ocr_par' dir='ltr' id='par_1_36' title="bbox 2041 659 3680 740">
     <span class='ocr_line' id='line_1_36' title="bbox 2041 659 3680 740; baseline -0.007 -16"><span class='ocrx_word' id='word_1_260' title='bbox 2041 687 2188 740; x_wconf 86' lang='lat' dir='ltr'><strong>quas</strong></span> <span class='ocrx_word' id='word_1_261' title='bbox 2237 670 2501 740; x_wconf 90' lang='lat' dir='ltr'><strong>regiones</strong></span> <span class='ocrx_word' id='word_1_262' title='bbox 2551 666 2652 722; x_wconf 90' lang='lat' dir='ltr'><strong>diu</strong></span> <span class='ocrx_word' id='word_1_263' title='bbox 2701 670 2758 720; x_wconf 89' lang='lat' dir='ltr'>et</span> <span class='ocrx_word' id='word_1_264' title='bbox 2807 663 3029 719; x_wconf 84' lang='lat' dir='ltr'><strong>artibus</strong></span> <span class='ocrx_word' id='word_1_265' title='bbox 3057 667 3114 718; x_wconf 89' lang='lat' dir='ltr'>et</span> <span class='ocrx_word' id='word_1_266' title='bbox 3143 661 3324 716; x_wconf 84' lang='lat' dir='ltr'><strong>armis</strong></span> <span class='ocrx_word' id='word_1_267' title='bbox 3357 659 3632 732; x_wconf 85' lang='lat' dir='ltr'><strong>regebant</strong></span> <span class='ocrx_word' id='word_1_268' title='bbox 3669 675 3680 710; x_wconf 92' lang='lat'>:</span> 
     </span>
    </p>
   </div>
   <div class='ocr_carea' id='block_1_37' title="bbox 2043 769 3685 848">
    <p class='ocr_par' dir='ltr' id='par_1_37' title="bbox 2043 769 3685 848">
     <span class='ocr_line' id='line_1_37' title="bbox 2043 769 3685 848; baseline -0.007 -16"><span class='ocrx_word' id='word_1_269' title='bbox 2043 778 2172 848; x_wconf 88' lang='lat' dir='ltr'><strong>quis</strong></span> <span class='ocrx_word' id='word_1_270' title='bbox 2221 777 2403 832; x_wconf 89' lang='lat' dir='ltr'><strong>nescit</strong></span> <span class='ocrx_word' id='word_1_271' title='bbox 2450 777 2598 847; x_wconf 90' lang='lat' dir='ltr'><strong>quod</strong></span> <span class='ocrx_word' id='word_1_272' title='bbox 2657 775 2846 829; x_wconf 67' lang='lat' dir='ltr'><strong>Ainea:</strong></span> <span class='ocrx_word' id='word_1_273' title='bbox 2895 771 3081 843; x_wconf 89' lang='lat' dir='ltr'><strong>proles</strong></span> <span class='ocrx_word' id='word_1_274' title='bbox 3131 769 3470 842; x_wconf 70' lang='lat' dir='ltr'><strong>eloquentiae</strong></span> <span class='ocrx_word' id='word_1_275' title='bbox 3505 777 3560 823; x_wconf 88' lang='lat' dir='ltr'>et</span> <span class='ocrx_word' id='word_1_276' title='bbox 3592 785 3685 822; x_wconf 87' lang='lat' dir='ltr'>ar-</span> 
     </span>
    </p>
   </div>
   <div class='ocr_carea' id='block_1_38' title="bbox 2045 875 3689 954">
    <p class='ocr_par' dir='ltr' id='par_1_38' title="bbox 2045 875 3689 954">
     <span class='ocr_line' id='line_1_38' title="bbox 2045 875 3689 954; baseline -0.005 -16"><span class='ocrx_word' id='word_1_277' title='bbox 2045 901 2272 939; x_wconf 89' lang='lat' dir='ltr'><strong>morum</strong></span> <span class='ocrx_word' id='word_1_278' title='bbox 2323 884 2370 937; x_wconf 85' lang='lat' dir='ltr'><strong>vi</strong></span> <span class='ocrx_word' id='word_1_279' title='bbox 2420 900 2485 938; x_wconf 94' lang='lat' dir='ltr'><strong>eo</strong></span> <span class='ocrx_word' id='word_1_280' title='bbox 2535 882 2727 954; x_wconf 67' lang='lat' dir='ltr'><strong>glorias</strong></span> <span class='ocrx_word' id='word_1_281' title='bbox 2759 891 2814 936; x_wconf 90' lang='lat' dir='ltr'>et</span> <span class='ocrx_word' id='word_1_282' title='bbox 2846 880 3112 952; x_wconf 69' lang='lat' dir='ltr'><strong>potentiae</strong></span> <span class='ocrx_word' id='word_1_283' title='bbox 3144 895 3208 934; x_wconf 87' lang='lat' dir='ltr'>ac</span> <span class='ocrx_word' id='word_1_284' title='bbox 3240 875 3523 934; x_wconf 84' lang='lat' dir='ltr'><strong>felicitatis</strong></span> <span class='ocrx_word' id='word_1_285' title='bbox 3556 891 3689 947; x_wconf 89' lang='lat' dir='ltr'><strong>per-</strong></span> 
     </span>
    </p>
   </div>
   <div class='ocr_carea' id='block_1_39' title="bbox 2047 979 3689 1054">
    <p class='ocr_par' dir='ltr' id='par_1_39' title="bbox 2047 979 3689 1054">
     <span class='ocr_line' id='line_1_39' title="bbox 2047 979 3689 1054; baseline -0.006 -12"><span class='ocrx_word' id='word_1_286' title='bbox 2047 992 2348 1054; x_wconf 80' lang='lat' dir='ltr'><strong>venerunt,</strong></span> <span class='ocrx_word' id='word_1_287' title='bbox 2371 993 2436 1044; x_wconf 91' lang='lat' dir='ltr'><strong>ut</strong></span> <span class='ocrx_word' id='word_1_288' title='bbox 2456 987 2634 1044; x_wconf 77' lang='lat' dir='ltr'>totius</span> <span class='ocrx_word' id='word_1_289' title='bbox 2657 986 2856 1042; x_wconf 89' lang='lat' dir='ltr'><strong>mundi</strong></span> <span class='ocrx_word' id='word_1_290' title='bbox 2880 983 3100 1040; x_wconf 86' lang='lat' dir='ltr'>domini</span> <span class='ocrx_word' id='word_1_291' title='bbox 3129 983 3262 1038; x_wconf 82' lang='lat' dir='ltr'><strong>facti</strong></span> <span class='ocrx_word' id='word_1_292' title='bbox 3287 983 3400 1037; x_wconf 89' lang='lat' dir='ltr'><strong>sint</strong></span> <span class='ocrx_word' id='word_1_293' title='bbox 3421 980 3448 1034; x_wconf 64' lang='grc' dir='ltr'>ι</span> <span class='ocrx_word' id='word_1_294' title='bbox 3470 979 3689 1044; x_wconf 81' lang='lat' dir='ltr'><strong>Quodsi</strong></span> 
     </span>
    </p>
   </div>
   <div class='ocr_carea' id='block_1_40' title="bbox 2048 1085 3692 1166">
    <p class='ocr_par' dir='ltr' id='par_1_40' title="bbox 2048 1085 3692 1166">
     <span class='ocr_line' id='line_1_40' title="bbox 2048 1085 3692 1166; baseline -0.005 -18"><span class='ocrx_word' id='word_1_295' title='bbox 2048 1095 2229 1150; x_wconf 91' lang='lat' dir='ltr'><strong>virtus</strong></span> <span class='ocrx_word' id='word_1_296' title='bbox 2268 1099 2325 1150; x_wconf 90' lang='lat' dir='ltr'>et</span> <span class='ocrx_word' id='word_1_297' title='bbox 2385 1094 2720 1166; x_wconf 78' lang='lat' dir='ltr'>eloquentia</span> <span class='ocrx_word' id='word_1_298' title='bbox 2779 1095 3004 1147; x_wconf 90' lang='lat' dir='ltr'><strong>tantum</strong></span> <span class='ocrx_word' id='word_1_299' title='bbox 3064 1089 3275 1155; x_wconf 82' lang='lat' dir='ltr'><strong>valent,</strong></span> <span class='ocrx_word' id='word_1_300' title='bbox 3328 1093 3385 1143; x_wconf 91' lang='lat' dir='ltr'>et</span> <span class='ocrx_word' id='word_1_301' title='bbox 3440 1104 3539 1143; x_wconf 90' lang='lat' dir='ltr'>eos</span> <span class='ocrx_word' id='word_1_302' title='bbox 3592 1085 3692 1157; x_wconf 88' lang='lat' dir='ltr'>qui</span> 
     </span>
    </p>
   </div>
   <div class='ocr_carea' id='block_1_41' title="bbox 2053 1193 3693 1274">
    <p class='ocr_par' dir='ltr' id='par_1_41' title="bbox 2053 1193 3693 1274">
     <span class='ocr_line' id='line_1_41' title="bbox 2053 1193 3693 1274; baseline -0.009 -13"><span class='ocrx_word' id='word_1_303' title='bbox 2053 1208 2362 1274; x_wconf 89' lang='lat' dir='ltr'><strong>utramque</strong></span> <span class='ocrx_word' id='word_1_304' title='bbox 2394 1205 2692 1258; x_wconf 77' lang='lat' dir='ltr'>sectantur</span> <span class='ocrx_word' id='word_1_305' title='bbox 2723 1199 2864 1254; x_wconf 90' lang='lat' dir='ltr'><strong>adeo</strong></span> <span class='ocrx_word' id='word_1_306' title='bbox 2898 1197 3212 1263; x_wconf 88' lang='lat' dir='ltr'><strong>illustrant,</strong></span> <span class='ocrx_word' id='word_1_307' title='bbox 3245 1195 3382 1266; x_wconf 90' lang='lat' dir='ltr'><strong>quid</strong></span> <span class='ocrx_word' id='word_1_308' title='bbox 3415 1194 3549 1249; x_wconf 90' lang='lat' dir='ltr'><strong>inde</strong></span> <span class='ocrx_word' id='word_1_309' title='bbox 3578 1193 3693 1248; x_wconf 92' lang='lat' dir='ltr'><strong>uti-</strong></span> 
     </span>
    </p>
   </div>
   <div class='ocr_carea' id='block_1_42' title="bbox 2052 1301 3626 1379">
    <p class='ocr_par' dir='ltr' id='par_1_42' title="bbox 2052 1301 3626 1379">
     <span class='ocr_line' id='line_1_42' title="bbox 2052 1301 3626 1379; baseline -0.008 -12"><span class='ocrx_word' id='word_1_310' title='bbox 2052 1311 2234 1367; x_wconf 80' lang='lat' dir='ltr'><strong>litatis</strong></span> <span class='ocrx_word' id='word_1_311' title='bbox 2267 1315 2555 1379; x_wconf 85' lang='lat' dir='ltr'><strong>manaret,</strong></span> <span class='ocrx_word' id='word_1_312' title='bbox 2588 1311 2637 1366; x_wconf 92' lang='lat' dir='ltr'>si</span> <span class='ocrx_word' id='word_1_313' title='bbox 2668 1323 2870 1366; x_wconf 87' lang='lat' dir='ltr'><strong>omnes</strong></span> <span class='ocrx_word' id='word_1_314' title='bbox 2900 1307 2973 1362; x_wconf 90' lang='lat' dir='ltr'><strong>iis</strong></span> <span class='ocrx_word' id='word_1_315' title='bbox 3010 1306 3254 1361; x_wconf 88' lang='lat' dir='ltr'><strong>ducibus</strong></span> <span class='ocrx_word' id='word_1_316' title='bbox 3287 1301 3626 1359; x_wconf 79' lang='lat' dir='ltr'><strong>uterentur?</strong></span> 
     </span>
    </p>
   </div>
   <div class='ocr_carea' id='block_1_43' title="bbox 2136 2244 3713 2323">
    <p class='ocr_par' dir='ltr' id='par_1_43' title="bbox 2136 2244 3713 2323">
     <span class='ocr_line' id='line_1_43' title="bbox 2136 2244 3713 2323; baseline -0.005 -17"><span class='ocrx_word' id='word_1_317' title='bbox 2136 2252 2225 2307; x_wconf 81' lang='grc'>29.</span> <span class='ocrx_word' id='word_1_318' title='bbox 2259 2255 2403 2308; x_wconf 85' lang='lat' dir='ltr'><strong>Ante</strong></span> <span class='ocrx_word' id='word_1_319' title='bbox 2455 2253 2652 2307; x_wconf 86' lang='lat' dir='ltr'><strong>omnia</strong></span> <span class='ocrx_word' id='word_1_320' title='bbox 2698 2252 2875 2323; x_wconf 85' lang='lat' dir='ltr'><strong>igitur</strong></span> <span class='ocrx_word' id='word_1_321' title='bbox 2921 2248 3148 2306; x_wconf 85' lang='lat' dir='ltr'>dicendi</span> <span class='ocrx_word' id='word_1_322' title='bbox 3196 2246 3399 2320; x_wconf 88' lang='lat' dir='ltr'><strong>peritia</strong></span> <span class='ocrx_word' id='word_1_323' title='bbox 3437 2244 3713 2300; x_wconf 78' lang='lat' dir='ltr'><strong>excellere</strong></span> 
     </span>
    </p>
   </div>
   <div class='ocr_carea' id='block_1_44' title="bbox 2069 2354 3715 2430">
    <p class='ocr_par' dir='ltr' id='par_1_44' title="bbox 2069 2354 3715 2430">
     <span class='ocr_line' id='line_1_44' title="bbox 2069 2354 3715 2430; baseline -0.006 -16"><span class='ocrx_word' id='word_1_324' title='bbox 2069 2361 2262 2425; x_wconf 60' lang='lat' dir='ltr'><strong>debes,</strong></span> <span class='ocrx_word' id='word_1_325' title='bbox 2320 2375 2354 2414; x_wconf 90' lang='grc' dir='ltr'>ο</span> <span class='ocrx_word' id='word_1_326' title='bbox 2419 2361 2753 2430; x_wconf 82' lang='lat' dir='ltr'><strong>imperator,</strong></span> <span class='ocrx_word' id='word_1_327' title='bbox 2815 2359 2873 2412; x_wconf 90' lang='lat' dir='ltr'>in</span> <span class='ocrx_word' id='word_1_328' title='bbox 2943 2375 3056 2426; x_wconf 82' lang='lat' dir='ltr'><strong>qua</strong></span> <span class='ocrx_word' id='word_1_329' title='bbox 3124 2373 3258 2412; x_wconf 88' lang='lat' dir='ltr'><strong>vera</strong></span> <span class='ocrx_word' id='word_1_330' title='bbox 3316 2354 3601 2424; x_wconf 85' lang='lat' dir='ltr'><strong>elegantia</strong></span> <span class='ocrx_word' id='word_1_331' title='bbox 3657 2356 3715 2406; x_wconf 91' lang='lat' dir='ltr'>et</span> 
     </span>
    </p>
   </div>
   <div class='ocr_carea' id='block_1_45' title="bbox 2073 2459 3712 2528">
    <p class='ocr_par' dir='ltr' id='par_1_45' title="bbox 2073 2459 3712 2528">
     <span class='ocr_line' id='line_1_45' title="bbox 2073 2459 3712 2528; baseline -0.006 -8"><span class='ocrx_word' id='word_1_332' title='bbox 2073 2466 2392 2521; x_wconf 90' lang='lat' dir='ltr'><strong>concinnus</strong></span> <span class='ocrx_word' id='word_1_333' title='bbox 2425 2465 2560 2518; x_wconf 87' lang='lat' dir='ltr'><strong>ordo</strong></span> <span class='ocrx_word' id='word_1_334' title='bbox 2592 2466 2735 2518; x_wconf 85' lang='lat' dir='ltr'><strong>situs</strong></span> <span class='ocrx_word' id='word_1_335' title='bbox 2765 2468 2871 2517; x_wconf 86' lang='lat' dir='ltr'><strong>est.</strong></span> <span class='ocrx_word' id='word_1_336' title='bbox 2897 2463 2954 2517; x_wconf 90' lang='lat' dir='ltr'>Si</span> <span class='ocrx_word' id='word_1_337' title='bbox 2979 2463 3107 2516; x_wconf 89' lang='lat' dir='ltr'><strong>dein</strong></span> <span class='ocrx_word' id='word_1_338' title='bbox 3133 2459 3424 2516; x_wconf 90' lang='lat' dir='ltr'><strong>neminem</strong></span> <span class='ocrx_word' id='word_1_339' title='bbox 3447 2459 3567 2512; x_wconf 79' lang='lat' dir='ltr'><strong>fore</strong></span> <span class='ocrx_word' id='word_1_340' title='bbox 3600 2473 3712 2528; x_wconf 88' lang='lat' dir='ltr'>pu-</span> 
     </span>
    </p>
   </div>
   <div class='ocr_carea' id='block_1_46' title="bbox 2075 2567 3713 2644">
    <p class='ocr_par' dir='ltr' id='par_1_46' title="bbox 2075 2567 3713 2644">
     <span class='ocr_line' id='line_1_46' title="bbox 2075 2567 3713 2644; baseline -0.006 -16"><span class='ocrx_word' id='word_1_341' title='bbox 2075 2582 2158 2628; x_wconf 80' lang='lat' dir='ltr'>tas</span> <span class='ocrx_word' id='word_1_342' title='bbox 2209 2573 2304 2644; x_wconf 89' lang='lat' dir='ltr'><strong>qui</strong></span> <span class='ocrx_word' id='word_1_343' title='bbox 2353 2573 2486 2627; x_wconf 85' lang='lat' dir='ltr'><strong>illas</strong></span> <span class='ocrx_word' id='word_1_344' title='bbox 2536 2571 2637 2626; x_wconf 88' lang='lat' dir='ltr'><strong>tibi</strong></span> <span class='ocrx_word' id='word_1_345' title='bbox 2688 2571 2928 2626; x_wconf 74' lang='lat' dir='ltr'><strong>virtutes</strong></span> <span class='ocrx_word' id='word_1_346' title='bbox 2975 2569 3250 2634; x_wconf 84' lang='lat' dir='ltr'><strong>invideat,</strong></span> <span class='ocrx_word' id='word_1_347' title='bbox 3281 2567 3509 2639; x_wconf 78' lang='lat' dir='ltr'><strong>egregie</strong></span> <span class='ocrx_word' id='word_1_348' title='bbox 3536 2581 3713 2620; x_wconf 79' lang='lat' dir='ltr'><strong>erras.</strong></span> 
     </span>
    </p>
   </div>
   <div class='ocr_carea' id='block_1_47' title="bbox 2074 2678 3717 2751">
    <p class='ocr_par' dir='ltr' id='par_1_47' title="bbox 2074 2678 3717 2751">
     <span class='ocr_line' id='line_1_47' title="bbox 2074 2678 3717 2751; baseline -0.006 -14"><span class='ocrx_word' id='word_1_349' title='bbox 2074 2683 2196 2747; x_wconf 87' lang='lat' dir='ltr'>Quo</span> <span class='ocrx_word' id='word_1_350' title='bbox 2228 2687 2389 2751; x_wconf 91' lang='lat' dir='ltr'><strong>pacto</strong></span> <span class='ocrx_word' id='word_1_351' title='bbox 2417 2681 2571 2736; x_wconf 90' lang='lat' dir='ltr'><strong>enim</strong></span> <span class='ocrx_word' id='word_1_352' title='bbox 2603 2686 2658 2735; x_wconf 93' lang='lat' dir='ltr'>te</span> <span class='ocrx_word' id='word_1_353' title='bbox 2689 2685 2771 2735; x_wconf 87' lang='lat' dir='ltr'>tot</span> <span class='ocrx_word' id='word_1_354' title='bbox 2809 2694 2874 2735; x_wconf 89' lang='lat' dir='ltr'>ac</span> <span class='ocrx_word' id='word_1_355' title='bbox 2903 2679 3080 2734; x_wconf 79' lang='lat' dir='ltr'><strong>tantis</strong></span> <span class='ocrx_word' id='word_1_356' title='bbox 3110 2679 3423 2732; x_wconf 84' lang='lat' dir='ltr'><strong>virtutibus</strong></span> <span class='ocrx_word' id='word_1_357' title='bbox 3452 2678 3717 2730; x_wconf 87' lang='lat' dir='ltr'><strong>ornatum</strong></span> 
     </span>
    </p>
   </div>
   <div class='ocr_carea' id='block_1_48' title="bbox 2077 2779 3716 2857">
    <p class='ocr_par' dir='ltr' id='par_1_48' title="bbox 2077 2779 3716 2857">
     <span class='ocr_line' id='line_1_48' title="bbox 2077 2779 3716 2857; baseline -0.005 -14"><span class='ocrx_word' id='word_1_358' title='bbox 2077 2791 2202 2844; x_wconf 89' lang='lat' dir='ltr'><strong>sine</strong></span> <span class='ocrx_word' id='word_1_359' title='bbox 2250 2787 2467 2843; x_wconf 89' lang='lat' dir='ltr'><strong>invidia</strong></span> <span class='ocrx_word' id='word_1_360' title='bbox 2519 2791 2888 2857; x_wconf 86' lang='lat' dir='ltr'><strong>regnaturum</strong></span> <span class='ocrx_word' id='word_1_361' title='bbox 2933 2799 3061 2840; x_wconf 90' lang='lat' dir='ltr'><strong>esse</strong></span> <span class='ocrx_word' id='word_1_362' title='bbox 3105 2791 3290 2855; x_wconf 85' lang='lat' dir='ltr'><strong>putas,</strong></span> <span class='ocrx_word' id='word_1_363' title='bbox 3324 2780 3550 2836; x_wconf 70' lang='lat' dir='ltr'><strong>invidias</strong></span> <span class='ocrx_word' id='word_1_364' title='bbox 3579 2779 3716 2834; x_wconf 87' lang='lat' dir='ltr'><strong>vitio</strong></span> 
     </span>
    </p>
   </div>
   <div class='ocr_carea' id='block_1_49' title="bbox 2077 2884 3716 2956">
    <p class='ocr_par' dir='ltr' id='par_1_49' title="bbox 2077 2884 3716 2956">
     <span class='ocr_line' id='line_1_49' title="bbox 2077 2884 3716 2956; baseline -0.007 -6"><span class='ocrx_word' id='word_1_365' title='bbox 2077 2895 2164 2950; x_wconf 86' lang='lat' dir='ltr'><strong>vel</strong></span> <span class='ocrx_word' id='word_1_366' title='bbox 2198 2895 2470 2950; x_wconf 79' lang='lat' dir='ltr'><strong>minimos</strong></span> <span class='ocrx_word' id='word_1_367' title='bbox 2500 2893 2768 2948; x_wconf 79' lang='lat' dir='ltr'><strong>homines</strong></span> <span class='ocrx_word' id='word_1_368' title='bbox 2808 2891 3191 2948; x_wconf 82' lang='lat' dir='ltr'><strong>calcitrante?</strong></span> <span class='ocrx_word' id='word_1_369' title='bbox 3217 2889 3275 2944; x_wconf 90' lang='lat' dir='ltr'>Si</span> <span class='ocrx_word' id='word_1_370' title='bbox 3307 2889 3487 2956; x_wconf 88' lang='lat' dir='ltr'><strong>enim,</strong></span> <span class='ocrx_word' id='word_1_371' title='bbox 3517 2890 3580 2941; x_wconf 93' lang='lat' dir='ltr'><strong>ut</strong></span> <span class='ocrx_word' id='word_1_372' title='bbox 3611 2884 3716 2939; x_wconf 88' lang='lat' dir='ltr'><strong>de-</strong></span> 
     </span>
    </p>
   </div>
   <div class='ocr_carea' id='block_1_50' title="bbox 2078 2995 3712 3073">
    <p class='ocr_par' dir='ltr' id='par_1_50' title="bbox 2078 2995 3712 3073">
     <span class='ocr_line' id='line_1_50' title="bbox 2078 2995 3712 3073; baseline -0.005 -17"><span class='ocrx_word' id='word_1_373' title='bbox 2078 3009 2190 3070; x_wconf 89' lang='lat' dir='ltr'><strong>cet,</strong></span> <span class='ocrx_word' id='word_1_374' title='bbox 2205 3019 2294 3057; x_wconf 90' lang='lat' dir='ltr'>res</span> <span class='ocrx_word' id='word_1_375' title='bbox 2309 3001 2569 3073; x_wconf 88' lang='lat' dir='ltr'><strong>publicas</strong></span> <span class='ocrx_word' id='word_1_376' title='bbox 2584 3001 2974 3066; x_wconf 84' lang='lat' dir='ltr'><strong>administras,</strong></span> <span class='ocrx_word' id='word_1_377' title='bbox 2991 2998 3282 3070; x_wconf 88' lang='lat' dir='ltr'><strong>quomodo</strong></span> <span class='ocrx_word' id='word_1_378' title='bbox 3301 3013 3410 3050; x_wconf 88' lang='lat' dir='ltr'>non</span> <span class='ocrx_word' id='word_1_379' title='bbox 3431 2995 3712 3066; x_wconf 81' lang='lat' dir='ltr'><strong>Optimum</strong></span> 
     </span>
    </p>
   </div>
   <div class='ocr_carea' id='block_1_51' title="bbox 2079 3106 3714 3182">
    <p class='ocr_par' dir='ltr' id='par_1_51' title="bbox 2079 3106 3714 3182">
     <span class='ocr_line' id='line_1_51' title="bbox 2079 3106 3714 3182; baseline -0.006 -17"><span class='ocrx_word' id='word_1_380' title='bbox 2079 3120 2131 3166; x_wconf 88' lang='lat' dir='ltr'>te</span> <span class='ocrx_word' id='word_1_381' title='bbox 2161 3126 2391 3182; x_wconf 89' lang='lat' dir='ltr'><strong>quoque</strong></span> <span class='ocrx_word' id='word_1_382' title='bbox 2419 3125 2547 3164; x_wconf 88' lang='lat' dir='ltr'><strong>esse</strong></span> <span class='ocrx_word' id='word_1_383' title='bbox 2583 3108 2699 3162; x_wconf 78' lang='lat' dir='ltr'><strong>fieri</strong></span> <span class='ocrx_word' id='word_1_384' title='bbox 2735 3107 2990 3178; x_wconf 83' lang='lat' dir='ltr'><strong>poterit?</strong></span> <span class='ocrx_word' id='word_1_385' title='bbox 3023 3106 3424 3161; x_wconf 88' lang='lat' dir='ltr'><strong>Possidentem</strong></span> <span class='ocrx_word' id='word_1_386' title='bbox 3461 3117 3714 3172; x_wconf 76' lang='lat' dir='ltr'><strong>namque</strong></span> 
     </span>
    </p>
   </div>
   <div class='ocr_carea' id='block_1_52' title="bbox 2075 3209 3713 3286">
    <p class='ocr_par' dir='ltr' id='par_1_52' title="bbox 2075 3209 3713 3286">
     <span class='ocr_line' id='line_1_52' title="bbox 2075 3209 3713 3286; baseline -0.006 -16"><span class='ocrx_word' id='word_1_387' title='bbox 2075 3217 2291 3271; x_wconf 81' lang='lat' dir='ltr'><strong>invidia</strong></span> <span class='ocrx_word' id='word_1_388' title='bbox 2339 3215 2602 3286; x_wconf 78' lang='lat' dir='ltr'><strong>sequitur</strong></span> <span class='ocrx_word' id='word_1_389' title='bbox 2649 3215 2973 3269; x_wconf 88' lang='lat' dir='ltr'><strong>secundum</strong></span> <span class='ocrx_word' id='word_1_390' title='bbox 3033 3211 3219 3266; x_wconf 78' lang='lat' dir='ltr'><strong>tilium</strong></span> <span class='ocrx_word' id='word_1_391' title='bbox 3271 3209 3566 3280; x_wconf 64' lang='lat' dir='ltr'><strong>sapientiai</strong></span> <span class='ocrx_word' id='word_1_392' title='bbox 3615 3209 3713 3279; x_wconf 90' lang='lat' dir='ltr'><strong>qui</strong></span> 
     </span>
    </p>
   </div>
   <div class='ocr_carea' id='block_1_53' title="bbox 320 3295 1968 3392">
    <p class='ocr_par' dir='ltr' id='par_1_53' title="bbox 320 3310 1965 3391">
     <span class='ocr_line' id='line_1_53' title="bbox 320 3310 1965 3391; baseline 0.002 -21"><span class='ocrx_word' id='word_1_393' title='bbox 320 3318 460 3391; x_wconf 81' lang='grc' dir='ltr'>πρὸς</span> <span class='ocrx_word' id='word_1_394' title='bbox 508 3317 612 3389; x_wconf 72' lang='grc' dir='ltr'>γὰρ</span> <span class='ocrx_word' id='word_1_395' title='bbox 665 3316 755 3370; x_wconf 88' lang='grc' dir='ltr'>τὸν</span> <span class='ocrx_word' id='word_1_396' title='bbox 805 3310 984 3390; x_wconf 77' lang='grc' dir='ltr'>ἔχονθ’</span> <span class='ocrx_word' id='word_1_397' title='bbox 1015 3317 1043 3370; x_wconf 83' lang='grc' dir='ltr'>ὁ</span> <span class='ocrx_word' id='word_1_398' title='bbox 1076 3317 1268 3390; x_wconf 83' lang='grc' dir='ltr'>φθόνος</span> <span class='ocrx_word' id='word_1_399' title='bbox 1307 3314 1479 3390; x_wconf 65' lang='grc' dir='ltr'>ἕρπει,</span> <span class='ocrx_word' id='word_1_400' title='bbox 1514 3319 1647 3373; x_wconf 84' lang='grc' dir='ltr'>κατά</span> <span class='ocrx_word' id='word_1_401' title='bbox 1677 3320 1769 3374; x_wconf 87' lang='grc' dir='ltr'>τὸν</span> <span class='ocrx_word' id='word_1_402' title='bbox 1801 3318 1965 3374; x_wconf 84' lang='grc' dir='ltr'>παῖδα</span> 
     </span>
    </p>
   </div>
   <div class='ocr_carea' id='block_1_54' title="bbox 2081 3295 3721 3392">
    <p class='ocr_par' dir='ltr' id='par_1_54' title="bbox 2081 3317 3721 3392">
     <span class='ocr_line' id='line_1_54' title="bbox 2081 3317 3721 3392; baseline -0.004 -15"><span class='ocrx_word' id='word_1_403' title='bbox 2081 3323 2248 3377; x_wconf 72' lang='lat' dir='ltr'><strong>effata</strong></span> <span class='ocrx_word' id='word_1_404' title='bbox 2277 3340 2384 3378; x_wconf 83' lang='lat' dir='ltr'>sua</span> <span class='ocrx_word' id='word_1_405' title='bbox 2415 3342 2446 3378; x_wconf 77' lang='grc' dir='ltr'>ιι</span> <span class='ocrx_word' id='word_1_406' title='bbox 2475 3323 2713 3378; x_wconf 83' lang='lat' dir='ltr'><strong>veritate</strong></span> <span class='ocrx_word' id='word_1_407' title='bbox 2743 3323 2871 3392; x_wconf 86' lang='lat' dir='ltr'><strong>ipsa</strong></span> <span class='ocrx_word' id='word_1_408' title='bbox 2901 3325 3224 3384; x_wconf 87' lang='lat' dir='ltr'><strong>mutuatur,</strong></span> <span class='ocrx_word' id='word_1_409' title='bbox 3251 3323 3307 3373; x_wconf 85' lang='lat' dir='ltr'>et</span> <span class='ocrx_word' id='word_1_410' title='bbox 3328 3318 3427 3389; x_wconf 91' lang='lat' dir='ltr'>qui</span> <span class='ocrx_word' id='word_1_411' title='bbox 3452 3317 3553 3372; x_wconf 87' lang='lat' dir='ltr'><strong>tibi</strong></span> <span class='ocrx_word' id='word_1_412' title='bbox 3585 3332 3721 3371; x_wconf 90' lang='lat' dir='ltr'><strong>con-</strong></span> 
     </span>
    </p>
   </div>
   <div class='ocr_carea' id='block_1_55' title="bbox 321 3403 1964 3483">
    <p class='ocr_par' dir='ltr' id='par_1_55' title="bbox 321 3403 1964 3483">
     <span class='ocr_line' id='line_1_55' title="bbox 321 3403 1964 3483; baseline 0.003 -26"><span class='ocrx_word' id='word_1_413' title='bbox 321 3407 546 3480; x_wconf 69' lang='grc' dir='ltr'>σοφίας,</span> <span class='ocrx_word' id='word_1_414' title='bbox 595 3406 690 3464; x_wconf 81' lang='grc' dir='ltr'>τὰς</span> <span class='ocrx_word' id='word_1_415' title='bbox 737 3404 988 3483; x_wconf 69' lang='grc' dir='ltr'>ἀφορμὰς</span> <span class='ocrx_word' id='word_1_416' title='bbox 1040 3403 1101 3460; x_wconf 75' lang='grc' dir='ltr'>ἔκ</span> <span class='ocrx_word' id='word_1_417' title='bbox 1155 3413 1252 3473; x_wconf 80' lang='grc' dir='ltr'>τῆς</span> <span class='ocrx_word' id='word_1_418' title='bbox 1309 3404 1566 3476; x_wconf 81' lang='grc' dir='ltr'>ἀληθείας</span> <span class='ocrx_word' id='word_1_419' title='bbox 1628 3405 1964 3480; x_wconf 71' lang='grc' dir='ltr'>λαμϐάνωνο</span> 
     </span>
    </p>
   </div>
   <div class='ocr_carea' id='block_1_56' title="bbox 320 3491 1969 3571">
    <p class='ocr_par' dir='ltr' id='par_1_56' title="bbox 320 3491 1969 3571">
     <span class='ocr_line' id='line_1_56' title="bbox 320 3491 1969 3571; baseline 0.003 -23"><span class='ocrx_word' id='word_1_420' title='bbox 320 3491 650 3568; x_wconf 80' lang='grc' dir='ltr'>προσδοκῶν</span> <span class='ocrx_word' id='word_1_421' title='bbox 676 3491 732 3548; x_wconf 79' lang='grc' dir='ltr'>δὲ</span> <span class='ocrx_word' id='word_1_422' title='bbox 763 3493 807 3548; x_wconf 80' lang='grc' dir='ltr'>εἰ</span> <span class='ocrx_word' id='word_1_423' title='bbox 844 3495 937 3565; x_wconf 76' lang='grc' dir='ltr'>μὲν</span> <span class='ocrx_word' id='word_1_424' title='bbox 972 3494 1079 3568; x_wconf 82' lang='grc' dir='ltr'>οὐχ</span> <span class='ocrx_word' id='word_1_425' title='bbox 1107 3494 1253 3564; x_wconf 78' lang='grc' dir='ltr'>ἥξεις</span> <span class='ocrx_word' id='word_1_426' title='bbox 1282 3496 1356 3556; x_wconf 77' lang='grc' dir='ltr'>εἰς</span> <span class='ocrx_word' id='word_1_427' title='bbox 1388 3502 1598 3571; x_wconf 80' lang='grc' dir='ltr'>πεῖραν,</span> <span class='ocrx_word' id='word_1_428' title='bbox 1631 3503 1745 3568; x_wconf 85' lang='grc' dir='ltr'>Θεῴ</span> <span class='ocrx_word' id='word_1_429' title='bbox 1775 3519 1831 3553; x_wconf 86' lang='grc' dir='ltr'>τε</span> <span class='ocrx_word' id='word_1_430' title='bbox 1864 3499 1969 3571; x_wconf 75' lang='grc' dir='ltr'>χά-</span> 
     </span>
    </p>
   </div>
   <div class='ocr_carea' id='block_1_57' title="bbox 327 3579 1972 3659">
    <p class='ocr_par' dir='ltr' id='par_1_57' title="bbox 327 3579 1972 3659">
     <span class='ocr_line' id='line_1_57' title="bbox 327 3579 1972 3659; baseline 0.002 -23"><span class='ocrx_word' id='word_1_431' title='bbox 327 3605 413 3658; x_wconf 79' lang='grc' dir='ltr'>ριν</span> <span class='ocrx_word' id='word_1_432' title='bbox 441 3582 650 3656; x_wconf 64' lang='grc' dir='ltr'>ἴσχειν,</span> <span class='ocrx_word' id='word_1_433' title='bbox 683 3588 862 3654; x_wconf 84' lang='grc' dir='ltr'>σαυτῷ</span> <span class='ocrx_word' id='word_1_434' title='bbox 888 3603 947 3638; x_wconf 83' lang='grc' dir='ltr'>τε</span> <span class='ocrx_word' id='word_1_435' title='bbox 978 3579 1066 3637; x_wconf 80' lang='grc' dir='ltr'>διὰ</span> <span class='ocrx_word' id='word_1_436' title='bbox 1093 3588 1260 3638; x_wconf 74' lang='grc' dir='ltr'>ταῦτα</span> <span class='ocrx_word' id='word_1_437' title='bbox 1289 3585 1596 3659; x_wconf 84' lang='grc' dir='ltr'>ξυγχαίρειν</span> <span class='ocrx_word' id='word_1_438' title='bbox 1623 3604 1636 3617; x_wconf 80' lang='grc'><em>’</em></span> <span class='ocrx_word' id='word_1_439' title='bbox 1663 3587 1707 3640; x_wconf 84' lang='grc' dir='ltr'>εἰ</span> <span class='ocrx_word' id='word_1_440' title='bbox 1740 3585 1786 3640; x_wconf 78' lang='grc' dir='ltr'>δ’</span> <span class='ocrx_word' id='word_1_441' title='bbox 1818 3585 1972 3640; x_wconf 72' lang='grc' dir='ltr'>οὐδὶν</span> 
     </span>
    </p>
   </div>
   <div class='ocr_carea' id='block_1_58' title="bbox 329 3671 1976 3750">
    <p class='ocr_par' dir='ltr' id='par_1_58' title="bbox 329 3671 1976 3750">
     <span class='ocr_line' id='line_1_58' title="bbox 329 3671 1976 3750; baseline 0.002 -24"><span class='ocrx_word' id='word_1_442' title='bbox 329 3671 576 3746; x_wconf 73' lang='grc' dir='ltr'>μᾶλλον,</span> <span class='ocrx_word' id='word_1_443' title='bbox 608 3673 643 3741; x_wconf 71' lang='grc' dir='ltr'><strong>ἢ</strong></span> <span class='ocrx_word' id='word_1_444' title='bbox 675 3673 736 3725; x_wconf 86' lang='grc' dir='ltr'>τὸ</span> <span class='ocrx_word' id='word_1_445' title='bbox 764 3671 910 3733; x_wconf 85' lang='grc' dir='ltr'>εἰκὸς</span> <span class='ocrx_word' id='word_1_446' title='bbox 951 3673 1026 3734; x_wconf 83' lang='grc' dir='ltr'>ὡς</span> <span class='ocrx_word' id='word_1_447' title='bbox 1079 3671 1315 3745; x_wconf 79' lang='grc' dir='ltr'>μάλιστα</span> <span class='ocrx_word' id='word_1_448' title='bbox 1360 3672 1558 3750; x_wconf 72' lang='grc' dir='ltr'>φέρειν,</span> <span class='ocrx_word' id='word_1_449' title='bbox 1600 3676 1632 3743; x_wconf 75' lang='grc' dir='ltr'><strong>ἢ</strong></span> <span class='ocrx_word' id='word_1_450' title='bbox 1681 3673 1976 3749; x_wconf 82' lang='grc' dir='ltr'>δυσχεραί-</span> 
     </span>
    </p>
   </div>
   <div class='ocr_carea' id='block_1_59' title="bbox 325 3761 1974 3835">
    <p class='ocr_par' dir='ltr' id='par_1_59' title="bbox 325 3761 1974 3835">
     <span class='ocr_line' id='line_1_59' title="bbox 325 3761 1974 3835; baseline 0.002 -20"><span class='ocrx_word' id='word_1_451' title='bbox 325 3783 457 3826; x_wconf 85' lang='grc' dir='ltr'>νων,</span> <span class='ocrx_word' id='word_1_452' title='bbox 540 3764 720 3830; x_wconf 84' lang='grc' dir='ltr'>σαυτῷ</span> <span class='ocrx_word' id='word_1_453' title='bbox 796 3761 1013 3821; x_wconf 84' lang='grc' dir='ltr'>πάντως</span> <span class='ocrx_word' id='word_1_454' title='bbox 1092 3766 1390 3834; x_wconf 82' lang='grc' dir='ltr'>περιπεσῇ,</span> <span class='ocrx_word' id='word_1_455' title='bbox 1450 3761 1482 3815; x_wconf 74' lang='grc' dir='ltr'>ἃ</span> <span class='ocrx_word' id='word_1_456' title='bbox 1569 3762 1974 3835; x_wconf 81' lang='grc' dir='ltr'>προσεδόκησας</span> 
     </span>
    </p>
   </div>
   <div class='ocr_carea' id='block_1_60' title="bbox 329 3848 1977 3925">
    <p class='ocr_par' dir='ltr' id='par_1_60' title="bbox 329 3848 1977 3925">
     <span class='ocr_line' id='line_1_60' title="bbox 329 3848 1977 3925; baseline 0 -21"><span class='ocrx_word' id='word_1_457' title='bbox 329 3849 567 3917; x_wconf 82' lang='grc' dir='ltr'>ἔσεσθαι,</span> <span class='ocrx_word' id='word_1_458' title='bbox 626 3852 792 3903; x_wconf 80' lang='grc' dir='ltr'>ταῦτα</span> <span class='ocrx_word' id='word_1_459' title='bbox 855 3848 1108 3924; x_wconf 85' lang='grc' dir='ltr'>γεγονότα</span> <span class='ocrx_word' id='word_1_460' title='bbox 1183 3850 1450 3918; x_wconf 80' lang='grc' dir='ltr'>κακίζων·</span> <span class='ocrx_word' id='word_1_461' title='bbox 1509 3852 1685 3925; x_wconf 82' lang='grc' dir='ltr'>χωρὶς</span> <span class='ocrx_word' id='word_1_462' title='bbox 1741 3851 1797 3906; x_wconf 72' lang='grc' dir='ltr'>δὲ</span> <span class='ocrx_word' id='word_1_463' title='bbox 1851 3853 1977 3906; x_wconf 84' lang='grc' dir='ltr'>τού-</span> 
     </span>
    </p>
   </div>
   <div class='ocr_carea' id='block_1_61' title="bbox 328 3934 1943 4016">
    <p class='ocr_par' dir='ltr' id='par_1_61' title="bbox 328 3934 1943 4016">
     <span class='ocr_line' id='line_1_61' title="bbox 328 3934 1943 4016; baseline 0.001 -22"><span class='ocrx_word' id='word_1_464' title='bbox 328 3961 468 4007; x_wconf 85' lang='grc' dir='ltr'>των,</span> <span class='ocrx_word' id='word_1_465' title='bbox 504 3938 549 3992; x_wconf 87' lang='grc' dir='ltr'>εἰ</span> <span class='ocrx_word' id='word_1_466' title='bbox 591 3938 658 3991; x_wconf 84' lang='grc' dir='ltr'>τὰ</span> <span class='ocrx_word' id='word_1_467' title='bbox 710 3938 805 4008; x_wconf 73' lang='grc' dir='ltr'>μὲν</span> <span class='ocrx_word' id='word_1_468' title='bbox 837 3938 1018 3998; x_wconf 81' lang='grc' dir='ltr'>καλῶς</span> <span class='ocrx_word' id='word_1_469' title='bbox 1065 3934 1265 4012; x_wconf 81' lang='grc' dir='ltr'>ἔχοντα</span> <span class='ocrx_word' id='word_1_470' title='bbox 1312 3940 1620 3994; x_wconf 84' lang='grc' dir='ltr'>παντάπασι</span> <span class='ocrx_word' id='word_1_471' title='bbox 1658 3946 1766 3995; x_wconf 81' lang='grc' dir='ltr'>τῶν</span> <span class='ocrx_word' id='word_1_472' title='bbox 1798 3960 1943 4016; x_wconf 88' lang='grc' dir='ltr'>πραγ</span> 
     </span>
    </p>
   </div>
   <div class='ocr_carea' id='block_1_62' title="bbox 336 4024 1978 4101">
    <p class='ocr_par' dir='ltr' id='par_1_62' title="bbox 336 4024 1978 4101">
     <span class='ocr_line' id='line_1_62' title="bbox 336 4024 1978 4101; baseline 0.001 -21"><span class='ocrx_word' id='word_1_473' title='bbox 336 4029 526 4100; x_wconf 72' lang='grc' dir='ltr'>μάτων</span> <span class='ocrx_word' id='word_1_474' title='bbox 572 4024 924 4096; x_wconf 75' lang='grc' dir='ltr'>ἀπήλλακται</span> <span class='ocrx_word' id='word_1_475' title='bbox 978 4027 1267 4101; x_wconf 84' lang='grc' dir='ltr'>βασκανίας</span> <span class='ocrx_word' id='word_1_476' title='bbox 1316 4029 1406 4082; x_wconf 86' lang='grc' dir='ltr'>καὶ</span> <span class='ocrx_word' id='word_1_477' title='bbox 1457 4029 1676 4100; x_wconf 79' lang='grc' dir='ltr'>φθόνου,</span> <span class='ocrx_word' id='word_1_478' title='bbox 1717 4032 1978 4084; x_wconf 81' lang='grc' dir='ltr'>πάντοθεν</span> 
     </span>
    </p>
   </div>
   <div class='ocr_carea' id='block_1_63' title="bbox 333 4111 1985 4192">
    <p class='ocr_par' dir='ltr' id='par_1_63' title="bbox 333 4111 1985 4192">
     <span class='ocr_line' id='line_1_63' title="bbox 333 4111 1985 4192; baseline 0.001 -22"><span class='ocrx_word' id='word_1_479' title='bbox 333 4113 809 4192; x_wconf 72' lang='grc' dir='ltr'>συγκεκροτημένα</span> <span class='ocrx_word' id='word_1_480' title='bbox 864 4116 953 4168; x_wconf 77' lang='grc' dir='ltr'>καὶ</span> <span class='ocrx_word' id='word_1_481' title='bbox 1015 4113 1381 4188; x_wconf 83' lang='grc' dir='ltr'>μηδηντινοῦν</span> <span class='ocrx_word' id='word_1_482' title='bbox 1461 4111 1635 4187; x_wconf 71' lang='grc' dir='ltr'>λαϐὴν</span> <span class='ocrx_word' id='word_1_483' title='bbox 1698 4119 1760 4172; x_wconf 83' lang='grc' dir='ltr'>τὸ</span> <span class='ocrx_word' id='word_1_484' title='bbox 1818 4117 1985 4191; x_wconf 71' lang='grc' dir='ltr'>παρά-</span> 
     </span>
    </p>
   </div>
   <div class='ocr_carea' id='block_1_64' title="bbox 331 4200 1979 4279">
    <p class='ocr_par' dir='ltr' id='par_1_64' title="bbox 331 4200 1979 4279">
     <span class='ocr_line' id='line_1_64' title="bbox 331 4200 1979 4279; baseline 0.001 -20"><span class='ocrx_word' id='word_1_485' title='bbox 331 4227 439 4259; x_wconf 86' lang='grc' dir='ltr'>παν</span> <span class='ocrx_word' id='word_1_486' title='bbox 471 4201 790 4275; x_wconf 83' lang='grc' dir='ltr'>μηδαμόθεν</span> <span class='ocrx_word' id='word_1_487' title='bbox 821 4200 1036 4258; x_wconf 80' lang='grc' dir='ltr'>διδόντα</span> <span class='ocrx_word' id='word_1_488' title='bbox 1060 4223 1073 4236; x_wconf 88' lang='grc'><strong>·</strong></span> <span class='ocrx_word' id='word_1_489' title='bbox 1109 4205 1244 4259; x_wconf 89' lang='grc' dir='ltr'>κατά</span> <span class='ocrx_word' id='word_1_490' title='bbox 1278 4202 1334 4259; x_wconf 74' lang='grc' dir='ltr'>δὲ</span> <span class='ocrx_word' id='word_1_491' title='bbox 1370 4210 1479 4260; x_wconf 79' lang='grc' dir='ltr'>τῶν</span> <span class='ocrx_word' id='word_1_492' title='bbox 1524 4208 1598 4277; x_wconf 74' lang='grc' dir='ltr'>μή</span> <span class='ocrx_word' id='word_1_493' title='bbox 1649 4208 1816 4279; x_wconf 78' lang='grc' dir='ltr'>ταύτῃ</span> <span class='ocrx_word' id='word_1_494' title='bbox 1864 4205 1979 4260; x_wconf 87' lang='grc' dir='ltr'>δια-</span> 
     </span>
    </p>
   </div>
   <div class='ocr_carea' id='block_1_65' title="bbox 330 4291 1980 4367">
    <p class='ocr_par' dir='ltr' id='par_1_65' title="bbox 330 4291 1980 4367">
     <span class='ocr_line' id='line_1_65' title="bbox 330 4291 1980 4367; baseline 0.001 -21"><span class='ocrx_word' id='word_1_495' title='bbox 330 4293 605 4364; x_wconf 80' lang='grc' dir='ltr'>κειμένων</span> <span class='ocrx_word' id='word_1_496' title='bbox 660 4291 728 4345; x_wconf 80' lang='grc' dir='ltr'>τά</span> <span class='ocrx_word' id='word_1_497' title='bbox 788 4291 923 4365; x_wconf 75' lang='grc' dir='ltr'>βὲλη</span> <span class='ocrx_word' id='word_1_498' title='bbox 982 4292 1217 4367; x_wconf 70' lang='grc' dir='ltr'>φέρεται,</span> <span class='ocrx_word' id='word_1_499' title='bbox 1252 4294 1297 4347; x_wconf 71' lang='grc' dir='ltr'>εἴ</span> <span class='ocrx_word' id='word_1_500' title='bbox 1360 4294 1453 4364; x_wconf 75' lang='grc' dir='ltr'>μὲν</span> <span class='ocrx_word' id='word_1_501' title='bbox 1517 4295 1608 4348; x_wconf 88' lang='grc' dir='ltr'>καὶ</span> <span class='ocrx_word' id='word_1_502' title='bbox 1656 4297 1815 4356; x_wconf 81' lang='grc' dir='ltr'>αὐτὸς</span> <span class='ocrx_word' id='word_1_503' title='bbox 1865 4301 1980 4350; x_wconf 81' lang='grc' dir='ltr'>τοῖς</span> 
     </span>
    </p>
   </div>
   <div class='ocr_carea' id='block_1_66' title="bbox 333 4379 1981 4457">
    <p class='ocr_par' dir='ltr' id='par_1_66' title="bbox 333 4379 1981 4457">
     <span class='ocr_line' id='line_1_66' title="bbox 333 4379 1981 4457; baseline 0.001 -20"><span class='ocrx_word' id='word_1_504' title='bbox 333 4383 494 4442; x_wconf 81' lang='grc' dir='ltr'>ὅλοις</span> <span class='ocrx_word' id='word_1_505' title='bbox 531 4379 814 4455; x_wconf 75' lang='grc' dir='ltr'>βέλτιστος</span> <span class='ocrx_word' id='word_1_506' title='bbox 846 4381 912 4448; x_wconf 82' lang='grc' dir='ltr'>εἶ,</span> <span class='ocrx_word' id='word_1_507' title='bbox 946 4383 1049 4436; x_wconf 79' lang='grc' dir='ltr'>οὐκ</span> <span class='ocrx_word' id='word_1_508' title='bbox 1077 4379 1136 4436; x_wconf 78' lang='grc' dir='ltr'>ἄν</span> <span class='ocrx_word' id='word_1_509' title='bbox 1184 4403 1275 4454; x_wconf 88' lang='grc' dir='ltr'>μοι</span> <span class='ocrx_word' id='word_1_510' title='bbox 1329 4380 1506 4446; x_wconf 84' lang='grc' dir='ltr'>δοκεῖς</span> <span class='ocrx_word' id='word_1_511' title='bbox 1551 4384 1694 4457; x_wconf 83' lang='grc' dir='ltr'>παρὰ</span> <span class='ocrx_word' id='word_1_512' title='bbox 1748 4384 1981 4457; x_wconf 85' lang='grc' dir='ltr'>μηδενὸς</span> 
     </span>
    </p>
   </div>
   <div class='ocr_carea' id='block_1_67' title="bbox 333 4468 1980 4541">
    <p class='ocr_par' dir='ltr' id='par_1_67' title="bbox 333 4468 1980 4541">
     <span class='ocr_line' id='line_1_67' title="bbox 333 4468 1980 4541; baseline 0.002 -16"><span class='ocrx_word' id='word_1_513' title='bbox 333 4472 566 4525; x_wconf 70' lang='grc' dir='ltr'>ἀκούσαι</span> <span class='ocrx_word' id='word_1_514' title='bbox 616 4473 819 4536; x_wconf 80' lang='grc' dir='ltr'>κακῶς,</span> <span class='ocrx_word' id='word_1_515' title='bbox 876 4468 1006 4523; x_wconf 87' lang='grc' dir='ltr'>ἀλλ’</span> <span class='ocrx_word' id='word_1_516' title='bbox 1063 4470 1337 4532; x_wconf 70' lang='grc' dir='ltr'>ἐπαινέτας</span> <span class='ocrx_word' id='word_1_517' title='bbox 1399 4473 1603 4533; x_wconf 73' lang='grc' dir='ltr'>πάντας</span> <span class='ocrx_word' id='word_1_518' title='bbox 1654 4477 1980 4541; x_wconf 82' lang='grc' dir='ltr'>κεκτῆσθαι·</span> 
     </span>
    </p>
   </div>
   <div class='ocr_carea' id='block_1_68' title="bbox 338 4553 1982 4636">
    <p class='ocr_par' dir='ltr' id='par_1_68' title="bbox 338 4553 1982 4636">
     <span class='ocr_line' id='line_1_68' title="bbox 338 4553 1982 4636; baseline -0.001 -21"><span class='ocrx_word' id='word_1_519' title='bbox 338 4561 385 4615; x_wconf 75' lang='grc' dir='ltr'>εἰ</span> <span class='ocrx_word' id='word_1_520' title='bbox 421 4557 466 4613; x_wconf 77' lang='grc' dir='ltr'>δ’</span> <span class='ocrx_word' id='word_1_521' title='bbox 501 4559 730 4632; x_wconf 76' lang='grc' dir='ltr'>ἀκούσῃ,</span> <span class='ocrx_word' id='word_1_522' title='bbox 764 4553 942 4620; x_wconf 75' lang='grc' dir='ltr'>ἔοικας</span> <span class='ocrx_word' id='word_1_523' title='bbox 981 4557 1120 4632; x_wconf 74' lang='grc' dir='ltr'>μηδὲ</span> <span class='ocrx_word' id='word_1_524' title='bbox 1148 4565 1263 4621; x_wconf 85' lang='grc' dir='ltr'>τοῖς</span> <span class='ocrx_word' id='word_1_525' title='bbox 1297 4559 1450 4622; x_wconf 82' lang='grc' dir='ltr'>ὅλοις</span> <span class='ocrx_word' id='word_1_526' title='bbox 1500 4560 1784 4636; x_wconf 78' lang='grc' dir='ltr'>βέλτιστος</span> <span class='ocrx_word' id='word_1_527' title='bbox 1828 4563 1982 4631; x_wconf 74' lang='grc' dir='ltr'>εἶναι,</span> 
     </span>
    </p>
   </div>
   <div class='ocr_carea' id='block_1_69' title="bbox 340 4646 2070 4724">
    <p class='ocr_par' dir='ltr' id='par_1_69' title="bbox 340 4646 2070 4724">
     <span class='ocr_line' id='line_1_69' title="bbox 340 4646 2070 4724; baseline 0.001 -20"><span class='ocrx_word' id='word_1_528' title='bbox 340 4648 492 4704; x_wconf 85' lang='grc' dir='ltr'>ἀλλά</span> <span class='ocrx_word' id='word_1_529' title='bbox 547 4652 647 4703; x_wconf 77' lang='grc' dir='ltr'>τοῦ</span> <span class='ocrx_word' id='word_1_530' title='bbox 706 4646 794 4701; x_wconf 80' lang='grc' dir='ltr'>διὰ</span> <span class='ocrx_word' id='word_1_531' title='bbox 839 4651 1054 4702; x_wconf 68' lang='grc' dir='ltr'>πάντων</span> <span class='ocrx_word' id='word_1_532' title='bbox 1106 4647 1294 4715; x_wconf 82' lang='grc' dir='ltr'>ἐνδεῖν,</span> <span class='ocrx_word' id='word_1_533' title='bbox 1325 4651 1415 4704; x_wconf 85' lang='grc' dir='ltr'>καὶ</span> <span class='ocrx_word' id='word_1_534' title='bbox 1465 4647 1554 4704; x_wconf 77' lang='grc' dir='ltr'>διὰ</span> <span class='ocrx_word' id='word_1_535' title='bbox 1601 4655 1763 4705; x_wconf 78' lang='grc' dir='ltr'>τοῦτο</span> <span class='ocrx_word' id='word_1_536' title='bbox 1812 4655 1991 4712; x_wconf 80' lang='grc' dir='ltr'>κακῶς</span> <span class='ocrx_word' id='word_1_537' title='bbox 2026 4663 2070 4724; x_wconf 88' lang='grc'>[)</span> 
     </span>
    </p>
   </div>
   <div class='ocr_carea' id='block_1_70' title="bbox 340 4737 1990 4813">
    <p class='ocr_par' dir='ltr' id='par_1_70' title="bbox 340 4737 1990 4813">
     <span class='ocr_line' id='line_1_70' title="bbox 340 4737 1990 4813; baseline 0.001 -21"><span class='ocrx_word' id='word_1_538' title='bbox 340 4739 598 4793; x_wconf 79' lang='grc' dir='ltr'>ἀκούειν’</span> <span class='ocrx_word' id='word_1_539' title='bbox 665 4737 958 4813; x_wconf 83' lang='grc' dir='ltr'>διόρθωσαι</span> <span class='ocrx_word' id='word_1_540' title='bbox 1015 4740 1196 4792; x_wconf 85' lang='grc' dir='ltr'>τοίνυν</span> <span class='ocrx_word' id='word_1_541' title='bbox 1252 4738 1303 4793; x_wconf 83' lang='grc' dir='ltr'>ἐν</span> <span class='ocrx_word' id='word_1_542' title='bbox 1335 4737 1574 4801; x_wconf 87' lang='grc' dir='ltr'>’τούτοις</span> <span class='ocrx_word' id='word_1_543' title='bbox 1632 4742 1841 4809; x_wconf 84' lang='grc' dir='ltr'>σαυτὸν,</span> <span class='ocrx_word' id='word_1_544' title='bbox 1902 4740 1990 4795; x_wconf 82' lang='grc' dir='ltr'>καὶ</span> 
     </span>
    </p>
   </div>
   <div class='ocr_carea' id='block_1_71' title="bbox 341 4824 1990 4902">
    <p class='ocr_par' dir='ltr' id='par_1_71' title="bbox 341 4824 1990 4902">
     <span class='ocr_line' id='line_1_71' title="bbox 341 4824 1990 4902; baseline 0.001 -21"><span class='ocrx_word' id='word_1_545' title='bbox 341 4827 581 4896; x_wconf 81' lang='grc' dir='ltr'>ποίησον</span> <span class='ocrx_word' id='word_1_546' title='bbox 635 4824 725 4880; x_wconf 83' lang='grc' dir='ltr'>διὰ</span> <span class='ocrx_word' id='word_1_547' title='bbox 774 4828 990 4880; x_wconf 83' lang='grc' dir='ltr'>πάντων</span> <span class='ocrx_word' id='word_1_548' title='bbox 1040 4826 1244 4900; x_wconf 84' lang='grc' dir='ltr'>βελτίω</span> <span class='ocrx_word' id='word_1_549' title='bbox 1269 4847 1282 4859; x_wconf 88' lang='grc'><strong>·</strong></span> <span class='ocrx_word' id='word_1_550' title='bbox 1315 4824 1417 4890; x_wconf 73' lang='grc' dir='ltr'>ἕως</span> <span class='ocrx_word' id='word_1_551' title='bbox 1465 4827 1510 4881; x_wconf 88' lang='grc' dir='ltr'>δ’</span> <span class='ocrx_word' id='word_1_552' title='bbox 1543 4828 1602 4882; x_wconf 81' lang='grc' dir='ltr'>ἂν</span> <span class='ocrx_word' id='word_1_553' title='bbox 1637 4831 1713 4901; x_wconf 78' lang='grc' dir='ltr'>μὴ</span> <span class='ocrx_word' id='word_1_554' title='bbox 1745 4830 1894 4883; x_wconf 79' lang='grc' dir='ltr'>τοῦτ’</span> <span class='ocrx_word' id='word_1_555' title='bbox 1933 4828 1990 4902; x_wconf 72' lang='grc' dir='ltr'>ᾖ,</span> 
     </span>
    </p>
   </div>
   <div class='ocr_carea' id='block_1_72' title="bbox 344 4915 1998 4992">
    <p class='ocr_par' dir='ltr' id='par_1_72' title="bbox 344 4915 1998 4992">
     <span class='ocr_line' id='line_1_72' title="bbox 344 4915 1998 4992; baseline -0.001 -20"><span class='ocrx_word' id='word_1_556' title='bbox 344 4919 578 4972; x_wconf 81' lang='grc' dir='ltr'>καὶτῶν</span> <span class='ocrx_word' id='word_1_557' title='bbox 607 4915 950 4988; x_wconf 76' lang='grc' dir='ltr'>αἰτιωμένων</span> <span class='ocrx_word' id='word_1_558' title='bbox 998 4917 1233 4992; x_wconf 67' lang='grc' dir='ltr'>ἀνέχου·</span> <span class='ocrx_word' id='word_1_559' title='bbox 1273 4917 1485 4990; x_wconf 83' lang='grc' dir='ltr'>μᾶλλον</span> <span class='ocrx_word' id='word_1_560' title='bbox 1526 4915 1583 4973; x_wconf 74' lang='grc' dir='ltr'>δὲ</span> <span class='ocrx_word' id='word_1_561' title='bbox 1631 4916 1726 4972; x_wconf 79' lang='grc' dir='ltr'>κᾶν</span> <span class='ocrx_word' id='word_1_562' title='bbox 1771 4916 1998 4992; x_wconf 84' lang='grc' dir='ltr'>μηδεισ-</span> 
     </span>
    </p>
   </div>
   <div class='ocr_carea' id='block_1_73' title="bbox 346 5004 1996 5080">
    <p class='ocr_par' dir='ltr' id='par_1_73' title="bbox 346 5004 1996 5080">
     <span class='ocr_line' id='line_1_73' title="bbox 346 5004 1996 5080; baseline -0.001 -19"><span class='ocrx_word' id='word_1_563' title='bbox 346 5009 534 5061; x_wconf 78' lang='grc' dir='ltr'>τισοῦν</span> <span class='ocrx_word' id='word_1_564' title='bbox 594 5025 651 5058; x_wconf 91' lang='grc' dir='ltr'>σε</span> <span class='ocrx_word' id='word_1_565' title='bbox 706 5009 815 5058; x_wconf 81' lang='grc' dir='ltr'>τῶν</span> <span class='ocrx_word' id='word_1_566' title='bbox 874 5005 1088 5060; x_wconf 78' lang='grc' dir='ltr'>πάντων</span> <span class='ocrx_word' id='word_1_567' title='bbox 1138 5004 1263 5080; x_wconf 68' lang='grc' dir='ltr'>ε’ίπῃ</span> <span class='ocrx_word' id='word_1_568' title='bbox 1341 5012 1545 5071; x_wconf 83' lang='grc' dir='ltr'>κακῶς,</span> <span class='ocrx_word' id='word_1_569' title='bbox 1602 5005 1698 5062; x_wconf 77' lang='grc' dir='ltr'>κᾶν</span> <span class='ocrx_word' id='word_1_570' title='bbox 1772 5007 1996 5064; x_wconf 81' lang='grc' dir='ltr'><strong>τούναν-</strong></span> 
     </span>
    </p>
   </div>
   <div class='ocr_carea' id='block_1_74' title="bbox 345 5092 1994 5172">
    <p class='ocr_par' dir='ltr' id='par_1_74' title="bbox 345 5092 1994 5172">
     <span class='ocr_line' id='line_1_74' title="bbox 345 5092 1994 5172; baseline -0.001 -23"><span class='ocrx_word' id='word_1_571' title='bbox 345 5094 464 5149; x_wconf 86' lang='grc' dir='ltr'>τίον</span> <span class='ocrx_word' id='word_1_572' title='bbox 515 5093 710 5155; x_wconf 79' lang='grc' dir='ltr'>πάντες</span> <span class='ocrx_word' id='word_1_573' title='bbox 769 5097 910 5172; x_wconf 71' lang='grc' dir='ltr'>φῶσι</span> <span class='ocrx_word' id='word_1_574' title='bbox 957 5092 1166 5165; x_wconf 82' lang='grc' dir='ltr'>καλῶς,</span> <span class='ocrx_word' id='word_1_575' title='bbox 1224 5094 1286 5149; x_wconf 82' lang='grc' dir='ltr'>σὺ</span> <span class='ocrx_word' id='word_1_576' title='bbox 1343 5092 1399 5149; x_wconf 84' lang='grc' dir='ltr'>δε</span> <span class='ocrx_word' id='word_1_577' title='bbox 1457 5095 1545 5150; x_wconf 88' lang='grc' dir='ltr'>καὶ</span> <span class='ocrx_word' id='word_1_578' title='bbox 1604 5095 1746 5150; x_wconf 75' lang='grc' dir='ltr'>οὕτω</span> <span class='ocrx_word' id='word_1_579' title='bbox 1803 5098 1994 5150; x_wconf 87' lang='grc' dir='ltr'>σαυτὸν</span> 
     </span>
    </p>
   </div>
   <div class='ocr_carea' id='block_1_75' title="bbox 345 5180 1998 5257">
    <p class='ocr_par' dir='ltr' id='par_1_75' title="bbox 345 5180 1998 5257">
     <span class='ocr_line' id='line_1_75' title="bbox 345 5180 1998 5257; baseline 0.001 -19"><span class='ocrx_word' id='word_1_580' title='bbox 345 5185 436 5244; x_wconf 83' lang='grc' dir='ltr'>οἷς</span> <span class='ocrx_word' id='word_1_581' title='bbox 469 5181 642 5243; x_wconf 68' lang='grc' dir='ltr'>οὕτως</span> <span class='ocrx_word' id='word_1_582' title='bbox 700 5180 866 5257; x_wconf 82' lang='grc' dir='ltr'>ἔχεις,</span> <span class='ocrx_word' id='word_1_583' title='bbox 901 5184 1006 5238; x_wconf 85' lang='grc' dir='ltr'>οὐκ</span> <span class='ocrx_word' id='word_1_584' title='bbox 1053 5183 1385 5257; x_wconf 79' lang='grc' dir='ltr'>ἀπαλλάξεις</span> <span class='ocrx_word' id='word_1_585' title='bbox 1432 5185 1627 5256; x_wconf 87' lang='grc' dir='ltr'>αἰτίας,</span> <span class='ocrx_word' id='word_1_586' title='bbox 1660 5187 1748 5239; x_wconf 72' lang='grc' dir='ltr'><strong>ἐὰν</strong></span> <span class='ocrx_word' id='word_1_587' title='bbox 1800 5189 1998 5240; x_wconf 79' lang='grc' dir='ltr'>σαυτοῦ</span> 
     </span>
    </p>
   </div>
   <div class='ocr_carea' id='block_1_76' title="bbox 346 5271 1997 5348">
    <p class='ocr_par' dir='ltr' id='par_1_76' title="bbox 346 5271 1997 5348">
     <span class='ocr_line' id='line_1_76' title="bbox 346 5271 1997 5348; baseline 0.001 -22"><span class='ocrx_word' id='word_1_588' title='bbox 346 5273 517 5344; x_wconf 83' lang='grc' dir='ltr'>λόγον</span> <span class='ocrx_word' id='word_1_589' title='bbox 568 5275 726 5343; x_wconf 83' lang='grc' dir='ltr'>ποιῇ,</span> <span class='ocrx_word' id='word_1_590' title='bbox 758 5272 849 5325; x_wconf 85' lang='grc' dir='ltr'>καὶ</span> <span class='ocrx_word' id='word_1_591' title='bbox 891 5276 969 5342; x_wconf 82' lang='grc' dir='ltr'>τῷ</span> <span class='ocrx_word' id='word_1_592' title='bbox 1017 5274 1371 5344; x_wconf 78' lang='grc' dir='ltr'>καθεκάστην,</span> <span class='ocrx_word' id='word_1_593' title='bbox 1406 5274 1479 5334; x_wconf 85' lang='grc' dir='ltr'>ὡς</span> <span class='ocrx_word' id='word_1_594' title='bbox 1531 5273 1721 5344; x_wconf 80' lang='grc' dir='ltr'>εἷ’πεῖν,</span> <span class='ocrx_word' id='word_1_595' title='bbox 1764 5273 1868 5348; x_wconf 85' lang='grc' dir='ltr'>βίῳ</span> <span class='ocrx_word' id='word_1_596' title='bbox 1917 5271 1997 5327; x_wconf 83' lang='grc' dir='ltr'>δι-</span> 
     </span>
    </p>
   </div>
   <div class='ocr_carea' id='block_1_77' title="bbox 342 5360 1999 5436">
    <p class='ocr_par' dir='ltr' id='par_1_77' title="bbox 342 5360 1999 5436">
     <span class='ocr_line' id='line_1_77' title="bbox 342 5360 1999 5436; baseline 0.002 -21"><span class='ocrx_word' id='word_1_597' title='bbox 342 5362 568 5429; x_wconf 75' lang='grc' dir='ltr'>κάζεις·</span> <span class='ocrx_word' id='word_1_598' title='bbox 605 5360 747 5414; x_wconf 76' lang='grc' dir='ltr'>οὕτω</span> <span class='ocrx_word' id='word_1_599' title='bbox 792 5361 1009 5429; x_wconf 88' lang='grc' dir='ltr'>σαυτὸν,</span> <span class='ocrx_word' id='word_1_600' title='bbox 1040 5361 1129 5416; x_wconf 83' lang='grc' dir='ltr'>καὶ</span> <span class='ocrx_word' id='word_1_601' title='bbox 1181 5365 1256 5435; x_wconf 76' lang='grc' dir='ltr'>μὴ</span> <span class='ocrx_word' id='word_1_602' title='bbox 1309 5361 1438 5424; x_wconf 83' lang='grc' dir='ltr'>τοὺς</span> <span class='ocrx_word' id='word_1_603' title='bbox 1491 5362 1744 5436; x_wconf 71' lang='grc' dir='ltr'>λέγοντας</span> <span class='ocrx_word' id='word_1_604' title='bbox 1796 5367 1999 5434; x_wconf 83' lang='grc' dir='ltr'>κακῶς,</span> 
     </span>
    </p>
   </div>
   <div class='ocr_carea' id='block_1_78' title="bbox 349 5447 2003 5525">
    <p class='ocr_par' dir='ltr' id='par_1_78' title="bbox 349 5447 2003 5525">
     <span class='ocr_line' id='line_1_78' title="bbox 349 5447 2003 5525; baseline 0.002 -23"><span class='ocrx_word' id='word_1_605' title='bbox 349 5448 626 5503; x_wconf 71' lang='grc' dir='ltr'>αἷτιᾶσθαι</span> <span class='ocrx_word' id='word_1_606' title='bbox 656 5447 870 5512; x_wconf 82' lang='grc' dir='ltr'>δίκαιος</span> <span class='ocrx_word' id='word_1_607' title='bbox 909 5450 951 5504; x_wconf 85' lang='grc' dir='ltr'>εἶ</span> <span class='ocrx_word' id='word_1_608' title='bbox 977 5467 990 5482; x_wconf 80' lang='grc'><strong><em>⁸</em></strong></span> <span class='ocrx_word' id='word_1_609' title='bbox 1023 5450 1210 5512; x_wconf 81' lang='grc' dir='ltr'>αὐτοῖς</span> <span class='ocrx_word' id='word_1_610' title='bbox 1254 5453 1348 5523; x_wconf 73' lang='grc' dir='ltr'>μὲν</span> <span class='ocrx_word' id='word_1_611' title='bbox 1378 5450 1468 5505; x_wconf 77' lang='grc' dir='ltr'>οὖν</span> <span class='ocrx_word' id='word_1_612' title='bbox 1495 5452 1712 5512; x_wconf 75' lang='grc' dir='ltr'>τούτοις</span> <span class='ocrx_word' id='word_1_613' title='bbox 1766 5451 2003 5525; x_wconf 70' lang='grc' dir='ltr'>μάλιστα</span> 
     </span>
    </p>
   </div>
   <div class='ocr_carea' id='block_1_79' title="bbox 350 5535 2000 5613">
    <p class='ocr_par' dir='ltr' id='par_1_79' title="bbox 350 5535 2000 5613">
     <span class='ocr_line' id='line_1_79' title="bbox 350 5535 2000 5613; baseline 0.002 -23"><span class='ocrx_word' id='word_1_614' title='bbox 350 5537 445 5591; x_wconf 82' lang='grc' dir='ltr'>καὶ</span> <span class='ocrx_word' id='word_1_615' title='bbox 489 5539 650 5611; x_wconf 81' lang='grc' dir='ltr'>χάριν</span> <span class='ocrx_word' id='word_1_616' title='bbox 700 5535 922 5608; x_wconf 80' lang='grc' dir='ltr'>εἰδέναι,</span> <span class='ocrx_word' id='word_1_617' title='bbox 953 5537 1036 5592; x_wconf 78' lang='grc' dir='ltr'>ὅτι</span> <span class='ocrx_word' id='word_1_618' title='bbox 1077 5540 1138 5592; x_wconf 88' lang='grc' dir='ltr'>σὺ</span> <span class='ocrx_word' id='word_1_619' title='bbox 1195 5540 1288 5612; x_wconf 73' lang='grc' dir='ltr'>μὲν</span> <span class='ocrx_word' id='word_1_620' title='bbox 1340 5539 1442 5594; x_wconf 81' lang='grc' dir='ltr'>ὑπὸ</span> <span class='ocrx_word' id='word_1_621' title='bbox 1490 5545 1587 5594; x_wconf 80' lang='grc' dir='ltr'>τοῦ</span> <span class='ocrx_word' id='word_1_622' title='bbox 1635 5545 1825 5595; x_wconf 87' lang='grc' dir='ltr'>σαυτὸν</span> <span class='ocrx_word' id='word_1_623' title='bbox 1859 5542 2000 5613; x_wconf 80' lang='grc' dir='ltr'>σφό-</span> 
     </span>
    </p>
   </div>
   <div class='ocr_carea' id='block_1_80' title="bbox 357 5625 1999 5701">
    <p class='ocr_par' dir='ltr' id='par_1_80' title="bbox 357 5625 1999 5701">
     <span class='ocr_line' id='line_1_80' title="bbox 357 5625 1999 5701; baseline 0.002 -22"><span class='ocrx_word' id='word_1_624' title='bbox 357 5625 456 5698; x_wconf 74' lang='grc' dir='ltr'>δρα</span> <span class='ocrx_word' id='word_1_625' title='bbox 489 5625 989 5701; x_wconf 63' lang='grc' dir='ltr'>φιλεῖν,ἠγνόησας</span> <span class='ocrx_word' id='word_1_626' title='bbox 1019 5628 1210 5682; x_wconf 86' lang='grc' dir='ltr'>σαυτὸν</span> <span class='ocrx_word' id='word_1_627' title='bbox 1263 5627 1314 5682; x_wconf 82' lang='grc' dir='ltr'>ἐν</span> <span class='ocrx_word' id='word_1_628' title='bbox 1364 5628 1542 5700; x_wconf 84' lang='grc' dir='ltr'>τούτῳ</span> <span class='ocrx_word' id='word_1_629' title='bbox 1589 5625 1769 5697; x_wconf 73' lang='grc' dir='ltr'>δήπου</span> <span class='ocrx_word' id='word_1_630' title='bbox 1817 5628 1999 5701; x_wconf 72' lang='grc' dir='ltr'>μέρει·</span> 
     </span>
    </p>
   </div>
   <div class='ocr_carea' id='block_1_81' title="bbox 363 5711 2005 5792">
    <p class='ocr_par' dir='ltr' id='par_1_81' title="bbox 363 5711 2005 5792">
     <span class='ocr_line' id='line_1_81' title="bbox 363 5711 2005 5792; baseline -0.001 -23"><span class='ocrx_word' id='word_1_631' title='bbox 363 5715 416 5769; x_wconf 69' lang='grc' dir='ltr'>οἳ</span> <span class='ocrx_word' id='word_1_632' title='bbox 445 5711 498 5766; x_wconf 73' lang='grc' dir='ltr'>δὲ</span> <span class='ocrx_word' id='word_1_633' title='bbox 531 5711 600 5765; x_wconf 81' lang='grc' dir='ltr'>δι’</span> <span class='ocrx_word' id='word_1_634' title='bbox 632 5715 707 5767; x_wconf 80' lang='grc' dir='ltr'>ὧν</span> <span class='ocrx_word' id='word_1_635' title='bbox 740 5714 889 5768; x_wconf 80' lang='grc' dir='ltr'>εἶπον</span> <span class='ocrx_word' id='word_1_636' title='bbox 922 5716 1123 5782; x_wconf 82' lang='grc' dir='ltr'>κακῶς,</span> <span class='ocrx_word' id='word_1_637' title='bbox 1148 5719 1422 5791; x_wconf 69' lang='grc' dir='ltr'>παρέσχον</span> <span class='ocrx_word' id='word_1_638' title='bbox 1455 5739 1536 5770; x_wconf 72' lang='grc' dir='ltr'>σοι</span> <span class='ocrx_word' id='word_1_639' title='bbox 1571 5719 1653 5771; x_wconf 76' lang='grc' dir='ltr'>καὶ</span> <span class='ocrx_word' id='word_1_640' title='bbox 1687 5722 1886 5792; x_wconf 76' lang='grc' dir='ltr'>γνῶναι</span> <span class='ocrx_word' id='word_1_641' title='bbox 1918 5716 2005 5770; x_wconf 84' lang='grc' dir='ltr'>καὶ</span> 
     </span>
    </p>
   </div>
   <div class='ocr_carea' id='block_1_82' title="bbox 2080 3424 3717 3501">
    <p class='ocr_par' dir='ltr' id='par_1_82' title="bbox 2080 3424 3717 3501">
     <span class='ocr_line' id='line_1_82' title="bbox 2080 3424 3717 3501; baseline -0.002 -18"><span class='ocrx_word' id='word_1_642' title='bbox 2080 3432 2312 3501; x_wconf 78' lang='lat' dir='ltr'><strong>gaudet,</strong></span> <span class='ocrx_word' id='word_1_643' title='bbox 2345 3431 2392 3485; x_wconf 90' lang='lat' dir='ltr'><strong>si</strong></span> <span class='ocrx_word' id='word_1_644' title='bbox 2424 3431 2842 3486; x_wconf 80' lang='lat' dir='ltr'><strong>tentationibus</strong></span> <span class='ocrx_word' id='word_1_645' title='bbox 2882 3446 2996 3484; x_wconf 90' lang='lat' dir='ltr'>non</span> <span class='ocrx_word' id='word_1_646' title='bbox 3031 3427 3364 3483; x_wconf 88' lang='lat' dir='ltr'><strong>succumbis</strong></span> <span class='ocrx_word' id='word_1_647' title='bbox 3392 3443 3406 3490; x_wconf 86' lang='lat'><strong>;</strong></span> <span class='ocrx_word' id='word_1_648' title='bbox 3440 3424 3489 3479; x_wconf 86' lang='lat' dir='ltr'><strong>si</strong></span> <span class='ocrx_word' id='word_1_649' title='bbox 3521 3430 3717 3480; x_wconf 81' lang='lat' dir='ltr'><strong>autem</strong></span> 
     </span>
    </p>
   </div>
   <div class='ocr_carea' id='block_1_83' title="bbox 2081 3530 3724 3610">
    <p class='ocr_par' dir='ltr' id='par_1_83' title="bbox 2081 3530 3724 3610">
     <span class='ocr_line' id='line_1_83' title="bbox 2081 3530 3724 3610; baseline -0.006 -16"><span class='ocrx_word' id='word_1_650' title='bbox 2081 3545 2296 3594; x_wconf 88' lang='lat' dir='ltr'><strong>sortem</strong></span> <span class='ocrx_word' id='word_1_651' title='bbox 2319 3539 2577 3610; x_wconf 86' lang='lat' dir='ltr'><strong>iniquum</strong></span> <span class='ocrx_word' id='word_1_652' title='bbox 2605 3537 2833 3608; x_wconf 89' lang='lat' dir='ltr'><strong>pateris,</strong></span> <span class='ocrx_word' id='word_1_653' title='bbox 2858 3537 3052 3592; x_wconf 84' lang='lat' dir='ltr'><strong>minus</strong></span> <span class='ocrx_word' id='word_1_654' title='bbox 3077 3551 3250 3606; x_wconf 84' lang='lat' dir='ltr'><strong>quam</strong></span> <span class='ocrx_word' id='word_1_655' title='bbox 3277 3550 3374 3602; x_wconf 87' lang='lat' dir='ltr'>par</span> <span class='ocrx_word' id='word_1_656' title='bbox 3395 3536 3482 3586; x_wconf 92' lang='lat' dir='ltr'>est</span> <span class='ocrx_word' id='word_1_657' title='bbox 3502 3530 3724 3600; x_wconf 83' lang='lat' dir='ltr'><strong>afﬂige-</strong></span> 
     </span>
    </p>
   </div>
   <div class='ocr_carea' id='block_1_84' title="bbox 2084 3635 3726 3715">
    <p class='ocr_par' dir='ltr' id='par_1_84' title="bbox 2084 3635 3726 3715">
     <span class='ocr_line' id='line_1_84' title="bbox 2084 3635 3726 3715; baseline -0.005 -17"><span class='ocrx_word' id='word_1_658' title='bbox 2084 3651 2214 3712; x_wconf 85' lang='lat' dir='ltr'><strong>tur;</strong></span> <span class='ocrx_word' id='word_1_659' title='bbox 2245 3650 2300 3698; x_wconf 91' lang='lat' dir='ltr'>et</span> <span class='ocrx_word' id='word_1_660' title='bbox 2319 3645 2582 3714; x_wconf 80' lang='lat' dir='ltr'><strong>quamvis</strong></span> <span class='ocrx_word' id='word_1_661' title='bbox 2605 3644 2685 3699; x_wconf 86' lang='lat' dir='ltr'>sis</span> <span class='ocrx_word' id='word_1_662' title='bbox 2703 3644 2982 3715; x_wconf 87' lang='lat' dir='ltr'><strong>optimus,</strong></span> <span class='ocrx_word' id='word_1_663' title='bbox 3007 3641 3238 3695; x_wconf 78' lang='lat' dir='ltr'><strong>invidias</strong></span> <span class='ocrx_word' id='word_1_664' title='bbox 3273 3637 3387 3694; x_wconf 88' lang='lat' dir='ltr'><strong>tela</strong></span> <span class='ocrx_word' id='word_1_665' title='bbox 3422 3636 3510 3691; x_wconf 90' lang='lat' dir='ltr'>vel</span> <span class='ocrx_word' id='word_1_666' title='bbox 3543 3636 3600 3691; x_wconf 88' lang='lat' dir='ltr'>in</span> <span class='ocrx_word' id='word_1_667' title='bbox 3632 3635 3726 3690; x_wconf 54' lang='lat' dir='ltr'>in-</span> 
     </span>
    </p>
   </div>
   <div class='ocr_carea' id='block_1_85' title="bbox 2089 3745 3726 3824">
    <p class='ocr_par' dir='ltr' id='par_1_85' title="bbox 2089 3745 3726 3824">
     <span class='ocr_line' id='line_1_85' title="bbox 2089 3745 3726 3824; baseline -0.005 -18"><span class='ocrx_word' id='word_1_668' title='bbox 2089 3759 2387 3807; x_wconf 86' lang='lat' dir='ltr'><strong>nocentem</strong></span> <span class='ocrx_word' id='word_1_669' title='bbox 2422 3753 2741 3824; x_wconf 88' lang='lat' dir='ltr'><strong>dirigentur</strong></span> <span class='ocrx_word' id='word_1_670' title='bbox 2771 3753 3100 3822; x_wconf 82' lang='lat' dir='ltr'><strong>famamque</strong></span> <span class='ocrx_word' id='word_1_671' title='bbox 3129 3753 3289 3804; x_wconf 86' lang='lat' dir='ltr'><strong>tuam</strong></span> <span class='ocrx_word' id='word_1_672' title='bbox 3323 3747 3545 3802; x_wconf 68' lang='lat' dir='ltr'><strong>laedent.</strong></span> <span class='ocrx_word' id='word_1_673' title='bbox 3577 3745 3726 3808; x_wconf 60' lang='lat' dir='ltr'><strong>Quae</strong></span> 
     </span>
    </p>
   </div>
   <div class='ocr_carea' id='block_1_86' title="bbox 2089 3852 3728 3931">
    <p class='ocr_par' dir='ltr' id='par_1_86' title="bbox 2089 3852 3728 3931">
     <span class='ocr_line' id='line_1_86' title="bbox 2089 3852 3728 3931; baseline -0.006 -15"><span class='ocrx_word' id='word_1_674' title='bbox 2089 3878 2148 3916; x_wconf 87' lang='lat' dir='ltr'>re</span> <span class='ocrx_word' id='word_1_675' title='bbox 2180 3861 2334 3931; x_wconf 83' lang='lat' dir='ltr'><strong>erige</strong></span> <span class='ocrx_word' id='word_1_676' title='bbox 2366 3861 2624 3916; x_wconf 87' lang='lat' dir='ltr'><strong>animum</strong></span> <span class='ocrx_word' id='word_1_677' title='bbox 2657 3868 2827 3930; x_wconf 88' lang='lat' dir='ltr'><strong>teque</strong></span> <span class='ocrx_word' id='word_1_678' title='bbox 2860 3861 3050 3929; x_wconf 91' lang='lat' dir='ltr'><strong>ipsum</strong></span> <span class='ocrx_word' id='word_1_679' title='bbox 3085 3858 3330 3912; x_wconf 85' lang='lat' dir='ltr'><strong>emenda</strong></span> <span class='ocrx_word' id='word_1_680' title='bbox 3362 3853 3644 3926; x_wconf 88' lang='lat' dir='ltr'><strong>quotidie,</strong></span> <span class='ocrx_word' id='word_1_681' title='bbox 3667 3852 3728 3907; x_wconf 90' lang='lat' dir='ltr'><strong>in</strong></span> 
     </span>
    </p>
   </div>
   <div class='ocr_carea' id='block_1_87' title="bbox 2089 3963 3730 4039">
    <p class='ocr_par' dir='ltr' id='par_1_87' title="bbox 2089 3963 3730 4039">
     <span class='ocr_line' id='line_1_87' title="bbox 2089 3963 3730 4039; baseline -0.005 -17"><span class='ocrx_word' id='word_1_682' title='bbox 2089 3972 2242 4024; x_wconf 81' lang='lat' dir='ltr'><strong>terea</strong></span> <span class='ocrx_word' id='word_1_683' title='bbox 2273 3977 2461 4022; x_wconf 83' lang='lat' dir='ltr'><strong>autem</strong></span> <span class='ocrx_word' id='word_1_684' title='bbox 2496 3969 2940 4039; x_wconf 83' lang='lat' dir='ltr'><strong>reprehensores</strong></span> <span class='ocrx_word' id='word_1_685' title='bbox 2972 3965 3256 4021; x_wconf 84' lang='lat' dir='ltr'><strong>ausculta.</strong></span> <span class='ocrx_word' id='word_1_686' title='bbox 3289 3963 3399 4018; x_wconf 89' lang='lat' dir='ltr'>Sed</span> <span class='ocrx_word' id='word_1_687' title='bbox 3432 3968 3551 4016; x_wconf 85' lang='lat' dir='ltr'>tam</span> <span class='ocrx_word' id='word_1_688' title='bbox 3585 3975 3730 4030; x_wconf 88' lang='lat' dir='ltr'><strong>quo-</strong></span> 
     </span>
    </p>
   </div>
   <div class='ocr_carea' id='block_1_88' title="bbox 2092 4068 3731 4146">
    <p class='ocr_par' dir='ltr' id='par_1_88' title="bbox 2092 4068 3731 4146">
     <span class='ocr_line' id='line_1_88' title="bbox 2092 4068 3731 4146; baseline -0.007 -16"><span class='ocrx_word' id='word_1_689' title='bbox 2092 4092 2204 4146; x_wconf 85' lang='lat' dir='ltr'><strong>que</strong></span> <span class='ocrx_word' id='word_1_690' title='bbox 2241 4076 2336 4130; x_wconf 91' lang='lat' dir='ltr'><strong>ubi</strong></span> <span class='ocrx_word' id='word_1_691' title='bbox 2389 4077 2530 4130; x_wconf 86' lang='lat' dir='ltr'><strong>bene</strong></span> <span class='ocrx_word' id='word_1_692' title='bbox 2576 4075 2644 4130; x_wconf 89' lang='lat' dir='ltr'>de</span> <span class='ocrx_word' id='word_1_693' title='bbox 2699 4081 2755 4129; x_wconf 83' lang='lat' dir='ltr'>te</span> <span class='ocrx_word' id='word_1_694' title='bbox 2806 4073 3136 4144; x_wconf 88' lang='lat' dir='ltr'><strong>loquuntur,</strong></span> <span class='ocrx_word' id='word_1_695' title='bbox 3168 4071 3268 4125; x_wconf 80' lang='lat' dir='ltr'><strong>tibi</strong></span> <span class='ocrx_word' id='word_1_696' title='bbox 3310 4068 3419 4140; x_wconf 86' lang='lat' dir='ltr'><strong>ipsi</strong></span> <span class='ocrx_word' id='word_1_697' title='bbox 3452 4068 3731 4122; x_wconf 81' lang='lat' dir='ltr'><strong>rationem</strong></span> 
     </span>
    </p>
   </div>
   <div class='ocr_carea' id='block_1_89' title="bbox 2096 4173 3733 4254">
    <p class='ocr_par' dir='ltr' id='par_1_89' title="bbox 2096 4173 3733 4254">
     <span class='ocr_line' id='line_1_89' title="bbox 2096 4173 3733 4254; baseline -0.007 -17"><span class='ocrx_word' id='word_1_698' title='bbox 2096 4183 2265 4238; x_wconf 87' lang='lat' dir='ltr'><strong>redde</strong></span> <span class='ocrx_word' id='word_1_699' title='bbox 2296 4191 2349 4236; x_wconf 89' lang='lat' dir='ltr'>et</span> <span class='ocrx_word' id='word_1_700' title='bbox 2377 4182 2502 4237; x_wconf 75' lang='lat' dir='ltr'><strong>vitis</strong></span> <span class='ocrx_word' id='word_1_701' title='bbox 2533 4181 2885 4254; x_wconf 68' lang='lat' dir='ltr'><strong>quotidianae</strong></span> <span class='ocrx_word' id='word_1_702' title='bbox 2918 4195 3156 4235; x_wconf 85' lang='lat' dir='ltr'><strong>examen</strong></span> <span class='ocrx_word' id='word_1_703' title='bbox 3179 4177 3435 4232; x_wconf 86' lang='lat' dir='ltr'><strong>institue.</strong></span> <span class='ocrx_word' id='word_1_704' title='bbox 3462 4174 3558 4230; x_wconf 90' lang='lat' dir='ltr'><strong>Sic</strong></span> <span class='ocrx_word' id='word_1_705' title='bbox 3579 4173 3733 4228; x_wconf 89' lang='lat' dir='ltr'><strong>enim</strong></span> 
     </span>
    </p>
   </div>
   <div class='ocr_carea' id='block_1_90' title="bbox 2097 4281 3734 4361">
    <p class='ocr_par' dir='ltr' id='par_1_90' title="bbox 2097 4281 3734 4361">
     <span class='ocr_line' id='line_1_90' title="bbox 2097 4281 3734 4361; baseline -0.008 -16"><span class='ocrx_word' id='word_1_706' title='bbox 2097 4291 2366 4361; x_wconf 86' lang='lat' dir='ltr'><strong>teipsum,</strong></span> <span class='ocrx_word' id='word_1_707' title='bbox 2417 4308 2530 4345; x_wconf 89' lang='lat' dir='ltr'>non</span> <span class='ocrx_word' id='word_1_708' title='bbox 2597 4298 2831 4344; x_wconf 77' lang='lat' dir='ltr'><strong>caeteros</strong></span> <span class='ocrx_word' id='word_1_709' title='bbox 2892 4285 3381 4358; x_wconf 87' lang='lat' dir='ltr'><strong>reprehensibiles</strong></span> <span class='ocrx_word' id='word_1_710' title='bbox 3435 4281 3734 4345; x_wconf 83' lang='lat' dir='ltr'><strong>invenies;</strong></span> 
     </span>
    </p>
   </div>
   <div class='ocr_carea' id='block_1_91' title="bbox 2101 4386 3736 4470">
    <p class='ocr_par' dir='ltr' id='par_1_91' title="bbox 2101 4386 3736 4470">
     <span class='ocr_line' id='line_1_91' title="bbox 2101 4386 3736 4470; baseline -0.007 -18"><span class='ocrx_word' id='word_1_711' title='bbox 2101 4400 2218 4454; x_wconf 91' lang='lat' dir='ltr'><strong>imo</strong></span> <span class='ocrx_word' id='word_1_712' title='bbox 2267 4398 2478 4470; x_wconf 84' lang='lat' dir='ltr'><strong>gratias</strong></span> <span class='ocrx_word' id='word_1_713' title='bbox 2527 4398 2596 4452; x_wconf 90' lang='lat' dir='ltr'><strong>iis</strong></span> <span class='ocrx_word' id='word_1_714' title='bbox 2643 4396 2883 4452; x_wconf 89' lang='lat' dir='ltr'><strong>habebis</strong></span> <span class='ocrx_word' id='word_1_715' title='bbox 2930 4395 3178 4449; x_wconf 86' lang='lat' dir='ltr'><strong>videndo</strong></span> <span class='ocrx_word' id='word_1_716' title='bbox 3225 4393 3378 4463; x_wconf 91' lang='lat' dir='ltr'><strong>quod</strong></span> <span class='ocrx_word' id='word_1_717' title='bbox 3429 4391 3608 4444; x_wconf 88' lang='lat' dir='ltr'><strong>nimio</strong></span> <span class='ocrx_word' id='word_1_718' title='bbox 3653 4386 3736 4442; x_wconf 90' lang='lat' dir='ltr'>tui</span> 
     </span>
    </p>
   </div>
   <div class='ocr_carea' id='block_1_92' title="bbox 2100 4495 3734 4572">
    <p class='ocr_par' dir='ltr' id='par_1_92' title="bbox 2100 4495 3734 4572">
     <span class='ocr_line' id='line_1_92' title="bbox 2100 4495 3734 4572; baseline -0.009 -12"><span class='ocrx_word' id='word_1_719' title='bbox 2100 4522 2293 4562; x_wconf 82' lang='lat' dir='ltr'><strong>amore</strong></span> <span class='ocrx_word' id='word_1_720' title='bbox 2315 4505 2590 4562; x_wconf 85' lang='lat' dir='ltr'><strong>seductus</strong></span> <span class='ocrx_word' id='word_1_721' title='bbox 2621 4505 2871 4572; x_wconf 83' lang='lat' dir='ltr'><strong>teipsum</strong></span> <span class='ocrx_word' id='word_1_722' title='bbox 2905 4501 3103 4557; x_wconf 84' lang='lat' dir='ltr'><strong>minus</strong></span> <span class='ocrx_word' id='word_1_723' title='bbox 3126 4498 3424 4570; x_wconf 84' lang='lat' dir='ltr'><strong>cognitum</strong></span> <span class='ocrx_word' id='word_1_724' title='bbox 3458 4495 3734 4550; x_wconf 87' lang='lat' dir='ltr'><strong>habebas.</strong></span> 
     </span>
    </p>
   </div>
   <div class='ocr_carea' id='block_1_93' title="bbox 2103 4603 3744 4683">
    <p class='ocr_par' dir='ltr' id='par_1_93' title="bbox 2103 4603 3744 4683">
     <span class='ocr_line' id='line_1_93' title="bbox 2103 4603 3744 4683; baseline -0.008 -13"><span class='ocrx_word' id='word_1_725' title='bbox 2103 4620 2220 4670; x_wconf 83' lang='lat' dir='ltr'><strong>Hoc</strong></span> <span class='ocrx_word' id='word_1_726' title='bbox 2269 4613 2420 4669; x_wconf 88' lang='lat' dir='ltr'><strong>enim</strong></span> <span class='ocrx_word' id='word_1_727' title='bbox 2473 4618 2642 4683; x_wconf 85' lang='lat' dir='ltr'><strong>pacto</strong></span> <span class='ocrx_word' id='word_1_728' title='bbox 2688 4611 2797 4666; x_wconf 87' lang='lat' dir='ltr'><strong>tibi</strong></span> <span class='ocrx_word' id='word_1_729' title='bbox 2842 4611 3094 4680; x_wconf 91' lang='lat' dir='ltr'><strong>teipsum</strong></span> <span class='ocrx_word' id='word_1_730' title='bbox 3138 4604 3524 4677; x_wconf 82' lang='lat' dir='ltr'><strong>cognoscendi</strong></span> <span class='ocrx_word' id='word_1_731' title='bbox 3556 4603 3744 4660; x_wconf 90' lang='lat' dir='ltr'><strong>corri-</strong></span> 
     </span>
    </p>
   </div>
   <div class='ocr_carea' id='block_1_94' title="bbox 2102 4713 3743 4793">
    <p class='ocr_par' dir='ltr' id='par_1_94' title="bbox 2102 4713 3743 4793">
     <span class='ocr_line' id='line_1_94' title="bbox 2102 4713 3743 4793; baseline -0.007 -17"><span class='ocrx_word' id='word_1_732' title='bbox 2102 4721 2391 4793; x_wconf 85' lang='lat' dir='ltr'><strong>gendique</strong></span> <span class='ocrx_word' id='word_1_733' title='bbox 2447 4735 2642 4774; x_wconf 77' lang='lat' dir='ltr'><strong>ansam</strong></span> <span class='ocrx_word' id='word_1_734' title='bbox 2702 4713 3539 4772; x_wconf 84' lang='lat' dir='ltr'><strong>dederunt.&quot;Denuntiatorum</strong></span> <span class='ocrx_word' id='word_1_735' title='bbox 3592 4714 3743 4765; x_wconf 90' lang='lat' dir='ltr'><strong>certe</strong></span> 
     </span>
    </p>
   </div>
   <div class='ocr_carea' id='block_1_95' title="bbox 2102 4817 3741 4886">
    <p class='ocr_par' dir='ltr' id='par_1_95' title="bbox 2102 4817 3741 4886">
     <span class='ocr_line' id='line_1_95' title="bbox 2102 4817 3741 4886; baseline -0.01 -1"><span class='ocrx_word' id='word_1_736' title='bbox 2102 4829 2256 4886; x_wconf 87' lang='lat' dir='ltr'><strong>natio</strong></span> <span class='ocrx_word' id='word_1_737' title='bbox 2271 4830 2327 4883; x_wconf 89' lang='lat' dir='ltr'><strong>in</strong></span> <span class='ocrx_word' id='word_1_738' title='bbox 2343 4828 2472 4882; x_wconf 77' lang='lat' dir='ltr'><strong>odio</strong></span> <span class='ocrx_word' id='word_1_739' title='bbox 2491 4833 2579 4880; x_wconf 82' lang='lat' dir='ltr'>est</span> <span class='ocrx_word' id='word_1_740' title='bbox 2599 4827 2669 4879; x_wconf 93' lang='lat' dir='ltr'><strong>ob</strong></span> <span class='ocrx_word' id='word_1_741' title='bbox 2696 4825 2908 4880; x_wconf 83' lang='lat' dir='ltr'><strong>malam</strong></span> <span class='ocrx_word' id='word_1_742' title='bbox 2933 4838 3132 4878; x_wconf 89' lang='lat' dir='ltr'><strong>eorum</strong></span> <span class='ocrx_word' id='word_1_743' title='bbox 3156 4825 3405 4874; x_wconf 90' lang='lat' dir='ltr'><strong>mentem</strong></span> <span class='ocrx_word' id='word_1_744' title='bbox 3428 4836 3441 4883; x_wconf 89' lang='lat'><strong>;</strong></span> <span class='ocrx_word' id='word_1_745' title='bbox 3459 4819 3552 4871; x_wconf 91' lang='lat' dir='ltr'>sed</span> <span class='ocrx_word' id='word_1_746' title='bbox 3571 4817 3741 4870; x_wconf 84' lang='lat' dir='ltr'><strong>etiam</strong></span> 
     </span>
    </p>
   </div>
   <div class='ocr_carea' id='block_1_96' title="bbox 2101 4923 3742 5008">
    <p class='ocr_par' dir='ltr' id='par_1_96' title="bbox 2101 4923 3742 5008">
     <span class='ocr_line' id='line_1_96' title="bbox 2101 4923 3742 5008; baseline -0.009 -18"><span class='ocrx_word' id='word_1_747' title='bbox 2101 4937 2200 5008; x_wconf 91' lang='lat' dir='ltr'><strong>qui</strong></span> <span class='ocrx_word' id='word_1_748' title='bbox 2252 4935 2401 4990; x_wconf 84' lang='lat' dir='ltr'><strong>male</strong></span> <span class='ocrx_word' id='word_1_749' title='bbox 2450 4934 2647 4988; x_wconf 76' lang='lat' dir='ltr'><strong>[amati</strong></span> <span class='ocrx_word' id='word_1_750' title='bbox 2692 4943 2846 4997; x_wconf 84' lang='lat' dir='ltr'><strong>sunt,</strong></span> <span class='ocrx_word' id='word_1_751' title='bbox 2879 4933 2948 4986; x_wconf 87' lang='lat' dir='ltr'>ab</span> <span class='ocrx_word' id='word_1_752' title='bbox 2983 4930 3239 4985; x_wconf 88' lang='lat' dir='ltr'><strong>inimicis</strong></span> <span class='ocrx_word' id='word_1_753' title='bbox 3270 4927 3413 4998; x_wconf 87' lang='lat' dir='ltr'><strong>ipsis</strong></span> <span class='ocrx_word' id='word_1_754' title='bbox 3447 4923 3742 4979; x_wconf 89' lang='lat' dir='ltr'><strong>interdum</strong></span> 
     </span>
    </p>
   </div>
   <div class='ocr_carea' id='block_1_97' title="bbox 2104 5032 3746 5113">
    <p class='ocr_par' dir='ltr' id='par_1_97' title="bbox 2104 5032 3746 5113">
     <span class='ocr_line' id='line_1_97' title="bbox 2104 5032 3746 5113; baseline -0.009 -14"><span class='ocrx_word' id='word_1_755' title='bbox 2104 5043 2413 5099; x_wconf 89' lang='lat' dir='ltr'><strong>utilitatem</strong></span> <span class='ocrx_word' id='word_1_756' title='bbox 2448 5043 2698 5113; x_wconf 89' lang='lat' dir='ltr'><strong>recipere</strong></span> <span class='ocrx_word' id='word_1_757' title='bbox 2729 5045 2969 5112; x_wconf 90' lang='lat' dir='ltr'><strong>queunt.</strong></span> <span class='ocrx_word' id='word_1_758' title='bbox 2994 5040 3151 5109; x_wconf 75' lang='lat' dir='ltr'><strong>Saepe</strong></span> <span class='ocrx_word' id='word_1_759' title='bbox 3172 5037 3324 5092; x_wconf 90' lang='lat' dir='ltr'><strong>enim</strong></span> <span class='ocrx_word' id='word_1_760' title='bbox 3349 5035 3388 5088; x_wconf 91' lang='lat' dir='ltr'><strong>ii</strong></span> <span class='ocrx_word' id='word_1_761' title='bbox 3421 5036 3521 5104; x_wconf 88' lang='lat' dir='ltr'><strong>qni</strong></span> <span class='ocrx_word' id='word_1_762' title='bbox 3555 5032 3746 5086; x_wconf 88' lang='lat' dir='ltr'><strong>disso—</strong></span> 
     </span>
    </p>
   </div>
   <div class='ocr_carea' id='block_1_98' title="bbox 2102 5145 3745 5222">
    <p class='ocr_par' dir='ltr' id='par_1_98' title="bbox 2102 5145 3745 5222">
     <span class='ocr_line' id='line_1_98' title="bbox 2102 5145 3745 5222; baseline -0.009 -13"><span class='ocrx_word' id='word_1_763' title='bbox 2102 5155 2220 5209; x_wconf 87' lang='lat' dir='ltr'><strong>lute</strong></span> <span class='ocrx_word' id='word_1_764' title='bbox 2250 5152 2531 5215; x_wconf 80' lang='lat' dir='ltr'><strong>vixerant,</strong></span> <span class='ocrx_word' id='word_1_765' title='bbox 2556 5152 2870 5222; x_wconf 84' lang='lat' dir='ltr'><strong>prudentes</strong></span> <span class='ocrx_word' id='word_1_766' title='bbox 2890 5165 2953 5202; x_wconf 86' lang='lat' dir='ltr'>ac</span> <span class='ocrx_word' id='word_1_767' title='bbox 2980 5146 3222 5202; x_wconf 81' lang='lat' dir='ltr'><strong>modesti</strong></span> <span class='ocrx_word' id='word_1_768' title='bbox 3244 5146 3551 5201; x_wconf 84' lang='lat' dir='ltr'><strong>evaserunt</strong></span> <span class='ocrx_word' id='word_1_769' title='bbox 3580 5145 3635 5196; x_wconf 91' lang='lat' dir='ltr'>et</span> <span class='ocrx_word' id='word_1_770' title='bbox 3657 5156 3745 5195; x_wconf 86' lang='lat' dir='ltr'><strong>re-</strong></span> 
     </span>
    </p>
   </div>
   <div class='ocr_carea' id='block_1_99' title="bbox 2105 5258 3122 5328">
    <p class='ocr_par' dir='ltr' id='par_1_99' title="bbox 2105 5258 3122 5328">
     <span class='ocr_line' id='line_1_99' title="bbox 2105 5258 3122 5328; baseline -0.009 -12"><span class='ocrx_word' id='word_1_771' title='bbox 2105 5263 2218 5318; x_wconf 86' lang='lat' dir='ltr'>bus</span> <span class='ocrx_word' id='word_1_772' title='bbox 2248 5258 2508 5315; x_wconf 88' lang='lat' dir='ltr'><strong>honestis</strong></span> <span class='ocrx_word' id='word_1_773' title='bbox 2540 5259 2773 5313; x_wconf 89' lang='lat' dir='ltr'><strong>studere</strong></span> <span class='ocrx_word' id='word_1_774' title='bbox 2805 5259 3122 5328; x_wconf 63' lang='lat' dir='ltr'><strong>coeperunt.</strong></span> 
     </span>
    </p>
   </div>
  </div>
