4062 6308
465 1225 551 1281 30.
609 1223 755 1282 lllud
813 1241 1047 1298 quoque
1103 1223 1338 1296 insuper
1391 1221 1632 1279 dixerim
1681 1224 1835 1295 quod
1887 1225 2038 1282 bona

394 1332 618 1388 malave
646 1349 756 1404 qua
783 1331 1033 1386 fruimur
1063 1331 1218 1386 fama
1250 1346 1422 1401 penes
1455 1347 1561 1385 nos
1593 1329 1752 1402 ipsos
1785 1335 1909 1396 est;
1943 1347 2038 1387 re-

393 1439 549 1494 enim
575 1454 705 1494 vera
752 1437 1030 1493 alterutra
1059 1437 1226 1493 nobis
1257 1436 1521 1507 obtinget
1551 1441 1722 1508 prout
1762 1437 2035 1493 virtutem

395 1549 496 1600 aut
521 1545 928 1616 amplectimur
957 1561 1058 1600 seu
1090 1558 1421 1599 aversamur
1443 1561 1457 1610 ;
1481 1559 1659 1613 quam
1691 1547 1825 1598 utut
1853 1561 1914 1599 se
1944 1560 2038 1600 res

395 1655 696 1711 habebunt
727 1655 881 1726 apud
911 1669 1115 1710 omnes
1143 1654 1368 1709 obviam
1401 1653 1613 1708 habere
1635 1654 2041 1710 desideramus

400 1763 635 1819 honoris
657 1779 723 1817 ac
742 1761 1040 1833 dignitatis
1051 1761 1256 1833 gratia.
1272 1761 1562 1815 Virtutem
1579 1760 1734 1816 enim
1750 1769 2038 1832 quatenus

399 1869 495 1926 Dei
527 1867 667 1924 socii
699 1886 732 1923 a
762 1867 1048 1939 principio
1080 1884 1307 1935 sumus,
1333 1883 1435 1938 per
1463 1871 1643 1922 totam
1678 1867 1851 1923 vitam
1884 1885 2038 1924 exer-

2151 1835 2462 1906 τοεξαρχῆς,

398 1991 525 2032 cere
574 1976 873 2042 debemus,
907 1985 968 2030 ut
1015 1981 1285 2030 naturam
1341 1991 1468 2047 qua;
1519 1975 1578 2030 in
1613 1975 1778 2031 nobis
1809 1981 1898 2032 est
1947 1975 2036 2031 di-

401 2084 589 2137 vinam
636 2097 1068 2154 regeneremus,
1100 2082 1301 2153 sicque
1349 2085 1530 2136 Deum
1571 2097 1742 2152 quem
1774 2081 2040 2138 indolen-

403 2201 487 2246 ter
515 2195 750 2262 agentes
782 2190 1160 2260 perdidimus,
1194 2191 1252 2244 in
1295 2189 1462 2246 nobis
1494 2194 1817 2246 restaurare
1847 2189 2042 2246 valea-

405 2314 556 2352 mus.
587 2297 732 2352 Cum
781 2296 960 2368 igitur
1005 2296 1187 2351 virtus
1220 2296 1538 2368 unicuique
1586 2298 1911 2354 necessaria
1941 2298 2039 2362 sit,

404 2415 524 2460 tum
553 2420 647 2460 rex
679 2401 917 2458 mimiue
946 2419 1013 2458 ea
1043 2419 1236 2459 carere
1269 2403 1498 2475 poterit,
1523 2404 1623 2474 qui
1657 2404 1803 2459 sicut
1839 2403 2036 2460 habitu

401 2515 636 2566 externo
663 2507 956 2580 precellit,
977 2508 1056 2563 ita
1077 2510 1281 2564 virtute
1301 2509 1552 2565 eminere
1575 2511 1762 2566 debet.
1793 2509 1863 2566 Ut
1883 2511 2036 2566 enim

399 2617 664 2675 omnium
712 2615 1064 2672 ditisssimus
1113 2621 1220 2683 est,
1255 2617 1338 2671 sic
1373 2618 1628 2686 Optimus
1657 2633 1883 2690 quoque
1913 2635 2040 2675 esse

399 2726 523 2796 ejus
551 2725 680 2791 erit,
712 2725 812 2796 qui
843 2728 1111 2778 caeterum
1143 2723 1341 2795 ipsum
1375 2724 1716 2796 exemplaris
1736 2725 1922 2780 instar
1951 2725 2037 2781 in—

400 2834 634 2886 tuentur
679 2845 746 2884 ac
789 2843 978 2884 mores
1027 2829 1354 2884 secundum
1411 2829 1600 2900 ipsum
1659 2835 2036 2901 componunt.

400 2937 597 3006 Qualis
629 2937 807 3010 igitur
844 2942 907 2992 tu
935 2937 1059 3008 ipse
1090 2937 1225 3006 eris,
1256 2935 1402 2991 tales
1432 2937 1618 2992 ceteri
1651 2953 1880 3008 quoque
1911 2938 2044 2993 imi-

400 3045 576 3102 tando
605 3061 733 3100 esse
761 3043 977 3100 volent.
996 3043 1119 3099 Non
1144 3043 1298 3098 enim
1335 3043 1630 3098 modestus
1663 3048 1914 3113 tantum,
1942 3045 2039 3099 sed

399 3151 658 3222 optimus
687 3165 814 3205 esse
846 3165 950 3204 nec
981 3165 1153 3220 pravo
1184 3149 1446 3221 exemplo
1471 3151 1646 3206 urbes
1669 3151 1791 3205 solo
1814 3165 2040 3222 square

1663 357 2054 424 THEODULI
2103 364 2456 428 MONACHI

2067 503 2119 565 Α
2152 496 2568 573 διορθώσασθαι.
2592 500 2658 558 Εἰ
2697 501 2800 575 γὰρ
2839 501 2902 554 τὸ
2929 502 3036 554 τῶν
3081 499 3399 573 κατηγόρων
3443 507 3638 572 χρῆμα
3687 523 3786 573 μι-

3665 367 3780 431 496

2135 595 2307 643 σεῖται
2366 587 2454 644 διὰ
2518 591 2618 657 τήν
2677 587 2881 664 α’ίρεσιν
2930 590 3019 644 καὶ
3069 591 3133 644 τὸ
3179 596 3280 658 τῆς
3317 590 3545 663 γνώμης
3578 588 3675 644 οὐκ
3704 587 3785 656 εὖ,

2137 678 2282 733 ἀλλά
2310 681 2399 734 καὶ
2432 684 2542 734 τῶν
2581 684 2760 741 κακῶς
2809 678 3126 748 ἀκηκοότων
3177 673 3317 733 ἔστιν
3367 679 3449 742 οἷς
3493 680 3642 732 τοῦτ’
3672 676 3786 732 ἔστι

2137 768 2271 840 πρὸς
2303 767 2550 841 κέρδους,
2581 767 2730 844 εἴπερ
2770 766 2933 838 ἔστιν,
2964 768 3039 828 ὡς
3093 766 3282 843 λόγος,
3315 768 3402 822 καὶ
3455 769 3545 822 ὑπ’
3574 767 3787 842 ἰχθρῶν

2139 855 2503 934 ὠφελεῖσθαι·
2563 859 2688 918 τούς
2762 877 2822 912 τι
2884 858 2987 931 γὰρ
3061 855 3308 928 ἀσέμνως
3371 856 3618 931 βιοῦντας
3674 857 3786 909 σώ-

2141 964 2337 1019 φρονας
2384 946 2473 1000 καὶ
2533 947 2796 1019 κοσμίους
2847 947 2972 1007 τοὺς
3030 943 3322 1007 πλείστους
3372 943 3608 999 ἒντεῦθεν
3635 941 3781 999 ἔστιν

2141 1030 2304 1087 ἷδεῖν⁶
2353 1034 2482 1096 τούς
2539 1055 2597 1088 τε
2653 1031 2983 1096 σπουδαίους
3037 1032 3494 1112 ἀσφαλεστέρους,
3558 1035 3784 1112 ὑφορω-

2144 1121 2335 1194 μένους
2366 1124 2432 1177 τὰ
2454 1127 2677 1178 τοιαῦτα
2708 1123 2970 1197 στόματα.

2211 1210 2278 1268 λ’.
2318 1213 2467 1285 Παρά
2505 1213 2677 1266 πάντα
2727 1210 2784 1266 δὲ
2829 1215 2994 1266 ταῦτα
3043 1211 3211 1266 ἐκεῖνο
3251 1209 3418 1286 λέγω,
3452 1212 3527 1273 ὡς
3575 1212 3636 1266 τὸ
3684 1231 3787 1265 κα·-

2140 1299 2252 1361 λῶς
2407 1305 2584 1361 κακῶς
2644 1301 2855 1355 ἀκούειν
2913 1300 3006 1355 καὶ
3066 1301 3356 1375 τυγχάνειν
3413 1299 3695 1376 εὐφημιῶν
3747 1300 3785 1369 ἢ

2146 1391 2220 1461 μὴ
2278 1391 2404 1464 παρ’
2443 1391 2578 1462 ἡμῖν
2641 1389 2880 1453 μάλιστα
2926 1395 3135 1446 κεῖται·
3196 1390 3286 1444 καὶ
3357 1391 3562 1444 τούτων
3622 1393 3792 1461 ἡμεῖς

2144 1477 2300 1531 αὐτοὶ
2356 1477 2557 1550 κύριοι,
2591 1479 3031 1551 ἀντιποιούμενοί
3082 1499 3141 1533 τε
3199 1479 3420 1552 ἀρετῆς,
3452 1480 3542 1532 καὶ
3582 1480 3786 1548 ταύτης

2143 1565 2210 1620 αὖ
2267 1565 2617 1639 ἀλογοῦντες,
2665 1569 2725 1636 ἢν
2799 1567 3173 1639 ἀπαιτούμεθα
3246 1567 3339 1639 μὶν
3411 1573 3636 1627 ἅπαντες
3694 1566 3790 1620 ἅν-

2143 1658 2352 1729 θρωποι
2413 1654 2501 1710 διὰ
2556 1657 2657 1722 τὴν
2713 1655 2814 1722 τῆς
2873 1655 3081 1716 εἷκόνος
3138 1656 3380 1725 ἀξίωσιν,
3411 1656 3500 1710 καὶ
3544 1657 3607 1710 τὸ
3651 1677 3790 1710 τετι-

2149 1747 2390 1816 μῆσθαι·
2456 1746 2574 1798 καθ’
2631 1746 2692 1812 ἣν
2752 1741 2818 1812 δὴ
2877 1746 2966 1798 καὶ
3010 1746 3260 1799 κοινωνοί
3319 1749 3453 1798 Θεοῦ
3509 1744 3786 1819 γεγονότες

2516 1832 2746 1906 ἀνάγκην
2798 1831 2998 1906 ἔχομεν
3041 1831 3221 1902 δήπου
3271 1829 3360 1886 διὰ
3410 1833 3534 1906 βίυυ
3588 1835 3787 1895 παντὸς

2145 1923 2370 1992 ταυτηνὶ
2430 1923 2703 1996 μετιέναι⁹
2766 1921 2856 1976 καὶ
2915 1922 3198 1994 πειρᾶσθαι
3275 1919 3364 1975 διὰ
3417 1921 3654 1988 πάντων,
3710 1923 3790 1986 ὡς

2149 2012 2262 2066 οἷόν
2308 2031 2386 2077 τε,
2415 2011 2477 2064 τὸ
2534 2010 2585 2064 ἐν
2636 2012 2772 2083 ἡμῖν
2832 2012 2972 2064 Θεῖον
3034 2011 3244 2083 ἀνάγειν
3301 2008 3386 2063 ἐπὶ
3440 2010 3785 2084 πρωτόγονον

2149 2105 2292 2156 θεῖον
2318 2120 2330 2131 ·
2353 2099 2430 2153 τἶν’
2460 2101 2517 2154 ὃν
2570 2097 2657 2154 δια
2705 2099 2971 2176 ῥᾳθυμίας
3017 2096 3376 2172 ἀπωλέσαμεν
3408 2097 3598 2172 οἵμοιε
3632 2101 3788 2169 Θεὸν,

2147 2189 2338 2245 τοῦτον
2397 2188 2460 2243 αὖ
2518 2187 2605 2243 διὰ
2662 2186 2901 2257 σπουδῆς
2959 2189 3131 2259 εὑρεῖν
3196 2186 3553 2260 δυνηθῶμεν
3612 2188 3790 2250 οὕτως

2148 2280 2340 2354 ἀρετῆς
2396 2278 2690 2352 ἐξανάγκης
2752 2279 2914 2332 ἅπασι
2973 2274 3091 2331 δεῖ·
3156 2275 3374 2352 βασιλεῖ
3434 2278 3622 2350 μέντοι
3698 2277 3788 2330 καὶ

2147 2367 2346 2440 πολλῷ
2401 2367 2588 2422 πλέον.
2624 2370 2789 2423 “Ὀσον
2849 2367 2954 2444 γὰρ
3010 2367 3259 2421 ἁπάντων
3318 2366 3454 2421 κατά
3499 2367 3562 2421 τὸ
3593 2372 3792 2440 σχῆμα

2147 2458 2396 2531 προέχει,
2428 2461 2654 2510 τοσοῦτο
2685 2457 2801 2510 κατ’
2830 2455 3026 2529 ἀρετήν
3073 2454 3229 2509 αὐτὸν
3274 2452 3538 2530 προῦχειν
3568 2456 3795 2528 χρεών-

2148 2547 2236 2600 καὶ
2296 2548 2372 2619 μὴ
2432 2545 2514 2600 ὅτι
2567 2547 2738 2599 πάντα
2794 2546 2858 2598 τὰ
2915 2545 3130 2599 πάντων
3169 2543 3326 2597 αὐτὸν
3380 2543 3545 2616 μόνον
3594 2550 3793 2612 κεκτῆο

2151 2637 2292 2700 σθαι,
2326 2633 2471 2688 ἀλλὰ
2520 2635 2608 2687 καὶ
2651 2633 2862 2687 πάντων
2909 2632 2960 2685 ἐν
3007 2632 3168 2686 ἅπασι
3205 2630 3486 2706 βέλτιστον
3519 2632 3670 2699 εἶναι,
3701 2632 3795 2686 ἅτε

2150 2725 2363 2779 πάντων
2429 2724 2504 2784 εἰς
2554 2722 2713 2776 αὑτὸν
2775 2723 2847 2782 ὠς
2906 2721 2980 2783 εἷς
3057 2720 3364 2796 ἀρχέτυπον
3433 2721 3794 2795 ἀφορώντων,

2150 2813 2393 2868 κάκεῖθεν
2445 2813 2512 2867 τὰ
2565 2811 2772 2889 σφέτερ’
2829 2811 3007 2866 αὐτῶν
3087 2811 3468 2866 καθιστάντων.
3529 2811 3616 2871 Ὠς
3692 2809 3794 2864 οὖν

2152 2903 2340 2963 ὁποῖός
2388 2903 2506 2955 ποτ’
2541 2899 2598 2954 ἂν
2645 2900 2708 2974 ᾖς
2746 2900 2924 2962 αὐτὸς,
2955 2899 3226 2954 τοιούτων
3267 2898 3326 2953 ἅν
3379 2920 3462 2954 σοι
3511 2901 3600 2953 καί
3659 2902 3792 2952 πάν-

2149 3014 2255 3047 των
2312 2990 2744 3060 καθεστηκότων,
2778 2991 2866 3043 καὶ
2927 2989 3003 3050 ὡς
3061 2989 3175 3062 οὐχ
3217 2989 3348 3062 ὑπὲρ
3393 2989 3552 3050 αὐτὸς
3597 2992 3787 3042 σαυτοῦ

2155 3081 2365 3157 μᾶλλον
2415 3083 2449 3151 ἢ
2497 3086 2603 3136 τῶν
2650 3080 2836 3136 ἄλλων
2885 3081 3128 3134 ἁπάντων
3183 3078 3344 3154 λόγον
3395 3079 3615 3156 ὑφέξων,
3670 3078 3782 3132 ἐθε-

2154 3171 2342 3242 λήσεις
2375 3169 2432 3224 εὖ
2463 3168 2566 3224 οἶδ’
2597 3172 2679 3225 ὅτι
2710 3172 2799 3224 καί
2829 3169 2988 3230 αὐτὸς
3030 3167 3116 3223 διὰ
3159 3171 3370 3224 πάντων
3404 3169 3678 3244 βέλτιστος
3709 3167 3785 3222 εἶ-

401 3272 736 3329 ρῐιωευωεε.
770 3256 828 3310 Si
885 3255 1040 3310 enim
1090 3271 1291 3311 verum
1342 3261 1431 3312 est
1480 3257 1632 3327 quod
1683 3257 1844 3312 Plato
1875 3255 2038 3323 dixit,

2152 3285 2259 3328 ναι,
2292 3260 2380 3315 καὶ
2431 3261 2556 3322 τοὺς
2604 3258 2808 3320 ἄλλους
2841 3259 3121 3322 τοιούτους
3152 3255 3217 3327 δή
3251 3279 3398 3319 τινας
3421 3255 3628 3330 τίσχειν,
3666 3256 3785 3312 ἀλλ’

400 3369 458 3421 et
503 3379 644 3419 sane
689 3379 886 3418 verum
931 3368 1037 3428 est,
1069 3362 1225 3433 quod
1274 3362 1538 3417 civitates
1586 3363 1732 3418 bene
1769 3379 1833 3417 se
1865 3363 2045 3418 babe-

400 3473 546 3527 bunt
593 3471 692 3528 ubi
741 3477 842 3526 aut
888 3469 1218 3543 philosOpbi
1265 3474 1533 3541 regnant,
1563 3473 1666 3524 aut
1713 3485 1878 3540 reges
1909 3477 2043 3524 sunt

399 3578 752 3652 pbiIOSOphi,
785 3578 1022 3634 inﬁtiari
1074 3595 1186 3633 non
1235 3593 1550 3650 possumus
1598 3577 1738 3649 quin
1786 3576 1886 3630 ubi
1943 3592 2041 3631 rex

399 3701 606 3758 pravus
635 3694 741 3754 est,
765 3685 1024 3742 civitates
1055 3701 1286 3757 quoque
1312 3686 1637 3741 necessario
1669 3683 1814 3739 male
1836 3698 1899 3738 se
1931 3683 2036 3737 ba-

399 3795 605 3850 bituraa
636 3793 772 3848 sint.

429 4124 2003 4150 Μ

2154 3351 2216 3405 οὐ
2273 3349 2434 3420 κακίᾳ
2490 3353 2663 3417 συζῶν
2721 3347 3095 3423 διεφθαρκέναι
3142 3347 3238 3410 τὰς
3292 3345 3504 3408 πόλεις.
3571 3347 3629 3402 Εἰ
3689 3349 3792 3422 γαρ

2152 3439 2364 3509 ἀληθής
2395 3438 2534 3492 ἐστιν
2567 3438 2595 3491 ὁ
2633 3443 2733 3491 τοῦ
2766 3438 3060 3500 Πλάτωνος
3095 3437 3276 3510 λόγος,
3311 3435 3489 3509 ὥσπερ
3534 3435 3626 3490 οῦν
3660 3436 3794 3506 ἐστι,

2151 3532 2211 3584 τὸ
2250 3531 2343 3592 τὰς
2401 3527 2592 3589 πόλεις
2649 3527 2778 3602 ἄγαν
2833 3526 3268 3600 εὐδαιμονήσειν,
3301 3528 3426 3581 ὅταν
3473 3528 3507 3595 ἢ
3555 3526 3797 3602 φιλόσο⁴

2153 3641 2241 3690 φοι
2297 3618 2704 3693 βασιλεύσωσιν,
2754 3617 2788 3686 ἢ
2845 3616 3087 3690 βασιλεῖς
3135 3615 3570 3692 φιλοσοφήσωσι,
3611 3617 3796 3671 τουτέ-

2151 3730 2233 3762 στι
2284 3709 2594 3779 θαυμαστοῦ
2641 3727 2786 3768 τινος
2839 3703 2896 3765 ἂν
2950 3703 3042 3759 διὰ
3105 3706 3315 3760 πάντων
3363 3710 3796 3780 προστατοῦντος

2153 3799 2452 3874 λαχούσας,
2493 3799 2637 3866 ἦπου
2693 3819 2754 3870 γε
2811 3801 2914 3851 πᾶν
2967 3797 3298 3864 τούναντίον,
3357 3796 3481 3851 ὅταν
3541 3799 3570 3851 ὁ
3631 3798 3796 3870 βασι-

2152 3887 2324 3942 λεύων
2380 3885 2590 3961 φαῦλός
2641 3908 2726 3949 τις
2781 3886 2840 3960 ᾖ,
2870 3893 2958 3940 καί
3011 3885 3207 3949 ταύτας
3263 3887 3338 3948 ὼς
3387 3887 3612 3941 κάκιστα
3658 3885 3794 3957 ἕξειν

2149 3983 2300 4031 πᾶσα
2335 3977 2566 4053 ἀνάγκη.

2651 4121 3792 4135 CW.“

1737 4275 1987 4370 ΤΟΥ
2065 4273 2482 4370 ΑΥΤΟΥ

1351 4477 1773 4606 ΗΕΡΙ
1887 4467 2857 4602 ΠΟΛΙΤΕἸΑΣ

1874 4707 2318 4806 ΛΟΓΟΣ.

1844 4957 2362 5046 EJUSDEM

1957 5114 2252 5174 ORATIO

744 5279 1005 5442 DE
1129 5270 2442 5530 SUBDITOIEUM
2559 5268 3454 5438 OFFICIIS.

485 5619 532 5675 1.
566 5619 937 5690 Quaecunque
984 5617 1054 5673 de
1107 5618 1452 5691 imperatore
1484 5617 1703 5690 optimo
1733 5619 1791 5672 et
1823 5631 2055 5672 summe

413 5707 736 5766 venerando
784 5707 896 5764 dici
947 5706 1342 5777 conveniebat,
1383 5704 1614 5778 qualem
1667 5720 1875 5776 nempe
1929 5719 2055 5761 esse

2233 5611 2300 5668 α’.
2347 5613 2411 5666 Ἃ
2471 5611 2564 5683 μὲν
2621 5607 2713 5665 οῦν
2761 5609 2981 5682 ἀρίστου
3027 5610 3150 5684 πὲρι
3199 5607 3286 5662 καὶ
3340 5609 3655 5681 θαυμαστοῦ
3709 5609 3811 5683 βα·

2166 5704 2363 5768 σιλέως
2393 5704 2547 5786 φάναι
2582 5709 2844 5776 προσῆκε,
2872 5701 2963 5758 καὶ
2995 5703 3111 5756 οἷον
3165 5697 3306 5762 εἷκὸς
3353 5699 3483 5754 εἶναι
3531 5700 3623 5754 τὸν
3666 5701 3814 5756 πάν-
