4062 6308
277 422 392 487 497

1304 426 1598 487 ORATIO
1640 425 1736 485 DE
1783 421 2282 488 SUBDITORUM
2328 420 2678 484 OFFICIIS.

3551 424 3669 486 498

276 579 380 611 τωρ
439 559 533 629 μὲν
586 559 880 632 ἀνθρώπων
927 558 1121 631 κράτος
1168 557 1530 631 ἀνῃρημένου,
1570 561 1666 610 τοῦ
1706 554 1762 610 δὲ
1809 560 1912 609 τῶν

2025 557 2432 625 cpcrtesteum
2466 555 2601 626 quid
2635 556 2707 610 ad
2739 555 2918 611 totius
2950 557 3155 612 mundi
3185 555 3667 628 gubernationem

277 646 419 700 ὁλιυν
451 648 723 721 ἡγεμόνος
755 653 890 704 Θεοῦ
923 648 1186 702 κοινωνὸν
1236 647 1312 710 ὡς
1339 647 1506 702 εἰπεῖν
1554 646 1913 714 καταστάντα,

274 740 352 803 τῷ
383 757 439 790 τε
486 739 587 804 τὴν
639 737 810 805 αὐτὴν
857 735 1081 804 ταυτηνὶ
1133 736 1290 806 λῆξιν
1344 733 1695 810 δημαγωγεῖν
1750 735 1917 803 ἠξιῶ-

278 825 418 890 σθαι,
453 829 533 895 τῷ
571 829 620 878 τ’
669 827 865 899 ἀρετὴν
923 830 1094 880 πᾶσαν
1160 822 1399 880 ἐντεῦθεν
1449 825 1628 877 ἀσκεῖν
1677 822 1918 897 ἠναγκά-

275 915 414 978 σθαι,
449 914 525 974 ὡς
563 913 624 968 ἃν
671 916 747 986 μὴ
792 915 940 987 μόνῳ
977 920 1055 985 τῷ
1094 919 1310 990 κρατεῖς
1350 915 1450 981 τὴν
1499 913 1785 967 κοινωνίαν
1818 910 1914 984 ἐμ-

276 1003 502 1081 ιραίνων,
535 1012 651 1067 τοῖς
684 1001 865 1080 ἔργοις
896 1003 1181 1079 ψεύδηται,
1216 1003 1469 1059 ἀλλὰκαὶ
1502 1001 1916 1080 δι’ἀμφοτέρων

277 1099 355 1163 τῷ
404 1092 762 1168 προελομένῳ
811 1092 1095 1168 ξυμϐαίνῃ,
1139 1096 1289 1149 ταῦτ’
1333 1093 1501 1148 ἔστιν.
1536 1092 1682 1148 Ἐπεὶ
1732 1090 1788 1146 δὲ
1837 1089 1919 1144 δεῖ

273 1181 368 1236 τόν
417 1184 573 1237 ταῦτ’
627 1183 906 1258 εἰρηκότα,
955 1185 1044 1238 καὶ
1101 1183 1224 1256 περὶ
1267 1187 1374 1236 τῶν
1434 1181 1756 1256 ἀρχομένων
1803 1179 1917 1234 ἅττ’

274 1269 443 1342 ἔξεστι
504 1268 762 1341 διελθεῖν,
820 1273 908 1325 καὶ
971 1269 1138 1342 δεῖξαι
1196 1275 1378 1347 σαφῶς
1429 1270 1612 1324 ὁποῖοί
1669 1289 1808 1328 τινες
1853 1265 1914 1321 ἂν

273 1359 448 1426 ὄντες,
491 1359 581 1413 καὶ
628 1362 680 1415 τί
723 1358 958 1434 δρῶντες
1004 1360 1276 1435 ἀξιόχρεῳ
1313 1360 1535 1414 τουτουῖ
1575 1357 1662 1413 διὰ
1700 1359 1915 1412 πάντων

271 1453 489 1527 ἀφθεῖεν
545 1451 636 1505 καὶ
702 1449 910 1528 σφόδρα
976 1453 1366 1525 προσήκοντες,
1433 1451 1760 1525 πειράσομαι
1826 1449 1916 1502 καὶ

269 1543 494 1609 τοῦτον,
525 1539 600 1600 ὡς
648 1537 709 1593 ἂν
761 1541 875 1600 οἷός
925 1560 980 1594 τε
1026 1539 1094 1607 ὦ,
1145 1537 1389 1594 διανῦσαι
1437 1538 1528 1593 τὸν
1580 1537 1776 1593 ἆθλον
1827 1538 1916 1592 καὶ

270 1628 379 1703 γάρ
412 1630 473 1682 ἄν
507 1628 593 1698 εἴη
642 1633 750 1683 τῶν
798 1629 1013 1684 ἀτόπων
1052 1628 1269 1692 πόλεως
1311 1630 1403 1701 μὲν
1449 1631 1770 1697 ἡστινοσοῦν
1816 1647 1916 1698 με-

274 1717 559 1790 μνημένον
618 1717 724 1793 οὐχ
773 1720 921 1780 ὅπως
970 1717 1322 1792 ἀκροπόλεως
1366 1714 1482 1791 ἔχει
1537 1719 1720 1789 μόνον,
1775 1716 1919 1771 ἀλλά

269 1808 361 1861 καὶ
409 1810 522 1861 τῶν
579 1804 766 1861 ἄλλων
819 1807 1045 1862 ἑκάστου
1102 1803 1372 1877 διεξιέναι,
1431 1807 1521 1860 καὶ
1571 1804 1657 1860 διὰ
1706 1806 1916 1860 πάντων

269 1897 346 1956 ὡς
385 1893 530 1955 εἰκὸς
579 1900 658 1964 τῷ
708 1894 858 1970 λόγῳ
894 1897 1194 1969 κεχρῆσθαι
1223 1912 1236 1929 ⁸
1291 1897 1391 1964 τήν
1438 1893 1494 1949 δὲ
1540 1899 1729 1948 πασῶν
1765 1893 1917 1969 μεγί-

268 2006 406 2053 στην
457 1985 548 2038 καὶ
597 1983 939 2054 τελεωτάτην
985 1987 1303 2061 ἡγεμονίαν,
1355 1986 1442 2039 καὶ
1491 1983 1541 2039 τί
1572 1986 1674 2059 γάρ
1712 1984 1745 2052 ἢ
1778 1986 1916 2055 ξυμ-

268 2075 456 2142 πάσης
485 2076 584 2136 τίς
633 2073 960 2144 οἰκουμένης
1001 2075 1316 2146 θαυμαστήν
1362 2073 1680 2148 πρυτανείαν
1728 2073 1915 2127 ὁποίαν

269 2165 408 2217 εἶναι
466 2165 579 2237 χρή
641 2160 808 2232 δεῖξαι
868 2163 1222 2238 προθέμενον,
1283 2160 1465 2217 ἔπειτα
1531 2164 1592 2217 τὸ
1654 2164 1748 2235 μὲν
1806 2166 1913 2216 τῶν

265 2251 601 2326 ἀρχομένων
631 2253 777 2324 παρά
805 2253 1008 2329 φαῦλον
1040 2256 1331 2322 ποιεῖσθαι,
1371 2256 1460 2306 καὶ
1495 2250 1666 2325 μηδέν
1697 2273 1749 2305 τι
1781 2252 1912 2324 πρὸς

267 2340 440 2414 λόγον
486 2342 632 2396 τοῦτ’
673 2342 804 2395 εἶναι
843 2342 1102 2412 νομίζειν,
1152 2341 1256 2395 ἀπὸ
1305 2339 1362 2395 δὲ
1411 2342 1585 2414 μόνου
1630 2344 1726 2396 τοῦ
1777 2359 1913 2412 κρα-

267 2435 502 2491 τοῦντος
554 2432 621 2485 τά
677 2431 881 2484 τοιαῦτ’
947 2429 1152 2485 ἐθέλειν
1203 2429 1513 2504 περαίνειν·
1561 2428 1610 2501 ἐξ
1660 2429 1910 2501 ἡμισείας

275 2520 422 2590 μέντ’
480 2519 541 2572 ἃν
591 2518 763 2580 οὕτως
805 2519 996 2590 εἷήμεν
1045 2517 1485 2592 ἀποδεδειχότες,
1533 2515 1621 2572 διὰ
1671 2518 1734 2572 τὸ
1783 2518 1912 2570 τού-

270 2629 395 2670 τους
456 2608 799 2685 ἀμφοτέρους
852 2609 939 2662 ἐπὶ
985 2613 1244 2663 τοσοῦτον
1295 2610 1556 2678 ἡνῶσθαι,
1603 2609 1691 2662 καὶ
1741 2606 1913 2666 οὕτως

277 2694 446 2771 ἔχειν,
502 2700 578 2758 ὡς
622 2698 712 2752 καὶ
769 2699 1096 2767 ξυννοείσθαι
1145 2701 1258 2752 κατ’
1316 2696 1555 2772 ἀνάγκην
1615 2697 1910 2767 ἀλλήλοις,

287 2788 353 2840 τά
378 2807 432 2841 τε
461 2785 602 2842 ἄλλα
631 2787 722 2842 καὶ
762 2789 823 2842 τὸ
863 2790 964 2856 τήν
1005 2789 1184 2862 ἀρχὴν
1228 2789 1317 2842 ὑπ’
1355 2787 1530 2842 αὐτῶν
1583 2788 1914 2862 συνεστάναι,

293 2871 662 2949 διαιρουμένην
710 2875 784 2937 εἰς
828 2879 1076 2946 τούτους,
1121 2879 1209 2931 καὶ
1256 2877 1417 2931 τοῦτό
1449 2897 1509 2951 γε
1550 2877 1734 2943 οὖσαν,
1780 2876 1910 2950 ὅπερ

290 2963 428 3018 αύτοί
467 2967 757 3026 συνιόντες.
802 2965 1009 3039 Σχεδὸν
1059 2966 1153 3038 μὲν
1199 2964 1289 3020 οὖν
1337 2965 1389 3018 ἐν
1438 2970 1553 3026 τοῖς
1603 2963 1912 3037 εἰρημένοις

283 3055 362 3108 καί
421 3057 572 3110 τοῦτ’
629 3052 906 3131 εἴργαστο,
957 3055 1044 3108 καὶ
1093 3059 1236 3108 τοῦτ’
1286 3052 1428 3108 ἔστιν
1480 3055 1669 3123 εἰπεῖν,
1727 3054 1801 3114 ὡς
1849 3053 1911 3107 ού

275 3149 363 3199 τεῦ
423 3148 753 3218 κρατοῦντος
813 3146 963 3205 ὅπως
1026 3147 1110 3206 οἷς
1167 3144 1249 3199 ὅτι
1313 3143 1551 3216 μάλιστα
1625 3142 1910 3218 βέλτιστος

269 3233 443 3300 ἕσται,
503 3236 682 3288 κοινὸν
733 3232 930 3310 ὄφελος
985 3230 1132 3288 ἔσται
1176 3232 1502 3306 ποιούμενος
1552 3232 1736 3306 λόγον,
1819 3234 1908 3287 καὶ

269 3330 377 3380 τῶν
406 3325 732 3399 ἀρχομένων
768 3321 919 3378 οὐδὲν
959 3326 1122 3392 ἧττον
1171 3324 1227 3376 ἐν
1268 3325 1452 3383 αύτοῖς
1500 3323 1715 3383 τούτοις
1761 3321 1908 3377 ὅπως
1941 3296 1983 3362 C

267 3410 484 3470 ἔσονται
544 3412 842 3486 βέλτιστοι,
902 3413 1070 3487 λόγον
1117 3417 1379 3468 ποιεῖται.
1424 3411 1491 3470 Εἰ
1537 3412 1640 3486 γάρ
1679 3413 1753 3473 ὡς
1804 3412 1912 3487 οὐχ

266 3505 386 3558 οἷόν
441 3522 502 3556 τε
556 3501 746 3577 ἄρχειν
799 3500 1123 3577 ἀρχομένων
1163 3500 1262 3556 οὐκ
1318 3500 1506 3570 ὄντων,
1567 3499 1738 3562 οὕτως
1787 3499 1912 3555 ούδέ

267 3593 464 3654 καλῶς
522 3591 781 3667 ἄρχεσθαι
837 3590 1064 3652 τούτους
1128 3593 1204 3663 μή
1263 3591 1573 3663 θαυμαστοῦ
1628 3610 1773 3650 τινος
1823 3587 1912 3644 διά

263 3683 487 3737 πάντων
534 3685 631 3734 τοῦ
681 3680 986 3754 προστάτου
1032 3681 1300 3753 τυχόντας
1329 3699 1342 3710 '
1388 3682 1634 3734 τοιοῦτον
1687 3676 1744 3733 δὲ
1786 3683 1908 3733 τοῦ·

260 3793 365 3828 τον
397 3774 483 3832 οἷς
527 3770 686 3832 αὐτὸς
733 3766 866 3849 ἔφην
919 3770 1276 3846 εἰργασάμην,
1326 3767 1558 3841 εὔδηλον
1604 3771 1678 3832 ὡς
1731 3769 1910 3848 ἀμφο-

259 3861 444 3932 τέρων
491 3861 706 3923 πάντως
748 3859 1023 3933 ἐμνήσθην
1074 3863 1161 3921 οἷς
1213 3858 1485 3933 ἐμνήσθην
1533 3858 1794 3932 θατέρου⁸
1846 3860 1908 3912 ού

267 3953 388 4023 μὴν
418 3947 546 4003 ἀλλ’
578 3969 626 4004 ει
665 3951 757 4021 μὶν
789 3951 859 4019 ἦν
887 3954 1004 4011 τοῖς
1047 3950 1234 4010 αὐτοῖς
1274 3949 1396 4023 περί
1424 3969 1482 4004 τε
1519 3953 1615 4004 τοῦ
1653 3953 1908 4023 κρατοῦν-

262 4059 365 4099 τος
399 4037 490 4092 καὶ
520 4041 628 4092 τῶν
673 4038 777 4092 ὑπὸ
825 4043 988 4113 χνῖρα
1037 4036 1222 4112 λόγοις
1271 4039 1590 4113 κεχρῆσθαι,
1636 4036 1818 4098 καλῶς
1851 4037 1910 4090 ἂν

267 4128 393 4201 εἶχε
447 4127 585 4195 πρὸς
643 4125 844 4182 ἐκεῖνον
909 4125 1070 4199 μόνον
1127 4126 1376 4188 εἰπόντας
1435 4123 1602 4200 μηδὲν
1671 4146 1911 4198 προσπε-

265 4217 645 4292 ριεργάζεσθαι
676 4234 689 4248 ⁸
742 4215 787 4271 εἰ
837 4213 895 4271 δὲ
939 4215 1206 4286 τοσαύτην
1255 4214 1463 4272 τούτων
1504 4215 1664 4289 ’ίσμεν
1718 4212 1911 4291 διαφο-

266 4307 390 4381 ρὰν,
433 4307 567 4376 δσην
625 4303 804 4360 ἐκεῖνα
851 4307 986 4379 πρὸς
1041 4303 1264 4374 ἄλληλα
1316 4304 1591 4376 κέκτηται,
1642 4307 1806 4378 ἡμεῖς
1854 4325 1911 4359 τε

266 4394 386 4469 οὔχ
445 4395 582 4468 ὑπὲρ
634 4395 801 4467 μόνου
849 4399 946 4450 τοῦ
994 4399 1341 4469 κρατοῦντος,
1385 4393 1512 4450 ἀλλ’
1562 4395 1693 4467 ὑπὲρ
1741 4393 1910 4462 αὐτῆς

265 4492 375 4554 τῆς
407 4485 592 4563 ἀρχῆς
624 4482 802 4559 λέγειν
833 4485 1197 4559 προύθέμεθα,
1230 4486 1352 4553 ἣτις
1386 4481 1540 4539 οὐδέν
1569 4482 1709 4539 ἐστιν
1769 4481 1910 4537 ἄλλο

267 4573 462 4650 ἄρχων
495 4593 556 4628 τε
599 4572 689 4628 καὶ
733 4573 1069 4650 ἀρχόμενος,
1106 4578 1224 4638 πῶς
1261 4575 1326 4630 ού
1375 4579 1517 4628 πᾶσα
1565 4573 1771 4648 ἀνάγκη
1822 4574 1911 4628 καὶ

270 4659 601 4740 ἀμφοτέρων
647 4664 971 4736 μνησθῆναι,
1026 4663 1116 4718 καὶ
1171 4663 1306 4737 μετά
1354 4663 1449 4724 τάς
1499 4663 1762 4737 πρότερον
1813 4662 1918 4718 εἰσ·
1955 4669 2000 4734 D

271 4754 531 4827 ηγήσεις,
560 4751 651 4806 καὶ
680 4752 887 4807 τούτων
921 4751 1191 4830 ἐφῆφθαι;

355 4842 422 4915 β’.
457 4845 548 4896 Δεῖ
578 4838 645 4910 δὴ
677 4841 868 4902 πόλεις
899 4843 1126 4913 ἁπάσας,
1155 4842 1345 4918 χώρας
1377 4842 1606 4911 ἁπάσας,
1637 4843 1723 4897 καὶ
1775 4841 1913 4896 κατά

269 4940 376 5009 γῆν
434 4934 524 4988 καὶ
577 4933 716 4988 κατά
780 4932 1044 4988 θάλατταν
1119 4933 1306 5008 ἐάνπερ
1381 4938 1477 4989 τοῦ
1547 4932 1796 5008 πράττειν
1855 4932 1912 4989 εὖ

268 5022 483 5098 ’ίσχωσι
532 5021 726 5097 λόγον,
777 5018 1045 5085 εὐσεϐείας
1097 5024 1192 5096 μὶν
1227 5023 1319 5078 καὶ
1348 5031 1449 5092 τῆς
1486 5024 1607 5098 περῖ
1650 5023 1713 5077 τὸ
1753 5017 1912 5084 σέϐας

272 5109 593 5187 ἀσφαλείας,
625 5111 717 5166 ἅτε
753 5109 1024 5184 κρηπῖδος
1067 5113 1156 5167 καὶ
1200 5112 1380 5189 ἀρχῆς
1419 5109 1585 5183 οὔσης
1629 5111 1715 5166 καί
1759 5109 1916 5186 ῥίζης

273 5197 593 5274 εὔδαίμονος
629 5202 822 5275 βιοτῆς
867 5207 956 5256 καὶ
1001 5200 1099 5258 τόῦ
1146 5202 1282 5257 κατά
1327 5203 1513 5277 ψυχὴν
1563 5200 1914 5279 γιγνομένου,

272 5291 366 5346 καὶ
396 5291 480 5346 ’ὁτι
513 5290 605 5344 σὺν
643 5291 783 5364 αὐτῇ
833 5310 891 5344 τε
929 5293 1018 5346 καὶ
1067 5293 1180 5365 μετ’
1229 5291 1397 5362 αὐτῆς
1447 5292 1536 5346 καὶ
1585 5297 1757 5346 πᾶσαν
1806 5288 1914 5347 ἅλ-

273 5379 379 5450 λην
425 5378 623 5448 ἀρετὴν
661 5376 1058 5436 σπουδαστέον·
1103 5381 1221 5436 ἀνευ
1271 5378 1327 5436 δὲ
1373 5380 1574 5450 ταύτης
1623 5378 1912 5450 τηνάλλως

274 5471 486 5542 θέομεν.
521 5469 620 5523 Διά
649 5473 818 5524 ταῦτα
846 5476 948 5539 τῆς
983 5471 1078 5550 μὲν
1124 5471 1229 5544 πρὸ
1268 5475 1374 5524 τῶν
1425 5469 1612 5525 ἄλλων
1661 5467 1914 5544 ἐρῥωμέ-

271 5579 379 5620 νως
425 5556 647 5630 μάλιστ’
696 5557 1110 5627 ἀντιποιεῖσθαι,
1160 5558 1249 5613 καὶ
1294 5564 1450 5613 πᾶσιν
1489 5560 1574 5622 οῖς
1611 5553 1778 5632 ἔξεστι
1828 5557 1912 5609 θε-

278 5651 536 5724 ραπεψειν
593 5647 658 5702 τὸ
714 5650 856 5703 θεῖον
892 5667 906 5682 ο
963 5643 1146 5703 ἔπειτα
1192 5647 1425 5723 τοσαύτῃ
1478 5649 1572 5721 μὲν
1621 5648 1710 5703 καὶ
1756 5645 1915 5714 τηλι-

277 5737 449 5812 καύτῃ
503 5736 598 5811 καὶ
655 5735 820 5801 αὐτὰς
877 5739 1012 5813 πρὸς
1073 5737 1263 5801 ἑαυτὰς
1317 5738 1406 5794 καὶ
1466 5739 1601 5815 πρὸς
1655 5733 1910 5807 ἀλλήλας

2025 656 2352 729 appellatus
2382 660 2488 725 est,
2519 661 2577 712 et
2616 673 2787 728 quem
2836 657 2990 714 Deus
3036 659 3163 730 ipse
3205 659 3267 714 in
3306 675 3471 715 suam
3505 659 3668 730 quasi

2025 767 2358 822 societatem
2419 765 2654 836 recepit,
2712 782 2779 822 ex
2835 782 2947 838 qua
3001 767 3244 833 excidet,
3304 767 3352 822 si
3397 767 3668 823 virtutem

2025 888 2286 928 exercere
2315 872 2567 928 cessabit
2603 877 2662 928 et
2705 873 2911 929 ofﬁciis
2957 873 3141 930 deerit
3187 873 3329 943 suis,
3370 874 3670 944 hucusque

2024 972 2481 1045 explanavimus.
2514 971 2629 1028 Sed
2657 988 2790 1028 cum
2821 977 2952 1044 post
2989 973 3106 1030 haec
3135 974 3208 1030 de
3236 974 3491 1030 subditis
3520 990 3668 1046 quo-

2025 1097 2137 1152 que
2167 1079 2336 1136 verba
2373 1079 2560 1136 facere
2590 1095 2820 1151 equum
2851 1084 2940 1136 est
2967 1097 3035 1136 ac
3063 1079 3217 1136 clare
3245 1081 3665 1149 demonstrare,

2026 1187 2236 1258 quibus
2262 1185 2696 1243 conditionibus
2723 1203 2969 1259 quoque
2998 1187 3260 1244 faciendo
3290 1204 3526 1246 summo
3554 1188 3667 1244 im-

2025 1298 2287 1366 peratore
2315 1292 2478 1364 digni
2525 1293 2687 1360 ﬁant,
2733 1291 2842 1347 hoc
2889 1307 3140 1364 quoque,
3188 1292 3238 1348 si
3281 1292 3405 1350 ﬁeri
3455 1298 3666 1365 potest,

2023 1405 2313 1460 certamen
2370 1401 2623 1458 certabc.
2699 1399 3029 1457 Absurdum
3095 1399 3251 1456 enim
3305 1405 3460 1458 esset
3503 1402 3668 1458 urbis

2024 1509 2273 1579 alicujus
2331 1509 2686 1565 mentionem
2719 1508 2952 1578 quidem
2983 1507 3187 1572 facere,
3233 1512 3290 1564 et
3325 1525 3392 1564 ea
3430 1525 3558 1581 quas
3593 1510 3663 1565 ad

2023 1633 2150 1674 eam
2184 1620 2448 1690 spectent
2477 1618 2764 1684 omittere,
2793 1614 2955 1672 nulla
2982 1631 3226 1688 prorsus
3245 1616 3467 1672 ratione
3506 1616 3664 1672 babi-

2025 1729 2085 1781 ta
2143 1739 2337 1779 rerum
2409 1726 2734 1779 memoratu
2793 1722 3126 1795 dignarum.
3194 1723 3417 1787 Quanto
3485 1724 3664 1794 magis

2025 1832 2347 1887 maximum
2374 1829 2680 1900 imperium
2729 1831 2865 1902 (quo
2921 1837 3072 1886 certe
3109 1830 3265 1887 aliud
3296 1831 3452 1903 quod
3483 1831 3665 1888 animi

1946 1929 1995 1994 B
2025 1938 2468 1994 admirationem
2502 1937 2690 2010 magis
2719 1936 2956 2004 alliciat,
3015 1954 3130 1994 non
3170 1937 3436 2008 exsistit),
3467 1937 3667 1995 laudes

2030 2051 2306 2115 meretur,
2345 2047 2428 2103 ita
2473 2053 2668 2103 tamen
2709 2050 2771 2102 ut
2816 2045 3182 2102 subditorum
3231 2062 3462 2118 quoque
3500 2047 3668 2118 justa

2027 2154 2244 2210 mentio
2271 2154 2391 2210 ﬁat.
2423 2154 2482 2209 Si
2511 2153 2668 2210 enim
2699 2153 2934 2225 regibus
2963 2153 3102 2210 solis
3127 2153 3327 2210 omnia
3355 2153 3665 2210 attribuen-

2025 2265 2133 2325 tes,
2174 2266 2409 2316 ceteros
2456 2275 2656 2317 omnes
2711 2276 3172 2332 aspernaremur,
3219 2275 3343 2317 rem
3393 2261 3665 2333 imperfe-

2024 2377 2173 2426 ctam
2220 2369 2704 2440 relinqueremus,
2739 2369 3030 2440 siquidem
3073 2372 3132 2424 et
3161 2383 3356 2440 regem
3387 2372 3445 2424 et
3482 2369 3662 2426 civem

2024 2483 2218 2550 utpote
2249 2477 2500 2534 naturali
2531 2477 2763 2534 vinculo
2795 2478 2990 2534 unitos
3039 2481 3214 2548 atque
3257 2477 3340 2534 ita
3369 2478 3665 2548 insepara-

2024 2585 2170 2642 biles
2201 2585 2580 2656 contemplari
2613 2585 2869 2641 dedecet.
2884 2585 2962 2641 Ex
2995 2585 3067 2640 iis
3091 2584 3247 2640 enim
3279 2585 3665 2656 quodcunque

2023 2709 2265 2766 regnum
2313 2696 2559 2750 constat.
2623 2694 2808 2758 Quare
2866 2701 3056 2749 orator
3109 2693 3283 2750 verba
3334 2692 3551 2748 faciens
3605 2693 3664 2748 id

2022 2801 2341 2874 praesertim
2372 2803 2566 2856 caveat
2610 2816 2682 2856 ne
2726 2815 2922 2872 regem
2971 2803 3198 2856 tantum
3228 2799 3418 2854 virum
3451 2801 3665 2856 bonum

2023 2908 2312 2981 pradicet,
2346 2908 2527 2963 civem
2555 2913 2744 2963 autem
2793 2907 2961 2977 quasi
2992 2906 3181 2963 bonus
3209 2921 3338 2962 esse
3375 2905 3663 2976 nequiret,

2021 3015 2252 3072 silentio
2301 3018 2617 3086 praetereat.
2657 3015 2818 3072 Sicut
2871 3014 3029 3071 enim
3059 3014 3182 3071 ﬁeri
3216 3030 3332 3072 non
3382 3019 3571 3086 potest
3600 3017 3668 3072 ut

2021 3126 2222 3193 regnet
2249 3120 2484 3192 aliquis,
2515 3120 2566 3177 si
2596 3120 2810 3192 quibus
2835 3124 3040 3193 regnet
3068 3120 3304 3188 absunt,
3332 3121 3414 3178 ita
3443 3121 3664 3178 subditi

2022 3229 2264 3286 feliciter
2293 3229 2457 3302 regni
2503 3231 2822 3300 nequeunt,
2873 3227 2987 3284 nisi
3017 3228 3105 3284 vir
3133 3229 3411 3300 regnandi
3442 3230 3664 3302 peritus

2022 3338 2226 3394 obvius
2255 3337 2351 3392 sit.
2382 3336 2659 3408 Equidem
2709 3339 3022 3410 utrumque
3049 3335 3109 3392 in
3141 3352 3308 3408 aqua
3335 3337 3664 3395 conditione

2022 3445 2212 3516 posui,
2247 3461 2460 3516 regem,
2494 3444 2756 3516 inquam,
2788 3459 2853 3499 ac
2885 3442 3210 3513 subditum,
3244 3459 3348 3499 nec
3385 3447 3474 3500 est
3504 3446 3660 3516 quod

2021 3557 2213 3608 orator
2268 3552 2339 3608 de
2385 3551 2481 3607 illo
2530 3550 2719 3607 solum
2766 3551 2913 3607 bene
2979 3550 3152 3618 dicat,
3203 3565 3383 3622 neque
3418 3565 3552 3606 vero
3590 3553 3661 3608 de

2021 3659 2273 3714 subdito.
2307 3659 2418 3714 Nos
2447 3658 2683 3728 quidem
2713 3673 2858 3729 quos
2915 3656 3028 3714 ista
3074 3656 3401 3714 differentia
3438 3673 3660 3731 nequa-

2021 3781 2196 3835 quam
2230 3765 2387 3834 latet,
2434 3781 2553 3820 non
2602 3764 2672 3820 de
2712 3778 2868 3835 rege,
2906 3765 3007 3820 sed
3056 3764 3128 3821 de
3159 3763 3286 3836 ipso
3316 3780 3504 3836 regno
3544 3781 3664 3822 ser-

2021 3891 2224 3930 mones
2279 3888 2468 3930 serere
2525 3872 2853 3929 staluimus.
2904 3871 2970 3927 Et
3035 3886 3170 3928 cum
3220 3886 3462 3946 regnum
3511 3871 3658 3928 nihil

2021 3983 2178 4039 aliud
2211 3982 2285 4037 sit
2311 3980 2423 4037 nisi
2455 3995 2658 4053 regens
2704 3995 2771 4037 ac
2801 3978 3110 4051 regendus,
3164 3995 3281 4052 quo
3335 3983 3501 4052 pacto
3541 3995 3656 4037 non

2019 4094 2090 4147 de
2119 4090 2405 4148 ambobus
2435 4089 2543 4146 hoc
2572 4089 2698 4145 loco
2728 4087 3033 4145 dicendum
3067 4087 3216 4144 erit?

2087 4824 2142 4877 2.
2171 4819 2385 4877 Omnes
2442 4816 2722 4886 civitates,
2782 4815 3042 4888 regiunes
3099 4822 3338 4884 cunctas,
3397 4813 3442 4871 si
3503 4818 3658 4872 terra

2020 4927 2284 4998 marique
2321 4922 2600 4996 proﬁcere
2647 4922 2868 4990 volunt,
2925 4923 3151 4995 pietatis
3207 4939 3274 4979 ac
3337 4920 3656 4994 religionis,

2021 5051 2148 5106 qua!
2179 5039 2315 5088 sunt
2358 5031 2738 5086 fundamenta
2783 5029 2974 5086 omnis
3015 5028 3176 5100 regni
3224 5028 3505 5101 radixque
3533 5028 3658 5084 vita

2019 5147 2204 5203 felicis
2235 5145 2390 5218 quod
2423 5143 2998 5211 animum,ratiouem
3030 5141 3244 5198 habere
3281 5141 3659 5200 deberunt.ln

2019 5263 2128 5320 hoc
2159 5261 2314 5319 enim
2345 5275 2540 5318 rerum
2601 5263 2755 5316 statu
2810 5258 3212 5333 cujuscunque
3249 5258 3481 5315 virtutis
3521 5262 3658 5316 stu-

2021 5381 2183 5436 dium
2225 5395 2288 5436 sc
2318 5391 2659 5452 progressus
2687 5378 2993 5434 ﬂorebunt.
3026 5375 3131 5432 Cui
3173 5376 3252 5435 rei
3285 5375 3396 5434 nisi
3425 5392 3656 5448 operam

2021 5499 2244 5566 damus,
2277 5496 2358 5552 nil
2417 5496 2776 5566 proﬁcimus.
2845 5495 3058 5552 Idcirco
3114 5495 3386 5551 virtutem
3426 5511 3656 5582 summo

2021 5615 2226 5671 ardore
2277 5612 2697 5687 amplectamur
2743 5616 2802 5670 et
2847 5613 3075 5670 Numen
3105 5612 3368 5669 divinum
3400 5626 3656 5668 reverea-

2023 5747 2172 5800 mur,
2205 5735 2271 5786 ut
2301 5731 2386 5787 sic
2414 5728 2770 5788 unanimiter
2795 5745 2862 5787 ac
2893 5744 3010 5786 uno
3041 5733 3239 5786 tenore
3294 5727 3494 5785 eadem
3525 5742 3660 5783 sen-
