4062 6308
431 327 549 388 499

432 569 563 626 dein
594 587 665 628 eo
691 589 924 645 semper
950 575 1147 632 animo
1198 576 1406 648 simus,
1441 585 1503 635 ut
1538 580 1700 652 ipsos
1731 600 1844 639 non
1880 584 2078 642 minus

433 692 605 747 quam
663 679 822 750 ipsas
885 679 1043 752 leges
1126 680 1474 754 recolamus',
1535 691 1599 742 ut
1654 705 1853 745 eorum
1910 696 2079 763 gesta

439 798 608 856 aqua
644 793 838 843 mente
918 787 1295 859 recipiamus,
1354 789 1473 846 imo
1529 793 1710 851 vitam
1769 795 1927 865 ipsas
1973 814 2077 869 pro

431 890 502 946 iis
530 890 769 948 {undere
824 894 1014 962 parati
1060 894 1296 963 erimus,
1357 898 1574 972 quippe
1628 901 1723 973 qui
1772 919 2077 975 nunquam

433 1013 548 1054 non
579 1012 683 1068 pro
712 1000 885 1056 nobis
911 1000 1174 1074 vigilant,
1207 1006 1391 1061 nostri
1421 1023 1619 1064 curam
1652 1021 1862 1081 gerunt
1907 1020 1963 1067 et
2000 1012 2079 1069 ls-

427 1102 601 1161 bores
632 1104 999 1179 periculaque
1037 1124 1141 1179 pro
1189 1110 1356 1166 nobis
1386 1112 1583 1168 subire
1626 1131 1743 1171 non
1782 1117 2075 1176 dubitant.

427 1209 612 1266 Aliter
638 1211 794 1267 enim
828 1229 942 1270 non
975 1215 1210 1287 regibus
1239 1219 1456 1274 nostris
1486 1222 1741 1293 studere,
1768 1226 1864 1279 sed
1892 1229 2076 1282 nostri

426 1318 686 1387 ipsorum
714 1336 919 1377 curam
949 1320 1166 1380 habere
1193 1324 1540 1397 videremur,
1573 1344 1862 1388 memores
1899 1334 2077 1404 quod,

430 1424 478 1478 si
508 1424 592 1479 illi
623 1426 1007 1498 prosperitate
1037 1429 1329 1501 fruuntur,
1376 1449 1483 1489 nos
1533 1451 1764 1508 quoque
1794 1438 1940 1495 bene
1967 1440 2079 1496 ha-

429 1531 721 1589 bebimus.
776 1533 1191 1608 Theopompus
1257 1539 1493 1611 quidem
1558 1558 1656 1599 rex
1719 1543 2079 1603 Lacedaemo-

431 1640 687 1708 niorum,
739 1641 970 1697 cuidam
1003 1643 1217 1700 dicenti
1256 1648 1409 1717 quod
1440 1649 1644 1721 Sparta
1673 1650 1953 1709 bonorum
1986 1669 2077 1710 re-

427 1762 568 1818 gum
601 1747 885 1805 beneﬂcio
912 1765 1191 1823 prospera
1219 1755 1496 1823 esset,Dio
1527 1757 1740 1828 potius,
1756 1761 2076 1832 respondit,

1734 342 2131 406 THEOD'ULI
2179 344 2532 413 MONACHI

431 462 673 532 tiamus,
704 465 775 521 de
830 467 1039 524 iisdem
1097 470 1476 540 gaudeamus.
1542 472 1602 528 lu
1659 474 2074 546 gubernatores

2190 480 2421 553 ὁμονοίᾳ
2467 489 2788 560 κεχρῆσθαι,
2829 492 2905 555 ὡς
2948 494 3073 566 μίαν
3115 497 3324 562 ἁπάσας
3360 503 3488 558 εἶναι

3696 370 3802 435 500

3528 503 3696 563 δοκεῖν
3733 507 3795 563 τῶ

2200 531 2420 553 Ἶ--η--τ
2468 531 2788 560 γ--ΛΓ-,νν“υ,
2829 531 2903 555 ωε
2948 531 3072 566 tanta"
3115 531 3322 562 υιιιπυας
3360 531 3488 558 ιιναι
3528 531 3696 563 οοκειν
3733 531 3804 579 τῳ

2184 575 2352 625 ταῦτα
2382 580 2596 649 φρονεῖν
2629 577 2717 632 καὶ
2750 581 2961 655 χαίρειν
2988 590 3103 648 τοῖς
3143 585 3290 651 ’ίσοις
3316 608 3329 622 ⁸
3384 593 3527 648 οὕτω
3556 593 3602 650 δ’
3631 592 3804 659 εὔνους

2186 664 2306 722 τοῖς
2336 658 2596 738 ἄρχουσιν
2648 667 2804 737 εἶναι,
2847 670 2921 733 ὡς
2967 675 3042 745 μὴ
3093 677 3256 747 μόνον
3309 679 3463 736 πάντ’
3507 683 3680 745 αὗτνῖς
3721 686 3802 739 τὸν

2188 746 2393 804 ἃπαντα
2433 752 2632 827 χρόνον
2671 756 2855 827 εἳκειν,
2887 763 2973 816 καὶ
3021 764 3156 835 μετὰ
3193 766 3318 828 τοὺς
3347 770 3548 843 νόμους
3590 775 3676 827 καὶ
3712 776 3806 829 αὖ·

2186 838 2313 893 τοὺς
2369 842 2575 914 νόμους
2632 847 2906 922 ἡγεῖσθαι,
2965 852 3053 906 καὶ
3110 856 3351 933 στέργειν
3429 860 3659 933 καθάπαξ
3724 865 3804 917 καὶ

2185 932 2349 1024 τιμᾷν
2387 930 2793 1024 τᾶᾳγιγνόμενα
2818 955 2831 969 ·
2883 937 3027 995 ἂλλᾶ
3072 944 3163 997 καὶ
3208 930 3312 1014 τῆν
3354 950 3537 1023 ψυχήν
3579 930 3656 1004 ἂν*
3686 953 3807 1024 ὑπὲρ

2187 1015 2389 1084 αὐτῶν,
2434 1018 2481 1073 εἰ
2530 1017 2721 1096 δεήσῃ,
2767 1026 3049 1099 προέσθαι,
3100 1031 3415 1104 ὀφείλοντας
3467 1037 3560 1109 μὲν
3609 1039 3810 1100 τούτοις

2184 1106 2410 1174 ταυτηνί
2438 1108 2537 1175 τήν
2571 1110 2738 1186 φορὰν
2778 1120 2878 1182 τῆς
2928 1123 3190 1192 συνεχοῦς
3244 1119 3401 1177 εἵνεκ’
3440 1123 3610 1180 αὐτῶν
3654 1127 3808 1202 ἀγρυ-

2188 1194 2345 1256 πνίας
2378 1195 2466 1250 καὶ
2516 1203 2624 1253 τῶν
2665 1201 2990 1277 φροντίδων,
3038 1207 3130 1263 καὶ
3159 1213 3255 1264 τοῦ
3301 1213 3473 1268 πάντα
3518 1215 3679 1270 πόνον
3725 1216 3809 1271 καὶ

2185 1278 2431 1337 κίνδυνον
2462 1286 2701 1343 ἑκάστοθ’
2753 1291 2887 1366 ὑπὲρ
2931 1296 3139 1350 τούτων
3179 1301 3467 1373 αἱρεῖσθαι,
3509 1300 3598 1358 διὰ
3622 1305 3683 1359 τὸ
3718 1313 3809 1375 τῆς

2187 1368 2367 1445 ἀρχῆς
2422 1375 2798 1452 ἠναγκάσθαι·
2833 1383 3013 1455 χωρὶς
3061 1382 3120 1441 δὲ
3164 1368 3387 1454 τοῦτου,
3433 1391 3497 1445 τὸ
3528 1394 3647 1459 περὶ
3692 1396 3808 1453 τοὺς

2186 1466 2518 1532 κρατοῦντας
2566 1467 2773 1523 οὑτωσὶ
2823 1467 3121 1529 διακεῖσθαι
3165 1476 3254 1531 καὶ
3309 1480 3479 1554 ταύτῃ
3528 1501 3810 1555 παρεσκευ-

2188 1547 2372 1619 άσθαι,
2418 1552 2524 1628 οὐχ
2579 1553 2713 1631 ὑπὲρ
2769 1555 2985 1614 ἐκείνων
3031 1561 3246 1634 μᾶλλον
3278 1565 3314 1635 ἢ
3348 1547 3478 1641 ὑπὲρ
3531 1547 3675 1646 suoti
3719 1569 3805 1626 aii-

2185 1642 2292 1693 τῶν
2352 1640 2463 1696 ἐστι
2518 1648 2966 1718 παρεσκευάσθαι,
3041 1650 3191 1728 ε’ίπερ
3264 1653 3485 1712 ἐκείνων
3536 1658 3593 1714 εῦ
3645 1680 3809 1734 πρατ-

2185 1728 2413 1800 τόντων,
2447 1732 2536 1786 καὶ
2585 1732 2778 1798 αὐτοὺς
2832 1738 2888 1792 εὗ
2921 1740 3174 1813 πράττειν
3227 1745 3456 1821 ἀνάγκη.
3502 1749 3811 1822 Θεόπομπος

432 1855 586 1926 quod
625 1819 1240 1916 Lacedem'oniiidicto
1287 1819 1585 1921 audientes
1625 1870 1782 1924 sunt.
1817 1819 1968 1925 Bene
1993 1873 2074 1927 est

2189 1821 2317 1889 γοῦν
2375 1820 2403 1874 ὁ
2462 1819 2881 1896 Λακεδαμονίων
2951 1829 3208 1904 βασιλεὺς
3274 1836 3410 1905 πρὸς
3467 1837 3560 1891 τὸν
3609 1837 3813 1892 εἰπόντα

2200 1925 2221 1927 ._
2248 1906 2303 1927 ’ν
2371 1909 2397 1927 Λ
2558 1912 2571 1927 I
2674 1920 2709 1927 —
2778 1916 2787 1927 ι
2989 1915 3011 1927 Α
3051 1919 3062 1927 ι
3188 1919 3199 1927 ι
3678 1925 3688 1927 μ

434 1961 485 2018 si
514 1960 780 2020 civitates
835 1962 896 2019 in
955 1965 1294 2023 universum
1332 1968 1417 2025 ita
1455 1975 1597 2028 sunt
1626 1973 1944 2046 dispositis,
1977 1977 2078 2033 sed

432 2072 567 2124 ante
592 2070 789 2126 omnia
830 2088 959 2144 qua
998 2072 1150 2129 inter
1185 2081 1425 2133 caeteras
1455 2080 1748 2137 excellunt
1778 2096 2076 2155 nunquam

436 2175 691 2233 minores
720 2181 1117 2248 contemnant,
1145 2182 1290 2239 adeo
1321 2188 1388 2239 ut
1416 2184 1488 2240 iis
1519 2189 1584 2242 ut
1612 2187 1792 2243 servis
1815 2189 1899 2243 uti
1917 2193 1975 2245 et
2009 2190 2078 2244 ad

432 2297 815 2355 quascunque
845 2300 938 2341 res
993 2286 1208 2356 volent,
1252 2289 1527 2345 adhibere
1568 2297 1940 2361 praisumant,
1974 2293 2082 2349 im-

445 2405 732 2448 memores
772 2393 928 2464 quod
979 2408 1077 2450 eos
1121 2394 1337 2466 quibus
1387 2397 1618 2454 fortuna
1666 2398 1860 2456 minus
1918 2402 2081 2470 favet,

442 2496 592 2554 male
621 2503 872 2556 tractare
928 2500 1174 2558 minime
1230 2503 1399 2560 liceat
1453 2509 1513 2561 et
1568 2504 1859 2563 silentium
1893 2507 1967 2564 iis
2019 2523 2084 2564 ac

435 2604 815 2662 formidinem
847 2607 1153 2678 imperare.
1190 2609 1301 2666 Sed
1338 2627 1445 2667 nec
1475 2612 1790 2669 multitudo
1819 2630 2085 2686 proceres

442 2710 664 2769 invidia
687 2718 861 2786 atque
911 2716 1046 2773 odio
1075 2722 1476 2790 persequatur,
1517 2721 1618 2777 sed
1667 2721 1983 2779 seditiones
2020 2738 2087 2779 ac

446 2802 648 2875 turbas
677 2821 914 2878 vitando
965 2822 1320 2894 primoribus
1344 2824 1611 2896 {animum
1649 2831 1876 2898 gratum
1932 2828 2089 2885 exhi-

446 2923 640 2993 beant,
670 2924 888 2983 inﬁmis
927 2942 1062 2984 vero
1111 2945 1354 2985 manum
1401 2931 1722 2989 beneficam
1769 2933 2085 3005 porrigant,

443 3046 647 3089 eorum
700 3036 867 3106 quasi
922 3041 1299 3108 cognatorum
1346 3043 1406 3096 et
1441 3040 1717 3098 affinium
1753 3059 1952 3099 curam
1984 3059 2089 3115 ge-

440 3145 589 3196 rant.

504 3674 558 3729 3.
590 3676 676 3730 Me
713 3675 948 3746 quidem
982 3678 1182 3748 judice
1219 3697 1254 3737 a
1302 3682 1585 3756 principio
1633 3689 1804 3745 urbes
1852 3690 2080 3751 habita-

434 3785 572 3835 runt
609 3784 904 3851 mortales,
947 3789 1002 3841 et
1035 3788 1245 3843 mmnia
1288 3797 1739 3851 construxerunt
1784 3799 2078 3873 vitamque

433 3902 801 3946 communem
860 3891 1164 3964 elegerunt
1218 3912 1285 3951 ea
1326 3895 1451 3968 lege
1508 3916 1573 3955 ac
1628 3905 1983 3977 conditione,
2015 3915 2079 3965 ut

435 4010 544 4049 non
578 3995 851 4053 domicilii
883 3999 982 4054 sed
1015 4001 1337 4058 studiorum
1366 4006 1640 4066 societate
1662 4011 1992 4071 fruerentur
2020 4025 2077 4075 et

433 4106 495 4154 ut
528 4103 721 4157 unitas
748 4102 807 4157 in
838 4104 1173 4175 pluralitate
1205 4111 1519 4169 exsisteret.
1554 4116 1711 4179 Quod
1746 4119 1791 4173 si
1824 4123 2074 4193 majores

428 4208 611 4263 nostri
643 4209 814 4266 urbes
836 4213 1265 4272 exaedificarunt
1296 4224 1355 4273 ut
1417 4234 1526 4276 una
1566 4223 1839 4297 viverent,
1882 4246 2073 4289 nonne

428 4331 668 4385 prorsus
699 4316 1015 4375 absurdum
1048 4327 1155 4391 est,
1185 4323 1233 4377 si
1257 4328 1544 4384 nostrates
1572 4346 1685 4388 non
1711 4335 1778 4389 ad
1802 4340 2067 4395 eumdem

424 4420 599 4477 finem
631 4424 1030 4482 sociabilitalis
1066 4429 1165 4484 sed
1218 4430 1345 4488 ideo
1389 4434 1558 4491 urbes
1607 4446 1977 4512 construunt,
2010 4454 2071 4504 ut

422 4532 481 4584 in
531 4530 845 4599 opionibus
904 4539 961 4590 et
1016 4538 1226 4594 mentis
1277 4541 1536 4614 cogitatis
1594 4545 1744 4603 inter
1798 4567 1861 4606 se
1900 4553 2070 4610 diﬂ‘e-

422 4639 600 4692 rant?
628 4639 803 4695 Miror
846 4641 1141 4699 deindein
1193 4647 1374 4704 salem
1416 4666 1788 4712 communem
1840 4659 1910 4714 ad
1944 4677 2066 4717 mo-

422 4761 550 4799 rum
585 4746 1029 4805 similitudinem
1065 4752 1421 4822 probandam
1478 4758 1818 4818 invocamus
1876 4769 2067 4836 potius

420 4866 591 4922 quam
621 4853 885 4923 ejusdem
918 4858 1079 4912 urbis
1111 4858 1549 4934 habitationem,
1582 4871 1736 4939 quod
1757 4888 2065 4933 commune

418 4964 570 5021 intra
610 4968 822 5025 mmnia
863 4969 1218 5028 domicilium
1250 4975 1432 5047 magis
1465 4983 1853 5041 necessarium
1888 5004 2059 5058 quam

419 5070 560 5128 salis
590 5076 927 5132 communio
957 5094 1085 5134 esse
1105 5080 1525 5155 videtur;quod
1562 5095 1883 5148 monstratu
1910 5095 2060 5152 baud

420 5178 656 5235 ditﬂcile
683 5187 792 5237 est.
827 5184 991 5238 Parvi
1043 5192 1215 5256 certe,
1269 5188 1396 5246 sine
1442 5197 1692 5266 magnis,
1740 5202 2059 5259 secundum

419 5292 785 5363 Sophoclem,
821 5298 1026 5355 fortem
1088 5304 1292 5359 turrim
1353 5322 1547 5364 creare
1601 5319 1862 5381 possunt.
1899 5317 2058 5382 Quod

418 5401 574 5456 enim
623 5404 893 5473 exiguum
943 5412 1052 5475 est,
1086 5426 1120 5463 ιι
1164 5413 1355 5481 parvis
1404 5415 1461 5469 in
1493 5416 1860 5477 altitudinem
1915 5425 2058 5497 erigi

417 5514 588 5572 valet.
621 5517 819 5576 Parvis
849 5522 1003 5578 enim
1056 5532 1114 5580 ut
1150 5526 1377 5585 fortiter
1405 5535 1750 5602 consistant.
1785 5555 1900 5594 non
1945 5542 2059 5597 mi-

417 5651 527 5691 nus
583 5653 649 5693 ac
680 5638 1169 5711 gubernatoribus
1200 5661 1264 5701 ac
1313 5648 1510 5704 nautis
1534 5644 1781 5724 eipedit,
1829 5661 1893 5712 ut
1922 5673 2055 5716 mu-

2191 1906 2455 1975 σώζεσθαι
2511 1912 2612 1980 τήν
2671 1916 2928 1987 Σπάρτην
2984 1915 3073 1973 διὰ
3120 1919 3248 1982 τοὺς
3293 1929 3623 1993 κρατοῦντας
3667 1925 3812 2000 ἀρχι-

2189 1996 2319 2058 κοὺς
2348 1994 2525 2067 ὄντας,
2561 1998 2772 2070 μᾶλλον
2813 2001 2913 2081 ἔφη
2957 2003 3046 2062 διὰ
3082 2008 3211 2071 τοὺς
3252 2010 3502 2076 πολλοὺς
3540 1994 3811 2089 πειθαρχι-

2190 2084 2317 2146 κοὺς
2345 2086 2519 2149 ὄντας.
2563 2095 2727 2166 Κοινῇ
2770 2095 2866 2166 μὲν
2900 2094 2991 2149 οὖν
3028 2098 3085 2151 αἱ
3125 2097 3314 2162 πόλεις
3357 2100 3532 2165 οὕτως
3567 2103 3812 2179 ἑχόντων,

2192 2171 2304 2246 ἰδίᾳ
2335 2172 2393 2230 δὲ
2434 2176 2531 2234 κᾶν
2575 2180 2655 2249 τῷ
2704 2181 3109 2257 πολιτεύεσθαι,
3162 2193 3320 2259 πῶςς
3371 2194 3516 2262 Μήθ’
3564 2195 3619 2249 οἱ
3662 2190 3815 2266 προῦ-

2199 2282 2314 2337 χειν
2348 2263 2612 2340 λαχόντες
2644 2270 3140 2348 ὑπερφρονείτωσαν
3177 2283 3284 2332 τῶν
3331 2278 3562 2336 πολλῶν
3612 2263 3812 2350 καὶ-τῆς

2192 2349 2596 2428 ἐλασσουμένης
2651 2359 2888 2433 μερίδος,
2923 2365 2998 2426 ὡς
3046 2368 3122 2438 μή
3167 2368 3330 2440 μόνον
3384 2369 3438 2425 ἐν
3483 2369 3814 2446 ἀνδραπόδων

2198 2441 2364 2515 μοίρᾳ
2390 2445 2607 2509 τούτοις
2638 2452 2940 2525 κεχρῆσθαι
2978 2455 3069 2509 καὶ
3115 2461 3291 2512 ποιεῖν
3340 2459 3468 2513 ὅταν
3516 2459 3810 2535 βούλωνται

2193 2537 2393 2599 κακῶς,
2441 2533 2590 2591 ἀλλὰ
2637 2540 2726 2592 καὶ
2757 2540 2936 2618 σφίσιν
2982 2542 3166 2608 αὐτοῖς
3196 2543 3286 2601 διὰ
3324 2548 3387 2603 τὸ
3424 2557 3622 2625 σχῆμα
3648 2550 3813 2604 καὶτὸ

2196 2624 2675 2697 συγκεχωρηκέναι
2730 2635 2831 2697 τῆς
2883 2630 3064 2711 τύχης
3133 2636 3432 2706 προσήκειν
3476 2624 3714 2708 ἡγεῖσθαι
3756 2638 3815 2693 τὰ

2193 2713 2417 2765 τοιαῦτα
2468 2711 2690 2784 μάλισθ’
2738 2713 2972 2792 ὑϐρίζειν
3032 2723 3121 2777 καὶ
3172 2725 3479 2797 μαίνεσθαι,
3528 2725 3745 2788 ἐκείνοις
3772 2725 3815 2780 δ’

2199 2797 2567 2875 ὑπεπτηγέναι
2606 2805 2696 2859 καὶ
2737 2805 2978 2881 τρέμειν,
3028 2812 3118 2865 καὶ
3171 2812 3302 2885 μηδ’
3333 2813 3367 2868 ἃ
3394 2817 3697 2895 πάσχουσιν
3732 2814 3811 2871 λέ-

2196 2907 2308 2962 γειν
2346 2890 2449 2945 ὑπὸ
2481 2889 2634 2956 δέους
2666 2894 2881 2967 ἐξεῖναι,
2938 2902 3065 2973 μήτ’
3090 2900 3156 2955 αὖ
3187 2901 3237 2957 οἱ
3269 2901 3478 2959 πολλοὶ
3514 2889 3662 2981 ’πρὸς
3703 2906 3813 2965 τοὺς

2199 2976 2563 3053 ὑπερέχοντας
2629 2984 2829 3041 οὑτωσὶ
2894 2985 3233 3060 διακείσθων,
3302 2993 3377 3055 ὡς
3456 2976 3581 3050 ὑπὸ.
3623 2997 3805 3071 βασκα-

2197 3066 2314 3129 νίας
2369 3070 2459 3124 καὶ
2510 3072 2709 3147 φθόνου
2765 3077 2981 3141 τούτοις
3037 3079 3430 3155 ἀπεχθάνεσθαι
3492 3087 3583 3139 καὶ
3641 3086 3802 3159 μισεῖν,

2121 3188 2170 3254 C
2201 3158 2339 3254 πρὸς
2394 3156 2655 3254 διαϐολὰς
2691 3167 2797 3254 ,καὶ
2862 3166 3072 3230 στάσεις
3129 3164 3238 3225 ἔσθ’
3285 3170 3375 3226 ὅτε
3432 3156 3649 3247 χωρεῖν
3689 3169 3805 3236 δίον,

2198 3246 2327 3309 τοὺς
2369 3248 2463 3322 μὲν
2511 3256 2620 3306 τῶν
2679 3253 3036 3331 ὑπαρχόντων
3091 3256 3318 3322 ἒκείνοις
3375 3246 3688 3338 ξυγχαίρειν
3732 3259 3810 3314 καὶ

2190 3335 2543 3412 συνεύχεσθαι
2596 3342 2664 3396 τὰ
2723 3342 2950 3417 βελτίω,
2994 3344 3234 3410 ἐκείνους
3283 3346 3332 3407 δ’
3361 3335 3521 3412 αὖθις
3558 3335 3610 3406 ἐν
3642 3352 3814 3406 ἅπαντι

2189 3431 2268 3498 τῷ
2298 3428 2489 3502 χρείας
2521 3432 2814 3509 ἱσταμένῳ,
2861 3438 3076 3500 τούτοις
3114 3439 3503 3515 ξυμπράττειν,
3535 3444 3624 3498 καὶ
3671 3445 3812 3516 χεῖρα

2188 3517 2467 3587 σώζουσαν
2527 3523 2865 3601 ὑπερίσχειν,
2923 3530 3009 3584 καὶ
3062 3530 3307 3594 συνόλως
3347 3533 3424 3595 ὡς
3478 3533 3687 3590 οἰκείων
3731 3530 3811 3585 καὶ

2193 3606 2323 3679 μαλ’
2352 3610 2536 3673 αὐτοῖς
2566 3618 2957 3687 προσηκόντων
2989 3618 3302 3695 ἀντέχεσθαι
3334 3625 3426 3676 καὶ
3460 3622 3771 3701 φροντίζειν.

2258 3698 2324 3769 γ’.
2375 3700 2495 3755 Ἐπὶ
2545 3703 2648 3777 γὰρ
2697 3707 2843 3759 τοῦτ’
2894 3710 3049 3779 οἶμαι
3094 3708 3184 3763 καὶ
3228 3708 3421 3772 πόλεις
3472 3698 3604 3767 rora
3650 3709 3811 3784 apxa‘zc

2187 3785 2403 3858 ᾤκησαν
2436 3791 2733 3867 ἄνθρωποι,
2773 3796 2864 3851 καὶ
2901 3798 3065 3873 τείχη
3104 3795 3494 3873 περιεϐάλοντο
3538 3801 3626 3857 καὶ
3656 3799 3812 3874 προῦ-

2187 3872 2444 3946 ϐάλοντο,
2478 3884 2568 3937 καὶ
2603 3886 2718 3956 μετ’
2763 3885 3029 3957 ἀλλήλων
3075 3888 3312 3958 ἠξίωσαν
3362 3891 3517 3961 εἶναι,
3563 3890 3709 3965 ἐφίᾕ
3739 3888 3809 3959 μή

2182 3966 2338 4040 τόπῳ
2397 3971 2608 4041 μᾶλλον
2655 3975 2691 4044 ἢ
2741 3976 2933 4050 γνώμη
2991 3979 3240 4048 ξυνεῖναι,
3287 3978 3397 4032 καὶ-
3429 3977 3578 4042 ὅλως
3622 3978 3675 4034 ’ὲν
3730 3974 3812 4031 διὰ

2185 4054 2398 4109 πάντων
2439 4061 2770 4116 παντάπασιν
2810 4063 2965 4120 εἶναι.
3012 4069 3134 4119 Πῶς
3174 4063 3267 4119 οὖν
3309 4065 3406 4120 οὐκ
3450 4068 3650 4121 ἄτοπον
3688 4063 3810 4126 τοῦς

2186 4143 2280 4214 μὲν
2325 4147 2551 4219 πρόσθεν
2601 4147 2683 4227 ἐφ’
2712 4151 2758 4223 ᾧ
2789 4153 2903 4223 μετ’
2951 4150 3215 4223 ἀλλήλων
3261 4154 3394 4209 εἶναι
3445 4154 3637 4219 πόλεις
3677 4153 3809 4227 ἐξευ-

2184 4239 2291 4306 ρεῖν
2345 4238 2435 4290 καὶ
2491 4241 2873 4314 τεχνήσασθαι,
2918 4242 3046 4305 τοὺς
3087 4243 3146 4298 δὲ
3190 4245 3301 4298 νυνὶ
3350 4244 3544 4308 πόλεις
3604 4245 3809 4300 οἰκοῦνο

2180 4342 2298 4391 τας,
2331 4325 2393 4379 οὐ
2442 4323 2514 4381 δι’
2563 4328 2696 4384 αὐτὸ
2742 4334 2904 4384 τοῦτο
2951 4333 3041 4386 καὶ
3085 4338 3204 4394 τοῖς
3236 4333 3529 4409 λογισμοῖς
3572 4334 3628 4389 ’ὲν
3658 4334 3807 4394 εἶναι,

2178 4407 2306 4464 ἀλλ’
2356 4411 2500 4468 οὕτω
2559 4417 2732 4489 χωρὶς
2783 4416 2923 4473 εἶναι
2972 4424 3094 4480 ταῖς
3137 4407 3400 4495 γνώμαις,
3452 4419 3634 4495 ὥσπερ
3660 4419 3724 4475 ἂν
3764 4419 3807 4473 εἰ

2178 4498 2266 4551 καὶ
2312 4505 2390 4571 τῷ
2436 4505 2608 4578 χώρῳ
2653 4503 2968 4579 διίσταντο;
3028 4509 3298 4581 Θαυμάζω
3347 4508 3394 4564 δ’
3444 4511 3490 4566 εί
3543 4511 3673 4572 τοὺς
3720 4509 3807 4582 μὲν

2365 4565 2375 4571 .
2438 4565 2476 4577 ,ν
2531 4565 2589 4578 .,
2954 4565 2968 4579 ι
3143 4565 3154 4581 .
3229 4565 3251 4579 τ
3450 4565 3458 4566 κ
3661 4565 3671 4572 -
3720 4565 3759 4582 ιν

2103 4565 2146 4629 D
2177 4588 2393 4651 κοινοὺς
2423 4592 2557 4653 ἅλας
2605 4594 2736 4667 ὑπὲρ
2785 4594 2882 4651 τοῦ
2928 4597 3096 4653 ταυτα
3132 4596 3436 4654 τουλοιποῦ
3485 4606 3698 4676 φρονεῖν
3732 4599 3803 4653 ιιί⁸

2178 4674 2383 4734 δεῖσθαι
2416 4684 2660 4757 φήσομεν
2708 4692 2930 4759 χρῆναι,
2978 4688 3042 4742 τὸ
3094 4685 3152 4742 δὲ
3187 4690 3285 4756 τὴν
3332 4688 3501 4758 αὐτὴν
3543 4686 3704 4745 πόλιν
3735 4709 3806 4742 οι·-

2175 4774 2289 4822 κεῖν
2347 4771 2485 4844 πρὸς
2513 4774 2603 4827 -τὸ
2663 4776 2825 4830 ταυτὸ
2872 4779 3035 4831 τοῦτο
3091 4779 3512 4847 παρασκευάζειν
3590 4773 3800 4832 ἔλαττον

2174 4850 2321 4931 ἔχειν
2382 4862 2612 4915 τουτωνὶ
2668 4868 2987 4937 νομιοῦμεν,
3044 4870 3337 4921 τουσοῦτον
3404 4865 3804 4941 ἀναγκαιότερον

2173 4945 2257 5017 ὃν,
2303 4948 2428 5002 ὅσον
2483 4950 2539 5003 αἱ
2591 4950 2685 5023 μὲν
2731 4956 2838 5007 τῶν
2891 4958 3084 5009 κοινῶν
3133 4952 3305 5033 εἵνεχ’
3355 4955 3527 5023 ἁλῶν,
3576 4957 3667 5010 καὶ
3709 4957 3802 5008 τοῦ

2177 5038 2291 5106 μετ’
2321 5036 2588 5109 ἀλλήλων
2646 5042 2792 5113 ἡμᾶς
2842 5043 2999 5114 εἶναι,
3028 5043 3282 5118 γεγόνασι
3327 5041 3505 5115 δήπου
3541 5063 3799 5117 τοκαταρι

2174 5128 2300 5202 χὰς,
2355 5127 2569 5191 κοινοὺς
2637 5127 2694 5185 δὲ
2742 5127 2876 5193 ἃλας
2936 5131 3354 5204 οὑδηστινοσοῦν
3416 5153 3549 5188 ποτε
3603 5131 3798 5188 τούτων

2171 5219 2560 5293 ἡγησαμένους
2590 5216 2703 5274 οὐδ’
2752 5218 2813 5274 ἂν
2853 5222 2933 5282 εἷς
2983 5219 3261 5291 ἐπιδείξαι.
3295 5223 3477 5297 Χωρὶς
3518 5219 3574 5276 δὲ
3601 5219 3799 5276 τούτων

2171 5309 2395 5382 σμικροί
2442 5309 2699 5383 μεγάλων
2740 5313 2938 5385 χωρὶς,
2991 5313 3127 5368 κατὰ
3176 5309 3480 5391 Σοφοκλέα,
3538 5309 3799 5385 σφαλερὸν

2171 5396 2380 5472 πύργου
2440 5399 2586 5472 ῥῦμα
2636 5400 2893 5455 πέλονται
2927 5421 2940 5435 ο
2996 5402 3129 5473 μετὰ
3175 5402 3276 5476 γὰρ
3330 5400 3585 5478 μεγάλων
3655 5401 3799 5474 βαιὸς

2169 5483 2341 5558 ἄριστ’
2392 5486 2452 5542 ἃν
2504 5490 2593 5543 καὶ
2647 5491 2811 5565 μέγας
2859 5491 3064 5564 ὀρθοῖθ’
3115 5492 3218 5547 ὑπὸ
3262 5490 3653 5566 σμικροτέρων.
3697 5495 3794 5557 Τῆς

2169 5575 2275 5648 γὰρ
2331 5574 2599 5650 ἑκατέρων
2660 5578 2962 5640 συντελείας
3015 5581 3105 5636 καὶ
3170 5581 3267 5635 τοῦ
3333 5579 3666 5654 συναίρεσθαι
3720 5574 3795 5631 δεῖ

2168 5665 2385 5728 παντως
2420 5666 2696 5742 ἑκατέροις
2738 5666 2891 5723 οὐδὲν
2936 5671 3099 5739 ἦττον
3145 5668 3181 5739 ἢ
3213 5663 3516 5744 κυϐερνήτῃ
3556 5669 3641 5724 καὶ
3670 5665 3791 5721 ναύ-
