4062 6308
268 415 385 475 501

1277 416 1578 480 ORATIO
1623 423 1724 481 DE
1769 422 2274 484 SUBDlTOllUM
2321 421 2677 484 OFFICIIS.

3557 434 3678 492 502

269 564 394 604 ταις
434 549 532 597 τοῦ
576 547 704 618 παρ’
735 545 1001 616 ἀλλήλων
1053 553 1450 622 συνασπισμοῦ.
1484 551 1553 606 Τὸ
1603 549 1660 604 δὲ
1709 553 1920 605 στασιά-

2035 560 2130 609 tuo
2179 553 2442 610 subsidio
2485 572 2548 612 se
2603 557 2852 614 invicem
2916 560 3209 630 adjuvent.
3261 563 3360 620 Sin
3412 565 3564 622 bello
3609 584 3676 620 ac

270 639 382 701 ζειν
411 633 503 686 καὶ
533 634 798 706 πολεμεῖν
831 637 968 711 πρὸς
1011 635 1317 708 ἀλλήλους,
1349 639 1436 693 καὶ
1489 641 1564 710 μή
1614 641 1784 693 ταῦθα
1833 638 1922 694 διὰ

268 721 490 775 πάντων
549 723 948 798 γιγνώσκοντας
1015 728 1170 794 εἶναι,
1228 725 1376 782 ἀλλά
1451 726 1741 790 διεστῶτας
1806 734 1922 788 ταῖς

269 812 546 882 γνώμαις,
594 813 788 881 ἡλίκον
838 816 926 869 καὶ
973 815 1188 876 τούτοις
1241 816 1510 879 κάκείνοις
1553 819 1642 871 τὸν
1697 815 1921 890 ὄλεθρον

265 900 428 974 ’ἴσχει
453 920 466 932 ·
501 907 592 956 καί
641 908 902 958 τοσοῦτον
941 908 1181 960 τουτοισὶ
1221 905 1432 979 μᾶλλον
1465 908 1499 976 ἢ
1536 907 1765 975 ’κείνοις,
1799 908 1924 962 ὅσον

268 991 478 1045 πλοίου
540 988 945 1069 διαφθαρέντος,
982 995 1148 1067 μικρά
1195 1016 1278 1056 τις
1337 998 1371 1064 ἡ
1426 993 1647 1070 βλάϐη·
1707 996 1924 1060 πόλεως

271 1077 333 1134 δὲ
372 1081 540 1134 ταυτὸ
586 1085 748 1135 τοῦτο
789 1085 1067 1151 παθούσης
1111 1089 1334 1138 τοσοῦτο
1398 1085 1620 1156 μείζων,
1663 1087 1784 1140 ὅσον
1833 1087 1923 1140 καὶ

269 1167 441 1230 πόλις
462 1170 600 1230 νεώς
625 1191 638 1204 ο
672 1170 718 1225 εί
750 1170 807 1225 δὲ
840 1174 950 1242 μεν’
972 1171 1236 1241 ἀλλήλων
1266 1170 1412 1234 ὅνιες
1445 1175 1620 1235 οὕτως
1649 1172 1924 1244 ἀλλήλοις

270 1259 412 1312 εἰσὶν
468 1259 543 1319 ὡς
589 1258 812 1328 ἀληθῶς
859 1260 911 1314 ἐν
961 1261 1235 1335 καιρῷ,τί
1280 1259 1362 1316 δεῖ
1406 1262 1631 1324 τούτους
1675 1261 1920 1317 διαστάν-

266 1368 366 1405 τας
428 1349 692 1419 νομίζειν,
724 1349 811 1403 καὶ
872 1351 979 1420 μὴν
1041 1349 1084 1404 εἰ
1130 1352 1204 1421 μή
1266 1348 1355 1404 διὰ
1397 1352 1460 1404 τὸ
1505 1353 1604 1420 τὴν
1659 1353 1922 1422 ὁμόνοιαν

267 1433 577 1490 κάλλιστον
627 1438 717 1490 καὶ
776 1437 1222 1493 λυσιτελέστατον
1267 1445 1383 1500 τοῖς
1435 1440 1746 1517 χρωμένοις
1788 1441 1922 1494 εἶναι

269 1530 366 1582 καὶ
430 1531 608 1598 πάσης
667 1526 1012 1600 εῦδαιμονίας
1073 1531 1371 1594 ὑπόθεσιν;
1429 1539 1528 1600 τῆς
1601 1537 1731 1604 γοῦν
1791 1534 1925 1606 ὑπὲρ

271 1623 430 1692 σφῶν
488 1617 666 1671 αὐτῶν
710 1615 865 1672 εἵνεκ’
895 1618 1211 1696 ἀσφαλείας,
1241 1621 1328 1675 καὶ
1386 1626 1483 1674 τοῦ
1543 1622 1594 1693 γ’
1644 1616 1788 1695 ἔχειν
1848 1621 1921 1682 εἷς

273 1708 419 1760 ἅπαν
484 1706 692 1777 καλῶς,
737 1709 1179 1781 συνάγωνίζοιντ’
1228 1707 1284 1762 ἂν
1345 1709 1571 1769 εἰκότως
1623 1709 1921 1780 ἀλλήλοις.

273 1801 400 1849 ’Ἑτι
448 1799 541 1847 νῦν
600 1816 684 1848 τοι
735 1794 781 1849 εἶ
825 1817 908 1857 τις
957 1792 1122 1869 ἔροιτ’
1155 1797 1371 1865 αὐτοὺς,
1403 1798 1631 1872 πότερον
1671 1798 1727 1852 εὖ
1757 1799 1919 1871 πράσ-

271 1904 385 1937 σειν
435 1885 469 1953 ἢ
517 1881 806 1961 δυστυχεῖν
853 1887 1150 1958 αἱροῦνται,
1207 1885 1251 1940 εί
1300 1887 1394 1957 μὲν
1438 1884 1746 1961 δυστυχεῖν,
1797 1886 1924 1940 οὐδὲ

271 1973 786 2049 συμφρονήσουσιν·
828 1975 876 2028 εἰ·
931 1971 989 2028 δὲ
1051 1978 1147 2028 τοῦ
1203 1975 1457 2048 πράσσειν
1512 1975 1697 2037 καλῶς
1758 1975 1924 2048 λόγος

269 2062 484 2129 αὐτοῖς,
518 2061 607 2115 καὶ
655 2066 751 2115 τοῦ
799 2068 1127 2140 συμφρονεῖν
1177 2065 1494 2133 ποιήσονται
1547 2062 1712 2136 λόγον
1741 2085 1752 2096 ·
1788 2066 1920 2117 οὐκ-

271 2155 365 2202 οῦν
431 2150 748 2223 ἐξανάγκης,
810 2152 854 2205 εί
918 2153 1010 2223 μὲν
1057 2151 1153 2216 ,οὐ
1214 2154 1678 2229 συμφρονήσουσι,
1739 2151 1921 2206 δυστυ-

269 2242 571 2312 χῆσουσιν.
621 2239 681 2295 Ei
736 2237 793 2294 δι
843 2237 1126 2314 δυστυχεῖν
1191 2242 1290 2295 οὐκ
1336 2242 1630 2310 ἀνέξονται»
1681 2261 1923 2316 ⁸⁸³1⁸97³·

269 2331 504 2398 νήσουσι
535 2347 547 2359 ·
589 2331 1066 2406 συμφρονήσαντες
1099 2329 1156 2384 δὲ
1188 2333 1263 2392 ὡς
1295 2331 1459 2398 εἰκὸς,
1491 2331 1581 2384 καὶ
1617 2332 1714 2402 μία
1756 2332 1922 2402 ταύτῃ

271 2418 564 2492 γεγονότες
618 2417 869 2490 φρατρία,
903 2419 978 2477 ὡς
1037 2418 1089 2472 ἐν
1137 2424 1216 2490 τῷ
1265 2419 1379 2473 κατ’
1409 2416 1574 2496 ἄμφω
1617 2423 1714 2484 τῆς
1745 2421 1920 2493 τύχης

270 2506 327 2560 ’ἐν
380 2507 630 2577 ἑκάτεροι
695 2508 782 2560 καὶ
838 2507 1194 2580 βουλεύεσθαι
1243 2508 1330 2562 καὶ
1394 2513 1605 2580 φρονεῖν
1651 2509 1739 2562 καὶ
1792 2509 1924 2582 ὑπὲρ

277 2594 552 2664 ἀλλήλων
606 2596 695 2650 καὶ
743 2596 875 2669 ὑπὲρ
925 2601 1072 2671 σφῶν
1113 2595 1290 2651 αὐτῶν
1333 2594 1652 2665 διακεῖσθαι,
1684 2597 1835 2651 αύτοί
1868 2618 1924 2650 τε

284 2685 339 2737 ἐν
390 2689 468 2754 τῷ
519 2689 629 2737 τῶν
689 2683 1025 2759 πραγμάτων
1077 2683 1311 2760 ἀσφαλεῖ
1361 2686 1450 2738 καὶ
1501 2684 1784 2757 καλλίστῳ
1830 2687 1923 2740 τὸν

290 2772 495 2824 ἅπαντα
542 2772 814 2845 βιώσοντα
864 2773 1086 2846 χρόνον,
1124 2776 1192 2845 τῇ
1242 2794 1300 2826 τε
1356 2773 1515 2827 πόλει
1567 2771 1926 2827 παντοδαπῶν

293 2859 504 2931 ἀγαθῶν
562 2860 802 2929 καθάπαξ
862 2859 1008 2914 ἔσται
1059 2861 1235 2937 φορά·
1294 2861 1361 2914 τὰ
1417 2862 1510 2933 μὲν
1583 2859 1783 2938 ἄφθονα
1837 2862 1925 2914 καὶ

297 2946 423 3018 ὑπὲρ
470 2949 568 3014 τὴν
625 2947 814 3022 χρείαν
870 2950 959 3002 καὶ
1016 2953 1188 3002 πᾶσαν
1237 2947 1640 3021 παρελαύνοντα
1689 2945 1924 3020 προσδο-

286 3033 402 3088 κίαν
459 3033 550 3088 διὰ
599 3038 700 3105 τήν
748 3041 856 3090 τῶν
901 3036 1249 3092 ἐνοικούντων
1284 3037 1545 3109 ὁμόνοιαν
1594 3039 1682 3092 καὶ
1729 3037 1930 3113 φιλαν-

281 3123 531 3196 θρωπίαν
581 3130 679 3178 τοῦ
725 3131 833 3180 τῶν
883 3125 1029 3180 ὅλων
1079 3131 1458 3202 χορηγοῦντος
1507 3131 1672 3182 Θεοῦ’
1723 3133 1830 3181 τῶν
1882 3123 1930 3180 δ’

278 3209 652 3288 ἑκασταχόθεν
694 3221 794 3284 τῆς
843 3214 1173 3288 οἷκουμὲνης
1219 3217 1305 3270 καὶ
1357 3217 1492 3270 κατὰ
1521 3219 1624 3289 γῆν
1656 3215 1744 3270 καὶ
1793 3215 1929 3270 κατὰ

279 3301 562 3358 θάλατταν
613 3303 1094 3377 εἰσκομιζομένων.
1143 3305 1220 3366 ὡς
1273 3302 1412 3377 μηδὲ
1479 3301 1647 3358 ἐνδείν
1697 3305 1771 3358 ὧν
1828 3303 1927 3359 πό-
1963 3302 2005 3370 C

277 3389 402 3446 λεσι
437 3392 679 3463 μάλιστα
708 3389 811 3448 δεῖ.

354 3476 419 3534 δ’.
453 3483 659 3552 ’Ὠσπερ
719 3477 775 3534 δὲ
831 3481 930 3549 τήν
990 3479 1153 3534 πόλιν
1195 3485 1365 3535 πᾶσαν
1417 3480 1494 3542 εἷς
1551 3481 1825 3558 ἐπιφανεῖς
1874 3501 1931 3535 τε

276 3570 375 3622 καὶ
416 3566 668 3626 πολλοὺς
716 3566 1067 3642 διαιροῦντες,
1104 3571 1203 3624 οὐκ
1249 3571 1501 3641 ἀξιοῦμεν
1543 3572 1790 3638 ἡντινοῦν
1841 3572 1931 3644 βα-

279 3657 503 3712 σκανίαν
562 3657 598 3726 ἢ
658 3659 853 3733 θράσος
913 3659 1186 3727 ἑκατέροις
1251 3661 1377 3730 παρ’
1435 3660 1698 3731 ἑκατέρων
1765 3659 1932 3732 ὕπαρ-

279 3769 432 3822 χειν,
481 3746 612 3802 ἀλλ’
651 3747 826 3820 ἰξίσης
873 3748 1161 3822 ἑκατέρους
1204 3747 1408 3802 εὐνοεῖν
1474 3747 1746 3822 ἑκατέροις
1793 3749 1927 3802 κατὰ

277 3839 345 3892 τὸ
382 3838 494 3906 ἑξὸν
528 3837 823 3910 ἑκατέροις,
857 3835 1000 3891 οὕτω
1038 3836 1204 3910 ταύτῃ
1231 3858 1290 3910 γε
1320 3836 1484 3892 πάλιν
1517 3836 1734 3892 πολλοῦ
1780 3858 1924 3898 τινος

279 3931 432 3999 ἄξιον
491 3927 625 3980 εἷναί
670 3947 842 4005 φαμεν
891 3927 982 3980 καὶ
1031 3928 1166 4001 πρὸς
1217 3931 1351 3982 Θεοῦ
1395 3929 1482 3980 καὶ
1535 3928 1668 4001 πρὸς
1719 3927 1924 3997 ἀνθρώ-

277 4036 402 4069 πων
458 4014 510 4068 sv
573 4018 654 4085 τῷ
718 4013 1000 4085 καλλίστῳ
1049 4013 1284 4087 μάλιστα
1345 4016 1570 4078 κεῖσθαι,
1620 4015 1696 4087 μή
1757 4015 1922 4086 μόνον

276 4106 385 4173 τήν
414 4105 522 4157 τῶν
576 4102 736 4175 ξένων
786 4100 1070 4176 ὑποδοχὴν
1120 4103 1210 4157 καὶ
1260 4104 1688 4178 φιλανθρωπίαν,
1718 4102 1806 4156 καὶ
1861 4103 1924 4158 τὸ

276 4194 510 4253 τούτους
549 4191 766 4254 οἰκείως
803 4192 860 4247 εὖ
911 4192 1063 4265 μάλα
1110 4193 1422 4268 προσίεσθαι
1470 4194 1558 4247 καὶ
1599 4195 1922 4268 κεχρῆσθαι,

275 4283 427 4338 ἄλλά
472 4282 566 4337 καὶ
612 4283 674 4336 τὸ
716 4281 842 4342 τοὺς
891 4281 1128 4356 ἀπόρους
1173 4286 1282 4336 τῶν
1321 4281 1564 4337 πολιτῶν
1613 4283 1702 4336 καὶ
1739 4287 1923 4350 πιεζο-

281 4376 480 4446 μένους
556 4369 728 4442 ἐνδείᾳ
799 4370 1064 4440 πλείστης
1127 4370 1259 4441 ὅσης
1334 4373 1437 4427 ὑπὸ
1492 4376 1598 4425 τῶν
1675 4372 1919 4447 εὐπόρων

275 4463 557 4534 ἀξιοῦσθαι
603 4460 904 4535 προνοίας·
953 4460 1042 4514 καὶ
1101 4461 1174 4513 ὧν
1225 4461 1422 4521 αὐτοὺς
1483 4461 1576 4532 μὲν
1633 4464 1925 4536 τυγχάνειν

279 4551 452 4627 ἒχρῆν
485 4550 804 4625 ἐξανάγκης,
836 4549 1065 4610 ἐκείνους
1114 4547 1162 4604 δ’
1191 4549 1248 4604 εὖ
1296 4550 1443 4622 μάλα
1493 4549 1776 4624 χορηγοὺς
1825 4571 1920 4604 κα-

279 4639 830 4711 θεστάναισμάλιστα
866 4640 958 4711 μὲν
1021 4637 1109 4693 διὰ
1162 4643 1224 4694 τὸ
1275 4639 1515 4714 ξυγγενὲς
1562 4639 1650 4692 καὶ
1702 4638 1919 4696 οΐκεῖον.

277 4737 387 4798 Τῆς
417 4729 521 4804 γάρ
568 4730 738 4797 αὐτῆς
785 4728 1088 4802 ἀμφότεροι
1134 4727 1388 4789 πόλεως·
1443 4728 1517 4789 ὡς
1566 4725 1706 4800 μηδὲ
1754 4749 1920 4802 μεγα-

278 4817 563 4896 λοψυχίαν
624 4819 827 4886 ταύτην
895 4819 1026 4871 εἶναι
1098 4815 1312 4889 μᾶλλον
1379 4817 1608 4886 εἰκάζειν
1760 4818 1918 4891 χάριν

280 4911 419 4981 πρὸς
487 4908 617 4969 τοὺς
698 4906 931 4968 οἶκείους
1007 4905 1391 4980 ἐκτινομένηνθ
1453 4902 1636 4961 ἔπειτα
1687 4905 1777 4960 καὶ
1834 4903 1922 4960 διὰ

276 4999 378 5059 τὰς
408 5005 510 5066 τῆς
540 4995 716 5071 τύχης
750 4996 986 5073 ὑφάλους
1017 4996 1103 5051 καὶ
1135 4996 1226 5051 τὸν
1260 4994 1432 5050 πολὺν
1465 4993 1724 5068 Εὔριπον,
1761 5015 1921 5070 στρο-

283 5082 458 5140 ϐύλου
509 5083 665 5155 δίκην
724 5083 835 5139 ἄνω
893 5085 984 5140 καὶ
1040 5085 1188 5140 κάτω
1235 5086 1327 5139 τὸν
1381 5082 1498 5160 βίον
1529 5085 1802 5154 κυκώσης,
1836 5083 1924 5138 καί

282 5175 430 5229 οὕτω
475 5173 776 5243 παιζούσης
839 5173 1206 5248 τάνθρώπινα,
1267 5175 1340 5236 ὡς
1398 5173 1524 5236 τοὺς
1583 5173 1776 5234 αὐτοὺς
1833 5172 1925 5227 νῦν

289 5265 385 5336 μὲν
434 5264 762 5338 μακαρίους,
807 5268 898 5318 νῦν
956 5261 1011 5318 δὲ
1063 5261 1410 5334 τρισαθλίους
1479 5264 1926 5338 παρασκευάζειν,

284 5353 420 5408 κατὰ
450 5354 579 5408 τοὺς
609 5357 718 5406 τῶν
751 5350 1015 5407 δικαστῶν
1050 5350 1390 5426 δωροδόκους
1516 5351 1788 5426 βούλοντα
1835 5354 1929 5413 τὰς

286 5445 504 5519 ψήφους
561 5441 823 5501 τιθέντας.
884 5440 944 5496 Εἰ
1003 5439 1049 5495 δ’
1106 5440 1288 5511 ἀληθῆ
1345 5446 1534 5510 ταῦτα,
1594 5440 1774 5515 ὥσπερ
1835 5441 1929 5496 οὖν

289 5533 496 5602 ἀληθῆ,
546 5533 638 5586 καὶ
687 5532 794 5586 οὐκ
841 5531 1064 5586 εἷ’σάπαν
1114 5533 1469 5609 εὐτυχοῦντες
1517 5531 1552 5600 ἢ
1595 5529 1930 5606 δυστυχοῦν-

287 5643 370 5684 τες
402 5625 586 5695 ήμεῖς,
618 5621 868 5696 ἀσχέτοις
903 5618 960 5674 δὲ
1008 5622 1266 5699 στροφαῖς
1314 5622 1404 5674 καὶ
1451 5627 1769 5697 περιφοραῖς
1822 5625 1928 5674 τῶν

292 5712 627 5789 πραγμάτων
667 5709 758 5765 νῦν
809 5712 904 5784 μὲν
951 5707 1104 5784 τῇδε,
1145 5715 1234 5765 νῦν
1286 5707 1332 5764 δ’
1382 5708 1550 5766 ἐκεῖσε
1614 5714 1929 5787 χωροῦμεν,

2030 662 2257 716 insidiis
2296 679 2357 718 se
2399 670 2828 735 persequuntur
2855 673 2912 723 et
2950 671 3260 727 contrariis
3299 673 3677 744 opinionibus

2031 773 2274 838 certant,
2351 773 2609 840 utrisque
2664 773 2877 830 damna
2935 776 3282 848 inferuntur,
3340 785 3512 851 atque
3573 783 3673 837 uni

2032 878 2253 947 majora
2301 895 2477 950 quam
2528 880 2712 947 alteri,
2757 881 2813 937 in
2865 891 3149 955 quantum
3192 887 3355 943 navis
3397 890 3677 962 naufraga

2033 985 2224 1039 minus
2271 986 2470 1041 damni
2537 1005 2739 1060 capere
2787 995 2973 1061 potest
3019 1010 3191 1062 quam
3251 995 3386 1051 urbs
3444 1002 3676 1068 propter

2033 1092 2494 1163 magnitudinem
2528 1100 2587 1151 et
2617 1098 3036 1154 sanctuarium.
3063 1099 3223 1163 Quod
3248 1102 3296 1157 si
3331 1119 3534 1159 omnes
3566 1105 3673 1158 be-

2033 1200 2208 1270 nigna
2243 1205 2434 1256 mente
2473 1203 2625 1257 inter
2653 1221 2714 1259 se
2747 1205 2964 1273 vivunt,
3007 1207 3296 1264 discordia
3325 1216 3478 1266 certe
3511 1229 3674 1283 pror-

2029 1323 2129 1361 sus
2173 1309 2357 1373 abest,
2407 1315 2462 1364 et
2492 1311 2802 1368 concordia
2847 1314 3040 1370 omnis
3089 1315 3380 1373 felicitatis
3418 1319 3578 1391 origo
3609 1337 3676 1376 ac

2031 1415 2156 1470 fons
2191 1416 2455 1473 habenda
2483 1419 2610 1485 erit,
2645 1418 2723 1474 ita
2761 1426 2956 1476 tamen
2990 1427 3054 1477 ut
3084 1425 3152 1478 de
3197 1428 3504 1484 securitate
3544 1447 3672 1483 mu-

2032 1527 2131 1575 tua
2161 1523 2310 1576 omni
2347 1523 2475 1591 jure
2526 1524 2676 1579 inter
2713 1542 2772 1580 se
2811 1533 3046 1584 certent.
3090 1530 3149 1585 Si
3193 1533 3322 1600 quis
3355 1540 3545 1590 autem
3575 1552 3673 1591 eos

2031 1629 2362 1699 interroget,
2395 1631 2442 1684 si
2493 1631 2653 1686 beate
2702 1638 2802 1687 aut
2851 1633 3158 1692 infeliciter
3206 1639 3394 1694 vivere
3447 1642 3672 1709 malint,

2031 1742 2088 1792 et
2120 1739 2548 1809 responderint,
2603 1741 2831 1809 misere,
2877 1759 2990 1798 non
3030 1749 3345 1802 concordes
3386 1756 3592 1817 erunt;
3627 1754 3675 1806 si

2031 1853 2250 1912 autem,
2285 1849 2542 1915 feliciter,
2578 1851 2934 1906 unanimiter
2965 1869 3308 1925 responsum
3342 1858 3413 1912 ab
3445 1858 3517 1914 iis
3547 1860 3674 1926 erit,

2033 1960 2089 2008 et
2139 1955 2187 2008 si
2239 1954 2496 2010 infelices
2556 1961 2711 2022 sunt,
2773 1975 2887 2013 non
2939 1975 3040 2030 per
3089 1963 3495 2019 necessitatem
3539 1971 3678 2020 sunt

2031 2062 2140 2116 Sed
2176 2063 2270 2117 ubi
2303 2062 2595 2119 miseriam
2639 2066 2856 2136 perpeti
2889 2067 3115 2136 nolunt,
3147 2073 3457 2127 concordes
3487 2085 3673 2138 erunt,

2030 2173 2086 2221 et
2115 2169 2198 2223 sic
2230 2169 2607 2226 fraternitatis
2641 2171 2871 2228 vinculo
2905 2176 3046 2231 uniti
3073 2177 3129 2230 in
3149 2181 3396 2250 utraque
3421 2181 3670 2246 fortuna,

2031 2281 2086 2332 et
2123 2278 2192 2332 de
2233 2294 2294 2332 se
2331 2283 2388 2331 et
2435 2283 2638 2334 mutuo
2677 2281 2878 2336 eadem
2915 2283 3158 2340 consilia
3187 2291 3242 2340 et
3282 2287 3575 2358 proposita
3613 2287 3672 2343 in

2032 2385 2291 2440 medium
2344 2386 2546 2454 ferent,
2597 2388 2740 2443 etin
2793 2405 2984 2446 rerum
3035 2392 3371 2449 discrimine
3418 2393 3673 2450 infausto

2036 2498 2096 2548 ut
2126 2493 2182 2546 in
2227 2495 2498 2548 secundis
2547 2495 2716 2550 rebus
2762 2477 2935 2551 omne
2986 2501 3220 2569 tempus
3272 2500 3350 2554 ita
3389 2501 3580 2556 vivent
3611 2505 3672 2556 ut

2035 2599 2366 2670 reipublicae
2415 2600 2631 2670 Optima
2685 2618 2918 2673 quoque
2975 2603 3237 2660 offerant.
3290 2605 3432 2660 Hinc
3481 2623 3670 2663 rerum

2035 2705 2396 2761 abundantia
2434 2706 2646 2762 divitia;
2686 2706 2996 2778 plusquam
3032 2710 3206 2779 justas
3238 2727 3306 2766 ex
3350 2711 3670 2769 incolarum

2038 2812 2418 2880 humanitate,
2461 2810 2574 2867 Deo
2615 2812 2809 2879 dante,
2855 2815 3194 2884 manabunt,
3225 2820 3281 2871 et
3321 2833 3511 2871 rerum
3541 2788 3675 2890 quas

2041 2925 2298 2995 undique
2347 2931 2630 2978 terrarum
2683 2923 2741 2977 in
2796 2940 3041 2996 magnas
3100 2927 3267 2982 urbes
3323 2925 3674 2998 comportari

2040 3034 2246 3101 solent,
2284 3047 2514 3088 summa
2545 3032 2712 3104 copia
2741 3033 2870 3088 erit.

2113 3497 2162 3550 li.
2197 3497 2361 3553 Sicut
2393 3513 2562 3568 porro
2603 3495 2889 3551 civitatem
2927 3498 2985 3551 in
3027 3512 3293 3570 proceres
3322 3501 3377 3553 et
3408 3497 3679 3554 multitu-

2041 3603 2232 3658 dinem
2274 3601 2597 3657 dividentes
2639 3602 2910 3658 nolumus
2947 3603 3017 3658 ab
3059 3603 3336 3659 alterutra
3378 3603 3562 3659 classe
3592 3602 3678 3658 al-

2042 3709 2144 3763 teri
2181 3707 2327 3762 male
2360 3709 2500 3773 fieri,
2537 3707 2650 3762 imo
2681 3707 2951 3764 volumus
2982 3712 3046 3764 ut
3075 3709 3472 3765 benevolentia
3496 3709 3677 3764 utrin-

2040 3829 2150 3884 que
2182 3813 2534 3873 dominetur.
2577 3812 2657 3867 sic
2696 3814 2802 3868 hoc
2851 3829 3082 3884 quoque
3121 3815 3244 3870 loco
3285 3815 3675 3872 conditionem

2035 3918 2290 3974 divinam
2323 3935 2388 3974 ac
2421 3919 2733 3974 humanam
2758 3917 3176 3974 faustissimam
3199 3936 3326 3976 esse
3348 3935 3676 3992 precamur,

2037 4030 2208 4098 atque
2266 4027 2348 4082 ita
2407 4030 2470 4082 ut
2519 4025 2681 4096 egeni
2739 4029 2794 4081 et
2851 4025 3052 4095 inopes
3101 4025 3308 4082 civium
3343 4026 3677 4084 adivitibus

2033 4153 2210 4208 quam
2262 4136 2514 4192 maxime
2537 4136 2836 4208 juventur,
2867 4141 2924 4193 et
2954 4139 3235 4192 bonorum
3268 4137 3678 4193 communione

2037 4261 2135 4314 per
2165 4242 2419 4298 familias
2451 4248 2508 4298 et
2545 4243 2816 4299 sodalitia
2854 4260 3014 4313 aeque
3050 4244 3336 4299 fruantur.
3367 4244 3679 4315 Utriusque

2032 4350 2189 4405 enim
2223 4351 2459 4405 fortunae
2490 4348 2840 4419 exemplaria
2872 4351 3012 4406 urbs
3046 4352 3280 4422 praebet,
3305 4357 3362 4406 et
3402 4351 3500 4422 qui
3535 4352 3680 4407 bene

2035 4457 2163 4512 facit
2191 4473 2303 4512 non
2329 4455 2736 4525 magnanimus
2757 4460 2867 4525 est,
2890 4457 2990 4510 sed
3015 4457 3356 4528 simpliciter
3379 4457 3677 4514 humanus

2031 4583 2170 4637 erga
2218 4568 2492 4636 cognatos
2535 4577 2600 4619 ac
2647 4564 2874 4620 fratres.
2933 4565 3070 4618 Cum
3105 4565 3256 4620 enim
3289 4564 3420 4619 vita
3453 4565 3673 4621 vicissi-

1961 4656 2000 4718 θ
2035 4673 2267 4728 tudines
2317 4672 2515 4742 Euripi
2566 4672 2748 4728 instar
2777 4670 2926 4727 ultro
2957 4671 3219 4743 citroque
3258 4671 3584 4738 volvantur,
3620 4679 3678 4727 et

2032 4792 2116 4845 sic
2175 4804 2264 4845 res
2311 4789 2602 4845 humanas
2657 4788 2890 4844 ludibrii
2941 4788 3064 4844 loco
3112 4791 3357 4856 versant,
3415 4788 3675 4844 videmus

2035 4899 2187 4970 quod
2249 4899 2349 4969 qui
2420 4897 2591 4952 modo
2653 4896 2931 4952 fortunati
2997 4895 3176 4962 fuere,
3243 4909 3374 4950 mox
3442 4912 3674 4952 summa

2032 5031 2293 5070 aerumna
2325 5015 2643 5084 jactentur,
2694 5012 2981 5083 corruptis
3019 5010 3318 5081 judicibus
3367 5027 3482 5082 qua
3511 5011 3670 5081 libet,

2034 5130 2432 5187 latrunculum
2465 5128 2841 5201 ponentibus.
2872 5128 3006 5192 Quae
3037 5127 3084 5182 si
3119 5141 3252 5184 vera
3282 5132 3422 5183 sunt
3461 5132 3540 5199 (et
3560 5129 3673 5184 uti-

2036 5264 2145 5320 que
2193 5246 2382 5320 sunt);
2433 5247 2483 5302 si
2526 5261 2630 5302 nos
2679 5261 2794 5301 non
2839 5261 3076 5314 prorsus
3125 5243 3320 5300 felices
3368 5249 3469 5299 aut
3510 5245 3678 5314 plane

2035 5364 2295 5422 infelices
2340 5363 2667 5429 ivenimur;
2721 5361 2768 5416 si
2817 5359 2992 5417 variis
3043 5376 3233 5416 rerum
3293 5362 3677 5418 rotationibus

2035 5482 2161 5538 loca
2209 5482 2631 5553 permutamus,
2682 5483 2738 5533 et
2783 5491 3075 5547 nusquam
3126 5475 3361 5531 stabiles
3407 5477 3676 5542 vivimus,

2037 5615 2268 5669 equum
2304 5600 2390 5653 est
2424 5603 2484 5650 ut
2526 5608 2899 5666 quoscunque
2928 5591 2984 5646 in
3027 5595 3277 5662 egestate
3307 5595 3362 5647 et
3391 5593 3679 5664 angustiis

2039 5730 2235 5771 rerum
2266 5714 2520 5770 viventes
2550 5711 2816 5768 videmus
2846 5724 2916 5764 ex
2944 5708 3140 5766 animo
3179 5708 3501 5778 doleamus,
3541 5725 3678 5764 con-
