4062 6308
446 263 564 359 .503

447 399 707 461 solemur
733 411 793 463 et
820 411 1178 485 adjuvemus,

448 722 598 797 cipio
642 743 758 785 non
808 735 1275 812 possidebamus,
1319 761 1423 804 nec
1470 750 1530 807 in
1574 722 1858 818 aeternum
1907 722 2089 835 p-ossi-

446 828 742 903 debimus,
772 838 876 895 sed
904 856 1044 899 casu
1074 844 1271 920 aliquo
1303 852 1462 912 fatali
1501 864 1638 916 ante
1676 828 1926 926 mortem
1962 889 2089 929 om-

445 937 622 997 nibus
664 943 1111 1023 denudabimur,
1160 961 1218 1014 et
1263 964 1419 1032 quod
1469 982 1621 1041 saepe
1666 980 1796 1044 post
1844 985 2089 1039 mortem

445 1045 508 1102 in
538 1046 843 1110 hominum
876 1058 1121 1120 minime
1140 1071 1437 1137 gratorum
1458 1081 1882 1146 possessionem
1905 1091 2085 1147 trans-

442 1149 526 1209 ire
555 1152 717 1214 inviti
760 1159 1048 1222 videmus.
1096 1168 1378 1232 Extremas
1419 1179 1601 1253 igitur
1645 1194 1798 1245 esset
1827 1193 2085 1253 stultitiae

443 1258 645 1319 cedere
683 1265 837 1322 nolle
866 1284 933 1327 ea
964 1288 1091 1345 que
1123 1293 1240 1335 non
1280 1298 1508 1357 semper
1545 1295 1843 1362 possidere
1881 1318 2084 1372 possu-

440 1381 577 1426 mus
605 1377 660 1428 et
688 1388 817 1445 qua
846 1375 1137 1439 interdum
1168 1387 1240 1442 ad
1272 1405 1376 1446 nos
1404 1406 1791 1462 revertuntur.
1823 1407 1878 1461 Si
1928 1412 2085 1469 enim

440 1489 577 1547 erga
606 1493 821 1550 egenos
853 1485 1259 1552 misericordes
1289 1513 1514 1572 sumus,
1546 1511 1700 1579 apud
1732 1528 1933 1573 omnes
1963 1520 2082 1590 gol-

438 1580 585 1638 riam
618 1590 677 1641 et
703 1585 934 1648 laudem
965 1595 1361 1669 adipiscamur
1386 1613 1446 1665 et
1468 1611 1716 1673 fructum
1749 1635 1852 1691 per
1880 1626 2086 1685 secula

438 1690 850 1766 percipiemus,
895 1701 1013 1759 imo
1061 1708 1242 1767 Deum
1294 1714 1486 1786 ipsum
1533 1724 1873 1786 creditorem
1905 1733 2079 1792 hahe-

439 1798 652 1864 bimus.
683 1802 861 1879 idque
904 1828 1034 1870 cum
1086 1822 1314 1892 majori,
1366 1844 1534 1900 quam
1584 1836 1715 1905 quis
1753 1841 2080 1915 crediderit,
2112 1797 2158 1863 Β

438 1920 636 1962 usura.
668 1910 730 1967 Si
758 1919 953 1974 autem
985 1937 1184 1981 eorum
1218 1945 1344 1998 qum
1375 1951 1479 2007 pro
1509 1938 1641 1998 aliis
1672 1942 1937 2016 facimus,
1972 1951 2082 2006 fru-

436 2013 593 2069 ctum
625 2016 957 2091 recipimus,
1007 2028 1124 2086 imo
1168 2049 1273 2105 pro
1314 2043 1506 2110 parvis
1537 2045 1836 2109 beneficiis
1866 2070 2079 2128 magna

437 2120 785 2197 redduntur,
817 2128 967 2188 clam
1000 2137 1169 2197 nobis
1198 2141 1344 2215 ipsis
1378 2150 1588 2210 melius
1623 2157 1868 2217 facimus
1905 2178 2080 2234 quam

436 2230 681 2299 caeteris,
716 2242 771 2289 et
813 2235 1106 2301 beneficos
1153 2263 1251 2304 eos
1294 2251 1353 2308 in
1394 2265 1624 2317 nosmet
1663 2268 2080 2328 constituimus

437 2336 625 2408 magis
655 2354 831 2411 quam
863 2346 921 2401 in
949 2330 1194 2423 seipsos,
1220 2364 1372 2416 unde
1395 2363 1457 2418 tit
1489 2367 1653 2424 utilli
1676 2373 1952 2443 majorem
1975 2394 2077 2434 no-

435 2438 550 2509 bis,
608 2460 787 2516 quam
836 2467 941 2509 nos
998 2455 1139 2527 Deo,
1194 2467 1443 2534 gratiam
1504 2438 1899 2548 profiteantur,
1941 2485 2078 2554 quia

434 2550 583 2618 quod
631 2553 775 2624 ipsis
806 2575 840 2614 a
886 2562 1056 2620 nobis
1103 2574 1531 2651 suppeditatur,
1564 2583 1734 2641 nobis
1763 2604 1795 2641 a
1829 2588 1946 2648 Deo
1960 2550 2078 2649 -νο-

430 2667 538 2736 nit,
570 2671 628 2724 et
658 2686 759 2727 nos
788 2689 986 2734 eorum
1019 2696 1147 2754 quae
1177 2687 1405 2761 damus,
1438 2709 1675 2755 usuram
1705 2718 1910 2775 capere
1938 2724 2076 2782 spe-

430 2788 628 2832 ramus
651 2777 813 2847 justo
851 2786 1148 2857 majorem,
1181 2793 1319 2852 dum
1352 2814 1476 2870 qua
1507 2804 1717 2865 damus
1749 2828 1864 2868 non
1898 2777 2076 2873 bene-

431 2886 694 2948 volentia;
724 2895 960 2955 eﬂ'ectus
988 2906 1094 2971 est,
1145 2909 1245 2964 sed
1300 2920 1626 2977 necessaria
1674 2928 1982 2987 restitutio.
2014 2932 2075 2988 Si

429 2995 584 3052 enim
615 3014 681 3055 ea
709 3017 837 3073 quae
867 3005 940 3062 iis
968 3007 1384 3076 beneﬁciorum
1412 3022 1583 3084 titulo
1613 3036 2073 3114 suppeditamus,

1733 305 2143 374 THEODULI
2187 315 2510 380 MONAGH
2521 320 2539 382 ι

1229 420 1475 484 fortuna;
1519 435 1730 490 nostrae
1776 443 2078 516 participat

2205 449 2271 506 ού
2301 455 2463 511 τοῦτο
2497 457 2708 530 μᾶλλον
2743 456 2891 525 ὅντες
2924 463 2958 533 ἢ
2990 465 3177 532 ’κεῖνο,
3212 467 3424 541 μᾶλλον
3473 467 3529 527 δὲ
3561 471 3836 551 οὐδέτερον

447 509 758 572 reddendo.
790 516 849 572 Si
877 521 1031 578 enim
1057 527 1289 599 tempus
1316 531 1430 589 fuit
1467 553 1582 610 quo
1614 557 1739 613 quae
1778 509 1940 607 nunc
1986 509 2092 610 ba-

446 616 676 689 hemus,
708 626 1005 697 acquirere
1031 638 1306 709 oportuit,
1328 646 1490 713 patet
1518 651 1673 717 quod
1706 667 1829 724 quae
1860 657 1918 712 in
1936 659 2094 730 prin-

3727 342 3842 406 504

2200 541 2426 612 τούτων,
2456 543 2644 616 ἐπειδὴ
2677 551 2765 604 καὶ
2814 553 2949 626 πρὸς
3001 552 3166 632 ἄμφω
3190 564 3512 634 χωρῶμεν,
3542 562 3632 617 καὶ
3685 563 3844 621 οὐδα-

2635 614 2642 616 ,
2858 614 2867 626 .
3038 614 3048 628 ι
3092 614 3102 632 ι
3190 614 3240 634 υκ,
3293 614 3301 632 ι
3398 614 3406 623 -
3497 614 3512 632 ι
3546 614 3630 617 ""'
3692 614 3815 621 ""‘

2196 614 2309 703 p.05
2386 632 2658 708 δυνάμεθα
2731 647 2941 710 στῆναι,
3006 642 3205 700 δίκαιοι
3282 650 3477 711 πάντες
3537 650 3698 725 ἐσμὲν
3759 651 3844 709 διὰ

2199 721 2373 776 πάντα
2417 729 2605 793 ταῦτα,
2640 726 2729 789 οὖς
2769 730 2829 783 ἂν
2887 733 3129 789 ἑκάστοθ’
3160 737 3372 809 ὁρῶμεν
3404 737 3456 793 ἐν
3508 742 3699 797 σπάνει
3745 765 3838 798 κα-

2198 808 2465 874 θεστῶτας
2513 819 2609 868 τοῦ
2663 816 2785 889 βίου
2826 819 2916 874 καὶ
2964 823 3119 895 πενίᾳ
3157 830 3450 898 συζῶντας,
3483 829 3568 883 καὶ
3621 834 3703 892 οἷς
3746 832 3844 888 οὐκ

2195 891 2303 954 ἔδει
2348 901 2851 980 ταλαιπωροῦντας,
2894 910 3108 974 τούτοις
3158 922 3451 988 συμπονεῖν
3499 920 3588 974 καὶ
3637 919 3845 976 συναλ-

2195 992 2311 1062 γεῖν
2366 991 2455 1046 καὶ
2505 994 2852 1069 συνάχεσθαι,
2894 1003 2985 1054 καὶ
3037 1006 3197 1056 πᾶσιν
3249 1007 3332 1067 οἷς
3384 1004 3579 1076 ἔξεστίν
3615 1009 3841 1065 ἐπικου-

2195 1076 2366 1152 φίζειν
2443 1082 2530 1136 καὶ
2601 1090 3037 1160 παραμυθεῖσθαι
3104 1094 3253 1167 σφίσι
3307 1096 3373 1149 τὰ
3432 1092 3697 1173 δυσχερῆ,
3750 1101 3841 1154 καὶ

2195 1163 2342 1229 ὅλως
2373 1171 2667 1235 κοινωνοὺς
2700 1178 2970 1232 ποιεῖσθαι
3003 1183 3113 1234 τῶν
3156 1179 3253 1237 εἴτ’
3283 1179 3455 1239 ὄντων
3507 1185 3695 1260 βούλει
3750 1187 3842 1244 λέ-

2196 1275 2308 1329 γειν
2369 1257 2466 1313 εἴτ’
2519 1262 2626 1316 οὐκ
2681 1258 2851 1320 ὄντων
2908 1268 3066 1340 ἡμῖν.
3100 1269 3166 1327 Εἰ
3223 1274 3326 1347 γὰρ
3383 1275 3418 1329 ἃ
3473 1280 3560 1329 νῦν
3606 1273 3840 1352 ἔχομεν,

2192 1348 2345 1402 ταῦτ’
2373 1347 2475 1404 οὐκ
2527 1344 2745 1426 ἔχοντες
2801 1353 3165 1430 ἐκτησάμεθα,
3224 1360 3456 1434 εὔδηλον
3515 1364 3590 1427 ὡς
3650 1368 3839 1436 ἐπειδὴ

2192 1435 2294 1504 τὴν
2342 1436 2520 1513 ἀρχὴν
2571 1441 2673 1498 οὐκ
2727 1440 2949 1519 ἔχοντες
2996 1445 3360 1524 ἐκτησάμεθα,
3391 1452 3516 1510 οὐδὲ
3565 1458 3840 1530 κτησάμε-

2192 1544 2274 1578 νοι
2323 1527 2614 1601 καθὲξομεν
2670 1532 2836 1604 ἐσαεὶ,
2868 1534 2997 1591 ἀλλ’
3027 1536 3104 1593 ἔτι
3153 1539 3281 1614 πρὶν
3331 1542 3695 1619 ἀπηλλάχθαι
3742 1527 3840 1601 τοῦ

2199 1613 2320 1687 βίου
2347 1615 2551 1672 τούτων
2601 1618 2968 1695 ἐκπεσούμεθα
3017 1627 3162 1703 τύχῃ
3218 1630 3463 1700 τινὶ,οἴα
3508 1631 3696 1689 πολλᾶ
3741 1635 3837 1710 γί-

2190 1722 2389 1775 γνεται,
2421 1705 2455 1774 ἡ
2497 1706 2960 1783 τετελευτηκότες,
2992 1717 3079 1771 καὶ
3127 1720 3209 1779 οἷς
3254 1715 3398 1775 ἔστιν
3450 1722 3529 1777 ὅτ’
3577 1723 3640 1777 ού
3695 1725 3833 1798 βου-

2190 1788 2420 1863 λόμεθκ,
2471 1799 2619 1852 ταῦτ’
2677 1797 2969 1878 ἔξανάγκης
3025 1804 3251 1880 ἐάσομεν
3309 1813 3568 1884 χρῆσθαι.
3622 1813 3826 1887 Ἐσχά-

2186 1901 2288 1951 της
2353 1882 2445 1936 οὖν
2502 1882 2562 1939 ἂν
2639 1886 2724 1959 εἴη
2800 1892 3201 1967 παραπληξίας,
3264 1900 3339 1970 μὴ
3417 1901 3568 1956 ταῦτ’
3627 1900 3831 1957 ἐθέλειν

2187 1969 2423 2042 ἑτοίμως
2470 1974 2774 2050 προίεσθαι,
2832 1979 2867 2034 ἃ
2922 1983 3246 2058 κατέχοντες
3298 1987 3391 2059 μὲν
3447 1989 3546 2044 οὐκ
3604 1989 3831 2046 εἷσάπαν

2185 2061 2516 2131 καθὲξομεν·
2568 2066 2883 2141 προϊέμενοι
2943 2067 3020 2141 δὲ,
3054 2074 3156 2128 οὐκ
3211 2071 3351 2130 ἔστιν
3405 2076 3494 2133 ὅτε
3552 2077 3660 2154 οὐχ
3717 2078 3831 2152 ’ἐξο-

2188 2169 2282 2219 μεν
2310 2165 2325 2180 ⁹
2355 2150 2418 2205 τὸ
2450 2154 2555 2227 γὰρ
2584 2156 2720 2227 πρὸς
2746 2158 2873 2222 τοὺς
2905 2158 3007 2215 οὐκ
3035 2157 3262 2236 ἔχοντας
3298 2150 3682 2244 μεγαλοψυχίᾷ
3735 2150 3829 2225 κε-

2187 2241 2446 2313 χρῆσθαι,
2478 2244 2567 2297 καὶ
2611 2248 2765 2301 πάντ’
2809 2249 2992 2312 αὐτοῖς
3043 2252 3313 2326 ἐπαρκεῖν,
3365 2263 3623 2313 τοσοῦτον
3677 2258 3830 2339 ἴσχει

2183 2328 2327 2402 παρὰ
2373 2334 2589 2387 πάντων
2635 2333 2686 2389 ἐν
2736 2339 2815 2407 τῷ
2859 2344 2954 2393 τοῦ
3002 2340 3176 2397 καλοῦ
3217 2344 3307 2398 καὶ
3338 2343 3547 2402 δικαίου
3581 2347 3730 2423 λόγῳ
3765 2353 3830 2404 τὸ

2182 2422 2630 2497 συγκεχωρηκὸς,
2664 2425 2738 2487 ὡς
2770 2424 2877 2501 οὺχ
2908 2427 3033 2484 ὅσον
3083 2430 3158 2494 εἰς
3210 2433 3408 2495 αἰῶνας
3457 2436 3665 2491 αἰώνων
3714 2460 3831 2494 πα-

2184 2505 2485 2578 ραπέμπειν
2534 2510 2597 2564 τὸ
2647 2510 2858 2584 κέρδος,
2891 2515 3036 2573 ἀλλὰ
3082 2521 3170 2575 καὶ
3221 2521 3310 2576 τὸν
3355 2528 3461 2578 τῶν
3507 2523 3652 2579 ὅλων
3697 2529 3830 2582 Θεὸν

2188 2593 2473 2668 ὑπόχρεων
2518 2601 2653 2671 ⁴ἡμῖν
2705 2605 3017 2661 καθεστάναι
3061 2609 3196 2678 μετὰ
3247 2612 3496 2681 μείζονος
3548 2614 3585 2683 ἤ
3633 2634 3715 2677 τις
3770 2615 3832 2671 ἃν

2184 2684 2392 2742 εἷκάσαι
2439 2702 2782 2764 παρασκευῆς
2832 2697 3156 2759 ἐκτιννύντα.
3189 2702 3252 2758 Εἴ
3301 2702 3345 2758 δ’
3377 2706 3450 2759 ὧν
3495 2706 3572 2768 είς
3629 2709 3832 2770 αὐτοὺς

2184 2775 2358 2832 ε’ίνεκα
2409 2776 2646 2855 δρῶμεν,
2696 2787 2848 2840 ταυτὶ
2897 2790 3259 2863 κομιζόμεθα,
3304 2794 3395 2848 καὶ
3436 2792 3524 2850 διὰ
3584 2798 3681 2852 τοῦ
3738 2819 3831 2871 μι-

2185 2864 2285 2938 κρὰ
2326 2864 2457 2922 ἅττα
2499 2867 2726 2944 διδόναι,
2757 2875 2823 2929 τὰ
2870 2877 3084 2933 πάντων
3141 2880 3349 2957 μέγιστ’
3399 2883 3578 2956 αὐτοὶ,
3608 2890 3696 2941 καὶ
3749 2889 3824 2942 ὧν

2184 2953 2282 3008 οὐκ
2313 2955 2370 3009 ἂν
2401 2954 2608 3028 εύξαιτό
2656 2983 2738 3027 τις
2784 2964 3022 3036 καλλίω,
3056 2967 3384 3043 λανθάνομεν
3426 2976 3575 3045 ἡμᾶς
3624 2975 3822 3037 αὐτοὺς

2187 3043 2400 3115 μᾶλλον
2449 3048 2508 3102 εὖ
2555 3056 2837 3116 ποιοῦντες
2887 3056 2921 3124 ἢ
2966 3061 3218 3114 τουτουσί
3248 3078 3261 3092 ⁸
3312 3064 3402 3117 καὶ
3450 3063 3617 3119 πλεον
3664 3069 3817 3137 ἡμεῖς

430 3127 465 3167 a
494 3111 609 3171 Deo
655 3116 915 3191 veniunt,
956 3124 1244 3198 siquidem
1295 3135 1500 3198 fratres
1538 3160 1743 3205 sumus
1773 3154 1831 3207 et
1860 3157 2077 3215 amico-

2824 3111 2834 3116 -
2911 3111 2921 3124 .
3015 3111 3018 3112 ν
3315 3111 3402 3117 ----
3456 3111 3613 3119 --.ι-υ
3669 3111 3814 3137 -η--ντ

2186 3130 2502 3209 ἀπέχοντες,
2534 3136 2570 3207 ἢ
2617 3140 2767 3196 οῦτοι
2807 3148 2893 3197 νῦν
2943 3149 3069 3219 παρ’
3111 3151 3271 3218 ἡμῶν
3321 3148 3550 3225 ἔχουσι·
3604 3156 3693 3209 καὶ
3737 3156 3815 3215 οῖς

430 3234 586 3293 rum,
620 3227 685 3279 ut
729 3225 789 3282 in
840 3234 1142 3301 proverbio
1171 3245 1280 3312 est,
1336 3249 1537 3306 omnia
1582 3262 1919 3319 communia
1948 3281 2077 3323 esse

431 3332 664 3410 debent,
704 3340 830 3411 jam
882 3350 1042 3418 patet
1087 3355 1241 3425 quod
1287 3374 1414 3432 quae
1464 3381 1569 3423 nos
1614 3369 1685 3427 iis
1716 3373 1927 3436 damus
1958 3398 2073 3439 non

428 3446 717 3514 nostrum,
756 3451 856 3507 sed
890 3452 1151 3527 ipsorum
1183 3467 1287 3535 est,
1318 3470 1376 3523 et
1404 3473 1553 3541 quod
1586 3475 1631 3531 si
1673 3479 1826 3537 dona
1874 3491 2073 3545 nostra

428 4008 737 4084 distinguit
765 4031 893 4089 qua
934 4021 1078 4080 alios
1111 4042 1371 4101 magnos,
1418 4036 1565 4096 alios
1596 4058 1805 4114 parvos
1836 4049 2070 4110 divites-

425 4140 537 4197 que
583 4132 903 4204 constituit,
953 4138 1093 4198 dum
1138 4142 1237 4202 alii
1267 4148 1438 4220 plane
1478 4160 1835 4222 contrarium
1882 4168 2071 4225 obtin-

425 4247 593 4313 gunt.
628 4247 788 4313 Quod
828 4250 880 4307 si
919 4251 991 4310 iis
1030 4274 1156 4329 quae
1187 4260 1334 4321 bene
1364 4272 1571 4327 mereri
1603 4275 1893 4351 videntur,
1926 4283 2074 4342 bene

424 4346 691 4419 facimus,
722 4356 891 4412 nobis
921 4359 1063 4431 ipsis
1091 4362 1238 4423 bene
1264 4369 1551 4446 facimus;
1582 4378 1633 4434 si
1663 4397 1794 4441 vero
1825 4346 2071 4457 quibus-

2182 3227 2606 3298 ἐπανορθοῦσθαι
2649 3231 2747 3298 τήν
2796 3239 2943 3311 σφῶν
2993 3236 3219 3310 ἀπορίαν
3253 3240 3480 3313 οἲόμεθα
3531 3242 3663 3308 δεῖν,
3705 3246 3824 3298 θαυ-

2184 3314 2418 3384 μαστούς
2463 3337 2608 3379 τινας
2666 3322 2890 3385 τούτους
2948 3326 3084 3396 ἡμῖν
3140 3328 3329 3393 αὐτοῖς
3386 3329 3663 3408 εὐεργέτας
3731 3356 3827 3389 πα-

2183 3402 2603 3485 ρασκευάζοντες
2634 3414 2731 3463 τοῦ
2790 3412 3025 3469 λοιποῦ·
3082 3417 3155 3479 ὡς
3219 3420 3294 3490 μή
3357 3420 3519 3493 μόνον
3566 3422 3826 3495 ἐντεῦθεν,

2180 3488 2326 3546 ἄλλὰ
2355 3494 2445 3548 καὶ
2473 3500 2589 3551 κατ’
2619 3498 2748 3553 αὐτό
2779 3522 2842 3576 γε
2872 3504 2962 3558 καὶ
3013 3504 3249 3578 μάλιστα
3293 3514 3454 3566 τοῦτο
3506 3514 3581 3583 μή
3632 3533 3832 3568 τοσαυο

2183 3597 2282 3647 την
2315 3580 2450 3650 ἡμῖν
2484 3582 2644 3657 χάριν
2678 3586 2879 3650 αὐτοὺς
2923 3588 3095 3666 ἴσχειν
3133 3593 3167 3663 ἢ
3219 3597 3366 3667 ἡμᾶς
3412 3580 3516 3668 τῷή
3694 3620 3708 3634 ’
3744 3602 3833 3657 ὅτι

2184 3664 2217 3719 ἃ
2265 3670 2387 3741 παρ’
2418 3670 2581 3741 ἡμῶν
2630 3672 2738 3729 ἔστ’
2778 3676 2983 3748 αὐτοῖς,
3031 3680 3244 3737 τούτων
3282 3685 3418 3757 ἡμῖν
3469 3683 3634 3743 ὄντων
3684 3694 3835 3765 παρά

2183 3759 2337 3820 Θεοῦ,
2370 3754 2537 3813 ἔπειθ’
2580 3763 2744 3833 ἡμεῖς
2785 3764 3028 3822 τάκείνου
3081 3767 3341 3842 διδόντες,
3386 3778 3611 3846 μισθοὺς
3665 3779 3830 3852 ὑπερ-

2184 3849 2339 3919 φυεῖς
2386 3848 2699 3919 κομίζεσθαι
2764 3853 3075 3929 βουλόμεθα
3118 3859 3361 3917 τούτων·
3396 3863 3584 3928 ἄλλως
3627 3887 3687 3922 τε
3737 3848 3830 3923 καὶ

2180 3932 2247 3987 τὰ
2290 3936 2416 4009 παρ’
2443 3938 2602 4010 ἡμῶν
2650 3942 2785 4014 πρὸς
2831 3944 3023 4009 αὐτοὺς
3074 3949 3136 4003 ού
3178 3946 3327 4015 δόσις
3372 3974 3457 4017 τις
3505 3956 3830 4030 μεγαλόψυ-

2182 4022 2751 4094 χος,ἁλλ’ἀπόδοσίς
2802 4031 2941 4089 ἐστιν
3001 4035 3311 4111 ὲξανάτκης.
3350 4041 3410 4097 Εἰ
3467 4045 3566 4117 γάρ
3626 4042 3694 4099 δι’
3749 4049 3831 4102 ὧν

2181 4107 2378 4171 αύτοὺς
2420 4110 2477 4165 εὖ
2526 4120 2811 4190 ποιοῦμεν,
2843 4122 3000 4176 πάντ’
3047 4118 3160 4179 ἔστι
3214 4132 3382 4182 ταῦτα
3432 4132 3587 4201 Θεοῦ,
3634 4130 3828 4202 ἐπειδή

2181 4204 2296 4253 κατ’
2329 4199 2489 4256 αὐτὸν
2515 4207 2707 4259 τοῦτον
2741 4208 2832 4262 καί
2872 4207 3123 4287 ἀδελφοὶ,
3153 4217 3309 4269 κοινὰ
3356 4212 3414 4271 δὲ
3455 4217 3525 4272 τὰ
3568 4222 3676 4273 τῶν
3725 4220 3831 4292 φί-

2182 4288 2293 4341 λων
2345 4291 2379 4356 ἡ
2432 4293 2704 4366 παροιμία
2751 4300 3059 4370 νομοθετεῖ,
3092 4300 3359 4358 δείκνυται
3408 4304 3587 4375 δήπου
3618 4314 3831 4383 σαφῶς,

2180 4374 2255 4436 ὡς
2315 4373 2429 4431 οὔθ’
2458 4380 2621 4450 ἡμεῖς
2654 4383 2687 4437 ἃ
2736 4384 2885 4463 σφίσι
2937 4385 3192 4461 διδόαμεν
3252 4392 3475 4467 ἡμέτερ’
3505 4393 3666 4465 ἐστὶν,
3696 4396 3830 4454 ἀλλ’

426 4467 564 4525 dam
594 4471 726 4530 aliis
765 4476 967 4535 eadem
1015 4480 1297 4545 beneﬁcia
1345 4508 1710 4570 recusamus,
1762 4521 1868 4562 nos
1915 4508 2073 4581 ipsos

2186 4466 2387 4534 αὐτῶν,
2423 4465 2536 4522 οὔθ’
2569 4470 2693 4526 ὅταν
2745 4475 2895 4530 οὗτοι
2943 4483 3111 4535 ταῦτα
3166 4477 3537 4554 λαμϐάνωσιν,
3586 4488 3833 4563 ἡμέτερα

2187 4548 2520 4581 Ἰ....Ε.ῑ..-..-.
2581 4557 2641 4581 nr
2833 4562 2959 4581 e\\\
3058 4567 3071 4581 ι
3201 4568 3211 4581 ι
3314 4573 3327 4581 ι
3421 4571 3433 4581 .
3486 4577 3511 4581 μ
3631 4574 3644 4581 -
3702 4576 3711 4581 -

1694 4545 1710 4570 1

422 4575 769 4647 ignoramus
815 4593 1035 4646 natura
1084 4590 1237 4664 leges
1271 4601 1749 4675 transgrediendo
1787 4618 1848 4669 et
1884 4618 2071 4673 servi-

424 4699 613 4753 tutem
653 4701 970 4763 subeuntes
1012 4707 1250 4771 homine
1298 4734 1413 4776 non
1462 4723 1718 4797 dignam.
1765 4734 1949 4798 Quare
2002 4755 2076 4795 ne

422 4808 699 4865 naturam
725 4811 930 4870 vitiare
962 4815 1280 4893 videamur,
1315 4843 1546 4901 semper
1579 4836 1725 4893 bene
1756 4840 1943 4900 facere
1974 4846 2073 4900 ni-

421 4920 637 4991 tamur,
690 4923 799 4983 hoo
855 4931 1009 4990 enim
1067 4943 1283 4998 natura:
1334 4950 1746 5011 convenienter
1794 4957 1983 5016 vivere
2019 4967 2076 5017 et

426 5023 850 5091 humanitatem
897 5054 1163 5102 exercere
1196 5053 1289 5106 est
1340 5050 1529 5116 Quare
1557 5057 1609 5114 si
1641 5059 1905 5121 homines
1934 5066 2071 5122 cha-

427 5142 595 5201 ritate
623 5148 832 5223 dignos
861 5153 1115 5219 humane
1145 5168 1403 5227 tractatis
1431 5177 1489 5228 et
1529 5175 1680 5234 bona
1714 5185 1903 5239 vestra
1943 5200 2073 5241 cum

426 5250 500 5309 iis
530 5261 1000 5334 communicatis,
1039 5269 1141 5327 Dei
1174 5290 1372 5335 amore
1403 5280 1566 5355 digni
1595 5287 2026 5348 aestimabimini
2053 5311 2070 5362 ;

430 5368 522 5425 sin
551 5373 762 5445 minus,
795 5395 826 5435 e
855 5390 1057 5441 contra
1085 5390 1255 5445 rudes
1293 5410 1359 5447 ac
1389 5396 1693 5458 inhumani
1727 5410 1783 5460 et
1814 5408 2072 5477 prodito-

433 5493 527 5534 res
580 5497 709 5539 esse
770 5490 1151 5549 censebimini
1221 5497 1489 5558 humanas
1553 5508 1867 5569 societatis.
1925 5513 2069 5569 Hinc

431 5595 653 5668 optima
725 5603 1012 5664 malorum
1078 5609 1204 5668 loco
1279 5615 1495 5690 eligite,
1562 5631 1622 5685 et
1685 5627 2068 5692 humanitatis

2186 4548 2526 4625 λαμϐάνουσι
2577 4557 2775 4631 δήπου,
2821 4562 2969 4619 ἀλλὰ
3015 4567 3082 4623 τὰ
3121 4568 3327 4645 σφέτερ’
3375 4571 3552 4627 αὐτῶν
3602 4574 3832 4637 εἰκότως

2181 4639 2657 4716 ἀπολαμϐάνουσι.
2704 4655 2856 4726 Παρὰ
2900 4656 3069 4711 πάντα
3121 4655 3179 4713 δὲ
3221 4664 3389 4715 ταῦτα
3437 4661 3608 4719 ἐκεῖνο
3658 4662 3828 4740 λέγω,

2182 4731 2258 4793 ὡς
2391 4735 2485 4805 μὲν
2544 4739 2856 4815 πεφύκαμεν
2913 4743 3193 4817 ἅνθρωποι
3255 4751 3337 4804 κεί
3389 4751 3568 4822 τούτῳ
3616 4751 3828 4808 καλού-

2186 4823 2322 4892 μεθα
2368 4827 2445 4894 τῷ
2495 4831 2871 4902 προσρήματι,
2923 4833 2980 4888 ’ἐν
3030 4834 3223 4899 πάντες
3285 4838 3465 4912 ἐσμὲν,
3515 4843 3601 4895 καὶ
3666 4844 3830 4918 φύσιν

2182 4909 2383 4989 ἔχομεν
2437 4918 2607 4972 ταυτὰ
2664 4924 2859 4984 πάντες
2893 4924 2982 4978 καὶ
3012 4922 3338 4984 διανοεῖσθαι
3392 4931 3481 4985 καὶ
3528 4933 3783 5006 πράσσειν
3810 4954 3825 4967 ⁸

2181 5009 2249 5077 τῇ
2280 5006 2425 5083 τύχῃ
2460 5004 2633 5064 δὲκαὶ
2663 5017 2731 5085 τῇ
2780 5021 2879 5083 τῆς
2929 5015 3108 5091 τύχης
3161 5024 3303 5095 φορᾷ
3347 5017 3615 5101 διαφέρειν
3648 5023 3831 5094 ἀλλή-

2184 5090 2295 5147 λων
2356 5092 2643 5170 δοκοῦμεν,
2677 5101 2752 5162 ὡς
2802 5104 2926 5167 τοὺς
2992 5090 3086 5178 μὲν
3151 5109 3390 5180 μείζους,
3413 5110 3540 5172 τοὺς
3590 5109 3637 5165 δ’
3668 5111 3828 5169 ἐλάσ-

2182 5202 2332 5249 σους,
2356 5187 2445 5238 καὶ
2476 5208 2602 5251 τους
2638 5190 2733 5263 μὲν
2773 5194 3061 5268 εὐπόρους,
3089 5199 3216 5260 τοὺς
3263 5196 3311 5253 δ’
3341 5200 3478 5255 εἶναι
3525 5207 3629 5256 πᾶν
3672 5203 3831 5259 τούν-

2181 5273 2382 5329 αντίον.
2434 5274 2636 5332 Οὐκοῦν
2690 5284 2777 5343 οἷς
2840 5283 2936 5356 μὲν
2991 5284 3121 5347 τοὺς
3170 5286 3227 5340 εὖ
3284 5291 3474 5344 παθεῖν
3536 5286 3832 5364 δεομένους

2177 5358 2235 5413 εῦ
2291 5367 2467 5416 ποιεῖν
2530 5365 2759 5439 οἰόμεθα
2817 5368 2950 5440 δεῖν,
2984 5375 3133 5442 ἡμᾶς
3175 5375 3369 5437 αὐτοὺς
3428 5379 3502 5442 ὡς
3552 5378 3720 5435 εἰπεῖν
3768 5380 3828 5435 εὖ

2177 5452 2469 5521 ποιοῦμεν,
2502 5459 2580 5526 τῷ
2637 5458 2774 5513 κατὰ
2832 5459 2988 5532 φύσιν
3042 5470 3284 5537 χωρεῖν’
3318 5467 3405 5528 οἷς
3466 5465 3511 5521 δ’
3543 5468 3605 5522 ού
3663 5472 3826 5523 τοῦτο

2177 5542 2466 5610 ποιοῦμεν,
2498 5545 2645 5615 ἡμᾶς
2693 5547 2887 5611 αὐτοὺς
2936 5550 3257 5626 ἀγνοοῦμεν,
3296 5554 3426 5618 τοὺς
3470 5563 3571 5625 τῆς
3612 5557 3827 5633 φύσεως

2176 5624 2605 5701 παραϐαίνοντες
2650 5637 2889 5709 νόμους·
2939 5624 3027 5694 καὶ
3076 5642 3218 5718 τύχῃ
3284 5641 3639 5709 δουλεύοντες
3687 5646 3824 5720 μᾶλ’
