4062 6308
217 412 332 471 505

1223 413 1520 475 ORATIO
1571 418 1665 476 DE
1710 416 2212 478 SUBDITORUM
2259 416 2606 477 OFFICIIS.

3496 416 3616 476 506

223 545 312 600 λον
369 542 613 599 δευλείαν
667 544 956 619 αἰσχιστην
1004 548 1093 599 καὶ
1142 547 1242 600 οὐκ
1297 546 1606 619 ἀνθρώποις
1653 552 1860 622 προσή-

1981 551 2192 607 famam
2248 550 2520 622 aspirate,
2579 556 2634 605 et
2690 551 2775 607 sic
2859 568 2892 605 a
2968 553 3202 607 nemine
3255 549 3612 623 vituperabi-

216 655 414 687 κουσαν
445 655 456 666 ·
507 631 633 686 ὥστ’
675 633 721 686 εἰ
774 637 847 704 μὴ
906 635 980 687 ὢν
1022 633 1198 688 εἷ’νεκα
1247 633 1517 713 προῦφην,
1577 641 1671 690 τοῦ
1726 642 1850 709 γοῦν

220 725 292 794 μὴ
344 731 450 791 τῆς
506 723 714 799 φύσεως
772 723 1092 798 ἀλιτηρίους
1153 723 1326 778 εἷ’νεκα
1367 723 1536 797 δόξαι,
1595 725 1745 799 εἴπερ
1802 749 1854 781 τι

216 817 318 865 τῶν
353 815 571 868 πάντων
603 813 660 866 εὖ
701 818 874 867 ποιεῖν
908 811 1294 882 σπουδαστέον,
1335 815 1427 868 ἅτε
1470 815 1528 867 ’ὸν
1570 818 1707 869 κατὰ
1753 816 1855 891 φύ-

219 923 317 971 σιν,
353 903 444 956 καὶ
476 904 748 974 ἀνθρώπῳ
795 901 942 974 μάλα
967 904 1106 977 πρὸς
1145 903 1371 976 τρόπου.
1413 906 1471 959 Εἰ
1511 905 1688 958 τοίνυν
1726 906 1855 967 τοὺς

219 993 311 1061 μὲν
341 999 447 1060 τῆς
494 992 819 1068 γιγνομένης
865 993 1136 1063 ἀξιοῦντες
1185 995 1464 1068 προνοίας,
1513 994 1604 1048 καὶ
1651 1016 1853 1049 κοινω-

216 1082 337 1139 νοὺς
377 1087 665 1144 ποιοῦντες
724 1079 912 1150 ὅντων,
971 1083 1273 1154 θαυμαστοί
1330 1105 1470 1144 τινες
1530 1082 1707 1139 ἔσεσθε
1765 1084 1853 1139 καὶ

217 1170 514 1247 θεοφιλεῖς,
541 1170 632 1226 ἐὰν
662 1171 719 1226 δὲ
762 1174 862 1245 μή,
904 1177 1007 1227 πᾶν
1035 1172 1347 1227 τούναντίον
1387 1174 1533 1244 ὁ)μοὶ
1573 1174 1660 1226 καὶ
1707 1173 1852 1240 ἀπη-

216 1265 322 1320 νεῖς
352 1261 444 1314 καί
489 1265 585 1315 τοῦ
633 1261 771 1314 κατᾶ
821 1261 975 1338 φύσιν
1024 1258 1286 1334 προδόται
1335 1259 1503 1331 δόξετ’
1552 1262 1688 1316 εἶναι
1737 1267 1853 1323 τοῖς

217 1355 394 1419 πᾶσιν,
431 1348 488 1404 εὖ
539 1349 886 1427 φρονούντων
933 1351 994 1405 ἂν
1042 1349 1125 1420 ε’ίη
1173 1350 1238 1406 τὰ
1287 1349 1545 1424 βέλτιστα
1592 1353 1698 1425 πρὸ
1748 1357 1856 1405 τῶν

217 1440 574 1515 φαυλοτάτων
634 1443 922 1514 αἱρεῖσθαι,
999 1443 1089 1496 καὶ
1160 1441 1580 1514 φιλανθρώπους
1640 1443 1852 1514 μᾶλλον

216 1529 299 1583 καὶ
358 1531 578 1585 ἀκούειν
629 1531 719 1586 καὶ
778 1532 936 1587 εἶναι.
989 1530 1024 1600 ἢ
1073 1537 1189 1594 τοῖς
1245 1531 1519 1610 ἐχθίστοις
1576 1532 1852 1612 ἐνέχεσθαι

220 1621 431 1673 πάντων
462 1622 679 1694 προσρή
691 1641 871 1692 μασιν.

282 1712 343 1760 ε’.
379 1707 453 1762 Ού
491 1709 598 1780 μὴν
626 1707 773 1764 ἀλλά
800 1708 1013 1763 κάκεῖνο
1043 1708 1280 1782 μάλιστα
1323 1714 1634 1767 σκοπεῖσθαι
1683 1733 1854 1786 προσ-

220 1799 360 1863 ήκει,
394 1797 546 1859 ὅπως
583 1800 660 1870 μὴ
700 1800 826 1859 τοὺς
875 1795 1084 1859 ἄλλους
1135 1799 1191 1852 εὗ
1241 1804 1517 1860 ποιοῦντες
1567 1802 1718 1872 ὑμῶν
1749 1802 1856 1856 (16-

216 1890 318 1938 τῶν
375 1885 652 1957 ἀμελῆτε,
712 1889 800 1940 καὶ
858 1889 954 1947 τὰς
1012 1889 1208 1958 ἑτέρων
1272 1888 1495 1959 ἰώμενοι
1554 1890 1852 1966 ξυμφορὰς,

217 1977 477 2048 πονήρως
507 1975 561 2030 ἐν
595 1979 680 2038 οἷς
727 1977 827 2031 οὐκ
873 1976 1044 2051 ἐχρῆν
1087 1974 1245 2050 ἔχητ’
1294 1979 1483 2032 αῦτοί’
1531 1978 1676 2033 ἀλλά
1728 1979 1861 2050 μετὰ

217 2064 420 2118 τούτων
452 2066 542 2119 καὶ
601 2066 740 2137 ὑμᾶς
770 2063 968 2127 αὑτοὺς
1016 2067 1087 2120 δι’
1131 2069 1326 2139 ἂρετῆς
1361 2068 1418 2121 εὑ
1457 2075 1652 2138 ποιῆτε
1690 2070 1860 2124 καλο-

219 2155 454 2226 καγαθίᾳ
496 2158 760 2222 συζῶντες
819 2154 908 2208 καὶ
964 2155 1192 2228 τρόποις
1252 2162 1540 2229 χρηστεῖς,
1585 2160 1648 2213 τὸ
1701 2158 1862 2232 μόνον

221 2243 297 2305 ὡς
326 2242 560 2311 ἀληθῶς
593 2240 853 2316 εὔδαιμον
883 2245 972 2298 καὶ
1001 2246 1138 2316 ἡμῖν
1169 2244 1415 2319 ξυγγενές
1445 2266 1458 2279 ·
1491 2248 1520 2302 ’ὁ
1551 2249 1648 2315 τὴν
1681 2250 1857 2323 ἀρχὴν

221 2331 524 2402 γεγονότες,
584 2331 672 2384 καὶ
728 2335 874 2385 τοῦτ’
932 2333 1064 2386 αὐτὸ
1141 2328 1460 2407 πεφυκότες,
1509 2333 1696 2402 ἐπειδή
1764 2339 1862 2404 τήν

223 2418 514 2490 εὐκληρίαν
558 2419 760 2489 ταύτην
793 2427 891 2488 τῆς
945 2423 1153 2499 φύσεως
1207 2422 1308 2476 ὑπὸ
1361 2428 1459 2477 τοῦ
1505 2431 1605 2492 τῆς
1636 2425 1861 2500 γνώμης

224 2507 581 2579 ἀπωλέσαμεν
609 2514 998 2581 νεωτερισμοῦ,
1030 2510 1122 2564 καὶ
1151 2517 1251 2579 τῆς
1302 2513 1614 2584 θαυμαστῆς
1647 2514 1863 2582 ἐξέστη-

232 2615 318 2665 μεν
377 2597 708 2667 ὑποθέσεως,
768 2601 1134 2673 φρονήσαντες
1211 2601 1343 2675 ὑπὲρ
1403 2603 1431 2655 ’ὀ
1480 2601 1560 2656 δεῖ
1623 2610 1860 2677 φρονεῖν,

231 2686 315 2737 καὶ
358 2688 450 2744 τὰς
490 2685 787 2747 ἐπιστολὰς
842 2685 1164 2761 παρίδόντες
1215 2691 1309 2750 τὰς
1369 2692 1512 2752 θείας
1569 2695 1864 2767 γεγόναμεν

236 2772 267 2824 6
299 2775 368 2843 μὴ
398 2775 637 2845 γενέσθαι
672 2775 888 2847 μᾶλλον
920 2781 1038 2851 εἶχε
1088 2776 1252 2851 λόγον
1279 2796 1291 2809 ·
1328 2779 1361 2848 ἢ
1392 2782 1738 2854 γενομένους,
1772 2783 1864 2838 οὕ-

244 2881 344 2921 τως
397 2863 600 2924 ἀθλίως
658 2863 746 2918 καὶ
804 2865 1172 2941 ταλαιπώρως
1229 2872 1344 2942 ζῇν,
1413 2871 1488 2931 ὡς
1557 2873 1634 2942 μή
1706 2873 1866 2942 μόνον

249 2950 399 3025 φθορᾷ
454 2953 544 3005 καὶ
606 2951 826 3006 πάθεσιν
888 2954 1230 3026 ὑποκεῖσθαι,
1281 2956 1427 3012 ἀλλὰ
1472 2959 1562 3013 καὶ
1607 2966 1724 3021 ταῖς
1771 2961 1863 3014 αἰ-

246 3039 476 3109 σχίσταις
533 3044 642 3094 τῶν
701 3039 1004 3113 ἐπιθυμιῶν
1084 3041 1436 3116 ἀνδραπόδων
1495 3045 1648 3118 δίκην
1704 3048 1864 3104 εἶ’κειν

236 3127 508 3202 αἰσχρῶς·
565 3129 654 3183 καὶ
707 3130 927 3202 μάλιστ’
978 3133 1103 3187 ὅταν
1131 3137 1199 3205 τῇ
1241 3139 1312 3210 γῇ
1355 3157 1413 3190 τε
1466 3138 1552 3191 καὶ
1602 3143 1720 3200 ταῖς
1767 3143 1864 3203 τῆς

231 3222 323 3287 γῆς
357 3214 598 3288 ἐπῳδαῖς
654 3239 710 3272 τε
757 3221 846 3273 καὶ
897 3219 1149 3297 φίλτροις
1196 3229 1717 3299 καταγοητευθῶμεν
1770 3250 1866 3282 κα-

1966 642 2133 697 mini.

2033 1707 2088 1764 5.
2126 1704 2274 1761 Illud
2305 1719 2538 1778 quoque
2569 1702 2891 1776 praesertim
2923 1702 3210 1774 agendum
3247 1708 3334 1759 est
3367 1719 3438 1759 ne
3470 1704 3610 1758 dum

1965 1821 2093 1878 aliis
2120 1821 2270 1876 bene
2317 1815 2480 1876 facis,
2511 1815 2764 1884 teipsum
2798 1811 3082 1883 negligas,
3106 1817 3160 1866 et
3191 1811 3329 1866 dum
3361 1811 3608 1867 aliorum

1893 1924 1936 1987 Β
1969 1926 2301 1984 infortuniis
2332 1922 2672 1990 remederis,
2701 1921 2826 1992 ipse
2858 1919 3106 1990 pessime
3138 1925 3190 1974 te
3221 1918 3458 1974 habeas.
3492 1919 3602 1975 Sed

1967 2035 2043 2090 vi;
2064 2038 2182 2090 tute
2206 2031 2492 2103 bonisque
2523 2029 2802 2094 moribus,
2836 2027 2936 2098 qui
2969 2025 3076 2082 soli
3099 2025 3334 2081 beatum
3365 2041 3432 2082 ac
3450 2025 3608 2082 nobi-

1969 2143 2083 2199 lem
2121 2139 2486 2199 constituunt
2533 2135 2854 2203 hominem,
2905 2132 3223 2188 liberaliter
3277 2131 3615 2200 educatum,

1973 2249 2264 2307 felicitatis
2292 2247 2393 2302 vias
2424 2244 2694 2301 insistite.
2732 2244 2808 2298 Ex
2837 2258 2952 2313 quo
3003 2245 3197 2297 autem
3233 2239 3337 2295 hoc
3392 2243 3611 2294 natura;

1971 2358 2330 2433 privilegium
2379 2352 2698 2410 indolantia
2729 2353 2930 2408 nostra
2977 2349 3288 2405 amisimus
3335 2352 3391 2404 et
3421 2348 3617 2420 probi-

1971 2467 2108 2526 tatis
2135 2465 2404 2522 semitam
2435 2478 2505 2518 ex
2552 2458 2738 2515 oculis
2779 2456 3162 2531 perdidimus,
3211 2455 3446 2511 altiores
3487 2458 3612 2526 jam

1972 2575 2210 2647 spiritus
2231 2585 2462 2628 sumere
2483 2569 2788 2639 cmpimus,
2811 2570 2870 2622 et
2891 2566 3184 2621 mandatis
3215 2563 3427 2619 divinis
3448 2577 3613 2633 spre-

1972 2683 2050 2739 tis
2079 2699 2149 2739 ex
2178 2679 2305 2735 vitae
2335 2677 2604 2734 instituto
2635 2674 2791 2746 quod
2823 2674 2988 2743 sequi
3017 2670 3612 2738 debebamus,exces-

1974 2794 2201 2858 simus;
2235 2789 2389 2844 unde
2421 2789 2635 2842 factum
2691 2787 2783 2839 est
2841 2786 2904 2839 ut
2953 2783 3010 2836 in
3062 2780 3335 2836 miseram
3389 2779 3618 2836 vivendi

1973 2899 2366 2956 conditionem
2391 2893 2616 2950 detrusi
2649 2907 2764 2946 non
2804 2894 3030 2946 tantum
3078 2888 3267 2958 pravis
3313 2887 3496 2942 animi
3523 2889 3616 2942 af-

1978 3007 2223 3062 fectibus
2256 3000 2732 3064 succumbamus,
2756 2998 2855 3052 sed
2889 3011 3186 3052 servorum
3207 2993 3410 3049 villum
3434 2994 3619 3049 instar

1977 3114 2144 3170 fmdis
2182 3108 2525 3166 libidinibus
2560 3105 2904 3170 serviamus,
2937 3103 3116 3171 idque
3163 3100 3483 3172 praasertim
3515 3099 3613 3156 ubi

1976 3219 2346 3277 terrestribus
2375 3213 2816 3271 incantamentis
2838 3208 3218 3268 circumventi
3247 3207 3431 3264 nostri
3454 3224 3614 3263 com-

230 3303 417 3373 θάπαξ,
451 3304 529 3365 ὡς
575 3303 706 3377 μηδ’
748 3307 1016 3362 ἀνανεύειν
1060 3307 1335 3377 δύνασθαι,
1380 3309 1681 3386 γεγονότως
1721 3315 1858 3369 ἄνω-

1981 3333 2142 3400 potes
2169 3343 2296 3382 esse
2353 3321 2724 3379 cessavimus.
2760 3319 2833 3375 Ut
2888 3318 3087 3389 igitur,
3119 3317 3618 3387 quemadmodum

227 3393 328 3449 θεν.
360 3394 460 3448 ’Ἱν’
492 3392 586 3447 οὖν
641 3391 820 3466 ὥσπερ
863 3396 947 3450 ἐπὶ
981 3398 1043 3452 τὸ
1081 3401 1228 3470 παρὰ
1277 3401 1430 3476 φύσιν
1480 3401 1540 3456 ἐκ
1585 3408 1682 3458 τοῦ
1731 3407 1863 3459 κατά

225 3482 379 3554 φύσιν
441 3482 675 3555 ἀκρασίᾳ
718 3487 1087 3560 προήχθημεν
1137 3489 1367 3565 φύσεως,
1408 3492 1584 3554 οὕτως
1625 3493 1730 3548 ἀπὸ
1767 3500 1864 3549 τοῦ

225 3574 370 3644 παρά
414 3573 572 3647 φύσιν
614 3570 702 3626 ἐπὶ
750 3573 814 3628 τὸ
869 3577 1003 3630 κατὰ
1058 3577 1212 3653 φύσιν
1273 3578 1628 3654 ἐπανήκωμεν
1685 3583 1863 3651 αὖθις,

223 3662 421 3733 ἀρετὴν
456 3658 823 3716 σπουδαστέον
857 3662 916 3717 ἂν
949 3663 1036 3730 ε’ίη
1081 3663 1170 3720 διὰ
1215 3667 1337 3740 βίου
1375 3671 1597 3732 παντός.
1640 3673 1714 3726 O6
1762 3673 1864 3747 γὰρ

223 3751 314 3802 νῦν
350 3751 473 3821 μὲν,
520 3753 612 3803 νῦν
648 3747 691 3804 δ’
726 3748 788 3805 οῦ
814 3770 825 3782 ⁸
870 3750 999 3806 ἀλλ’
1035 3755 1115 3809 ἀεὶ
1159 3758 1248 3810 καὶ
1287 3760 1432 3831 παρά
1471 3760 1638 3814 πάντα
1689 3759 1865 3830 δήπου

225 3841 317 3893 τὸν
382 3839 586 3912 χρόνον
625 3840 905 3913 χρηστοὺς
960 3845 1108 3915 ἡμᾶς
1157 3846 1292 3900 εἶναι
1338 3845 1438 3919 δεῖ,
1483 3849 1574 3903 καὶ
1629 3848 1868 3915 δικαίους

226 3930 314 3981 καὶ
353 3928 633 4004 σώφρονας
674 3929 762 3982 καὶ
811 3933 970 3984 πᾶσιν
1025 3933 1099 3994 ὡς
1149 3933 1316 3989 εἰπεῖν
1360 3941 1478 3998 τοῖς
1524 3940 1868 4013 γιγνομένοις

223 4020 552 4087 κομῶντας·
589 4016 677 4089 ἀφ’
708 4018 781 4070 ὢν
829 4017 927 4072 οὐκ
967 4017 1274 4093 εὐδοκιμεῖν
1315 4023 1477 4096 μόνον
1525 4028 1610 4080 καὶ
1669 4028 1869 4096 ζηλοῦ-

224 4107 350 4158 σθαι
416 4103 726 4176 περίεστιν·
806 4104 957 4160 οὐδὲν
1017 4109 1120 4185 γὰρ
1199 4115 1600 4188 μακαριώτερον
1677 4118 1870 4190 ἀρετῆς

225 4194 449 4247 καὶτοῦ
487 4194 606 4247 κατ’
652 4193 819 4262 αὐτὴν
867 4197 1193 4265 πολιτεύειν,
1252 4199 1398 4256 ἀλλὰ
1444 4205 1534 4257 καὶ
1582 4208 1874 4283 τυγχάνειν

228 4281 430 4336 ἒσάπαν
489 4281 748 4352 εὐμενοῦς
793 4289 889 4338 τοῦ
939 4291 1092 4342 Θεοῦ.
1147 4289 1211 4344 Εἰ
1269 4290 1370 4365 γὰρ
1403 4293 1431 4346 6
1471 4294 1652 4370 φαῦλα
1704 4281 1874 4368 πράσ-

226 4393 339 4425 σων
419 4371 743 4444 ἀπήχθηται
805 4375 1114 4430 παντάπασι
1159 4376 1238 4449 τῷ
1287 4385 1422 4452 Θεῷ,
1475 4383 1503 4436 6
1551 4383 1767 4452 τρόπων
1819 4385 1875 4438 εὖ

227 4460 380 4526 ἥκων
436 4458 529 4511 καὶ
583 4461 718 4528 μετά
767 4465 863 4513 τοῦ
911 4463 1235 4536 γιγνομένου
1284 4466 1382 4540 ζῇν
1432 4468 1616 4538 ἀξιῶν,
1670 4471 1875 4546 έναῖρος

227 4547 390 4606 οὗτος
447 4546 665 4608 πάντως
723 4550 812 4601 καὶ
869 4549 1030 4626 φίλος
1083 4558 1198 4626 Θεῷ
1234 4573 1246 4586 ·
1309 4555 1457 4630 εἷ’περ
1500 4559 1527 4612 6
1573 4560 1667 4630 μὲν
1723 4561 1880 4632 οὐσίᾳ

227 4637 463 4711 πέφυκεν
528 4635 848 4710 ὑπερούσιος
889 4639 1087 4712 ἀρετῆς
1129 4644 1219 4696 καὶ
1260 4644 1457 4720 ἀγαθὸν
1509 4648 1878 4724 ὑπερπλῆρες,

229 4726 323 4779 καὶ
372 4726 527 4779 πάνθ’
583 4726 725 4796 ὁμοῦ
772 4728 836 4781 τὰ
884 4728 1142 4802 βέλτιστα
1199 4733 1397 4807 φάναι·
1462 4736 1488 4790 6
1534 4735 1580 4791 δ’
1627 4740 1709 4801 οἷς
1763 4741 1873 4795 ἀντὶ

230 4815 450 4868 πάντων
508 4820 747 4869 ποιεῖται
797 4818 950 4887 Θεὸν,
1003 4819 1125 4893 περὶ
1184 4821 1436 4886 πλείονος
1495 4829 1708 4882 πάντων
1767 4823 1876 4883 ἔστι

229 4908 366 4975 Θεῷ.
430 4905 595 4958 Ταυτί
657 4904 751 4976 μὲν
803 4905 894 4960 οὖν
956 4907 1002 4960 εἱ
1070 4910 1207 4963 κατὰ
1265 4916 1389 4965 νοῦν
1447 4914 1716 4990 στρέφοιτ⁹
1773 4917 1876 4986 ἀεὶ,

232 4995 323 5048 καὶ
359 4993 586 5070 προσέτι
615 4995 676 5049 τὸ
713 4993 918 5067 μέλλον
961 4998 1051 5052 καὶ
1088 5001 1188 5069 τήν
1227 5006 1324 5056 τοῦ
1378 5003 1681 5075 μέλλοντος
1730 5005 1878 5077 δέξαν

231 5085 692 5156 ἀποσκοποῦντες,
724 5087 1131 5159 προθυμήσεσθ’
1165 5089 1221 5144 εὖ
1249 5110 1262 5123 ο
1311 5092 1442 5154 τοὺς
1477 5095 1573 5166 μὲν
1622 5101 1701 5167 τῷ
1738 5098 1875 5169 πρὸς

232 5174 264 5227 ἃ
295 5170 500 5228 δέονται
564 5174 898 5249 συναίρεσθαι
949 5175 1155 5254 σφίσιν,
1209 5180 1364 5252 ὑμεῖς
1416 5178 1473 5236 δὲ
1511 5184 1602 5238 τὸν
1650 5183 1699 5257 ἐξ
1749 5185 1873 5259 ἀρε-

228 5269 327 5330 τῆς
368 5261 743 5336 περικείμενοι
781 5264 1008 5336 κόσμον,
1051 5267 1140 5321 καὶ
1181 5269 1242 5322 τὸ
1292 5268 1567 5344 βέλτιστοι
1617 5271 1704 5327 διὰ
1737 5275 1874 5328 πάν-

228 5371 334 5405 των
367 5351 456 5406 καὶ
491 5351 710 5407 ἀκούειν
741 5353 831 5407 καὶ
864 5353 1024 5410 εἶναι.

300 5442 362 5504 ς’.
409 5441 556 5496 Ἐπεὶ
599 5439 657 5496 δὲ
696 5442 804 5520 οὐχ
843 5441 967 5498 ὅσον
1005 5449 1101 5500 τοῦ
1141 5448 1256 5501 καθ’
1293 5451 1441 5520 ἡμᾶς
1499 5451 1622 5524 βίου
1664 5455 1875 5526 θαυμα-

232 5550 351 5583 στον
393 5551 451 5585 τε
509 5531 599 5584 καί
670 5532 924 5606 μέγιστον
990 5535 1183 5608 πόρον,
1247 5537 1394 5592 ἀλλὰ
1457 5543 1549 5594 καὶ
1621 5544 1872 5597 σύστασιν

231 5615 424 5692 ἀκριϐῆ
459 5621 547 5674 καὶ
593 5622 710 5674 οἷόν
751 5642 870 5676 τινα
910 5629 1009 5692 τῆς
1065 5622 1342 5688 πολιτείας
1387 5636 1636 5703 στοιχεῖα
1677 5634 1870 5706 τέχνας

231 5707 311 5762 καὶ
363 5705 671 5778 ἐπιστήπας
723 5711 946 5776 ἅπαντες
998 5708 1186 5785 ’ίσμεη
1240 5712 1444 5770 πολλαὶ
1478 5714 1533 5772 δὲ
1574 5718 1730 5778 αὗται
1770 5705 1866 5776 καὶ

1972 3441 2192 3492 natura:
2218 3435 2370 3504 leges
2393 3447 2507 3488 non
2550 3429 2922 3485 observantes
2943 3425 3191 3496 turpiter
3220 3424 3369 3496 lapsi
3391 3439 3624 3492 sumus,

1975 3561 2132 3600 nunc
2181 3544 2419 3614 quidem
2465 3552 2856 3609 resurgamus,
2906 3535 3178 3590 virtutem
3220 3531 3620 3588 indesinenter

1973 3654 2178 3709 ducem
2208 3665 2542 3721 sequamur,
2575 3652 2632 3703 et
2693 3643 2856 3701 omni
2911 3647 3169 3714 tempore
3222 3657 3326 3697 nos
3375 3641 3610 3712 probos,

1975 3761 2248 3818 honestos
2273 3759 2578 3828 justosque
2605 3753 2984 3826 prebeumus,
3009 3755 3262 3808 remotos
3285 3767 3319 3807 ει
3337 3749 3612 3821 superbia

1977 3885 2042 3924 ac
2081 3867 2239 3934 zelo;
2275 3863 2420 3921 nihil
2450 3863 2604 3919 enim
2635 3861 2860 3918 beatius
2907 3862 3123 3916 virtute
3151 3863 3210 3914 et
3249 3858 3366 3914 vita
3394 3860 3622 3928 integra

1979 3983 2037 4033 et
2067 3978 2256 4031 favore
2285 3974 2437 4045 apud
2467 3972 2672 4028 Deum.
2696 3969 2757 4026 Si
2795 3969 2946 4025 enim
2987 3968 3161 4024 homo
3209 3967 3489 4024 scelestus
3519 3965 3619 4022 Dei

1981 4085 2180 4140 odium
2209 4083 2477 4147 incurrit,
2509 4079 2560 4135 is
2611 4079 2712 4149 qui
2753 4061 2898 4134 bene
2945 4077 3216 4133 cordatus
3265 4075 3416 4147 aequi
3456 4074 3622 4130 boni-

1982 4209 2092 4264 que
2124 4191 2258 4248 facit
2289 4205 2376 4247 res
2409 4191 2742 4261 praesentes,
2775 4201 3000 4242 summo
3030 4185 3130 4241 Dei
3171 4185 3365 4241 favore
3395 4184 3627 4255 fruitur,

1986 4299 2152 4357 bouis
2210 4306 2370 4354 terra;
2451 4312 2518 4353 ac
2569 4293 2804 4352 virtutis
2865 4293 3201 4351 muneribus
3266 4292 3621 4350 cumulatus.

1983 4407 2090 4473 Qui
2123 4410 2315 4464 autem
2349 4406 2528 4463 Deum
2551 4408 2684 4462 ante
2712 4401 2908 4461 omnia
2939 4401 3118 4474 ponit,
3154 4403 3388 4474 plurimi
3420 4418 3454 4458 a
3505 4401 3623 4458 Deo

1984 4515 2322 4570 aestimatur.
2356 4514 2517 4578 Quod
2549 4513 2598 4568 si
2640 4513 2762 4569 haec
2791 4513 2848 4568 in
2883 4518 3078 4570 mente
3116 4511 3408 4570 revolvitis
3454 4514 3509 4567 et
3540 4511 3622 4565 fu-

1915 4622 1955 4684 D
1991 4618 2106 4673 turi
2134 4618 2412 4688 temporis
2441 4617 2636 4689 gloriae
2685 4619 3088 4687 memineritis,
3130 4617 3312 4673 animi
3352 4615 3623 4671 fortitudo

1989 4725 2310 4796 augebitur.
2344 4724 2495 4780 Dum
2546 4724 2700 4781 enim
2731 4727 2954 4784 ceteris
3003 4726 3333 4797 exemplum
3380 4723 3625 4778 imitan-

1989 4832 2129 4886 dum
2181 4831 2524 4904 proponitis,
2584 4833 2693 4902 ipsi
2745 4833 3020 4890 virtutum
3077 4850 3291 4890 corona
3343 4831 3623 4898 redimiti,

1987 4938 2087 5010 qui
2119 4939 2364 4996 summis
2419 4938 2692 4997 laudibus
2739 4942 3059 4999 eﬂ'eramini
3091 4957 3220 4998 vere
3249 4943 3406 5014 digni
3435 4942 3616 5000 eritis.

2053 5454 2105 5508 6.
2130 5453 2605 5528 Quandoquidem
2639 5462 2837 5518 omnia
2863 5479 2989 5534 quas
3022 5467 3092 5522 ad
3125 5467 3253 5523 vitae
3284 5469 3620 5526 institutum

1983 5543 2289 5599 honestum
2322 5548 2674 5614 conducunt,
2736 5553 2792 5607 id
2844 5559 2932 5609 est
2986 5557 3502 5616 administrationis
3529 5561 3621 5616 in-

1981 5640 2323 5702 strumenta,
2357 5641 2512 5693 artes
2549 5655 2616 5694 ac
2656 5640 2983 5714 scientiam,
3015 5650 3296 5715 quantum
3343 5651 3487 5705 satis
3518 5657 3624 5714 est,

1983 5722 2366 5792 possidemus,
2409 5725 2466 5782 id
2498 5745 2733 5802 quoque
2772 5733 2954 5792 sentio
3009 5738 3164 5806 quod
3209 5753 3380 5794 nemo
3420 5738 3625 5794 civium
