4062 6308
480 313 599 374 507

1782 328 2185 392 THEODULI
2229 330 2576 392 MONACHI

3738 353 3845 412 508

479 447 567 503 vel
600 449 892 504 minorum
924 450 1186 522 gentium
1218 455 1278 509 in
1308 455 1530 512 artibus
1587 459 1789 515 rudem
1847 475 1978 516 esse
2024 471 2117 517 aut

2236 468 2481 518 παντοῖαι
2513 467 2769 540 καὶπρὸς
2811 475 2984 526 πᾶσαν
3025 474 3214 543 ἥντινα
3257 475 3460 548 δήποτε
3509 483 3690 556 χρείαν
3732 508 3848 540 παν-

483 557 811 614 indolentiaa
842 561 1218 616 succumbere
1274 565 1504 634 poterit,
1537 565 1652 621 imo
1712 584 1815 639 pro
1845 572 2001 624 certo
2033 569 2132 625 bs-

485 665 592 721 beo
625 682 1101 738 unumquemque
1124 669 1406 740 portionis
1438 671 1645 729 saltem
1679 675 1927 732 istorum
1952 658 2143 735 bono--

483 789 610 828 rum
635 773 973 845 participem
1010 792 1160 842 esse,
1206 776 1459 850 indeque
1515 784 1574 836 et
1629 781 1741 838 sibi
1796 787 1852 840 et
1907 787 2126 841 caeteris

481 881 784 936 commoda
833 880 1087 952 plurima
1144 889 1538 956 reportaturos
1595 904 1745 957 esse,
1777 895 1834 946 et
1881 909 1985 964 pro
2015 909 2123 949 sua

484 991 640 1057 parte
671 993 955 1059 quantum
987 991 1152 1047 decet
1198 1007 1302 1063 pro
1357 993 1542 1064 patria
1598 995 1845 1053 libenter
1872 998 2124 1055 facturos

477 1109 649 1162 esse;
706 1111 811 1152 nec
857 1100 1082 1152 tantum
1140 1098 1492 1156 industriam
1546 1105 1870 1160 ostentandi
1901 1107 2122 1178 gratia;

477 1201 596 1256 imo
626 1201 791 1271 probi
839 1207 896 1258 et
953 1205 1150 1274 patrias
1207 1207 1457 1262 studiosi
1515 1224 1873 1282 suarumque
1929 1229 2123 1268 rerum

479 1307 701 1378 providi
741 1325 870 1364 esse
900 1310 1213 1378 debebunt,
1245 1317 1302 1368 et
1324 1330 1450 1385 quas
1473 1315 1543 1370 ad
1569 1315 1778 1372 victum
1811 1323 1868 1373 et
1897 1320 2121 1376 cultum

478 1412 774 1484 pertinent
803 1428 1163 1486 comparare,
1197 1433 1268 1472 ne
1298 1419 1369 1473 ad
1405 1420 1620 1475 furtum
1652 1423 2038 1495 rapinamque
2067 1434 2124 1480 et

476 1517 783 1590 sacrilegia
811 1520 1171 1577 descendant
1201 1531 1247 1576 el
1283 1527 1690 1583 verecundiam
1740 1529 2038 1601 deponant
2067 1536 2122 1587 et

479 1625 756 1697 parjuriis
788 1630 1050 1697 utantur,
1082 1634 1375 1700 postremo
1415 1634 1484 1687 ad
1519 1635 1864 1692 seditionem
1921 1655 2121 1694 recur—

480 1736 633 1788 rant.
667 1733 829 1798 Quod
863 1738 1132 1791 metuens
1181 1736 1506 1806 Periander,
1537 1741 1762 1813 Cypseli
1812 1744 1990 1812 ﬁlius,
2023 1747 2124 1801 Co-

481 1839 834 1896 rinthiorum
866 1857 984 1908 rex,
1019 1842 1203 1899 noluit
1232 1861 1424 1901 servos
1455 1864 1488 1902 a
1511 1848 1734 1905 civibus
1792 1851 2036 1923 acquiri,
2068 1858 2124 1907 et
2157 1842 2200 1903 Β

482 1946 789 2017 impedivit
817 1964 888 2004 ne
921 1949 1000 2004 nil
1033 1955 1269 2022 agentes
1293 1952 1351 2009 in
1385 1955 1506 2011 foro
1529 1957 1816 2027 sederent,
1846 1951 2124 2031 imo'prae-

483 2053 637 2124 cepit
668 2057 734 2108 ut
762 2071 968 2113 omnes
1002 2059 1231 2130 negotio
1271 2060 1444 2118 alicui
1474 2062 1894 2127 incumberent.
1929 2082 2000 2121 ne
2025 2081 2128 2137 per

480 2160 666 2217 otium
695 2178 888 2219 rerum
949 2167 1350 2225 novandarum
1397 2171 1592 2242 cupidi
1642 2172 1847 2229 forent.
1889 2174 2128 2230 Constat

476 2267 636 2326 enim
668 2270 954 2340 quosdam
976 2272 1100 2343 eius
1129 2277 1359 2346 generis
1390 2277 1544 2334 viros
1576 2281 1824 2351 patriam
1856 2280 2126 2338 hostibus

479 2375 793 2433 tradidisse
822 2382 898 2449 et,
931 2385 1134 2436 contra
1161 2381 1342 2456 leges,
1374 2385 1634 2456 pessima
1662 2403 1904 2460 queque
1951 2403 2124 2444 exco-

474 2485 688 2556 gitasse
716 2491 774 2544 et
795 2489 1124 2559 perfecisse.

535 3320 594 3375 7.
617 3319 677 3374 Si
714 3333 884 3390 porro
916 3317 1101 3374 honor
1155 3318 1378 3374 artibus
1437 3319 1666 3376 habitus
1726 3323 1937 3380 civitali
1997 3343 2112 3383 non

466 3442 673 3498 parum
706 3425 964 3496 prodest.
996 3430 1053 3482 et
1071 3441 1270 3482 earum
1293 3430 1684 3500 comtemptus
1700 3429 1851 3488 clare
1873 3435 2116 3504 punitur

467 3543 530 3599 in
565 3543 635 3599 iis
665 3543 878 3598 eximia
936 3543 1238 3613 diligentia
1283 3547 1375 3599 est
1424 3546 1714 3615 ponenda,
1746 3552 1803 3604 et
1869 3551 2112 3622 publica:

471 3648 744 3705 utilitatis
760 3650 953 3706 omnis
983 3650 1252 3707 habenda
1281 3650 1424 3707 ratio
1455 3659 1507 3708 et
1539 3655 1856 3724 praesertim
1880 3659 2114 3729 sapien-

471 3763 582 3820 tia.
616 3765 745 3821 Haec
777 3767 931 3823 enim
973 3768 1116 3824 adeo
1156 3768 1518 3840 praeminet,
1576 3771 1723 3827 tanti
1783 3774 2110 3842 aestimatur,

472 3883 538 3934 ut
566 3883 718 3952 apud
751 3899 956 3938 omnes
987 3899 1079 3939 res
1111 3883 1394 3954 prmeipua
1417 3883 1719 3952 habeatur,
1751 3889 1964 3959 quippe
1985 3905 2114 3960 qua:

470 3985 561 4040 sui
592 3986 842 4044 cultores
873 3987 1070 4044 felices
1102 3989 1310 4057 reddit,
1334 3989 1404 4045 ad
1435 3988 1674 4046 meliora
1724 4008 1952 4063 semper
1982 4011 2112 4064 pro-

468 4091 644 4158 vehit,
677 4109 792 4162 qua
823 4093 967 4148 nihil
1019 4093 1256 4150 homine
1287 4094 1544 4166 dignius,
1578 4095 1723 4150 nihil
1774 4097 1958 4169 magis
2003 4099 2114 4155 ho-

472 4209 824 4277 norandum,
877 4226 1004 4282 quae
1051 4215 1136 4266 est
1178 4211 1237 4266 in
1292 4211 1507 4267 ofﬁciis
1556 4213 1965 4271 satisfaciendo
1997 4216 2113 4272 dux

470 4319 646 4388 atque
696 4318 1076 4388 cooperatrix.
1126 4321 1273 4374 Nam
1323 4319 1546 4392 optima
1605 4337 1848 4392 quaeque
1879 4324 2111 4391 sectari,

463 4423 735 4492 meditari
767 4439 832 4478 ac
889 4423 1095 4492 facere,
1156 4426 1396 4482 modum
1456 4425 1513 4481 in
1570 4427 1842 4484 omnibus
1896 4437 2112 4496 tenere,

469 4538 705 4610 optimis
736 4537 1178 4612 quihuscunque
1209 4541 1435 4614 placere
1479 4543 1624 4599 velle
1652 4552 1704 4600 el
1737 4544 1991 4601 Platonis
2024 4546 2106 4602 le-
2145 4567 2188 4631 υ

467 4663 598 4719 gem
629 4647 792 4716 sequi
823 4647 963 4719 quid
1023 4649 1099 4704 sit
1155 4651 1303 4720 quod
1364 4666 1595 4722 semper
1637 4656 1746 4712 est.
1779 4652 1956 4725 idque
1985 4655 2110 4711 sine

473 4756 892 4824 procreatione,
923 4760 1022 4812 aut
1051 4757 1190 4826 quid
1236 4763 1600 4829 procreatum
1662 4761 1921 4832 quidem,
1955 4763 2109 4818 exsi-

471 4874 746 4929 stentiam
792 4890 923 4930 vero
969 4891 1083 4931 non
1143 4875 1332 4941 habet,
1363 4877 1661 4933 veritatem
1720 4878 1873 4934 circa
1910 4880 2111 4936 omnia

469 4974 823 5044 persecutari
853 4981 908 5030 et
953 4975 1047 5032 Dei
1106 4975 1472 5032 sanctitatem
1532 4977 1784 5034 imitari:
1845 4978 1963 5035 haec
2021 4985 2112 5036 est

467 5097 640 5152 quam
671 5067 1323 5154 nos'pert'ectissimam
1377 5085 1742 5157 appellamus
1797 5086 2062 5144 virtutem
2091 5106 2106 5145 :

469 5198 588 5254 haac
610 5202 697 5254 est
718 5216 845 5257 vere
869 5201 1179 5272 sapientia,
1202 5204 1345 5258 ratio
1365 5207 1422 5259 et
1439 5202 1843 5277 intelligentia.
1866 5205 2028 5270 Quod
2053 5205 2103 5262 si

466 5303 740 5362 virtutem
796 5308 1195 5368 honorandam
1253 5327 1381 5368 esse
1437 5311 1706 5368 ducimus
1755 5313 2106 5386 maximique

469 5411 814 5477 faciendam,
847 5417 1057 5490 quippe
1086 5436 1212 5492 quae
1245 5435 1352 5476 nos
1391 5421 1642 5478 maxime
1670 5421 1743 5477 ad
1774 5423 1955 5478 Deum
1989 5423 2105 5478 ele-

467 5525 579 5588 vat,
615 5535 728 5592 quo
759 5529 924 5595 pacto
955 5526 1304 5600 sapientiam
1333 5545 1448 5584 non
1490 5529 1676 5602 magis
1706 5530 2106 5586 aestimandam

466 5637 829 5711 putabimus,
861 5658 932 5700 ex
960 5659 1077 5715 qua
1106 5643 1205 5701 illa
1235 5645 1494 5717 pendet?
1521 5646 1738 5705 Idcirco
1777 5646 1828 5704 si
1871 5647 2104 5704 virtutis

2236 553 2465 605 τάπασιν
2496 555 2633 626 ἡμῖν
2680 557 3027 632 ἀποχρῶσαι,
3077 569 3186 618 τῶν
3235 565 3546 624 καλλίστων
3585 573 3670 626 καὶ
3716 572 3843 629 λυσι-

2234 639 2565 698 τελεστάτων
2620 651 2833 718 νομίζω
2911 648 3262 722 μηδοντινοῦν
3316 660 3422 709 τῶν
3489 660 3721 716 πολιτῶν
3766 665 3846 718 καὶ

2235 733 2341 783 τῶν
2378 737 2586 805 μικρῶν
2629 735 2760 809 ὑπὲρ
2809 738 2938 800 τοὺς
2985 739 3231 804 πολλοὺς
3277 745 3480 819 τέχνης
3530 751 3748 824 ἄμοιρον
3777 757 3846 806 εἷ-

2235 841 2344 887 ναι,
2379 822 2510 894 μηδ’
2565 824 2665 894 ἔξω
2713 828 2926 884 πίπτειν
2974 837 3073 886 τοῦ
3121 832 3455 911 καταλόγου,
3505 837 3633 910 μηδ’
3685 841 3846 916 ἀργῶς

2231 905 2410 982 ’ίσχειν
2445 911 2495 965 ἐν
2527 913 2764 985 τούτοις,
2794 916 2921 972 ἀλλ’
2959 918 3184 976 ἕκαστον
3215 924 3288 985 ὡς
3329 930 3569 996 προσῆκε
3610 929 3697 984 καὶ
3726 930 3849 985 πάν-

2234 1019 2326 1060 τας
2357 998 2408 1052 ἐν
2461 1001 2611 1076 μέρει
2661 1004 2931 1070 συντελεῖς
2971 1010 3046 1071 ὡς
3088 1010 3308 1082 μάλιστ’
3347 1015 3484 1069 εἶναι
3532 1014 3600 1072 τά
3639 1040 3695 1091 γε
3744 1041 3848 1074 τοι-

2234 1091 2388 1156 αῦτα,
2429 1089 2504 1150 ὡς
2553 1089 2614 1144 ἂν
2664 1091 2899 1149 ἐντεῦθεν
2965 1097 3318 1172 εὐποροῦντες
3387 1107 3711 1178 χρημάτων,
3770 1109 3850 1162 καὶ

2234 1175 2490 1233 πλεῖστον
2535 1181 2932 1258 ἀποφερόμενοι
2982 1187 3190 1262 κέρδος,
3248 1191 3356 1266 οὐχ
3391 1175 3520 1248 scca
3569 1197 3740 1274 σφίσιν
3772 1197 3852 1252 αὐ-

2232 1272 2367 1328 τοῖς.
2402 1266 2549 1324 ἀλλά
2577 1272 2666 1324 καὶ
2696 1278 2814 1334 τοῖς
2846 1271 3040 1338 ἄλλοις
3068 1276 3337 1353 ἐπαρκεῖν,
3379 1283 3486 1338 οἷοί
3518 1305 3575 1340 τε
3621 1286 3739 1357 ὡσι,
3767 1286 3854 1340 κάν

2233 1360 2352 1416 ταῖς
2385 1353 2676 1427 δημοσίαις
2727 1361 3019 1439 εἱσφορεῖν,
3054 1364 3313 1446 εἰσφέρειν
3357 1370 3412 1425 εὖ
3457 1372 3603 1443 μάλα
3641 1376 3727 1428 καὶ
3763 1397 3854 1430 κα-

2231 1441 2524 1500 ταϐάλλειν
2559 1449 2796 1521 ἑτοίμως
2845 1455 2934 1508 καὶ
2980 1457 3056 1527 μή
3099 1441 3234 1532 πρὸς
3274 1441 3544 1524 ἀναϐολὰς
3575 1465 3608 1532 ἢ
3642 1468 3852 1538 σκήψεις

2233 1540 2454 1611 χωρεῖν,
2479 1539 2564 1590 καὶ
2600 1537 2778 1594 τᾶλλα
2827 1545 3078 1614 πράττειν
3107 1547 3179 1599 ὧν
3214 1550 3342 1608 τοὺς
3390 1553 3670 1614 τοιούτους
3700 1552 3849 1615 εἷ’κός.

2232 1623 2306 1676 Ού
2342 1625 2449 1694 μὴν
2482 1627 2569 1688 οἷς
2622 1649 2686 1701 γε
2723 1636 2930 1704 τεχνῶν
2972 1634 3162 1701 ἣκιστα
3203 1636 3364 1710 μέλῃ,
3409 1640 3475 1694 τά
3522 1646 3743 1697 τοιαῦτα
3769 1641 3850 1698 δύ·

2229 1732 2410 1767 νανται
2467 1717 2742 1786 πράττειν,
2797 1719 2920 1774 οὐδὲ
2980 1719 3068 1777 διὰ
3123 1727 3221 1793 τήν
3278 1725 3329 1781 ἐν
3378 1728 3593 1792 τούτοις
3647 1732 3851 1788 νωθείαν

2231 1803 2380 1856 ταῦτ’
2439 1801 2793 1880 ἐνδεδεῖχθαι,
2843 1807 2957 1864 οὐδ’
3011 1810 3176 1888 ἐγγύς
3209 1835 3222 1847 ·
3283 1817 3481 1886 πόθεν;
3540 1819 3752 1875 πολλοῦ
3798 1843 3854 1896 γε

2231 1886 2348 1942 δεῖ·
2385 1889 2531 1946 ἀλλὰ
2570 1898 2796 1950 τοσοῦτο
2839 1895 3016 1954 δέουσι
3067 1901 3227 1956 καλοὶ
3274 1905 3498 1980 κάγαθοί
3543 1929 3682 1972 τινες
3711 1911 3850 1978 εἶναι,

2227 1978 2318 2032 καί
2352 1978 2758 2045 λυσιτελοῦντες
2798 1990 2866 2050 τῆ
2905 2009 2962 2042 τε
2992 1988 3154 2045 πόλει
3191 1993 3280 2047 καὶ
3332 1994 3508 2071 σφίσιν
3551 1997 3753 2066 αὐτοῖς,
3785 1999 3851 2059 ὡς

2231 2072 2332 2125 ὑπὸ
2362 2079 2462 2141 τῆς
2511 2071 2644 2148 ἄγαν
2691 2077 2922 2151 ἀπορίας
2962 2080 3051 2134 καὶ
3091 2085 3189 2136 τοῦ
3233 2084 3308 2154 μή
3352 2080 3704 2141 δύνασθαιτὰ
3730 2091 3854 2161 πρὸς

2233 2161 2352 2234 βίον
2386 2163 2564 2241 σφίσιν
2596 2165 2780 2228 αὐτοῖς
2803 2165 3204 2239 όθενδηποτοῦν
3233 2175 3581 2249 πεπορίσθαι,
3614 2175 3694 2254 ἐφ’
3723 2178 3753 2232 3
3783 2181 3851 2250 μὴ

2230 2250 2386 2322 θέμις
2417 2256 2724 2332 προῆχθαι,
2769 2256 3271 2334 ἀναισχυντοῦντες,
3316 2250 3720 2340 ἐπιορκοῦντες,
3759 2290 3855 2323 πο-

2228 2343 2587 2413 νηρευόμενοι
2613 2365 2623 2376 ·
2658 2346 2746 2399 καὶ
2777 2350 2865 2400 νῦν
2893 2349 2988 2421 μὲν
3023 2349 3488 2423 λωποδυτοῦντες,
3531 2377 3755 2435 τοιχους
3785 2356 3856 2412 δι-

2229 2429 2569 2503 ορύττοντες,
2618 2435 2684 2488 τὰ
2721 2440 2832 2490 τῶν
2879 2435 3066 2492 ἄλλων
3118 2441 3471 2514 ἁρπαζοντες,
3523 2429 3695 2501 νῦν’δ’
3724 2449 3856 2522 ἱερο-

2227 2518 2533 2590 συλοῦντες,
2566 2523 2676 2589 καὶ,
2710 2524 2738 2577 ’ὁ
2772 2525 3050 2600 μέγιστον,
3085 2531 3293 2593 στάσεις
3331 2532 3630 2607 ἐγείροντες
3653 2554 3668 2569 ⁸
3716 2538 3743 2591 ’ὀ
3773 2539 3852 2592 καὶ

2227 2608 2556 2684 Περίανδρος
2614 2613 2642 2666 ὁ
2701 2615 2952 2688 Κυψέλου
3010 2622 3304 2692 Κορινθίων
3367 2623 3627 2695 βασιλεὺς
3676 2623 3854 2688 δεδιὼς

2231 2696 2354 2753 οὔτε
2381 2701 2508 2763 τοὺς
2536 2701 2764 2764 πολίτας
2796 2703 2884 2759 ε’ία
2924 2703 3158 2770 δούλους
3207 2707 3413 2780 δήποτε
3457 2717 3704 2787 κτᾶσθαι,
3755 2714 3854 2771 οὔτ’

2229 2786 2314 2842 ἐπ’
2344 2789 2565 2863 ἀγοραῖς
2601 2789 2747 2854 ὅλως
2795 2796 3057 2864 καθῆσθαι
3119 2795 3285 2870 μηδὶν
3333 2786 3699 2874 πράττοντὰς,
3742 2802 3854 2860 ἀλλ’

2228 2875 2470 2930 ἑκάστοτ’
2518 2879 2702 2942 αὐτοῖς
2735 2878 2866 2956 ἔργα
2912 2891 3163 2960 παρεῖχε,
3189 2886 3280 2942 ’ίνα
3337 2891 3414 2961 μή
3466 2894 3689 2967 σχολὴν
3718 2892 3852 2968 ἄγον-

2226 2984 2312 3025 τες
2370 2969 2724 3037 στασιάζωσιν
2755 2988 2767 3002 ·
2820 2971 2887 3026 ού
2939 2975 3047 3044 μὴν
3095 2975 3223 3030 ἀλλ’
3269 2971 3410 3033 ἔστιν
3460 2979 3547 3035 ὅθ’
3585 2983 3729 3038 οὗτοι
3770 2981 3844 3035 καὶ

2229 3054 2364 3128 πρὸς
2401 3056 2530 3117 τοὺς
2579 3056 2881 3132 πολεμίους
2929 3062 3064 3118 κατὰ
3110 3071 3214 3134 τῆς
3253 3065 3512 3141 πατρίδος
3569 3069 3732 3146 λάθρα
3757 3068 3841 3124 λό-

2231 3164 2357 3217 γους
2386 3151 2692 3220 ποιοῦνται,
2723 3149 2813 3205 καί
2852 3151 2998 3213 ὅλως
3043 3154 3076 3208 3
3118 3152 3258 3226 μηδὲ
3306 3156 3485 3234 λέγειν
3537 3159 3702 3232 ἔξεστι
3742 3157 3843 3215 δια·

2232 3233 2515 3307 νοούμενοι
2546 3239 2638 3292 καὶ
2667 3242 3157 3315 κατεῶγαζόμενοι.

2292 3327 2359 3392 ζ’.
2394 3325 2456 3382 Εἰ
2500 3327 2675 3382 τοίνυν
2722 3330 2785 3384 τὸ
2830 3332 2924 3402 μὲν
2974 3333 3170 3408 τέχνας
3217 3337 3339 3412 περί
3390 3338 3657 3397 πλείστου
3694 3344 3851 3395 ποιεῖ-

2220 3415 2339 3468 σθαι
2387 3413 2579 3490 κέρδος
2623 3418 2684 3473 ού
2732 3423 2924 3494 μικρὸν
2965 3421 3116 3499 ’ίσχει
3164 3431 3234 3499 τῇ
3273 3427 3457 3498 πόλει,
3497 3436 3564 3487 τὸ
3608 3430 3654 3487 δ’
3692 3432 3852 3486 αὐτῶν

2219 3501 2444 3578 ἀλογεῖν
2499 3508 2668 3580 ζημία
2727 3512 2924 3587 σαφής,
2982 3513 3185 3590 ἀνάγκη
3246 3523 3388 3572 πᾶσα
3443 3521 3508 3575 τὸ
3571 3524 3666 3590 μὲν
3723 3523 3850 3575 άποο

2221 3595 2532 3671 στρέφεσθαι
2583 3598 2673 3652 καὶ
2738 3607 2914 3673 μισεῖν
2974 3603 3062 3657 καὶ
3122 3606 3332 3679 χαίρειν
3382 3609 3494 3680 ἐᾷν,
3544 3616 3643 3665 τοῦ
3691 3609 3738 3665 δ’
3781 3610 3848 3668 ὡς

2221 3685 2590 3760 κοινωφελοῦς
2642 3687 2803 3760 λόγον
2846 3695 3182 3748 παντάπασιν
3226 3693 3429 3772 Ἱσχειν,
3478 3702 3570 3754 καὶ
3628 3700 3852 3774 μάλιστά

2219 3793 2279 3846 γε
2334 3778 2430 3828 τοῦ
2477 3782 2577 3843 τῆς
2627 3779 2816 3854 σοφίας
2876 3784 3204 3858 χρήματος·
3248 3787 3282 3860 ᾖ
3333 3794 3596 3844 τοσοῦτον
3653 3796 3748 3846 τοῦ
3802 3791 3852 3845 εὗ

2221 3859 2368 3937 ἔχειν
2426 3867 2689 3938 περίεστι,
2737 3870 2829 3921 καὶ
2880 3870 3022 3925 οὕτω
3076 3873 3339 3948 μεγίστων
3374 3877 3616 3947 ἀξιοῦται
3647 3881 3708 3934 τὸ
3745 3880 3855 3934 κατ’

2221 3951 2413 4023 αὐτὴν,
2448 3955 2522 4018 ὡς
2554 3956 2630 4028 μὴ
2676 3956 2836 4028 μόνον
2887 3959 3208 4032 ξυμπάντων
3248 3971 3356 4020 τῶν
3394 3969 3521 4039 παρ’
3556 3968 3854 4043 ἀνθρώποις

2225 4040 2524 4113 βελτίστων
2582 4049 2802 4115 ταυτηνῖ
2860 4047 3158 4122 κεφάλαιον
3236 4053 3421 4124 οὖσαν,
3496 4059 3854 4131 θαυμάζεσθαι

2225 4130 2317 4201 μὲν
2388 4132 2476 4207 ὑφ’
2541 4135 2812 4207 ἁπάντων,
2893 4135 3209 4211 εὐδαίμονας
3298 4140 3354 4198 δὲ
3416 4147 3544 4208 τοὺς
3609 4130 3857 4220 ξυνόντας

2220 4226 2419 4291 ποιεῖν,
2451 4225 2518 4295 τῇ
2551 4244 2609 4278 τε
2639 4223 2784 4299 ἄλλῃ
2828 4227 2915 4280 καὶ
2953 4233 3032 4298 τῷ
3068 4231 3202 4302 πρὸς
3239 4233 3306 4286 τὰ
3349 4234 3548 4305 βελτίω
3591 4256 3854 4312 χειραγω-

2219 4313 2354 4383 γεῖν,
2387 4310 2477 4364 καὶ
2533 4313 2606 4372 ὡς
2656 4312 2878 4384 άληθῶς
2910 4318 3162 4390 πρέποντ’
3209 4319 3539 4395 ἀνθρώποις,
3586 4310 3735 4381 ἀλλὰ
3766 4310 3854 4382 καὶ

2221 4397 2416 4470 ἀρετῆς
2447 4403 2512 4468 ἧς
2555 4399 2708 4456 οὐδὲν
2753 4406 3100 4480 τιμιώτερον,
3158 4409 3339 4484 ὥσπερ
3386 4413 3507 4467 τινὰ
3548 4423 3659 4470 τῶν
3711 4414 3854 4471 δεόν-

2220 4508 2326 4542 των
2384 4489 2680 4566 εἷσηγητήν
2735 4494 2823 4548 καὶ
2882 4498 3133 4573 συνεργὸν
3181 4500 3339 4557 εἶναι.
3397 4505 3470 4558 Τὸ
3537 4507 3645 4579 γὰρ
3694 4507 3761 4562 τά
3802 4527 3854 4561 τε

2224 4577 2473 4652 βέλτιςτα
2513 4583 2602 4635 καὶ
2647 4585 2722 4655 μή
2774 4582 2958 4660 διορᾷν
3011 4582 3178 4662 ἔχειν,
3227 4593 3315 4645 καὶ
3348 4591 3379 4645 3
3409 4591 3492 4647 δεῖ
3537 4602 3757 4670 φρονεῖν
3804 4618 3855 4651 τε

2219 4669 2308 4722 καὶ
2349 4670 2604 4743 πράσσειν
2651 4674 2938 4747 αἱρεῖσθαι,
2983 4677 3069 4730 καὶ
3133 4676 3299 4750 μηδὲν
3359 4679 3460 4754 ἔξω
3515 4681 3616 4738 τδῦ
3673 4707 3854 4760 γιγνο-

2222 4756 2386 4830 μένου
2433 4767 2658 4834 χωρεῖν,
2707 4761 2852 4817 ἂλλὰ
2900 4766 3018 4828 τοῖς
3080 4767 3384 4840 βελτίστοις
3433 4777 3561 4826 πᾶσι
3631 4756 3856 4830 καί-διά

2219 4847 2432 4916 πάντῳς
2489 4848 2712 4904 εἷσάπαδ
2771 4853 3011 4925 άρέὺκειν
3067 4855 3380 4929 βούλεσθαι,
3427 4861 3515 4914 καὶ
3580 4860 3730 4924 ὅλως
3779 4863 3852 4917 εἴ·

2220 4932 2362 4990 δέναι
2394 4939 2529 4992 κατὰ
2574 4941 2666 4994 τὸν
2713 4939 3004 5005 Πλάτωνος
3055 4943 3241 5020 λόγον,
3288 4948 3342 5002 τί
3390 4950 3451 5003 τὸ
3499 4949 3555 5003 ὃν
3611 4953 3708 5023 μὲν
3753 4953 3852 5022 ἀεὶ,

2217 5025 2419 5098 γένεσιν
2454 5024 2509 5081 δὲ
2541 5028 2640 5082 οὐκ
2664 5023 2810 5105 ἕχον,
2843 5031 2932 5085 καὶ
2962 5033 3016 5086 τί
3067 5033 3131 5088 τὸ
3181 5037 3501 5109 γιγεόμενον
3547 5040 3670 5110 μὲν,
3707 5043 3764 5095 ὃν
3801 5039 3854 5095 δὲ

2218 5111 2495 5181 οὐδέποτε,
2536 5117 2626 5171 καὶ
2675 5123 2755 5189 τῷ
2797 5119 2890 5192 μὲν
2929 5121 3003 5182 ὡς
3047 5120 3201 5177 οὐδὲν
3253 5120 3366 5179 ὅντι
3411 5127 3633 5202 φράζειν
3685 5128 3851 5204 ἐῤῥῶ-

2218 5205 2358 5274 σθαι,
2389 5207 2450 5260 τὸ
2481 5203 2528 5260 δ’
2557 5207 2632 5269 ὡς
2672 5206 2896 5278 ἀληθῶς
2935 5210 2992 5265 ’ὸν
3033 5210 3092 5265 ἐκ
3138 5213 3337 5276 παντὸς
3384 5214 3588 5288 τρόπον
3643 5215 3855 5274 διώκειν

2216 5313 2274 5348 τε
2311 5295 2401 5348 καὶ
2455 5301 2658 5366 ζητεῖν,
2708 5298 2797 5353 καὶ
2855 5299 2982 5353 Θεὸν
3034 5301 3164 5354 εἶναι
3213 5306 3328 5364 τοῖς
3380 5305 3612 5377 τρόποις
3667 5313 3851 5382 πειρᾶ-

2217 5385 2358 5449 σθαι,
2423 5385 2484 5452 ἣν
2553 5385 2641 5440 καὶ
2733 5385 3075 5457 τελεωτάτην
3169 5391 3339 5464 φαμὲν
3403 5391 3621 5465 ἀρετήν,
3690 5401 3852 5451 ταῦτα

2214 5473 2388 5528 πάντα
2446 5473 2638 5551 σοφίας
2691 5474 2803 5532 ἔστὶ
2853 5478 2943 5531 καὶ
3003 5477 3174 5554 λόγου
3235 5479 3325 5534 καὶ
3380 5486 3476 5536 τοῦ
3521 5490 3627 5552 τῆς
3669 5489 3851 5561 ψυχῆς

2215 5568 2537 5636 γνωστικοῦ.
2583 5564 2645 5618 Εἰ
2676 5565 2854 5621 τοίνυν
2899 5565 3094 5640 ἀρετὴν
3133 5571 3294 5640 τιμᾷν
3339 5567 3564 5641 οἰόμεθα
3607 5569 3718 5627 δεῖν
3768 5575 3849 5627 καὶ

2213 5650 2336 5726 περὶ
2385 5651 2643 5710 πλείστου
2681 5656 2905 5729 τιθέναι,
2967 5657 3057 5711 ἅτε
3111 5655 3178 5711 τὰ
3234 5655 3370 5731 πρὸς
3429 5659 3554 5714 Θεὸν
3613 5663 3752 5736 ἡμῖν
3794 5661 3848 5718 εὖ
