4062 6308
177 412 288 473 509

1192 419 1480 483 ORATIO
1525 423 1625 482 ne
1669 421 2176 512 susurronum
2222 421 2572 484 OFFICIIS.

3467 419 3584 481 5l0

178 547 327 620 μάλα
384 550 801 628 συναῖρομένην,
834 559 950 616 πῶς
1000 553 1098 609 οὐκ
1139 555 1200 609 ἂν
1248 556 1473 620 εἰκότως
1512 555 1656 610 πολὺ
1698 558 1831 628 πρό-

1949 557 2257 624 rationem,
2291 570 2573 622 tenemus,
2597 555 2904 627 prudentia
2928 553 3252 609 exercenda
3283 556 3373 608 est
3428 553 3582 624 quod

177 657 330 708 τερον
375 639 544 714 σοφία
594 645 827 712 τιμῷτο,
876 639 945 694 δι’
994 645 1059 711 ἧς
1109 643 1242 711 αὕτη
1295 641 1642 712 συνίσταται;
1698 643 1833 697 ὥστε

176 725 218 779 εἱ
282 725 465 801 λόγος
526 731 661 800 ἡμῖν
719 735 937 801 ἀρετῆς,
994 731 1254 800 ἀσκητέον
1310 731 1369 786 ἃν
1429 731 1513 802 εἰή
1593 733 1829 801 καθάπαξ

177 817 372 886 σοφίαν
431 820 700 890 χρήματα
759 818 1060 896 εἰσφέρουσι
1124 822 1213 874 καὶ
1275 824 1500 894 μισθοὺς
1555 825 1834 876 κατατιθε-

179 907 361 974 μένοις
427 907 670 979 ἑτοίμως
697 926 710 938 °
769 907 1007 979 μάλιστα
1051 910 1145 980 μὶν
1187 908 1274 964 διὰ
1323 910 1384 964 τό
1427 909 1595 981 μηδὲν
1627 933 1681 966 τι
1723 916 1830 964 τῶν

177 995 391 1066 ἀγαθῶν
448 996 682 1069 ἄμισθον
731 1000 886 1066 εἶναι,
935 998 1080 1054 ἀλλα
1141 999 1366 1071 μισθοὺς
1424 1001 1672 1056 ἀπάντων
1723 1001 1833 1072 ἐξαο

176 1085 385 1159 νάγκης
460 1087 734 1159 ὡρίσθαι·
808 1086 973 1143 ἔπειθ’
1042 1090 1124 1143 ὅτι
1209 1091 1296 1143 καὶ
1368 1090 1563 1144 τούτου
1634 1091 1831 1164 χωρτς,

180 1173 416 1243 μισθοὺς
478 1175 614 1249 ὒπέρ
655 1181 763 1231 τῶν
813 1176 992 1249 λόγων
1040 1173 1383 1248 καταϐαλεῖν,
1424 1181 1560 1250 τιμὴ
1659 1180 1833 1251 λόγων

177 1263 381 1333 αὐτῶν,
450 1265 541 1318 καὶ
600 1271 828 1320 τοσοῦτο
893 1269 1116 1338 μείζων,
1157 1267 1280 1321 ὅσον
1331 1269 1418 1320 καὶ
1461 1267 1687 1328 πλείους
1740 1267 1829 1320 καὶ

176 1351 402 1424 προσέτι
471 1354 707 1430 εὔλογος
743 1375 755 1386 ο
817 1356 878 1409 οὐ
942 1357 1050 1428 μὴν
1107 1355 1254 1410 ἀλλά
1308 1358 1398 1411 καὶ
1455 1357 1536 1411 ὅτι
1598 1357 1833 1427 μάλιστα

176 1444 334 1494 τοῦτο
364 1447 492 1502 τοῖς
543 1463 600 1495 τε
651 1440 799 1496 δοῦσι
852 1450 969 1506 τοῖς
1015 1465 1071 1499 τε
1123 1439 1350 1498 λαϐοῦσι
1405 1443 1704 1514 λυσιτελὲς,
1744 1447 1832 1498 καὶ

178 1525 313 1580 πάνυ
362 1551 454 1583 τοι
508 1533 646 1604 πρὸς
695 1538 841 1611 σφῶν
891 1531 1089 1587 αὐτῶν.
1139 1536 1299 1586 Ὅταν
1348 1534 1450 1608 γὰρ
1480 1535 1531 1588 0".
1579 1533 1673 1603 μὲν
1723 1533 1752 1588 ὅ
1781 1555 1832 1586 τι

177 1617 525 1688 παρέξονται,
559 1622 610 1674 οἱ
645 1618 689 1674 δ’
720 1622 749 1675 ’ὁ
779 1642 829 1674 τι
881 1620 1150 1694 λήψονται
1183 1623 1316 1676 κατά
1362 1628 1484 1675 νοῦν
1529 1623 1633 1676 αἰεὶ
1675 1623 1837 1694 στρέ-

180 1726 340 1781 φωσι,
415 1710 833 1784 προθυμότερον
904 1709 1036 1784 ἄγαν
1113 1711 1379 1785 ἑκάτεροι,
1453 1717 1569 1774 τοῖς
1653 1707 1835 1786 ἔργοις

178 1799 582 1870 προσέξουσιν’
619 1801 670 1853 οἱ
722 1802 842 1870 μὲν,
893 1799 1032 1854 ὥστε
1093 1798 1438 1872 μεταδιδόναι
1488 1801 1679 1878 σοφίας
1725 1805 1832 1854 τῶν

184 1890 305 1961 παρ’
347 1888 542 1949 αὐτοῖς
587 1888 828 1963 ἀγαθῶν,
875 1889 926 1943 οἱ
960 1886 1005 1942 δ’
1045 1887 1176 1944 ὥστ’
1224 1891 1399 1944 αὐτῶν
1453 1890 1833 1967 μετειληφέναι
1867 1926 1913 1990 Β

511 1979 576 2032 οὗ
623 1985 807 2051 μεῖζον
847 1975 999 2034 οὐδὲν
1041 1978 1092 2034 ἐν
1133 1980 1462 2053 ἀνθρώποις,
1518 1985 1720 2052 μικροῦ
1751 2002 1833 2034 τι-

182 2089 265 2130 νος
304 2066 582 2140 ἀργυρίου
630 2069 730 2135 αήν
781 2067 842 2122 ἐκ
887 2071 995 2122 τῶν
1046 2067 1226 2142 λόγων
1281 2065 1629 2140 εὐδαιμονίαν
1672 2070 1835 2143 πρία-

183 2159 299 2210 σθαι
328 2179 340 2190 ·
392 2157 538 2211 ὥστε
580 2157 666 2210 καὶ
713 2159 740 2212 ὁ
782 2157 1005 2229 μισθοὺς
1051 2159 1365 2233 ἀποστερῶν
1410 2162 1650 2228 τουτουὶ,
1701 2163 1836 2214 θαυ-

188 2245 340 2316 μάζω
396 2247 446 2300 εἰ
501 2248 578 2317 μή
632 2267 715 2308 τις
765 2247 910 2318 αὐτῷ
962 2247 1130 2322 λάχοι
1181 2249 1519 2322 παρανομίας
1573 2248 1832 2322 ἐσχάτης.

185 2335 240 2390 ΒΞ
280 2336 384 2410 γάρ
420 2337 553 2395 τοὺς
585 2334 674 2390 ἐπὶ
714 2340 822 2389 τῶν
879 2335 1068 2390 ἄλλων
1117 2342 1320 2411 τεχνῶν
1357 2358 1415 2392 τε
1453 2339 1542 2391 καὶ
1582 2339 1833 2412 πραγμά-

185 2445 288 2477 των
351 2425 514 2479 ταυτὶ
575 2423 1040 2496 πλημμελοῦντας
1098 2428 1428 2500 παρανόμων
1489 2428 1832 2502 γραφόμεθα,

192 2513 389 2584 πολλῷ
437 2511 659 2586 μᾶλλον
708 2513 796 2569 ἐπὶ
847 2519 955 2568 τῶν
1000 2514 1176 2589 λόγων
1235 2515 1408 2570 αὐτῶν
1469 2517 1619 2571 ταῦτ’
1677 2519 1834 2588 οἶμαι

193 2609 388 2676 χοῆναι
453 2604 698 2675 νομίζειν
733 2621 748 2636 ·
802 2609 1048 2660 τοιοῦτον
1109 2606 1212 2678 γὰρ
1262 2603 1461 2676 ἀγαθὸν
1503 2605 1579 2668 εἰς
1624 2606 1834 2681 ἀνθρώ.

199 2712 354 2762 πους,
443 2714 576 2768 φησι
619 2691 872 2765 Πλάτων,
916 2693 1029 2748 οὔθ’
1076 2697 1202 2763 ἧκεν
1240 2692 1355 2748 οὗθ’
1394 2695 1509 2764 ἣξει
1553 2696 1685 2750 ποτε
1723 2693 1838 2750 δω-

209 2782 363 2852 ρηθὶν
396 2781 453 2834 hc
479 2786 634 2837 Θεοῦ.

283 2872 350 2938 η”
381 2874 486 2926 Ἵνα
531 2869 589 2925 δὲ
637 2873 688 2926 οἱ
736 2875 830 2934 τὰς
879 2871 1070 2947 τέχνας
1117 2871 1383 2943 δήπουθεν
1436 2875 1710 2942 μετιόντες
1759 2877 1834 2946 μὴ

217 2961 349 3011 τοῦτ’
376 2960 498 3014 αὐτὸ
557 2962 719 3033 μόνον
766 2960 1125 3035 εὐδοκιμῶσι,
1179 2961 1307 3034 μηδ’
1341 2963 1390 3035 ἐξ
1424 2963 1678 3034 ἡμισείας
1737 2961 1839 3017 ὦσι

213 3050 270 3118 τῇ
300 3050 452 3104 πόλει
487 3053 748 3124 χρηστοί,
780 3051 814 3105 ἃ
847 3053 1019 3123 μόνης
1065 3053 1287 3126 εἰρήνης
1321 3051 1462 3107 ἐστὶν
1503 3048 1634 3127 ἔργα
1673 3051 1835 3107 πολι-

201 3137 495 3209 τετόμενοι,
547 3138 676 3194 ἀλλ’
731 3136 902 3214 ἔχωσι
953 3141 1048 3195 κάν
1097 3145 1165 3214 τῇ
1215 3144 1408 3216 γνώμῃ
1458 3142 1697 3196 νεανικὸν
1746 3141 1836 3196 καὶ

199 3228 701 3300 παρεσκευασμένον
749 3229 825 3290 εἰς
888 3229 1094 3308 μάχας,
1145 3228 1332 3299 ἐπειδή
1374 3232 1462 3285 καὶ
1501 3230 1696 3285 τούτου
1740 3229 1836 3302 μέ-

182 1978 424 2054 γνησίως
451 1997 466 2010 ⁶

1943 664 2381 720 retributionem
2401 672 2455 720 et
2472 663 2707 734 praemia
2729 663 2956 731 tribuit;
2977 663 3116 717 nihil
3143 662 3296 717 enim
3320 677 3388 716 ex
3408 663 3580 717 rebus

1939 789 2069 828 vere
2084 773 2272 838 bonis,
2289 772 2520 845 pramio
2535 772 3124 844 caret,qu:eomnibus
3137 773 3572 828 conditionibus

1943 881 2247 952 praeposita
2277 885 2434 936 sunt.
2466 880 2826 951 Caeteroquin
2859 879 3104 935 scientia
3134 895 3366 950 quoque
3421 896 3573 935 mer-

1942 992 2140 1046 cedem
2184 1007 2350 1046 suam
2405 989 2594 1055 habet,
2646 994 2806 1044 tanto
2856 990 3136 1060 majorem
3187 997 3404 1060 quanto
3458 989 3587 1060 ipsa

1943 1116 2143 1170 reapse
2175 1100 2487 1172 processit;
2517 1116 2653 1154 nam
2686 1099 2783 1169 qui
2812 1099 3140 1169 dentesque
3180 1115 3246 1154 ac
3295 1097 3397 1170 qui
3447 1100 3590 1155 reci-

1945 1207 2133 1278 piunt,
2166 1207 2549 1277 sibimetipsis
2571 1210 2832 1275 prosunt.
2866 1205 2921 1259 Si
2952 1205 3106 1260 enim
3139 1205 3236 1260 alii
3267 1205 3409 1276 quid
3440 1206 3581 1261 dent

1942 1322 2114 1389 atque
2139 1315 2233 1371 alii
2266 1316 2404 1386 quid
2439 1314 2726 1386 accipiant
2757 1313 3156 1370 indesinenter
3202 1319 3334 1370 ante
3381 1314 3584 1371 oculos

1943 1425 2176 1490 habent,
2211 1425 2442 1496 utrique
2472 1441 2617 1496 opus
2639 1438 2810 1478 suum
2829 1423 3130 1478 ardentius
3162 1428 3572 1494 exsequantur;

1945 1533 2002 1588 hi
2036 1538 2098 1589 ut
2127 1533 2470 1605 sapientiam
2503 1549 2678 1604 quam
2708 1531 2818 1603 ipsi
2866 1531 3184 1602 possident,
3235 1533 3367 1587 aliis
3425 1546 3586 1587 eom-

1946 1642 2397 1710 municent;illi
2432 1647 2493 1696 ut
2532 1657 2805 1711 generoso
2865 1642 3060 1697 animo
3115 1641 3422 1713 accipiant.
3486 1641 3583 1696 Ni-

1945 1748 2023 1804 hil
2057 1766 2198 1805 sane
2231 1749 2524 1820 acceptius
2555 1765 2725 1820 quam
2753 1765 2928 1819 parvo
2961 1748 3146 1820 pretio
3186 1747 3581 1820 eloquentiam

1947 1872 2302 1927 comparare,
2327 1865 2378 1912 et
2410 1856 2498 1911 his
2529 1871 2597 1911 ex
2629 1855 2801 1911 rebus
2843 1855 3002 1911 fraus
3054 1871 3146 1911 res
3196 1859 3286 1911 est
3337 1854 3575 1911 minime

1935 1967 2116 2036 justa.
2151 1966 2208 2022 Si
2241 1965 2392 2022 enim
2426 1983 2523 2021 eos
2557 1965 2653 2036 qui
2687 1965 2840 2021 circa
2871 1969 3026 2021 artes
3057 1969 3114 2020 et
3143 1964 3381 2037 profana
3404 1979 3577 2036 nego-

1945 2077 2024 2130 tia
2055 2082 2316 2148 peccant,
2349 2081 2481 2131 ante
2510 2075 2764 2132 tribunal
2805 2075 3088 2143 sistimus,
3131 2083 3345 2148 quanto
3396 2075 3582 2147 magis

1942 2186 1998 2240 id
2031 2186 2242 2240 faciens
2273 2185 2330 2240 in
2365 2185 2608 2240 scientia
2639 2184 2882 2241 facultas
2912 2185 3042 2240 erit.
3076 2183 3310 2241 Platone
3343 2184 3581 2256 quidem

1944 2297 2112 2363 teste,
2145 2297 2373 2348 tantum
2406 2293 2624 2348 bonum
2668 2308 2966 2364 nunquam
2997 2289 3587 2364 obtigithominibus,

1948 2418 2132 2473 neque
2161 2401 2422 2473 obtinget
2451 2399 2748 2456 divinitus.

1945 2851 1953 2857 ι
2015 2879 2070 2933 8.
2104 2879 2185 2934 Νο
2226 2883 2422 2933 autem
2465 2877 2502 2932 ii
2553 2877 2652 2948 qui
2703 2882 2857 2933 artes
2909 2877 3110 2933 colunt
3153 2879 3226 2934 ob
3275 2877 3331 2932 id
3393 2877 3584 2934 solum

1945 2986 2267 3060 glorientur
2297 3002 2362 3042 ac
2396 2987 2612 3042 civitati
2643 2986 2842 3041 minus
2865 3002 3036 3058 quam
3077 2986 3292 3042 debent
3339 2989 3588 3057 prosint,

1946 3095 2176 3150 nonnisi
2211 3094 2372 3166 pacis
2402 3093 2634 3166 negotia
2683 3102 3034 3164 exercentes,
3067 3095 3184 3150 imo
3215 3095 3286 3150 ad
3327 3111 3449 3150 rem
3481 3093 3590 3150 ml-

1947 3201 2174 3256 litarem
2207 3216 2433 3272 quoque
2472 3201 2872 3273 accingantur,
2905 3199 3188 3272 siquidem
3233 3199 3455 3256 bellum
3504 3199 3586 3254 ita

197 3335 315 3389 ρους
359 3319 499 3389 ἡμῖν
532 3318 640 3396 οὐχ
665 3317 862 3387 ἥκιστα
911 3317 1013 3383 δεῖ.
1046 3317 1133 3374 διὰ
1171 3322 1233 3375 τὸ
1270 3324 1359 3375 τὸν
1411 3319 1526 3394 βίον
1569 3320 1642 3382 εἷς
1693 3321 1831 3394 εἰρη-

1946 3307 2090 3376 vult,
2123 3307 2263 3378 quia
2292 3308 2409 3362 vita
2439 3308 2497 3364 in
2531 3307 2748 3364 bellum
2781 3325 2847 3364 ao
2879 3324 3079 3380 pacem
3103 3307 3285 3364 divisa
3325 3314 3427 3368 est.
3452 3305 3582 3362 Pla-

194 3426 288 3474 νην
355 3407 451 3460 καὶ
526 3406 771 3479 πόλεμον
842 3405 1152 3482 διῃρῆσθαι,
1217 3412 1364 3465 ταῦτ’
1423 3407 1524 3482 ἄρα
1589 3411 1676 3464 καὶ
1742 3411 1835 3471 τὰς

187 3501 450 3567 γυναῖκας
507 3496 650 3568 ἀξιοῖ
703 3497 928 3552 Πλάτων
981 3498 1161 3572 ὥσπερ
1209 3499 1302 3560 τὰς
1351 3498 1501 3574 ὅρνις
1553 3499 1684 3572 ὑπὲρ
1732 3504 1839 3554 τῶν

187 3590 449 3651 νεοσσῶν,
483 3585 658 3648 οὕτως
699 3586 789 3641 καὶ
827 3587 1024 3649 ταύτας
1067 3587 1198 3661 ὖπὶρ
1228 3593 1336 3642 τῶν
1379 3589 1595 3643 οἰκείων
1633 3586 1832 3644 τέκνων

190 3674 534 3747 ἀμυνομένας
595 3673 962 3732 διανίστασθαι
1010 3678 1096 3733 καὶ
1149 3681 1326 3757 φέρειν
1387 3677 1534 3734 ὅπλα
1578 3681 1665 3734 καὶ
1725 3700 1836 3734 πα-

188 3767 564 3837 ρατάττεσθαι,
625 3768 652 3820 ὃ
708 3767 840 3822 κάπὶ
897 3772 1006 3823 τῶν
1061 3771 1280 3824 Σκυθῶν
1337 3775 1425 3822 νῦν
1485 3766 1625 3824 ἔστιν
1680 3771 1830 3842 ὁρᾷν.

185 3857 390 3910 Tui-.00
463 3858 624 3930 χάριν
679 3857 886 3912 κελεύω
941 3860 1148 3912 τούτων
1207 3857 1434 3914 ’ἑκαστον
1515 3857 1833 3914 παντοδαπά

187 3943 368 4015 δήπου
415 3947 756 4017 κτησάμενον
808 3946 974 4015 ὅπλα,
1034 3952 1149 4008 τοῖς
1205 3949 1298 4021 μὲν
1351 3948 1400 4017 ἐξ
1444 3942 1598 4009 ἔθους
1650 3947 1830 4024 ἔργοιε

182 4032 357 4085 πάντα
411 4027 590 4101 δήπου
645 4033 738 4086 τὸν
795 4034 989 4106 χρόνον
1047 4031 1324 4105 ἐπιμελῶς
1386 4036 1516 4107 ἂγαν
1572 4039 1830 4108 προσκεῖ-

186 4123 330 4187 σθαι,
390 4121 480 4173 καὶ
548 4117 716 4191 μηδὲν
767 4121 961 4175 ἀνιέναι
1011 4120 1252 4190 σπουδῆς
1285 4141 1298 4154 ⁸
1350 4121 1478 4176 ἐπάν
1529 4121 1585 4176 δὲ
1623 4124 1828 4178 τούτων

185 4209 403 4283 σχολὴν
439 4207 633 4282 ἄγωσι,
671 4206 785 4264 τότ’
824 4209 932 4280 ἤδη
984 4216 1100 4272 τοῖς
1159 4210 1353 4272 ὅπλοις
1401 4213 1701 4286 κεχρῆσθαι
1741 4211 1828 4265 καὶ

187 4297 415 4368 μελετᾷν
464 4297 560 4351 κάν
607 4303 725 4358 ταῖς
780 4299 982 4373 μάχαις
1011 4315 1024 4329 ·
1077 4299 1155 4374 ἐφ’
1189 4301 1234 4371 ᾧ
1273 4299 1556 4370 πολεμίων
1603 4302 1724 4354 ποτ’
1772 4302 1831 4354 ἂν

180 4386 466 4453 ἐπιόντων,
528 4387 615 4442 καὶ
665 4389 991 4465 πολιορκίας
1041 4390 1317 4459 ἐνστάσης,
1366 4390 1536 4452 οὕτως
1588 4389 1832 4466 έρῥωμέ-

182 4499 284 4538 νως
355 4477 447 4531 καὶ
519 4478 655 4548 μετὰ
725 4479 993 4549 τοσαύτης
1068 4480 1412 4534 ἀνθίστασθαι
1477 4487 1576 4548 τῆς
1651 4500 1827 4554 παραυ

185 4573 403 4634 σκευῆς,
457 4566 532 4626 ὡς
584 4565 802 4620 εἰσάπαν
843 4568 1108 4643 ἀντέχειν,
1155 4569 1244 4622 καὶ
1299 4565 1426 4641 μηδ’
1457 4566 1518 4622 ἄν
1552 4567 1598 4623 ε’ί
1640 4591 1692 4624 τι
1739 4571 1826 4623 κατ.

184 4655 404 4709 πάθοιεν
459 4656 560 4722 τὴν
621 4655 769 4725 τάξιν
830 4655 1007 4712 λιπεῖν
1064 4655 1339 4726 ἐθελῆσαι,
1404 4655 1533 4730 μηδ’
1611 4659 1826 4735 ὑφέσθαι
1864 4676 1905 4738 D

183 4748 278 4798 τοῦ
306 4743 470 4797 τόνου
523 4743 611 4797 καὶ
663 4751 764 4812 τῆς
812 4744 1159 4818 προθέσεως·
1211 4745 1357 4800 ἀλλά
1403 4748 1539 4818 πρὸς
1585 4748 1666 4809 οἷς
1712 4745 1828 4820 ἔχει

188 4830 577 4907 στρατοπέδοις
621 4835 655 4902 ἡ
707 4834 888 4902 πόλις,
939 4835 1027 4890 γαί
1083 4835 1311 4897 τούτους
1363 4834 1691 4908 εὐδοκιμεῖν,
1738 4837 1828 4890 καὶ

186 4923 328 4997 χεῖρ’
390 4922 564 4989 αὐτῆς
614 4923 891 4991 σώζουσαν
951 4925 1303 4999 ὑπερίσχειν·
1356 4927 1533 4979 καίτοι
1583 4925 1674 4979 καὶ
1722 4929 1830 4978 τῶν

186 5015 532 5084 στρατιωτῶν
579 5011 707 5073 τοὺς
763 5015 838 5083 μή
890 5015 978 5068 καὶ
1027 5014 1312 5088 περιουσίᾳ
1362 5015 1668 5087 λαμπροὺς,
1699 5013 1830 5068 ἀλλ’

185 5099 368 5162 ἄλλως
401 5107 504 5170 τῆς
545 5102 720 5177 τύχης
770 5098 1021 5176 ἔχοντας,
1070 5107 1358 5177 ἀξιώσαιμ’
1411 5105 1471 5159 ἂν
1521 5099 1692 5180 ἔγωγε
1739 5104 1828 5158 καὶ

183 5195 387 5264 τεχνῶν
427 5190 800 5262 ἐπιστήμονας
829 5193 988 5255 εἶναι.
1021 5194 1108 5248 καὶ
1167 5191 1308 5267 μηδὲ
1355 5194 1557 5249 τούτων
1601 5194 1826 5270 ἀφεστάο

181 5300 262 5333 ναι
304 5285 412 5334 τῶν
472 5279 685 5347 ὅπλων,
731 5280 805 5335 ’ἶν’
854 5282 940 5338 ἐὰν
972 5284 1020 5336 τ’
1061 5283 1149 5338 ἐπὶ
1200 5283 1477 5356 στρατείας
1527 5281 1825 5338 ἐπιλίπωοι

184 5369 505 5440 τάπιτήδεια
570 5373 744 5447 σφίσι,
817 5374 893 5446 μή
961 5374 1257 5449 περιιόντες
1343 5375 1493 5434 εὐθὺς
1559 5371 1670 5427 ἄνω
1736 5375 1825 5427 καὶ

185 5461 327 5515 κάτω
385 5460 596 5514 τούτων
664 5461 838 5518 ε’ίνεκα
896 5462 1221 5518 διατιθεῖντο
1278 5464 1344 5518 τὰ
1401 5461 1566 5532 ὅπλα,
1625 5461 1714 5518 ἐάν
1768 5483 1825 5517 τε

183 5555 292 5609 τοῖς
334 5548 630 5621 πολεμίοις
673 5551 872 5620 ἀλῶαι,
929 5551 1079 5622 ξυνὸς
1130 5555 1234 5627 γὰρ
1285 5553 1589 5619 Ἐνυάλιος,
1644 5549 1823 5626 ἔχοιεν

185 5637 293 5692 ὅθεν
329 5637 386 5693 εὗ
437 5638 588 5711 μάλα
628 5637 954 5712 διαιτᾶσθαι,
1004 5643 1092 5696 καὶ
1143 5641 1342 5717 διάγειν
1395 5637 1574 5716 ἔχοιεν
1624 5639 1705 5709 ἂν,
1735 5641 1821 5694 καὶ

189 5727 260 5798 μή
293 5728 430 5800 πρὸς
463 5733 583 5790 ταῖς
632 5726 872 5800 τριόδοις
915 5731 1151 5786 ἐπαιτεῖν
1203 5730 1507 5802 ἑστηκότες.
1565 5733 1719 5802 Ὁρᾷς
1751 5729 1824 5792 ὡς

1942 3421 1996 3470 to
2030 3417 2150 3472 vult
2190 3421 2255 3473 ut
2286 3417 2518 3473 femina
2556 3433 2780 3489 quoque
2829 3416 2984 3473 sicut
3038 3433 3172 3473 aves
3215 3415 3406 3489 pullos
3453 3432 3588 3473 suos

1945 3532 2326 3590 defendentes
2356 3549 2458 3604 pro
2490 3533 2691 3590 liberis
2721 3551 2884 3590 arma
2915 3534 3120 3603 ferant,
3162 3534 3315 3604 quod
3357 3549 3417 3590 re
3461 3548 3592 3590 vera

1940 3641 2133 3696 videre
2153 3646 2242 3697 et
2274 3642 2426 3712 apud
2452 3641 2720 3715 Scythas.
2755 3644 2870 3699 Has
2899 3642 3075 3714 igitur
3109 3642 3185 3698 ob
3234 3657 3441 3698 causas
3485 3643 3586 3712 ju-

1939 3748 2044 3804 beo
2077 3753 2139 3803 ut
2171 3749 2576 3820 unusquisque
2606 3749 2776 3822 plura
2806 3766 3101 3805 armorum
3125 3764 3338 3821 genere
3359 3752 3585 3805 coemat

1936 3865 1990 3920 in
2021 3866 2207 3937 iisque
2239 3883 2301 3922 se
2343 3867 2662 3923 exercendo
2719 3871 2950 3938 tempus
2999 3866 3305 3939 transigat.
3356 3866 3584 3923 indesi—

1937 3982 2139 4029 nenter
2185 3989 2473 4045 pugnans,
2527 3977 2592 4029 ut
2665 3974 2896 4045 quando
2955 3974 3148 4029 hostes
3192 3973 3568 4044 irruptionem

1935 4083 2176 4140 fecerint
2204 4089 2262 4140 et
2289 4085 2516 4140 obsidio
2541 4084 2949 4153 immineat,ad
2983 4084 3373 4140 resistendum
3405 4100 3572 4156 para-

1935 4190 1998 4259 ti,
2024 4191 2162 4257 sint,
2197 4207 2300 4248 nee
2331 4196 2518 4248 castra
2547 4192 2818 4248 deserant
2847 4196 2947 4248 aut
2975 4207 3109 4248 cum
3143 4191 3394 4247 inimicis
3417 4191 3570 4263 psci-

1933 4314 2199 4378 Ieantur;
2252 4310 2401 4367 cives
2430 4311 2584 4366 enim
2621 4311 2762 4366 bene
2802 4309 3107 4382 prteparati
3148 4309 3293 4365 nihil
3345 4309 3574 4365 civitate

1935 4416 2242 4489 indignum
2277 4418 2662 4474 committant.
2697 4416 2982 4488 Equidem
3013 4433 3112 4473 eos
3143 4433 3376 4489 quoque
3420 4416 3574 4471 mili-

1935 4529 2022 4580 tes
2060 4525 2270 4594 quibus
2316 4526 2542 4581 fortuna
2576 4541 2691 4580 non
2739 4524 2972 4592 arridet,
3015 4523 3396 4580 nihilominus
3444 4521 3572 4578 volo

1937 4632 2147 4686 artium
2181 4632 2397 4703 peritos
2420 4647 2567 4698 esse,
2601 4648 2787 4703 neque
2817 4648 3112 4688 armorum
3155 4649 3262 4687 usu
3286 4630 3574 4687 abstinere

1944 4762 2014 4801 ne
2043 4747 2103 4802 in
2130 4763 2321 4802 rerum
2363 4751 2515 4803 statu
2548 4748 2820 4820 ambiguo
2858 4748 3212 4818 trepidantes
3259 4761 3422 4801 arma
3468 4746 3577 4800 do—

1943 4858 2182 4922 ponant,
2207 4870 2347 4909 neve
2370 4855 2603 4926 quando
2623 4856 2694 4910 ab
2727 4855 2992 4911 hostibus
3013 4853 3167 4925 capti
3200 4850 3576 4922 fuerint(helli

1941 4976 2190 5030 namque
2227 4977 2356 5017 sors
2385 4963 2738 5033 communis)
2771 4963 2944 5018 rebus
2976 4963 3047 5017 ad
3095 4961 3272 5016 vitam
3311 4974 3577 5016 necessa-

1941 5077 2044 5132 riis
2069 5078 2334 5135 destituti
2355 5080 2411 5135 in
2444 5079 2630 5134 triviis
2664 5081 2916 5152 denique
2937 5079 3144 5150 stipem
3173 5076 3574 5149 erogent.Jam

1939 5184 2099 5240 vides
2131 5185 2278 5255 quod
2313 5186 2457 5256 ipsis
2490 5185 2773 5241 militibus
2804 5188 3019 5240 artium
3057 5185 3266 5257 peritia
3313 5199 3404 5240 res
3455 5182 3574 5238 ﬁeri

1941 5296 2130 5364 potest
2159 5291 2679 5364 opportunissima,
2714 5293 2824 5349 imo
2866 5294 3019 5365 quod
3071 5309 3160 5348 res
3206 5291 3476 5347 militaris
3521 5295 3581 5346 et

1943 5416 2237 5457 armorum
2271 5417 2436 5469 usus,
2477 5405 2534 5456 et
2584 5401 2780 5458 hostes
2809 5403 3067 5473 aggredi,
3092 5417 3334 5458 manum
3369 5417 3579 5472 Oppor-

1940 5523 2082 5574 tuno
2115 5521 2364 5590 tempore
2409 5535 2730 5586 conserere,
2782 5535 2884 5589 per
2932 5536 2994 5575 se
3051 5537 3147 5576 ars
3193 5523 3282 5576 est
3321 5519 3578 5576 admira-

1939 5628 2095 5682 tione
2141 5626 2337 5698 digna.
2398 5628 2637 5696 Semper
2688 5627 2842 5682 enim
2911 5632 2968 5683 et
3035 5627 3246 5699 ubique
3290 5628 3578 5699 ejusmodi

1938 5735 2045 5790 viri
2096 5735 2435 5806 adjumento
2485 5739 2673 5806 erunt,
2726 5739 2790 5792 ut
2824 5751 2996 5794 nemo
3036 5753 3191 5794 sanie
3238 5734 3447 5793 mentis
3494 5733 3582 5790 ci-
