4062 6308
139 434 247 500 513

1143 431 1436 497 ORATIO
1483 430 1581 496 DE
1616 431 2132 522 VSUBDITORUM
2177 429 2531 495 OFFICllS.

3422 429 3540 491 5M

139 587 235 630 σιν,
285 566 440 638 ὑμᾶς
520 564 695 626 οὕτως
768 563 1014 641 ἔχοντας,
1071 563 1395 634 κακοηθείας
1467 565 1831 641 ἁλίσκεσθαι]

1948 579 2190 636 icusare,
2224 565 2371 622 alios
2401 579 2693 633 accusare,
2728 565 2784 620 in
2832 563 3086 620 humana
3118 563 3327 618 natura
3357 560 3535 618 situm

137 657 223 707 καὶ
288 657 609 726 μισεῖσθαι·
644 652 769 708 οὑδὲ
824 655 927 728 γὰρ
977 653 1155 709 ἐκεῖνο
1205 655 1402 730 φήσετε
1450 651 1678 724 δήποτε,
1714 654 1790 714 ὡς

139 739 224 794 ἒᾶν
277 742 380 813 μὲν
429 743 554 802 τοὺς
609 739 815 802 ἄλλους
857 743 1010 814 ὑμεῖς
1051 739 1298 812 ἀδικῆτε,
1330 746 1557 816 πρᾶγμα
1611 740 1792 811 οὐδὲν,

140 829 227 883 ἐὰν
279 827 330 882 δ’
370 831 512 902 ὑμᾶς
562 829 694 886 αὑτὸ
739 832 882 885 τοῦθ’
908 827 1081 904 ἕτεροι
1134 827 1353 904 δρῶσιν,
1384 830 1662 904 ἀφόρητον
1715 829 1796 885 δεῖ

140 922 310 972 τοῦτο
371 918 616 990 νομίζειν
667 920 755 974 καὶ
802 916 952 974 οῦδὲν
1003 920 1179 992 ὑγιές·
1235 917 1348 973 οὐδ’
1394 919 1455 973 ἂν
1503 923 1580 982 εἷς
1634 923 1798 974 ταῦτα

142 1010 392 1082 φήσειεν,
427 1007 572 1063 ἀλλὰ
619 1015 720 1084 γῆς
769 1008 936 1078 αὐτῆς
989 1005 1154 1084 ἄμφω
1201 1010 1388 1082 ψήφου
1433 1008 1522 1063 καὶ
1561 1012 1657 1064 τοῦ
1705 1030 1800 1063 κα-

143 1097 414 1166 νίζεσθαι.

218 1188 266 1241 ι’.
303 1186 494 1260 Χωρὶς
543 1183 598 1240 δὲ
637 1186 866 1253 τούτων,
899 1186 947 1241 εἷ’
994 1188 1086 1260 μὲν
1139 1188 1212 1242 ὧν
1257 1188 1390 1261 ὑπὲρ
1425 1189 1577 1262 ὑμῶν
1610 1192 1803 1244 πονοῦ-

147 1295 221 1328 σιν
256 1277 546 1344 ἑκάστοτε,
575 1276 783 1330 τούτων
817 1277 1047 1348 μισθοὺς
1102 1276 1203 1330 οὐκ
1253 1271 1469 1352 ἔχοντες
1516 1276 1696 1347 δήπου
1721 1297 1734 1311 ο
1768 1279 1804 1347 ἢ

147 1361 371 1438 ἔχοντες
429 1365 548 1438 μὲν,
599 1365 701 1418 οὐκ
747 1364 1050 1443 ἀξιόχρεως
1102 1363 1190 1419 δέ·
1245 1367 1279 1435 ἢ
1337 1366 1639 1441 ἂξιόχρεως
1692 1367 1805 1439 μὲν,

149 1455 247 1507 ούκ
278 1454 364 1508 ἀεὶ
397 1451 459 1508 δέ
480 1474 493 1486 ·
529 1451 655 1508 ἁλλ’
685 1453 738 1507 ἐν
771 1456 962 1527 μόνοις
990 1459 1106 1516 τοῖς
1154 1459 1251 1510 τοῦ
1299 1453 1550 1528 πολέμου
1594 1460 1807 1531 καιροῖς

147 1565 204 1597 τε
262 1544 358 1597 καὶ
422 1543 759 1618 πράγμασιν,
815 1541 998 1598 ἔπειτα
1053 1548 1219 1598 ταῦτα
1275 1545 1526 1617 πράττειν
1587 1547 1809 1617 αἱροῦν-

150 1652 260 1699 ται,
317 1632 392 1700 ἦν
452 1629 513 1685 ἄν
559 1652 611 1686 τι
665 1635 827 1686 τοῦτο
874 1635 963 1686 καὶ
1013 1631 1112 1686 οὑκ
1154 1631 1212 1693 ἂν
1256 1631 1396 1694 ’ίσως
1427 1634 1578 1707 εἶχον
1611 1633 1808 1690 αἰτίαν.

156 1721 215 1776 Εἰ
265 1719 314 1774 δ’
344 1719 584 1794 ’ίσχουσι
632 1721 726 1792 μὲν
775 1722 920 1794 παρὰ
973 1720 1242 1794 βασιλέως
1293 1721 1381 1776 ἐάν
1426 1743 1485 1776 τε
1523 1722 1812 1796 πολεμῶσι

157 1809 242 1861 ἐάν
274 1830 335 1863 τε
374 1811 480 1882 μή,
513 1808 712 1880 πολλῷ
746 1809 963 1881 μείζους
1011 1814 1120 1864 τῶν
1160 1810 1364 1878 πόνων,
1397 1813 1449 1864 οἱ
1497 1814 1592 1882 μὲν
1640 1832 1816 1866 συνοι-

160 1897 275 1960 κίος
323 1897 423 1952 καὶ
473 1897 676 1972 ἀγροὺς
722 1899 814 1952 καὶ
871 1895 1205 1972 ἀνδράποδα.
1240 1901 1291 1953 οἱ
1323 1897 1365 1953 δ’
1399 1899 1668 1961 ἐπετείους
1702 1900 1814 1955 ἐπι-

163 1984 337 2047 δόσεις
401 1987 737 2061 χρημάτων,
785 1985 1032 2060 πόλεμος
1091 1984 1148 2040 δὲ
1210 1989 1297 2042 καὶ
1372 1990 1562 2063 εἰρήνη
1620 1991 1815 2044 ταυτὸν

166 2076 350 2136 αὐτοῖς
407 2075 548 2149 πρὸς
594 2075 657 2130 τὸ
711 2077 860 2128 ταῦτ’
906 2071 1054 2153 ἔχειν
1103 2071 1398 2149 λαμϐάνειν
1449 2074 1723 2146 δύνανται,
1763 2079 1816 2132 τί

168 2169 436 2236 ποταμῶν
472 2163 605 2232 ἄνω,
637 2163 856 2233 καὶτῆς
888 2166 1025 2238 πρὸς
1064 2165 1204 2236 ὑμᾶς
1241 2165 1416 2220 αὐτῶν
1469 2165 1816 2240 ὑποσχέσεως

169 2255 309 2308 οὕτω
363 2255 768 2329 θρασύνονται;
801 2252 854 2308 οἳ
889 2275 950 2330 γε
998 2254 1087 2308 καὶ
1125 2255 1273 2316 ὅπως
1305 2255 1356 2308 ἐν
1388 2256 1657 2328 πολὲμοις
1688 2277 1819 2330 κρα-

169 2351 311 2399 τοῖεν
353 2346 450 2400 καὶ
495 2344 894 2418 περιγίγνοιντο
943 2349 1050 2400 τῶν
1098 2343 1332 2419 ἐχθρῶν,
1363 2347 1448 2400 καὶ
1501 2347 1659 2401 αὐτοὶ
1707 2347 1824 2424 σφί-

176 2455 253 2487 σιν
302 2434 521 2501 αὐτοῖς,
555 2435 640 2487 καὶ
693 2435 847 2506 ὑμεῖς
893 2435 1042 2488 ταῦτ’
1089 2431 1240 2488 οὐδὲν
1277 2437 1438 2503 ἦττον
1471 2435 1822 2510 συνευχόμεθ’

175 2523 378 2588 αὐτοῖς,
413 2523 508 2577 ἅτε
552 2526 740 2576 κοινοῦ
777 2526 874 2576 τοῦ
925 2523 1136 2598 ἀγῶνος
1184 2519 1340 2586 ὄντος
1363 2541 1376 2556 ⁸
1411 2528 1490 2595 τῷ
1541 2523 1587 2577 δ’
1617 2523 1818 2580 ἀδικεῖν

178 2611 376 2665 ἐθέλειν
415 2613 503 2665 καὶ
564 2611 654 2685 βίᾳ
701 2613 1026 2686 κεχρῆσθαι,
1059 2613 1145 2666 καὶ
1189 2618 1305 2674 τοῖς
1352 2611 1511 2676 ἰδίοις
1552 2615 1624 2675 ὡς
1659 2614 1824 2670 ἁλλο-

179 2700 346 2772 τρίοις
404 2703 650 2774 καθάπερ
706 2699 758 2754 ἐν
827 2699 1123 2774 πολιορκίᾳ
1188 2701 1403 2765 πόλεως
1472 2702 1819 2773 ἐπιτίθεσθαι,

185 2790 274 2842 καὶ
301 2795 475 2851 κακῶς
504 2794 708 2860 ποιεῖν,
742 2790 1088 2844 λανθάνουσιν
1140 2790 1201 2844 οὐ
1255 2792 1435 2864 μόνον,
1470 2793 1561 2854 οὓς
1609 2791 1822 2848 ἀδικοῦ-

196 2898 271 2942 σι,
299 2878 386 2930 καὶ
431 2878 646 2955 προσέτι
694 2878 820 2941 τοὺς
872 2877 1074 2942 ἄλλους
1130 2881 1362 2941 ἅπαντας
1396 2880 1464 2935 δι’
1494 2881 1691 2944 αὐτοὺς
1724 2903 1823 2937 πα-

209 2968 602 3036 ρασκευάζοντες
677 2964 854 3037 δήπου
926 2968 994 3022 τὰ
1061 2969 1235 3023 πάντα
1306 2967 1566 3024 δεινότατ’
1639 2971 1820 3032 αὑτοῖς

204 3051 477 3127 ἐπαρᾶσθαί
525 3078 586 3110 τε
643 3057 732 3110 καὶ
771 3057 1162 3131 κατεύχεσθαι’
1197 3058 1344 3113 ἀλλὰ
1402 3061 1486 3113 κπιὶ
1539 3061 1568 3114 δ
1623 3062 1824 3115 τούτου

199 3145 390 3216 μεῖζον,
430 3147 645 3206 ἑαυτοῖς
694 3145 1126 3220 ἐκπολεμοῦντες
1174 3149 1236 3202 τὸ
1295 3150 1462 3204 θεῖον.
1505 3149 1567 3204 Ei
1619 3147 1676 3204 δὲ
1733 3150 1824 3211 οῦς

197 3234 318 3308 ὑπὲρ
370 3233 552 3289 αὑτῶν
607 3235 774 3309 ἐχρῆν
832 3231 999 3312 ἔχειν,
1055 3236 1282 3300 τούτους
1337 3243 1452 3291 κατ’
1511 3239 1686 3293 αὐτῶν
1737 3242 1824 3301 οἷς

1901 679 2008 730 est.

1986 1182 2073 1236 10.
2103 1181 2260 1238 Scitu
2311 1196 2481 1254 porro
2530 1179 2773 1252 dignum
2815 1183 2902 1236 est
2932 1180 3086 1251 quod
3117 1180 3157 1235 ii
3187 1179 3287 1252 qui
3317 1195 3417 1236 vos
3450 1195 3556 1251 ag-

1915 1289 2260 1362 grediuntur
2306 1305 2420 1346 non
2471 1289 2794 1346 mercedem
2842 1288 3160 1360 aliquando
3190 1289 3421 1356 lerunt;
3457 1297 3559 1344 aut

1917 1398 1964 1454 ei
2017 1399 2232 1466 ferunt,
2263 1414 2377 1454 non
2424 1412 2774 1469 congruam;
2808 1401 2908 1452 aut
2955 1397 3004 1452 si
3051 1412 3393 1469 congruam,
3441 1413 3556 1452 non

1919 1519 2162 1574 semper.
2185 1503 2611 1560 Tantummodo
2640 1503 2789 1558 inter
2818 1502 2969 1558 bella
2996 1519 3098 1575 pro
3129 1503 3295 1558 libitu
3328 1507 3385 1558 et
3415 1520 3559 1574 qua-

1921 1625 2148 1682 cunque
2166 1627 2233 1666 ex
2259 1627 2435 1666 causa
2466 1611 2652 1666 facere
2682 1609 2921 1666 audent.
2945 1610 3004 1665 Si
3027 1610 3182 1665 enim
3206 1611 3264 1664 in
3292 1609 3440 1664 bello
3465 1617 3564 1664 aut

1921 1716 1982 1772 in
2033 1733 2172 1788 pace
2202 1717 2354 1772 ultra
2383 1717 2538 1787 quod
2567 1721 2864 1772 merentur
2889 1716 2986 1772 alii
3018 1733 3052 1772 a
3091 1731 3219 1786 rege
3247 1716 3568 1784 domicilia,

1925 1839 2118 1896 agros,
2149 1839 2344 1880 servos
2376 1823 2673 1890 obtinent;
2703 1823 2800 1879 alii
2831 1823 3090 1894 pecunia
3131 1838 3423 1878 summam
3455 1839 3566 1877 an-

1853 1958 1894 2024 B
1927 1950 2104 1990 nuam
2156 1933 2464 2006 recipiunt,
2514 1931 2733 1989 bellum
2781 1936 2883 1987 aut
2933 1948 3039 2002 pax
3082 1931 3156 1986 iis
3203 1932 3423 2003 eripere
3473 1931 3567 1986 illa

1930 2047 2191 2114 possunt.
2207 2042 2341 2106 Qua
2355 2057 2530 2098 causa
2542 2040 2612 2097 de
2639 2041 2814 2096 rebus
2827 2040 3065 2096 caducis
3078 2039 3446 2110 superbiendi
3463 2039 3490 2093 ?
3504 2039 3568 2093 Hi

1928 2149 2188 2220 quidem,
2210 2153 2267 2204 et
2287 2165 2394 2206 nos
2423 2163 2554 2204 cum
2585 2148 2676 2215 iis,
2699 2151 2832 2203 vota
2861 2146 3083 2203 faciunt
3113 2151 3194 2214 ut,
3217 2162 3381 2218 aquo
3413 2145 3570 2201 Mar-

1929 2261 2006 2322 te,
2040 2257 2232 2313 hostes
2280 2260 2574 2329 superent.
2608 2255 2712 2311 Ubi
2744 2260 2935 2312 autem
2966 2255 3020 2310 vi
3049 2255 3314 2311 adhibita
3343 2255 3572 2311 hostili-

1929 2370 2020 2422 ter
2069 2365 2318 2436 agendo,
2353 2369 2417 2420 ut
2467 2365 2525 2419 in
2575 2363 2719 2419 urbe
2764 2363 3018 2430 obsessa,
3055 2363 3329 2433 injuriam
3361 2361 3572 2416 inferre

1930 2472 2188 2543 cogitant
2237 2470 2348 2526 ibi
2396 2471 2543 2542 ipsis
2591 2469 2842 2541 graviter
2879 2470 3131 2537 obsunt;
3173 2484 3303 2525 nam
3335 2466 3480 2522 alios
3509 2482 3576 2522 eo

1931 2583 2155 2636 ducunt
2183 2584 2250 2634 ut
2281 2577 2536 2649 pessima
2565 2578 2639 2632 iis
2670 2582 2994 2648 precentur,
3046 2581 3107 2632 ut
3153 2582 3374 2632 taceam
3421 2576 3577 2648 quod

1931 2688 2154 2742 Numen
2177 2684 2439 2741 divinum
2470 2684 2576 2742 abs
2605 2700 2668 2739 se
2694 2683 2970 2740 alienant.
3002 2683 3063 2739 Si
3093 2691 3284 2739 autem
3317 2683 3430 2738 sibi
3462 2685 3576 2738 ini-

1932 2785 2116 2840 micos
2164 2784 2413 2839 reddunt
2462 2799 2561 2840 eos
2604 2799 2753 2854 quos
2784 2783 3004 2839 amicos
3035 2781 3248 2838 habere
3277 2782 3575 2854 deberent,

1933 2891 2246 2964 quomodo,
2279 2891 2392 2951 dic.
2427 2891 2571 2947 bene
2600 2905 2834 2962 sperare
2864 2895 3137 2962 poterunt
3164 2891 3222 2945 in
3255 2890 3484 2961 pugnis,
3519 2895 3576 2946 et

1934 3013 2048 3072 quo
2098 3001 2262 3068 pacto
2309 2997 2462 3052 inter
2509 3013 2613 3052 nos
2660 3002 2719 3052 et
2760 2997 2918 3067 ipsos
2967 3013 3058 3052 res
3099 2995 3266 3051 salva:
3299 3001 3451 3051 stare
3483 3013 3577 3066 po-

1934 3104 2184 3160 terunt?
2227 3103 2391 3169 Quod
2438 3104 2488 3159 ei
2536 3103 2812 3160 facientes
2860 3105 3009 3175 quod
3066 3103 3303 3170 faciunt,
3353 3103 3573 3159 amicos

1939 3210 2233 3282 afﬂigunt,
2255 3209 2626 3266 inimicorum
2649 3214 2782 3265 vota
2802 3210 3035 3281 explent
3063 3215 3120 3264 et
3150 3225 3212 3265 ee
3240 3208 3298 3264 in
3326 3215 3578 3265 extrema

196 3325 517 3396 πράττουσιν
576 3322 790 3398 ἔχουσι,
847 3330 970 3386 πῶς
1042 3324 1185 3387 εἰκὸς
1262 3331 1504 3398 χρηστάς
1574 3334 1624 3402 γ’
1681 3325 1826 3403 ἕχείν

1948 3325 2200 3397 pericula
2225 3325 2612 3382 committunt.
2643 3325 2718 3381 Ut
2748 3326 2906 3382 enim
2937 3326 3176 3382 Achillis
3203 3326 3507 3382 audaciam
3527 3333 3580 3382 et

196 3409 417 3473 ἐλπίδας
478 3411 532 3466 ἐν
593 3412 819 3486 μάχαις,
849 3413 940 3466 καὶ
994 3414 1190 3476 αὐτοὺς
1250 3415 1380 3487 ὑπὲρ
1433 3421 1580 3494 σφῶν
1630 3418 1830 3489 αὑτῶν,

197 3502 279 3554 καὶ
331 3503 484 3571 ἡμᾶς
547 3499 652 3578 οὐχ
701 3501 833 3572 ὑπὲρ
889 3502 1065 3554 αὐτῶν
1115 3501 1328 3573 μᾶλλον
1362 3503 1396 3572 ἢ
1427 3506 1590 3577 ἡμῶν
1639 3505 1839 3574 αὐτῶν,

197 3588 339 3644 ἀλλὰ
369 3590 538 3644 τοῦτο
569 3592 656 3644 καὶ
705 3589 947 3662 μᾶλλον,
979 3592 1102 3645 ὅσον
1130 3593 1220 3645 καὶ
1249 3593 1477 3654 τούτους
1513 3595 1644 3663 ὑπὲρ
1675 3598 1836 3668 ἡμῶν

196 3674 667 3753 προϐαλλόμεθα;
698 3679 850 3732 ”Ωσθ’
881 3680 1004 3734 δτυν
1034 3681 1121 3743 οἷς
1156 3685 1398 3749 ποιοῦσι,
1431 3684 1555 3744 τοὺς
1606 3683 1842 3745 οἰκείους

202 3773 475 3834 λυπῶσιν,
505 3766 672 3840 εὐχὰς
703 3772 822 3829 τοῖς
852 3767 1146 3841 πολεμίοις
1175 3770 1473 3844 ¹πληροῦσι,
1506 3773 1594 3826 καὶ
1647 3771 1844 3846 προδι-

200 3853 384 3912 δόασιν
433 3857 644 3919 ἑκόντες
692 3863 826 3936 σφᾶς
874 3857 1070 3920 αὐτοὺς
1114 3863 1307 3914 τοῦτον
1352 3861 1445 3914 τὸν
1475 3862 1698 3930 τρόπον.
1737 3860 1840 3916 Κᾶν

198 3947 298 4020 γὰρ
359 3947 464 4014 τὴν
497 3942 810 4022 Ἀχιλλέως
868 3945 1040 4023 ἔχωσι
1097 3947 1310 4020 τόλμαν
1359 3950 1449 4002 καὶ
1500 3949 1716 4023 ῥώμην,
1747 3949 1846 4005 κᾶν

201 4034 401 4095 ὅπλοις
445 4039 562 4094 τοῖς
611 4033 816 4088 ἐκείνου
859 4038 1103 4109 χρῶνται
1152 4037 1240 4090 καί
1280 4035 1502 4106 ἵπποις,
1534 4037 1629 4093 κᾶν
1675 4044 1844 4094 πᾶσαν

199 4123 517 4196 πολεμικὴν
565 4122 844 4196 ἐμπειρίαν
891 4124 979 4178 καὶ
1020 4123 1218 4199 τέχνην
1267 4125 1319 4180 ἐν
1375 4131 1443 4201 τῇ
1493 4131 1647 4202 ψυχῇ
1704 4149 1851 4203 περι-

203 4214 464 4290 φέρωσιν,
517 4209 670 4265 οὐδὲν
727 4212 912 4274 αὑτοῖς
970 4211 1118 4268 ἔσται
1174 4214 1338 4270 πλέον
1386 4223 1849 4295 καταστρατῐιγου-

207 4304 390 4374 μένοις
454 4301 544 4376 ὑφ’
601 4300 823 4356 ἑαυτῶν.
867 4300 938 4356 Οὐ
997 4301 1101 4376 γὰρ
1159 4302 1212 4356 οἶ
1263 4305 1313 4378 γ’
1373 4306 1547 4367 οὕτως
1605 4305 1850 4381 ἔχοντες,

206 4389 324 4445 οὐδ’
370 4391 424 4444 οἱ
473 4389 722 4458 πλατεῖς,
756 4391 937 4465 φησὶν,
979 4389 1093 4445 οὐδ’
1123 4390 1414 4465 εὐρύνωτοι
1465 4398 1660 4471 φῶτες,
1691 4397 1855 4473 ἀσφα-

207 4479 483 4547 λὲστατοι,
528 4476 656 4532 ἀλλ’
703 4478 756 4533 οἱ
803 4483 1123 4556 φρονοῦντες
1169 4480 1225 4536 εὖ
1272 4486 1488 4537 νικῶσιν
1531 4491 1848 4559 πανταχοῦο

210 4568 266 4622 εὖ
327 4566 384 4622 δὲ
436 4571 767 4646 φρονοῦντας
825 4569 1051 4632 ἅπαντες
1108 4567 1272 4644 ’ίσμεν
1323 4572 1449 4634 τοὺς
1505 4570 1852 4644 δικαιοσύνης

211 4657 460 4733 ἐργάτας,
498 4657 588 4711 καὶ
651 4659 734 4718 οἷς
797 4656 956 4730 μόνοι
1010 4664 1117 4713 τῶν
1185 4662 1401 4715 πάντων
1482 4663 1631 4718 οὗτοι
1705 4666 1854 4718 ταῦτ’

210 4745 361 4801 ’ίσασι
423 4743 573 4820 δρᾷν,
603 4748 692 4801 καὶ
743 4749 826 4808 οἷς
879 4749 1028 4802 ταῦτ’
1080 4749 1372 4824 ἒξανάγκης
1428 4748 1628 4805 ἐκεῖθεν
1677 4753 1859 4828 περαί-

214 4857 382 4890 νεται.
420 4835 483 4889 Εἰ
532 4836 635 4910 γὰρ
683 4836 744 4890 τὸ
787 4835 853 4890 τὰ
899 4834 1080 4891 δίκαια
1118 4839 1392 4912 πράττειν,
1434 4838 1466 4891 ἃ
1497 4836 1579 4894 δεῖ
1607 4843 1860 4914 πράττειν

218 4922 350 4991 ἐστὶ,
372 4925 437 4978 τὸ
481 4921 539 4978 δὲ
593 4923 844 4998 πράττειν
898 4924 931 4977 ’ὰ
989 4923 1090 4993 δεῖ,
1123 4930 1326 5002 φρενῶν
1387 4926 1444 4981 εὖ
1492 4925 1638 5002 ἔχειν
1695 4929 1860 4999 ἐστὶν,

222 5013 249 5067 ὁ
295 5017 363 5067 τα
423 5010 606 5068 δίκαια
662 5013 912 5090 πράττων
970 5015 1059 5069 καὶ
1114 5020 1322 5091 φρονῶν
1369 5016 1448 5085 εὖ,
1483 5018 1638 5080 οὗτος
1689 5019 1861 5090 ἂνεῖη

223 5099 434 5165 δίκαιος
467 5105 578 5175 (α)·
615 5101 810 5158 οὐκοῦν
859 5099 980 5158 οὔτε
1039 5101 1384 5175 δικαιοσύνην
1422 5107 1602 5162 ἀσκεῖν
1649 5109 1763 5162 οἷόν
1808 5129 1866 5163 τε

227 5194 546 5268 φρονήσεως
599 5188 759 5246 ἄνευ·
821 5196 938 5254 πῶς
1005 5193 1109 5266 γὰρ
1185 5193 1384 5249 ἐκεῖθεν
1454 5197 1550 5258 τὰς
1617 5195 1865 5273 ἀφορμὰς

225 5279 458 5359 ἔχουσαν
488 5285 588 5336 τοῦ
619 5282 662 5334 τ’
699 5277 756 5336 εὖ
797 5286 1146 5360 φρονοῦντος,
1180 5282 1351 5346 οὕτως
1395 5282 1538 5339 ’ίδιον
1588 5285 1650 5340 τὸ
1695 5285 1865 5360 ταύτῃ

225 5371 550 5445 κεχρῆσθαι,
603 5367 739 5425 ὥστε
796 5368 901 5434 ἕως
959 5371 1054 5444 μὶν
1111 5367 1173 5426 ἃν
1229 5377 1454 5444 χρῆται,
1511 5374 1598 5427 καὶ
1664 5378 1762 5429 τοῦ
1807 5396 1868 5450 γε

229 5463 440 5530 φρονεῖν
501 5458 714 5530 μὲτεστ’
768 5459 947 5530 αὐτῷ’
997 5455 1212 5512 ἐπειδὰν
1269 5458 1326 5513 δὲ
1382 5458 1719 5534 παλινῳδίαν
1765 5462 1869 5536 ᾄσῃ

228 5554 340 5609 τοῖς
397 5547 649 5622 τρόποις,
709 5546 798 5601 καὶ
871 5547 1002 5620 μετὰ
1072 5552 1179 5602 τῶν
1237 5546 1567 5604 ἀδικούντων
1623 5550 1866 5625 γένηται,

296 5729 377 5804 (α)
404 5727 546 5784 Cod.
583 5722 828 5788 δικαίως.

1888 4708 1934 4770 D

1948 3434 2126 3490 robur
2153 3434 2526 3505 possideant;
2552 3439 2616 3489 ut
2643 3434 2908 3504 ejusdem
2942 3433 3121 3491 armis
3150 3440 3207 3490 et
3233 3435 3401 3507 equis
3418 3445 3594 3490 utan-

1949 3545 2080 3608 tur;
2116 3545 2180 3597 ut
2225 3557 2456 3598 omnem
2506 3540 2743 3596 Achillis
2787 3545 2972 3598 artem
3005 3540 3266 3597 bellicam
3300 3541 3357 3595 in
3397 3543 3592 3595 animo

1952 3657 2365 3714 circumferant
2395 3673 2411 3711 :
2445 3657 2588 3713 nihil
2644 3658 2966 3729 proficient,
2997 3657 3045 3713 si
3097 3657 3326 3730 seipsos
3361 3658 3598 3713 domare

1955 3768 2242 3824 nesciunt.
2275 3767 2402 3824 Non
2449 3769 2605 3823 enim
2655 3769 2756 3839 qui
2805 3783 3048 3840 corpore
3095 3772 3234 3824 sunt
3266 3769 3463 3836 fortes,
3496 3768 3595 3822 sed

1959 3885 2054 3954 qui
2080 3885 2209 3940 forti
2241 3890 2375 3940 sunt
2400 3885 2609 3950 animo,
2631 3885 2850 3956 ubique
2875 3886 3059 3943 vicere
3083 3902 3098 3953 ;
3125 3887 3374 3942 audaces
3406 3890 3601 3941 autem

1957 3990 2223 4046 videmus
2254 3991 2588 4062 quicunque
2610 3991 2907 4061 justitiam
2938 3998 3206 4049 exercent
3235 3998 3294 4050 et
3322 4009 3602 4048 veneran-

1960 4105 2071 4153 tur.
2097 4099 2157 4154 Si
2187 4097 2344 4154 enim
2371 4099 2660 4170 justitiam
2692 4100 2878 4155 colere
2906 4100 3097 4156 officio
3127 4100 3462 4157 satisfacere
3493 4104 3604 4166 est,

1960 4205 2067 4261 hoc
2116 4211 2308 4261 autem
2363 4222 2566 4264 rursus
2611 4208 2825 4263 mentis
2871 4209 3183 4264 sanitatem
3233 4209 3471 4277 indicat,
3506 4207 3605 4279 qui

1957 4313 2246 4384 justitiam
2298 4315 2436 4370 facit
2482 4320 2539 4370 et
2583 4332 2726 4371 sana
2764 4332 2830 4372 eo
2878 4316 3006 4387 ipso
3053 4320 3244 4372 mente
3275 4316 3608 4386 est,justus

1964 4434 2117 4486 recte
2137 4430 2464 4487 habebitur.
2490 4432 2709 4488 Idcirco
2733 4447 2840 4488 nec
2863 4432 3089 4502 iustitia
3109 4450 3250 4490 sana
3272 4438 3464 4488 mente
3490 4434 3611 4505 pri-

1962 4545 2096 4595 vata
2125 4545 2214 4596 est
2241 4539 2481 4612 aliquid.
2508 4538 2762 4611 Utraque
2789 4539 2943 4595 enim
2969 4541 3176 4611 juncta
3205 4543 3442 4597 demum
3475 4556 3609 4595 con-

1966 4656 2203 4710 cordare
2235 4655 2462 4726 poterit.
2490 4653 2594 4709 Ubi
2624 4660 2817 4710 autem
2852 4655 3032 4711 bonos
3056 4669 3248 4712 mores
3269 4655 3613 4726 tergiversa-

1970 4761 2124 4816 beris
2155 4765 2213 4816 et
2265 4761 2620 4832 injustorum
2653 4762 3064 4818 commercium
3093 4761 3424 4829 sectaberis,
3456 4759 3614 4815 nullo

1969 4870 2142 4923 modo
2189 4885 2332 4924 sana
2371 4877 2424 4924 te
2471 4874 2666 4925 mente
2714 4869 2825 4925 frui
2876 4872 3250 4925 asseruerim.
3279 4869 3428 4932 Quid
3481 4867 3612 4923 ita?

1975 4984 2115 5052 quia
2143 4999 2259 5040 non
2291 4985 2441 5055 quod
2475 4986 2638 5041 decet
2661 4986 2762 5042 sed
2786 4985 2938 5056 quod
2965 4985 3226 5051 dedecet,
3255 4985 3411 5040 facit.
3437 4983 3496 5038 Si
3519 5000 3619 5039 au-

1977 5107 2094 5157 tem
2141 5117 2172 5156 e
2224 5101 2433 5157 mentis
2483 5102 2812 5159 conditione
2862 5103 3140 5174 provenit,
3172 5102 3222 5157 ei
3274 5118 3388 5156 non
3424 5101 3621 5172 utique

1979 5217 2224 5274 victores
2254 5233 2484 5287 sumus,
2516 5217 2662 5275 bene
2692 5218 2907 5275 sentire
2938 5223 3132 5274 autem
3166 5225 3223 5273 et
3242 5217 3408 5288 justa
3439 5218 3620 5272 facere

1979 5336 2181 5392 eodem
2212 5336 2476 5402 redeunt,
2509 5334 2631 5389 ﬁeri
2663 5351 2775 5390 non
2808 5337 3000 5406 potest
3029 5333 3170 5405 quin
3208 5333 3310 5404 qui
3351 5333 3429 5387 ita
3461 5337 3618 5399 sunt,

1981 5471 2184 5525 nempe
2236 5453 2439 5524 injusti
2481 5453 2552 5507 ob
2586 5452 3027 5521 imprudentiam
3056 5450 3129 5504 ab
3159 5450 3411 5505 inimicis
3443 5449 3621 5504 casti-

1977 5574 2184 5642 gentur
2227 5573 2285 5625 et
2331 5567 2580 5640 graviter
2636 5563 3052 5636 periclitentur.
3097 5563 3245 5628 Quid
3297 5564 3507 5635 plura?
3551 5561 3619 5616 Et
