4062 6308
493 393 612 454 515

1798 381 2187 446 THEODULI
2232 384 2584 452 MONAGHI

3749 395 3860 454 516

493 529 670 585 robur
716 531 772 583 et
798 525 1116 598 ingenium,
1150 528 1206 579 et
1247 524 1527 595 quidquid
1561 522 1774 578 dixeris
1806 522 1985 592 parvi,
2018 523 2134 580 imo

2248 527 2521 592 τηνικαῦτ’
2585 525 2707 581 οὐδέ
2777 534 2988 602 φρονεῖν
3063 530 3211 590 ὅλως
3287 534 3514 606 φήσαιμ’
3575 533 3634 586 ἂν
3710 531 3860 606 ἔγωγε

500 650 695 690 coram
746 632 995 688 Numine
1034 631 1228 686 divino
1259 630 1476 685 nullius
1505 633 1592 685 est
1623 629 1918 697 momenti,
1953 630 2046 684 cui
2075 646 2138 684 se

496 741 820 799 subducere
850 745 1166 812 nequeunt,
1191 738 1384 793 imoin
1418 753 1478 793 se
1507 737 1744 793 trahunt
1775 738 1872 808 qui
1905 739 2134 808 injusti-

496 850 635 904 tiam
665 855 991 920 operantur.

566 1691 651 1746 11.
676 1686 1099 1758 Utexemplum
1129 1686 1190 1741 in
1223 1687 1480 1742 medium
1513 1686 1900 1757 proferamus,
1929 1687 2131 1742 Achae-

495 1797 738 1853 menidis
779 1800 934 1850 terra
977 1793 1240 1863 marique
1278 1793 1653 1864 gravissimas
1682 1792 2132 1848 Atheniensibus

495 1918 695 1974 poscas
725 1900 1203 1970 dederunt,quod
1226 1899 1500 1954 Graeciam
1531 1899 1772 1970 perdere
1796 1900 2096 1954 voluerant
2121 1917 2134 1966 ;
2172 1897 2216 1962 Β

493 2025 676 2081 quare
725 2008 937 2064 misere
963 2007 1142 2060 vitam
1175 2004 1521 2061 amiserunt.
1554 2005 1662 2071 Qui
1693 2021 1891 2061 verum
1926 2007 2136 2061 imbel-

491 2116 606 2172 lem
655 2115 811 2171 hunc
854 2113 1169 2170 exercitum
1219 2117 1434 2169 terram
1483 2121 1538 2168 et
1586 2129 1745 2169 mars
1783 2113 2050 2184 quatiens
2081 2118 2140 2170 et

498 2221 711 2278 mentis
743 2224 895 2276 male
925 2237 1077 2276 sane
1108 2221 1280 2291 signa
1304 2221 1449 2275 dans
1479 2236 1612 2275 eum
1645 2219 1704 2275 in
1736 2220 1911 2275 finem
1945 2222 2136 2276 addu-

489 2332 653 2385 xerat
683 2332 749 2384 ut
777 2327 1053 2384 Greciam
1088 2329 1276 2398 prima
1308 2326 1680 2398 aggressione
1705 2328 2065 2398 subjugaret,
2087 2326 2137 2381 is

491 2441 698 2494 contra
747 2451 978 2492 omnem
1027 2450 1190 2505 spem
1222 2435 1377 2505 turpi
1410 2435 1544 2504 fuga
1573 2434 1818 2489 salutem
1849 2435 2136 2505 quaesivit.

494 2544 802 2616 lnterjecto
836 2542 1044 2598 deinde
1089 2546 1347 2612 tempore
1377 2542 1816 2597 Atheniensium
1857 2543 2048 2599 clades
2079 2545 2136 2597 in

502 2651 698 2706 Sicilia
753 2655 809 2704 et
865 2655 1135 2706 extremas
1190 2649 1301 2705 illae
1369 2649 1728 2704 calamitates
1782 2651 2136 2707 acciderunt.

501 2758 712 2832 quibus
760 2757 907 2814 nihil
960 2756 1206 2824 tristius,
1238 2761 1294 2812 et
1331 2773 1475 2826 quas
1522 2756 1690 2812 siccis
1719 2758 1901 2813 oculis
1931 2760 2140 2814 referre

463 2859 468 2862 ’
496 2867 710 2939 posteri
744 2865 1084 2938 nequibant.
1110 2866 1254 2932 Quid
1285 2866 1537 2937 denique
1558 2866 1613 2920 in
1645 2881 1820 2921 causa
1851 2867 1960 2921 fuit
1984 2867 2138 2936 quod

492 2973 638 3043 Chii,
672 2971 778 3028 sub
822 2971 1273 3042 Smyrneorum.
1306 2969 1726 3025 Lacedamcnii
1767 2971 1870 3026 sub
1908 2971 2047 3026 Thel
2073 2987 2137 3026 a-

501 3096 710 3136 norum
761 3083 892 3151 post
951 3077 1312 3134 Leuctricam
1361 3078 1581 3134 cladem
1633 3077 1917 3134 ditionem
1969 3094 2138 3134 vene-

499 3187 682 3244 runt?
711 3187 911 3243 Nonne
961 3188 1116 3258 quod
1149 3185 1245 3242 alii
1283 3202 1514 3258 gravem
1546 3188 1604 3243 in
1639 3187 1913 3243 mondum
1947 3203 2142 3258 pecca-

2244 618 2435 668 τοῦτον
2483 620 2644 670 τοῦτο
2691 617 2752 671 τὸ
2802 621 2985 692 μέρος.
3020 621 3115 672 Διά
3162 622 3254 688 τίς
3288 622 3370 674 ὅτι
3402 623 3507 694 οὐχ
3555 621 3587 674 ἃ
3619 621 3716 691 δεῖ,
3747 623 3861 676 ἀλλ’

2247 704 2279 757 ἆ
2328 709 2402 776 μὴ
2452 705 2534 760 δεῖ
2579 707 2832 780 πράττειν
2888 707 3024 780 ᾤετο
3079 707 3292 764 δεῖν.Εἶ
3353 709 3407 764 δὲ
3460 713 3524 765 τὸ
3569 714 3641 783 μὴ
3678 733 3860 767 παντα-

2248 799 2352 868 χοῦ
2399 801 2612 868 κρατεῖν
2664 795 2723 850 ἐκ
2765 802 2861 851 τοῦ
2912 803 3127 874 φρονεῖν
3186 799 3575 876 περιγίγνεται,
3622 803 3681 854 τὸ
3731 799 3772 857 δ’
3811 800 3863 854 εὖ

2245 889 2458 959 φρονεῖν
2527 885 2616 938 καὶ
2693 882 2876 940 δίκαια
2947 889 3199 962 πράσσειν
3259 889 3335 948 εἷς
3387 890 3578 943 ταυτὸν
3637 885 3862 967 ἔρχεται,

2245 973 2448 1046 ἀνάγκη
2509 978 2649 1027 πᾶσα
2706 975 2832 1036 τοὺς
2907 977 2983 1048 μή
3057 976 3224 1050 ταύτῃ
3300 974 3692 1050 διακειμένους,
3752 976 3864 1031 ἀλλ’

2245 1057 2582 1133 ἀδικοῦντας,
2641 1065 2714 1124 ὡς
2796 1061 3032 1140 ἄφρονας
3099 1067 3404 1140 ἑκασταχοῦ
3477 1073 3594 1128 τοῖς
3659 1065 3864 1142 ἐχθροῖς

2241 1156 2385 1206 νῶτα
2435 1151 2665 1220 διδόναι,
2711 1153 2798 1208 καὶ
2848 1153 3176 1210 κινδυνεύειν
3230 1155 3412 1233 ὥσπερ
3463 1158 3631 1218 εἰκός.
3684 1158 3776 1214 Καὶ
3819 1157 3866 1211 τί

2243 1237 2326 1294 δεῖ
2359 1245 2528 1296 ταῦτα
2576 1241 2748 1315 λέγειν
2778 1263 2790 1312 ;
2823 1245 2913 1297 καὶ
2964 1245 3124 1318 ῥώμη
3177 1242 3354 1316 δήπου
3396 1247 3482 1300 καὶ
3535 1245 3742 1307 σύνεσις
3785 1245 3864 1299 καὶ

2241 1328 2271 1382 ὅ
2297 1350 2351 1384 τι
2381 1330 2438 1383 ἂν
2472 1330 2616 1384 εἷ’ποι
2645 1353 2747 1402 τις,
2780 1333 2934 1387 πάντ’
2975 1332 3184 1389 ἐλάττω
3241 1335 3452 1408 μᾶλλον
3509 1332 3565 1390 δέ
3612 1340 3707 1390 τοῦ
3761 1357 3864 1407 μη-

2238 1416 2390 1479 δενὸς
2435 1417 2555 1489 ἄξια
2588 1427 2688 1489 τῆς
2738 1422 2881 1483 θείας
2927 1423 3136 1495 ῥοπῆς·
3170 1426 3235 1492 ἧς
3286 1425 3397 1499 οὐχ
3447 1423 3600 1489 ὅπως
3648 1426 3866 1478 ἀποστε-

2244 1510 2426 1578 ροῦσιν
2485 1509 2727 1578 ἑαυτοὺς,
2786 1509 2934 1566 ἀλλά
2989 1513 3078 1566 καὶ
3133 1517 3372 1567 κινοῦσιν
3433 1512 3490 1568 εὖ
3553 1512 3701 1588 μάλα
3762 1513 3866 1566 καθ’

2243 1594 2444 1650 ἒαυτῶν
2475 1596 2526 1650 o't
2557 1596 2921 1672 προσέχοντες
2955 1597 3155 1670 ἀδικίᾳ.

2319 1686 2402 1740 ια’.
2463 1685 2734 1740 Ἐντεῦθεν
2794 1689 3104 1758 ’Δθηναίοις
3161 1687 3543 1768 Ἀχαιμενίδαι
3622 1689 3864 1764 μεγίστην

2244 1778 2350 1828 τῶν
2393 1773 2454 1828 ἐκ
2493 1779 2590 1829 τοῦ
2643 1775 2842 1839 παντὸς
2895 1778 3096 1838 αἰῶνος
3143 1780 3234 1834 καὶ
3283 1780 3419 1834 κατά
3456 1787 3561 1854 γῆν
3612 1781 3698 1834 καὶ
3746 1778 3868 1832 κατὰ

2248 1862 2512 1918 θάλατταν
2568 1861 2725 1933 δίκην
2775 1866 3035 1941 ὑπέσχον,
3087 1866 3194 1922 ἀνθ’
3243 1869 3316 1921 ὧν
3367 1873 3551 1930 κακῶς
3608 1867 3866 1940 ἐπεθύμη-

2251 1973 2342 2006 σαν
2371 1960 2470 2022 τῆς
2501 1952 2772 2018 Ἑλλάδος
2799 1974 2812 1987 ’
2845 1957 2896 2009 οἱ
2932 1957 3029 2027 μὶν
3075 1959 3230 2012 κακοὶ
3279 1963 3458 2020 κακῶς
3511 1958 3736 2013 ἐνταῦθα
3779 1978 3870 2011 πε-

2251 2042 2428 2103 σόντες
2454 2061 2467 2074 ο
2502 2043 2529 2096 ὁ
2562 2039 2618 2096 δὲ
2643 2044 2741 2111 τήν
2783 2042 3000 2118 ἄμαχον
3030 2045 3228 2114 ταύτην
3276 2045 3366 2099 καί
3413 2045 3663 2116 πλήθους
3714 2043 3869 2099 ε’ίνεκα

2251 2132 2390 2206 λέγω
2447 2133 2536 2186 καὶ
2587 2132 2778 2207 ῥώμης
2835 2135 2924 2188 καί
2984 2137 3297 2206 θαυμαστῆς
3358 2134 3446 2190 διά
3505 2138 3718 2190 πάντων
3774 2155 3869 2189 πα-

2248 2229 2512 2295 ρασκευῆς
2566 2222 2894 2296 ἐπαγόμενος
2947 2226 3218 2297 στρατιὰν,
3259 2225 3346 2280 καὶ
3394 2227 3535 2301 πρὸς
3587 2227 3647 2282 τὸ
3694 2224 3867 2279 δοκοῦν

2248 2313 2421 2382 ἐαυτῷ
2475 2311 2562 2366 καὶ
2616 2319 2717 2386 γῆν
2776 2313 2864 2366 καὶ
2923 2311 3190 2368 θάλατταν
3270 2315 3546 2386 μεθιστὰς,
3603 2316 3691 2369 καὶ
3763 2318 3869 2372 ταῖς

2247 2404 2472 2466 ἀτόποις
2553 2398 2880 2477 ὑπερϐολαῖς
2955 2406 3157 2476 πάντας
3240 2404 3589 2476 ἐκπλήττων,
3646 2407 3734 2460 καὶ
3782 2406 3869 2472 τήν

2247 2491 2491 2548 Ἑλλάδα
2537 2497 2708 2546 πᾶσαν
2767 2494 3007 2565 νομίζων
3068 2489 3319 2548 αὐτοϐοεὶ
3369 2492 3706 2570 διαρπάσειν,
3728 2493 3867 2552 οὗσος

2249 2582 2421 2641 οὕτως
2488 2581 2732 2655 αἰσχρῶς
2791 2580 3102 2652 ἀπαλλάξας
3160 2583 3250 2637 καὶ
3311 2585 3454 2656 παρά
3515 2589 3688 2638 πᾶσαν
3733 2585 3867 2651 ἡντι-

2248 2675 2374 2724 νοῦν
2423 2667 2751 2744 προσδοκίαν
2799 2672 2872 2732 ὡς
2911 2673 2996 2726 καὶ
3049 2676 3190 2749 φυγῇ
3241 2675 3341 2742 τήν
3392 2674 3670 2748 σωτηρίαν
3714 2669 3866 2742 ἑαυτῷ

2247 2759 2609 2833 πεπορίσσαι·
2665 2759 2901 2814 ἐντεῦθεν
2948 2764 2981 2828 ἡ
3027 2765 3133 2814 τῶν
3181 2761 3490 2830 Ἀθηναίων
3548 2761 3600 2816 ἐν
3667 2759 3867 2828 Σικελίᾳ

2249 2848 2521 2928 συμφορὰ,
2579 2848 2667 2902 καὶ
2751 2848 2817 2902 τὰ
2895 2847 3172 2904 δεινότατα
3243 2848 3416 2904 ἐκεῖνα
3486 2851 3578 2904 καὶ
3644 2851 3864 2923 ἀφόρητα

2249 2939 2416 3007 πάθη,
2471 2938 2560 2992 καὶ
2609 2941 2779 2992 πᾶσαν
2838 2933 3228 3012 ὑπερϐαίνοντα
3278 2937 3612 3012 τραγῳδίαν,
3660 2941 3726 2992 ὧν
3767 2933 3866 2990 οὐδ’

2249 3023 2506 3100 ἀδακρυτὶ
2568 3028 2872 3097 μεμνῆσθαι
2947 3031 3063 3087 τοῖς
3115 3025 3282 3081 ἔπειτ’
3339 3026 3485 3100 ἐξῆν.
3551 3025 3854 3096 Λακεδαιμο-

2245 3113 2392 3174 νίους
2451 3113 2507 3169 δὲ
2554 3115 2642 3168 καὶ
2700 3115 2858 3177 Χίους
2915 3115 2967 3169 τί
3020 3115 3082 3169 τὸ
3129 3123 3362 3184 ποιῆσαν
3422 3119 3555 3180 τοὺς
3630 3118 3710 3189 μὲν
3763 3112 3849 3167 ὑπὸ

2257 3204 2595 3278 Σμυρναίων,
2660 3201 3122 3278 Λακεδαιμονίους
3192 3202 3249 3259 δὲ
3329 3206 3432 3260 ὑπὸ
3509 3202 3745 3276 Θηϐαίων
3809 3201 3853 3256 ἐν

499 3304 656 3368 runt,
681 3304 739 3355 et
765 3300 1006 3372 insuper
1035 3299 1184 3354 ﬁlias
1217 3305 1409 3370 raptas
1440 3299 1498 3353 in
1533 3302 1733 3370 puteos
1763 3299 2136 3370 dejecerunt‘l

2260 3295 2550 3368 Λεύκτροις
2612 3299 2712 3361 τῆς
2772 3295 3038 3356 Βοιωτίας
3115 3293 3319 3368 ἐσχάτη
3379 3301 3686 3372 περιπεσεῖν
3743 3312 3859 3363 συμ-

499 3407 622 3462 Chii
646 3409 878 3479 quidem
899 3407 956 3462 in
984 3407 1275 3479 Dionysiis
1307 3411 1635 3478 Symrmeos
1665 3421 1832 3462 sacra
1865 3405 2138 3462 facientes

488 3530 771 3569 armorum
790 3513 839 3567 vi
857 3513 982 3569 sine
997 3514 1336 3582 causajusta
1349 3513 1725 3582 subegerunt.
1746 3516 2020 3567 Utautem
2037 3513 2138 3566 Eu-

489 3622 789 3692 rystheum
813 3621 1072 3678 Stheneli
1095 3619 1278 3676 ﬁlium
1305 3620 1705 3691 omittant,qui
1722 3619 2138 3691 lngratitudine

493 3729 685 3780 motus
713 3724 1046 3781 Heraclidas
1077 3739 1108 3779 e
1140 3729 1256 3779 tota
1288 3723 1500 3778 Graecia
1541 3723 1808 3793 expulsos
1841 3738 2135 3792 nusquam

491 3830 703 3886 morari
735 3831 984 3896 sinebat,
1009 3836 1066 3886 et
1090 3831 1159 3886 iis
1189 3833 1287 3902 qui
1330 3830 1460 3885 illos
1493 3831 1742 3900 hospitio
1774 3829 2138 3901 excipiebant

490 3945 775 3994 extremas
823 3938 1013 3997 minas
1053 3939 1400 4009 intentabat,
1427 3943 1484 3994 et
1515 3945 1724 3994 sortem
1758 3939 1901 3993 adeo
1931 3939 2134 3992 durum

490 4052 762 4118 expertus
795 4053 882 4104 est
915 4056 972 4106 ut
1004 4049 1061 4104 in
1097 4065 1288 4121 pugna
1319 4063 1503 4106 caesus
1533 4063 1646 4104 non
1678 4053 1911 4102 tantum
1938 4045 2134 4116 sepul-

491 4170 608 4221 cro,
642 4142 758 4210 sed
818 4160 875 4212 et
930 4156 1132 4213 liberis
1189 4157 1449 4229 privatus
1509 4156 1604 4222 sit,
1654 4159 1710 4208 et
1767 4152 1970 4209 nolens
2025 4153 2137 4208 He-

489 4258 768 4329 raclidas,
798 4278 945 4334 quos
996 4269 1166 4320 antea
1211 4264 1270 4320 in
1315 4280 1612 4320 servorum
1668 4263 1793 4318 loco
1834 4262 2134 4330 habuerat,

495 4381 648 4422 nunc
701 4369 966 4426 dominos
1016 4371 1281 4426 instituit
1325 4387 1389 4427 ac
1436 4371 1750 4443 principes.
1783 4371 1922 4438 Quis
1954 4368 2138 4425 nescit

489 4485 641 4556 quod
667 4481 850 4552 Trojtn
882 4482 1170 4538 excidium
1203 4481 1508 4537 Alexandri
1542 4481 1895 4536 dementiam
1927 4494 2134 4535 evoca-

484 4594 584 4660 vit,
617 4591 718 4664 qui
751 4589 954 4646 urbem
985 4594 1042 4646 et
1072 4591 1220 4647 cives
1250 4595 1305 4645 et
1337 4590 1589 4661 seipsum
1619 4588 1963 4644 interemit?
1993 4587 2130 4654 Quis

483 4701 714 4771 ignorat
755 4699 908 4770 quod
958 4697 1166 4754 harum
1217 4697 1610 4754 calamitatum
1655 4697 1998 4752 memoriam
2033 4710 2130 4766 per

483 4823 656 4863 omne
687 4810 924 4878 tempus
943 4808 1142 4866 durat.
1163 4811 1220 4862 et
1240 4807 1394 4879 quod
1417 4805 1477 4861 id
1499 4806 1650 4876 quod
1680 4803 2028 4861 mortalibus
2049 4803 2134 4859 di-

491 4915 794 4970 rissimum
834 4915 1095 4980 accidere
1124 4919 1335 4986 potest,
1364 4911 1653 4968 malorum
1687 4911 1820 4966 Ilias
1852 4916 2085 4967 vocatur
2106 4910 2133 4965 ?

487 5027 553 5078 ut
591 5022 794 5094 paucis
826 5021 1118 5079 absolvam
1173 5022 1325 5094 quod
1359 5020 1484 5076 sola
1523 5019 1716 5075 Iliadis
1764 5035 1898 5075 voce
1929 5034 2134 5074 aerum-

487 5145 696 5186 narum
728 5129 1029 5202 fastigium
1059 5128 1354 5186 indicatur
1374 5127 1402 5183 τ

556 5440 642 5494 12.
677 5438 826 5495 Nihil
863 5439 1060 5513 itaque
1091 5441 1476 5514 perniciosius
1506 5439 1811 5512 injustitia,
1832 5437 1973 5495 nihil
2006 5454 2137 5494 ma—

481 5529 569 5598 gis
617 5528 958 5597 fugiendum
1007 5536 1118 5598 est,
1152 5532 1224 5586 iis
1275 5533 1584 5602 praecipue,
1619 5531 1718 5601 qui
1760 5529 1970 5585 armati
2002 5528 2137 5583 vitm

483 5616 808 5684 periculum
859 5623 1016 5676 omni
1069 5623 1204 5676 hora
1265 5623 1506 5685 faciunt,
1540 5637 1771 5688 semper
1819 5620 1874 5672 in
1909 5635 2141 5672 summo

486 5704 824 5763 discrimine
856 5715 1179 5776 vereantur,
1214 5711 1276 5777 ii,
1309 5711 1572 5780 inquam,
1606 5708 1981 5779 potissimum
2025 5721 2142 5761 mo-

2249 3388 2416 3459 φορᾷς
2475 3381 2582 3460 οὑχ
2631 3384 2712 3437 ὅτι
2762 3381 2828 3437 τά
2880 3385 3104 3456 μέγιστα
3150 3383 3366 3439 πάντων
3417 3384 3471 3437 οἱ
3521 3385 3615 3459 μὲν
3647 3379 3862 3456 παρηνόο

2254 3495 2409 3546 μου-ν,
2441 3473 2528 3526 καὶ
2579 3479 2660 3533 οἱς
2700 3474 2794 3534 τὰς
2844 3472 3008 3544 κόρας
3063 3473 3196 3544 μετά
3243 3474 3334 3528 τὸν
3382 3473 3499 3548 βίον
3531 3473 3758 3538 ἀνεῖλον,
3783 3469 3857 3524 καὶ

2246 3565 2334 3625 οἷς
2361 3563 2554 3622 ταύτας
2585 3561 2658 3622 εἷς
2691 3561 2857 3639 φρέαρ
2888 3557 3180 3629 ἐνέϐαλονς
3215 3567 3335 3618 Χῖοι
3387 3561 3434 3616 δ’
3476 3563 3531 3617 ἒν
3575 3562 3866 3618 Διονυσίοις

2247 3648 2501 3720 ἠσέϐουν,
2557 3652 2887 3725 βακχεύουσι
2939 3656 3055 3712 τοῖς
3108 3651 3438 3725 Σμυρναίοις
3479 3650 3718 3712 ἐπιόντες
3765 3648 3866 3721 μεθ’

2247 3739 2449 3804 ὅκλων,
2479 3741 2566 3794 καὶ
2623 3742 2772 3795 ταῦτ’
2804 3738 2954 3794 οὐδὲν
3015 3744 3123 3794 τῶν
3177 3742 3425 3795 ἁπάντων
3471 3739 3692 3816 ἔχοντες
3721 3737 3866 3812 ἐγκαο

2249 3830 2382 3886 λεῖν.
2424 3831 2538 3884 Ἵνα
2596 3826 2638 3882 δ’
2704 3825 2974 3899 Εὒρυσθέα
3028 3829 3123 3882 τὸν
3186 3829 3449 3884 Σθενέλου
3509 3833 3685 3895 παρῶ,
3740 3825 3866 3880 οὕτω

2246 3916 2334 3971 διὰ
2380 3919 2477 3985 τήν
2527 3917 2601 3978 είς
2649 3915 3002 3989 Ἡρακλείδας
3055 3918 3468 3991 ἀγνωμοσύνην,
3520 3919 3610 3973 καὶ
3672 3918 3730 3970 τὸ
3777 3936 3842 3986 μη

2246 4005 2421 4078 δαμοῦ
2469 4009 2568 4073 τῆς
2615 4003 2881 4067 Ἑλλάδος
2921 4005 3144 4066 τούτους
3192 4006 3300 4076 ἐᾷν,
3334 4005 3480 4061 ἀλλά
3526 4009 3614 4062 καὶ
3664 4004 3866 4076 δεξομέ-

2244 4114 2359 4156 νοις
2400 4094 2470 4148 τά
2521 4090 2724 4167 ἔσχατα
2771 4092 3039 4155 ἀπειλεῖν,
3072 4093 3216 4148 οὕτω
3258 4091 3529 4150 δυσκόλου
3569 4092 3864 4167 πειραθέντα

2243 4187 2339 4236 τοῦ
2372 4180 2652 4254 δαίμονος,
2685 4182 2761 4241 ὡς
2811 4184 2886 4253 μή
2947 4182 3110 4254 μόνον
3162 4178 3322 4258 ἔργον
3358 4185 3518 4238 αὑτὸν
3566 4182 3864 4259 γεγενῆσθαι

2243 4270 2514 4342 πολέμου,
2546 4272 2634 4325 καὶ
2687 4272 2820 4344 πρὸς
2879 4277 2994 4333 τοῖς
3055 4270 3173 4325 οὖσι
3233 4273 3462 4341 καὶτῆς
3522 4270 3663 4327 οἷ’κοι
3710 4273 3867 4345 ταφῆς

2244 4359 2505 4427 ἐκπεσεῖν,
2547 4359 2696 4414 ἀλλά
2753 4361 2842 4413 καὶ
2902 4365 3010 4415 τῶν
3063 4362 3228 4416 αὐτοῦ
3287 4359 3637 4430 παίδων,καὶ
3692 4359 3865 4415 ἄκοντα

2241 4448 2368 4511 τοὺς
2414 4446 2771 4522 Ἡρακλείδας
2828 4457 3162 4517 καταστῆσαι
3209 4451 3455 4526 κυρίους,
3509 4451 3601 4510 οὒς
3655 4447 3864 4520 πρόσθεν

2242 4539 2315 4598 ὡς
2373 4537 2606 4600 δούλους
2663 4535 2981 4608 ἀπήλαυνε·
3033 4539 3115 4599 τίς
3171 4539 3271 4593 οὐκ
3321 4537 3433 4594 οἶδε
3480 4545 3586 4593 τῶν
3634 4538 3861 4592 ἁπάντων

2160 4635 2206 4698 D
2240 4627 2312 4687 ὡς
2359 4628 2392 4696 ἠ
2443 4633 2542 4695 τῆς
2576 4626 2746 4682 Ἰλίου
2795 4629 3108 4703 κατασκαφή
3159 4633 3260 4695 τῆς
3304 4625 3660 4703 Ἀλεξάνδρου
3705 4642 3862 4696 παρα-

2239 4716 2430 4787 νομίας
2479 4714 2725 4788 ἐξῆπται,
2776 4718 3023 4778 κακεῖνος
3097 4716 3420 4779 αἰτιώτατος
3494 4716 3716 4791 ἐγεγόνει
3779 4712 3862 4762 τοῦ

2239 4804 2326 4861 καί
2363 4804 2564 4874 ταύτην
2626 4805 2714 4859 καὶ
2763 4807 2917 4879 γένος
2967 4805 3102 4859 ἅπαν
3147 4805 3236 4859 καὶ
3287 4810 3477 4860 τοῦτον
3523 4803 3677 4859 αὐτὸν
3726 4801 3858 4854 ἐκτε-

2237 4896 2456 4971 τρίφθαι
2515 4894 2797 4963 καθάπαξ;
2867 4898 2965 4962 τήν
3029 4892 3085 4948 δέ
3141 4895 3349 4949 τούτων
3423 4896 3648 4968 μνήμην
3704 4889 3862 4946 οὕτως

2240 4986 2498 5039 ἀθάνατον
2552 4987 2688 5038 κατά
2743 4986 2945 5046 παντὸς
2997 4984 3210 5038 ἑστάναι
3267 4987 3363 5037 τοῦ
3416 4984 3638 5059 χρόνου,
3670 4982 3738 5039 ὡς
3780 4975 3856 5029 καῖ

2239 5073 2307 5127 τὰ
2357 5071 2587 5127 πλεῖστα
2645 5073 2734 5126 καὶ
2797 5075 3007 5146 μέγισθ’
3041 5073 3294 5128 ἑκάστοτε
3323 5077 3429 5126 τῶν
3481 5073 3529 5126 ἐν
3575 5069 3860 5140 ἀνθρώποις

2243 5159 2595 5234 ἀδικημάτων
2683 5160 2914 5217 ἐντεῦθεν
3003 5157 3147 5237 ἔχειν
3219 5162 3452 5231 ἀκούειν,
3531 5158 3619 5215 καὶ
3671 5150 3860 5212 Ἰλιάδα

2242 5257 2420 5307 κακῶν
2468 5253 2896 5327 προσειρῆσθαισ
2948 5252 3024 5315 ὡς
3084 5251 3247 5325 μόνον
3290 5251 3618 5326 ἀποχρῶσαν
3654 5241 3858 5313 ταυτηνῖ

2241 5343 2340 5411 τήν
2374 5341 2551 5395 εἰκόνα
2583 5342 2716 5416 πρὸς
2747 5337 2966 5411 ἔνδειξιν
2999 5345 3099 5406 τῆς
3125 5340 3331 5395 τούτων
3368 5336 3694 5413 ὑπερϐολῆς.

2318 5432 2413 5504 ιβ’.
2447 5429 2634 5492 Οὕτως
2693 5428 2844 5485 οὐδὲν
2905 5429 3260 5504 ἐξωλέστερον
3323 5428 3590 5500 δήπουθεν
3645 5421 3856 5482 ἀδικίας.

2246 5517 2420 5575 οὐδ’ὂ
2479 5519 2690 5590 μᾶλλον
2741 5520 2956 5597 φεύγειν
3016 5518 3228 5593 ἐχρῆνο
3285 5518 3374 5573 καὶ
3427 5519 3627 5577 πάντας
3682 5514 3769 5584 μέν
3807 5527 3857 5579 γε

2246 5609 2372 5670 τοὺς
2408 5607 2635 5676 ἄλλους,
2665 5614 2894 5663 τοσοῦτο
2928 5606 2985 5664 δέ
3014 5610 3178 5663 πλέον
3207 5609 3332 5669 τούς
3363 5610 3412 5682 γ’
3443 5607 3494 5661 ἐν
3517 5610 3630 5664 τοῖς
3661 5601 3855 5658 ὅπλοις,

2249 5699 2378 5754 ὅσον
2410 5699 2498 5751 καὶ
2530 5700 2686 5771 μόνοι
2715 5700 2816 5766 τήν
2848 5699 3060 5753 πάντων
3089 5699 3180 5752 τὸν
3231 5697 3352 5770 περὶ
3395 5700 3578 5772 ψυχῆς
3627 5693 3852 5746 ἑκάστοτε
