4062 6308
171 434 302 494 517

1250 431 1540 494 ORATIO
1727 424 2235 494 SUBDITORUM
2281 421 2639 486 OFFICIIS.

3464 407 3582 467 518

171 567 420 636 θέοντες,
463 567 553 621 καὶ
600 570 709 620 τῶν
757 569 854 620 τοῦ
896 565 1018 639 βίου
1066 566 1214 640 σφίσι
1245 565 1578 638 πραγμάτων
1622 563 1707 619 ἐπὶ
1739 566 1863 632 Et»,

1976 562 2110 618 endi
2141 564 2276 616 sunt
2306 573 2378 614 ne
2405 558 2518 612 vim
2549 554 2678 610 aliis
2706 550 2978 614 inferant,
3013 546 3111 602 sed
3143 561 3177 600 a
3206 541 3356 599 tristi
3392 539 3582 596 avari-

175 662 282 731 ροῦ
331 658 709 723 καθεστώτων,
759 654 996 729 ἀνάγκην
1049 654 1266 732 ἴσχουσι
1336 651 1424 708 διὰ
1486 658 1655 708 ταῦτα
1726 655 1830 724 μά·

176 747 348 801 λιστα
403 747 620 800 πάντων
671 746 792 818 περὶ
841 743 1092 805 πλείονος
1132 746 1422 810 ποιεῖσθαι,
1458 742 1664 816 μηδένα
1715 745 1833 816 βιά-

176 837 368 905 ξεσθαι
420 833 565 908 μηδὲ
614 832 885 898 διασείειν,
939 834 1011 894 ὡς
1062 832 1253 907 λόγος,
1303 832 1448 888 ἀλλά
1489 839 1588 900 τῆς
1628 833 1836 886 κάκιστ’

179 923 582 996 ἀπολουμένης
617 921 950 992 πλεονεξίας,
1014 922 1100 976 καὶ
1153 927 1255 976 τοῦ
1302 927 1418 983 τοῖς
1463 921 1840 996 ταλαιπώροις

179 1015 447 1088 ἀγρόταις
507 1012 826 1086 ἐπιχειρεῖν,
885 1012 1179 1089 ἀπέχεσθαι
1230 1013 1326 1083 μὲν
1392 1012 1693 1066 παντάπασι
1750 1011 1836 1064 καὶ

186 1107 374 1173 μισεῖν
428 1101 581 1174 ὀμῶς
629 1099 788 1155 ἀΐδαο
835 1099 1090 1169 πύλῆσιν,
1130 1097 1344 1175 ἔχεσθαι
1395 1098 1450 1154 δὲ
1494 1097 1840 1166 δικαίοσύνης

181 1191 277 1245 καὶ
344 1195 462 1251 τοῖς
505 1188 654 1244 οὖσιν
701 1190 974 1264 ἀρκεῖσθαι
1028 1209 1040 1222 °
1093 1190 1404 1262 θαυμαστήν
1454 1210 1572 1244 τινα
1637 1190 1840 1256 ταύτην

180 1285 267 1351 τῷ
320 1277 440 1334 ὄντι
488 1279 796 1334 πανοπλίαν
842 1279 1175 1351 νομίζοντες,
1237 1279 1326 1333 καὶ
1384 1278 1560 1348 πάσης
1622 1280 1841 1346 ἡστινοι

186 1373 320 1423 σοῦν
377 1366 562 1436 ἄλλης
622 1366 1063 1442 λυσιτελεστέραν
1115 1389 1174 1423 τε
1222 1369 1313 1422 καὶ
1361 1366 1579 1422 καλλίω
1628 1385 1642 1398 ·
1693 1364 1843 1440 εἴπερ

185 1457 359 1513 αὗται
435 1458 530 1530 μὲν
607 1454 954 1528 δικαιοσύνης
1030 1457 1298 1525 ἀπούσης,
1373 1455 1640 1535 σφαλερὸν
1712 1455 1848 1508 κατά

189 1543 490 1621 Σοφοκλέα
548 1547 692 1620 ῥῦμα
739 1547 994 1602 πέλονται
1037 1567 1048 1578 ·
1101 1549 1136 1615 ἡ
1185 1544 1243 1601 δε
1283 1548 1372 1600 καὶ
1401 1544 1608 1600 τούτων
1648 1542 1845 1618 χωρὶς,

189 1639 283 1691 ἅτε
319 1633 589 1713 θεοφιλὴς
635 1634 788 1706 οὖσα,
835 1636 924 1692 καὶ
965 1640 1062 1691 τοῦ
1109 1636 1309 1698 παντὸς
1355 1635 1506 1706 αὐτῷ
1538 1635 1848 1706 τιμωμένη,

187 1725 281 1780 οἶα
344 1726 393 1778 τ’
439 1723 554 1779 ἆστὶ
602 1726 728 1786 τοὺς
779 1725 1102 1803 χρωμένους
1132 1725 1222 1779 καὶ
1270 1724 1330 1778 ἐκ
1371 1725 1542 1797 πυρὸς
1591 1723 1650 1777 ἂν
1700 1723 1849 1778 αἰθο-

192 1814 413 1888 μένοιο,
473 1813 562 1867 καὶ
611 1812 739 1867 ὅτου
797 1836 882 1877 τις
955 1813 1014 1868 ἂν
1077 1818 1153 1887 φῇ
1225 1811 1550 1888 δυσχερῶς,
1612 1812 1849 1888 εὐχερῶς

191 1904 567 1980 ἀφαρπάζειν·
618 1903 840 1962 ὁποίους
893 1900 958 1973 δή
1011 1924 1153 1964 τινας
1211 1902 1438 1965 ἅπαντες
1481 1901 1659 1974 ἴσμεν.
1714 1899 1850 1956 πολ-

192 1993 334 2053 λούς
391 2012 452 2045 τε
492 1990 698 2054 ἀλλους
744 1991 948 2052 καλοὺς
995 1993 1266 2068 κάγαθούς
1301 2011 1315 2024 ·
1362 1999 1450 2046 καί
1501 1989 1568 2060 δὴ
1608 1991 1696 2044 καὶ
1725 1992 1852 2050 τοὺς

191 2079 508 2157 ἀπογόνους
559 2081 653 2152 μὶν
692 2082 934 2150 Ἐζεκίου
984 2080 1072 2135 διά
1127 2079 1180 2136 δὲ
1237 2081 1452 2154 τρόπων
1506 2078 1852 2150 δικαιοσύνης

196 2171 620 2241 εἷσποιηθέντας
652 2176 767 2243 Θεῷ
810 2189 822 2201 ⁶
861 2173 957 2226 τὸν
1013 2172 1106 2243 μὶν
1155 2171 1407 2237 λεόντων,
1439 2171 1565 2231 τοὺς
1616 2169 1660 2224 δ’
1705 2169 1858 2240 ἐξάν-

195 2283 311 2323 τεις
356 2261 568 2337 φλογὸς
598 2261 889 2333 γεγονότας
924 2279 937 2292 ·
971 2261 1059 2314 καὶ
1107 2265 1359 2316 τοσοῦτον
1416 2261 1504 2314 ὑπ’
1549 2259 1855 2332 ’Δσσυμίων

200 2350 294 2404 καὶ
352 2354 453 2403 τοῦ
483 2353 636 2422 σῳών
685 2347 948 2422 ἄρχοντος
996 2349 1415 2421 θαυμασθέντας,
1461 2350 1538 2410 ὡς
1585 2350 1712 2410 τοὺς
1766 2349 1859 2419 μέν

200 2443 306 2509 τήν
354 2441 536 2494 αὐτῶν
604 2439 810 2492 ἅπασαν
883 2439 1072 2514 χώραν
1149 2436 1495 2514 δημαγωγεῖν
1574 2440 1855 2508 ἠξιῶσθαι.

207 2529 300 2582 καὶ
347 2519 774 2596 ζηλωτοὺςίδιά
823 2526 1037 2580 πάντων
1068 2525 1262 2580 ἅπασιν
1312 2527 1445 2580 εἶναι
1496 2546 1508 2558 ·
1552 2525 1646 2580 τδν
1691 2523 1736 2578 δ’
1810 2527 1860 2580 ἐν

211 2617 442 2690 ἀπόροις
472 2615 712 2687 πόριμον
765 2613 1029 2684 Δανίηλον
1078 2615 1169 2669 τὸν
1222 2617 1462 2689 χρηστὸν
1507 2616 1595 2670 καὶ
1647 2615 1721 2676 εἷς
1754 2637 1860 2669 πα-

217 2706 343 2775 τέρα
392 2710 471 2775 τῷ
522 2701 743 2778 βασιλεῖ
779 2712 1126 2773 καταστῆναι,
1176 2707 1363 2765 Οὕτως
1414 2707 1496 2765 οἷς
1543 2701 1643 2774 ἔξω
1689 2701 1862 2777 φύὸου

226 2796 317 2846 τὸν
364 2797 468 2846 τῶν
517 2793 666 2846 ὅλων
717 2793 847 2846 Θεὸν
898 2793 1114 2855 εικαίως
1163 2798 1328 2865 τιμᾷν
1386 2794 1560 2866 ᾤοντο
1611 2791 1742 2860 δεῖν,
1772 2795 1861 2846 καὶ

234 2887 347 2942 τοῖς
405 2881 588 2944 αλλοις
640 2881 948 2955 κηρύττειν,
1001 2885 1316 2956 μισηθέντες
1361 2882 1586 2950 ἀδίκως,
1627 2885 1712 2944 οῖς
1761 2890 1862 2950 τῆς

241 2971 424 3025 τούτου
476 2971 738 3045 προνοίας
788 2968 1010 3033 δικαίως
1061 2971 1388 3037 ἀπέλαυσαν,
1433 2973 1496 3027 ού
1557 2972 1717 3046 μόνον
1782 2971 1863 3026 δι-

237 3060 377 3120 καίας
421 3062 646 3129 καὶτῆς
696 3061 824 3130 παρ’
867 3061 1042 3116 αὐτῶν
1107 3059 1302 3136 ἔτυχον
1349 3064 1556 3139 ψήφου,
1610 3067 1792 3133 μεῖζον
1826 3064 1861 3132 ἢ

225 3155 336 3202 κατ’
377 3147 664 3222 ἄνθρωπον
713 3148 1058 3221 νομισθέντες
1099 3151 1185 3204 καὶ
1239 3151 1556 3224 τιμηθέντες
1607 3151 1749 3212 εἰκὸς
1796 3151 1862 3204 τά

222 3238 540 3313 γιγνόμενα,
585 3238 731 3292 ἀλλὰ
778 3239 866 3292 καὶ
910 3237 1006 3292 τοῦ
1049 3241 1116 3294 τά
1171 3236 1351 3294 δίκαια
1402 3245 1598 3305 ποιεῖν,
1650 3246 1859 3314 καιροῖς

1946 671 2024 724 tia
2052 673 2110 724 et
2133 670 2191 723 in
2223 666 2468 721 miseros
2499 659 2838 718 crudelitate
2887 656 3058 724 longe
3114 649 3321 706 remoti
3353 648 3470 703 hmo
3500 646 3582 700 vi-

1944 778 2026 832 tia
2055 780 2117 830 ut
2147 775 2456 830 inferorum
2499 778 2688 841 portas
2729 767 3066 821 aversantur
3097 766 3151 814 et
3195 755 3486 828 justitiam
3529 758 3587 808 et

1947 899 2174 955 aequam
2206 884 2459 938 mentem
2488 876 2851 939 conservent,
2875 885 2991 940 quo
3023 865 3169 923 nihil
3191 860 3588 936 prastantius,

1950 991 2096 1046 nihil
2136 987 2470 1060 pulchrius;
2521 997 2680 1041 nam.
2711 977 3031 1036 secundum
3079 970 3445 1043 Sophoclem,
3477 968 3592 1022 vita

1951 1100 2080 1156 sine
2099 1095 2332 1168 justitia
2358 1091 2549 1164 gravis
2577 1086 2768 1145 evadit
2796 1090 3059 1150 torrens;
3087 1081 3215 1152 ipsa
3244 1081 3438 1134 autem
3470 1075 3594 1131 sine

1952 1202 2338 1259 auxiliaribus
2365 1204 2423 1255 et
2449 1197 2564 1254 Deo
2585 1197 2752 1268 grata
2769 1193 2962 1264 justos
2981 1205 3049 1246 ex
3079 1187 3213 1258 igne
3231 1183 3596 1241 inﬂammato

1952 1315 2011 1366 et
2039 1326 2070 1365 c
2107 1305 2359 1364 summis
2389 1301 2676 1375 angustiis
2705 1299 2929 1369 eripere
2961 1298 3167 1368 potest,
3198 1292 3258 1348 id
3309 1289 3461 1362 quod
3494 1302 3600 1344 nos

1955 1415 2067 1487 ipsi
2113 1411 2466 1485 experientia
2520 1407 2708 1464 edocti
2767 1405 2988 1461 scimu
3045 1401 3112 1456 de
3167 1395 3484 1455 Ezechielis
3513 1394 3603 1449 di-

1957 1521 2329 1594 scipulis,qui
2349 1532 2579 1574 morum
2593 1513 2924 1586 integritate
2943 1509 3046 1567 Dei
3067 1506 3386 1564 amicitiam
3408 1503 3601 1574 adepti

1961 1638 2114 1696 sunt,
2147 1642 2395 1700 quorum
2426 1640 2580 1680 unus
2638 1639 2672 1677 a
2729 1619 3018 1684 leonibus,
3050 1613 3240 1671 cateri
3288 1629 3319 1669 e
3348 1609 3604 1667 ﬂammis

1962 1737 2141 1808 erepti
2171 1737 2313 1792 adeo
2345 1733 2416 1788 ab
2446 1729 2700 1803 Assyriis
2730 1727 2787 1782 in
2821 1722 3208 1782 admiratione
3239 1717 3422 1775 habiti
3443 1722 3603 1776 sunt.

1965 1852 2024 1902 ut
2054 1844 2230 1900 totius
2263 1839 2425 1913 regni
2455 1832 3016 1894 administrationem
3043 1828 3112 1883 iis
3154 1824 3604 1886 committerent,

1890 1936 1930 1998 Β
1961 1948 2258 2006 Danielem
2289 1959 2418 2001 vero
2441 1944 2670 2013 justum
2703 1944 2769 1994 ut
2800 1941 3020 2008 patrem
3072 1932 3185 2000 regi
3236 1921 3610 1984 commenda;

1965 2062 2111 2113 rent.
2148 2054 2260 2109 Hac
2291 2052 2511 2108 ratione
2541 2048 2640 2120 qui
2672 2045 2855 2100 Deum
2885 2041 3152 2097 omnium
3182 2045 3495 2092 creatorem
3520 2047 3611 2087 ve-

1965 2163 2152 2222 nerari
2184 2170 2237 2218 et
2268 2158 2492 2217 caeteris
2525 2153 2830 2227 praedicare
2861 2149 3179 2215 audebant,
3211 2159 3364 2200 nunc
3395 2142 3610 2211 injuste

1965 2273 2098 2330 odio
2130 2268 2310 2326 habiti
2341 2270 2499 2332 sunt,
2535 2277 2690 2318 nunc
2721 2261 2938 2314 honore
2971 2255 3104 2328 plus
3137 2267 3315 2325 quam
3353 2250 3610 2304 humano

1967 2377 2128 2450 digni
2163 2376 2340 2431 habiti
2367 2377 2425 2430 et
2465 2370 2625 2442 quasi
2656 2368 2715 2422 in
2760 2365 3033 2422 columna
3079 2359 3366 2417 altissima
3413 2353 3608 2428 positi.

1970 2486 2122 2540 Esto.
2155 2483 2215 2538 Si
2272 2482 2451 2553 igitur
2506 2478 2734 2548 (iterum
2767 2472 2923 2528 enim
2967 2469 3037 2524 ad
3091 2483 3190 2522 vo
3231 2480 3423 2521 sermo
3467 2460 3612 2516 diri-

1970 2593 2217 2666 gendus)
2247 2591 2466 2661 injuste
2495 2585 2718 2657 agendo
2750 2585 2834 2636 tot
2865 2577 3130 2633 homines
3172 2571 3435 2630 oflendis.
3459 2571 3613 2639 iuste

1974 2707 2169 2760 autem
2203 2698 2463 2755 faciendo
2512 2693 2763 2750 ummis
2819 2687 3089 2744 laudibus
3139 2679 3502 2744 exaltaberis,
3533 2677 3616 2732 sic

1975 2808 2226 2866 avaritia
2273 2803 2672 2862 renuntiantes
2721 2796 2988 2852 meliores
3018 2791 3206 2856 ﬂetis;
3256 2788 3348 2844 sin
3397 2783 3616 2848 minus,

1976 2936 2089 2974 non
2124 2915 2295 2970 modo
2327 2907 2624 2982 injustitim
2655 2920 2790 2976 erga
2820 2901 3194 2966 domesticos,
3225 2894 3325 2951 sed
3358 2890 3620 2948 traditio-

1976 3025 2067 3079 nis
2098 3014 2541 3077 convtncemini.
2565 3013 2625 3068 Si
2659 3010 2816 3065 enim
2847 3007 3058 3061 horum
3092 3018 3182 3058 res
3232 2997 3453 3054 lubenti
3487 2993 3618 3049 ani-

1978 3148 2070 3187 mo
2100 3125 2459 3189 subtrahitis,
2485 3120 2752 3176 hostibus
2783 3127 3037 3188 quoque,
3073 3107 3315 3183 pecunia
3344 3105 3499 3168 data,
3523 3117 3622 3156 eos

1980 3234 2331 3294 immolaturi
2362 3227 2665 3286 videmini.
2697 3225 2802 3290 Qui
2830 3223 2986 3278 enim
3021 3220 3079 3274 in
3130 3215 3322 3288 parvis
3371 3209 3624 3267 infidelis

221 3329 439 3399 ὁμοίοις
485 3326 671 3400 ὥσπερ
717 3348 796 3389 τις
845 3326 1230 3400 οὐρανομήκης
1280 3327 1458 3398 στήλη
1510 3299 1862 3391 καταστάντες

1977 3353 2084 3414 est,
2110 3346 2166 3400 in
2202 3341 2430 3411 magnis
2463 3335 2648 3405 magis
2678 3334 2786 3388 erit
2816 3329 3095 3404 perfidus.
3121 3323 3250 3379 Haec
3282 3320 3412 3376 siin
3437 3322 3630 3371 mente

221 3421 324 3487 τῷν
364 3417 474 3491 βίῳ
506 3435 519 3448 ⁸
585 3415 712 3472 εἷεν.
754 3415 814 3472 Ei
858 3417 1040 3470 τοίνυν
1079 3415 1388 3478 ἀδικοῦντες
1426 3420 1542 3490 μὲν,
1585 3416 1629 3470 ὦ
1659 3415 1864 3490 ἄνδρες,

223 3503 305 3558 δεῖ
350 3507 458 3578 γὰρ
506 3505 595 3558 καὶ
645 3504 809 3559 πάλιν
857 3507 992 3580 πρὸς
1041 3506 1178 3577 ὑμᾶς
1209 3507 1400 3579 τρέψαι
1433 3508 1521 3561 τὸν
1557 3506 1747 3582 λόγον,
1775 3527 1868 3560 το-

224 3595 454 3655 σούτους
511 3596 601 3648 καὶ
658 3592 1017 3664 τηλικούτους
1075 3595 1318 3665 ἐνέξεσθ’,
1370 3595 1401 3650 ἃ
1475 3594 1531 3650 δὲ
1601 3597 1867 3665 πλοσήκει

222 3688 535 3752 ποιοῦντες,
611 3684 692 3736 ὅτι
764 3683 1031 3738 πλείστων
1108 3685 1337 3740 ἐπαίνων
1431 3685 1691 3754 τεύξεσθε,
1775 3687 1870 3737 τοῦ

221 3773 539 3845 κρείττονος
589 3774 819 3847 γένεσθε,
869 3778 966 3828 τοῦ
1022 3774 1359 3830 πλεονεκτεῖν
1409 3775 1737 3836 ἀποστάντες
1786 3792 1798 3804 ·
1833 3773 1867 3841 ἢ

225 3865 303 3934 μή
336 3864 505 3934 μόνον
553 3859 761 3922 ἀδικίας
790 3864 926 3935 πρὸς
957 3863 1084 3926 τοὺς
1117 3863 1375 3933 οἰκείους,
1409 3862 1554 3918 ἀλλά
1601 3864 1689 3918 καὶ
1738 3883 1874 3934 προ-

225 3951 415 4010 δοσίας
466 3950 644 4004 αὐτῶν
691 3953 825 4025 πρὸς
880 3952 1011 4012 τοὺς
1057 3951 1331 4016 ἐναντίους
1378 3953 1614 4025 ἑτοίμως
1663 3951 1874 4006 ἁλώσε-

225 4044 320 4095 σθε
363 4059 376 4072 ⁸
455 4037 633 4109 δόξετε
687 4044 790 4113 γάρ
847 4042 928 4101 οἷς
978 4043 1041 4095 τὰ
1100 4043 1307 4097 τούτων
1363 4040 1538 4110 ἡδέως
1589 4042 1873 4114 ἁρπάζετε,

230 4128 366 4202 μηδ’
415 4129 478 4184 ἂν
526 4130 703 4185 αὐτῶν
754 4129 1006 4198 ἐθελῆσαι
1054 4132 1352 4206 φείσασθαι,
1401 4129 1548 4186 ἀλλά
1609 4132 1699 4186 καὶ
1761 4136 1877 4190 τοῖς

229 4221 459 4295 ἐχθροῖς
511 4218 572 4272 ἂν
616 4219 848 4292 ἑτοίμως
887 4221 1191 4295 χρημάτων
1238 4219 1418 4275 ε’ίνεκα
1463 4220 1686 4281 τούτους
1742 4240 1876 4294 προ-

227 4312 409 4376 έσθαι,
462 4312 520 4362 '0
567 4308 667 4382 γὰρ
726 4313 830 4362 τῶν
895 4314 1103 4382 μικρῶν
1157 4309 1246 4363 καὶ
1305 4307 1518 4364 σαύλων
1580 4309 1752 4369 οὕτως
1807 4311 1876 4377 ἡτ

228 4400 484 4471 τώμενος
531 4395 730 4470 πολλῷ
777 4397 988 4469 μᾶλλον
1031 4398 1093 4452 ἂν
1135 4400 1284 4452 τοῦτ’
1326 4397 1377 4452 ἐν
1409 4405 1524 4460 τοῖς
1551 4400 1876 4472 ὑπερέχουσι

231 4490 400 4543 πάθοι
439 4506 452 4519 ·
511 4487 664 4541 ταῦτ’
715 4487 800 4562 ἄρ’
857 4487 901 4541 εἰ
955 4489 1068 4542 καθ’
1119 4489 1257 4559 ὑμᾶς
1321 4487 1514 4549 αὐτοὺς
1580 4486 1877 4562 λογιεῖσθε,

233 4579 326 4632 καὶ
369 4578 454 4631 ὅτι
503 4578 566 4631 τὸ
610 4578 738 4637 τοὺς
787 4574 992 4639 ἄλλους
1037 4575 1238 4632 ἀδικεῖν
1284 4577 1468 4632 ἑαυτὸν
1514 4579 1565 4631 ἐν
1618 4583 1732 4638 τοῖς
1781 4598 1877 4649 με·

232 4668 444 4743 γίστοις
509 4667 598 4720 καὶ
655 4668 1036 4740 καιριωτάτοις
1113 4666 1256 4722 ἐστὶν
1325 4664 1548 4733 ἀδικεῖν,

239 4761 339 4833 μὶν
381 4757 440 4813 εὖ
492 4754 602 4811 οἶδ’
650 4754 734 4810 ὅτι
775 4758 1001 4826 ταυτησὶ
1056 4764 1155 4826 τῆς
1218 4755 1409 4829 μανίας
1441 4758 1529 4811 καὶ
1571 4761 1668 4812 τοῦ
1696 4761 1877 4818 κακῶς

242 4851 380 4921 ὑμᾶς
410 4846 609 4907 αὐτοὺς
658 4843 711 4898 ἐν
755 4849 833 4917 τῷ
877 4846 1004 4908 τοὺς
1033 4843 1238 4908 ἄλλους
1278 4852 1452 4900 ποιεῖν
1487 4863 1506 4881 ο
1536 4846 1798 4916 ἀσκήσετε
1824 4844 1882 4900 δί

242 4937 616 5005 δικαιοσύνην,
671 4935 761 4989 καὶ
816 4936 878 4990 τὸ
941 4936 1170 5011 μετρίως
1224 4937 1314 4990 καὶ
1388 4935 1639 4996 ἐπιεικῶς

244 5033 354 5101 χρῆ
365 5027 486 5081 σθαι
531 5043 546 5057 ⁸

1719 4937 1883 4989 ἅπασι

594 5023 647 5078 έν
696 5025 874 5096 τούτῳ
906 5024 998 5100 γέρ
1047 5025 1158 5080 ἐστι
1205 5027 1294 5080 καὶ
1333 5026 1396 5082 τὸ
1439 5025 1728 5100 τυγχάνειν
1763 5023 1889 5078 ἐσά-

243 5137 349 5169 παν
402 5113 804 5186 συναιρομένου
852 5117 984 5168 θεοῦ
1009 5131 1021 5144 ·
1056 5115 1124 5169 οὐ
1153 5114 1333 5168 τοίνυν
1376 5115 1502 5176 τοὺς
1539 5115 1632 5187 μὲν
1666 5113 1888 5168 ἐπὶτῶν

247 5202 438 5259 ὅπλων
485 5200 658 5262 οὕτως
707 5196 852 5277 ἔχειν
902 5203 992 5256 καί
1022 5203 1190 5278 ταύτῃ
1222 5203 1428 5259 κελεύω
1459 5208 1574 5268 τοῖς
1608 5204 1891 5279 πράγμασι

248 5293 512 5368 χρῆσθαι.

326 5383 388 5458 ιγ’
437 5379 834 5456 ’Δγορανόμοις
885 5377 941 5435 δὶ
987 5382 1075 5436 καὶ
1127 5381 1453 5456 ἀστυνόμοις
1500 5384 1590 5438 καὶ
1633 5389 1750 5444 τοῖς
1795 5379 1898 5438 ἀλι-

254 5472 366 5534 λως
414 5477 524 5528 τῶν
570 5469 788 5526 πόλεων
835 5472 1137 5546 ἁρμοσταῖς
1185 5473 1401 5528 πολλοῦ
1449 5473 1554 5529 δέω
1585 5477 1649 5529 τὰ
1694 5473 1902 5530 τοιαῦτ’

256 5563 590 5636 εἰσηγεῖσθαι
642 5577 657 5592 ·
717 5559 860 5616 ἀλλὰ
918 5562 1007 5615 καὶ
1065 5561 1276 5624 τούτοις
1335 5560 1487 5617 οὐδὲν
1543 5565 1710 5632 ἧττον
1755 5564 1902 5644 φημὶ

257 5650 364 5707 δεῖν
408 5656 520 5706 τῶν
573 5648 836 5705 τοιούτων
871 5669 886 5683 ⁸
933 5651 1023 5706 καὶ
1076 5650 1225 5724 μάλα
1254 5653 1305 5727 γ’
1349 5651 1570 5715 εἷ’κότως
1603 5673 1616 5686 ·
1649 5654 1774 5709 ὅταν
1801 5655 1903 5730 γὰρ

260 5743 379 5820 περὶ
424 5739 704 5797 τοσούτων
750 5741 837 5795 καὶ
894 5740 1237 5810 τηλικούτων
1294 5745 1392 5813 τήν
1449 5742 1689 5815 σπουδὴν
1741 5747 1902 5799 καθι-

1978 3452 2202 3510 volvitis
2233 3454 2291 3505 et
2319 3444 2588 3517 cogitatis
2617 3440 2770 3512 quod
2797 3437 2944 3493 alios
2969 3431 3198 3498 leaders,
3219 3425 3510 3484 oil‘endere
3537 3426 3629 3476 est

1977 3564 2256 3632 seipsum,
2316 3556 2387 3611 ab
2440 3553 2549 3609 hac
2619 3545 2915 3604 dementia
2968 3547 3124 3599 certo
3197 3536 3417 3594 certius
3490 3534 3548 3586 et
3594 3547 3628 3584 a

1981 3673 2174 3725 mente
2195 3664 2322 3722 aliis
2352 3662 2504 3718 male
2534 3657 2805 3720 faciendi,
2837 3669 2951 3725 qua
2981 3666 3041 3704 re
3072 3645 3232 3702 vobis
3283 3641 3426 3714 ipsis
3456 3652 3626 3694 noce-

1980 3769 2492 3842 tis,abstinebitis;
2517 3782 2547 3821 e
2569 3769 2769 3820 contra
2791 3759 3078 3832 justitiam
3109 3745 3451 3808 exercebitis
3480 3749 3537 3799 et
3565 3744 3625 3797 in

1981 3882 2254 3940 omnibus
2285 3877 2459 3932 rebus
2475 3868 2865 3928 moderatione
2888 3854 3444 3918 madhibebitisllac
3471 3849 3627 3904 enim

1983 3988 2316 4046 conditione
2376 3987 2554 4036 Deum
2615 3988 2844 4047 quoque
2914 3982 3142 4039 semper
3199 3965 3627 4033 cooperatorem

1986 4094 2246 4152 habebis.
2269 4091 2442 4144 Vides
2467 4103 2581 4158 quo
2614 4083 2784 4138 modo
2815 4077 2992 4133 armis
3024 4074 3105 4129 uti
3139 4075 3196 4127 et
3224 4066 3456 4139 negotia
3476 4079 3632 4117 com-

1988 4221 2200 4280 ponere
2230 4208 2285 4258 te
2310 4201 2507 4271 jubeo.

1633 4666 1880 4742 ἀφέξεσθε
1912 4671 1958 4737 D

2084 5399 2484 5459 tSJEdilibus
2514 5396 2709 5450 autem
2764 5383 3105 5453 ceterisque
3161 5374 3400 5432 urbanis
3458 5369 3644 5441 magi—

2011 5512 2292 5570 stratibus
2315 5511 2596 5580 praecepta
2624 5501 2757 5555 dare
2779 5513 2812 5552 a
2843 5508 2935 5549 me
2957 5491 3112 5548 absit
3136 5487 3148 5542 l
3182 5487 3317 5541 licet
3345 5483 3500 5540 circa
3530 5480 3654 5535 has-

2013 5646 2076 5686 ce
2109 5643 2198 5683 res
2227 5622 2500 5695 inprimis
2531 5614 2792 5673 instructi
2817 5624 2942 5664 esse
2972 5597 3484 5663 debeant.0uando
3501 5593 3658 5649 enim

2016 5741 2305 5816 ejusmodi
2339 5740 2511 5793 rebus
2555 5744 2783 5802 cperam
2819 5726 3032 5780 navant
3072 5719 3351 5783 civitates,
3387 5710 3508 5765 fieri
3541 5722 3657 5763 non
