4062 6308
504 323 622 391 519

1806 322 2199 395 THEODULI
2245 334 2597 401 MONACHI

3745 352 3848 415 520

504 465 717 533 potest,
757 462 896 534 quin
952 459 1146 533 legum
1206 453 1574 517 ferendarum
1632 464 1817 532 gratia
1874 472 2116 524 strenuo:

2253 473 2506 543 στῶνται,
2554 474 2644 527 καὶ
2684 475 2810 548 παρ’
2858 476 3047 538 αὐτοῖς
3088 478 3304 541 τούτοις
3334 479 3390 534 εὖ
3431 502 3485 537 τε
3529 482 3613 536 καὶ
3652 485 3718 546 ὡς
3750 485 3850 540 ἑτέ-

503 567 877 639 magistratus
906 564 1016 621 sibi
1046 564 1385 636 praeﬁciam,
1417 580 1665 636 quorum
1698 568 1813 622 vita
1851 586 1918 624 ac
1951 585 2143 627 mores

500 682 728 738 ceteris
756 696 861 753 pro
890 679 1155 752 exemplo
1213 695 1344 735 esse
1403 685 1670 752 possunt,
1701 681 1888 753 plebis
1946 689 2141 742 autem

499 788 643 844 adeo
672 788 1025 854 cultores,ut
1054 802 1228 843 nemo
1258 785 1618 859 plebeiorum
1649 788 1927 860 injuriam
1956 793 2142 863 patia-

497 898 613 951 tur.
647 894 859 951 Omnes
890 897 1083 951 autem
1114 893 1189 950 iis
1216 894 1704 965 obtemperabunt
1743 897 1845 967 ubi
1874 897 2137 961 viderint.

497 1017 716 1085 quanta
744 1012 829 1069 illi
878 1010 1181 1085 diligentia
1224 1010 1536 1068 utilitatem
1585 1011 1884 1084 publicam
1932 1018 2140 1071 curant

492 1135 561 1176 ac
588 1120 804 1175 damna
833 1137 868 1177 a
896 1119 1139 1191 singulis
1190 1122 1479 1185 avertunt,
1511 1134 1578 1174 ac
1608 1135 1817 1191 parum
1867 1120 1958 1176 sui
1989 1138 2141 1178 com-

493 1226 652 1282 modi
683 1241 973 1283 memores
1003 1227 1150 1282 bene
1191 1231 1407 1282 norunt
1436 1242 1498 1281 se
1544 1241 1645 1296 pro
1698 1226 1886 1283 salute
1924 1227 2136 1283 civium

487 1340 789 1400 institutos
820 1343 1171 1415 esse.Longe
1191 1343 1346 1398 enim
1378 1343 1492 1398 alia
1511 1348 1601 1398 est
1620 1358 1758 1398 cura
1782 1343 1864 1399 rei
1885 1343 2136 1400 familia-

486 1449 568 1506 ris
597 1453 655 1506 et
683 1450 763 1506 rei
794 1450 1062 1523 publicas,
1087 1448 1318 1505 sicutin
1350 1448 1557 1521 vulgus
1577 1454 1780 1505 notum
1811 1453 1919 1506 est.
1946 1449 2138 1506 Minus

489 1558 646 1615 enim
677 1562 744 1614 de
776 1560 897 1614 suis
928 1560 1102 1615 rebus
1132 1573 1310 1630 quam
1340 1558 1412 1613 de
1444 1556 1693 1629 publicis
1738 1556 1974 1613 solliciti
2012 1573 2136 1614 esse

488 1679 780 1746 poterunt,
814 1691 1064 1746 quarum
1095 1675 1241 1731 ratio
1291 1673 1603 1745 aliquando
1632 1674 1929 1730 reddenda
1958 1673 2133 1729 venit.

485 1781 669 1852 Igitur
710 1798 820 1836 non
859 1781 1134 1849 molliter,
1162 1797 1277 1836 non
1309 1780 1636 1837 indolenter
1666 1781 1997 1852 procedent,
2031 1781 2128 1837 sed

485 1889 567 1943 ita
599 1895 665 1943 ut
694 1904 924 1944 summo
956 1887 1149 1944 studio
1180 1893 1281 1944 aut
1310 1888 1368 1943 in
1395 1889 1618 1960 agendo
1646 1887 1821 1943 autin
1846 1887 2132 1959 loquendo

486 1998 744 2061 utantur,
768 2012 873 2053 nec
906 2011 1162 2067 unquam
1189 2012 1259 2051 ea
1289 1994 1585 2067 negligant
1613 1995 1765 2065 quod
1795 1996 1867 2049 ad
1899 2010 2129 2066 rempu-

488 2110 697 2169 blicam
730 2119 985 2186 spectat;
1046 2113 1104 2169 id
1144 2115 1296 2186 quod
1357 2112 1668 2185 Ctesiphon
1724 2111 2130 2167 Demosthenis

485 2217 696 2276 honori
724 2220 1253 2291 imputavit,dicens
1284 2236 1298 2275 :
1333 2242 1361 2270 ‹‹
1396 2220 1649 2292 Populus
1679 2220 2127 2278 Demosthenem

483 2348 699 2390 corona
727 2346 900 2387 aures
924 2330 1154 2385 redimit
1173 2330 1244 2385 ob
1273 2329 1539 2384 virtutem
1558 2333 1616 2385 et
1636 2344 1985 2400 generosum
2009 2327 2130 2383 ani-

479 2464 640 2503 mum
671 2462 842 2517 quem
875 2461 1008 2501 cum
1038 2444 1247 2500 Graecis
1277 2444 1574 2512 omnibus,
1605 2448 1728 2500 tum
1758 2443 2125 2501 Atheniensi-

470 2564 581 2620 bus
614 2563 1006 2620 manifestavit
1038 2563 1309 2618 maxime.
1344 2582 1373 2611 »
1404 2561 1535 2617 Haec
1565 2576 1698 2616 cum
1732 2560 1812 2616 ita
1850 2559 1997 2626 sint,
2024 2576 2125 2615 nos

466 2670 570 2744 qui
601 2674 814 2726 natura
844 2668 1115 2725 homines
1141 2684 1370 2737 sumus,
1403 2683 1604 2724 eorum
1635 2683 1763 2739 quae
1796 2682 1899 2734 per
1930 2666 2116 2721 forum

470 2782 1197 2855 circumvehuntur,large
1254 2781 1564 2854 participes
1620 2797 1746 2837 esse
1804 2797 2116 2846 meremur,

470 2908 591 2950 non
621 2891 1088 2949 tabernariorum
1123 2894 1503 2945 mercaturam
1533 2889 1813 2944 facientes
1861 2888 2118 2944 illibera-

467 3001 607 3065 lem,
639 3001 697 3053 et
724 2998 881 3053 unde
910 3011 1015 3052 nec
1039 2995 1303 3052 venditor
1332 3011 1435 3050 nec
1465 2998 1690 3066 emptor
1720 2993 1965 3067 proﬁcit.
1989 2997 2115 3050 Non

466 3104 626 3161 enim
651 3103 708 3158 id
740 3102 935 3175 agitur
961 3106 1026 3157 ut
1057 3101 1366 3157 commoda
1412 3106 1472 3156 et
1502 3098 1786 3156 utilitates
1818 3099 2114 3168 accedant,

2254 579 2361 629 ρως
2422 558 2800 617 κινδυνεύωσιν
2862 563 3034 639 ἴσχειν
3095 568 3150 621 αἱ
3194 566 3382 631 πόλεις
3432 570 3515 624 καὶ
3543 573 3605 625 τὰ
3641 577 3737 627 τῶν
3763 576 3850 629 πό·

2253 645 2393 702 λεων
2432 650 2746 724 πράγματα,
2798 655 2908 726 χρὴ
2950 655 3176 717 τούτους
3225 663 3436 732 πρῶτον
3471 660 3559 733 μὲν
3604 663 3853 723 τοιούτους

2252 734 2318 806 δή
2378 760 2529 801 τινας
2575 743 2694 794 καθ’
2745 741 2941 804 αὐτοὺς
2988 745 3128 799 εἶναι
3176 748 3263 800 καὶ
3316 748 3493 820 νόμων
3543 748 3702 805 εἵνεκα
3730 749 3851 826 λέγω

2249 830 2339 881 καί
2385 827 2688 892 πολιτείας,
2739 832 2830 885 καὶ
2890 835 3146 908 πράσσειν
3193 837 3226 891 ἃ
3276 835 3377 907 δεῖ,
3426 839 3499 901 ὡς
3545 838 3729 911 πολλῷ
3765 863 3853 896 τινι

2248 913 2512 991 προῦχειν
2554 924 2664 973 τῶν
2720 918 2931 990 ἄλλων,
2962 923 3053 978 κκὶ
3103 924 3225 998 βίου
3286 928 3561 1005 σώφρονος
3609 930 3729 983 εἶναι
3763 951 3853 984 παι

2248 1002 2519 1080 ράδειγμα
2552 1027 2565 1041 ο
2599 1004 2765 1063 ἔπειθ’
2797 1010 2939 1064 οὕνω
2989 1010 3198 1089 σφόδρα
3241 1002 3589 1088 δημοτικοὺς,
3613 1017 3698 1072 καὶ
3725 1018 3852 1081 ὅπως

2248 1092 2564 1164 ἀδικήσεται
2616 1098 2709 1170 μὲν
2760 1096 2945 1169 δηδεὶς
2992 1106 3099 1156 τῶν
3148 1108 3245 1158 τοῦ
3303 1102 3504 1177 δήμου.
3556 1105 3622 1161 Εὖ
3669 1104 3721 1161 δὲ
3753 1109 3856 1162 πεί-

2248 1204 2434 1238 σονται
2480 1186 2674 1248 πάντες
2726 1184 2815 1243 διὰ
2856 1189 3068 1246 πάντων
3114 1197 3466 1263 σκοποῦντας,
3514 1195 3600 1249 καὶ
3642 1201 3744 1251 τῶν
3787 1198 3855 1259 εἰς

2245 1276 2407 1326 τοῦτο
2451 1276 2722 1350 φερόντων
2776 1268 3012 1348 μηδενὸς
3062 1277 3442 1357 φειδομένους,
3511 1280 3634 1355 μηδ’
3675 1283 3731 1339 ἂν
3773 1282 3856 1339 αὖ·

2245 1365 2364 1422 τοῖς
2412 1360 2648 1418 ἐντεῦθεν
2698 1361 2965 1441 συμϐαίνῃ
3019 1367 3375 1442 βλᾶπτεσθαι,
3426 1372 3499 1434 ὡς
3544 1374 3712 1427 κοινὸν
3750 1369 3855 1451 ὄφε-

2248 1449 2344 1512 λος
2393 1456 2552 1506 πᾶσιν
2602 1455 2690 1508 καὶ
2738 1455 2955 1511 ἀκούειν
3009 1460 3101 1513 καὶ
3149 1460 3324 1514 εἶναι·
3374 1466 3480 1516 τῶν
3524 1464 3612 1535 μὲν
3642 1461 3742 1533 ἰδίᾳ
3770 1449 3846 1516 καὶ

2245 1541 2381 1594 κατὰ
2426 1548 2559 1618 σφᾶς
2622 1544 2830 1619 βραχὺν
2888 1566 3011 1602 τινα
3070 1547 3231 1623 λόγον
3263 1568 3276 1582 ’
3310 1551 3339 1604 ’ὀ
3386 1548 3442 1605 δὲ
3488 1555 3638 1626 κοινῇ
3688 1551 3855 1624 μέλλει

2246 1628 2526 1698 συνοίσειν,
2572 1637 2742 1686 πᾶσαν
2791 1635 2987 1689 τούτου
3036 1635 3160 1711 πὲρι
3209 1636 3453 1710 σπουδὴν
3500 1640 3855 1714 ποιουμένους,

2244 1715 2452 1780 εἰδότας
2482 1721 2556 1773 ὦν
2618 1720 2794 1775 εἵνεκα
2850 1721 3219 1798 προῦστησαν.
3276 1724 3350 1783 Οὐ
3416 1728 3517 1804 γὰρ
3568 1724 3719 1798 ἔστιν,
3772 1727 3855 1782 οὐκ

2168 1848 2211 1911 Β
2242 1804 2353 1861 ἔοτι
2412 1809 2504 1862 τὸν
2556 1810 2718 1864 αὐτὸν
2774 1813 2977 1884 τρόπον
3040 1812 3171 1888 ὑπὲρ
3216 1834 3275 1869 τε
3319 1819 3428 1869 τῶν
3469 1821 3658 1871 κοινῶν
3684 1818 3764 1871 καὶ
3791 1816 3853 1869 ὧν

2243 1897 2408 1958 αὐτός
2437 1918 2520 1959 τις
2554 1896 2777 1961 ἓκαςτος
2820 1897 2958 1975 ἔχει,
3012 1904 3337 1977 φροντίζειν,
3369 1901 3482 1958 οὐδ’
3515 1904 3671 1980 ἐγγύς
3702 1926 3714 1939 ο
3746 1903 3857 1959 ἀλλ’

2247 1987 2380 2072 ύπὲρ
2439 1988 2533 2059 μὲν
2587 1987 2793 2043 τούτων
2835 1991 2987 2052 ὅπως
3043 1990 3103 2045 ἂν
3163 1990 3344 2054 αὐτοῖς
3390 1991 3518 2069 δόξῃ
3560 1995 3853 2072 φροντίζειν,

2237 2071 2414 2128 τίσασιν
2472 2073 2700 2139 ἅπαντες
2728 2097 2740 2110 '
2806 2078 2939 2150 ὑπὲρ
2972 2076 3030 2133 δὲ
3056 2085 3165 2134 τῶν
3206 2078 3491 2151 δημοσίων
3520 2071 3627 2157 οὐχ
3655 2082 3810 2143 οὕτως
3843 2099 3854 2112 ·

2240 2161 2388 2217 ἀλλὰ
2443 2167 2787 2240 φροντίζουσι
2848 2169 2942 2239 μὲν
2995 2168 3169 2223 αὐτῶν
3229 2168 3280 2240 ἐξ
3338 2170 3573 2245 ἀνάγκης
3619 2170 3733 2225 ὅταν
3771 2168 3859 2223 λά-

2241 2270 2406 2324 χωσι,
2468 2254 2811 2331 φροντίξουσι
2869 2253 2928 2310 δὲ
2983 2257 3060 2320 ὡς
3134 2259 3411 2335 ὑφέξοντες
3480 2259 3640 2335 λόγον
3699 2276 3712 2289 ⁸
3791 2258 3856 2319 ὦς

2240 2338 2474 2414 ἀνᾶγκην
2526 2340 2757 2398 ἐντεῦθεν
2814 2341 2963 2419 ἔχειν
3021 2346 3098 2418 μὴ
3166 2350 3456 2423 παρέργως
3525 2347 3652 2422 μηδ’
3719 2345 3855 2422 ἐῤῥᾳ·

2238 2432 2645 2502 στωνευμένως,
2682 2431 2814 2506 μηδ’
2845 2435 2921 2497 ὡς
2952 2429 3112 2511 ἔτυχε
3167 2443 3285 2500 τοῖς
3338 2438 3647 2514 πράγμασιν
3693 2435 3856 2514 ἔγχει·

2237 2525 2346 2592 ρεῖν
2383 2540 2396 2553 ·
2455 2520 2603 2576 ἀλλὰ
2661 2524 2775 2586 μεθ’
2838 2523 2972 2594 ὅσης
3029 2523 3090 2578 ἄν
3148 2547 3232 2588 τις
3282 2530 3359 2601 φῇ
3399 2534 3501 2595 τῆς
3531 2523 3857 2597 σπουδῆς,τά

2240 2608 2496 2682 βέλτιστα
2523 2615 2603 2682 τῷ
2662 2608 2825 2685 δήμῳ
2880 2616 2969 2668 καὶ
3003 2613 3178 2687 λέγειν
3228 2616 3322 2670 καὶ
3368 2618 3620 2691 πράττειν
3650 2616 3730 2669 καὶ
3765 2634 3856 2687 μη-

2235 2695 2318 2751 δὲν
2374 2699 2683 2772 προθυμίας
2740 2699 3013 2757 ἐλλείπειν
3078 2704 3210 2775 ὑπὲρ
3264 2708 3360 2759 τοῦ
3409 2709 3568 2770 κοινῆ
3624 2701 3851 2779 γιγνομέ-

2433 2786 2463 2841 ὅ
2501 2789 2592 2842 καὶ
2656 2794 2736 2862 τῷ
2794 2796 3043 2846 Παιανιεῖ
3107 2791 3440 2865 Δημοσθένει
3516 2791 3850 2871 Κτησιφῶνὸ

2231 2877 2571 2939 Λεωσθένους
2620 2875 2671 2931 ἐν
2721 2883 2800 2950 τῷ
2846 2880 2971 2954 περὶ
3024 2885 3121 2935 τοῦ
3166 2884 3429 2960 στεφάνου
3492 2879 3846 2957 προσεμαρτύ-

2231 2983 2310 3038 ρει
2342 2966 2651 3043 ψηφίσματι
2683 2964 2856 3043 λὲγων
2886 2967 2968 3023 ὅτι
3005 2996 3025 3020 ι
3062 2977 3325 3047 Στεφανοῖ
3371 2968 3554 3046 δῆμος
3589 2968 3843 3044 Δημοσθέ-

2226 3073 2324 3123 νην
2383 3056 2758 3126 Δημοσθένους
2811 3058 3068 3112 Παιανιέα
3122 3064 3314 3137 χρυσῷ
3370 3060 3625 3138 στοφάνῳ
3676 3061 3836 3133 ἀρετῆς

2225 3142 2400 3200 ε’ίνεκα
2452 3146 2540 3201 καὶ
2597 3147 2831 3217 εὐνοίας,
2876 3150 2945 3219 ἧς
2993 3147 3137 3225 ἔχων
3197 3148 3442 3206 διατελεῖ
3506 3151 3584 3213 ε’ίς
3634 3170 3685 3206 τε
3726 3145 3831 3205 τοὺς

2231 2807 2324 2840 νου
2356 2804 2369 2817 ⁹

467 3223 566 3280 sed
588 3221 782 3279 omnis
804 3220 1100 3293 injustitia
1118 3219 1417 3290 injustitiaa
1446 3223 1505 3275 et
1523 3217 1716 3291 legum
1739 3219 2115 3275 observantia

2225 3231 2501 3303 Ἓλληνας
2540 3236 2773 3297 ἅπαντας
2811 3217 2910 3290 καὶή
2954 3217 3062 3291 τὸν.
3105 3235 3280 3308 δῆμον
3330 3243 3443 3294 τῶν
3491 3237 3784 3310 Ἀθηναίων.
3814 3254 3835 3285 ι

466 3345 652 3401 cedet.
685 3345 820 3410 Quae
878 3346 943 3397 ut
995 3342 1337 3413 contingant
1388 3342 1449 3397 in
1506 3340 1772 3397 omnium
1829 3342 1978 3397 votis
2006 3349 2112 3398 est.

467 3453 613 3520 Quis
641 3453 796 3509 enim
822 3449 1009 3507 nescit
1045 3450 1222 3521 quod,
1254 3451 1302 3505 si
1342 3450 1594 3522 populus
1637 3450 2029 3507 moderatione
2058 3454 2116 3506 et

465 3571 754 3645 sapientia
789 3578 846 3626 et
899 3568 1180 3625 modestia
1225 3568 1432 3637 utitur,
1465 3566 1670 3637 majori
1727 3568 2113 3624 mstimatione

461 3691 677 3761 dignus
709 3688 1024 3746 censetur?
1051 3691 1110 3742 et
1152 3686 1307 3758 quod
1357 3701 1389 3742 e
1429 3689 1636 3741 contra
1664 3684 1711 3739 si
1760 3685 2107 3743 seditiosum

459 3821 586 3864 sese
615 3811 673 3864 et
695 3807 859 3878 justo
890 3805 1261 3862 audaciorem
1307 3808 1365 3860 et
1411 3803 1635 3875 legibus
1674 3804 2106 3860 inobedientem

457 3914 786 3987 prmbuerit,
820 3912 1161 3987 paenitentia
1215 3926 1457 3984 pravum
1491 3912 1591 3984 qui
1624 3912 1830 3979 fuerat,
1860 3911 1920 3966 in
1954 3912 2103 3983 frugi

462 4022 762 4079 hominem
820 4019 1286 4089 transformabit,
1318 4020 1470 4076 sicut
1524 4036 1711 4091 equus
1768 4019 1963 4092 pullus
2003 4034 2107 4091 per

461 4131 765 4188 domitoris
782 4146 1025 4187 manum
1043 4146 1113 4186 ex
1129 4128 1526 4186 recalcitrante
1541 4126 1809 4184 etelireni
1820 4143 2101 4200 perquam

456 4246 659 4303 docilis
687 4246 868 4303 evasit
896 4254 950 4303 et
980 4262 1217 4302 currum
1267 4244 1517 4311 trahere,
1539 4243 1667 4315 jugi
1710 4244 1936 4315 patiens
1978 4259 2104 4300 esse

451 4354 702 4410 didicit?
730 4353 1005 4421 Quocirca
1033 4352 1162 4410 illos
1194 4352 1407 4426 probos
1453 4356 1513 4409 et
1555 4352 1815 4409 moribus
1845 4352 2102 4425 egregios

449 4461 576 4517 ﬁeri
604 4461 836 4532 expedit
862 4464 920 4516 et
949 4463 1185 4533 propter
1223 4459 1444 4531 seipsos
1492 4461 1550 4514 et
1598 4462 1937 4514 casterorum
1970 4474 2099 4530 gra-

2222 3322 2495 3379 Τοιούτων
2542 3322 2599 3379 δὲ
2652 3325 2859 3381 τούτων
2919 3325 3090 3383 ὅντων
3144 3327 3234 3382 καὶ
3292 3328 3443 3383 οὕτω
3496 3325 3842 3401 διακειμένων,

2223 3412 2321 3466 ὅσα
2380 3413 2474 3484 μὲν
2534 3413 2611 3475 εἷς
2669 3414 2871 3491 ἀγορὰν
2920 3413 3042 3485 ἤκει
3073 3415 3161 3471 καὶ
3208 3418 3271 3472 τὸ
3326 3414 3547 3475 πάντων
3601 3420 3679 3478 οἷς
3707 3411 3844 3493 ἐφ⁹ᾧ

2220 3507 2487 3575 περιεῖναι
2534 3503 2623 3557 καὶ
2685 3507 2806 3577 ζῇν,
2864 3506 3104 3583 χρῆσθαι
3179 3506 3496 3583 πεφύκαμεν
3575 3505 3844 3578 ἄνθρωποι,

2224 3591 2470 3666 μετέχειν
2527 3588 2676 3667 ἔχειν
2736 3593 3000 3671 ἀφθόνως,
3059 3595 3147 3649 καὶ
3203 3593 3575 3658 παντοδαποῖς
3629 3591 3849 3649 τουτοισὶ

2216 3681 2583 3755 περιρρεῖσθαι
2643 3700 2657 3714 ·
2707 3682 2795 3736 καὶ
2849 3685 2988 3755 μήτε
3028 3682 3332 3754 καπηλείας
3380 3684 3639 3752 ἀτόπους,
3670 3683 3754 3736 καὶ
3792 3678 3846 3738 ἃς

2218 3769 2316 3824 οὐκ
2364 3768 2531 3841 ’ἔξεστ’
2588 3771 2837 3841 ἐπινοεῖν,
2901 3774 3031 3846 μήθ’
3104 3772 3222 3827 ὅθεν
3294 3779 3413 3836 τοῖς
3490 3771 3847 3844 ταλαιπώροις

2217 3857 2363 3914 ἔσται
2417 3860 2673 3923 πολίταις
2716 3861 2887 3935 ζημία
2944 3863 3035 3916 καὶ
3097 3857 3322 3937 βλάϐος,
3354 3868 3479 3926 τοῖς
3524 3861 3573 3918 δ’
3603 3863 3705 3936 οὐχ
3733 3861 3845 3914 ὅσον

2214 3949 2488 4020 καπήλοις
2516 3947 2641 4004 οὐδὲ
2672 3950 3116 4024 παλιγκαπήλοις
3150 3971 3163 3983 ’
3199 3950 3345 4007 ἀλλὰ
3382 3957 3547 4008 τοῦτο
3594 3949 3847 4009 πολλάκις

2214 4035 2284 4093 δι’
2331 4039 2406 4092 ὧν
2462 4038 2787 4113 πράττουσιν
2846 4036 3015 4111 οὖσιν,
3072 4039 3299 4113 εὐπορία
3353 4041 3445 4095 καὶ
3506 4038 3710 4114 κέρδος,
3765 4036 3845 4090 καί

2212 4123 2528 4199 ξυλλήϐδην
2579 4129 2770 4199 εἰπεῖν,
2822 4135 2997 4186 πᾶσαν
3046 4132 3141 4203 μὲν
3190 4127 3401 4186 ἄδικίαν
3449 4130 3659 4186 τούτων
3698 4128 3843 4182 ἀπεῖ-

2211 4239 2318 4288 ναι,
2369 4219 2626 4291 εὐνομίαν
2686 4217 2746 4274 δὲ
2789 4219 2881 4274 καὶ
2939 4216 3283 4290 δικαιοσύνην
3327 4220 3463 4293 μετὰ
3502 4216 3715 4274 πολλοῦ
3756 4217 3842 4270 τοῦ

2209 4307 2494 4381 περιόντος
2525 4306 2615 4364 διὰ
2671 4308 2882 4364 πάντων
2927 4315 3256 4384 προσεῖναι·
3316 4310 3492 4364 πάντα
3549 4305 3639 4362 οὗν
3691 4308 3842 4360 ταῦτα

2209 4397 2283 4458 ὡς
2338 4396 2611 4453 κάλλιστα
2663 4393 2797 4468 ἕξειν
2855 4398 2947 4453 καὶ
3005 4398 3142 4453 πάνυ
3199 4418 3287 4452 τοι
3318 4398 3434 4453 κκτ⁹
3465 4396 3657 4469 εὐχήν.
3688 4391 3847 4449 Ἀλλᾶ

2207 4489 2290 4554 τίς
2336 4490 2437 4544 υύκ
2493 4486 2655 4558 οἶδεν,
2696 4489 2771 4551 ὡς
2819 4487 2907 4545 ἐάν
2959 4510 3023 4544 το
3070 4491 3099 4544 ὁ
3163 4485 3341 4561 δῆμος
3404 4487 3624 4561 μέτριος
3677 4483 3713 4559 ᾖ
3763 4484 3842 4537 καί

449 4568 531 4624 tia
561 4567 778 4639 quibus
807 4574 1081 4640 praesunt,
1112 4571 1170 4623 et
1216 4581 1467 4638 quorum
1518 4566 1759 4621 interest
1788 4573 1848 4620 ut
1896 4568 2102 4636 praeto-

2225 4581 2448 4648 ιπιεικὴς
2502 4580 2596 4633 καὶ
2647 4583 2947 4655 σωφρονεῖν
2978 4577 3360 4650 ἐπιστάμενος,
3383 4574 3587 4649 πολλῷ
3621 4573 3842 4649 βελτίων

448 4691 541 4730 res
571 4673 783 4746 integri
817 4674 957 4730 sint.
988 4673 1095 4729 Sed
1127 4677 1282 4729 certo
1333 4688 1451 4728 non
1490 4687 1560 4728 ea
1589 4679 1809 4727 tantum
1860 4687 1920 4726 re
1961 4672 2099 4728 civi-

447 4786 599 4838 tates
629 4781 950 4838 subsistant
992 4784 1166 4851 atque
1210 4783 1575 4852 prosperant,
1602 4789 1849 4851 quarum
1881 4778 2100 4835 securi-

448 4897 535 4945 tas
564 4888 623 4944 in
656 4889 940 4945 mmuium
972 4888 1176 4944 robore
1206 4887 1473 4943 consistit
1492 4903 1606 4943 non
1629 4886 1821 4942 minus
1842 4902 2017 4958 quam
2036 4887 2096 4942 in

440 4994 897 5068 magistratuum
930 4994 1261 5068 prudentia,
1294 5007 1387 5050 me
1435 4992 1672 5066 quidem
1713 4993 1951 5064 judice;
2003 4989 2095 5047 cui

438 5111 708 5181 equidem
738 5112 931 5168 ofﬁcio
980 5109 1240 5183 singulos
1280 5110 1615 5166 satisfacere
1661 5108 1932 5176 arbitror,
1960 5124 2093 5165 cum

444 5218 851 5291 unusquisque
904 5218 1266 5289 aediﬁcando,
1323 5217 1713 5274 construendo
1768 5215 2091 5284 machinas,

444 5322 640 5380 omnis
669 5325 898 5395 generis
926 5324 1214 5382 exercitiis
1242 5325 1300 5380 id
1330 5324 1589 5381 efﬁciunt
1620 5327 1685 5379 ut
1730 5321 2089 5379 obsidionem

439 5438 571 5496 sine
601 5455 807 5511 magno
836 5439 1034 5496 labore
1061 5440 1257 5497 subire
1303 5439 1512 5508 valeat,
1545 5440 1685 5495 dum
1735 5437 1949 5494 civium
1990 5451 2090 5508 ag-

441 5562 574 5601 men
609 5546 753 5602 bene
782 5552 1073 5601 armatum
1105 5546 1285 5601 animi
1318 5545 1575 5614 vigorem
1628 5559 1920 5600 armorum
1953 5544 2086 5600 usui

442 5669 750 5724 nunquam
778 5670 890 5708 non
912 5652 1403 5721 adjicit.0uandiu
1419 5653 1573 5708 enim
1599 5652 1804 5725 Sparta
1822 5652 1949 5709 sine
1969 5667 2091 5708 mu-

2206 4668 2436 4723 ἐντεῦθεν
2489 4662 2635 4723 ἔσται
2693 4667 2783 4722 καὶ
2851 4664 3227 4741 δοκιμώτερος
3288 4668 3568 4741 χρῆσθαι;
3631 4664 3715 4718 ἐάν
3786 4680 3840 4715 τε

2204 4756 2537 4825 τούναντίον,
2584 4752 2893 4827 στασιώδης
2921 4777 3005 4817 τις
3051 4755 3141 4810 καὶ
3179 4753 3469 4827 τολμηρὸς
3527 4752 3618 4808 καὶ
3657 4752 3838 4828 θρασύς

2205 4848 2292 4900 κσὲ
2320 4847 2511 4920 νόμοις
2542 4845 2644 4900 οὐκ
2699 4842 2876 4907 ε’ίκων,
2927 4841 3265 4917 παλινῳδίαν
3311 4841 3502 4914 ᾅσετας
3550 4840 3640 4897 καὶ
3684 4857 3840 4913 μετα-

2205 4931 2366 4990 ϐαλεῖ
2419 4936 2509 4990 καὶ
2565 4936 2756 4989 θᾶττον
2816 4928 2962 4989 ἔσται
2993 4935 3235 5009 ’χρηστὸς
3284 4932 3403 4988 ἀντὶ
3431 4932 3677 5003 πονηροῦ
3708 4949 3721 4995 ;
3751 4946 3838 4981 κα·

2203 5025 2369 5100 θάπερ
2422 5045 2504 5086 τις
2554 5022 2744 5085 πῶλος
2807 5017 3068 5097 ὑϐριστὴς
3121 5023 3213 5078 καὶ
3282 5020 3664 5080 δυσκάθεκτος,
3717 5019 3837 5071 θαυ-

2206 5117 2415 5184 μαστοῦ
2470 5133 2614 5174 τινος
2672 5110 3042 5185 πωλοδάμνου
3096 5112 3304 5186 τυχὼν,
3359 5109 3417 5165 εὖ
3468 5106 3602 5182 μάλ’
3632 5103 3830 5165 εἰδότος

2201 5204 2347 5276 ἅρμα
2403 5200 2665 5268 ἐλαύνειν,
2723 5200 2814 5256 καὶ
2866 5199 3043 5256 δεινοῦ
3100 5201 3168 5257 τὰ
3220 5203 3485 5255 τοιαῦτα’
3547 5194 3687 5251 ὥστε
3747 5196 3830 5247 καί

2198 5292 2314 5345 κατ’
2343 5290 2472 5345 αὐτὸ
2518 5294 2681 5345 τοῦτο
2727 5289 3007 5364 χρηστοὺς
3046 5287 3246 5351 αὐτοὺς
3283 5289 3421 5343 εἶναι
3471 5282 3554 5340 δει
3594 5284 3684 5339 καὶ
3721 5286 3828 5342 τοῖς

2199 5379 2351 5441 ὅλοις
2396 5378 2714 5454 βελτίστους
2762 5379 2854 5434 καὶ
2915 5383 3062 5454 σφῶν
3131 5376 3288 5434 εἵνεκ’
3353 5377 3551 5443 αὐτῶν,
3614 5373 3703 5428 καὶ
3764 5371 3834 5425 ὧν

2199 5467 2378 5541 δήπου
2425 5466 2784 5541 προίστανταῑ
2820 5487 2832 5498 ·
2864 5468 2933 5521 τὰ
2988 5467 3090 5544 γὰρ
3150 5465 3363 5523 ἐκείνων
3408 5463 3572 5519 ὁποῖά
3627 5462 3748 5516 ποτ’
3774 5458 3830 5513 ἄν

2194 5559 2252 5629 ᾖ,
2286 5556 2365 5619 εἷς
2392 5556 2615 5620 τούτους
2649 5556 2866 5629 μάλιστ’
2912 5554 3122 5628 ἄνήκει.
3156 5562 3273 5611 "Et:
3323 5552 3496 5611 τοίνυν
3545 5548 3830 5622 ἐπειδήπερ

2195 5649 2292 5703 οὐκ
2324 5646 2560 5703 ἐντεῦθεν
2611 5650 2776 5723 μόνον
2828 5646 2885 5702 εὖ
2943 5647 3276 5702 συνίστανται
3307 5644 3513 5710 πόλεις,
3559 5638 3673 5695 οὐδ’
3702 5636 3825 5695 αὐτὰ
