4062 6308
173 424 284 485 521

1205 430 1495 492 ORATIO
1544 430 1639 490 DE
1663 428 2196 516 VSUBDITORUM
2243 429 2591 494 OFFlClIS.

3477 438 3596 501 522

169 561 345 615 ταῦτα
403 563 550 635 πρὸς
593 563 880 638 εὐπραγίαν
923 563 1168 639 ἀπόχρη,
1208 563 1336 619 ἀλλ’
1385 561 1535 636 εἷ’περ
1584 584 1681 618 του
1732 567 1822 618 τῶι

1954 565 2033 618 ris
2064 567 2207 632 erat,
2257 563 2577 622 inoolarum
2626 565 2898 624 fortitudo
2946 569 3235 627 omnibus
3267 585 3366 627 eos
3396 571 3598 628 formi-

169 653 401 706 πάντων
471 652 560 707 καὶ
617 658 715 708 τοῦ
775 674 837 730 γε
887 659 1090 732 τειχῶν
1149 651 1205 708 εὗ
1272 649 1418 728 ἔχειν
1488 653 1576 706 καὶ
1635 649 1842 728 σφόδρα

170 740 458 820 ἀσφαλῶς
500 741 646 816 ἔχειν
686 742 880 798 πόλεσι
922 743 1161 815 μάλιστα
1201 740 1317 796 δεῖ·
1365 743 1500 816 μετά
1554 739 1611 797 δὶ
1647 744 1845 803 παντὸς

178 829 412 902 μᾶλλον
446 839 548 899 τῆς
587 831 845 902 τοιαύτης
881 832 1135 905 προνοίας
1176 832 1450 886 τουτοισὶν
1493 833 1566 893 ὡς
1597 831 1844 906 προστά-

170 941 318 988 ταις,
374 921 476 976 καὶ
517 925 665 976 τοῦτ’
715 925 773 975 ἂν
828 920 1011 981 αὐτοῖς
1071 920 1263 995 ἄριστα
1309 921 1398 975 καὶ
1463 921 1597 993 μετὰ
1643 921 1843 982 παντὸς

169 1015 267 1064 τοῦ
332 1010 680 1085 γιγνομένου
732 1009 944 1083 νομίζω
999 1011 1335 1083 πεπρᾶχθαι,
1398 1009 1509 1081 ἐὰν,
1588 1009 1845 1064 ἑκάστοτε

172 1101 326 1155 ταῦθ’
394 1100 554 1162 ὅπως
622 1097 741 1174 ἔχει
807 1101 1107 1174 περιιόντες
1175 1103 1444 1167 σκοπῶσι,
1512 1100 1600 1152 καὶ
1670 1096 1840 1172 μηδὲν

173 1191 308 1263 ὑπὲρ
381 1189 603 1246 τούτων
661 1191 851 1244 ἀνιῶσι
911 1187 1173 1260 σπουδῆς,
1235 1186 1677 1262 οἰκοδομοῦντες,
1729 1188 1841 1243 ἑπι-

172 1281 570 1349 σκευάζοντες,
617 1279 772 1334 πάντ’
823 1279 1147 1351 ἀσκούμενοι
1193 1279 1416 1353 τρόπον,
1469 1277 1550 1353 ἐφ’
1595 1279 1641 1349 ᾧ
1688 1280 1838 1332 ταῦθ’

171 1370 245 1429 ὡς
312 1367 776 1444 ἰῤῥωμενέστατα
840 1369 928 1422 καὶ
1021 1368 1398 1442 στεγανώτατα
1489 1365 1580 1421 καὶ
1667 1367 1837 1442 ἀσφα-

169 1455 420 1512 λέστατα
489 1457 580 1512 καὶ
638 1462 811 1511 πᾶσαν
857 1457 916 1510 ἂν
974 1455 1214 1531 εὐχερῶς
1267 1454 1551 1530 ἐνεγκόντα
1606 1455 1836 1530 πολιορ-

168 1545 293 1600 κίαν
330 1545 646 1620 εἰργάσθαι,
679 1545 768 1598 καὶ
810 1544 956 1606 ὅλως
1005 1546 1196 1620 ἄμαχα
1243 1549 1362 1608 τοῖς
1407 1543 1721 1617 πολεμίοις,
1756 1549 1837 1616 τῷ

169 1657 225 1690 τε
279 1635 471 1708 ταύτῃ
534 1636 985 1707 παρασκευάσθαι,
1063 1635 1150 1688 καὶ
1212 1631 1429 1708 προσέθ⁹
1487 1632 1683 1697 ὅπλοις
1761 1635 1834 1695 ὡς

168 1723 471 1779 πλείστοις
514 1725 848 1801 πεφράχθαι,
897 1729 978 1796 τῷ
1025 1745 1083 1778 τε
1131 1721 1362 1785 πολίτας
1413 1721 1587 1802 ἴσχειν
1635 1725 1835 1797 φρονή-

174 1835 354 1887 ματος
386 1814 664 1890 γέμοντας
695 1813 785 1868 καὶ
830 1813 1167 1886 μελετῶντας
1203 1816 1270 1868 τὰ
1310 1811 1534 1868 τακτικά
1560 1831 1574 1844 °
1629 1813 1832 1881 ταύτης

1961 671 2186 728 dandos
2217 672 2485 728 reddidit.
2509 672 2662 730 Bene
2691 674 2869 746 igitur
2904 675 2977 731 iis
3006 677 3104 748 qui
3138 675 3596 749 interrogabant.

1947 791 2054 830 cur
2083 776 2168 832 sic
2196 777 2322 834 sine
2357 779 2544 835 muris
2574 787 2794 849 essent,
2836 798 3184 854 responsum
3221 785 3348 852 fuit,
3382 787 3432 842 si
3467 801 3598 842 mu-

1947 881 2028 937 ris
2061 882 2336 939 fortitudo
2369 885 2699 952 adderetur,
2745 903 2812 944 eo
2846 889 3034 961 magis
3063 889 3309 946 invictos
3335 891 3455 948 fore
3487 892 3593 947 La—

1947 989 2352 1047 cedamonios.

173 1905 266 1975 μὲν
312 1912 428 1972 τῆς
489 1902 742 1977 βοηθείας
803 1903 1070 1972 ἀπούσης,
1124 1902 1319 1976 μικρὰν
1376 1901 1558 2006 οὖσαν,
1597 1900 1828 1970 ἆκείνην,
1859 1939 1909 2006 Β

169 1992 472 2067 παρούσης
543 1991 724 2063 μέντοι
789 1992 877 2046 καὶ
944 1991 1082 2045 πάνυ
1145 1991 1402 2065 μεγίστην
1445 2007 1460 2024 ⁸
1528 1988 1665 2045 ὅπου
1723 1992 1828 2066 γὰρ

168 2082 502 2157 ἀτειχίστου
558 2089 659 2149 τῆς
716 2082 970 2154 Σπάρτης
1027 2077 1218 2150 οὔσης,
1276 2081 1337 2134 τὸ
1412 2081 1666 2153 φρόνημα
1721 2085 1827 2135 τῶν

172 2171 542 2226 ἐνοικούντων
599 2171 690 2224 καὶ
750 2170 914 2244 μόνον
978 2167 1194 2244 Ἱσχυσι,
1261 2170 1347 2224 καὶ
1427 2165 1650 2245 φοϐεροὶ
1709 2174 1828 2231 τοῖς

170 2263 374 2316 ἅπασιν
430 2261 570 2329 ἦσαν
599 2280 610 2292 ο
672 2261 746 2321 ὡς
797 2261 930 2333 πρὸς
977 2259 1104 2320 τοὺς
1153 2258 1438 2333 ἑρομὲνους
1489 2259 1617 2313 ὅτου
1661 2258 1826 2333 χάριν

173 2351 275 2406 εἶεν
312 2351 648 2425 ἀτείχιστοι,
695 2351 844 2404 ταῦτ’
884 2349 940 2404 εὖ
984 2348 1114 2422 μάλ’
1152 2350 1568 2419 ἀποκρίνασθαι,
1611 2347 1662 2402 τί
1711 2349 1823 2423 χρὴ

174 2440 428 2513 νομίζειν
462 2441 665 2516 ἀμφοῖν
699 2439 976 2494 συνόντοιν
1005 2461 1019 2510 ;

257 2528 344 2588 ιδ’.
410 2530 508 2584 Καὶ
572 2527 791 2601 μάλισθ’
831 2528 955 2584 ὅταν
1003 2530 1055 2584 οἳ
1099 2527 1387 2606 φυλάττειν
1431 2529 1695 2603 λαχόντες
1749 2530 1824 2600 μή

179 2615 623 2692 τριώϐολιμαῖοι
680 2618 769 2672 καὶ
827 2620 1051 2688 πένητες
1108 2619 1198 2673 καὶ
1253 2623 1349 2673 τοῦ
1401 2614 1629 2689 μηδενὸς
1687 2617 1826 2688 ἄξιοι

183 2709 533 2784 τυγχάνωσιν
596 2707 768 2770 ὄντες,
827 2705 952 2762 ἀλλ’
1010 2711 1120 2763 οἷοι
1167 2707 1256 2762 καὶ
1319 2707 1494 2768 οἰκίας
1538 2711 1685 2780 σφῶν
1735 2707 1823 2762 καὶ

195 2798 394 2872 ἀγροὺς
435 2797 482 2850 ὲν
523 2795 688 2850 πόλει
737 2797 826 2850 καὶ
873 2798 1077 2869 τάφους
1123 2798 1409 2870 πατρῴους
1461 2817 1518 2851 τε
1565 2795 1652 2850 καὶ
1683 2816 1828 2850 παπ-

202 2888 401 2958 πῴους,
431 2890 514 2942 καὶ
563 2889 626 2942 τὸ
681 2888 928 2961 μέγιστον
973 2889 1199 2963 γνώμης
1251 2886 1523 2956 εὐθύτητα
1573 2888 1662 2940 καὶ
1697 2886 1825 2958 τρό-

209 2995 331 3038 πους
369 2978 644 3054 χρηστούς
688 2997 745 3032 τε
793 2978 881 3031 καὶ
931 2976 1226 3055 σώφρονας,
1279 2975 1363 3030 καὶ
1395 2976 1568 3030 πάντα
1615 2975 1683 3030 τὰ
1710 2995 1824 3029 τοι-

199 3068 319 3119 αῦτα
375 3065 638 3121 δεικνῦναι
674 3083 688 3097 ⁸
747 3067 838 3120 τὸν
894 3067 995 3140 γάρ
1052 3067 1180 3127 τοὺς
1232 3065 1434 3127 ἀλλους
1480 3065 1569 3120 καὶ
1626 3065 1826 3124 αὐτοὺς

189 3155 367 3210 καὶτά
399 3155 579 3210 αὐτῶν
618 3156 758 3210 πάνυ
809 3154 1110 3232 φυλάξοντα
1160 3154 1318 3210 αὐτὸν
1366 3154 1630 3230 πρότερον
1677 3153 1827 3208 ταῦτ’

186 3236 328 3317 ἔχειν
363 3242 466 3315 δεῖ,
499 3244 575 3304 ὡς
618 3243 679 3298 ἂν
713 3241 783 3298 δι’
831 3245 966 3317 ἅπερ
1005 3244 1166 3305 αὐτὸς
1207 3239 1348 3322 ἔχει,
1388 3243 1476 3297 καὶ
1527 3245 1660 3316 άπερ
1705 3241 1824 3299 ἓτε-

188 3351 268 3404 ροι
312 3335 602 3401 κέκτηνται
651 3331 702 3402 ἐξ
750 3332 984 3407 ἀναγκης
1033 3332 1210 3402 δήπου
1259 3332 1504 3404 φυλάξῃ·
1559 3326 1676 3406 ἔχει
1721 3332 1824 3407 γὰρ
1856 3324 1898 3388 C

185 3421 355 3483 οὕτως
381 3443 392 3453 ·
433 3422 478 3476 εἰ
517 3422 610 3493 μὶν
641 3423 708 3475 τά
734 3425 840 3476 τῶν
893 3421 1078 3477 ἄλλων
1132 3421 1444 3500 φυλάξεται,
1494 3424 1582 3475 καὶ
1633 3423 1697 3474 τὰ
1728 3421 1819 3473 αύ-

181 3516 276 3566 τοῦ
327 3513 550 3572 πάντως
609 3509 935 3583 φυλάξεται·
997 3510 1042 3565 εἰ
1102 3509 1147 3565 δ’
1206 3510 1443 3571 ἐκείνους
1504 3513 1822 3584 προήσεται,

179 3600 265 3654 καὶ
310 3601 471 3654 αὐτὸν
526 3603 926 3671 συπροῆσεται⁹
977 3603 1064 3655 καὶ
1114 3600 1166 3654 τί
1221 3600 1431 3672 μᾶλκον
1461 3606 1578 3661 τοῖς
1626 3598 1822 3660 ἄλλοις

178 3688 474 3757 ἐντεῦθενῆ
522 3689 668 3761 αύτῷ
718 3689 1073 3763 λυμανεῖταις
1125 3690 1254 3746 ὥστ’
1297 3692 1343 3746 εί
1397 3692 1491 3764 μὶν
1538 3691 1604 3746 τὰ
1649 3691 1823 3745 οἰκεῖα

179 3782 372 3848 σώζειν
408 3780 662 3854 αἱρεῖται,
706 3780 795 3834 καὶ
825 3782 892 3834 τά
920 3785 1027 3834 τῶν
1070 3779 1255 3835 ἄλλων
1297 3782 1487 3850 σώζειν
1526 3782 1616 3834 τὸν
1659 3781 1819 3834 αὑτὸν

175 3873 464 3941 αἱρήσεται
495 3870 737 3944 τρόπον·
784 3871 827 3924 εί
870 3869 927 3925 δὶ
955 3872 1020 3924 τὰ
1065 3872 1158 3942 μὶν
1203 3872 1349 3943 παρά
1399 3871 1604 3946 φαῦλον
1651 3877 1821 3924 ποιεῖ-

169 3981 282 4026 ται,
351 3960 492 4030 μόνα
555 3957 612 4013 δὲ
666 3959 732 4013 τὰ
782 3959 954 4014 οἰκεῖα
1011 3963 1201 4029 σώζειν
1260 3959 1426 4015 οἴεται
1504 3959 1636 4027 δεῖν,
1696 3958 1820 4014 οὐδὲ

171 4051 322 4104 τοῦθ’
355 4049 505 4110 ὅλως
533 4048 656 4118 ἔξει,
693 4047 876 4117 ἐπειδη
916 4052 989 4120 μὴ
1023 4051 1110 4104 καὶ
1141 4051 1207 4104 τὰ
1235 4055 1343 4106 τῶν
1382 4050 1567 4105 ἄλλων
1615 4051 1771 4122 ᾠήθη
1802 4068 1812 4080 ·

168 4140 250 4200 τίς
287 4138 377 4192 οὖν
433 4138 602 4194 ἕλοιτ’
657 4138 716 4191 ἂν
777 4138 834 4193 εὖ
885 4145 1117 4214 φρονῶν,
1173 4140 1259 4193 καὶ
1321 4141 1485 4194 αὐτὸν
1545 4142 1634 4195 καὶ
1691 4140 1819 4202 τοὺς

172 4226 386 4288 ἄλλους
418 4229 697 4300 προέσθαι,
748 4228 781 4296 ἢ
824 4229 948 4288 τούς
994 4249 1050 4282 τε
1096 4228 1299 4289 ἄλλους
1349 4233 1538 4297 σῶσαι,
1589 4230 1678 4284 καὶ
1722 4230 1813 4284 αὖ·

171 4320 260 4372 τὸν
300 4319 434 4390 μετά
465 4322 573 4371 τῶν
619 4317 802 4372 ἄλλων
854 4323 1153 4387 σεσῶσθαι;
1193 4321 1250 4375 Et
1294 4318 1349 4373 δὲ
1387 4319 1512 4381 τοὺς
1557 4319 1645 4374 διά
1683 4321 1816 4375 πάν-

169 4427 276 4461 των
305 4409 381 4460 ὧν
443 4403 577 4484 ἔφην
627 4408 827 4461 ούτωσὶ
883 4412 1415 4480 συγκεκοοτημὲνους
1471 4408 1814 4488 ἀσφαλεστά-

171 4515 294 4557 τους
343 4497 558 4562 νύκτωρ
619 4497 707 4550 καὶ
771 4499 1080 4566 μεθημέοαν
1129 4503 1238 4552 τῶν
1297 4499 1512 4552 πόλεων
1569 4497 1813 4569 φύλακας

173 4589 281 4662 χρή
327 4589 595 4656 νομίζειν,
655 4590 744 4640 καί
798 4589 986 4659 μόνοις
1031 4588 1246 4649 τούτοις
1299 4589 1408 4661 οὐχ
1447 4590 1570 4642 ὅσον
1604 4591 1667 4644 τὰ
1699 4611 1802 4642 τοι-

175 4679 302 4730 αῦτα
333 4676 625 4740 πιστεύειν,
660 4675 804 4729 ἀλλά
827 4677 916 4730 καὶ
959 4675 1174 4748 θαῤῥεῖν
1226 4675 1370 4732 πολὺ
1420 4677 1605 4745 πλέον,
1637 4676 1672 4746 ἢ
1709 4699 1809 4750 με-

174 4765 379 4837 γίστοις
433 4766 524 4820 καὶ
573 4769 904 4837 θαυμαστοῖς
951 4769 1158 4843 τείχεσι
1209 4767 1297 4821 καὶ
1359 4763 1662 4840 προϐόλοις
1719 4768 1807 4821 καὶ

175 4852 256 4907 οἶα
302 4854 370 4908 τά
400 4850 798 4926 Σεμιράμιδος,
842 4855 990 4923 ἦπου
1039 4855 1165 4916 τούς
1215 4877 1273 4929 γε
1301 4856 1554 4911 τάναντία
1601 4858 1809 4912 τούτων

177 4941 348 5011 ὅντας,
381 4943 472 4996 καὶ
503 4947 620 5004 τοῖς
663 4941 816 5002 ὅλοις
859 4945 1115 5016 ἀπόρους,
1162 4945 1262 5000 οὐκ
1294 4943 1352 4998 ἂν
1379 4947 1670 5023 φθάνοιμεν
1713 4947 1806 5000 οὐ·

170 5033 298 5086 τωσὶ
359 5030 750 5108 διαγράφοντες
809 5034 944 5105 πρὸς
996 5037 1056 5088 τὸ
1105 5037 1252 5090 ταῦθ’
1316 5037 1600 5110 ὑπηρετεῖν
1663 5034 1814 5100 ο⁹ίους

169 5121 214 5173 τ’
273 5121 429 5183 εἶναι,
493 5121 566 5181 ὡς
629 5119 770 5190 μηδὲ
827 5129 1024 5195 χρῆναι
1101 5123 1306 5176 τούτων
1381 5125 1697 5196 τοπαράπαν
1757 5125 1810 5179 ὲν

169 5210 383 5268 τούτοις
446 5211 774 5280 μεμνῆσθαι.
840 5210 1007 5265 Πόθεν
1071 5212 1161 5266 καὶ
1221 5213 1323 5288 γὰρ
1370 5210 1548 5282 ἕξουσι
1616 5215 1678 5267 τὸ
1727 5235 1813 5267 πι-

168 5302 483 5366 στεύεσθαις
534 5301 760 5371 πότερον
815 5300 905 5377 ἀφ’
959 5303 1032 5355 ὧν
1083 5304 1404 5373 κὲκτηνταις
1455 5302 1608 5359 Ἀλλ’
1658 5303 1808 5359 οὐδὲν

164 5390 488 5462 τοπαράπαν
534 5389 854 5457 κέκτηνται·
912 5389 1061 5457 πλην
1094 5389 1142 5444 εί
1174 5393 1234 5446 τὸ
1280 5390 1446 5463 μηδὲν
1497 5397 1810 5465 κεκτῆσθαι,

539 5478 736 5550 ὑπέρου
819 5481 1149 5550 γυμνότεροι
1233 5481 1369 5535 κατά
1431 5484 1530 5550 τήν
1609 5482 1810 5555 ἀγορὰν

166 5564 415 5633 διῖόντες,
471 5567 558 5619 καῖ
614 5569 748 5640 πρὸς
798 5565 1237 5641 ἀνδραποδώδεις
1264 5569 1354 5624 καὶ
1385 5570 1591 5648 φαύλας
1626 5572 1808 5627 διακο-

159 5657 293 5726 νίας,
343 5660 514 5726 τριῶν
547 5657 581 5724 ﬁ
612 5657 882 5727 τεττάρων
935 5652 1148 5710 ὀϐολῶν
1197 5659 1379 5732 χάριν,
1425 5665 1541 5722 τοῖς
1597 5661 1798 5735 βουλο-

167 5747 341 5819 μὲνοις
402 5744 729 5818 ἐκκείμενοι.
787 5750 1033 5801 Τοιοῦτοι
1103 5748 1203 5824 γάρ
1251 5768 1390 5812 τινες
1441 5755 1527 5805 νῦν
1592 5752 1642 5806 οἱ
1691 5756 1794 5806 τῶν

475 5849 737 5911 Parnm“
785 5852 894 5911 Ga.
939 5848 1160 5914 CXLV.

168 5481 450 5556 φήσουσιν,

2012 2517 2095 2570 14.
2129 2517 2288 2582 Quod
2323 2517 2557 2588 quidem
2591 2523 2715 2576 tum
2749 2522 3036 2593 pracipes
3069 2525 3184 2594 fiet,
3220 2528 3320 2584 ubi
3352 2531 3451 2603 qui
3484 2549 3580 2588 ur-

1940 2623 2068 2678 bem
2116 2625 2452 2680 custodiunt
2507 2643 2618 2681 non
2667 2643 2734 2682 ex
2791 2629 3006 2686 misera
3042 2649 3359 2705 egenorum
3392 2638 3582 2696 classe

1937 2730 2114 2786 trium
2159 2731 2455 2788 obolorum
2509 2734 2690 2803 pretio
2737 2736 3057 2808 eliguntur,
3106 2743 3202 2797 sed
3258 2744 3577 2810 domicilia,

1938 2853 2107 2908 agros
2139 2842 2195 2893 et
2227 2839 2491 2910 sepulcra
2515 2846 2746 2911 patrum
2770 2850 2827 2898 et
2855 2861 3093 2901 avorum
3120 2847 3388 2921 religiose
3411 2868 3580 2909 vene-

1939 2953 2131 3000 rantes
2161 2945 2419 3018 integros
2451 2962 2578 3003 sese
2626 2953 2682 3004 et
2713 2950 2925 3019 probos
2955 2952 3247 3011 exhibent.
3281 2957 3387 3022 Qui
3419 2959 3574 3015 enim

1938 3058 2172 3108 caeteros
2202 3059 2259 3108 et
2289 3069 2410 3124 quas
2460 3054 2722 3124 ipsorum
2775 3061 2915 3112 sunt
2955 3061 3338 3119 custodiendo
3368 3074 3577 3132 servat,

1941 3159 2100 3230 prius
2156 3160 2280 3231 ipse
2325 3160 2440 3217 ista
2490 3162 2688 3218 omnia
2740 3163 3036 3234 possidere
3086 3167 3289 3236 debet;
3324 3187 3394 3227 en
3434 3189 3575 3244 quo-

1939 3267 2108 3322 modo
2158 3283 2248 3324 res
2296 3284 2357 3324 se
2405 3267 2596 3324 habet.
2652 3270 2908 3326 Simulac
2955 3272 3200 3332 aliorum
3251 3293 3342 3333 res
3387 3284 3573 3345 curat,

1935 3390 2068 3428 suas
2098 3373 2283 3445 ipsius
2318 3375 2530 3445 pariter
2558 3375 2814 3444 curabit;
2849 3377 2898 3432 si
2929 3384 3122 3435 autem
3155 3383 3263 3439 ista
3308 3384 3572 3457 negligit,

1933 3497 2165 3536 suarum
2193 3498 2418 3553 quoque
2442 3498 2631 3537 rerum
2657 3499 2856 3540 curam
2882 3485 3118 3542 habebit
3139 3489 3354 3546 nullam
3378 3507 3392 3557 ;
3418 3492 3572 3549 unde

1931 3588 2040 3644 sibi
2074 3604 2187 3643 non
2221 3591 2414 3644 minus
2447 3606 2625 3661 quam
2658 3591 2774 3648 illis
2805 3609 3013 3650 noxam
3046 3597 3231 3653 affert.
3261 3599 3400 3654 Inde
3431 3616 3573 3656 ane

1933 3713 2059 3752 vere
2087 3706 2168 3752 est
2201 3697 2356 3768 quod
2388 3697 2489 3768 qui
2539 3714 2699 3765 suas,
2752 3700 2999 3756 aliorum
3050 3719 3286 3776 quoque
3319 3722 3410 3762 res
3441 3711 3568 3762 tue-

1929 3803 2106 3858 bitur.
2140 3803 2198 3857 Si
2232 3808 2427 3859 autem
2461 3804 2572 3860 ista
2604 3805 2948 3878 negligenda
2979 3825 3085 3864 sua
3113 3814 3342 3867 tantum
3375 3813 3566 3870 obser-

1928 3916 2044 3977 vat,
2084 3927 2254 3980 quam
2308 3911 2441 3966 inde
2493 3911 2795 3969 utilitatem
2848 3917 3174 3988 percipiet?
3203 3920 3343 3986 Qui
3372 3927 3566 3978 autem

1927 4018 2059 4072 dum
2107 4034 2257 4073 sane
2292 4019 2499 4076 mentis
2542 4027 2649 4087 est,
2691 4037 2750 4077 se
2797 4026 2855 4078 et
2904 4024 3049 4081 alios
3099 4027 3338 4098 perdere
3368 4028 3566 4086 volet?

1924 4125 2126 4182 Nonne
2157 4143 2272 4182 sua:
2305 4131 2364 4182 et
2403 4127 2646 4184 aliorum
2680 4130 2852 4185 saluti
2889 4133 3248 4204 prospiciet?
3277 4135 3334 4192 Si
3368 4141 3562 4194 autem

1927 4242 2030 4296 viri
2085 4244 2164 4299 ita
2221 4249 2286 4299 ut
2333 4244 2450 4300 dixi
2499 4246 2804 4314 compositi
2853 4248 3060 4319 optimi
3117 4251 3217 4306 diu
3280 4257 3567 4324 noctuque

1926 4363 2155 4417 urbium
2206 4363 2481 4419 custodes
2529 4362 2780 4419 habendi
2831 4375 2996 4432 sunt,
3043 4369 3230 4439 major
3276 4369 3480 4442 utique
3509 4371 3565 4427 in

1922 4475 1994 4530 iis
2026 4476 2170 4532 fides
2201 4478 2468 4548 ponenda
2494 4479 2602 4534 erit
2623 4495 2798 4549 quam
2826 4479 2884 4535 in
2919 4481 3253 4539 fortissimis
3277 4485 3569 4542 manibus

1923 4611 1986 4649 ac
2018 4593 2209 4660 vallis,
2243 4594 2441 4666 qualia
2469 4596 2869 4653 Semiramidis
2889 4598 3276 4668 celebrantur,
3298 4603 3432 4658 dum
3459 4604 3558 4675 qui

1843 4693 1888 4757 Ι)
1921 4709 2067 4765 tales
2091 4727 2205 4766 non
2239 4715 2377 4766 sunt
2407 4727 2438 4765 a
2471 4711 2670 4768 limine
2693 4712 3197 4772 salutandierunt.
3224 4715 3386 4776 Unde
3409 4720 3566 4776 enim

1919 4829 2033 4880 ﬁde
2064 4827 2222 4898 digni
2256 4829 2597 4884 suut‘fnum
2624 4830 2760 4901 quia
2793 4830 3110 4901 locupletes
3129 4834 3306 4888 sunt?
3328 4837 3400 4890 At
3419 4835 3565 4891 nihil

1922 4959 2164 5013 prorsus
2207 4943 2526 5014 possident,
2580 4951 2636 4999 et
2683 4946 2754 5000 ob
2805 4947 2994 5018 ipsum
3051 4949 3227 5004 trium
3258 4949 3562 5008 obolorum

1923 5060 2103 5129 pretio
2171 5059 2558 5116 humillimam
2626 5078 2693 5118 ac
2761 5065 3160 5134 turpissimam
3231 5071 3564 5124 servitutem

1921 5176 2156 5232 obeunt.
2185 5177 2350 5233 Tales
2379 5195 2536 5235 nunc
2566 5179 2796 5249 quidem
2837 5190 2973 5236 sunt
3007 5183 3230 5238 urbium
3263 5186 3555 5242 custodes.

1923 5293 2032 5349 Sed
2067 5309 2258 5351 nonne
2290 5299 2350 5350 ut
2381 5298 2703 5367 proditores
2732 5305 2784 5352 et
2815 5299 3076 5354 omnium
3111 5301 3279 5371 egeni
3305 5317 3566 5376 compre-

1921 5409 2291 5467 hendantur?
2317 5427 2510 5467 nonne
2540 5413 2786 5484 pecunia
2816 5414 2950 5469 data
2999 5419 3191 5471 castra
3240 5426 3431 5474 nostra
3461 5420 3566 5474 de-

1922 5526 2168 5582 serent?
2202 5525 2311 5582 Ubi
2360 5527 2517 5583 enim
2569 5527 2718 5584 inter
2765 5528 2921 5600 ipsos
2963 5531 3168 5586 divites
3198 5533 3566 5606 reperiuntur

1921 5656 2067 5710 quos
2113 5656 2236 5696 rem
2288 5641 2633 5697 familiarem
2684 5645 2933 5714 augendi
2984 5661 3141 5716 ergo,
3179 5647 3369 5719 turpia
3397 5663 3564 5717 agere

1908 5771 2024 5812 non
2057 5756 2256 5827 pudet,
2285 5763 2502 5827 quanto
2533 5757 2718 5828 magi
2749 5756 2820 5812 iis
2852 5759 2952 5828 qui
2983 5759 3110 5817 sine
3139 5762 3256 5818 ulla
3289 5777 3391 5834 spe
3423 5776 3546 5818 ms-

3168 5861 3240 5919 17
