4062 6308
483 355 605 416 523
1781 345 2176 411 THEODULI
2222 347 2576 415 MONACHI
2623 323 2630 332 ’
3747 361 3848 424 εει

479 487 693 546 liorem
723 491 1054 558 temporum
1089 485 1151 541 in
1203 485 1549 557 paupertate
1568 483 1790 554 jaceat,
1823 489 1886 538 ut
1915 481 2128 538 famem

2270 481 2461 539 πόλεων
2493 485 2745 563 φύλακες.
2781 486 2941 546 Ἀλλ’
2972 489 3079 566 οὐχ
3107 489 3418 547 ἁλώσονται
3447 489 3726 567 προδοσίας
3771 495 3850 549 καὶ

491 599 881 670 compescant,
916 594 1050 652 talia
1083 595 1268 651 facere
1299 592 1481 666 parati
1513 595 1702 649 erunt.
1735 591 1873 647 Mihi
1895 590 2128 663 quidem

2270 569 2419 670 r333.“
2458 568 2701 670 ἔχοντες,
2735 574 2863 670 οὐδέ
2894 579 2993 670 την
3038 579 3170 654 ὑπὲρ
3230 581 3390 653 ἡμῶν
3443 580 3683 656 λείψουσι
3720 583 3849 654 τάξιν

497 703 582 762 vel
611 659 879 762 inimicos
921 703 1186 760 nolentes
1225 659 1317 758 ad-
1347 717 1415 758 ea
1461 699 1783 774 propellere
1831 659 2138 768 videntur;

2270 659 2470 736 ιέρδους
2502 659 2719 734 ε’ίνεκα;
2763 666 2870 723 Καὶ
2907 667 2990 730 τίς
3031 667 3090 723 ἃν
3133 670 3284 726 ταῦτ’
3325 673 3480 744 οἶμαι
3521 675 3623 726 τῶν
3662 673 3852 728 πάντων

2270 752 2453 784 tum-..
2484 773 2498 784 .
2548 754 2679 784 LL-..
2738 759 2838 784 με.-
2888 759 2981 784 ---Α
3027 763 3133 784 ‘9.-.
3188 759 3522 784 _1___-,r,-,
3601 757 3679 784 IL.
3780 762 3851 784 .n,

503 748 582 762 νυ.
614 748 878 762 ........,,υ-
921 748 1185 760 ww..-"
1225 748 1298 758 _..
1349 748 1415 758 ν..
1463 748 1782 774 ,--,--.---
1845 748 2091 756 .-_--_-_-
2123 748 2138 768 ,

489 812 666 886 probe
722 811 879 867 enim
929 811 1142 866 norunt
1189 809 1343 880 quod
1406 806 1565 862 nulla
1623 806 1737 862 alia
1796 805 2017 862 ratione
2074 819 2143 860 ex

2270 752 2498 824 ἷέεαιτος
2547 754 2683 810 ὅπου
2736 759 2841 834 γὰρ
2888 759 2981 814 καὶ
3025 763 3135 814 τῶν
3186 759 3556 836 εὐπορούντων
3599 757 3732 818 ἔσνιν
3773 762 3853 824 οὓς

2270 843 2384 886 india
2447 849 2541 886 τῆῦ
2598 846 2664 886 ar)!
2730 843 2859 886 διίησι-η
2911 847 3088 886 all-12'...
3145 856 3367 886 qun-:nnn
3445 855 3560 886 νηῒ.
3611 850 3853 886 ,λημία-ιι..

2254 842 2384 916 ὑπὲρ
2447 849 2541 898 τοῦ
2598 846 2665 900 τὰ
2730 843 2862 902 ὄντα
2911 847 3088 904 πλείω
3145 856 3394 920 ποιῆσαι,
3445 855 3560 914 τοῖς
3611 850 3856 914 τοιούτοις

487 920 748 991 egestate
797 917 870 974 ad
902 915 1338 989 prosperitatem
1393 914 1640 970 transire
1679 917 1944 984 possunt.
1977 911 2144 967 Hunc

2249 930 2636 1010 ἐγχειροῦντας
2694 937 2908 1010 ὁρῶμεν
2939 955 2953 970 ⁸
3014 936 3069 992 οῖ
3129 938 3306 1002 οὕτως
3365 940 3583 1014 ἀπόρως
3635 938 3858 1019 ἔχοντες,

488 1029 547 1083 in
583 1027 822 1082 modum
875 1024 1110 1080 urbium
1160 1021 1668 1079 administratores
1698 1022 1912 1076 viveret
1941 1021 2140 1088 decet;

2270 1023 2340 1076 ιαί
2376 1021 2506 1096 μηδ’
2556 1026 2676 1081 ὅθεν
2723 1025 2785 1081 ἂν
2832 1025 3068 1083 πέσωσιν
3119 1026 3362 1104 ἔχοντες,
3415 1031 3548 1104 ὑπὲρ
3577 1029 3633 1086 δὲ
3657 1035 3747 1086 τοῦ
3771 1033 3857 1100 τήν

2249 1112 2478 1188 γαστέρα
2531 1116 2692 1186 μόνον
2747 1113 3050 1190 ἐμπλῆσαι,
3106 1119 3258 1175 πάντ’
3309 1118 3369 1176 ἂν
3419 1117 3607 1194 δρᾶσαι
3643 1121 3728 1175 καὶ
3771 1140 3864 1174 πα-

2253 1202 2362 1255 θεῖν
2421 1198 2663 1278 ἔχοντες,
2717 1204 2824 1260 τίν’
2882 1206 2982 1260 οὐκ
3039 1205 3098 1262 ἂν
3154 1209 3382 1270 τούτὸυς
3439 1210 3580 1272 εἰκὸς
3627 1209 3862 1280 τοιαύτην

2250 1287 2462 1363 τόλμαν
2493 1289 2820 1366 τολμῆσαι;
2865 1293 2990 1367 ἐμοὶ
3037 1298 3140 1372 γὰρ
3179 1295 3400 1354 δοκοῦσι
3441 1297 3529 1354 καὶ
3563 1319 3635 1373 μη
3679 1296 3862 1375 βουλο-

2257 1382 2450 1452 μένους
2500 1380 2559 1435 ἂν
2614 1383 2744 1445 τοὺς
2803 1382 3034 1458 ἐχθροὺς
3094 1383 3182 1438 ἐπὶ
3239 1387 3406 1438 ταῦτα
3469 1382 3861 1458 παρακαλέσαι·

2247 1467 2397 1524 ’ίσασι
2428 1469 2532 1545 γὰρ
2584 1473 2672 1525 καὶ
2727 1472 2876 1544 μάλα
2916 1479 3098 1552 σαφῶς
3136 1471 3342 1544 τίσασιν,
3378 1472 3477 1528 ούκ
3515 1473 3573 1528 ἂν
3609 1471 3783 1535 ἄλλως
3819 1472 3864 1542 ἐξ

2253 1558 2472 1633 ἀπόρων
2527 1561 2810 1636 γεγονότες
2869 1563 3111 1637 εὔποροι.
3173 1567 3344 1618 Τοῦτο
3425 1563 3519 1636 μὲν
3576 1561 3641 1632 δὴ
3694 1567 3864 1617 τοῦτον

2254 1645 2390 1703 ἔστω
2427 1650 2520 1704 τὸν
2568 1651 2768 1723 τρόπον
2833 1651 2924 1706 καὶ
2970 1650 3358 1728 φυλασσόντων
3402 1653 3497 1714 τὰς
3546 1652 3750 1722 πόλεις,
3787 1649 3869 1707 ’ἱνα

2253 1737 2342 1790 καὶ
2403 1736 2554 1800 αὖθις
2611 1740 2762 1794 ταῦτ’
2817 1737 2953 1794 εῖπω
2997 1738 3104 1814 οὐχ
3160 1738 3254 1802 οὓς
3321 1738 3382 1794 ἄν
3430 1761 3514 1802 τις
3556 1739 3702 1802 εὐθὺς
3757 1738 3870 1794 ἰδὼν

2257 1825 2566 1882 οῗωνίσαιτο
2591 1845 2604 1859 ⁸
2651 1825 2770 1882 οὔδ’
2809 1828 2948 1882 οἷσιν
2991 1827 3119 1884 ούδὶ
3161 1835 3528 1906 φαρμακοῖσιν
3577 1827 3634 1884 ἂν
3681 1829 3782 1899 ε’ίη,
3817 1829 3871 1884 τὸ

2254 1921 2351 1970 τοῦ
2382 1915 2562 1986 ἔπους,
2597 1916 2889 1992 χρηστέον,
2930 1916 3060 1974 ἀλλ’
3101 1919 3151 1972 οἱ
3204 1917 3478 1994 βέλτιστοι
3508 1923 3614 1974 τῶν
3651 1918 3870 1974 πολιτῶν

2257 2006 2316 2060 ἐκ
2346 2003 2612 2080 διαδοχῆς
2641 2029 2652 2040 ·
2705 2007 2768 2061 ού
2819 2007 2984 2076 μόνον
3035 2005 3220 2081 ὅτιπερ
3275 2005 3430 2062 οὗτοι
3473 2009 3537 2063 τό
3567 2009 3686 2082 περί
3725 2011 3875 2062 ταῦτα

2260 2097 2684 2170 συγκεχωρηκὸς
2735 2097 2826 2174 ἀφ’
2857 2097 3036 2158 ἑστίας
3086 2097 3162 2157 ὡς
3193 2097 3360 2152 εἰπεῖν
3409 2100 3720 2167 κέκτηκται,
3763 2095 3874 2152 ἀλλ’

2261 2185 2344 2237 ὅτι
2374 2184 2602 2238 καὶτῶν
2651 2184 3015 2240 ἀτοπωτάτων
3061 2184 3122 2254 ἄν
3174 2183 3282 2256 εἵη,
3329 2186 3418 2240 τὸν
3457 2186 3556 2259 μὲν
3604 2189 3876 2260 κρατοῦντα

2259 2273 2530 2343 τοσαύτην
2585 2271 2738 2336 ὅπως
2787 2273 2844 2328 εὖ
2889 2273 3177 2349 πράττοιεν
3223 2277 3280 2328 αῖ
3329 2273 3522 2338 πόλεις
3579 2276 3667 2331 καὶ
3724 2273 3879 2350 κρείτ-

2260 2383 2387 2424 τους
2437 2363 2540 2417 εἶεν
2599 2367 2706 2417 τῶν
2756 2361 3038 2436 πολεμίων
3081 2365 3351 2418 ποιεῖσθαι
3398 2361 3666 2434 σπουδὴν,
3713 2365 3782 2426 ὠς
3821 2363 3880 2418 τά

2265 2471 2322 2506 υε
2355 2449 2498 2508 ἄλλα
2536 2452 2626 2507 καὶ
2665 2451 2791 2514 τοὺς
2843 2457 2991 2529 σφῶν
3041 2451 3314 2531 ἄρχοντας
3363 2452 3676 2528 ἀριστίνδην
3723 2451 3880 2510 πλου-

2263 2539 2450 2612 τίνδην
2497 2543 2800 2616 αἱρεῖσθαι·
2835 2541 2962 2604 τοὺς
3003 2539 3051 2596 δ’
3088 2541 3144 2598 ἐν
3194 2541 3378 2606 αύταῖς
3428 2543 3576 2606 ὅπως
3625 2545 3696 2606 ὡς
3737 2543 3881 2616 τάχι-

2268 2633 2346 2686 σθ’
2396 2631 2578 2687 ἁλοῖεν
2638 2634 3056 2706 παρασκευάζειν
3119 2636 3423 2709 πειρᾶσθαι,
3477 2633 3560 2708 τῷ
3602 2633 3878 2702 τοιούτους,

2269 2723 2344 2782 ὡς
2380 2722 2474 2793 μὲν
2524 2722 2680 2776 αὐτοὶ
2729 2728 2906 2798 φαῖειν
2951 2722 3037 2792 ἄν,
3089 2722 3333 2800 φύλακας
3379 2725 3614 2780 τουτωνὶ
3660 2723 3883 2779 καθιστά-

2269 2833 2375 2880 ναι,
2410 2813 2483 2874 ὡς
2515 2811 2570 2866 δὲ
2609 2813 2672 2868 τὸ
2721 2811 2868 2876 εἶ’κὸς
2916 2809 3056 2888 ἔχει,
3105 2813 3398 2888 προδότας.
3449 2816 3614 2870 ’Όταν
3661 2815 3756 2888 γὰρ
3800 2811 3881 2866 ούκ

2269 2901 2321 2957 ἐν
2371 2903 2563 2977 ἀγροῖς
2610 2899 2726 2956 οὐδ’
2773 2901 2824 2956 έν
2857 2900 3057 2973 οῖκοις,
3108 2901 3221 2957 οὐδ’
3271 2901 3350 2958 ἔτι
3396 2901 3546 2960 πολὺ
3597 2901 3792 2977 μᾶλλον
3835 2899 3878 2952 ἓν

2271 2991 2544 3063 θρέμμασι
2598 2991 2752 3045 ταυτὶ
2808 2991 3113 3065 ξυγχωρεῖν
3170 2991 3416 3064 οῗώμεθα
3461 2990 3600 3061 δεῖν,
3657 2988 3756 3048 οὐδ’
3795 2987 3874 3048 οὓς

2271 3079 2331 3137 ἄν
2393 3103 2524 3136 ποτε
2579 3082 2765 3156 τύχοι,
2817 3081 2963 3138 ἀλλὰ
2989 3081 3121 3144 τοὺς
3171 3081 3570 3156 ἐξητασμένους
3617 3083 3694 3139 καὶ
3739 3077 3869 3148 δόξαν

2275 3172 2481 3246 ἀγαθὴν
2529 3168 2856 3244 ἐσχηκότας,
2901 3177 3020 3232 τοῖς
3069 3171 3164 3244 μὶν
3207 3170 3424 3242 νομέας,
3469 3178 3592 3236 τοῖς
3640 3169 3692 3227 δὲ
3735 3165 3877 3242 μελε-

2189 3236 2232 3302 C
2271 3236 2475 3320 δωνους
2516 3236 2814 3338 ἐφιστάναι,
2845 3236 3079 3332 κομιδῆ·
3101 3263 3248 3315 ταῦτ’
3273 3236 3331 3314 ’έν
3360 3236 3561 3316 πόλεσι
3607 3236 3875 3337 ξυγχωρεῖν

2271 3347 2386 3403 οὐδ’
2431 3348 2490 3402 ἄν
2533 3351 2612 3410 εἷς
2654 3348 2916 3418 ἀξιώσαι·
2969 3349 3014 3404 εί
3061 3349 3122 3404 τὸ
3161 3353 3372 3423 μικρῶν
3420 3371 3482 3406 τε
3530 3353 3620 3406 καὶ
3667 3345 3881 3430 φαύλων,

2270 3438 2362 3492 καὶ
2413 3439 2486 3491 ὤν
2529 3437 2586 3492 εὖ
2643 3439 2679 3508 ἢ
2736 3442 2916 3500 κακῶς
2966 3433 3204 3514 ἐχόντων
3253 3438 3303 3493 ἐν
3364 3439 3646 3519 ἐλαχίστῳ
3696 3439 3758 3494 τὰ
3802 3440 3886 3503 τῆς

2275 3525 2542 3599 ὠφελείας
2569 3529 2658 3581 καί
2695 3523 2908 3601 βλάϐης
2959 3524 3274 3600 συμϐαίνοι,
3305 3533 3566 3585 τοσοῦτον
3610 3525 3888 3598 ποιούμεθα

2279 3616 2463 3690 λόγον,
2525 3617 2668 3685 ἦπου
2714 3621 2821 3671 τῶν
2876 3617 3146 3694 μεγίστων
3198 3617 3288 3672 καὶ
3337 3620 3670 3674 κοινοτάτων
3710 3616 3792 3671 καὶ
3827 3615 3890 3669 ὧν

2275 3707 2424 3760 ταῦτ’
2472 3705 2583 3759 ἐστὶ
2627 3705 2787 3780 μέρη,
2835 3707 2923 3760 καὶ
2963 3706 3184 3780 προσέθ⁵
3225 3707 3360 3781 ὅπερ
3406 3708 3482 3762 ὢν
3536 3707 3713 3781 μόνων
3739 3705 3894 3760 πάντα

2274 3795 2364 3850 καὶ
2404 3799 2580 3849 ποιεῖν
2626 3795 2716 3848 καὶ
2765 3793 2941 3870 λέγειν
2998 3793 3166 3870 έχρὴν
3217 3796 3291 3856 ὡς
3339 3795 3388 3866 ἐξ
3437 3796 3684 3872 ἀνάγκης
3727 3791 3893 3872 διαφε-

2274 3884 2498 3958 ρόντων,
2534 3881 2646 3936 οὔδ’
2678 3878 2817 3937 ἔστιν
2853 3882 3022 3937 εἰπεῖν
3057 3885 3182 3938 ὅσον
3215 3883 3382 3946 εἰκός.

2351 3977 2432 4032 ιε’.
2481 3976 2656 4028 Ταῦτα
2707 3969 2764 4026 δὲ
2810 3975 2980 4027 ταῦτα
3031 3969 3178 4048 λέγω
3225 3975 3315 4028 καὶ
3363 3975 3492 4050 περὶ
3541 3977 3650 4030 τῶν
3695 3971 3748 4028 έν
3792 3974 3897 4031 ταῖς

2273 4063 2388 4133 νυξὶ
2434 4062 2749 4137 περιπόλων
2776 4081 2790 4096 ο
2840 4061 2929 4116 καὶ
2961 4063 3066 4137 γὰρ
3105 4061 3197 4118 οὖν
3240 4064 3330 4118 καὶ
3367 4062 3600 4126 τούτους
3637 4060 3898 4119 τοιούτους

2277 4154 2406 4207 εἶναι
2460 4153 2702 4224 μάλεστα
2751 4151 2872 4210 δεῖ·
2911 4157 2978 4209 τά
3022 4175 3080 4210 τε
3127 4151 3274 4209 ἄλλα
3321 4157 3409 4209 καὶ
3459 4153 3674 4226 σίτησιν
3705 4151 3754 4208 έν
3780 4169 3899 4225 πρυ·

2275 4243 2469 4315 τανείῳ
2508 4239 2888 4316 λαμϐάνοντας
2915 4264 2926 4276 ·
2971 4245 3033 4299 οὐ
3078 4244 3186 4316 μὴν
3234 4241 3382 4299 ἀλλᾶ
3429 4245 3518 4299 καὶ
3572 4241 3682 4313 ἰδίᾳ
3724 4237 3898 4296 τοσού-

493 1135 628 1192 licet
660 1150 775 1190 non
807 1131 1129 1206 quemlibet
1156 1129 1395 1187 electuri
1437 1129 1650 1195 simus,
1687 1129 1922 1184 fortuito
1954 1143 2142 1199 augu-

496 1241 704 1310 rando,
731 1240 834 1297 sed
865 1239 1116 1312 optimos
1147 1253 1411 1310 quosque
1457 1237 1630 1303 cives,
1686 1252 1792 1292 nec
1819 1237 1892 1319 o_b
1922 1235 1982 1291 id
2013 1241 2145 1292 tan-

501 1353 626 1406 tum
660 1350 811 1422 quod
862 1349 1048 1404 virtus
1089 1347 1238 1418 apud
1291 1346 1453 1418 ipsos
1507 1343 1870 1400 haereditaria
1899 1348 2008 1411 est,
2043 1346 2145 1402 sed

497 1458 637 1532 quia
667 1458 984 1514 absurdum
1015 1459 1169 1512 esset
1195 1453 1338 1510 velle
1370 1457 1435 1508 ut
1467 1453 1518 1508 is
1547 1452 1649 1523 qui
1680 1452 1983 1509 civitatem
2019 1453 2146 1508 feli-

503 1581 626 1623 cem
672 1570 728 1621 et
781 1565 850 1620 de
898 1562 1164 1619 hostibus
1211 1561 1501 1617 victricem
1553 1559 1794 1616 reddere
1837 1565 2024 1632 potest
2079 1577 2146 1616 ac

505 1673 652 1739 vult,
685 1671 1065 1743 magistratus
1095 1669 1286 1724 instar
1330 1667 1401 1724 ob
1432 1667 1662 1722 divitias
1692 1666 1909 1738 quibus
1942 1671 2146 1738 potens

498 1789 584 1838 est
615 1780 880 1852 eligatur.
913 1778 1008 1834 Sic
1033 1777 1189 1833 enim
1217 1776 1376 1833 urbis
1396 1792 1510 1831 non
1532 1774 1863 1846 sospitator,
1891 1775 1990 1831 sed
2016 1791 2148 1847 pro-

507 1889 661 1945 ditor
709 1886 892 1942 ﬁeret.
946 1885 1005 1940 Si
1059 1883 1215 1939 enim
1265 1899 1380 1940 non
1412 1881 1590 1949 domi,
1621 1897 1738 1938 non
1771 1881 1828 1936 in
1863 1881 2017 1954 agris
2049 1888 2147 1937 aut
2176 1863 2226 1932 Β

508 1995 742 2069 pascuis
772 1995 830 2050 id
862 1991 1194 2064 permittere
1223 1992 1307 2047 fas
1339 1995 1448 2057 est,
1474 1987 1658 2045 multo
1687 1990 1877 2044 minus
1900 1989 1992 2045 his
2021 1989 2146 2060 qui-

506 2105 635 2159 dem
669 2100 909 2168 colonis,
931 2099 1046 2156 illis
1063 2115 1198 2154 vero
1227 2098 1585 2170 inspectores
1609 2097 1896 2167 praeﬁcere
1922 2096 1979 2150 in
2005 2096 2148 2150 urbe

511 2206 876 2267 conducibile
905 2207 1033 2262 erit.
1068 2206 1319 2278 Exiguos
1353 2209 1545 2260 autem
1590 2209 1646 2259 et
1685 2204 1884 2259 minus
1913 2202 2148 2274 probos,

509 2321 568 2375 et
598 2315 750 2372 unde
781 2329 986 2387 parum
1018 2314 1220 2369 damni
1244 2317 1346 2368 aut
1368 2310 1634 2367 utilitatis
1655 2310 2009 2381 sperandum
2039 2314 2148 2374 est,

511 2424 712 2480 minus
742 2423 1015 2478 conducit
1032 2436 1331 2478 assumere
1366 2436 1543 2491 quam
1574 2419 1877 2489 praeclaros
1898 2423 1952 2474 et
1973 2431 2151 2489 popu-

513 2532 570 2589 lo
611 2536 896 2603 acceptos,
929 2535 988 2586 et
1025 2546 1274 2603 quorum
1309 2529 1460 2584 facta
1501 2537 1556 2583 et
1584 2529 1760 2584 verba
1791 2526 1983 2599 magni
2015 2528 2156 2581 sunt

516 2639 820 2706 momenti,
854 2639 910 2694 id
943 2637 1096 2709 quod
1129 2635 1250 2692 sole
1279 2634 1490 2692 clarius
1522 2641 1630 2690 est.

591 3963 677 4019 15.
711 3963 840 4018 Haec
869 3962 1072 4019 eadem
1096 3977 1266 4034 porro
1297 3961 1472 4018 etiam
1506 3965 1575 4018 de
1601 3963 1898 4019 nocturnis
1929 3964 2162 4020 urbium

519 4069 861 4128 custodibus
891 4069 1109 4124 diclum
1146 4069 1294 4136 volo,
1332 4069 1428 4140 qui
1474 4068 1532 4123 in
1565 4069 1768 4125 eadem
1803 4069 1997 4142 utique
2027 4087 2167 4128 con-

519 4168 741 4224 ditione
770 4167 941 4238 positi
972 4181 1100 4222 esse
1128 4165 1440 4234 debebunt,
1476 4167 1630 4238 quod
1662 4167 1718 4221 in
1755 4175 2029 4240 prytanea
2062 4187 2168 4226 nu-

516 4278 801 4346 triuntur,
825 4290 1003 4347 quare
1024 4289 1258 4330 summo
1285 4273 1341 4329 id
1365 4275 1558 4330 studio
1582 4281 1751 4346 agent
1773 4279 1837 4331 ut
1859 4291 2016 4348 spem
2041 4279 2163 4332 suf-

519 4385 872 4457 fragantium
888 4381 1396 4453 transgredientur
1410 4387 1466 4438 et
1486 4382 1754 4440 meliores
1779 4399 1954 4456 quam
1972 4402 2034 4443 se
2047 4386 2168 4444 fore

523 4492 764 4566 polliciti
788 4495 976 4554 erant,
999 4505 1062 4546 se
1083 4489 1418 4546 exhibeant.
1435 4490 1714 4547 Etrevera
1726 4491 1870 4547 tales
1884 4493 1986 4563 qui
2007 4509 2072 4548 su
2083 4500 2166 4564 nt,

525 4605 730 4659 urbem
765 4609 934 4656 noctu
969 4604 1024 4655 et
1055 4600 1112 4654 in
1135 4601 1311 4656 armis
1337 4608 1700 4672 percurrent,
1723 4617 1784 4657 se
1804 4603 2051 4660 invicem
2073 4621 2158 4662 ex-

2279 4621 2448 4671 κησαν
2517 4602 2792 4677 φαίνεσθαι
2843 4620 2856 4634 ·

519 4712 820 4768 hortantes
840 4713 896 4766 et
914 4708 1191 4766 moenium
1211 4709 1480 4766 custodes
1495 4711 1562 4766 ad
1575 4710 1938 4786 vigilantiam
1961 4715 2016 4769 et
2031 4729 2168 4770 con-

524 4818 828 4876 tinentiam
848 4831 1150 4888 nunquam
1169 4832 1282 4872 non
1299 4817 1765 4874 exstimulantes.
1783 4819 1870 4874 Sic
1893 4820 1990 4891 qui
2009 4821 2167 4878 intus

521 4931 659 4984 sunt
681 4925 850 4999 plena
873 4924 1184 4980 securitate
1203 4924 1799 4997 fruentur,tranquilli
1815 4925 2168 4984 etlaatisomo

522 5052 596 5093 uo
628 5034 836 5089 cedent
867 5032 1013 5088 bene
1044 5031 1320 5099 scientes,
1353 5031 1566 5087 alteros
1601 5032 1858 5104 ipsorum
1885 5032 2008 5091 loco
2031 5034 2171 5104 vigi-

523 5142 646 5199 lare
677 5147 733 5197 et
763 5141 917 5214 quod
951 5139 1216 5196 hostibus
1238 5139 1598 5196 formidolosi
1624 5145 1839 5196 metum
1865 5141 2174 5212 quibusvis

521 5247 811 5320 injiciant.
843 5247 1146 5318 Ejusmodi
1179 5245 1283 5300 viri
1315 5246 1540 5301 civibus
1571 5245 1696 5302 suis
1723 5247 2024 5302 fortissimi
2049 5265 2176 5318 pro-

525 5364 879 5430 pugnatores
905 5360 1114 5422 erunt;
1147 5357 1203 5410 et
1231 5354 1330 5410 ubi
1356 5354 1558 5410 itinere
1583 5355 1654 5410 ad
1679 5354 1923 5411 multam
1946 5363 2172 5412 noctem

529 5464 807 5536 producto
830 5461 1066 5517 domum
1091 5477 1150 5517 se
1173 5461 1427 5532 recipere
1449 5462 1663 5532 volent,
1691 5472 1884 5519 metuo
1907 5480 1978 5519 ne
1999 5463 2175 5519 hosti-

529 5574 640 5626 bus
656 5567 788 5642 plus
806 5583 974 5636 quam
992 5567 1115 5624 suis
1135 5568 1574 5640 propugnaculo
1589 5570 1726 5626 sint.
1742 5571 1900 5636 Quod
1919 5571 2073 5628 enim
2090 5571 2173 5626 illi

528 5682 663 5734 ante
694 5675 888 5734 omnia
919 5673 1248 5730 desiderant
1267 5679 1323 5730 et
1344 5675 1610 5732 hostibus
1632 5677 1896 5734 invident
1913 5677 2126 5736 victore
2145 5697 2172 5736 s

2275 4353 2370 4386 του
2402 4329 2468 4401 δή
2499 4351 2643 4393 τινος
2671 4331 2867 4395 αὐτοὺς
2914 4332 3200 4406 ὑπόχρεως
3247 4333 3381 4387 εἶναι
3429 4333 3688 4407 νομίζειν,
3721 4330 3792 4390 ὡς
3821 4325 3898 4383 καὶ

2278 4422 2374 4482 τὰς
2406 4426 2512 4476 τῶν
2573 4420 2872 4493 ἑλομένων,
2923 4426 3001 4492 τῷ
3039 4424 3139 4491 τῆς
3192 4419 3433 4491 σπουδῆς
3481 4421 3745 4496 περιόντι,
3774 4435 3900 4490 παρ·-

2281 4509 2528 4567 ελαύνειν
2586 4510 2834 4580 ἐλπίδας,
2893 4513 2984 4566 καὶ
3041 4511 3383 4586 κρείττουςῆ
3433 4513 3624 4567 ’κεῖνοι
3666 4505 3901 4585 προσεδό·

2935 4603 3152 4664 θέοντας
3223 4601 3319 4676 μὲν
3398 4602 3514 4675 μεθ’
3578 4598 3764 4656 ὅπλων
3825 4592 3901 4650 διὰ

2286 4689 2460 4760 πάσης
2489 4691 2679 4752 νυκτὸς
2720 4688 2829 4746 ἄνω
2858 4691 2948 4746 καὶ
2995 4689 3143 4746 κάτω
3189 4696 3290 4760 τῆς
3337 4691 3574 4762 πόλεως,
3606 4687 3899 4764 ὀτρύνοντα(

2284 4781 2370 4834 καὶ
2423 4777 2908 4852 διακελευομένους
2966 4779 3240 4851 ἀλλήλοις
3284 4801 3342 4835 τε
3391 4781 3480 4834 καὶ
3525 4785 3644 4841 τοῖς
3691 4777 3774 4834 ἰπὶ
3817 4774 3901 4827 τοῦ

2279 4869 2501 4944 τείχους
2535 4870 2891 4946 ἐγρηγορέναι
2920 4870 3010 4924 καὶ
3057 4871 3244 4946 νήφειν
3291 4869 3382 4924 καὶ
3435 4866 3602 4942 μηδὲν
3634 4871 3743 4923 τῶν
3773 4863 3904 4919 δεον-

2281 4979 2388 5012 των
2411 4957 2682 5014 ἐλλείπειν
2711 4979 2724 4991 ο
2757 4958 2910 5029 έξιων
2937 4963 3054 5020 τοῖς
3088 4959 3180 5031 μὲν
3227 4957 3452 5023 οἰκείοις
3493 4956 3761 5034 ἀσφάλεια
3789 4973 3905 5008 παν-

2281 5049 2507 5103 τάπασιν
2567 5045 2736 5117 ἔσται,
2786 5048 2876 5103 καὶ
2933 5050 2994 5104 τὸ
3042 5048 3454 5124 τεθαρρηκότως
3499 5068 3559 5102 τε
3608 5045 3698 5102 καὶ
3743 5041 3901 5113 ἡδέως

2282 5135 2581 5207 καθεύδειν,
2630 5134 2839 5199 εἰδότας
2864 5137 2940 5198 ὡς
2979 5134 3143 5192 ἄλλοι
3183 5137 3289 5211 πρὸ
3335 5135 3508 5192 αὐτῶν
3550 5134 3900 5210 ἰγρηγόρασι”

2280 5226 2620 5297 κατάπληξις
2658 5224 2715 5282 δὲ
2761 5231 2875 5290 τοῖς
2927 5225 3188 5288 ἐναντίοις
3238 5227 3328 5282 καὶ
3375 5221 3570 5304 φόϐος,
3601 5225 3781 5287 καὶτὸ
3810 5241 3904 5294 μη-

2286 5313 2370 5370 δὲν
2405 5315 2437 5370 ἃ
2471 5318 2546 5390 μὴ
2592 5314 2673 5370 δεῖ
2714 5317 2830 5371 κατ’
2875 5315 3050 5370 αὐτῶν
3093 5314 3392 5392 ἐπιχειρεῖν
3435 5313 3654 5386 ἐννοεῖν,
3685 5314 3720 5384 ἢ
3753 5309 3902 5367 δισκε-

2283 5413 2377 5472 νῆς
2419 5404 2639 5461 ἐννοεῖν.
2688 5403 2935 5460 Τοιοῦτοι
2983 5407 3076 5477 μὲν
3133 5401 3282 5466 ὄντες
3326 5405 3415 5459 καὶ
3464 5402 3640 5468 οὕτως
3680 5398 3902 5479 ἔχοντες,

2287 5495 2417 5568 ὑπὲρ
2463 5495 2637 5550 πάντα
2687 5500 2803 5556 τοῖς
2852 5492 3164 5570 χρωμένοις
3214 5491 3422 5549 ἔσονται
3475 5487 3784 5567 πρόϐολον
3831 5487 3905 5543 ἐὰν

2285 5582 2341 5639 δὲ
2369 5583 2503 5659 ἄχρι
2535 5583 2753 5658 βαθείας
2784 5584 3008 5656 ἑσπέρας
3046 5583 3138 5638 τὸν
3190 5579 3418 5660 δόλιχον
3468 5581 3787 5656 ποιούμενοι
3813 5580 3899 5632 τοῦ

2283 5695 2400 5744 τον,
2458 5670 2620 5729 ἔπειτ’
2667 5671 2840 5730 οἵκαδ’
2897 5674 3206 5748 ἀναχωρεῖν
3247 5671 3468 5728 οῖωνται
3517 5668 3650 5742 δεῖν,
3698 5667 3901 5726 δέδοικα
