4062 6308
217 409 338 472 525

1245 409 1532 472 ORATIO
1578 413 1674 471 DE
1719 411 2220 474 SUBDITORUM
2267 409 2611 472 OFF'ICIIS.

3511 411 3628 473 526

222 539 408 612 δήπου
463 540 699 607 δέδοικα,
755 544 831 617 μὴ
883 548 999 606 τοῖς
1056 543 1350 616 πολεμίοις
1398 543 1691 616 περίπολοί
1736 565 1872 606 τινες

2011 546 2274 604 ἐοεάθι-ε.
2328 544 2386 599 id
2427 545 2484 600 hi
2516 544 2601 600 vel
2637 544 2888 601 molliter
2917 547 3138 615 agendo
3168 547 3542 615 obtinebunt,
3575 551 3632 604 et

221 627 330 684 ὦσι
368 630 594 704 μᾶλλον
645 634 680 702 ἢ
731 639 845 694 τοῖς
878 634 1101 695 οἰκείοις
1134 653 1146 666 ·
1201 633 1232 687 ἃ
1275 635 1378 708 γάρ
1432 633 1650 706 μάλιστ’
1689 633 1883 688 ἐκεῖνοι

224 720 553 793 συνεύξαιτο
612 722 790 796 σφίσιν
843 723 1048 791 αὐτοῖς,
1107 724 1195 778 καί
1251 721 1457 778 τούτων
1517 724 1884 794 κατεύξαιντο,

223 812 296 874 ὡς
335 810 472 866 ὅταν
525 809 832 884 βούλωνται
881 811 1082 886 ῥᾳδίως
1133 817 1268 886 σφᾶς
1316 812 1512 884 ἐξελεῖν
1562 809 1884 878 δεδυνῆσθαι

223 901 314 955 καὶ
367 907 693 976 κατασχεῖν,
752 904 904 956 ταῦθ’
959 903 1106 957 οῦτοι
1167 900 1236 956 δι’
1294 904 1367 957 ὧν
1420 902 1619 957 οὑτωσὶ
1674 904 1888 976 ῥᾳστω-

225 991 543 1058 νεύσονται,
603 991 1024 1067 κατεργάσονται
1062 1011 1075 1024 ·

1134 993 1220 1048 καῖ
1281 993 1354 1046 ὧν
1414 991 1740 1062 κατέστησαν
1798 993 1889 1069 φύ-

229 1077 420 1142 λακες,

509 1080 737 1142 τούτους
822 1082 1034 1144 ἑκόντες
1118 1083 1261 1143 ὄντες
1352 1085 1691 1155 προήσανται
1773 1087 1888 1143 τοῖς

228 1167 462 1242 ἐχθροῖς
499 1187 512 1200 ·
566 1166 719 1241 ε’ίπερ
769 1167 882 1238 ἐξὸν
928 1169 960 1224 ἃ
1007 1171 1119 1245 χρή
1172 1173 1509 1244 πράττοντας
1553 1171 1642 1224 καὶ
1701 1191 1888 1224 νυκτο-

231 1255 641 1334 φυλακοῦντας,
675 1257 851 1331 ὥσπερ
904 1257 1060 1334 ἔφην,
1113 1259 1186 1321 εἰς
1226 1257 1408 1325 τέλος,
1454 1259 1636 1314 ἔπειτα
1685 1261 1889 1314 τούτων

229 1347 482 1416 καθάπαξ
545 1347 892 1423 ὑπερφρονεῖν
948 1349 1038 1402 καὶ
1095 1349 1308 1423 χαίρειν
1365 1355 1479 1409 τοῖς
1539 1347 1691 1410 ὅλοις
1752 1350 1837 1418 ἐᾷν
1874 1369 1885 1380 ·

232 1437 282 1490 οἱ
315 1433 364 1490 δ’
399 1437 512 1490 ὑπὸ
562 1441 661 1491 τοῦ
695 1439 770 1508 μή
823 1443 1005 1492 πονεῖν
1058 1435 1258 1492 ἐθέλειν
1294 1438 1386 1492 καὶ
1432 1434 1732 1512 τρίϐεσθαι,
1766 1437 1890 1494 ἀλλ’

233 1527 383 1598 ὕπνῳ
433 1526 528 1579 καὶ
575 1528 773 1596 νωθεία
821 1525 1122 1594 δουλεύειν,
1173 1527 1261 1581 καὶ
1314 1529 1412 1596 τὴν
1461 1529 1636 1582 αὐτῶν
1687 1525 1888 1597 ἡδονήν

233 1615 513 1688 προτέραν
549 1621 645 1668 τοῦ
696 1620 849 1687 κοινῇ
899 1616 1260 1693 ξυμφέροντος
1308 1617 1530 1689 κρίνειν,
1562 1618 1627 1671 τά
1674 1622 1896 1671 τοιαῦτα

236 1705 699 1759 λειποτακτοῦσιν
735 1724 748 1736 ·
803 1705 922 1759 ἄνευ
954 1702 1009 1759 δὲ
1055 1706 1261 1759 τούτων
1297 1707 1398 1761 ούκ
1442 1705 1501 1760 ἄν
1552 1701 1673 1785 ἔχοι
1710 1704 1894 1780 λόγον,

236 1802 336 1862 τῆς
395 1796 498 1866 μὶν
559 1791 806 1869 φυλακῆς
851 1796 975 1856 τοὺς
1035 1795 1258 1866 μισθοὺς
1313 1795 1546 1859 ἐντελεῖς
1598 1791 1896 1869 λαμϐάνειν

241 1881 485 1952 ἐθέλειν,
528 1883 692 1952 αὐτὴν
727 1882 784 1937 δέ
829 1884 1030 1951 ταύτην
1071 1884 1237 1953 ἀτελῆ
1285 1883 1651 1942 καταλείπειν.
1686 1886 1749 1942 Εἰ
1803 1888 1895 1959 μὲν

239 1973 340 2047 γάρ
389 1972 461 2026 οὐ
507 1970 774 2045 μέλλουσι
816 1969 902 2026 διὰ
940 1971 1130 2036 τέλους
1169 1973 1478 2048 φυλάττειν,
1519 1975 1568 2030 τί
1609 1977 1732 2049 περὶ
1771 1975 1898 2040 τοὺς

245 2061 484 2132 μισθοὺς
528 2055 1054 2135 ἀκριϐολογοῦνται;
1091 2062 1134 2116 εἰ
1164 2061 1207 2116 δ’
1249 2062 1300 2116 ἐν
1344 2062 1492 2137 λόγῳ
1525 2069 1688 2118 τοῦτο
1723 2071 1894 2120 ποιεῖν

243 2149 459 2205 οἴονται
504 2147 637 2218 δεῖν,
679 2152 762 2213 οἷς
803 2150 853 2204 ἐν
892 2149 1076 2224 ἐκείνῳ
1113 2156 1213 2207 τοῦ
1253 2155 1624 2228 προσήκοντος
1670 2154 1899 2228 άλογοῦ-

1756 2244 1823 2299 ἀλ
1834 2246 1901 2298 λὰ

245 2332 336 2385 καὶ
389 2331 497 2397 τὴν
537 2329 700 2384 πόλιν
751 2329 801 2383 ἐν
859 2328 921 2383 οὺ
974 2337 1189 2404 μικροῖς
1238 2329 1460 2403 ἀδικείν,
1515 2334 1645 2406 ὑπὲρ
1693 2337 1757 2402 ἧς
1807 2356 1902 2406 μι-

250 2421 620 2496 σθοφοροῦσιν
681 2418 777 2473 οὐκ
845 2416 1059 2490 ἐνδεῶς,
1127 2421 1325 2489 ταύτην
1395 2421 1757 2497 φυλάττοντες
1824 2423 1902 2478 ἐν·

254 2507 414 2575 δεῶς,
455 2510 742 2564 κάντεῦθεν
773 2510 831 2564 ὃν
872 2503 998 2586 ἔφην
1041 2510 1239 2584 τρόπον
1283 2517 1397 2572 τοῖς
1440 2512 1660 2586 ἐχθροῖς
1706 2510 1904 2586 προδι-

260 2597 445 2662 δόντες
477 2616 491 2628 ·
547 2601 624 2662 ὡς
679 2597 768 2653 οῦν
826 2599 874 2653 ἐν
924 2601 1138 2662 τούτοις
1195 2607 1301 2655 τῶν
1363 2601 1506 2656 ὅλων
1566 2603 1900 2676 πραγμάτων

269 2689 632 2763 ῦπάρχόντων
682 2693 750 2762 τῇ
802 2687 982 2756 πόλει,
1040 2690 1128 2743 καὶ
1182 2696 1281 2758 τῆς
1342 2693 1528 2758 κοινῆς
1585 2691 1904 2766 ἀσφαλείας,

273 2779 317 2832 εἴ
375 2776 452 2834 δεῖ
502 2779 785 2850 συντόμως
837 2779 1028 2844 εἴπεῖν,
1089 2777 1322 2834 ἐντεῦθεν
1379 2781 1510 2835 εἶναι
1565 2780 1903 2836 κινδονευού-

245 2262 349 2308 σιν,
395 2237 526 2295 ούδέ
565 2243 756 2294 τοῦτον
797 2238 848 2293 ἐν
895 2241 1048 2316 λόγῳ
1087 2248 1261 2296 ποιεῖν
1307 2248 1666 2317 μαρτυροῦσιν
1700 2263 1712 2276 ·

283 2887 374 2935 σης
419 2869 501 2921 καὶ
566 2869 665 2939 μή,
721 2867 926 2921 κελεύω
979 2870 1068 2922 καὶ
1126 2869 1353 2930 τούτους
1411 2871 1497 2924 καὶ
1557 2872 1648 2932 οῦς
1706 2871 1905 2943 ἀρτίως

281 2953 544 3025 ἐμνήσθιν,
604 2956 940 3010 παντάπασιν
1010 2956 1366 3032 ἐγρηγορέναι
1429 2959 1518 3014 καὶ
1585 2963 1773 3036 νήφειν
1831 2961 1908 3021 εἰς

275 3046 399 3100 ἅπαν
436 3067 448 3078 υ
511 3045 600 3100 καὶ
660 3045 802 3100 οὕτω
860 3048 984 3120 περί
1040 3049 1137 3114 τήν
1201 3047 1451 3126 φυλακὴν
1523 3047 1906 3120 διανίστασθαι,

266 3137 337 3198 ὡς
369 3133 539 3209 μηδὶν
590 3139 752 3204 ἧττον
803 3132 1149 3211 κύϐερνητῶν
1177 3135 1366 3216 ’ίσχειν
1411 3140 1474 3193 τά
1527 3161 1587 3215 γε
1635 3145 1860 3196 τοιαῦτα
1893 3161 1906 3173 ⁸

262 3227 348 3280 καὶ
379 3227 483 3301 γὰρ
516 3224 710 3280 ἐκεῖνοι
743 3226 830 3280 καὶ
863 3227 1006 3300 παρά
1038 3229 1213 3282 πάντα
1245 3228 1338 3298 μὲν
1369 3225 1546 3296 δήπου
1587 3229 1678 3284 τὸν
1711 3228 1908 3298 πλοῦν,

1989 668 2234 726 quorum
2266 651 2426 723 prius
2456 655 2725 708 custodes
2761 654 3009 720 fuerant,
3052 670 3150 709 eos
3183 654 3432 710 libenter
3461 653 3632 710 hosti-

1990 760 2097 816 bus
2131 761 2377 827 tradent,
2411 766 2535 816 tum
2568 776 2702 817 cum
2738 762 3080 831 permissum
3106 778 3195 818 est
3223 763 3428 818 ofﬁciis
3459 763 3629 819 satis-

1991 867 2196 934 facere,
2231 867 2503 924 excubias
2534 883 2705 939 agere
2726 885 2913 939 usque
2944 870 3015 924 ad
3042 869 3370 940 fastidium,
3392 870 3538 927 dein
3561 871 3634 926 iis

1993 974 2328 1030 valedicere.
2361 975 2404 1028 Ii
2435 973 2645 1028 deinde
2677 975 2774 1046 qui
2809 991 3018 1046 corpus
3053 977 3371 1032 laborando
3395 977 3636 1048 fatigare

1998 1080 2220 1146 nolunt,
2238 1097 2511 1136 somnum
2536 1087 2730 1136 autem
2755 1090 2808 1137 et
2830 1081 3211 1138 indolentiam
3237 1083 3421 1155 magis
3439 1089 3639 1140 amant

1993 1201 2044 1246 et
2079 1191 2178 1262 qui
2213 1190 2567 1263 voluptatem
2601 1191 2881 1260 privatam
2928 1191 3163 1247 utilitati
3200 1193 3439 1264 publica
3472 1199 3638 1249 ante-

1997 1306 2238 1370 ponunt,
2271 1299 2471 1354 ordine
2501 1299 2816 1366 excedent;
2851 1299 3012 1354 nefas
3044 1300 3199 1354 enim
3231 1306 3384 1355 esset
3417 1317 3639 1357 merce-

1997 1406 2132 1463 dem
2164 1407 2446 1478 inlegram
2480 1408 2776 1477 postulare
2808 1423 2908 1476 pro
2944 1409 3141 1463 labore
3177 1409 3640 1482 peneinchoato.

1995 1513 2053 1566 Si
2077 1513 2229 1569 enim
2257 1513 2538 1569 custodia:
2561 1529 2742 1584 usque
2767 1515 2834 1568 ad
2863 1514 3040 1569 finem
3058 1531 3291 1585 operam
3315 1517 3453 1571 dare
3475 1532 3642 1572 recu-

1999 1624 2149 1683 sant,
2182 1619 2471 1690 quomodo
2514 1619 2833 1674 mercedem
2869 1619 3156 1690 integram
3198 1619 3646 1692 efﬂagitabunt?

2001 1722 2163 1788 Quod
2194 1722 2244 1778 si
2275 1730 2464 1778 autem
2503 1739 2658 1777 nunc
2689 1723 2881 1779 officio
2909 1730 3118 1778 vacant
3143 1726 3298 1796 quod
3323 1725 3492 1797 paulo
3515 1729 3647 1798 post

2002 1830 2474 1900 tergiversantur,
2510 1829 2672 1884 nullo
2707 1830 2842 1898 jure
2882 1829 3226 1884 alterutrum
3262 1831 3500 1898 faciunt,
3533 1833 3647 1888 imo

1930 1932 1975 1997 Β
2008 1941 2208 1995 urbem
2242 1954 2451 2010 magna
2479 1939 2696 2010 injuria
2737 1939 3020 2009 afficiunt,
3066 1939 3319 2011 pretium
3361 1940 3647 2013 integrum

2010 2065 2109 2121 pro
2155 2047 2420 2104 custodia
2470 2045 2807 2116 imperfecta
2844 2052 3237 2116 exposcentes.
3283 2047 3429 2110 Quia
3477 2047 3650 2118 igitur

2010 2162 2128 2212 tota
2184 2153 2435 2208 civitatis
2493 2169 2632 2208 cura
2679 2152 2739 2208 in
2787 2153 2860 2208 iis
2911 2154 3160 2224 reposita
3211 2159 3322 2225 est,
3371 2153 3471 2225 qui
3519 2171 3648 2225 pro-

2011 2263 2177 2317 desse
2215 2265 2273 2316 et
2303 2261 2501 2315 obesse
2535 2267 2789 2330 possunt,
2821 2269 2871 2316 et
2909 2263 3026 2314 tota
3058 2275 3249 2316 rerum
3281 2262 3439 2318 salus
3473 2277 3649 2333 penes

2010 2387 2108 2424 eos
2148 2368 2458 2437 est,jubeo
2501 2367 2773 2436 equidem
2809 2377 2867 2422 ut
2915 2385 3282 2441 summopere
3313 2373 3553 2445 vigilant
3581 2391 3647 2430 ac

2013 2477 2192 2533 sobrii
2222 2475 2360 2535 sint.
2397 2491 2498 2530 nec
2532 2473 2726 2530 minus
2758 2491 2822 2530 ac
2851 2477 3265 2547 gubernatores
3297 2482 3509 2552 navigii
3544 2497 3654 2537 cu-

2014 2601 2139 2639 ram
2190 2590 2361 2652 agant
2420 2583 2520 2654 qui
2573 2598 2669 2653 per
2721 2587 2900 2638 totam
2952 2585 3376 2656 navigationem
3419 2589 3654 2660 quando

2015 2698 2332 2762 tempestas
2354 2690 2620 2758 irruit,ne
2637 2690 2945 2746 minimum
2962 2693 3198 2762 quidem
3214 2697 3652 2763 agubernaculo

2017 2800 2251 2868 recedit,
2276 2797 2418 2853 nihil
2445 2799 2598 2871 quod
2623 2815 2716 2854 ars
2739 2800 3329 2866 suadet,intentatum
3353 2801 3652 2874 relinquit,

2016 2907 2134 2962 imo
2166 2912 2339 2964 noctu
2370 2905 2583 2978 diuque
2615 2907 2748 2962 facit
2779 2908 2929 2979 quod
2971 2907 3030 2962 in
3064 2907 3455 2980 navigantium
3486 2910 3652 2966 salu-

2017 3019 2130 3070 tem
2163 3016 2434 3087 adjuvare
2483 3020 2687 3086 potest,
2740 3017 2923 3072 undas
2973 3031 3342 3082 mensurans,
3392 3018 3462 3072 ad
3500 3021 3656 3074 astra

2018 3124 2362 3196 suspiciens,
2394 3129 2451 3180 et
2491 3124 2626 3180 inde
2655 3125 2776 3195 ejus
2807 3125 2962 3197 quod
2987 3125 3314 3182 faciendum
3346 3133 3452 3195 est,
3502 3143 3646 3183 con-

2021 3233 2219 3288 silium
2251 3234 2508 3305 capiens.
2542 3233 2702 3298 Quod
2731 3233 2780 3289 si
2811 3233 3300 3304 gubernatoribus
3332 3233 3471 3289 talia
3501 3250 3650 3289 cura:

263 3315 366 3390 οὐχ
428 3316 624 3383 ἣκιστα
673 3311 730 3368 δὲ
779 3312 1060 3376 κλύδωνος
1104 3315 1374 3384 ἐπιόντος,
1418 3316 1532 3372 οὔδ’
1580 3317 1669 3373 ἐπὶ
1715 3322 1901 3395 μικρὸν

2020 3346 2177 3407 sunt,
2210 3356 2319 3407 quo
2351 3344 2515 3410 pacto
2548 3339 2708 3393 urbis
2729 3339 2992 3395 mdilibus
3026 3339 3222 3395 minus
3254 3340 3534 3396 sollicitos
3565 3356 3657 3396 es-

260 3404 578 3480 άφίσταντάι
617 3409 722 3458 τῶν
763 3404 982 3468 οἱάκων,
1029 3403 1144 3458 οὐδ’
1185 3406 1258 3459 ῶν
1297 3407 1330 3473 ὴ
1373 3408 1536 3479 τέχνη
1583 3408 1668 3462 καὶ
1708 3408 1770 3462 τό
1809 3416 1909 3477 τῆς

264 3494 454 3568 χρείας
502 3492 800 3568 ἀναγκάζον
849 3493 1122 3568 παρέχει·
1177 3493 1320 3548 ἀλλά
1371 3497 1458 3549 καὶ
1511 3497 1741 3572 νύκτωρ,
1795 3497 1906 3552 ἔστι

261 3581 306 3638 δ’
358 3585 450 3637 ὅτε
508 3584 595 3638 καὶ
646 3589 745 3651 τῆς
804 3581 1224 3658 ἐπιγιγνομένης
1282 3585 1511 3656 ἡμέρας,
1569 3588 1719 3640 πάνθ’
1775 3588 1905 3659 ὑπὲρ

260 3681 360 3740 τῆς
392 3676 502 3726 τῶν
549 3669 899 3743 ἐμπλεόντων
949 3670 1225 3747 σωτηρίας
1272 3679 1448 3726 ποιεῖν
1500 3672 1706 3729 οἴονται
1759 3682 1903 3753 χρῆ-

258 3782 371 3829 ναι,
426 3761 569 3832 ὁμοῦ
616 3781 673 3814 τε
715 3761 852 3832 πρὸς
897 3764 1042 3833 κῦμα
1090 3757 1601 3836 παραϐαλλόμενοι,
1632 3765 1723 3818 καὶ
1772 3766 1905 3837 πρὸς

259 3847 490 3923 ἀστέρας
551 3852 794 3922 συνεχῶς
854 3849 1184 3925 ἀφορῶντες,
1240 3851 1480 3907 κάκεῖθεν
1542 3847 1906 3923 λαμϐάνοντες

258 3943 358 3992 τοῦ
387 3937 650 4008 ποιητέου
679 3937 740 3992 τό
783 3938 1053 4011 σύνθημα.
1097 3941 1224 3994 Εἶτα
1265 3936 1618 4015 κυϐερνήταις
1664 3943 1757 4015 μὶν
1806 3944 1906 3998 οὑ-

258 4026 396 4079 τωσὶ
431 4024 586 4098 μέλει
618 4030 749 4080 νεῶν
801 4026 886 4081 καὶ
919 4033 1014 4082 τοῦ
1060 4031 1177 4084 κατ’
1207 4028 1369 4090 αὐτὰς
1403 4030 1677 4105 σωτηρίου
1715 4050 1727 4062 ·
1780 4031 1906 4094 τοὺς

262 4113 320 4170 δὲ
372 4120 482 4171 τῶν
539 4113 754 4171 πόλεων
808 4117 1053 4194 φύλακας
1113 4120 1175 4174 οὐ
1235 4117 1433 4192 πολλῷ
1487 4120 1699 4194 μᾶλλον
1755 4125 1908 4178 ταυτὶ

260 4206 520 4277 πράττειν
588 4207 832 4282 φήσομεν
893 4215 1139 4281 χρῆναις
1199 4207 1324 4263 ὅσον
1384 4211 1487 4283 γὰρ
1551 4211 1814 4282 μειζόνων
1872 4217 1906 4282 ἢ

263 4297 452 4349 ’κεῖνοι
513 4293 882 4368 προΐστανται,
930 4298 1158 4350 τοσοῦτο
1236 4298 1404 4370 μείζω
1462 4300 1550 4353 καί
1609 4301 1709 4368 τὴν
1786 4321 1910 4376 περι

262 4387 433 4438 ταῦτα
463 4381 712 4462 φυλακην
767 4383 1076 4461 ὀφείλουσιν
1105 4384 1311 4460 Ἔσχων,
1346 4392 1561 4458 πτηνῶν
1615 4387 1769 4458 δίκην
1823 4388 1910 4447 διὰ

266 4473 443 4542 πάσης
475 4473 670 4534 κυκτὸς
724 4479 1174 4548 περισκοποῦντες
1203 4477 1268 4530 τὰ
1299 4475 1462 4552 τείχη
1503 4478 1592 4531 καὶ
1636 4480 1910 4552 περιθέον·

262 4582 348 4624 τες
398 4561 611 4634 σύναμα
660 4567 737 4633 τῷ
776 4563 1066 4637 ἀστυνόμῳ
1102 4569 1180 4635 τῷ
1227 4587 1284 4620 τε
1331 4573 1428 4634 τῆς
1481 4565 1693 4630 πόλεως
1735 4569 1912 4642 ἁρμο-

267 4655 363 4724 στῇ
417 4649 745 4750 διεγείρουσι
793 4660 925 4730 σφᾶς
976 4655 1068 4708 καὶ
1120 4655 1563 4729 προθυμοτέρους
1609 4662 1687 4728 τῷ
1737 4664 1910 4712 συνεῖ-
1947 4687 1988 4750 D

265 4762 349 4793 ναι
384 4739 474 4795 καὶ
508 4743 715 4796 συνθεῖν
745 4744 1072 4799 καθιστᾶσιν.

678 4828 700 4847 ᾗ

341 4834 431 4893 ις’.
475 4830 624 4886 Ἐπεὶ
675 4829 720 4885 δ’
767 4829 818 4901 ἐξ
867 4833 1119 4887 ἁπάντων
1161 4835 1368 4888 τούτων
1421 4837 1763 4890 συνίστασθαι
1815 4838 1906 4907 μὲν

268 4921 356 4976 καὶ
407 4923 666 4994 πράττειν
717 4920 772 4974 εὖ
819 4921 1042 4978 πόλεσιν
1097 4921 1194 4988 ἔνι,
1257 4925 1344 4978 καὶ
1403 4923 1618 4997 προσέτ’
1671 4925 1909 5001 ἀσφαλέ-

272 5031 436 5066 στατα
485 5009 692 5085 ’ίσχειν,
726 5008 1024 5066 ἐπιδιδόναι
1077 5010 1133 5066 δὲ
1180 5014 1480 5069 τουλοιποῦ
1529 5017 1617 5069 καὶ
1666 5013 1910 5086 αὔξεσθαι

270 5101 482 5161 τούτοις
519 5099 696 5154 οὐκέτι
735 5120 746 5132 ·
799 5098 880 5155 δεῖ
928 5099 985 5156 δὲ
1033 5104 1120 5157 γαί
1168 5103 1362 5158 τούτου
1409 5109 1505 5160 τοῦ
1557 5105 1754 5178 μέρους
1804 5105 1911 5180 οὐχ

270 5189 445 5256 ἥκιστ’
496 5189 703 5252 αὐταῖς.
757 5190 828 5246 Οὐ
877 5190 979 5264 γὰρ
1029 5188 1086 5245 εὖ
1136 5194 1386 5268 πράττειν
1450 5193 1612 5265 μόνον
1662 5193 1906 5269 ἀπόχρη,

267 5276 412 5333 ἀλλὰ
468 5279 559 5332 καὶ
609 5280 746 5352 πρὸς
795 5281 862 5334 τά
902 5283 1133 5354 κρείττω
1181 5283 1267 5336 καὶ
1324 5282 1494 5355 μείζω
1539 5288 1740 5357 χωρεῖν
1789 5284 1909 5338 έκά-

265 5386 418 5420 στοτε
469 5363 553 5420 δεῖ
599 5367 686 5420 καὶ
737 5367 926 5440 πρόσω
975 5369 1176 5443 βαίνειν
1209 5389 1221 5401 ·
1273 5370 1361 5425 καὶ
1412 5369 1558 5433 ὅλως
1603 5372 1736 5440 μετὰ
1777 5392 1907 5426 παν-

267 5456 355 5517 τὸς
387 5454 471 5510 ἀεὶ
506 5459 647 5530 ,τοῦρ
671 5455 947 5530 βελτίονος
995 5458 1086 5511 τὸν
1118 5457 1290 5513 αἰῶνα
1321 5457 1517 5535 διάγειν
1552 5479 1562 5489 ·
1619 5458 1727 5514 δεῖν
1780 5461 1907 5516 εἶναι

269 5544 353 5598 καὶ
411 5545 552 5598 πάνυ
612 5545 756 5621 φημί
817 5548 945 5608 τοὺς
1000 5551 1109 5601 τῶν
1169 5545 1606 5622 πολιτευομένων
1657 5549 1906 5623 ἀρίστους

265 5635 329 5688 τά
357 5636 402 5691 τ’
449 5633 597 5691 ἄλλα
640 5638 728 5690 καὶ
761 5637 942 5692 ὁτιοῦν
990 5639 1230 5711 χρηστὸν
1283 5639 1667 5714 εἰργασμένους
1717 5639 1901 5718 διαφε-

270 5725 470 5795 ρόντως
503 5723 738 5780 ἐπαινεῖν
767 5728 854 5780 καὶ
905 5726 1196 5800 θαυμάζειν
1228 5729 1316 5784 καὶ
1347 5730 1470 5804 περὶ
1502 5730 1751 5792 πλείονος
1785 5752 1906 5786 ποι-

2015 3465 2072 3504 se
2107 3450 2274 3503 licere
2295 3448 2738 3512 dicemus?Quo
2773 3449 3052 3519 majorum
3085 3450 3242 3504 enim
3275 3467 3466 3505 rerum
3500 3467 3652 3507 cura:

2015 3556 2309 3628 praepositi
2338 3562 2494 3623 sunt,
2521 3557 2798 3625 majorem
2820 3557 2996 3610 etiam
3016 3556 3075 3610 in
3107 3557 3176 3611 iis
3198 3557 3653 3612 sollicitudinem

2017 3679 2226 3734 ponere
2259 3664 2552 3718 debebunt
2580 3667 2655 3729 et,
2709 3662 3009 3718 volucrum
3054 3664 3256 3732 instar,
3294 3665 3508 3719 mmnia
3535 3665 3648 3719 cir-

2015 3770 2428 3838 cumvolantes,
2481 3787 2598 3826 una
2642 3787 2774 3826 cum
2808 3772 2968 3827 urbis
3002 3772 3267 3843 praefecto
3298 3772 3368 3825 ad
3401 3770 3650 3842 vigilan-

2016 3881 2156 3932 dum
2187 3883 2242 3933 et
2273 3879 2722 3949 cooperandum,
2755 3895 2903 3950 quos
2937 3896 3039 3950 par
3068 3885 3176 3947 est,
3208 3879 3540 3936 admonere.

2095 4835 2179 4889 16.
2213 4832 2488 4896 Quamvis
2520 4849 2620 4903 per
2651 4832 2773 4888 haec
2824 4832 3023 4888 omnia
3064 4832 3263 4887 civitas
3291 4831 3481 4903 aliqua
3516 4849 3655 4904 pro-

2021 4944 2296 5014 speritate
2349 4959 2415 4996 ac
2465 4944 2775 4997 securitate
2809 4944 2915 4997 frui
2951 4941 3156 5012 possit,
3189 4939 3245 4993 id
3275 4956 3445 5010 porro
3479 4956 3656 5012 agen-

2020 5049 2162 5105 dum
2186 5055 2362 5105 restat
2385 5055 2447 5104 ut
2467 5050 2579 5106 ista
2610 5050 2962 5122 prosperitas
2995 5052 3240 5103 maneat.
3271 5046 3483 5102 Felices
3505 5048 3657 5104 enim

2020 5157 2172 5213 cives
2202 5171 2332 5212 esse
2360 5173 2473 5212 non
2507 5157 2745 5218 sufficit,
2800 5157 2916 5210 imo
2958 5157 3227 5212 meliores
3255 5155 3314 5210 in
3346 5156 3498 5210 diem
3534 5155 3657 5212 fieri

2019 5279 2260 5346 oportet,
2292 5277 2349 5328 et
2380 5273 2512 5329 inde
2542 5274 2603 5329 in
2647 5274 2864 5329 honore
2913 5277 3086 5344 atque
3126 5272 3507 5329 admiratione
3536 5288 3658 5330 esse

2019 5393 2171 5463 apud
2203 5390 2465 5462 vulgum,
2497 5392 2546 5444 si
2579 5390 2786 5445 virtute
2826 5389 3137 5446 excellunt.
3170 5390 3236 5445 Et
3266 5406 3325 5446 re
3357 5406 3489 5446 vera
3518 5389 3656 5446 civi-

2020 5511 2110 5560 tas
2143 5505 2254 5561 isto
2285 5507 2456 5560 modo
2489 5507 2828 5577 procedens,
2863 5521 2966 5558 nec
2997 5505 3181 5575 gloria
3212 5520 3318 5560 nec
3347 5504 3473 5559 vita
3501 5520 3656 5560 com-

2021 5620 2211 5676 modis
2241 5621 2474 5680 carebit,
2509 5621 2740 5692 quando
2792 5621 2926 5674 boni
2960 5637 3150 5675 mores
3181 5621 3379 5691 vigent
3409 5625 3465 5674 et
3497 5619 3657 5690 pravi

2018 5735 2453 5807 perdomantur.
2489 5735 2572 5789 lta
2601 5734 2751 5789 enim
2786 5734 2964 5788 virtus
2995 5733 3062 5788 ad
3096 5734 3447 5788 altissimum
3475 5730 3637 5785 fasti-
