4062 6308
273 425 384 484 529

274 643 459 710 ἴσασιν,
494 643 729 713 εὔδηλον
787 647 860 708 ὡς
919 647 1003 700 ἐὰν
1065 651 1138 720 μή
1199 653 1358 702 τοῦτο
1408 654 1672 720 ποιῶμεν,
1704 650 1770 702 τὰ
1821 650 1907 720 μέ-

271 734 630 806 γιστάὐτοὺς
689 733 1006 808 ἀδικοῦμεν,
1068 742 1174 791 τῶν
1230 739 1616 810 προσηκόντων
1675 739 1908 793 ἀποστε-

273 827 506 896 ροῦντες,
540 826 652 880 Νῦν
687 824 732 878 δ’
765 824 916 880 οὐδὲν
945 828 1147 896 καινὸν,
1183 827 1360 901 οἶμαι,
1394 826 1633 903 δρῶμεν,
1655 833 1717 883 τὸ
1765 830 1908 891 εἶκὸς

273 911 605 976 ἐκτιννῦντες
630 933 644 947 ·
677 915 766 969 καὶ
798 917 826 969 ὃ
858 917 1036 992 σφίσιν
1087 918 1274 979 αὐτοῖς
1323 915 1390 971 δι’
1443 919 1516 972 ὧν
1543 923 1788 972 τοιοῦτοι
1840 916 1905 988 δή

272 1022 402 1063 τινες
481 1001 723 1077 ἔγνωσαν
805 1001 975 1076 ὄντες,
1048 1009 1502 1080 παρεσκευάκασιν
1540 1025 1552 1036 ·
1615 1005 1752 1061 ὥστε
1827 1010 1910 1067 οἷς

271 1087 482 1163 ἀκριϐεῖ
539 1092 689 1166 λόγῳ
740 1095 868 1168 παρ’
907 1097 1108 1149 ἑαυτῶν
1169 1097 1230 1150 οὐ
1289 1097 1412 1170 παρ’
1471 1099 1632 1168 ἡμῶν
1689 1097 1910 1165 ταυτηνὶ

271 1181 590 1251 κομίζονται
632 1185 732 1250 τήν
784 1184 1108 1253 συντέλειαν,
1153 1185 1376 1247 εἰκότως
1424 1186 1485 1240 ἂν
1543 1185 1742 1240 τούτου
1793 1185 1910 1262 σφί-

273 1289 349 1322 σιν
377 1271 591 1336 αῦτοῖς,
627 1273 734 1345 οὐχ
772 1275 906 1345 ἡμῖν
939 1270 1118 1348 ἔχοιεν
1158 1276 1338 1349 χάριν.

343 1363 427 1427 ιζ’.
465 1359 538 1413 Οὐ
594 1363 700 1431 μὴν
751 1361 896 1416 ἀλλὰ
941 1363 1028 1416 καὶ
1077 1364 1202 1426 τοὺς
1242 1365 1474 1438 ἁγαθοὺς
1525 1365 1642 1436 μέν,
1698 1365 1801 1418 οὐκ
1858 1364 1910 1434 ἐξ

271 1447 479 1520 ἀγαθῶν
543 1449 600 1504 δὲ
656 1451 969 1527 γεγονότας,
1023 1453 1122 1506 οὐκ
1174 1452 1639 1525 ἀποδοκιμαστέον
1703 1453 1792 1509 διὰ
1845 1455 1908 1508 τὸ

269 1537 421 1610 γένος
474 1538 639 1607 ἐστὶν,
689 1539 835 1595 ἀλλᾶ
886 1540 954 1594 δι’
1002 1541 1193 1604 αὐτοὺς
1252 1543 1448 1603 αὐτοὺς
1508 1540 1902 1598 σπουδαστέον·

265 1630 499 1680 τοσοῦτο
560 1626 820 1690 καλλίους
879 1626 1033 1690 ὄντας
1096 1629 1170 1691 εἰς
1228 1629 1528 1703 παράδοξον
1589 1633 1749 1705 φάναι
1797 1637 1903 1686 τῶν

264 1718 384 1768 κατ’
414 1715 582 1792 ἄμφω
633 1718 1065 1790 σεμνυνομένων,
1099 1718 1222 1772 ὅσον
1280 1720 1330 1773 οἳ
1383 1719 1476 1789 μὲν
1524 1717 1675 1773 οὐδεν
1729 1720 1907 1774 καινὸν

265 1805 424 1869 οἶμαι
469 1804 660 1877 δρῶσι,
693 1812 974 1869 ποιοῦντες
1004 1807 1036 1860 ἃ
1066 1804 1165 1874 δεῖ,
1186 1808 1275 1861 καί
1317 1807 1347 1860 ἃ
1376 1807 1502 1868 τοὺς
1544 1807 1602 1861 ἐκ
1645 1809 1907 1863 τοιούτων

1265 428 1562 491 ORATIO
1608 429 1708 489 DE
1752 429 2267 491 SUBDITORUM
2311 427 2666 490 OFFICIIS.

277 560 396 626 μᾷν,
428 558 494 623 ἧς
541 555 793 631 ἴσχουσιν
839 559 1054 631 ἀρετῆς,
1110 561 1300 631 μισθός
1347 561 1510 629 ἐστιν,
1559 562 1633 622 ὡς
1683 563 1906 621 ἅπαντες
1937 564 1989 628 Α

2100 1369 2180 1422 17.
2215 1368 2358 1424 Boni
2382 1369 2534 1426 cives
2565 1382 2734 1440 porro
2765 1366 2979 1422 vilibus
3012 1367 3153 1422 forte
3185 1366 3526 1438 parentibus
3547 1366 3663 1423 orti

2025 1491 2138 1530 non
2173 1491 2238 1530 ex
2271 1475 2487 1547 origine
2512 1474 2812 1546 judicandi
2848 1479 3004 1542 sunt,
3027 1475 3128 1529 sed
3151 1475 3470 1530 secundum
3505 1474 3663 1545 quod

2023 1587 2166 1639 sunt
2195 1587 2296 1638 aut
2329 1583 2606 1651 fecerunt,
2631 1598 2696 1637 eo
2727 1580 2914 1652 magis
2944 1580 3162 1637 scilicet
3193 1581 3518 1637 honorandi
3551 1597 3664 1652 quo

2025 1691 2213 1763 magis
2259 1708 2292 1747 a
2342 1691 2659 1762 majoribus
2708 1690 3001 1746 diﬂerunt.
3052 1689 3198 1744 Nam
3249 1690 3345 1761 qui
3395 1705 3426 1744 ο
3475 1688 3664 1760 pravis

2025 1799 2186 1870 pravi
2217 1798 2394 1869 geniti
2438 1802 2597 1864 sunt,
2647 1797 2787 1869 quid
2821 1797 2978 1852 aliud
3029 1797 3543 1869 reprehensoribus
3575 1811 3665 1851 re-

263 1892 407 1953 είκός
433 1911 447 1925 ⁸
483 1893 598 1947 ἐπεὶ
640 1895 730 1948 καὶ
763 1901 880 1954 τοῖς
911 1901 1170 1970 πονηροῖς
1219 1897 1322 1950 κάκ
1367 1902 1624 1972 πονηρῶν
1670 1900 1894 1969 πεφυκό-

438 1982 450 1992 ‘
470 1979 508 2001 δῖ
595 1981 617 2000 η
911 1985 922 1998 \
1079 1984 1089 1998 \
1192 1985 1204 2001 ν
1321 1985 1337 2001 κ
1390 1990 1412 2000 η
1605 1981 1628 2001 Ἰ
1824 1987 1840 2001 \
1864 1986 1875 2001 1

2021 1905 2389 1976 spondebunt
2433 1904 2548 1960 nisi
2599 1905 2754 1975 quod
2813 1903 3052 1976 ignobili
3104 1919 3313 1975 genere
3345 1903 3462 1958 nati
3495 1901 3665 1960 aliter

261 2002 341 2033 σιν
393 1979 552 2035 οὐδὲν
595 1981 770 2056 ἓτερεν
826 1985 962 2056 πρὸς
1010 1984 1138 2045 τοὺς
1187 1985 1547 2060 ἐγκαλοῦντας
1603 1981 1768 2040 ἔνεστι
1823 1986 1908 2041 λέ-

254 2091 390 2143 γειν,
430 2069 516 2124 ὅτι
552 2074 626 2140 μή
659 2074 721 2126 τὸ
750 2073 902 2147 γένος
931 2074 1024 2146 ριαί
1056 2077 1116 2127 τὸ
1144 2076 1288 2148 παρὰ
1326 2079 1422 2128 τοῦ
1466 2075 1653 2149 γένους
1702 2078 1903 2130 οὑτωσὶ

255 2157 588 2226 διακεῖσθαι,
642 2161 716 2221 ὡς
765 2164 934 2233 μόνην
994 2162 1193 2231 ναύτην
1257 2163 1441 2225 αὐτοῖς
1497 2163 1656 2218 οὖσαν
1715 2165 1907 2238 παραί-

251 2268 415 2316 τησιν
478 2251 566 2302 καὶ
627 2254 963 2326 καταφυγήν.
999 2253 1061 2305 Ol.
1112 2249 1249 2307 δ’ἐκ
1306 2252 1527 2331 φαύλων
1588 2255 1905 2327 ὁρμώμενοι

253 2342 360 2390 τῶν
424 2335 908 2412 παραδειγμάτων,
953 2340 1012 2395 οὐ
1064 2344 1164 2410 τήν
1222 2343 1391 2410 αὐτὴν
1441 2348 1560 2404 τοῖς
1617 2346 1903 2418 πατράσιν,

256 2427 405 2482 ἀλλὰ
464 2429 750 2500 περιουσίᾳ
815 2429 1023 2506 φύσεως
1109 2432 1289 2505 έτέραν
1365 2430 1684 2505 ἐτράποντο,
1741 2432 1904 2487 καλοὶ

257 2516 484 2589 κάγαθοὶ
546 2519 850 2590 γεγονότες,
881 2519 972 2572 καὶ
1027 2520 1292 2574 τοσούτου
1340 2520 1515 2590 ζήλου
1571 2521 1659 2575 καὶ
1693 2523 1901 2595 θαύμα-

255 2625 344 2666 τος
388 2603 557 2675 άξιοι,
592 2609 716 2660 ὅσον
753 2609 923 2683 ψόγου
952 2608 1041 2662 καὶ
1081 2611 1412 2685 κατηγορίας
1467 2612 1518 2664 οἱ
1567 2612 1666 2678 τήν
1719 2611 1905 2666 ὑπόθες

267 2714 342 2747 σιν
393 2691 815 2771 διαφθείραντες,
857 2699 945 2751 καὶ
994 2718 1120 2758 τους
1171 2699 1562 2772 γεγεννηκότας
1612 2699 1903 2775 αἰσχύναν-

267 2805 350 2843 τες
401 2792 514 2848 τοῖς
574 2789 699 2859 παρ’
758 2788 984 2844 ἑαυτῶν.
1044 2796 1276 2850 Τούτους
1335 2789 1425 2844 οὖν
1493 2789 1612 2845 δέον
1686 2792 1901 2863 μᾶλλον

277 2870 476 2927 ἐκείνων
533 2877 816 2948 τιμᾶσθαι,
864 2879 1026 2949 ἡμεῖς
1094 2876 1150 2932 δὲ
1207 2880 1295 2932 καί
1346 2885 1454 2933 τῶν
1513 2882 1899 2954 προσηκόντων

270 2962 567 3038 ἂποστερεῖν
615 2965 810 3027 αὐτοὺς
859 2967 1159 3040 οἰησόμεθα
1209 2967 1316 3022 δεῖν
1366 2966 1455 3023 διὰ
1499 2981 1598 3039 την
1647 2975 1754 3025 τῶν
1793 2992 1900 3024 πα-

257 3054 418 3121 τέρων
450 3052 805 3129 τραυλότητας
838 3057 928 3110 καὶ
959 3062 1073 3117 πῶς
1105 3058 1204 3112 οὐκ
1253 3057 1364 3112 ἄνω
1408 3065 1669 3130 ποταμῶν
1731 3064 1899 3116 ταῦτα

251 3136 515 3213 δράσομεν
546 3162 558 3210 ;
594 3143 861 3217 Περικλέα
911 3149 1042 3218 γοῦν
1093 3147 1186 3201 τὸν
1225 3148 1568 3217 Ξανθίππου,
1609 3149 1700 3203 καὶ
1754 3156 1899 3223 Πομ-

245 3232 412 3298 πήϊον
448 3233 688 3306 Μάγνον,
716 3234 799 3294 οἷς
857 3233 939 3287 ὅτι
1003 3232 1092 3288 διὰ
1147 3237 1360 3291 πάντων
1415 3243 1522 3290 τῶν
1580 3235 1895 3294 καλλίστων

2018 2011 2203 2068 facere
2234 2029 2349 2067 non
2381 2011 2675 2082 possunt?
2695 2011 2841 2066 Sunt
2865 2027 3035 2083 porro
3066 2018 3119 2066 et
3150 2011 3384 2067 fuerunt
3407 2011 3504 2082 qui
3539 2026 3662 2066 ma-

2019 2116 2138 2172 lum
2175 2119 2455 2188 majorum
2487 2117 2817 2190 exemplum
2869 2117 3109 2173 minime
3151 2118 3354 2182 secuti,
3384 2117 3534 2174 bona
3565 2117 3661 2172 in-

2017 2224 2146 2281 dole
2177 2224 2339 2293 moti,
2392 2226 2542 2297 frugi
2594 2225 2862 2283 homines
2910 2225 3066 2292 facti,
3116 2224 3503 2280 admiratione
3532 2240 3658 2280 sese

2017 2334 2220 2404 dignos
2269 2333 2646 2390 reddiderunt
2695 2341 2746 2390 et
2795 2334 3029 2406 iniquos
3072 2335 3426 2390 detractores
3465 2341 3518 2389 et
3549 2349 3660 2404 pa-

2017 2448 2209 2498 rentes
2257 2442 2416 2514 ipsos
2465 2441 2682 2512 pudore
2731 2441 3049 2512 replerunt.
3101 2444 3286 2509 Quare
3344 2457 3441 2497 eos
3497 2441 3658 2497 omni

2015 2547 2184 2606 laude
2240 2549 2559 2617 cumulare,
2641 2549 2856 2604 nedum
2933 2549 3005 2604 ob
3073 2551 3382 2619 parentum
3443 2547 3660 2604 scelera

2014 2657 2387 2729 proseindere
2411 2657 2712 2712 debemus.
2748 2655 3023 2712 Periclem
3047 2655 3307 2728 quidem,
3338 2654 3657 2728 Xanthippi

2014 2765 2222 2836 filium,
2246 2773 2298 2820 et
2322 2781 2599 2838 magnum
2624 2764 2966 2836 Pompeium
2991 2763 3090 2835 qui
3114 2763 3262 2818 circa
3284 2763 3484 2819 omnia
3509 2764 3657 2819 inter

2012 2889 2215 2928 omnes
2245 2873 2640 2928 excelluerunt
2670 2880 2724 2928 et
2753 2870 3084 2943 reipublicae
3117 2871 3366 2927 salutem
3389 2888 3657 2927 summo-

2011 2995 2146 3050 pere
2176 2985 2484 3047 auxerunt,
2517 2980 2761 3036 Romani
2795 2978 3032 3034 maximi
3056 2979 3351 3045 facientes,
3372 2979 3482 3035 sibi
3509 2979 3653 3051 ipsis

2007 3087 2136 3144 lasto
2182 3088 2375 3143 animo
2417 3090 2910 3159 anteposuerunt;
2945 3091 3169 3158 patrem
3199 3091 3416 3155 autem,
3450 3085 3651 3142 homi-

2008 3213 2138 3252 nem
2173 3197 2376 3251 rudem
2411 3194 2554 3252 adeo
2584 3195 2644 3250 in
2666 3196 2799 3251 odio
2822 3195 3168 3262 habuerunt,
3193 3200 3260 3250 ut
3283 3210 3387 3250 nec
3412 3199 3642 3250 mortuo

245 3323 463 3374 πάντων
525 3321 801 3393 ἐκράτουν,
863 3325 951 3378 καὶ
1007 3325 1075 3378 τὰ
1127 3326 1284 3378 κοινὰ
1363 3325 1602 3398 μάλιστα
1670 3330 1882 3384 πάντων

2007 3306 2384 3377 perceperint,
2443 3306 2538 3361 sed
2591 3320 2620 3359 e
2673 3303 2980 3376 epulchro
3021 3304 3345 3377 projectum
3392 3305 3642 3376 pessime

242 3409 418 3480 αὔξειν
476 3411 784 3480 ἐπίσταντο,
833 3414 924 3467 τὸν
981 3415 1072 3484 μὲν
1139 3415 1394 3490 μεγίστης
1436 3417 1524 3469 καὶ
1575 3419 1886 3488 θαυμαστῆς

240 3501 484 3569 ἠξίωσαν
550 3499 708 3572 δόξης
739 3503 1145 3572 Ῥωμαῖοι,καί
1206 3510 1352 3579 σφῶν
1406 3505 1578 3559 αὐτῶν
1637 3505 1694 3560 εὖ
1740 3507 1887 3579 μάλα

237 3593 662 3665 προύστήσαντο
688 3611 699 3622 ο
732 3596 987 3646 τοσοῦτον
1016 3595 1151 3665 πρὸς
1182 3594 1272 3647 τὸν
1313 3593 1475 3648 αὐτοῦ
1517 3598 1719 3669 πατέρα
1765 3600 1886 3670 τρέν

238 3701 431 3756 φοντες
481 3686 660 3750 μῖσος,
696 3677 763 3733 δι’
812 3683 874 3750 ἣν
923 3682 1067 3756 εἶχεν
1116 3682 1398 3753 ὠμότητα,
1431 3684 1504 3743 ὡς
1567 3683 1706 3755 μηδέ
1753 3687 1886 3758 μετὰ

233 3769 504 3838 τελευτὴν
562 3770 838 3845 φείσασθαι
891 3769 1106 3839 τούτου,
1139 3771 1284 3828 ἀλλὰ
1342 3773 1429 3828 καὶ
1487 3777 1672 3847 νεκρὸν
1731 3773 1885 3831 ἐκϐα·

239 3859 457 3925 λόντες,
502 3860 568 3913 τὰ
624 3859 837 3914 πάντων
886 3861 1033 3931 αὐτῷ
1092 3859 1368 3916 δεινότατα
1426 3864 1772 3936 χρήσασθαι·
1834 3864 1884 3939 ἐξ

234 3948 466 4023 ἐναγοῦς
510 3946 564 4001 δὲ
613 3955 712 4017 τῆς
744 3949 916 4012 οῗκίας
947 3948 1021 4002 ὢν
1057 3950 1324 4024 Περικλῆς
1367 3950 1518 4006 οὐδέν
1567 3975 1618 4007 τι
1670 3953 1882 4020 μᾶλλον

234 4039 556 4110 Ἀθηναίοις
602 4040 879 4109 ἀπηξίωτο
925 4037 1012 4094 διὰ
1067 4046 1254 4108 ταῦτα,
1296 4043 1421 4097 ἀλλ’
1472 4045 1658 4100 ἅπαντ’
1703 4045 1884 4109 αὐτοῖς

235 4130 320 4197 ἦν,
353 4128 457 4183 καὶ
491 4126 824 4204 δημαγωγὸς
854 4130 943 4182 καὶ
988 4127 1243 4202 κηδεμὼν
1289 4131 1378 4185 καὶ
1431 4135 1760 4206 προστάτης,
1793 4135 1886 4190 καὶ

237 4212 566 4287 ξυλλήϐδην
619 4216 808 4282 εἴπεῖν,
858 4219 1068 4288 ἁπάσης
1118 4218 1411 4281 ἀσφαλείας
1475 4223 1563 4276 καὶ
1615 4223 1883 4298 σωτηρίας

235 4303 540 4377 πρόϐολος.
579 4308 673 4360 Καὶ
710 4309 816 4377 μὴν
847 4308 1026 4379 ὥσπερ
1056 4313 1174 4369 τοῖς
1225 4311 1583 4387 φαυλοτάτοις
1611 4317 1718 4367 τῶν
1751 4315 1886 4370 παί-

238 4393 340 4450 δων
375 4397 482 4451 οὐκ
515 4396 765 4467 ἀξιοῦμεν
795 4396 930 4450 εἶναι
960 4397 1094 4469 πρὸς
1127 4396 1279 4467 δόξαν
1311 4400 1408 4465 τήν
1464 4401 1720 4474 πατρῷαν
1767 4403 1883 4471 ἀρε-

234 4488 350 4552 τήν,
385 4483 508 4540 οὐδ’
540 4484 867 4539 ἐπαινεισθαι
921 4483 1009 4540 διὰ
1045 4491 1211 4541 ταῦτα
1259 4487 1433 4563 σφίσιν
1485 4489 1704 4562 ἐξέσται,
1737 4491 1886 4548 ἀλλὰ

238 4575 322 4627 καὶ
359 4577 540 4647 μείζω
567 4574 717 4628 ταῦτ’
747 4574 931 4635 αὐτοῖς
972 4573 1117 4650 φέρει
1149 4577 1247 4643 τήν
1281 4577 1508 4651 μέμψιν,
1539 4579 1602 4633 τό
1630 4601 1689 4634 τε
1718 4601 1882 4649 πονη-

241 4666 364 4736 ρους
412 4665 576 4724 εἶναι,
608 4663 671 4716 τό
719 4683 777 4717 τε
829 4665 904 4734 μὴ
939 4669 1016 4734 τῷ
1055 4664 1193 4738 γένει
1242 4662 1570 4738 ξυμϐαίνειν,
1603 4669 1775 4730 οὕτως
1826 4673 1881 4725 o't
1913 4674 1959 4738 Ι)

239 4753 518 4828 σώφρονες
567 4750 656 4803 καὶ
696 4748 973 4817 ἐπιεικεῖς,
1007 4751 1093 4805 ἐὰν
1139 4750 1227 4806 οὗν
1259 4753 1672 4828 ἐπαινουμένους
1703 4763 1881 4832 σχῶσι

238 4843 498 4914 πατέρας,
533 4836 685 4893 οὐδὲν
726 4842 886 4907 ἦττον
940 4836 1149 4912 ’έξουθιν
1200 4843 1232 4895 ἃ
1289 4842 1415 4905 τοὺς
1471 4847 1756 4908 τοιούτους
1804 4848 1881 4902 εἰ-

239 4931 352 4996 κὸς,
385 4930 650 5000 τιμᾶσθαι
683 4926 824 5005 λέγω
855 4930 944 4983 καὶ
981 4931 1268 5004 τυγχάνειν
1310 4931 1578 4987 έπαίκωνο
1617 4935 1841 4998 εἰκότως
1865 4957 1879 4971 °

242 5016 348 5072 οὔτ’
405 5019 576 5093 ἀρετή
632 5018 733 5092 γὰρ
794 5017 915 5073 οὒτε
959 5020 1118 5074 κακία
1148 5021 1302 5100 φύσει
1335 5019 1602 5092 δήπουθεν
1630 5030 1748 5085 τοῖς
1787 5027 1882 5079 ἂν-

241 5107 506 5181 θρώποις,
549 5104 696 5160 ἀλλά
739 5111 818 5178 τῷ
862 5111 1238 5181 προαιρεῖσθαι
1287 5110 1374 5164 καὶ
1424 5116 1602 5166 πονεῖν
1659 5115 1884 5191 προσγί-

241 5198 462 5267 γνεσθαι
511 5198 734 5272 πέφυκε.
771 5197 868 5251 Καὶ
927 5195 1094 5268 δῆλον
1155 5199 1216 5254 ἐκ
1265 5205 1361 5254 τοῦ
1419 5207 1533 5263 τοῖς
1587 5203 1680 5274 μὲν
1726 5205 1881 5278 γέρα,

238 5290 352 5346 τοῖς
404 5282 462 5338 δὲ
509 5283 765 5348 κολάσεις
811 5286 1055 5360 ὡρίσθαι.
1093 5287 1153 5344 Εἰ
1201 5286 1256 5342 δέ
1298 5309 1360 5363 γε
1390 5289 1544 5368 φύσει
1570 5292 1702 5366 πρὸς
1733 5294 1883 5348 ταῦτ⁹

241 5371 588 5447 ἐχωροῦμεν,
620 5377 713 5428 καὶ
767 5376 902 5430 κατὰ
952 5375 1108 5452 γένος
1166 5377 1352 5451 ἀγαθοῖ
1396 5381 1485 5434 καὶ
1529 5380 1682 5435 κακοί
1739 5402 1880 5445 τινες

238 5461 396 5532 ἦμεν,
425 5461 581 5517 οὐδὲν
642 5462 700 5516 ἂν
751 5464 956 5519 τούτων
1015 5464 1261 5535 ἀπήντα·
1305 5466 1370 5521 τὰ
1424 5470 1526 5542 γὰρ
1584 5471 1728 5544 παρᾶ
1782 5474 1881 5536 τῆς

241 5551 448 5627 φύσεως
503 5553 779 5627 ὁποτέρως
831 5553 888 5608 ἂν
943 5551 1090 5628 ἔχοι,
1122 5555 1211 5608 καὶ
1256 5558 1346 5610 οἷά
1389 5561 1509 5611 ποτ’
1550 5558 1610 5614 ἂν
1659 5559 1715 5634 ᾖ,
1769 5560 1881 5616 οὐτ’

245 5636 474 5696 ἐπαίνων
507 5637 619 5696 οὔτ’
643 5641 708 5695 αὖ
737 5643 926 5718 ψόγων
955 5643 1248 5718 τυγχάνει·
1281 5643 1368 5698 νῦν
1399 5642 1456 5700 Si
1488 5648 1590 5720 έοῖς
1621 5647 1681 5703 ἂν
1714 5648 1885 5723 πράτ-

249 5746 450 5802 τωμεν,
481 5733 547 5786 τὰ
598 5732 693 5805 μὲν
740 5733 1164 5812 στεφανούμεθα,
1197 5733 1263 5788 τὰ
1313 5730 1360 5788 δ’
1388 5733 1660 5812 ὑπέχομεν
1703 5735 1883 5810 δίκην.

1996 3413 2313 3468 tractarint.
2367 3412 2615 3468 Pericles
2659 3429 2690 3468 e
2739 3424 2936 3468 contra
2984 3428 3053 3466 ex
3095 3412 3444 3466 infortunato
3481 3415 3640 3482 patre

1995 3519 2278 3576 oriundus
2309 3535 2612 3590 nunquam
2656 3517 3110 3574 Atheniensibus
3139 3516 3458 3588 despicatui
3491 3521 3637 3585 erat,

1995 3627 2112 3682 imo
2142 3627 2337 3684 omnia
2381 3627 2464 3682 eis
2522 3631 2660 3693 erat,
2713 3625 3025 3698 publicola,
3076 3627 3402 3697 praefecgus,
3443 3625 3638 3680 omnis

1995 3733 2244 3806 denique
2274 3733 2598 3790 securitatis
2629 3737 2685 3789 et
2730 3732 2940 3790 alutis
2971 3733 3310 3804 sospitator.
3342 3733 3637 3797 Quemad-

1999 3841 2236 3896 modum
2268 3858 2439 3913 porro
2471 3841 2744 3896 nolumus
2777 3856 2984 3912 pravos
3019 3855 3226 3910 pueros
3256 3855 3287 3894 e
3316 3838 3504 3910 gloria
3536 3855 3640 3910 pa-

1997 3953 2158 4005 terna
2200 3951 2453 4005 fructum
2497 3963 2802 4020 usurpare,
2848 3949 2964 4002 imo
3008 3948 3196 4018 magis
3236 3947 3639 4018 vituperamus

1994 4072 2128 4112 cum
2189 4056 2527 4128 parentibus
2587 4059 3042 4126 comparantes;
3096 4054 3180 4111 sic
3239 4053 3642 4110 adolescentes

1995 4163 2140 4218 bene
2189 4163 2419 4230 morati,
2465 4163 2510 4218 si
2547 4163 2807 4235 patribus
2859 4161 3189 4218 illustribus
3236 4160 3356 4216 nati
3388 4165 3547 4228 sunt,
3581 4159 3639 4215 id

1993 4286 2180 4327 unum
2213 4276 2388 4342 agent
2419 4274 2484 4326 ut
2530 4286 2643 4326 non
2684 4270 2876 4326 minus
2918 4283 3096 4340 quam
3139 4269 3430 4340 genitores
3460 4267 3641 4324 hono-

1995 4380 2214 4446 rentur,
2249 4381 2306 4432 et
2335 4381 2490 4433 recte
2519 4376 2776 4448 quidem.
2811 4375 2957 4432 Nam
2999 4390 3105 4432 nec
3146 4375 3332 4432 virtus
3363 4389 3469 4431 nec
3498 4373 3639 4430 vitia

1994 4482 2332 4538 hominibus
2363 4500 2396 4538 a
2425 4487 2638 4539 natura
2666 4483 2930 4554 ingenita
2959 4487 3118 4548 sunt,
3151 4482 3251 4537 sed
3285 4481 3548 4537 studium
3579 4484 3638 4536 et

1990 4589 2158 4646 labor
2201 4591 2512 4663 genuinus,
2568 4591 2724 4663 quod
2763 4591 2960 4650 videre
3003 4589 3139 4647 inde
3182 4593 3270 4647 est
3318 4590 3469 4661 quod
3528 4587 3634 4644 alit

1993 4698 2333 4755 muneribus
2355 4697 2710 4767 honoriﬁcis,
2734 4698 2922 4772 pennis
2943 4697 3042 4755 alii
3072 4698 3450 4767 afﬁciuntur;
3476 4696 3631 4768 quod

1991 4803 2112 4859 ﬁeri
2146 4820 2260 4860 non
2292 4813 2488 4876 posset
2524 4805 2574 4862 si
2619 4803 2811 4862 virtus
2843 4813 2900 4862 et
2927 4805 3070 4862 vitia
3099 4809 3310 4861 natura
3340 4803 3506 4860 nobis
3538 4803 3628 4857 in-

1991 4909 2110 4965 dita
2141 4912 2342 4967 forent.
2396 4913 2544 4969 Hinc
2592 4921 2810 4968 naturas
2859 4914 3010 4968 dona
3062 4928 3166 4968 nec
3211 4911 3486 4968 laudibus
3527 4925 3634 4966 nec

1989 5016 2412 5085 vituperatione
2443 5019 2616 5092 digna
2646 5021 2826 5088 sunt;
2862 5035 2966 5090 pro
2997 5019 3068 5074 iis
3102 5024 3300 5075 autem
3334 5034 3462 5089 qua
3491 5033 3632 5088 pro-

1992 5122 2118 5191 prio
2151 5122 2330 5179 Marte
2363 5125 2613 5197 agimus,
2663 5127 2764 5179 aut
2810 5139 3155 5180 coronamur
3185 5127 3289 5180 aut
3327 5122 3503 5178 etiam
3535 5137 3636 5176 ca-

1993 5230 2303 5302 stigamur.
