4062 6308
452 365 565 426 531

454 603 601 659 nihil
633 604 990 671 refutamus;
1023 621 1118 660 eos
1149 605 1422 662 omnibus
1454 612 1617 662 terrae
1651 611 1977 666 commodis
2009 612 2095 666 di-

456 727 604 783 gnos
645 727 972 778 censemus,
1025 730 1127 768 nec
1182 717 1374 768 tamen
1422 730 1520 768 eos
1550 731 1796 785 quorum
1835 719 2096 773 membra

456 817 726 873 mutilata
757 823 914 885 sunt,
963 819 1216 874 ludibrio
1249 820 1461 876 habere
1493 839 1707 893 eosque
1738 825 1810 878 ob
1843 824 2095 881 infortu-

456 924 618 979 nium
643 925 1007 981 subsannare
1029 927 1328 992 debemus,
1344 927 1461 982 imo
1483 929 1881 986 consolatione
1894 947 2094 986 eorum

454 1033 684 1088 animos
717 1034 964 1089 mulcere
995 1033 1178 1102 decet,
1231 1036 1406 1105 idque
1455 1052 1521 1091 eo
1565 1038 1773 1109 magis,
1806 1039 1957 1108 quod
1992 1056 2097 1094 nos

451 1139 595 1210 ipsis
627 1140 838 1194 malam
872 1146 1090 1195 sortem
1124 1144 1369 1212 experiri
1411 1145 1751 1214 poterimus.
1786 1145 2097 1216 Nunquam

452 1247 632 1316 igitur
661 1249 1076 1319 desperemus;
1117 1265 1347 1320 semper
1389 1251 1582 1306 verbis
1631 1268 1696 1306 ac
1738 1252 1905 1308 factis
1946 1255 2100 1322 ejus-

455 1355 612 1410 modi
672 1355 1012 1410 miserorum
1094 1357 1354 1411 animum
1418 1357 1730 1426 elevamus,
1785 1359 2096 1416 Timonem

451 1461 846 1517 Echecratidaa
878 1461 1060 1516 ﬁlium
1095 1464 1166 1518 ob
1197 1463 1395 1518 oculos
1430 1470 1731 1534 psuentes,
1786 1481 1856 1520 ne
1887 1466 1946 1522 in
1981 1466 2091 1520 isto

455 1585 648 1624 rerum
679 1569 1018 1624 discrimine
1049 1570 1417 1625 semimortui
1461 1572 1687 1627 vivendi
1727 1589 1936 1628 causas
1968 1589 2098 1644 per-

455 1676 615 1732 dant.
648 1676 755 1738 Qui
786 1677 939 1730 enim
977 1684 1242 1731 mortuus
1275 1678 1425 1732 male
1455 1679 1781 1748 audit,jam
1817 1695 1930 1735 non
1965 1695 2097 1734 mm-

455 1788 542 1837 ret
572 1783 642 1836 ob
674 1799 800 1836 eam
837 1798 978 1837 rem.
1013 1783 1068 1836 Si
1117 1791 1314 1838 autem
1357 1784 1564 1850 oculis,
1597 1791 1698 1840 aut
1728 1787 1963 1842 auribus
1996 1792 2099 1841 aut

455 1888 711 1960 quolibet
763 1905 933 1943 sensu
988 1890 1245 1960 privatus
1293 1900 1375 1945 est
1416 1890 1628 1961 aliquis
1659 1894 2005 1948 acerrimum
2039 1893 2098 1949 in
2131 1875 2176 1938 Β

456 2011 590 2050 eum
632 1995 811 2050 telum
871 1996 1364 2066 intorqueremus,
1433 1997 1648 2052 malum
1701 1997 1843 2053 illud
1905 2003 2100 2056 convi-

455 2105 660 2158 ciando
691 2105 1092 2160 obtrudentes.
1127 2105 1219 2159 Sic
1259 2107 1412 2160 enim
1456 2106 1809 2162 infelicitatis
1851 2110 2102 2179 pondere

462 2214 636 2267 etiam
671 2214 854 2284 magis
886 2218 1326 2285 premerentur;
1367 2215 1541 2286 idque
1572 2228 1637 2271 eo
1669 2219 1853 2288 magis
1882 2225 2099 2288 quanto

456 2319 652 2373 minus
681 2319 874 2385 amici,
909 2320 1131 2374 inimici
1173 2321 1294 2390 jam
1350 2320 1504 2388 facti,
1554 2322 1967 2377 consolabundi
2000 2340 2098 2377 ne-

452 2426 574 2484 scio
609 2443 748 2482 num
800 2445 901 2499 per
950 2429 1225 2484 invidiam
1273 2432 1342 2484 ad
1387 2447 1483 2484 eos
1516 2432 1818 2486 accedunt.
1850 2432 1905 2484 Si
1941 2432 2094 2487 enim

453 2537 617 2589 nefas
645 2543 725 2588 est
758 2533 910 2590 malo
940 2535 1132 2606 aliquo
1165 2541 1394 2591 vexatos
1426 2537 1676 2592 ludibrio
1718 2537 1928 2594 habere
1956 2537 2095 2608 (quo

451 2643 584 2712 quid
619 2639 779 2696 aliud
809 2616 986 2712 quam
1038 2659 1142 2697 nos
1191 2642 1348 2712 ipsos
1380 2642 1854 2699 incriminaretur
1874 2643 1926 2716 7)
1958 2659 2097 2700 sane

451 2764 687 2804 necesse
707 2755 795 2803 est
817 2754 877 2803 ut
896 2749 1184 2815 eiusmodi
1208 2752 1380 2822 nugis
1403 2751 1816 2820 valedicentes,
1839 2753 2094 2808 humane

452 2831 551 2911 eos
607 2861 922 2910 tractemus
971 2856 1068 2927 qui
1114 2873 1148 2910 a
1196 2857 1427 2911 fortuna
1478 2857 1630 2912 male
1687 2858 2006 2927 habentur;
2041 2863 2097 2914 et

449 2967 654 3017 contra
683 2961 836 3016 enim
866 2960 1090 3033 agendo
1119 2960 1235 3017 illis
1256 2963 1492 3033 quidem
1517 2964 1655 3018 mali
1681 2964 1825 3018 nihil
1855 2965 2093 3033 faciunt,

449 3085 514 3124 se
543 3069 704 3141 ipsos
735 3075 926 3125 autem
965 3070 1372 3140 imprudentia:
1397 3075 1454 3126 et
1488 3071 1936 3127 inhumanitatis
1967 3089 2094 3127 reos

447 3177 838 3244 ostenderent,
889 3194 1000 3248 quo
1050 3177 1195 3232 nihil
1244 3178 1504 3233 stultius.
1537 3179 1595 3234 Si
1628 3179 1902 3251 deinceps
1933 3179 2085 3251 leges

448 3283 655 3339 divinas
685 3285 1028 3356 precipiunt
1058 3291 1123 3340 ut
1155 3287 1224 3341 iis
1245 3286 1341 3356 qui
1372 3287 1592 3342 laadunt
1612 3288 1758 3342 bene
1786 3287 2084 3354 faciamus,

446 3408 622 3464 quam
651 3380 972 3448 vindictam
1006 3395 1216 3448 eisdem
1265 3398 1502 3449 sument
1544 3396 1614 3449 de
1642 3411 1708 3449 eo
1739 3395 1838 3466 qui
1872 3411 1971 3465 pro
2002 3396 2092 3451 in-

441 3499 808 3556 humanitate
855 3518 959 3556 sua
993 3501 1261 3557 homines
1297 3501 1692 3558 misericordia
1742 3502 1951 3574 dignos
1997 3503 2089 3558 lu—

442 3608 632 3664 dibrio
657 3608 867 3664 habent
885 3608 913 3662 ?
945 3609 1090 3674 Quia
1123 3609 1168 3663 si
1205 3609 1314 3682 ipsi
1339 3611 1396 3666 in
1416 3611 1675 3666 eamdem
1701 3608 2086 3666 calamitatem

445 3715 758 3772 incidunt?
787 3718 844 3773 Si
868 3718 1086 3773 mimus
1109 3719 1253 3773 dura
1271 3723 1377 3786 est,
1407 3719 1773 3786 tolerabunt;
1799 3719 1847 3774 si
1869 3718 2086 3790 gravis,

446 3842 560 3897 quo
591 3831 757 3896 pacto
791 3843 904 3881 non
938 3827 1009 3882 iis
1041 3827 1139 3896 qui
1169 3828 1352 3882 vexati
1387 3831 1526 3882 sunt
1555 3827 1936 3883 sublevandis
1958 3844 2088 3897 ope-

443 3951 566 3988 ram
601 3936 847 4002 dabunt,
882 3952 1170 3991 memores
1200 3942 1482 4007 quantum
1534 3938 1691 4007 ipsos
1722 3953 2000 4005 aerumna,
2035 3937 2085 3992 si

445 4043 749 4113 accideret,
779 4043 1175 4114 opprimeret?
1205 4044 1468 4099 Humane
1512 4045 1691 4116 igitur
1730 4046 1826 4115 qui
1862 4061 2084 4099 meren-

441 4153 559 4213 tur,
590 4151 1023 4222 tergiversando
1073 4151 1370 4222 improbos
1421 4155 1752 4206 tractemus.
1797 4149 1919 4205 Illis
1949 4167 2085 4204 con-

440 4254 742 4310 solationis
773 4273 838 4311 ac
887 4257 1150 4312 fraternae
1201 4257 1499 4312 charitatis
1550 4257 1718 4328 signa
1747 4257 2082 4323 offeramus,

436 4365 742 4418 verborum
793 4364 1246 4421 consolatorium
1302 4364 1561 4420 medulla
1610 4364 1825 4420 malam
1880 4379 2084 4420 eorum

437 4477 656 4530 sortem
691 4473 1035 4529 alleviaturi.

1758 371 2148 434 THEODULI
2194 375 2542 440 MONACHI

527 498 614 552 18.
648 497 763 553 Nos
795 498 1028 567 quidem
1075 497 1169 565 iis,
1219 499 1290 554 de
1337 499 1547 569 quibus
1589 501 1734 556 bene
1764 503 2095 573 opinamur,
2127 512 2180 576 Α

3724 395 3836 455 532

2289 511 2377 577 ιη’.
2407 512 2608 584 “Ωσπερ
2662 509 2718 567 δὲ
2763 515 2850 574 οἷς
2893 517 2957 570 τὰ
3006 516 3275 573 κάλλιστα
3315 521 3586 593 σύνισμεν,
3632 525 3842 585 τούτοις

2206 595 2457 670 ἀξιοῦμεν
2509 599 2542 653 ἃ
2601 605 2864 674 προσήκει
2928 609 3253 680 κεχρῆσθαι,
3301 609 3393 664 καὶ
3462 613 3559 679 τήν
3627 619 3843 685 νομιζο-

2215 688 2377 756 μένην
2415 695 2532 750 τοῖς
2575 691 2848 752 τοιούτοις
2907 693 3227 751 ἀποδιδόναι
3274 701 3464 772 φορὰν,
3497 701 3669 764 οὕτως
3719 705 3840 756 ὅταν

2211 776 2553 831 οὑστινασοῦν
2629 785 2736 834 τῶν
2805 802 2856 834 τι
2912 789 3008 836 τοῦ
3084 786 3340 857 σώματος
3416 791 3844 865 πεπηρωμένους

2210 865 2422 937 ὁρῶμεν
2469 868 2570 921 οὐκ
2636 867 2919 940 ὀνειδίζειν
2984 871 3096 928 οὐδ’
3155 874 3460 955 ἐπιχαίρειν
3512 880 3695 940 αὐτοῖς
3752 883 3848 949 τήν

2207 956 2488 1031 συμφορὰν
2538 955 2942 1033 ἐπιτρίϐοντας,
2994 961 3138 1018 ἀλλὰ
3195 967 3287 1020 καὶ
3345 967 3695 1043 συνάχθεσθαι
3743 968 3846 1038 δεῖ,

2205 1044 2294 1096 καὶ
2363 1041 2452 1097 διὰ
2519 1047 2732 1101 πάντων
2798 1050 2976 1118 ἀξιοῦν
3053 1056 3420 1127 προμηθείας,
3481 1059 3596 1132 οὐχ
3668 1059 3850 1127 ἥκισθ’

2206 1135 2366 1203 ἡμῶν
2431 1135 2609 1188 αὐτῶν
2672 1138 2877 1192 τούτων
2946 1142 3372 1215 φροντίζοντας·
3447 1146 3684 1216 μάλιστα
3755 1151 3850 1221 μὲν

2208 1220 2290 1274 ὅτι
2342 1221 2459 1284 δέος
2511 1225 2569 1278 ’ὸν
2621 1228 2698 1296 μή
2745 1234 2862 1290 τοῖς
2911 1230 3094 1292 αὐτοῖς
3141 1254 3272 1288 ποτε
3316 1236 3406 1288 καὶ
3438 1235 3590 1290 αῦτοὶ
3622 1239 3852 1311 περιπέ-

2209 1331 2409 1382 σωμεν,
2460 1317 2564 1367 τῶν
2611 1314 3049 1391 ἀναγκαιοτάτων
3102 1321 3211 1376 ἐστὶ
3277 1331 3545 1396 χρησταῖς
3613 1325 3849 1381 ἐντεῦθεν

2206 1405 2323 1460 ταῖς
2399 1400 2580 1456 ἐλπίσι
2640 1409 2804 1478 συζῇν
2835 1426 2846 1438 ⁸
2905 1404 3073 1464 ἔπειτ’
3132 1410 3192 1464 οὐ
3264 1412 3427 1484 μόνον
3480 1415 3541 1468 τὸ
3600 1418 3852 1491 συγγενὲς

2206 1489 2295 1542 καὶ
2355 1491 2489 1544 κατά
2543 1493 2699 1568 φύσιν
2762 1494 2966 1550 οἰκεῖον
3023 1501 3173 1554 ταῦτ’
3206 1501 3282 1564 εἷς
3336 1503 3533 1566 αὐτοὺς
3585 1505 3674 1559 καὶ
3728 1505 3852 1560 δια-

2205 1580 2436 1633 νοεῖσθαι
2495 1582 2584 1634 καὶ
2643 1583 2891 1657 πράττειν
2969 1589 3047 1649 ὼς
3117 1588 3340 1659 μάλιστ’
3393 1592 3647 1667 ἐπαίρει·
3707 1594 3854 1650 ἀλλά

2207 1667 2298 1720 καὶ
2349 1669 2544 1724 τούτου
2599 1673 2797 1746 χωρὶς,
2855 1675 2944 1729 καὶ
3016 1677 3236 1749 Τίμωνα
3311 1683 3402 1735 τὸν
3461 1683 3852 1757 Ἐχεκρατίδου

2207 1758 2343 1828 πρὸς
2375 1759 2464 1812 τὸν
2500 1759 2676 1814 αὐτῶν
2723 1763 2901 1817 οἶκτον
2952 1765 3342 1823 ἐπισπάσασθαι
3391 1771 3451 1824 ἅν
3503 1793 3605 1842 μοο
3653 1769 3851 1827 δοκοῦ-

2209 1865 2313 1916 σιν,
2348 1845 2520 1908 οὕτως
2559 1847 2764 1912 ἀθλίως
2810 1855 2898 1906 καὶ
2955 1858 3048 1909 τὸν
3108 1857 3281 1912 αὐτῶν
3330 1859 3850 1934 ἠκρωτηριασμένοι

2213 1934 2352 2006 βίον»
2395 1938 2483 1990 καὶ
2543 1936 2692 2000 ὄντες
2761 1942 2836 2003 ὡς
2895 1945 3062 1998 εἰπεῖν
3119 1949 3456 2017 ἡμιθνῆτες·
3525 1951 3710 2025 ὅτιπερ
3778 1951 3854 2012 εἷς

2211 2027 2412 2091 ζῶντας
2476 2025 2664 2090 ἄλλως
2711 2029 2992 2094 τελοῦντες
3038 2037 3251 2090 τεθνᾶσι
3303 2038 3481 2110 τούτῳ
3529 2043 3606 2109 τῷ
3655 2037 3849 2113 μέρει’

2212 2114 2257 2184 ᾦ
2287 2115 2374 2167 καὶ
2413 2115 2629 2186 μάλιστ’
2661 2117 2719 2172 ἄν
2762 2141 2842 2181 τις
2890 2123 3116 2186 εἰκότως
3162 2125 3382 2201 ἀλγήσῃ
3410 2147 3421 2158 ·
3477 2127 3625 2202 εἴπερ
3676 2131 3705 2182 ὁ
3759 2132 3851 2202 μὲν

2211 2205 2436 2266 τεθνεὼς
2485 2205 2579 2260 κᾶν
2615 2209 2869 2281 μυριάκις
2915 2214 3085 2288 ἀκούῃ
3135 2220 3336 2281 κακῶς,
3371 2215 3524 2272 οὐδὲν
3568 2216 3674 2273 ἔστ’
3705 2219 3857 2292 αὐτῷ

2206 2293 2372 2347 πλέον
2438 2296 2775 2367 ἀναισθήτως
2847 2304 3082 2376 καθάπαξ
3160 2301 3387 2379 ἔχοντι·
3449 2306 3574 2361 ὅταν
3644 2306 3704 2364 δέ
3771 2331 3853 2370 τις

2208 2385 2329 2474 περὶ
2362 2385 2681 2458 ὀφθαλμοὺς
2712 2388 2747 2456 ἢ
2775 2390 2889 2444 ὦτα
2937 2392 2971 2459 ἤ
3017 2395 3120 2446 τιν’
3151 2393 3329 2464 ἄλλην
3381 2395 3628 2468 αἴσθησιν
3761 2401 3853 2474 βε-

2205 2468 2554 2560 βλαμμένος,
2623 2480 2939 2551 προσθήκην
3023 2489 3124 2550 τῆς
3213 2492 3491 2560 συμφορᾶς
3576 2468 3853 2550 τοῦνειδος

2204 2559 2444 2636 δέχεται,
2489 2565 2578 2618 καὶ
2629 2563 2859 2630 διπλοῦς
2902 2569 3181 2646 ὑφίσταται
3243 2559 3423 2647 βέλος,
3465 2575 3526 2629 τό
3581 2578 3626 2629 θ’
3679 2578 3854 2639 οὕτως

2203 2651 2292 2703 καὶ
2351 2655 2425 2724 μή
2475 2659 2592 2714 τοῖς
2651 2653 2844 2720 ἄλλοις
2887 2654 3035 2732 ἔχειν
3085 2660 3219 2715 κατὰ
3265 2664 3451 2729 ταυτὰ,
3483 2665 3543 2718 τό
3578 2667 3622 2719 θ’
3675 2666 3850 2730 οὕτως

2203 2737 2374 2814 ἔχων,
2409 2742 2470 2795 οὐ
2502 2744 3026 2819 παραμυθουμένους
3069 2749 3198 2804 ἀλλ’
3228 2752 3610 2827 ἐπιχαίροντας
3654 2753 3807 2830 ἔχειν
3833 2777 3846 2788 ·

2203 2829 2279 2882 ὦν
2327 2824 2487 2906 ἔγωγ’
2517 2831 2577 2885 ἂν
2622 2831 2798 2900 ἡδέως
2846 2836 3147 2910 πυθοίμην,
3179 2840 3362 2913 πότερ’
3391 2842 3578 2902 αὐτοῖς
3627 2846 3844 2907 τούτοις

2201 2923 2320 2979 τοῖς
2351 2922 2496 2974 ταῦτ’
2524 2919 2712 2996 ἔχουσι
2750 2931 3063 2996 νεμεσῶσιν.
3096 2929 3160 2983 Εἰ
3215 2929 3309 3000 μὲν
3357 2930 3458 3006 γὰρ
3509 2937 3623 2994 τοῖς
3675 2933 3838 3008 ἔχου-

2201 3028 2306 3074 σιν,
2371 3010 2472 3063 οὐκ
2526 3008 2634 3065 ἔδει
2691 3009 2869 3083 δήπου
2934 3019 3084 3071 ταῦτ’
3138 3017 3321 3081 αὐτοῖς
3399 3023 3696 3094 προτείνειν
3761 3023 3836 3084 εἷς

2201 3093 2432 3169 ὄνειδος,
2462 3099 2576 3168 ἐξὸν
2623 3107 2758 3179 σφᾶς
2809 3101 2996 3165 ἄλλως
3035 3105 3270 3174 κακίζειν
3300 3128 3310 3140 ³
3343 3093 3492 3163 ἀλλὰ
3546 3112 3652 3180 μὴν
3677 3110 3731 3166 εἷ’
3770 3132 3829 3187 γε

2202 3191 2316 3247 τοῖς
2377 3185 2565 3242 πᾶθεσι
2625 3193 2912 3266 φήσουσιν,
2953 3194 3152 3267 ἀνάγκη
3216 3201 3358 3250 πᾶσα
3409 3197 3476 3252 τὰ
3537 3201 3628 3272 μὲν
3691 3201 3830 3255 ἀπο-

2203 3278 2510 3352 στρέρεσθαι
2568 3281 2656 3334 καὶ
2714 3284 2894 3357 φαῦλα
2948 3285 3212 3357 νομίζειν,
3261 3293 3375 3348 τοῖς
3437 3286 3494 3343 δὲ
3552 3290 3832 3367 συναλγεῖν

2199 3365 2276 3427 εἷς
2361 3370 2507 3421 ταῦτ’
2578 3368 2936 3442 ἐμπεσοῦσιν·
2991 3375 3185 3429 οὐκοῦν
3271 3380 3352 3439 οἷς
3431 3381 3532 3452 μὲν
3617 3382 3838 3455 θάτερον

2199 3456 2527 3532 ἀναιροῦσιν,
2579 3458 2858 3534 οὐδέτερον
2909 3464 3046 3518 κατᾶ
3105 3465 3267 3541 λόγον
3326 3473 3611 3523 ποιοῦσιν·
3647 3472 3734 3532 οἷς
3787 3469 3844 3525 δὲ

2196 3545 2323 3606 τοὺς
2373 3546 2548 3609 οὕτως
2607 3545 2836 3626 ἔχοντας
2895 3551 3182 3625 κωμῳδεῖν
3239 3556 3352 3611 ἀντὶ
3407 3555 3504 3612 τοῦ
3554 3558 3842 3634 συναλγεῖν

2195 3635 2424 3707 ἀξιοῦσι,
2455 3637 2583 3701 τοὺς
2615 3640 2710 3710 μὲν
2760 3639 2912 3696 οὐδὲν
2965 3644 3146 3698 ὁτιοῦν
3196 3645 3428 3702 ἐντεῦθεν
3473 3649 3800 3723 ἐργάζονται
3826 3673 3840 3685 ·

2197 3725 2343 3800 σφίσι
2391 3724 2436 3781 δ’
2489 3729 2674 3791 αὐτοῖς
2721 3730 2944 3805 ἀλογίαν
2991 3734 3081 3787 καὶ
3131 3738 3536 3810 μισανθρωπίαν
3580 3741 3646 3793 τὰ
3693 3742 3843 3796 πάν-

2194 3835 2301 3868 των
2356 3813 2610 3890 αἴσχιστα
2661 3825 3014 3895 μαρτυροῦσι,
3071 3824 3261 3880 Καίτοι
3311 3826 3358 3880 εἰ
3405 3826 3531 3888 τοὺς
3588 3826 3845 3885 ἀδικοῦν-

2195 3923 2290 3964 τας
2351 3903 2406 3957 εὖ
2462 3912 2638 3960 ποιεῖν
2698 3910 2834 3963 θεῖοι
2883 3911 3343 3984 παρακελεύονται
3371 3912 3557 3988 νόμοι,
3588 3919 3650 3971 τὸ
3710 3919 3845 3981 τοὺς

2197 3989 2303 4064 οὐχ
2334 3990 2482 4054 ὅπως
2514 3991 2668 4048 οὐδὲν
2710 3994 3052 4070 ἀδικοῦντας,
3084 3999 3230 4055 ἀλλὰ
3279 4003 3366 4056 καὶ
3415 4001 3504 4058 διὰ
3539 4006 3641 4072 τὴν
3692 4027 3844 4074 συμ-

2195 4089 2364 4156 φοράν
2419 4080 2605 4146 ἐλέους
2680 4085 2858 4154 ἀξίους
2937 4090 3284 4164 μυκτηρίζειν
3357 4092 3448 4146 καὶ
3516 4089 3841 4150 διαϐάλλειν

2193 4169 2482 4242 αἱρεῖσθαι,
2541 4171 2737 4240 ἡλίκον
2798 4177 2978 4230 θεόθεν
3055 4177 3191 4232 οἴσει
3249 4181 3340 4235 τὸν
3391 4177 3654 4254 ὅλεθρον;
3707 4187 3844 4252 Φέρ’

2191 4255 2281 4310 ἐὰν
2341 4257 2388 4312 δ’
2436 4259 2514 4322 εἲς
2570 4264 2717 4316 ταῦτ’
2767 4264 2951 4326 αὐτοῖς
3014 4266 3346 4340 ὲμπεσοῦσι;
3393 4273 3608 4326 τοῦτονὶ
3666 4294 3839 4347 προσ-

2194 4350 2391 4424 ενεχθῇ
2425 4371 2506 4411 τις
2537 4352 2627 4404 τὸν
2657 4352 2877 4426 τρόπον,
2910 4356 3026 4418 πῶς
3057 4353 3265 4426 ἕξουσιν
3293 4379 3304 4390 ·
3341 4361 3386 4413 εἰ
3437 4361 3529 4433 μὲν
3582 4362 3845 4428 ἐπιεικῶς

2193 4438 2280 4490 καὶ
2334 4439 2589 4511 μετρίως,
2649 4438 2774 4497 οὐδὲ
2827 4443 3052 4506 τούτους
3106 4445 3252 4509 εἷ’κὸς
3329 4450 3415 4512 οἷς
3484 4450 3677 4522 ἀμέλει
3735 4455 3841 4508 πά·

2196 4545 2390 4599 σχουσι
2424 4525 2794 4602 δυσχεραίνειν
2821 4549 2833 4561 ⁸
2868 4532 2914 4586 εί
2946 4529 3002 4587 δὲ
3059 4534 3275 4591 πολλοῦ
3311 4559 3374 4611 γε
3421 4539 3510 4592 καὶ
3555 4544 3653 4594 τοῦ
3698 4561 3841 4596 παν-

2110 4613 2280 4678 Πτὸς
2339 4614 2486 4692 σφίσι
2544 4615 2725 4688 δεήσει
2782 4622 2848 4674 τὰ
2899 4625 3105 4677 τοιαῦτ’
3164 4626 3510 4704 ἀνασχέσθαι,
3558 4632 3674 4690 πῶς
3739 4630 3841 4686 οὐκ

2187 4703 2404 4765 ἀτόπως
2456 4705 2650 4780 ἔχουσι
2698 4711 2848 4764 ταῦτ’
2874 4709 2949 4772 είς
2987 4712 3112 4774 τοὺς
3161 4713 3366 4777 ἄλλους
3410 4724 3584 4772 ποιεῖν
3622 4719 3836 4789 ἀξιοῦν-

2183 4810 2292 4862 τες,
2354 4796 2428 4848 ὧν
2482 4795 2569 4850 ἐάν
2629 4800 2750 4853 ποτ’
2807 4798 2962 4855 αὐτοὶ
3014 4805 3335 4874 πειραθῶσι,
3397 4808 3676 4884 συμφορὰν
3735 4831 3839 4864 νο·-

2148 4887 2413 4954 .μιοῦσι;
2472 4885 2567 4938 Διὰ
2613 4884 2678 4956 δὴ
2747 4892 2913 4942 ταῦτα
2988 4891 3222 4963 κελεύω,
3277 4894 3338 4948 τὸ
3401 4895 3498 4966 μὶν
3555 4899 3836 4952 τουτοισὶν

2184 4967 2515 5046 ἐπιχαίρειν,
2574 4975 2659 5034 οἷς
2715 4977 2822 5052 οὐχ
2881 4977 3029 5042 ὅπως
3087 4981 3284 5049 ἥκιστα
3334 4984 3548 5038 πάντων
3605 4985 3838 5065 ἐπιχαί-

2191 5079 2323 5133 ρειν,
2354 5061 2502 5117 ἀλλὰ
2559 5065 2646 5118 καὶ
2707 5066 2947 5138 μάλιστα
2993 5070 3232 5143 πάντων,
3264 5074 3350 5134 οἷς
3390 5073 3564 5136 οὕτως
3612 5069 3833 5152 ἔχουσι,

2191 5151 2551 5224 συνάχθεσθαι
2611 5157 2983 5231 χρὴ,χαίρειν
3041 5161 3277 5231 καθάπαξ
3337 5161 3463 5232 ὲᾷν·
3497 5164 3558 5218 τὸ
3617 5151 3679 5219 δέ
3729 5169 3833 5232 τῆς

2183 5239 2392 5293 τούτων
2452 5246 2795 5315 παραμυθίας
2856 5247 3272 5322 ἀντιποιεῖσθαι,
3319 5251 3408 5306 καὶ
3467 5249 3557 5306 διὰ
3617 5252 3831 5310 πάντων

2183 5327 2258 5380 ὧν
2316 5326 2481 5397 ἔξεστι
2538 5335 2766 5402 ταυτησὶ
2829 5333 2995 5410 λόγον
3057 5341 3352 5405 ποιεῖσθαι,
3385 5339 3507 5414 περὶ
3561 5345 3702 5396 πάνυ
3744 5365 3829 5398 τοι

2181 5414 2442 5471 πλείστου
2503 5425 2797 5492 ποιεῖσθαι,
2853 5430 3067 5498 πρῶτον
3131 5430 3226 5499 μὲν
3295 5427 3434 5483 ’ίλεω
3491 5431 3581 5484 καὶ
3645 5430 3831 5488 οἷ’κτου

2187 5506 2388 5574 μεστὴν
2463 5509 2652 5572 αὐτοῖς
2726 5511 3070 5591 εἰσφέροντας
3136 5518 3383 5592 γνώμην,
3453 5513 3640 5574 ἔπειτα
3713 5527 3834 5583 ταῖς

2184 5599 2292 5649 τῶν
2351 5596 2529 5672 λόγων
2591 5599 2853 5674 ἐπῳδαῖς,
2910 5606 3000 5660 καὶ
3059 5607 3222 5682 ῥᾴους
3282 5607 3518 5664 ἐντεῦθεν
3575 5611 3831 5666 τουτουσί

2135 5743 2146 5752 _
2194 5684 2573 5751 καθιστάντας.
