4062 6308
235 366 366 429 533

1249 371 1540 434 ORATIO
1584 369 1687 434 DE
1728 367 2252 432 SUBDITORUM
2293 365 2649 429 OFFICIIS.

3532 354 3652 438 $34

319 503 409 558 ιϐ’.
461 501 762 578 Ἐχόμενον
813 500 860 558 δ’
905 502 967 558 ἂν
1015 503 1096 574 εἴη
1146 503 1237 559 καὶ
1287 504 1410 576 περὶ
1459 507 1566 559 τῶν
1613 501 1886 559 δουλεύειν

2075 503 2160 559 19.
2196 505 2238 558 E
2266 519 2328 560 re
2369 500 2572 573 utique
2601 503 2690 556 est
2720 461 2830 556 hoc
2859 495 2988 566 loco
3020 493 3091 551 de
3132 492 3312 550 servis
3341 490 3523 578 loqui,
3553 489 3653 562 qui

236 588 564 666 εἰληχότων
598 590 631 645 ἃ
688 591 770 648 δεῖ
823 590 1091 648 διιλθεῖν’
1143 594 1230 648 καὶ
1282 593 1384 668 γὰρ
1436 589 1502 661 δὴ
1561 596 1670 646 τῶν
1720 591 1896 646 αὐτῶν

233 677 332 732 καὶ
394 679 546 734 οὗτοι
603 686 722 744 τυῖς
779 682 884 754 πρὸ
943 681 1118 737 αὐτῶν
1173 678 1369 754 ἀμέλει
1427 684 1743 754 πειρῶνται,
1803 680 1893 735 καὶ

230 790 366 832 πως
415 768 782 844 παραπλησίᾳ
825 775 1073 847 χρῶνται
1120 777 1191 847 τῇ
1239 777 1409 847 τύχῃ,
1461 771 1642 844 ὥσπερ
1700 771 1896 826 ἐκεῖνοι

233 861 302 914 τὸ
339 863 524 934 σῶμα,
559 860 636 923 ὡς
667 857 728 916 δὲ
755 861 845 920 καὶ
897 863 1048 918 οὗτοι
1086 864 1186 932 τήν
1223 861 1478 940 σφετέραν
1521 863 1698 918 αὐτῶν
1737 860 1900 916 ἐλευ-

233 949 428 1024 θερίαν
481 949 557 1012 ὡς
605 949 665 1005 ἂν
713 972 796 1013 τις
841 953 966 1026 είπῃ
1010 949 1418 1026 πεπηρωμένοι,
1472 951 1562 1006 καί
1609 951 1757 1024 παρὰ
1799 950 1895 1012 τὰς

233 1043 345 1105 τῆς
403 1039 618 1114 φύσεως
667 1036 1016 1104 δουλεύοντες
1056 1042 1272 1117 ψήφους
1301 1061 1312 1071 ·
1364 1043 1400 1110 ἡ
1455 1042 1547 1113 μὲν
1592 1040 1694 1114 γὰρ
1742 1037 1897 1094 ἐλευ-

237 1125 439 1201 θέρους
490 1127 698 1191 πάντας
754 1129 1075 1204 ἀνθρώπους
1125 1130 1372 1206 εἴργαστο
1429 1131 1528 1198 τὴν
1580 1130 1782 1205 ἀρχὴν,
1817 1131 1899 1200 τῷ

238 1217 324 1287 μή
386 1217 480 1272 τὸν
535 1219 632 1290 μὲν
687 1218 924 1291 μᾶλλον,
970 1220 1062 1276 τὸν
1096 1217 1142 1276 δ’
1171 1223 1354 1290 ἧττον,
1399 1217 1546 1275 ἀλλὰ
1591 1219 1794 1279 πάντας
1845 1216 1898 1288 ἐξ

237 1304 374 1361 ἴσου
441 1310 552 1362 τῶν
610 1313 740 1382 παρ’
797 1307 964 1378 αὐτῆς
1019 1308 1240 1379 ἀξιῶσαι
1315 1307 1404 1362 καὶ
1479 1308 1614 1362 κατᾶ
1702 1305 1895 1362 ταυτὸν

237 1395 464 1468 ἑκάστῳ
514 1393 582 1464 δὴ
634 1393 944 1472 διανεῖμαι·
995 1401 1065 1468 τῇ
1114 1398 1258 1472 τύχῃ
1294 1395 1352 1452 δὶ
1397 1397 1486 1452 καὶ
1516 1402 1635 1459 ταῖς
1678 1402 1778 1464 τῆς
1811 1393 1898 1451 τύ-

237 1503 362 1560 χης
416 1491 679 1560 στροφαῖς
718 1487 808 1540 καὶ
856 1491 936 1559 τῷ
977 1485 1242 1561 μηδέποτ’
1281 1486 1332 1542 ἐν
1377 1490 1558 1559 ταυτῷ
1606 1485 1674 1542 τὰ
1719 1485 1898 1560 πράγ-

241 1593 404 1648 ματα
449 1575 646 1646 μένειν,
687 1574 816 1633 ἀλλ’
854 1573 966 1631 ἅνω
1013 1578 1102 1632 καὶ
1146 1578 1293 1631 κάτω
1342 1575 1589 1652 φέρεσθαι
1639 1576 1729 1630 καὶ
1781 1593 1898 1648 χω-

239 1671 392 1741 ρεῖν,
424 1667 454 1720 ὁ
487 1667 582 1740 μὲν
624 1664 890 1737 δεσπότης
932 1669 960 1722 ὁ
1001 1665 1058 1722 δὲ
1091 1665 1293 1729 δοῦλος
1341 1667 1571 1738 κατέστη
1599 1685 1611 1699 ⁸
1661 1663 1899 1738 ἐπίδοξοί

239 1775 397 1816 τινες
457 1751 633 1824 ὄντες,
681 1755 771 1811 καὶ
817 1755 970 1812 αὐτοὶ
1029 1756 1206 1830 σφίσιν
1261 1756 1448 1816 αὐτοῖς
1492 1759 1598 1810 τῶν
1647 1753 1896 1808 ἐναντίων

240 1845 374 1934 ποτ’
413 1841 476 1898 ἃν
535 1847 915 1918 πεπειρᾶσθαι,
966 1845 1053 1900 καὶ
1105 1847 1203 1913 τὴν
1251 1841 1520 1934 ἀλλήλων
1564 1842 1895 1913 ἀλλάξασθαι
1929 1868 1975 1934 Β

238 1932 428 2008 τύχην
464 1935 602 1989 κατᾶ
639 1935 701 1990 τὸ
749 1939 855 1990 τῶν
906 1946 1244 2011 πραγμάτων
1297 1929 1586 2008 ξυμϐαῖνον
1614 1950 1628 1963 ⁸
1684 1931 1895 2004 μᾶλλον

243 2020 303 2076 δί
361 2019 635 2092 δεσπότην
687 2024 783 2097 μὲν
833 2021 894 2078 ἃν
943 2022 1074 2078 αὐτὸ
1123 2027 1290 2078 ταῦτο
1341 2023 1506 2096 μόνον
1557 2019 1902 2078 οὖδοντινοῦν

241 2115 364 2166 τῶν
416 2111 670 2167 ἁπάντων
723 2109 836 2168 οὐδ’
891 2111 948 2168 ἂν
999 2115 1078 2175 εἷς
1129 2109 1347 2168 δύναιτο
1407 2111 1621 2182 δεῖξαι·
1668 2109 1900 2173 δούλους

245 2197 294 2256 δ’
327 2202 598 2270 ἅπαντας,
641 2203 860 2264 πάντες.
910 2201 1023 2259 Κᾶν
1071 2202 1175 2278 γὰρ
1214 2203 1312 2272 τήν
1363 2203 1584 2258 ἁπασῶν
1636 2201 1900 2278 μεγίστην

241 2290 437 2366 ἄρχῃς
501 2289 720 2365 λαχὼν,
775 2289 865 2347 καί
925 2293 1096 2354 οὕτως
1149 2290 1305 2347 οὐδὲν
1358 2290 1570 2365 μᾶλλον
1620 2290 1902 2366 ἐλεύθερος

243 2378 309 2435 ἂν
361 2380 504 2451 εἴης,
547 2379 674 2436 ἄλλ’
725 2381 800 2443 εἱς
853 2378 1086 2443 δούλους
1136 2381 1350 2444 τελεῖς·
1400 2381 1548 2456 ἀρχῆ
1599 2378 1898 2451 δουλεύων,

245 2469 346 2525 καὶ
409 2475 491 2542 τῷ
561 2474 717 2544 κοινῇ
784 2469 999 2527 πάντων
1066 2469 1270 2526 ἐθέλειν
1338 2471 1697 2546 προῒσταοθαι
1731 2491 1744 2504 ο
1810 2466 1902 2524 καὶ

248 2567 446 2617 σιωπῶ
501 2564 713 2639 τρυφήν
760 2583 820 2617 τε
868 2563 955 2618 καὶ
1005 2563 1101 2624 τὰς
1169 2562 1267 2617 οὐκ
1325 2561 1716 2636 ἐπαινουμένας
1765 2557 1903 2630 ἠδο-

253 2651 367 2721 ἐᾶς,
396 2651 488 2706 καὶ
531 2651 690 2705 πάνθ’
725 2647 882 2722 ἕτερα
929 2652 1008 2713 οῖς
1051 2648 1251 2722 ἆναδκη
1307 2648 1584 2706 δουλεύειν
1634 2649 1761 2714 τοὺς
1809 2646 1900 2704 οὖ-

258 2759 367 2799 τως
396 2733 646 2814 ἔχοντας.
683 2739 831 2810 Φησὶ
881 2745 1013 2814 γοῦν
1054 2736 1350 2816 Εὐριπίδης
1394 2737 1576 2802 καλῶς
1629 2759 1691 2816 γε
1730 2735 1902 2812 λέγων

265 2829 354 2881 καὶ
380 2835 476 2896 τῆς
502 2835 694 2898 κοινῆς
729 2826 890 2900 δόξης
920 2828 1080 2899 ἀξίως
1105 2850 1118 2862 ο
1155 2855 1180 2881 ‹‹
1217 2832 1327 2884 Φεῦ
1355 2832 1365 2886 !
1400 2828 1498 2884 οὐκ
1525 2821 1638 2883 ἔστι
1689 2830 1900 2898 θνητῶν

271 2915 327 2978 ’ὸς
351 2913 455 2970 ἔστ’
498 2915 785 2992 ἐλεύθερος
813 2937 826 2949 ⁶
862 2941 892 2970 ››
941 2917 977 2989 ἢ
1038 2918 1342 2994 χρημάτων
1391 2918 1492 2994 γὰρ
1543 2916 1652 2972 ἐστι
1705 2913 1902 2978 δοῦλος

266 3007 301 3075 ἢ
339 3005 510 3082 τύχης
562 3008 597 3079 ἢ
643 3006 780 3062 ὅτων
844 3005 905 3062 ἃν
955 3029 1039 3070 τις
1084 3009 1172 3063 καὶ
1227 3009 1433 3082 φήσαι·
1486 3008 1532 3062 εἰ
1590 3005 1648 3061 δέ
1701 3008 1902 3082 τρόπον

257 3090 432 3169 ἕτερον
497 3095 790 3172 ἄρχοντες,
874 3093 1054 3170 ἕτερον
1139 3097 1342 3172 τρόπον
1421 3097 1726 3172 ἀρχόμεθα,
1814 3096 1903 3152 καὶ

247 3186 390 3240 τοῦθ’
444 3187 519 3239 ὼν
571 3183 793 3256 ἀληθῶς
845 3187 1059 3259 μᾶλλον
1101 3188 1156 3258 ἢ’
1202 3191 1372 3256 κεῖνο,
1425 3183 1624 3241 δίκαιοι
1682 3186 1902 3248 πάντως

244 3273 406 3350 ἐσμὲν
461 3275 539 3338 ὥς
615 3276 763 3352 παρὰ
837 3277 992 3355 φύσιν
1064 3275 1397 3346 κατέστημεν
1481 3275 1766 3354 ἄρχοντες,
1822 3279 1900 3347 τῷ

241 3366 445 3427 πάντας
497 3365 834 3441 ἐλευθέρους,
867 3367 944 3430 ὡς
991 3359 1149 3444 ἔφην,
1201 3366 1252 3440 ἐξ
1302 3365 1479 3442 ἀρχῆς
1531 3368 1896 3443 γεγενῆσθαι·

237 3454 452 3512 τούτων
511 3455 602 3510 καὶ
661 3453 728 3526 δὴ
773 3457 910 3512 κατὰ
957 3456 1114 3532 φύσιν
1163 3455 1330 3532 λόγου
1379 3457 1669 3525 ποιεῖσθαι,
1715 3453 1903 3509 καὶτὰ

238 3544 546 3622 γιγνόμενα
611 3547 875 3620 χρῆσθαι,
959 3545 1047 3600 καὶ
1138 3547 1214 3620 μή
1299 3546 1630 3600 παντάπασιν
1713 3542 1900 3603 αὐτοῖς

237 3636 574 3704 ἐπικεῖσθαι,
633 3633 765 3710 μηδ’
835 3631 1128 3711 ἐπιτρίϐειν
1191 3634 1393 3691 ἐθέλειν
1451 3633 1540 3689 διὰ
1593 3634 1691 3702 τὴν
1742 3635 1903 3704 ἡμῶν

233 3747 298 3782 τε
345 3725 616 3782 κᾶκείνων
657 3725 954 3782 ἀντίπαλον
998 3725 1199 3802 τύχην,
1257 3725 1386 3782 ἀλλ’
1438 3727 1516 3779 ὅσ’
1565 3722 1748 3786 αὐτοῖς
1794 3717 1900 3791 ἔξεο

235 3836 330 3870 στι
374 3814 468 3871 καὶ
519 3813 708 3871 δίδωσι
759 3815 822 3872 τὸ
873 3815 1015 3878 εἰκὸς
1067 3815 1462 3885 ἐπιτάττοντες,
1515 3810 1682 3888 μηδὲν
1717 3809 1902 3866 ἔπειτα

235 3907 860 3984 προσπεριεργάζεσθαι,
909 3903 1040 3981 μηδ’
1097 3907 1308 3981 ἀγνοεῖν
1370 3905 1474 3960 ὑπὸ
1549 3909 1649 3972 τῆς
1708 3898 1903 3956 δεσπο-

233 3995 390 4058 τείας
433 3999 534 4065 τήν
583 3994 759 4074 φύσιν,
815 3995 996 4068 ὥσπερ
1053 3994 1105 4051 οἷ
1167 3996 1449 4070 μεθύοντες
1506 4001 1632 4055 τοὺς
1675 3991 1854 4046 αὐτῶν
1886 4009 1899 4020 ·

154 4079 157 4081 ’
236 4083 393 4142 ἀλλὰ
420 4085 485 4140 τὸ
517 4085 616 4158 μὶν
661 4083 1100 4164 ἀφιλανθρώπως
1148 4084 1342 4146 αὐτοὺς
1389 4080 1562 4159 ἴσχειν
1618 4080 1706 4136 καὶ
1758 4079 1905 4155 παρὰ

235 4176 306 4231 τὸ
371 4171 490 4230 δέον
550 4174 828 4248 ἐπιτιμᾷν,
877 4173 967 4230 καί
1023 4169 1210 4250 ὕϐρεσι
1259 4172 1507 4242 πλύνειν,
1558 4171 1648 4227 καὶ
1687 4169 1754 4225 τὰ
1793 4167 1900 4224 δει-

235 4264 444 4321 νότατα
494 4263 760 4332 ἀπειλεῖν,
809 4265 898 4321 καὶ
948 4269 1238 4341 μαστιγοῦν
1281 4263 1371 4319 καὶ
1421 4259 1528 4318 δεῖν
1600 4260 1690 4317 καὶ
1743 4279 1904 4335 στρε-

237 4349 416 4410 ϐλοῦν
465 4353 556 4408 καὶ
614 4353 804 4424 ξαίνειν
853 4356 989 4410 κατὰ
1017 4358 1115 4410 τοῦ
1161 4354 1337 4410 νώτου
1375 4349 1609 4424 πολλὰς,
1649 4348 1738 4406 καὶ
1793 4349 1902 4423 μὴν

237 4442 336 4499 καὶ
387 4447 506 4506 τοῖς
574 4441 708 4519 ὑπὲρ
785 4440 1016 4518 δύναμιν
1096 4442 1367 4520 ἐγχειρεῖν
1449 4438 1675 4502 τούτους
1749 4458 1906 4494 κατα-

239 4531 555 4609 ναγκάζειν,
607 4531 654 4587 εί
697 4531 788 4587 καὶ
837 4535 944 4588 τῶν
996 4533 1136 4588 πάνυ
1185 4553 1272 4588 τοι
1319 4535 1491 4586 ταῦτα
1539 4525 1744 4596 δεινῶν,
1775 4524 1904 4583 ἀλλ’

240 4588 342 4676 οὖύ
381 4620 598 4700 φορητά
641 4621 761 4684 πώς
817 4620 929 4677 ἐστι
969 4618 1056 4676 διὰ
1103 4623 1202 4692 τήν
1245 4621 1446 4696 τύχην.
1501 4639 1523 4669 ε
1578 4617 1648 4674 Ai
1693 4588 1752 4671 αῖ
1777 4615 1902 4692 γὰρ,
1935 4588 1982 4654 D

240 4711 408 4790 φησὶ,
435 4709 502 4764 τὸ
551 4707 748 4767 δοῦλον
799 4709 874 4774 ὡς
923 4715 1103 4774 κακῶς
1133 4709 1422 4789 πεφυκέναι
1457 4727 1470 4740 ·
1501 4706 1736 4782 τολμᾶθ²
1756 4703 1790 4760 ἃ
1817 4703 1895 4778 μή

241 4799 364 4878 χρὴ
500 4799 595 4874 βίᾳ
619 4798 942 4874 νικώμενον.
967 4825 996 4854 ››

317 4887 1123 4944 κ’“οτανδὶὶ“’“
1301 4884 1455 4906 απ
1671 4880 1850 4904 ““

369 4933 386 4946 ο
782 4910 850 4945 κα
925 4911 1034 4946 των
1095 4909 1371 4946 οεσποτων
1429 4907 1568 4942 εστιν
1643 4906 1695 4940 οι
1769 4901 1896 4944 τους

245 4977 620 5054 γιγνομέγους
661 4983 770 5034 τῶν
820 4979 999 5036 πόνων
1058 4981 1305 5054 μισθοὺς,
1352 4979 1479 5040 τοὺς
1527 4977 1622 5050 μὲν
1662 4973 1712 5048 ἐξ
1758 4975 1900 5045 ἡμι-

247 5065 416 5135 σείας,
477 5068 606 5130 τοὺς
667 5064 724 5123 δὲ
796 5069 884 5124 καὶ
962 5069 1202 5140 καθάπαξ
1283 5069 1596 5140 ἀποστερεῖν
1676 5061 1898 5118 οἷ’ωνται

249 5152 386 5223 δεῖν,
417 5157 506 5212 καὶ
566 5153 800 5222 δούλους
853 5156 994 5234 λέγω
1045 5159 1138 5215 καὶ
1186 5155 1372 5218 ἄλλως
1421 5151 1736 5228 ἐλευθέρους
1783 5171 1898 5226 μεν,

250 5244 355 5301 ὑπὸ
405 5243 464 5300 δὲ
510 5245 696 5310 πενίας
745 5247 836 5303 καὶ
877 5249 940 5303 τὸ
992 5245 1158 5322 μηδὲν
1218 5241 1363 5326 ἔχειν
1433 5242 1899 5320 ἀναγκαζομένους

253 5336 608 5412 μισθοφορεῖν
658 5335 912 5393 ἑκάστοτε
965 5336 1057 5392 καὶ
1113 5341 1318 5406 πονεῖν,
1381 5334 1469 5390 καὶ
1534 5333 1691 5389 πάνθ’
1770 5329 1902 5404 ὑπὲρ

244 5427 344 5480 τοῦ
397 5425 515 5479 καθ’
574 5425 784 5500 ἡμέραν
847 5424 969 5502 βίου
1017 5426 1108 5482 καὶ
1170 5423 1458 5500 βούλεσθαι
1533 5423 1620 5478 καὶ
1709 5423 1904 5489 ποιεῖν,

250 5513 374 5569 ὅταν
404 5511 500 5569 οὗν
554 5521 890 5590 παρανομεῖν
935 5517 1003 5572 τὰ
1065 5518 1293 5570 τοιαῦτα
1339 5513 1702 5589 προάγωνται,
1759 5511 1912 5565 τοῦτ’

250 5595 360 5658 ἔστι
417 5605 485 5658 τὸ
547 5601 788 5679 μάλιστα
844 5606 1058 5662 πάντων
1109 5605 1503 5683 ἀπηχθημένον
1563 5605 1704 5674 Θεῷ,
1743 5600 1833 5655 καὶ
1883 5599 1912 5652 ’ὀ

259 5689 390 5767 μηδ’
449 5692 510 5751 ἂν
567 5695 643 5760 εἷς
700 5717 795 5771 μοι
855 5692 1009 5752 δοκεῖ
1061 5694 1138 5769 μή
1201 5692 1286 5750 ὅτι
1334 5693 1520 5748 παθεῖν
1564 5686 1914 5765 ἀνασχέσθαι,

2001 611 2203 670 eadem
2235 615 2388 666 sorte
2427 623 2542 679 qua
2592 606 2841 678 majores
2882 605 3149 671 utuntur,
3195 603 3252 657 et
3299 577 3424 670 qui,
3456 599 3508 655 si
3555 595 3653 654 isti

1999 733 2265 789 corpore,
2323 714 2585 770 libertate
2651 727 2758 773 sua
2816 709 3068 768 mutilati
3127 707 3309 764 videri
3384 707 3651 778 possunt,

2002 829 2200 895 utpote
2231 826 2434 879 contra
2475 823 2687 876 naturae
2741 818 2896 888 leges
2931 816 2994 872 in
3023 815 3358 872 servitutem
3407 809 3652 868 redacti-

2003 931 2133 988 Heec
2162 945 2360 987 omnes
2411 927 2680 984 homines
2727 943 2759 980 a
2809 923 3094 997 principio
3149 920 3366 978 libero
3416 917 3654 987 creavit,

2005 1057 2110 1096 nec
2141 1038 2240 1096 ulli
2295 1035 2684 1110 privilegium,
2717 1034 2819 1091 sed
2859 1029 3252 1105 mqualitatem
3304 1025 3654 1085 conditionis

2003 1146 2234 1202 cunctis
2277 1143 2640 1218 impertivit;
2701 1140 2805 1198 sed
2853 1141 3092 1196 fortuna:
3150 1133 3655 1194 vicissitudinibus

2003 1270 2132 1326 quae
2175 1269 2264 1310 res
2297 1267 2600 1323 nunquam
2645 1250 2848 1305 eodem
2901 1246 3025 1303 loco
3078 1243 3395 1301 consistere
3434 1243 3654 1309 sinunt,

2005 1361 2152 1418 alius
2183 1361 2482 1428 dominus,
2514 1358 2665 1416 alius
2704 1373 2906 1413 servus
2936 1354 3144 1412 evasit.
3178 1353 3330 1409 Sunt
3377 1366 3516 1407 sane
3555 1349 3656 1422 qui

2006 1468 2162 1526 mala
2187 1467 2300 1539 ipsi
2329 1466 2484 1542 passi
2518 1469 2656 1522 sunt
2685 1469 2744 1520 et
2775 1464 2918 1520 alios
2965 1466 3032 1518 ut
3081 1462 3274 1518 minus
3325 1461 3659 1532 paterentur

2005 1575 2400 1649 impedierunt
2432 1591 2447 1642 ;
2479 1571 2707 1630 domini
2741 1575 2894 1628 certe
2927 1569 3299 1644 privilegium
3323 1582 3516 1634 nemo,
3539 1580 3653 1622 ser-

2005 1683 2212 1742 vitutis
2235 1683 2627 1740 conditionem
2651 1694 2857 1738 omnes
2883 1675 3388 1734 demontrabunt.
3416 1673 3658 1729 Etiamsi

2007 1793 2162 1850 enim
2192 1807 2436 1848 summas
2468 1806 2663 1846 rerum
2699 1787 2919 1860 potitus
2953 1786 3056 1853 sis,
3090 1781 3472 1840 nihilominus
3511 1779 3660 1836 liber

2011 1917 2126 1957 non
2154 1916 2337 1966 esses,
2368 1899 2486 1956 imo
2517 1897 2758 1955 servires
2787 1900 2846 1952 et
2874 1896 3018 1966 ipse,
3051 1892 3186 1964 quia
3213 1889 3458 1962 imperio
3481 1886 3660 1944 servis

2008 2013 2066 2064 et
2102 2007 2240 2080 quia
2273 2006 2548 2063 omnibus
2579 2019 2823 2076 praeesse
2871 2001 2979 2060 vis.
3036 1997 3348 2056 Luxuriam
3397 1995 3555 2052 enim
3605 1995 3663 2049 et

2010 2112 2363 2184 voluptatem
2394 2115 2449 2167 et
2480 2113 2687 2166 caetera
2717 2108 2914 2164 omnia
2945 2105 3176 2162 silentio
3210 2109 3508 2176 praetereo,
3539 2099 3657 2170 qui-

2011 2222 2118 2278 bus
2175 2221 2362 2276 virum
2417 2219 2477 2274 in
2533 2216 2635 2274 teli
2669 2217 3000 2273 conditione
3032 2213 3412 2271 constitutum
3445 2208 3662 2266 servire

2013 2343 2248 2384 necesse
2277 2331 2385 2382 est.
2434 2326 2674 2398 Egregie
2708 2326 2884 2396 igitur
2915 2321 3247 2394 Euripides:
3284 2319 3430 2375 Proh
3474 2315 3658 2384 dolor,

2011 2435 2226 2506 inquit,
2260 2450 2432 2492 nemo
2462 2437 2552 2489 est
2599 2432 2762 2488 liber.
2813 2433 2925 2487 Aut
2969 2430 3127 2486 enim
3176 2426 3504 2482 divitiarum
3556 2429 3661 2479 aut

2010 2561 2129 2602 suae
2160 2543 2332 2602 sortis
2362 2546 2462 2600 aut
2490 2539 2804 2614 cujuslibet
2833 2539 2914 2596 rei
2964 2553 3168 2595 servus
3213 2539 3318 2592 est.
3353 2533 3414 2590 Si
3466 2538 3660 2589 autem

2013 2669 2130 2710 uno
2176 2651 2346 2710 modo
2396 2651 2809 2720 gubernamus,
2860 2647 3037 2703 altero
3085 2643 3487 2718 gubernamur
3530 2639 3661 2711 (hoc

2011 2765 2206 2817 autem
2231 2759 2424 2832 potius
2454 2774 2632 2830 quam
2664 2755 2854 2827 illud),
2887 2759 2947 2810 et
2993 2753 3074 2808 sic
3102 2751 3190 2808 vel
3239 2727 3441 2806 contra
3489 2751 3661 2804 natu-

2013 2883 2137 2923 ram
2169 2865 2588 2940 gubernatores
2625 2860 3044 2918 constituimus
3075 2859 3236 2930 quia,
3270 2859 3334 2910 ut
3381 2854 3660 2922 diximus,

2013 2991 2046 3030 a
2075 2973 2357 3046 principio
2387 2987 2592 3030 omnes
2623 2969 2788 3026 liberi
2821 2968 2938 3024 nati
2971 2982 3198 3022 sumus.
3231 2963 3400 3019 Absit
3423 2979 3452 3017 a
3485 2961 3653 3018 nobis

2013 3080 2186 3138 sortis
2227 3077 2693 3152 superioritatem
2744 3077 3114 3146 usurpantes,
3148 3070 3406 3142 regimen
3460 3069 3519 3122 in
3559 3083 3658 3122 eos

2013 3203 2277 3246 exercere
2306 3201 2518 3258 eosque
2545 3183 2897 3256 opprimere,
2927 3180 3026 3237 sed
3075 3177 3426 3250 obsequium
3459 3175 3658 3230 ratio-

2017 3295 2208 3352 nabile
2233 3295 2307 3350 iis
2338 3295 2728 3365 imponamus,
2764 3306 2868 3346 nec
2899 3286 3168 3360 gubernii
3200 3284 3419 3342 limites
3469 3291 3662 3339 trans-

2008 3401 2362 3476 grediamur,
2433 3416 2549 3456 non
2593 3399 2716 3468 jam
2767 3395 2953 3452 nostri
3012 3396 3331 3463 compotes,
3382 3394 3446 3446 ut
3492 3387 3660 3446 ebrii.

2011 3511 2236 3564 Interea
2265 3523 2399 3562 vero
2429 3521 2624 3562 servos
2657 3503 2978 3560 inhumane
3008 3501 3284 3566 tractant,
3319 3495 3450 3569 plus
3495 3497 3660 3568 justo

2009 3611 2196 3667 verbis
2242 3610 2551 3682 castigant,
2604 3607 2915 3674 insultant,
2968 3606 3292 3671 minantur,
3341 3601 3655 3674 ﬂagellant,

2009 3719 2320 3774 tormentis
2367 3720 2596 3786 vexant,
2645 3715 2814 3771 dorso
2857 3713 3056 3786 plagas
3104 3710 3394 3783 plurimas
3441 3709 3657 3780 impin-

2011 3831 2179 3899 gunt,
2208 3826 2278 3882 ab
2307 3825 2380 3882 iis
2412 3825 2564 3898 quod
2595 3823 2748 3880 vires
2794 3818 3155 3878 transcendit
3200 3817 3459 3888 exigunt.
3509 3812 3656 3879 Quid

2013 3934 2169 3990 enim
2199 3933 2227 3989 ?
2257 3932 2629 3990 tolerandum
2651 3934 2764 3999 est,
2796 3934 2947 3986 sorte
2978 3928 3062 3982 ita
3091 3924 3339 3982 volente.
3373 3921 3663 3986 Quantum

2013 4043 2257 4112 malum,
2282 4041 2425 4114 proh
2456 4039 2642 4108 dolor,
2667 4037 2741 4094 ad
2755 4036 3089 4094 servitutem
3122 4032 3280 4092 nasci
3305 4032 3319 4090 ι
3350 4030 3655 4088 ferendum

2011 4154 2102 4208 est
2129 4149 2287 4222 quod
2315 4149 2370 4205 vi
2400 4147 2581 4206 averti
2613 4145 2836 4218 nequit.

2079 4927 2169 4982 20.
2211 4925 2454 4992 Quando
2497 4925 2748 4996 despotae
2787 4920 2970 4994 aliqui
3016 4917 3300 4977 mercedis
3349 4933 3450 4988 pro
3497 4915 3657 4972 labo-

2019 5034 2180 5091 ribus
2209 5031 2486 5106 prastitis
2514 5029 2722 5088 debita
2770 5033 2873 5086 aut
2915 5031 3136 5100 partem
3187 5027 3290 5082 aut
3334 5027 3520 5079 totum
3571 5036 3662 5077 re-

2014 5145 2315 5211 scindunt,
2356 5141 2478 5198 sive
2527 5155 2724 5198 servos
2768 5137 2888 5196 sive
2935 5136 3149 5194 liberos
3200 5149 3266 5191 eo
3313 5131 3468 5205 quod
3517 5129 3662 5202 ipsis

2021 5251 2264 5310 debetur
2294 5248 2604 5321 privantes,
2638 5247 2734 5319 qui
2765 5251 2962 5302 tamen
2990 5245 3062 5303 ob
3093 5245 3409 5315 egestatem
3441 5251 3662 5296 rerum'

2018 5377 2131 5434 que
2162 5357 2466 5432 penuriam
2499 5357 2763 5414 laborare
2791 5355 2846 5410 vi
2877 5353 3060 5412 coacti
3110 5350 3356 5418 debent;
3407 5348 3532 5421 qui,
3565 5347 3661 5402 in-

2017 5485 2212 5542 quam,
2253 5467 2343 5524 his
2385 5467 2448 5522 in
2495 5467 2668 5522 rebus
2716 5463 2932 5536 injuste
2982 5468 3183 5534 agunt,
3235 5474 3359 5516 rem
3421 5451 3658 5514 Numici

2021 5577 2214 5633 divino
2243 5571 2674 5630 odiosissimam
2708 5569 2947 5637 faciunt,
2976 5573 3034 5624 et
3079 5583 3258 5640 quam
3299 5580 3405 5622 nec
3449 5560 3654 5629 oculis,

2025 5699 2130 5744 nec
2173 5683 2412 5740 auribus
2459 5682 2708 5754 perferre
2753 5675 2921 5735 volet.
2953 5673 3254 5742 Quomodo
3308 5670 3466 5730 enim
3521 5681 3654 5724 cum
