4096 6284
479 293 597 356 535

481 537 784 598 laboribus
818 545 1143 601 modestare
1173 551 1231 602 et
1277 562 1454 619 supra
1499 565 1678 620 quam
1735 551 1821 606 fas
1869 556 1960 607 est
2005 558 2127 609 tor-

481 665 680 720 quere,
712 651 828 707 imo
872 655 1085 724 pugnis
1116 657 1333 712 cadere
1364 657 1392 711 ?
1435 659 1659 713 Siccine
1711 659 1976 716 homines
2025 661 2126 732 qui

480 773 582 828 pro
612 758 874 830 improbo
907 761 1103 816 labore
1132 763 1394 820 meritam
1416 768 1736 822 mercedem
1762 774 2122 838 exspectant,

478 867 646 939 quasi
679 886 738 924 re
769 870 918 926 male
947 880 1111 944 gesta
1139 888 1350 928 vacuos
1381 874 1720 932 dimittere?
1767 877 1986 934 Siccine
2025 893 2124 934 eos

477 976 575 1046 qui
611 976 753 1032 nulli
780 979 1071 1048 ejusmodi
1101 981 1261 1052 cperi
1292 986 1524 1054 tempus
1555 999 1620 1038 ac
1650 984 1800 1040 vires
1840 985 2125 1041 dederunt

476 1098 752 1155 prospera
784 1085 840 1140 in
871 1085 1103 1143 fortuna
1135 1105 1367 1159 ponere,
1399 1096 1456 1144 et
1496 1089 1624 1145 vitae
1673 1091 1949 1146 aerumnis
1999 1092 2127 1146 exi-

475 1205 632 1246 mere
661 1197 718 1246 et
747 1193 863 1247 otio
895 1193 1069 1248 vitam
1116 1194 1360 1251 inertem
1409 1198 1733 1268 transigere
1764 1218 1779 1263 ;
1830 1198 2124 1254 modestos

472 1312 605 1354 vero
637 1298 779 1355 istos
810 1302 1195 1358 mercenarios
1233 1309 1436 1360 contra
1457 1304 1556 1375 jus
1589 1305 1793 1376 fasque
1841 1305 1911 1360 ad
1947 1305 2121 1360 imam

474 1405 770 1461 miseriam
823 1407 1226 1465 crudelissime
1279 1410 1565 1478 detrusos,
1618 1411 1882 1466 mercede
1929 1411 2126 1466 debita

472 1511 755 1583 privare?
807 1515 1017 1572 Horum
1071 1518 1308 1589 quidem
1370 1517 1672 1575 hominum
1727 1518 1774 1574 si
1821 1519 2122 1574 adversam

473 1624 768 1680 fortunam
803 1625 972 1680 nobis
1003 1625 1408 1682 commiserari
1445 1625 1596 1694 licet,
1629 1631 1876 1682 tortores
1922 1641 2122 1682 eorum

473 1738 629 1789 certe
659 1733 791 1789 odio
823 1733 1056 1800 habere,
1081 1735 1369 1791 malorum
1402 1737 1736 1792 damonum
1770 1734 1892 1792 loco
1913 1750 2126 1807 ponere

477 1841 834 1910 permissum
867 1845 976 1909 est,
1010 1842 1110 1913 qui
1161 1843 1423 1900 subditos
1473 1843 1625 1899 male
1669 1847 1918 1899 tractare
1966 1842 2119 1897 haud

483 1948 860 2013 erubescunt,
881 1947 1099 2005 nullam
1129 1949 1235 2005 sibi
1267 1951 1548 2007 rationem
1579 1950 1927 2006 reddendam
1961 1956 2127 2006 autu-

477 2057 677 2122 mant;
713 2071 875 2111 versa
897 2057 1048 2112 enim
1071 2055 1193 2113 vice
1216 2057 1590 2114 humaniores
1621 2073 1682 2113 se
1710 2073 1774 2113 ac
1809 2057 2126 2112 misericor-

473 2164 667 2220 diores
707 2170 1064 2235 presterent.
1099 2165 1278 2221 Parva
1306 2166 1461 2222 enim
1503 2174 1557 2221 et
1598 2181 1806 2238 parum
1847 2166 2128 2221 duratura

474 2275 614 2325 sunt
647 2288 773 2343 qua:
805 2272 1209 2328 fraudulenter
1239 2273 1423 2329 servis
1457 2273 1577 2330 suis
1607 2275 1826 2345 eripere
1869 2273 2126 2340 audent;

480 2379 738 2435 maxima
787 2387 978 2437 autem
1011 2385 1152 2436 sunt
1181 2380 1333 2437 bona
1355 2380 1574 2453 quibus
1608 2381 1719 2452 ipsi
1747 2381 2038 2449 excidunt,
2071 2383 2131 2434 et

482 2485 636 2544 male
667 2503 797 2560 qua
827 2487 884 2543 in
916 2488 1158 2545 istorum
1189 2488 1382 2544 locum
1416 2489 1748 2558 succedent,
1780 2491 1834 2544 et
1865 2503 1990 2559 qua
2013 2501 2127 2542 non

482 2611 588 2668 per
616 2600 850 2669 tempus
881 2597 1112 2669 aliquod
1163 2597 1343 2652 ﬁxum
1376 2597 1692 2664 durabunt,
1725 2597 1821 2652 sed
1854 2602 2129 2652 cateruam

1783 304 2184 370 THEODULI
2228 309 2574 372 MONACHI

481 433 706 491 ratione
733 435 820 491 vel
850 436 976 509 ipsa
1007 437 1370 496 humanitate
1409 442 1678 513 congruit
1703 442 1948 500 miseros
1975 444 2119 501 istos

2236 447 2358 503 ἀλλ’
2417 447 2532 504 οὐδ’
2580 450 2654 511 εἰς
2701 451 2870 518 ἀκοὴν
2921 450 3066 511 δλως
3116 447 3366 524 δεδέχθαι
3403 473 3414 484 ·

3742 314 3844 374 536

3462 455 3567 504 ποῦ
3610 452 3706 524 γάρ
3747 449 3844 505 ἐστι

2236 535 2398 612 λόγον
2452 541 2647 608 σῶζον,
2699 537 2914 611 μᾶλλον
2955 536 3012 594 δὲ
3060 544 3176 602 πῶς
3227 539 3326 593 ούκ
3357 538 3550 593 ἄτοπον
3585 539 3670 593 καὶ
3702 539 3846 614 ὑπερ-

2233 628 2383 704 φυὲς,
2441 628 2566 688 τοὺς
2626 630 2720 701 μὲν
2773 627 3159 705 ταλαιπώρους
3224 628 3446 691 τούτους
3512 629 3844 704 κατατρύχειν

2231 723 2351 777 τοῖς
2390 715 2594 793 ἔργοις,
2643 719 2728 773 καὶ
2789 718 2956 791 μηδὲν
2989 719 3228 796 ἀνάγκης
3272 719 3682 794 μηδοπωστιοῦν
3719 719 3844 773 ἀνιέ-

2232 829 2338 875 ναι,
2387 806 2531 862 ἀλλά
2578 807 2666 862 καὶ
2715 806 3052 880 κονδυλίζειν
3111 807 3252 865 ἔστιν
3294 810 3382 865 ὅτε
3419 809 3507 865 καὶ
3537 811 3706 863 παίειν
3737 830 3747 842 ·
3779 809 3845 862 ὧν

2234 896 2290 954 δὲ
2342 899 2502 974 χάριν
2558 903 2806 973 πονοῦσι,
2864 901 2938 974 μή
3000 903 3145 956 ταῦτ’
3217 900 3406 962 αὐτοῖς
3470 900 3720 974 παρέχειν
3769 899 3846 953 αἱ·

2234 989 2460 1061 ριῖσθαι,
2503 987 2647 1044 ἀλλά
2697 991 2799 1064 πρὸ
2852 991 2944 1062 μὲν
3004 995 3111 1045 τῶν
3153 985 3326 1065 ἔργων
3383 989 3601 1062 μισθοὺς
3650 1009 3846 1061 μνημο-

2230 1076 2400 1132 νεύειν
2460 1077 2546 1131 καὶ
2595 1081 2917 1148 καταθήσειν
2973 1080 3191 1156 φάσκειν
3260 1079 3515 1152 ἑτοίμως,
3574 1074 3747 1132 ἔπειτα
3799 1075 3849 1132 δὲ

2233 1168 2306 1229 ὡς
2355 1163 2686 1236 ἠδικηκότας
2745 1169 2926 1230 κενοὺς
2987 1169 3328 1242 ἀποπέμπειν
3373 1188 3385 1237 ;

2236 1253 2406 1330 μηδέν
2463 1279 2514 1312 τι
2559 1262 2804 1312 τοιοῦτον
2844 1259 2906 1312 τὸ
2955 1262 3204 1333 παράπαν
3256 1258 3697 1333 ἐργαζουμένους,
3735 1255 3848 1310 ἀλλ’

2234 1347 2363 1401 αὐτὸ
2421 1351 2580 1402 τοῦτο
2633 1346 2791 1419 μόνον
2843 1347 2992 1417 πενίᾳ
3040 1352 3332 1417 οῦζῶντας,
3385 1345 3440 1402 εὖ
3500 1348 3720 1422 πάσχειν
3759 1344 3850 1398 ὑπὸ

2232 1440 2338 1491 τῶν
2395 1435 2639 1511 ἐχόντων
2691 1435 2884 1510 ἐχρῆν,
2916 1437 3005 1491 καὶ
3058 1439 3134 1510 μὴ
3195 1438 3546 1511 περιορᾶσθαι
3578 1454 3590 1466 '
3635 1433 3851 1509 μάλιστα

2236 1527 2329 1597 μὲν
2383 1523 2471 1580 διὰ
2523 1527 2623 1596 τήν
2661 1525 2804 1580 οὕτω
2856 1523 3180 1582 κελεύουσαν
3221 1525 3474 1595 ἐντολὴν,
3520 1525 3625 1600 οὐχ
3672 1521 3852 1592 ἥκιστα

2235 1612 2291 1670 δὲ
2338 1617 2426 1670 καὶ
2473 1613 2562 1670 διὰ
2617 1617 2717 1684 τὴν
2761 1614 3294 1690 ἐπαμφοτερίζουοαν
3373 1616 3618 1670 ἑκάστοτε
3693 1613 3852 1689 τύχην

2233 1707 2324 1759 καὶ
2377 1706 2500 1766 τοὺς
2549 1708 2650 1759 τοῦ
2703 1704 2824 1780 βίου
2875 1700 3197 1779 στροϐίλους
3232 1725 3245 1736 ·
3281 1707 3330 1759 oi
3375 1702 3454 1773 δέ,
3487 1705 3619 1780 πρὸς
3647 1707 3722 1775 τῷ
3753 1724 3853 1775 μη-

3469 1167 3561 1229 οὕς
3633 1188 3693 1240 γε
3768 1169 3846 1220 καὶ

2155 1808 2198 1876 Β
2233 1793 2384 1858 δενός
2431 1813 2577 1855 τινος
2625 1794 2902 1864 ἀξιοῦσθαι
2948 1795 3222 1864 τοιούτου,
3266 1796 3356 1850 καὶ
3407 1796 3481 1848 ὧν
3532 1797 3661 1871 σφᾶς
3686 1793 3854 1862 ἀξιοῦ-

2235 1905 2315 1938 σιν
2372 1885 2422 1938 οἱ
2481 1885 2641 1938 πόνοι
2688 1883 2778 1938 καὶ
2831 1884 2893 1940 τὸ
2959 1883 3443 1959 ταλαιπωρεῖσθαι,
3510 1883 3598 1936 καὶ
3663 1881 3852 1936 τούτων

2232 1975 2377 2048 παρά
2432 1973 2632 2044 πάντας
2688 1972 2814 2036 τοὺς
2888 1975 3091 2047 νόμους
3150 1975 3567 2048 ἀποστεροῦνται
3645 1972 3852 2042 μισθῶν.

2232 2065 2390 2118 Ὅσον
2439 2062 2533 2116 οὖν
2589 2063 2807 2124 τούτοις
2858 2083 2916 2117 τε
2963 2065 3053 2118 καὶ
3101 2068 3216 2124 τοῖς
3268 2061 3455 2124 ἄλλως
3497 2059 3854 2132 ἀδικουμένοις

2237 2154 2594 2227 συνάχθεσθαι
2653 2152 2741 2206 καὶ
2799 2151 3080 2226 συναλγεῖν
3153 2153 3388 2214 ἀπαντας
3466 2148 3567 2218 δεῖ,
3642 2152 3854 2202 τοσοῦτο

2233 2243 2324 2298 καὶ
2376 2239 2455 2298 ἔτι
2507 2240 2720 2316 μᾶλλον
2768 2248 2884 2304 τοῖς
2933 2240 3136 2297 ἀδικεῖν
3202 2241 3575 2316 αἲρουμένοις,
3629 2237 3855 2312 ἀπεχθά-

2235 2334 2414 2387 νεσθαι
2463 2333 2549 2386 καὶ
2612 2336 2811 2404 μισεῖν,
2869 2331 2958 2386 καὶ
3005 2329 3142 2386 πάνυ
3193 2351 3278 2385 τοι
3345 2327 3856 2402 κακοδαιμονοῦντας

2236 2426 2315 2494 τῷ
2344 2416 2460 2476 ὄντι
2505 2422 2770 2495 νομίζειν,
2817 2421 2880 2476 οὐ
2914 2421 3077 2496 μόνον
3112 2422 3202 2483 οἷς
3243 2419 3385 2475 οὕτω
3438 2420 3855 2493 παρανομοῦντες

2238 2512 2336 2567 ούκ
2394 2509 2894 2586 αἶσχύνονται,ούδ’
2952 2509 3159 2566 οἳονται
3211 2507 3365 2580 δίκην
3431 2508 3723 2583 ὑφέξειν,ἧ
3765 2505 3854 2578 γάρ

2238 2602 2298 2657 ἂν
2329 2604 2749 2677 κακουργοῦντες
2797 2598 3081 2670 ἐπαύοντο,
3125 2598 3271 2656 ἀλλά
3300 2599 3387 2653 καὶ
3430 2601 3518 2660 οἷς
3545 2598 3642 2653 οὐκ
3685 2590 3854 2669 ἔχουσι

486 2704 666 2760 vitam
705 2704 982 2775 reddent,
1005 2707 1155 2777 quod
1205 2712 1359 2762 certe
1405 2714 1667 2763 extrema
1718 2706 2010 2762 felicitatis
2057 2706 2125 2762 si-

2241 2695 2500 2765 ζυνορᾷν·
2562 2691 2636 2752 ὡς
2699 2689 2732 2744 ἂ
2799 2691 2893 2763 μὲν
2949 2694 3043 2744 νῦν
3089 2689 3346 2763 ἁρπάζειν
3391 2689 3486 2742 καὶ
3537 2686 3855 2741 πλεονεκτεῖν

486 2818 667 2880 gnum
701 2814 812 2882 est,
837 2827 966 2884 quo
997 2813 1245 2868 summis
1281 2811 1338 2867 in
1386 2811 1502 2869 Deo
1526 2812 1694 2869 bonis
1726 2812 1837 2868 frui
1869 2811 2054 2878 dabit,
2075 2816 2134 2868 et

486 2915 785 2972 doloribus
816 2921 987 2990 atque
1017 2919 1295 2976 aerumnis
1326 2919 1558 2988 liberat,
1589 2920 1646 2974 in
1680 2935 1827 2991 quas
1865 2918 2132 2974 homines

488 3024 734 3092 perversi
769 3029 825 3081 et
853 3025 1120 3083 crudeles
1151 3026 1438 3084 incidunt.
1471 3027 1529 3083 Si
1558 3026 1714 3082 enim
1763 3024 1918 3082 Deus
1947 3025 1998 3081 ei
2034 3023 2133 3096 qui

484 3131 554 3186 de
587 3147 693 3188 suo
738 3132 875 3189 dare
918 3131 1139 3206 aliquid
1188 3133 1450 3206 proximo
1499 3148 1615 3189 non
1665 3132 1807 3201 vult,
1839 3131 2132 3197 irascitur,

485 3240 776 3310 quomodo
805 3238 969 3296 illum
1005 3241 1242 3296 habebit
1273 3241 1373 3313 qui
1405 3239 1568 3307 alios,
1597 3247 1658 3295 ut
1689 3240 1799 3307 fur,
1835 3238 2044 3311 spoliat
2075 3247 2131 3295 et

484 3349 768 3421 operariis
819 3348 1144 3406 mercedem
1196 3353 1450 3416 recusat,
1499 3363 1616 3420 quo
1665 3345 1810 3403 nihil
1859 3348 2136 3418 injustius

483 3454 720 3526 reperiri
752 3459 947 3526 potest
965 3454 993 3510 τ

2242 2779 2445 2836 οἹονται
2503 2777 2634 2850 δεῖν,
2691 2785 2860 2836 ταῦτα
2915 2781 3084 2835 πάντα
3143 2780 3311 2854 μικρά
3360 2781 3422 2834 τέ
3473 2777 3605 2846 ἐστι,
3652 2776 3737 2831 καὶ
3773 2772 3858 2828 οὐκ

2243 2871 2319 2932 εἷς
2378 2872 2514 2924 ἅπαν
2577 2874 2834 2944 μενοῦντα
2867 2889 2879 2901 ·
2932 2871 3004 2924 ὧν
3055 2866 3102 2923 δ’
3149 2867 3314 2923 ἔπειτ’
3360 2867 3581 2944 ἀγαθῶν
3622 2863 3704 2919 διὰ
3729 2862 3858 2918 ταῦτ’

2242 2959 2614 3028 ἐκπεσοῦνται,
2687 2959 2774 3014 καὶ
2858 2961 2943 3022 οἷς
3021 2959 3070 3031 ἐξ
3159 2957 3390 3032 ἀνάγκης
3470 2958 3851 3030 περιπεσοῦνται

2245 3047 2461 3120 δεινοῖς,
2513 3049 2666 3105 ταῦθ’
2719 3047 2860 3103 οὕτω
2903 3049 2996 3121 μὲν
3056 3044 3165 3102 ἔστι
3215 3048 3464 3121 μέγιστα,
3517 3048 3591 3109 ὡς
3651 3039 3764 3118 μηδ’
3793 3038 3851 3092 εἶ·

2245 3141 2404 3194 κάσαι
2460 3139 2523 3193 τὸ
2579 3139 2829 3214 παράπαν
2884 3137 3097 3211 ἐξεῖναι,
3156 3139 3231 3210 μή
3281 3136 3333 3191 τί
3388 3157 3455 3211 γε
3483 3127 3851 3214 ζφάναι.ούτω

2246 3229 2303 3284 δὲ
2378 3230 2513 3284 κατά
2578 3229 2774 3290 παντὸς
2820 3225 3037 3284 τίστιιιται
3097 3228 3320 3302 χρόνου,
3381 3227 3461 3289 ὡς
3521 3221 3854 3298 μηδηντινοῦν

2245 3318 2497 3394 δέχεσθαι
2547 3320 2726 3390 λῆξιν,
2777 3316 2906 3373 ἀλλ’
2963 3317 3038 3378 εἰς
3098 3317 3392 3391 ἀπέραντον
3426 3315 3606 3384 ἥκειν,
3654 3311 3737 3366 καὶ
3778 3307 3862 3375 τὴν

2240 3407 2497 3478 τελευτὴν
2539 3406 2718 3483 Ἱσχειν
2765 3407 3028 3462 ἀθάνατον
3078 3425 3091 3438 ⁸
3144 3407 3206 3461 ού
3259 3407 3369 3479 μὴν
3401 3404 3552 3461 ἀλλά
3580 3404 3668 3459 καὶ
3697 3401 3754 3456 τὸ
3778 3417 3860 3452 τυ-

545 4363 635 4423 21.
691 4366 974 4439 Eqnidem
1053 4385 1259 4428 censeo
1335 4375 1655 4448 unicuique
1721 4381 1978 4435 vestrum
2056 4380 2128 4436 ad

477 4489 626 4545 opus
673 4475 906 4547 aliquod
965 4493 1024 4534 se
1082 4480 1415 4538 accincturo
1470 4483 1586 4540 duo
1646 4486 1836 4543 inesse
1893 4487 2123 4552 debere.

2240 3499 2360 3555 7.er
2417 3497 2765 3576 ἀμφοτέρων,
2816 3498 2878 3552 τὸ
2929 3497 3023 3569 μὶν
3068 3493 3210 3551 ἔστιν
3257 3494 3498 3570 ἐσχάτης
3541 3488 3862 3564 εὐδαιμονίας

2239 3587 2329 3642 καὶ
2379 3587 2495 3649 οἰας
2551 3587 2678 3648 τοὺς
2733 3583 2821 3640 διὰ
2876 3585 3229 3661 χρηστότητα
3291 3583 3514 3657 τρόπων
3573 3581 3701 3656 μετὰ
3749 3579 3867 3634 Θεοῦ

2239 3675 2596 3748 τεταγμένους
2642 3673 2938 3729 ἀπολαύειν
2991 3673 3155 3742 εἰκὸς,
3186 3673 3247 3727 τὸ
3309 3669 3354 3726 δ’
3394 3672 3704 3750 ἀφορήτους
3734 3664 3867 3741 ἔχειν

2241 3765 2330 3819 καὶ
2388 3765 2674 3841 ὑπερφυεῖς
2723 3764 2818 3826 τὰς
2878 3759 3069 3826 ὀδύνας
3101 3783 3115 3796 ο
3177 3763 3297 3833 καὶ]
3325 3768 3458 3817 πᾶσι
3522 3760 3614 3834 μέν
3673 3779 3731 3835 γε
3766 3760 3871 3817 τοῖς

2239 3854 2398 3925 κακίᾳ
2455 3859 2706 3924 συζῶσιν,
2750 3853 2856 3929 οὐχ
2909 3851 3107 3922 ἥκιστα
3159 3849 3217 3906 δὲ
3264 3851 3355 3906 καὶ
3399 3858 3518 3913 τοῖς
3569 3847 3762 3906 ἀδικεῖν
3802 3845 3870 3900 αἱς

2238 3942 2545 4017 ρουμένοις.
2588 3943 2651 4000 Εἰ
2707 3945 2808 4020 γὰρ
2855 3947 2936 4015 τῷ
2986 3943 3061 4015 μή
3107 3946 3214 3996 τῶν
3272 3941 3518 3996 οἱκείων⁸
3543 3934 3868 4013 μεταδιδόντι

2234 4039 2372 4108 τιμᾷ
2423 4038 2530 4088 τῶν
2582 4033 2822 4110 ἐσχάτων
2884 4031 3034 4105 Θεδς,
3095 4035 3173 4103 τῷ
3229 4031 3316 4087 καὶ
3374 4033 3442 4086 τά
3517 4035 3622 4085 τῶν
3693 4025 3866 4084 ἄλλων

2236 4123 2646 4201 ἀφαιρουμένῳ,
2703 4123 2793 4178 καὶ
2859 4123 2984 4185 τοὺς
3059 4126 3164 4177 τῶν
3241 4122 3423 4176 πόνων
3493 4121 3868 4193 ἀποστεροῦντι

2241 4213 2487 4285 μισθοὺς,
2537 4214 2565 4268 ’ὁ
2616 4214 2859 4287 μείζονος
2908 4209 3119 4275 ἀδικίας
3170 4211 3280 4266 ἐστὶ
3338 4212 3650 4285 γνώρισμα,
3694 4209 3744 4262 τί
3787 4205 3865 4260 καὶ

2237 4305 2501 4377 χρήσεται
2538 4325 2552 4374 ;

2307 4394 2405 4448 κα’.
2469 4390 2736 4468 ’Πγοῦμαι
2787 4390 2834 4447 δ’
2893 4392 3098 4464 ἑκάστῳ
3159 4393 3208 4467 γ’
3264 4391 3416 4463 ὑμῶν
3467 4396 3574 4446 τῶν
3627 4390 3862 4464 πράττειν

2241 4482 2417 4536 ὁτιοῦν
2479 4480 2869 4558 ἐγχειρούντων
2927 4479 3023 4536 δύο
3081 4482 3229 4536 ταῦτ’
3284 4479 3335 4550 ἐξ
3390 4481 3624 4557 ἀνάγκης
3676 4484 3864 4554 χρῆναι

477 4581 735 4652 primum
769 4585 922 4639 bona
951 4589 1009 4640 et
1042 4587 1282 4643 honesta
1315 4605 1516 4662 capere
1545 4593 1788 4649 consilia
1807 4611 1915 4650 suo
1935 4594 2124 4667 ipsius

2236 4577 2511 4647 προσεῖναι
2549 4589 2560 4600 ·
2591 4575 2806 4645 πρῶτον
2841 4572 2934 4644 μὲν
2965 4572 3028 4625 τὸ
3070 4569 3422 4625 Βουλεύεσθαι
3457 4571 3641 4631 καλῶς
3672 4569 3756 4624 καὶ
3786 4565 3865 4620 a6-

476 4698 712 4754 nomine
743 4703 800 4754 et
829 4707 1061 4758 caeteros
1092 4705 1160 4758 ad
1193 4703 1348 4761 idem
1384 4706 1696 4776 cohortari,
1729 4714 1785 4764 et
1832 4710 1915 4766 sic
1964 4727 2121 4767 men-

475 4821 590 4870 tem
621 4819 677 4871 et
707 4807 969 4873 animum
993 4817 1064 4874 ad
1085 4817 1363 4878 honestas
1381 4824 1744 4893 operationes
1766 4797 2079 4896 provocare
2103 4845 2116 4895 ;

474 4932 684 4990 deinde
724 4933 794 4990 iis
827 4950 953 5007 quas
995 4943 1124 5009 post
1156 4944 1444 4996 maturam
1496 4940 1970 5000 deliberationem
2019 4945 2120 5000 de-

475 5060 630 5108 creta
659 5058 817 5122 sunt,
863 5070 1077 5112 manus
1127 5054 1516 5114 industriosas
1575 5059 1834 5130 injicere,
1877 5077 2120 5132 seseque

473 5170 647 5226 laude
674 5172 915 5244 dignum
948 5175 1185 5232 reddere
1214 5177 1466 5250 expedit.
1513 5178 1764 5250 Legibus
1813 5179 2119 5251 obtempe-

475 5302 602 5344 rare
630 5293 687 5344 et
720 5304 895 5361 opera
926 5291 1200 5363 perficere
1230 5294 1588 5365 gratitudine
1627 5296 2059 5367 compensanda
2089 5313 2118 5354 s

475 5417 535 5458 re
582 5403 738 5474 erit;
791 5405 1139 5479 nullumque
1199 5408 1497 5479 injutilias
1568 5409 1761 5466 locum
1807 5412 2120 5468 concedere

474 5519 762 5578 malarum
787 5521 1084 5580 actionum
1118 5525 1290 5580 matri
1312 5529 1369 5582 et
1392 5525 1645 5582 fautrici.
1677 5527 1818 5598 Ejus
1850 5528 1932 5585 rei
1964 5527 2120 5586 testi-

475 5638 740 5698 monium
770 5639 1080 5716 perhibent
1115 5643 1499 5700 Athenienses
1544 5645 1640 5716 qui
1693 5643 1846 5702 bello
1894 5644 2118 5705 Medico

2233 4661 2324 4715 τὸν
2359 4661 2438 4734 ἐφ’
2469 4662 2658 4716 ἑαυτοῦ
2689 4663 2777 4715 καί
2810 4659 2902 4715 σῦν
2932 4659 3145 4723 ἄκλοις,
3180 4660 3224 4714 εἶ
3251 4660 3448 4715 τούτου
3471 4657 3650 4729 δεήσει
3677 4675 3690 4688 ·
3713 4661 3862 4711 τοῦτο

2235 4749 2281 4805 δ’
2314 4752 2373 4806 ἂν
2407 4749 2488 4820 ε’ίη
2523 4753 2584 4806 τὸ
2626 4752 2686 4806 ού
2727 4752 2890 4824 μόνον
2939 4756 3109 4805 πᾶσαν
3143 4753 3385 4820 ἡντινοῦν
3417 4752 3550 4825 ὑπὲρ
3581 4753 3675 4805 τοῦ
3705 4746 3863 4804 καλοῦ

2227 4842 2316 4896 καὶ
2375 4838 2588 4896 δικαίου
2639 4840 2866 4916 γνώμην
2897 4843 3136 4912 ξκινεῖνί
3158 4840 3442 4910 ἀλλάξκαῖ
3500 4841 3596 4903 τὰς
3663 4840 3865 4914 ψήφους

2227 4935 2332 4986 τῶν
2384 4932 2718 5006 πραγμάτων
2767 4932 2872 4985 ἀπὸ
2920 4935 3015 4986 τοῦ
3065 4929 3255 4992 τέλους
3307 4929 3511 4986 ἐθέλειν
3553 4930 3814 4984 ποιεῖσθαι
3847 4941 3860 4956 ’

2230 5013 2412 5073 ἔπειτα
2443 5022 2505 5074 τὸ
2533 5025 2650 5082 τοῖς
2710 5020 2884 5094 ὀρθῶς
2935 5014 3388 5094 βεϐουλευμένοις
3435 5019 3712 5092 ἐπιμελῶς
3743 5015 3860 5088 ἄγαν

2228 5109 2315 5163 καὶ
2373 5107 2678 5169 σπουδαίως
2737 5111 3107 5182 προσκεῖσθαι,
3159 5110 3244 5164 καὶ
3304 5110 3418 5182 ὅλῳ
3473 5129 3532 5182 γε
3578 5110 3668 5164 καὶ
3718 5104 3862 5162 παντῖ

2230 5195 2358 5273 δρᾷν
2406 5202 2485 5270 τῷ
2544 5200 2721 5271 θυμῷ,
2773 5201 2846 5262 ὡς
2899 5198 2955 5253 ἃν
3008 5200 3096 5253 καὶ
3147 5201 3444 5274 κασορθοῦν
3495 5196 3664 5274 ἔχητε
3707 5198 3862 5270 ῥᾷστα

2227 5289 2317 5344 καὶ
2371 5290 2662 5365 τυγχάνειν
2720 5290 2952 5344 ἐπαίνων
2990 5311 3002 5322 ο
3046 5291 3108 5345 τὸ
3159 5292 3252 5362 μὲν
3304 5288 3391 5344 διὰ
3430 5293 3488 5344 τὸ
3517 5295 3636 5351 τοῖς
3683 5289 3860 5360 νόμοις

2230 5377 2479 5450 ἐμμένειν
2545 5377 2855 5450 βούλεσθαι,
2887 5381 2949 5434 τὸ
3010 5376 3068 5433 δὲ
3118 5385 3216 5448 τῆς
3269 5379 3389 5451 περὶ
3436 5379 3500 5432 τά
3549 5374 3681 5453 ἔργα
3714 5373 3860 5449 χάριν

2230 5465 2474 5536 σπονδῆς
2511 5487 2522 5499 ·
2584 5472 2657 5531 ὡς
2711 5472 2772 5522 τό
2803 5471 2887 5544 ξγε
2944 5471 3061 5523 καθ’
3115 5468 3373 5542 ὁπότερον
3429 5465 3637 5521 τούτων
3675 5461 3855 5529 ἐνδεῖν,

2227 5558 2314 5612 καὶ
2357 5555 2570 5612 ἀδικίαν
2620 5561 2950 5632 προσεῖναι,’ζ
2982 5558 3082 5613 οὐκ
3139 5558 3340 5632 ἀγαθὰς
3392 5553 3502 5612 οὐδ’
3536 5555 3857 5640 ἐπαινουμέτ

2227 5668 2320 5712 νας
2383 5648 2551 5724 ταύτῃ
2603 5652 2990 5723 παρασκευάζει
3036 5648 3132 5710 τὰς
3199 5647 3434 5721 πράξεις.
3486 5648 3765 5720 Μάρτυρες
3813 5637 3838 5697 δ
