4096 6284
248 432 367 488 537

1256 429 1548 490 ORATIO
1595 429 1694 490 DE
1737 431 2245 496 SUBDITORUM
2293 435 2645 497 OFFICIIS.

3547 440 3664 499 538

248 563 464 636 ἀμφοῖν
507 564 785 630 Ἀθηναῖοι
832 561 882 615 έν
925 566 1002 632 τῷ
1052 560 1283 631 Μηδικῷ
1333 560 1586 633 πολέμῳ,
1641 563 1774 634 μετᾶ
1823 561 1904 617 δι-

2024 569 2334 626 fortissime
2354 573 2668 642 pugnando
2715 572 3188 642 praclarissimas
3208 576 3337 642 post
3352 572 3658 627 hominum

245 651 545 718 καιοσύνης
605 652 694 703 καὶ
750 651 1053 724 προθυμίας
1123 650 1424 722 ὑπερφυοῦς
1491 649 1757 705 κάλλιστα
1819 653 1904 705 ἀν-

248 739 493 812 θρώπων
572 741 785 791 πάντων
865 739 1254 813 ἠγωνισμένοι,
1307 738 1396 792 καί
1469 741 1563 800 τὰς
1647 740 1904 814 μεγίστας

245 829 338 881 καὶ
406 829 722 898 θαυμαστὰς
778 831 883 881 τῶν
942 827 1186 881 ἁπάντων
1248 833 1429 882 πασῶν
1502 829 1602 882 οὐκ
1659 829 1711 883 ἐν
1789 835 1907 892 τοῖς

248 916 566 991 ἔμπροσθεν
636 918 816 990 μόνον,
872 915 1018 970 ἀλλὰ
1073 919 1169 971 κάν
1227 924 1342 977 τοῖς
1399 916 1581 972 ἔπειτα
1656 921 1905 995 χρόνοις,

249 1009 560 1082 προσθήσω
603 1003 659 1060 δὲ
707 1009 792 1060 καὶ
842 1006 932 1061 τὸν
985 1002 1166 1061 ἅπαντ’
1216 1006 1385 1061 αἰῶνα
1432 1008 1577 1069 νίκας
1625 1009 1907 1082 ἀνῃρημέ-

248 1119 331 1151 νοι
369 1118 382 1130 ·
417 1100 585 1151 τοῦτο
618 1094 664 1149 δ’
702 1095 788 1150 ἐπὶ
819 1101 926 1150 τῶν
965 1095 1264 1150 Σικελικῶν
1306 1097 1370 1150 τὰ
1402 1098 1614 1151 πάντων
1650 1096 1906 1172 α’ίσχιστα

251 1184 343 1240 διὰ
410 1188 517 1255 τὴν
583 1189 680 1240 τοῦ
737 1189 1163 1260 στρατηγοῦντος
1235 1186 1484 1255 νωθείαν,
1544 1187 1629 1241 καὶ
1685 1188 1904 1259 προσέτι

252 1280 404 1351 σφῶν
488 1273 665 1330 αὑτῶν
745 1274 1052 1344 πλεονεξίαν
1129 1277 1472 1349 ἠτυχηκότες
1507 1295 1518 1306 ·
1598 1277 1687 1330 καὶ
1758 1277 1907 1330 ταῦθ’

252 1365 400 1420 οὕτω
466 1363 717 1434 πλήθους
783 1365 871 1418 καὶ
936 1365 1190 1438 μεγέθους
1247 1371 1592 1436 παρασκευῆς
1662 1363 1904 1438 ἔχοντες,

252 1456 326 1515 ὡς
379 1455 479 1509 καί
539 1461 638 1522 τῆς
689 1453 954 1526 Εὐρώπης
1012 1454 1222 1523 ἀπάσης
1277 1453 1514 1508 ἐντεῦθεν
1567 1453 1626 1507 ἂν
1687 1475 1908 1528 περιγε-

251 1543 445 1598 νέσθαι
496 1540 692 1598 δοκεῖν.
747 1541 806 1597 Εἰ
853 1543 1031 1596 τοίνυν
1083 1541 1116 1594 ἃ
1164 1541 1412 1615 πράττειν
1460 1543 1713 1616 αἱρεῖσθε,
1760 1542 1907 1597 ταῦθ’

250 1635 326 1694 ὡς
357 1631 642 1688 κάλλιστα
686 1630 834 1710 ἔχειν
864 1632 1120 1704 αἱρεῖσθε,
1160 1631 1249 1684 καὶ
1300 1633 1435 1704 πρὸς
1488 1633 1640 1703 ὑμῶν
1692 1632 1904 1703 μᾶλλον

251 1725 284 1792 ἦ
327 1725 457 1777 καθ’
512 1723 689 1794 ὑμῶν,
731 1723 816 1782 οἷς
866 1721 998 1799 ἔφην
1046 1721 1189 1776 οὕτω
1238 1725 1526 1796 χρηστέον,
1582 1722 1654 1781 ὡς
1706 1721 1904 1790 ταύτην

252 1814 516 1867 ἑκάστοτε
551 1814 739 1880 σώζειν
790 1814 888 1878 τήν
936 1812 1100 1880 τάξιν.
1136 1812 1196 1864 Εἰ
1249 1812 1342 1884 μὲν
1389 1813 1492 1885 γὰρ
1543 1811 1592 1865 ἐν
1634 1810 1744 1882 ’ίσῳ
1790 1816 1906 1870 τοῖς

252 1902 488 1976 ἀλόγοις
543 1901 866 1976 γεγόναμεν,
912 1903 985 1962 ὡς
1042 1900 1128 1954 καὶ
1189 1898 1484 1977 φροντίδων
1548 1899 1904 1972 απηλλάχθαι

251 1993 528 2060 καθάπαξ,
578 1991 664 2044 καί
714 1989 945 2062 μηδενὸς
997 1993 1222 2044 ὁτουοῦν
1266 1995 1371 2044 τῶν
1426 1990 1670 2043 ἁπάντων
1723 1989 1904 2056 μέλειν

255 2081 410 2153 ὑμῖν,
466 2079 595 2134 αλλ’
645 2080 834 2140 ἁπλῶς
878 2079 1020 2133 οὕτω
1069 2081 1330 2143 καθῆσθαι
1389 2085 1505 2140 τοῖς
1554 2077 1905 2154 ἐπιτυχοῦσιν

253 2172 571 2244 χρώμενοι,
601 2169 698 2223 οὐκ
743 2169 800 2223 ἃν
844 2167 1072 2246 εἳχομεν
1122 2169 1415 2243 πράγματα
1449 2191 1459 2201 ·
1514 2169 1817 2240 ἀνθρώποις
1850 2166 1907 2222 δὲ

255 2260 373 2314 οὖσι
409 2260 502 2313 καὶ
536 2257 849 2333 λογίζεσθαι
888 2259 1169 2336 πεφυκότι,
1223 2259 1310 2312 καί
1341 2263 1438 2312 τοῦ
1490 2257 1906 2319 λυσιτελοῦντος

253 2349 307 2409 ἐς
340 2347 425 2404 ἀεὶ
475 2349 738 2419 πρόνοιαν
778 2346 982 2422 ’ίσχειν,
1028 2348 1234 2402 τούτων
1289 2348 1413 2420 ὑμῖν
1455 2352 1560 2401 τῶν
1608 2348 1905 2423 φαρμάκων

259 2441 481 2499 πάντως
517 2435 644 2492 δεῖ·
698 2437 816 2492 ὅθεν
848 2439 950 2492 οὐκ
998 2440 1057 2492 ἄν
1108 2458 1200 2510 μοι
1251 2434 1456 2492 δοκεῖτε
1503 2442 1598 2492 τοῦ
1630 2439 1908 2510 ποθουμέο

260 2549 351 2582 νου
387 2525 730 2600 διαμαρτεῖν,
761 2527 888 2582 ἀλλ’
918 2522 1095 2581 ἔσεσθε
1147 2529 1240 2599 μὲν
1271 2526 1322 2588 ἐς
1373 2527 1454 2581 ἀεὶ
1502 2528 1910 2597 κατορθοῦντες,

265 2619 361 2672 Ἢν
394 2615 443 2671 δ’
471 2619 578 2690 ἄρα
607 2617 740 2671 ποτε
770 2618 834 2670 τὰ
878 2616 1153 2691 πράγμαθ’
1187 2617 1315 2688 ὑμῖν
1345 2616 1434 2670 καὶ
1481 2616 1628 2691 παρὰ
1655 2617 1716 2670 τὸ
1768 2614 1912 2677 εἰκὸς

272 2708 554 2781 ἀπαντήσῃ
603 2706 695 2760 καί
739 2709 845 2759 τῶν
896 2703 1136 2760 ἐλπίδων
1185 2705 1466 2775 ἐκπέσητε,
1523 2707 1680 2779 ὑμεῖς
1723 2703 1779 2760 δὶ
1821 2705 1913 2760 καὶ

282 2795 444 2857 οὕτως
497 2793 653 2850 οὐδὲν
709 2798 871 2863 ἧττον
925 2792 1103 2849 ἔσεσθε
1169 2797 1578 2865 κατορθοῦντες,
1635 2800 1714 2866 τῷ
1775 2794 1915 2848 κάλ·-

285 2881 438 2938 λιστα
478 2886 567 2939 καὶ
615 2885 691 2948 ὡς
741 2883 911 2959 ἐχρῆν
962 2885 1083 2957 περὶ
1134 2885 1309 2939 αὐτῶν
1362 2881 1773 2959 βεϐουλεῦσθαι,
1825 2884 1915 2939 καὶ

291 2971 446 3044 μηδὲν
469 2995 520 3028 τι
551 2978 659 3029 τῶν
694 2973 917 3028 εἰκότων
947 2973 1327 3028 έλλελοιπέναι
1359 2971 1558 3032 δοκεῖν.

345 3065 442 3138 κβ¹.
493 3067 559 3119 Ὀ
604 3061 661 3118 δέ
713 3084 776 3136 με
826 3064 1054 3136 πρόσθεν
1105 3061 1370 3130 διέλαθεν,
1423 3068 1514 3116 νῦν
1567 3062 1611 3118 δ’
1659 3066 1786 3132 ἧκεν
1840 3064 1916 3125 εἰς

276 3157 519 3225 μνήμην,
573 3155 866 3230 αναγκαῖον
919 3151 975 3206 δὲ
1032 3158 1146 3214 τοῖς
1205 3153 1514 3227 εἰρημένοις
1575 3155 1918 3225 προσθεῖναι,

269 3241 356 3296 ἅτε
391 3241 636 3314 μάλιστα
683 3245 895 3297 πάντων
942 3243 1246 3315 ἀνθρώποις
1277 3249 1572 3316 προσῆκον,
1606 3244 1752 3295 τοῦτ’
1802 3240 1910 3311 ἤδη

269 3327 430 3384 δώσω
472 3336 553 3402 τῷ
604 3329 752 3404 λόγῳ
786 3350 798 3362 ·
849 3330 973 3402 ἐμοὶ
1019 3331 1117 3404 γὰρ
1175 3327 1306 3384 ἓνιοι
1362 3335 1472 3384 τῶν
1532 3331 1774 3402 πατέρων
1827 3327 1914 3383 δο-

260 3423 470 3487 κοῦσιν,
506 3422 588 3481 οἷς
627 3420 720 3489 μὲν
776 3419 988 3491 μᾶλλον
1022 3419 1194 3473 αὐτῶν
1245 3418 1424 3496 φιλεῖν
1467 3419 1751 3491 νομίζουσι
1784 3419 1910 3481 τοὺς

262 3510 416 3579 υἱεῖς,
477 3509 569 3563 καί
632 3509 865 3584 στέργειν
928 3510 1059 3584 ὑπὲρ
1117 3512 1211 3570 τας
1283 3510 1428 3584 σφῶν
1486 3508 1748 3584 κεφαλὰς,
1808 3529 1912 3561 πα-

259 3599 432 3672 τέρων
469 3599 678 3673 ἀγαθῶν
725 3598 800 3660 ώς
847 3597 1068 3668 ἀληθῶς
1099 3595 1253 3672 ἔργον
1305 3603 1479 3652 ποιεῖν
1513 3617 1525 3630 ·
1577 3600 1662 3658 οἷς
1706 3595 1761 3650 δὲ
1805 3601 1911 3651 τῶν

263 3690 358 3758 μὲν
390 3685 580 3742 ἄλλων
629 3687 896 3755 ἁπάντων,
925 3688 999 3742 ὧν
1051 3686 1097 3742 δ’
1143 3687 1326 3749 αὐτοῖς
1363 3685 1597 3759 μάλιστα
1647 3685 1748 3754 δεῖ,
1777 3685 1912 3740 τού-

257 3799 369 3832 των
405 3777 505 3831 οὐκ
538 3778 721 3849 ἀξιοῦν
768 3776 960 3832 αὐτοὺς
1002 3775 1202 3832 θ’ίονται
1255 3775 1383 3847 δεῖν,
1417 3777 1480 3830 οὐ
1532 3775 1692 3847 μόνον
1734 3774 1909 3828 αὐτῶν

258 3865 310 3935 ἐξ
357 3867 618 3938 ἡμισείας
673 3866 996 3943 φροντίζειν,
1031 3865 1176 3921 ἀλλά
1221 3863 1362 3939 μηδὲ
1410 3863 1588 3943 φιλεῖν
1639 3864 1783 3925 ὅλως
1837 3867 1912 3925 ὼς

258 3954 344 4011 δεῖ
393 3954 590 4018 παῖδας
639 3955 834 4011 εἰδέναι
885 3960 982 4012 τοῦ
1029 3958 1248 4011 πάντων
1303 3955 1556 4030 μεγίστου
1603 3954 1692 4008 καὶ
1753 3974 1913 4007 σπου-

259 4043 561 4100 δαιοτάτου
609 4047 698 4100 καί
743 4047 880 4100 κατὰ
925 4046 1080 4124 φύσιν
1127 4046 1436 4118 ἀνθρώποις
1491 4043 1734 4118 ἔχοντος,
1782 4043 1911 4096 τού-

258 4155 389 4196 τους
441 4136 861 4208 ἀποστεροῦντες
894 4155 906 4168 ·
956 4137 1261 4214 χρημάτων
1318 4135 1410 4206 μὲν
1461 4134 1565 4208 γὰρ
1617 4127 1776 4208 ὄγκον
1821 4131 1912 4186 καὶ

258 4222 480 4292 πλῆθος
528 4225 822 4297 κτημάτων
878 4227 966 4280 καὶ
1027 4225 1237 4296 πλέθρα
1288 4226 1388 4297 γῆς
1445 4221 1579 4277 τόσα
1632 4221 1720 4275 καί
1779 4220 1914 4275 τόσα

257 4316 350 4368 καί
395 4313 620 4386 προσέτι
668 4311 1024 4369 παντοδαπῶν
1080 4312 1442 4389 βοσκημάτων
1496 4309 1716 4386 ἀγέλας,
1746 4312 1914 4365 ταῦτα

1762 4401 1911 4461 ὅπως

263 4491 322 4545 δὲ
374 4493 468 4547 καὶ
527 4489 776 4554 παιδείας
829 4493 918 4547 καὶ
977 4490 1158 4567 λόγων
1219 4491 1536 4566 ἐργάσαιντο
1593 4490 1911 4558 κοινωνοὺς,

266 4404 362 4476 μὲν
396 4402 550 4466 ὅπως
599 4403 751 4457 παισὶ
791 4401 1168 4471 καταλίποιεν,
1200 4403 1371 4456 πάντα
1417 4405 1663 4455 ποιοῦσιν
1699 4419 1710 4430 ·

263 4583 354 4638 καὶ
405 4583 544 4658 πρὸς
591 4584 690 4651 τήν
739 4584 955 4638 ἁπασῶν
1005 4582 1204 4652 ταῦτην
1250 4579 1556 4650 καλλίστην
1605 4580 1693 4634 καὶ
1746 4601 1908 4634 σπου-

265 4671 560 4741 δαιοτάτην
628 4673 694 4728 τὰ
771 4671 980 4748 μέγιστ’
1052 4673 1235 4732 αὐτοῖς
1313 4669 1629 4738 συνάραιντο
1695 4672 1905 4734 κτῆσιν,

266 4759 336 4816 δι’
384 4763 452 4828 ἧς
500 4763 673 4815 πάντα
735 4762 828 4834 μὲν
879 4765 1044 4816 ταῦτα
1092 4761 1181 4814 καὶ
1241 4761 1429 4829 σώζειν
1489 4758 1576 4812 καὶ
1638 4757 1907 4826 συναύξειν

261 4847 477 4919 ἕξουσιν
528 4849 692 4921 ἐσαεὶ,
744 4850 897 4905 αὐτοὶ
949 4849 1005 4904 δὲ
1055 4849 1142 4904 καὶ
1192 4853 1335 4927 σφῶν
1385 4848 1561 4903 αὐτῶν
1600 4847 1686 4901 καὶ
1743 4845 1910 4899 πατέ-

268 4958 372 5012 ρων
407 4940 540 4993 εἶναι
596 4936 839 5008 βελτίους
875 4959 885 4970 ·

265 5031 439 5084 αὐτῶν
488 5027 752 5102 πατρίδας
797 5027 850 5083 ἐν
891 5033 970 5100 τῷ
1021 5027 1358 5104 παρασχόντι
1407 5032 1580 5082 ποιεῖν
1630 5023 1686 5078 εὖ
1723 5043 1734 5056 ο

265 5139 370 5171 των
426 5115 769 5173 οὐδοντινοῦν
817 5117 878 5172 τὸ
908 5118 1156 5192 παράπαν
1202 5115 1426 5191 ’ίσχουσι
1473 5113 1662 5189 λόγον,
1713 5114 1758 5184 ᾧ
1812 5111 1909 5185 μά-

267 5206 425 5263 λιστα
477 5210 694 5262 πάντων
751 5208 911 5282 λόγον
945 5203 1090 5282 ἔχειν
1142 5206 1334 5282 ἐχρῆν.
1371 5205 1557 5260 Καίτοι
1607 5204 1635 5258 ὁ
1678 5203 1771 5275 μὲν
1825 5201 1915 5257 λό-

271 5318 400 5372 γους
460 5295 618 5360 είδὼς
680 5297 896 5352 κάκεῖνα
945 5298 1342 5370 προσκτήσεται
1403 5292 1582 5364 δήπου
1617 5311 1628 5323 ⁸
1686 5290 1774 5345 καί
1837 5292 1913 5362 μὴ

269 5388 615 5461 κτησάμενος
677 5387 884 5459 μέντοι,
945 5387 1206 5460 γενναίως
1281 5384 1336 5437 εὖ
1398 5382 1544 5456 μάλα
1615 5380 1704 5436 καὶ
1784 5379 1916 5453 μετὰ

273 5477 622 5552 φρονήματος
648 5475 740 5530 τὸν
796 5472 1266 5547 ἄπανταξδιάξεται
1313 5471 1512 5546 χρόνον
1545 5491 1558 5504 ·
1613 5471 1642 5525 ὁ
1690 5465 1747 5523 δὲ
1788 5469 1916 5522 τού-

267 5586 372 5620 των
426 5565 772 5646 ἀφεστηκὼς,
805 5564 900 5620 κᾶν
954 5565 1160 5638 εὐπορῇ
1201 5567 1309 5616 τῶν
1361 5559 1534 5618 Μίδου
1585 5558 1915 5634 χρημάτων,

269 5656 603 5728 θαυμάσαιμ’
637 5651 696 5708 ἂν
741 5655 784 5709 εἰ
822 5655 956 5728 μετᾶ
1001 5655 1098 5707 τοῦ
1135 5653 1465 5726 τεταγμένου
1515 5650 1604 5704 καὶ
1637 5650 1915 5726 σώφρονος

271 5742 357 5802 διὰ
383 5744 578 5807 τέλους
615 5746 781 5820 βιῲη,
802 5742 947 5799 ἀλλὰ
981 5743 1058 5818 μὴ
1086 5742 1220 5818 πρὸς
1243 5736 1684 5818 ἀνδραποδώδεις
1714 5734 1917 5809 ἡδονὰς

938 4938 1025 4993 καὶ
1058 4937 1254 5012 φίλους
1307 4937 1398 5010 μὲν
1443 4934 1696 5013 ὠφελεῖν,
1723 4935 1816 4995 τὰς
1857 4932 1913 4988 δὲ

1786 5024 1911 5078 τού-

1943 4637 1990 4699 D

2020 677 2358 730 memoriam
2420 679 2686 732 victorias
2739 684 3138 746 reportarunt;
3179 696 3343 746 quas,
3399 685 3460 733 ut
3512 679 3657 732 nihil

2018 784 2300 848 omittam,
2361 785 2679 839 fmdissima
2738 786 2794 839 in
2854 785 3049 839 Sicilia
3103 785 3296 838 clades
3353 785 3424 838 ob
3487 784 3656 855 primi

2021 888 2272 943 militum
2305 889 2466 945 ducis
2500 891 2789 961 ignaviam
2825 899 2876 946 et
2921 892 3178 963 ipsorum
3214 891 3400 947 malas
3426 891 3659 962 cupidi—

2017 1003 2163 1052 tates
2195 999 2391 1054 secula
2421 1006 2540 1066 est;
2595 1002 2860 1070 quamvis
2893 1008 3030 1056 tunc
3074 1003 3323 1057 maxime
3354 1002 3658 1058 hominum

2021 1107 2395 1162 multitudine
2425 1114 2482 1162 et
2525 1109 2734 1179 opibus
2764 1111 2834 1164 ab
2876 1109 3093 1164 bellum
3127 1111 3443 1180 gerendum
3471 1127 3661 1166 neces-

2021 1212 2191 1267 seriis
2205 1230 2435 1268 omnem
2460 1215 2750 1285 Europam
2777 1216 2958 1270 armis
2985 1217 3296 1287 subjugare
3319 1233 3486 1288 posse
3508 1219 3662 1274 vide-

2023 1328 2234 1376 rentur.
2284 1319 2681 1393 Quodcunque
2729 1323 2908 1392 igitur
2957 1324 3139 1377 facere
3195 1323 3356 1379 vobis
3397 1326 3662 1396 praposi-

2022 1433 2144 1482 tum
2178 1433 2286 1495 est,
2319 1427 2400 1482 ita
2440 1429 2606 1484 facite
2654 1433 2718 1483 ut
2759 1429 2942 1485 bonus
2991 1430 3123 1485 inde
3171 1431 3299 1484 ﬁnis
3351 1431 3658 1502 proveniat.

2021 1537 2080 1592 Si
2113 1538 2264 1592 enim
2303 1537 2612 1593 bestiarum
2649 1553 2804 1593 more
2827 1538 3045 1594 nullius
3068 1539 3142 1594 rei
3164 1555 3358 1594 curam
3384 1540 3661 1597 habentes

2020 1645 2201 1716 ignari
2236 1647 2570 1701 sederemus
2633 1647 2993 1718 temporique
3047 1647 3373 1702 indolenter
3429 1650 3658 1705 cedere-

2024 1769 2170 1818 mus,
2223 1752 2369 1807 nihil
2419 1769 2558 1807 sane
2607 1753 3034 1823 perﬁceremus.
3090 1753 3233 1810 Huic
3283 1755 3461 1826 igitur
3509 1753 3659 1811 malo

2024 1861 2297 1916 remederi
2331 1877 2435 1915 nos
2492 1865 2714 1930 Oportet
2744 1863 2844 1932 qui
2872 1863 2940 1917 de
2973 1863 3143 1916 rebus
3195 1862 3548 1918 deliberandi
3606 1868 3663 1918 et

2015 1973 2454 2026 commodorum
2491 1977 2820 2027 nostrorum
2856 1971 3134 2026 rationem
3166 1971 3404 2027 ineundi
3431 1972 3665 2028 faculta-

2015 2081 2128 2132 tem
2164 2077 2471 2141 habemus,
2504 2084 2561 2131 et.
2590 2079 2646 2132 id
2680 2080 2834 2149 quod
2869 2080 3161 2134 tendimus
3180 2080 3574 2136 obtinebimus
3604 2084 3661 2136 et

2015 2203 2148 2242 cum
2185 2187 2439 2242 secunda
2469 2186 2703 2240 fortuna
2732 2189 3010 2242 vivemus.
3046 2187 3105 2243 Si
3135 2205 3166 2242 e
3198 2197 3396 2244 contra
3427 2203 3518 2243 res
3545 2190 3660 2243 mi-

2016 2308 2129 2347 nus
2170 2293 2314 2348 bene
2343 2296 2653 2350 succedent
2683 2299 2738 2349 et
2770 2295 2814 2350 si
2843 2296 2996 2366 quod
3039 2296 3362 2365 sperabatis
3392 2313 3504 2351 non
3541 2312 3665 2352 eve-

2019 2401 2124 2467 nit,
2157 2417 2254 2456 vos
2283 2400 2354 2456 ob
2388 2400 2442 2455 id
2478 2417 2589 2455 non
2641 2401 2801 2456 vobis
2832 2402 3085 2465 deeritis,
3119 2411 3172 2458 et
3202 2403 3346 2458 nihil
3378 2403 3660 2460 omittetis

2021 2522 2124 2577 pro
2157 2504 2306 2560 virili
2339 2510 2497 2577 parte
2545 2506 2694 2576 quod
2737 2522 2824 2562 res
2884 2507 3214 2577 desperatae
3273 2509 3660 2576 redintegrare

2022 2611 2230 2668 valeat.

2095 3069 2183 3122 22.
2219 3068 2380 3133 Quod
2417 3084 2506 3123 me
2537 3068 2721 3140 pridie
2753 3070 3002 3138 fugerat,
3028 3071 3148 3140 jam
3179 3071 3240 3124 in
3291 3073 3544 3124 mentem
3577 3081 3664 3122 re-

2029 3175 2216 3229 venit:
2252 3192 2451 3246 quare,
2487 3177 2640 3248 quod
2676 3177 2906 3248 publico
2937 3193 3061 3232 esse
3078 3177 3386 3231 commodo
3417 3176 3668 3241 videtur,

1945 3293 1987 3353 ο
2028 3283 2085 3337 in
2137 3283 2392 3338 medium
2456 3285 2765 3355 proferam.
2817 3284 2978 3340 Multi
3032 3289 3219 3356 patres
3260 3283 3475 3340 liberos
3535 3298 3672 3338 suos

2024 3390 2154 3460 plus
2185 3408 2356 3462 quam
2384 3409 2444 3448 se
2469 3393 2628 3464 ipsos
2652 3394 2899 3448 amando
2926 3397 3148 3465 patrum
3176 3393 3454 3449 bonorum
3479 3395 3668 3450 ofﬁcio

2021 3500 2350 3555 satisfacere
2382 3501 2494 3556 sibi
2527 3501 2815 3567 videntur,
2839 3501 3116 3572 neglectis
3146 3503 3362 3556 caneris
3397 3504 3512 3558 fere
3534 3519 3667 3558 om-

2021 3606 2194 3662 nibus
2226 3623 2365 3676 quos
2397 3624 2506 3677 prs:
2539 3607 2733 3663 lideris
2759 3625 2955 3664 amare
2986 3607 3184 3663 volunt
3210 3614 3492 3675 ;attamen
3526 3609 3668 3680 ipsis

2022 3711 2217 3767 liberis
2248 3713 2304 3767 in
2338 3714 2694 3783 gravissimis
2728 3717 2904 3770 rebus
2955 3731 3157 3772 curam
3205 3731 3374 3786 qnam
3419 3717 3669 3772 maxime

2021 3822 2243 3890 oportet
2277 3835 2388 3873 non
2417 3821 2781 3891 impendunt.
2815 3821 2971 3876 Nihil
3004 3822 3159 3877 enim
3193 3823 3540 3877 intentatum
3576 3838 3670 3878 re-

2023 3924 2298 3998 linquunt
2330 3931 2390 3980 ut
2414 3927 2538 3982 auri
2561 3929 2779 4001 grande
2805 3930 3052 4000 pondus,
3076 3945 3280 4000 greges
3304 3933 3359 3984 et
3379 3945 3545 4001 agros
3569 3931 3669 3985 im-

2023 4048 2258 4088 mensos
2292 4033 2442 4089 natis
2474 4034 2529 4089 in
2556 4035 2801 4091 articulo
2825 4037 3028 4092 mortis
3049 4037 3277 4092 tradant
3299 4055 3314 4105 ;
3339 4039 3410 4093 de
3434 4054 3666 4093 summo

2023 4144 2215 4195 autem
2251 4142 2510 4210 ipsorum
2562 4143 2732 4209 bono,
2769 4143 2921 4198 bona
2971 4144 3342 4199 institutione
3387 4154 3443 4199 et
3487 4144 3664 4198 disci-

2024 4247 2182 4318 plina
2213 4246 2438 4302 liberali
2479 4252 2535 4303 et
2595 4251 2892 4321 praaceptis
2936 4265 3181 4320 quorum
3227 4251 3394 4305 venia
3425 4266 3544 4306 rem
3577 4250 3664 4304 fa-

2024 4353 2308 4408 miliarem
2343 4370 2550 4425 augere
2607 4371 2671 4410 ac
2724 4371 3064 4412 conservare
3113 4361 3370 4427 possent,
3423 4356 3666 4411 minime

2023 4469 2246 4516 curant.
2297 4463 2437 4516 Item
2491 4478 2604 4517 non
2654 4467 2982 4519 monstrant
3047 4465 3330 4536 quomodo
3385 4463 3556 4520 amici
3615 4468 3672 4518 et

2023 4569 2174 4624 cives
2207 4570 2524 4640 adjuvandi
2556 4570 2691 4625 sint.
2735 4574 3001 4627 Attamen
3034 4572 3130 4642 qui
3164 4572 3366 4628 litteris
3399 4571 3664 4626 imbutus

2020 4679 2127 4742 est,
2187 4675 2424 4732 fortuna
2474 4677 2856 4733 nihilominus
2909 4679 3254 4750 prospicere,
3305 4683 3362 4732 et
3404 4676 3664 4749 quamvis

2021 4802 2235 4855 pauper
2266 4786 2358 4855 sit,
2393 4789 2691 4843 honestam
2721 4788 3038 4859 transigere
3069 4789 3238 4843 vitam
3274 4786 3502 4858 poterit.
3552 4786 3662 4848 Qui

2021 4891 2172 4946 enim
2205 4892 2415 4947 virtute
2447 4901 2621 4962 caret,
2683 4895 2818 4949 licet
2863 4895 3021 4949 Midea
3076 4909 3282 4949 aurum
3346 4893 3661 4963 possideat,

2019 5001 2217 5057 nescio
2249 5019 2318 5058 an
2349 5003 2590 5059 honeste
2623 5005 2795 5070 vivat,
2845 5005 2958 5059 imo
3003 5006 3060 5059 in
3109 5002 3338 5060 servilis
3387 5003 3510 5056 vitae
3542 5005 3668 5056 tur-

2023 5107 2344 5178 pitudinem
2369 5110 2932 5183 descendat,quippe
2953 5111 3053 5182 qui
3076 5110 3401 5166 secundum
3427 5108 3667 5164 rationis

2026 5220 2306 5286 praecepta
2343 5218 2530 5274 vivere
2560 5235 2676 5275 non
2706 5219 2928 5276 didicit.
