4096 6284
453 326 575 388 539

532 650 624 705 23.
658 651 1016 722 Pauperibus
1045 650 1178 707 dein
1218 656 1274 706 et
1330 651 1608 708 divitibus
1639 659 1838 709 auctor
1867 669 1998 709 sum
2032 669 2105 708 ne

466 757 617 813 ﬁlios
647 759 703 813 in
735 765 852 814 arte
880 758 1075 829 aliqua
1096 758 1467 814 instruendos
1497 761 1731 814 tradant
1762 761 2104 832 priusquam

459 881 492 920 a
522 869 718 920 tenera
747 869 911 921 aetate
955 866 1203 922 Litteras
1235 882 1424 921 sacras
1457 867 1764 922 didicerint
1796 872 1853 922 et
1873 869 1958 922 sic
1979 868 2104 922 ani-

462 989 625 1027 mum
657 972 1038 1044 spiritualiter
1085 973 1452 1030 nutriverint.
1501 975 1591 1030 Sic
1639 975 1793 1030 enim
1827 974 1988 1030 bonis
2021 975 2106 1030 in-

462 1078 613 1136 dolis
643 1080 925 1136 beneﬁcio
949 1079 1090 1136 bene
1120 1080 1192 1135 de
1225 1080 1296 1136 iis
1329 1098 1562 1152 sperare
1604 1087 1877 1154 poterunt
1907 1098 2106 1154 paren-

462 1192 571 1256 tes,
591 1189 910 1244 dummodo
933 1189 1042 1258 ipsi
1058 1190 1604 1260 cooperenturidem
1624 1191 1792 1261 quasi
1817 1196 2105 1246 certamen

462 1293 732 1350 ineuntes
765 1301 829 1349 ut
856 1295 1031 1350 ﬁnem
1060 1295 1409 1352 laudabilem
1433 1298 1751 1367 attingant;
1777 1298 1864 1352 sin
1888 1298 2105 1365 minus,

462 1401 667 1458 saltem
701 1401 761 1457 in
792 1402 1002 1460 litteris
1033 1408 1090 1459 et
1114 1405 1341 1460 artibus
1397 1405 1682 1461 elementa
1721 1405 2102 1477 degustarint.

457 1507 605 1565 bene
635 1511 895 1580 persuasi
929 1511 1082 1581 quod
1119 1511 1319 1567 isthaec
1340 1511 1415 1568 ad
1432 1512 1577 1568 bene
1593 1513 1899 1568 vivendum
1920 1511 2105 1583 pluri-

456 1630 621 1670 mum
653 1615 1053 1683 contribuunt,
1097 1619 1419 1689 praesertim
1471 1619 1570 1673 ubi
1619 1619 1946 1674 litterarum
1989 1623 2108 1673 stu-

465 1721 629 1777 dium
681 1724 907 1781 artibus
964 1727 1308 1782 associatur.
1367 1726 1457 1782 Sic
1521 1726 1900 1782 Athenienses
1956 1724 2106 1780 filios

467 1832 617 1886 mari
651 1834 1084 1906 assuescebant,
1136 1841 1202 1890 ut
1248 1836 1387 1890 artis
1436 1835 1720 1890 maritinm
1769 1833 2107 1908 peritissimi
2140 1827 2186 1893 Β

466 1938 690 1995 fierent.
713 1941 827 1996 Nos
858 1942 1145 2015 praecipue
1161 1959 1293 1998 vero
1315 1942 1636 2014 quiChristi
1661 1943 1868 1998 fratres
1898 1958 2105 1999 sumus

464 2050 520 2100 et
547 2049 646 2120 qui
676 2050 1014 2120 praeclarum
1043 2068 1112 2106 ac
1144 2051 1476 2107 mirandum
1511 2068 1720 2107 nomen
1754 2051 2104 2106 Christiano-

463 2174 593 2212 rum
627 2175 1058 2230 nuncupamu.
1093 2176 1206 2216 non
1240 2165 1470 2215 tantum
1503 2161 1705 2216 isthaec
1745 2165 1878 2216 ante
1907 2160 2106 2215 omnia

457 2264 646 2319 facere
676 2270 733 2321 et
763 2264 915 2323 ﬁlios
938 2273 1168 2324 nostros
1195 2281 1531 2323 assuescere
1563 2267 1866 2338 debemus,
1899 2269 1992 2322 sed
2044 2275 2105 2322 ut

457 2369 692 2426 initium
726 2380 783 2428 et
816 2373 990 2429 finem
1046 2373 1449 2446 operationum
1501 2379 1836 2431 nostrarum
1870 2373 2102 2429 intueri.

454 2478 547 2533 Sic
577 2479 733 2534 enim
768 2480 1132 2552 potissimum
1184 2497 1602 2552 cognoscemus
1636 2481 1735 2552 qui
1767 2482 1951 2536 simus
1978 2498 1992 2548 ;
2024 2481 2106 2536 sic

457 2585 729 2642 virtutem
764 2587 1184 2658 amplectamur
1229 2594 1285 2644 et
1335 2589 1732 2646 exercebimus
1780 2589 2104 2645 secundum

453 2694 664 2750 excelsi
704 2696 955 2752 doctoris
1003 2695 1365 2752 mandatum.
1418 2698 1526 2761 Qui
1557 2698 1737 2767 enim,
1772 2702 1837 2752 ut
1868 2697 2102 2767 debent,

455 2805 677 2860 atribus
709 2805 1039 2861 ediscendis
1067 2821 1305 2876 operam
1357 2811 1569 2862 navant
1615 2813 1672 2863 et
1703 2807 1939 2862 feliciter
1970 2823 2100 2878 pro-

455 2912 818 2983 grediuntur,
852 2914 922 2969 iis
969 2915 1168 2971 datum
1205 2920 1294 2970 est
1338 2915 1404 2970 ad
1451 2931 1746 2970 summum
1800 2914 2096 2985 fastigium

457 3019 766 3076 ascendere
796 3024 852 3076 et
881 3022 1097 3078 caeteris
1145 3021 1417 3078 omnibus
1448 3021 1643 3093 gloriae
1663 3020 1914 3093 palmam
1949 3036 2099 3092 pra;-

458 3125 663 3199 ripere.
691 3129 834 3194 Quia
871 3130 1028 3185 enim
1059 3132 1116 3186 in
1158 3130 1322 3186 libris
1353 3129 1660 3186 historiam
1705 3132 2102 3198 cognoverunt

454 3232 525 3286 de
563 3235 892 3302 temporum
951 3241 1009 3290 et
1063 3234 1324 3290 locorum
1380 3235 1810 3306 opportunitate
1866 3203 2182 3304 quandoC

452 3337 604 3395 bella
636 3346 776 3397 sunt
821 3344 1072 3414 gerenda
1122 3345 1480 3415 cognoscunt
1526 3342 1858 3412 optimeque
1911 3343 2109 3398 sciunt

450 3452 639 3503 contra
671 3465 818 3518 quos
849 3450 1276 3519 dimicandum,
1307 3455 1366 3506 et
1396 3453 1600 3506 contra
1651 3465 1797 3521 quos
1839 3465 1955 3504 non
1997 3457 2102 3517 est,

463 3561 518 3614 et
548 3559 704 3630 quod
736 3559 999 3616 faciendo
1030 3563 1132 3616 aut
1159 3560 1404 3616 victores
1436 3565 1536 3615 aut
1564 3559 1700 3615 victi
1754 3563 1944 3615 erunt.
1995 3559 2102 3622 Qui

464 3673 681 3736 autem,
726 3669 922 3725 minus
950 3670 1097 3725 bene
1137 3669 1414 3739 instituti,
1446 3668 1526 3724 nil
1558 3669 1669 3724 nisi
1703 3685 1865 3724 arma
1896 3667 2104 3736 sciunt,

463 3777 502 3832 ii
539 3777 787 3834 ferarum
821 3781 994 3836 modo
1017 3780 1074 3834 in
1099 3779 1613 3836 deliberationibus
1635 3783 1692 3833 et
1714 3779 1770 3832 in
1796 3777 2106 3849 pugnando

457 3901 616 3954 eaque
647 3888 1079 3959 pracipitanter
1098 3891 1304 3960 agunt,
1330 3893 1388 3942 et
1404 3891 1602 3942 tamen
1627 3886 1843 3957 saepius
1864 3885 2104 3941 victores

455 3993 753 4058 recedunt,
785 3993 845 4048 in
880 4009 1018 4065 pace
1051 3993 1238 4048 rudes.
1273 3991 1586 4062 Eurydices
1610 3991 1941 4063 exemplum
1989 3990 2106 4044 mi-

454 4099 722 4170 randum,
757 4100 873 4156 imo
905 4101 1253 4156 imitandum
1278 4102 1553 4172 reperias,
1587 4115 1718 4171 quae
1739 4098 2103 4154 cumliberos

455 4223 598 4263 suos
652 4207 864 4262 mirum
923 4207 985 4263 in
1046 4208 1284 4264 modum
1343 4213 1584 4277 amaret,
1634 4204 2104 4278 sapientiamque

458 4329 661 4370 eorum
693 4316 906 4370 animis
937 4315 1244 4371 infundere
1292 4319 1549 4387 cuperet,
1601 4313 1880 4387 magistro
1908 4315 2102 4368 amoto

455 4423 586 4494 ipsa
614 4422 758 4493 ipsis
791 4422 1072 4494 magistra
1115 4439 1243 4479 esse
1271 4422 1475 4488 voluit,
1509 4423 1659 4494 quod
1709 4437 1840 4477 cum
1882 4436 1983 4491 per
2029 4420 2105 4474 fe-

453 4529 669 4586 minam
703 4528 991 4601 illyricam
1022 4529 1444 4601 barbaramque
1492 4527 1688 4600 perﬁci
1723 4543 1838 4581 non
1881 4529 2097 4597 posset,

452 4653 567 4693 una
597 4653 729 4693 cum
757 4637 910 4693 natis
940 4636 1338 4694 adolescentia
1369 4636 1565 4692 studia
1585 4633 1917 4700 renovavit;
1942 4631 2095 4704 quod

452 4744 688 4817 quidem
721 4745 864 4802 adeo
896 4745 1042 4801 bene
1071 4745 1264 4812 cessit,
1313 4748 1378 4799 ut
1427 4743 1610 4798 musis
1656 4742 1832 4798 hocce
1857 4755 2094 4813 carmen

453 4853 731 4910 obtulerit
760 4857 827 4910 ut
856 4858 911 4910 et
937 4870 1037 4924 pro
1070 4869 1132 4910 se
1162 4854 1287 4924 ipsa
1316 4852 1532 4924 gratias
1563 4855 1758 4923 ageret
1778 4853 1834 4904 et
1854 4853 2094 4905 ceteros

455 4965 717 5016 moneret
755 4965 820 5015 ut
849 4977 1080 5017 summo
1131 4977 1263 5016 cum
1294 4960 1498 5015 ardore
1526 4958 1842 5014 liberorum
1875 4956 2094 5010 educa-

453 5065 596 5121 tioni
628 5068 1060 5126 incumberunt.
1093 5068 1195 5124 Est
1225 5072 1416 5124 autem
1448 5064 1894 5136 hujuscemodi:

1760 330 2157 394 THEODULI
2202 332 2557 396 MONA'CHI

2129 469 2184 536 Α
2216 465 2535 535 ἀποκλίνας,
2578 467 2778 536 ὑπέρου
2815 468 3147 542 γυμνότερος
3197 467 3246 522 ἐν
3287 467 3483 544 βραχεῖ
3527 465 3854 537 κατασταίη,

3742 335 3855 395 540

2221 555 2296 626 μή
2333 557 2498 629 λόγον
2524 553 2704 629 *ίσχων
2739 557 3133 628 σωφρονιστήν.

2285 646 2382 717 κγ’.
2433 649 2584 700 Ταῦτ’
2634 643 2734 716 ἄρα
2782 645 2872 699 καὶ
2922 645 3116 714 πένησι
3165 645 3254 699 καὶ
3305 644 3592 706 πλουσίοις
3647 643 3857 701 κελεύω

2219 737 2292 806 μή
2340 733 2602 809 πρότερον
2654 734 2728 796 είς
2774 734 2965 808 τέχνας
3018 732 3082 804 δή
3133 755 3280 796 τινας
3325 735 3452 797 τοὺς
3491 736 3626 796 υἱεῖς
3676 755 3862 809 παρα-

2214 824 2471 895 πέμπειν,
2503 823 2631 896 πρὶν
2677 821 2735 878 ἂν
2785 823 2979 886 αὐτοὺς
3031 823 3195 899 ἄχρις
3241 820 3475 894 ἥϐης,ἢ
3525 825 3616 879 καὶ
3666 826 3861 897 μικρὸν

2214 912 2320 985 πρὸ
2376 919 2476 981 τῆς
2527 908 2695 982 ἥϐης,
2755 912 3067 988 γράμμασιν
3125 914 3294 988 ἱεροῖς
3356 911 3712 981 έκπαιδεύειν,
3771 913 3860 967 καὶ

2216 1001 2360 1056 οὕτω
2420 1005 2520 1071 τήν
2577 1008 2723 1082 σφῶν
2779 1005 2963 1078 ψυχὴν
3022 1005 3442 1075 κατατρίζοντας
3501 1005 3588 1060 καὶ
3649 1024 3861 1078 προκα-

2216 1092 2517 1159 θιστάντας,
2576 1091 2662 1146 ἐὰν
2746 1093 2838 1164 μὲν
2918 1091 2973 1146 εὗ
3041 1092 3213 1168 ἔχωσι
3283 1093 3509 1170 φύσεως,
3565 1093 3655 1147 καὶ
3729 1097 3860 1148 θαυ-

2220 1182 2422 1252 μαστάς
2470 1203 2618 1244 τινας
2667 1180 2903 1237 ἐντεῦθεν
2965 1183 3283 1238 ὑποτείνωσι
3341 1183 3436 1244 τὰς
3490 1180 3747 1252 ἐλπίδας,
3798 1183 3859 1238 οὐ

2219 1268 2380 1340 μόνον
2413 1269 2608 1334 αὐτοὺς
2635 1270 2720 1341 ἐᾷν
2760 1272 2960 1342 ταύτην
3003 1273 3078 1334 εἰς
3120 1271 3280 1334 τέλος
3319 1273 3512 1342 σώζειν
3551 1273 3651 1340 τὴν
3688 1275 3858 1341 τάξιν,

2215 1356 2362 1412 ἀλλά
2418 1360 2506 1412 καί
2561 1357 2664 1420 ἓως
2719 1357 2886 1430 ἔξεστι
2953 1359 3242 1432 ξυμπονεῖν
3299 1361 3388 1414 καὶ
3466 1363 3862 1435 ξυμπράττειν,

2216 1447 2305 1500 καὶ
2355 1447 2510 1502 πάντ’
2558 1448 2742 1510 αὐτοῖς
2793 1449 3240 1523 συναγωνίζεσθαι
3286 1448 3487 1523 τρόπον
3521 1469 3532 1480 ·
3589 1451 3664 1512 ὡς
3741 1448 3862 1524 μέγ’

2214 1534 2414 1601 ἀγαθὸν
2473 1535 2751 1605 ἔσομενοις
2807 1543 2885 1608 τῷ
2941 1539 3047 1612 βίῳ
3108 1538 3317 1616 φύσεώς
3381 1559 3440 1594 τε
3497 1540 3695 1612 ῥώμης
3773 1541 3860 1593 καὶ

2216 1623 2483 1695 σπουδῆς,
2551 1627 2640 1682 καὶ
2697 1629 2772 1681 ὧν
2832 1628 2976 1689 εἰκὸς
3031 1627 3392 1683 συνελθόντων
3427 1648 3438 1660 ’
3494 1627 3582 1683 ἐὰν
3635 1627 3696 1683 δὲ
3760 1631 3860 1700 μή,

2215 1715 2328 1768 τότ’
2379 1712 2485 1785 ἤδη
2529 1717 2617 1769 καὶ
2667 1717 2725 1770 τὸ
2755 1721 2862 1771 τῶν
2909 1720 3118 1795 τεχνῶν
3167 1715 3219 1771 ἐν
3269 1722 3465 1791 καιρῷ,
3499 1717 3572 1779 ὡς
3623 1715 3686 1770 ἂν
3738 1718 3863 1773 ἕκα-

2216 1802 2446 1877 τέρωθεν
2509 1809 2607 1858 τοῦ
2659 1826 2717 1860 τε
2775 1803 2927 1882 λόγῳ
2980 1807 3069 1860 καὶ
3126 1803 3344 1875 παιδείᾳ
3410 1808 3858 1880 ποιχειωθῆναι,

2213 1895 2310 1945 τοῦ
2338 1913 2397 1947 τε
2426 1895 2492 1948 τὰ
2522 1895 2658 1966 πρὸς
2710 1891 2913 1948 δίαιταν
2949 1893 3005 1948 εὖ
3058 1893 3208 1968 μάλα
3250 1895 3424 1971 σφίσιν
3471 1894 3655 1957 αὐτοῖς
3691 1895 3863 1950 ἐκπο-

2217 1981 2381 2056 ρίζειν
2430 1981 2650 2054 εῖδέναι,
2691 1983 2958 2040 κάλλιστα
2999 1986 3090 2040 καὶ
3142 1987 3216 2049 ὡς
3263 1988 3436 2060 ἒχρῆν
3485 1991 3732 2061 χρῶνται
3781 1991 3860 2058 τῷ

2218 2072 2324 2146 βίῳ
2358 2094 2370 2106 ·
2417 2076 2507 2129 καὶ
2542 2075 2761 2148 μάλισθ’
2805 2075 2928 2131 ὅταν
2965 2078 3102 2150 μετά
3146 2078 3244 2146 τήν
3294 2081 3401 2132 τῶν
3447 2079 3655 2152 τεχνῶν
3688 2079 3856 2152 ἀσχο-

2215 2163 2335 2218 λίαν
2393 2164 2792 2238 ἐνασχολῶνται
2849 2162 3112 2240 βιϐλίοις.
3161 2167 3350 2222 Καίτοι
3411 2167 3456 2222 εἰ
3510 2169 3660 2230 ὅπως
3720 2168 3859 2242 κρά-

2211 2253 2384 2308 τιστοί
2441 2275 2582 2316 τινες
2637 2256 2734 2309 εἶεν
2793 2256 3068 2326 Ἀθηναῖοι
3121 2257 3187 2312 τὰ
3240 2257 3484 2326 ναυτικὰ,
3532 2257 3694 2314 πλεῖν
3755 2257 3859 2328 πρὸ

2212 2347 2319 2397 τῶν
2374 2341 2562 2399 ἄλλων
2615 2343 2744 2408 τοὺς
2805 2345 3000 2408 παῖδας
3060 2344 3361 2416 ἐδίδασκον,
3419 2349 3509 2402 καὶ
3586 2347 3857 2403 θάλατταν

2213 2433 2506 2506 προοίμιον
2538 2437 2807 2491 ποιεῖσθαι
2845 2441 2942 2491 τοῦ
2995 2437 3113 2510 βίου
3151 2458 3163 2470 ·
3197 2439 3231 2506 ἦ
3278 2441 3375 2492 τοῦ
3407 2457 3468 2512 γε
3519 2436 3666 2492 πολὺ
3725 2437 3863 2510 μᾶλ-

2215 2519 2313 2576 λον
2365 2524 2528 2596 ἡμεῖς
2575 2525 2628 2579 οἱ
2679 2529 2776 2580 τοῦ
2823 2530 3062 2598 Χριστοῦ
3109 2527 3390 2596 κοινωνοὶ,
3429 2528 3520 2581 καὶ
3562 2527 3664 2593 τήν
3720 2527 3864 2603 μεγί-

2213 2632 2344 2682 στην
2377 2613 2466 2667 καὶ
2519 2615 2830 2686 θαυμαστὴν
2873 2615 3076 2685 ταύτην
3124 2615 3291 2671 αὐτοῦ
3339 2617 3643 2691 πρόσρησιν
3703 2637 3859 2689 περι-

2213 2701 2474 2774 κείμενοι,
2527 2703 2818 2780 ὑφείλομεν
2863 2705 2950 2760 καὶ
3004 2703 3205 2760 δίκαιοι
3256 2707 3473 2767 πάντως
3529 2703 3720 2779 ἐσμὲν,
3781 2707 3858 2778 μή

2214 2791 2377 2862 μόνον
2421 2791 2850 2868 προύργιαίτερα
2895 2795 3168 2849 ποιεῖσθαι
3213 2795 3279 2850 τὰ
3329 2795 3545 2857 τούτου,
3604 2796 3701 2849 καὶ
3743 2802 3857 2857 τοῖς

2212 2881 2364 2933 παισὶ
2407 2881 2513 2954 πρὸ
2559 2886 2668 2936 τῶν
2717 2881 2906 2938 ἄλλων
2953 2885 3103 2938 ταῦτ’
3161 2883 3520 2958 εἲσηγεῖσθαι,
3573 2883 3726 2941 ἀλλά
3771 2886 3855 2940 καὶ

2211 2973 2402 3041 πρῶτα
2431 2974 2536 3023 τῶν
2575 2968 2764 3025 ἄλλων
2814 2972 3090 3043 ἁπάντων,
3123 2973 3210 3027 καὶ
3247 2973 3380 3044 μέσα
3429 2973 3519 3029 καὶ
3569 2973 3851 3029 τελευταῖα

2209 3061 2376 3112 ταῦτα
2431 3061 2746 3115 ποιεῖσθαι·
2808 3059 2859 3115 ἒν
2919 3061 3095 3133 τούτῳ
3151 3061 3253 3135 γάρ
3309 3057 3422 3116 ἔστι
3491 3063 3580 3116 καὶ
3637 3064 3700 3116 τὸ
3761 3082 3843 3134 γι-

2211 3149 2436 3204 νώσκειν
2486 3145 2750 3225 ἀκριϐῶς,
2801 3153 2931 3226 ὅπερ
2981 3152 3163 3224 ἐσμὲν,
3212 3154 3302 3207 καὶ
3359 3153 3497 3228 πρὸς
3553 3153 3743 3227 ἀρετὴν
3791 3151 3843 3206 εὖ

2215 3234 2535 3306 διακεῖσθαι,
2588 3240 2676 3294 καὶ
2727 3240 2928 3310 ταύτης
2994 3241 3211 3313 μάλιστ’
3270 3241 3664 3298 ἀντιποιεῖσθαι
3719 3242 3849 3296 κατά

2214 3327 2276 3381 τὸ
2323 3325 2528 3382 ἐκείνου
2574 3328 2793 3384 κελεῦον
2830 3349 2842 3360 ·
2891 3329 3007 3384 ἐπεὶ
3056 3331 3144 3385 καὶ
3192 3336 3310 3392 τοῖς
3355 3331 3424 3386 τὰ
3468 3333 3702 3387 τακτικά
3762 3352 3852 3403 μευ

2213 3421 2439 3489 τιοῦσιν,
2487 3420 2569 3479 οἷς
2623 3419 2716 3490 μὲν
2776 3419 3057 3493 ἀπῆρχθαι
3116 3420 3322 3475 τούτων
3381 3419 3556 3476 αὐτῶν
3613 3421 3851 3476 ἐντεῦθεν

2214 3504 2440 3580 ὒπῆρξε,
2499 3507 2714 3568 τούτοις
2779 3507 2872 3578 μὲν
2931 3507 3170 3583 ἀρίστοις
3238 3508 3368 3563 εἶναι
3443 3509 3688 3582 περίεστι
3765 3509 3851 3563 καὶ

2214 3601 2428 3668 κρατεῖν
2486 3596 2811 3670 ἑκασταχοῦ.
2873 3598 2948 3651 Δι’
3003 3597 3074 3650 ὧν
3131 3599 3238 3671 γὰρ
3297 3598 3547 3654 ἑκάστοτε
3612 3595 3855 3672 βιϐλίοις

2213 3683 2304 3738 καὶ
2343 3690 2571 3760 γραφαῖς
2622 3683 2938 3756 ὁμιλοῦσιν,
2975 3684 3122 3741 τίσασι
3171 3686 3310 3742 πάνυ
3360 3687 3580 3759 καιροὺς
3629 3689 3725 3742 καὶ
3775 3688 3860 3742 τό·

2214 3795 2350 3838 πους
2396 3772 2670 3846 πολέμου,
2728 3775 2815 3829 καὶ
2870 3774 2979 3830 τίσι
3021 3773 3103 3830 δεῖ
3165 3778 3542 3851 μεμαχῆσθαι,
3601 3778 3696 3832 καὶ
3749 3778 3855 3832 τίσι

2218 3865 2317 3936 μὴ,
2349 3865 2438 3918 καὶ
2483 3864 2558 3926 ὡς
2595 3864 2662 3918 τά
2707 3866 2794 3920 καὶ
2846 3866 2911 3920 τὰ
2949 3869 3254 3929 ποιοῦντες,
3284 3870 3373 3920 νῦν
3421 3866 3513 3940 μὲν
3563 3868 3849 3940 περιέσον-

2211 3973 2322 4021 ται,
2354 3956 2442 4008 νῦν
2476 3950 2522 4008 δ’
2571 3955 2900 4024 ἡττήσονται
2937 3975 2947 3986 ·
2981 3955 3108 4016 τοὺς
3139 3952 3196 4010 δὲ
3243 3957 3321 4028 μὴ
3350 3957 3517 4030 ταύτῃ
3571 3954 3850 4032 διακειμέ-

2212 4063 2359 4112 νους,
2417 4043 2508 4098 καὶ
2565 4041 2730 4098 πλέον
2793 4041 2945 4099 οὐδὲν
3005 4042 3192 4098 ὅπλων
3252 4043 3484 4117 εἰδότας,
3537 4045 3663 4102 ἀλλ’
3708 4047 3851 4121 ἀμφὶ

2209 4133 2355 4186 ταῦτ’
2387 4129 2618 4206 ἔχοντας
2664 4131 2853 4204 μόνον,
2878 4129 3022 4194 ’ίδοις
3053 4132 3112 4187 ἂν
3164 4133 3351 4206 ἀλόγῳ
3395 4134 3574 4209 θράσει
3614 4137 3852 4209 χρωμέ-

2210 4241 2335 4282 νους
2382 4221 2636 4295 καὶπερὶ
2691 4220 2896 4296 βουλὰς
2951 4243 3009 4277 τε
3064 4221 3154 4277 καὶ
3211 4224 3427 4295 πράξεις
3479 4227 3575 4279 τοῦ
3634 4221 3854 4286 δέοντος

2213 4310 2560 4385 ὑστεροῦντας
2591 4329 2602 4340 ·
2656 4309 2704 4380 ἐξ
2747 4311 2820 4366 ὧν
2872 4311 2946 4373 ὡς
3001 4312 3070 4366 τά
3123 4309 3308 4367 πολλὰ
3367 4310 3703 4391 σφάλλεσθαι
3761 4312 3850 4368 καὶ

2209 4401 2458 4454 νικᾶσθαι
2505 4393 2784 4472 ξυμϐαίνει
2821 4421 2833 4433 ·
2894 4401 2937 4454 εἰ
2996 4397 3053 4456 δὲ
3094 4402 3186 4456 καὶ
3241 4403 3536 4476 κατορθοῦν
3597 4400 3848 4477 ἔχουσιν,

2209 4487 2354 4544 ἆλλά
2416 4494 2599 4562 μεῖζον
2649 4488 2708 4544 ἂν
2767 4489 2834 4558 ἧν
2895 4490 3078 4551 αὐτοῖς
3130 4491 3658 4565 παρεσκευασμένοις
3716 4492 3850 4548 ἐκεί-

2127 4584 2176 4650 D
2207 4600 2334 4641 νως.
2385 4579 2456 4633 Τὸ
2502 4577 2559 4633 δὲ
2605 4586 2703 4647 τῆς
2764 4577 3070 4654 Εὐρυδίκης
3123 4579 3213 4635 καὶ
3267 4586 3448 4654 μεῖζον
3494 4580 3761 4656 ἀτεχνῶς,
3811 4584 3846 4653 ἢ

2208 4666 2344 4722 ὥστε
2395 4668 2686 4742 θαυμάζειν
2737 4662 2882 4742 ἔχειν
2929 4668 3112 4738 ἀξίως,
3169 4672 3243 4741 μή
3293 4669 3346 4725 τί
3395 4690 3458 4744 γε
3511 4669 3601 4724 καὶ
3655 4676 3842 4744 μιμεῖ-

2207 4759 2376 4811 σθαι·
2439 4755 2655 4832 λέγεται
2712 4757 2816 4832 γάρ
2874 4757 2949 4820 ὡς
3006 4756 3195 4827 ἐπειδὴ
3255 4758 3596 4836 φιλοτεχνίας
3667 4760 3842 4822 οὕτως

2200 4847 2368 4925 εἶχεν,
2433 4847 2508 4909 ὡς
2554 4850 2644 4902 καί
2695 4848 2882 4925 σοφίαν
2941 4854 3057 4912 ταῖς
3107 4851 3282 4904 αὐτῶν
3341 4849 3567 4904 ἐνθεῖναι
3628 4853 3836 4924 ψυχαῖς

2198 4936 2320 5009 περὶ
2352 4935 2611 4992 πλείστου
2659 4939 2952 5009 ποιεῖσθαι,
2983 4933 3243 4994 ἐϐούλετο
3278 4941 3372 5010 μὲν
3419 4939 3481 4993 οὐ
3527 4935 3840 5009 διδάξασθαι

2196 5027 2443 5090 τούτους,
2476 5025 2602 5082 ἀλλ’
2644 5024 2779 5095 αἰ)τή
2814 5025 2992 5097 δήπου
3021 5027 3087 5082 τὰ
3133 5032 3360 5083 τοιαῦτα
3399 5025 3606 5100 διδάξαι
3640 5045 3653 5057 ·
3692 5029 3842 5100 ἀμή-

2198 5134 2366 5188 χανον
2427 5112 2484 5169 δὲ
2536 5117 2868 5171 παντάπασιν
2919 5116 2985 5184 ἦν
3061 5113 3339 5189 Ἰλλυρίδα
3396 5115 3484 5171 καὶ
3565 5110 3837 5191 βάρϐαρον

2199 5202 2386 5275 οὖσαν,
2441 5203 2540 5278 ὀψὶ
2582 5207 2680 5269 τῆς
2727 5205 2952 5274 ἡλικίας
2994 5206 3159 5281 ἧφθαι
3209 5201 3453 5267 παιδείας
3490 5223 3502 5235 ’
3557 5205 3644 5260 καὶ
3695 5205 3838 5260 οὕτω

2199 5295 2260 5347 τὸ
2319 5291 2756 5366 σπουδαζόμενον
2830 5292 3081 5350 κάλλιστ’
3155 5294 3360 5364 ἀνῦσαι,
3419 5294 3493 5355 ὡς
3568 5293 3662 5348 καὶ
3718 5300 3836 5356 ταῖς

2204 5382 2432 5454 μούσαις
2481 5385 2631 5438 ταῦτ’
2679 5384 2948 5439 ἀναθεῖναι
2997 5385 3063 5440 τά
3115 5382 3245 5454 ἔπη,
3298 5385 3437 5458 ὁμοῦ
3495 5383 3592 5456 μὶν
3649 5384 3837 5445 αὐταῖς

2198 5473 2360 5546 χάριν
2393 5469 2588 5544 εἰδυῖα,
2621 5473 2762 5548 ὁμοῦ
2793 5471 2851 5528 δὲ
2897 5473 2988 5528 καὶ
3026 5472 3407 5547 προτρέπουσα
3451 5471 3578 5535 τοὺς
3631 5472 3838 5535 ἄλλους

2195 5566 2368 5616 πᾶσαν
2403 5562 2536 5638 ὑπὲρ
2567 5566 2673 5619 τῶν
2705 5561 2911 5622 παίδων
2943 5561 3205 5642 εἰσοέρειν
3237 5559 3497 5632 σπουδήν.
