4096 6284
222 415 327 474 541

218 543 559 616 Εὐρυδίκη
604 545 1114 614 Ὶεραπολιῆτις
1159 544 1336 600 τόνδ’
1376 546 1657 616 ἀνέθηκε

279 618 612 687 Μούσαις,
655 616 922 672 εὕϊστον
963 621 1043 690 ψυ
1175 617 1420 672 ἑλοῦσα
1465 617 1690 672 πόθον.

279 636 1690 744 πάμματαγὰο.μνημεῖαχλόγων.μήτηονεη

217 690 750 775 Γρ-άμματαχξιρ,
773 695 1066 775 μνημεῖια
1089 690 1520 775 λό’γων,μήτ¹η
1541 694 1872 775 ργεγαυῖα

289 756 552 815 Παίνδων
595 756 938 828 ἧϐὤντων,
981 756 1355 832 ἐξεπόνησε
1386 756 1617 832 μαθεῖν
1657 756 1755 833 (ἶ).

290 897 387 956 κδ’.
424 904 547 956 "Et:
578 903 754 956 τοίνυν
799 900 1100 977 φυλακτέον
1150 903 1277 973 ὑμῖν
1329 900 1442 955 ἐστὶ
1491 903 1690 963 παντὸς
1739 901 1874 974 μᾶλ-

230 992 336 1060 λον,
376 993 454 1062 μὴ
506 989 711 1060 λάθητε
758 992 884 1051 τοὺς
930 987 1126 1052 παῖδας
1175 991 1260 1052 οἷς
1299 989 1398 1045 οὐκ
1441 989 1612 1065 ἐχρῆν
1658 989 1872 1064 ἐπιτρέ-

225 1084 409 1153 ψαντες
476 1086 795 1156 σοφισταῖς·
855 1079 984 1135 ἀλλ’
1042 1079 1195 1154 εἶπερ
1267 1080 1442 1134 αὐτῶν
1511 1082 1636 1153 ὑμῖν
1719 1079 1872 1152 μέλει

227 1172 365 1231 ὅπως
419 1171 551 1231 τούς
600 1191 658 1224 τε
708 1169 904 1245 λόγους
952 1172 1053 1240 τήν
1101 1191 1158 1224 τε
1208 1171 1392 1243 ψυχὴν
1447 1165 1654 1224 ἔσονται
1692 1167 1876 1243 βέλτι-

227 1279 360 1325 στοι,
393 1261 486 1313 καὶ
522 1258 937 1320 λυσιτελοῦντες
971 1259 1118 1336 σφίσι
1153 1280 1211 1313 τε
1239 1257 1426 1320 αὐτοῖς
1473 1260 1561 1312 καὶ
1615 1265 1729 1320 τοῖς
1777 1257 1875 1313 ἄλο

227 1346 362 1416 λοις,
395 1342 645 1402 ἔστωσαν
678 1350 852 1417 οὗτοι,
886 1348 946 1402 οὐ
988 1345 1260 1402 παιδεύειν
1305 1348 1398 1422 μὲν
1447 1347 1664 1422 ἁγαθοὶ,
1699 1349 1876 1401 σκαιοί

224 1433 266 1490 δ’
322 1437 518 1499 ἄλλως
578 1438 668 1493 καὶ
727 1438 1074 1516 διεφθορότες
1137 1438 1262 1501 τοὺς
1322 1439 1579 1512 τρόπους,
1642 1436 1754 1492 οὐδ’
1812 1435 1876 1490 αὖ

223 1528 454 1600 χρηστοὶ
493 1529 592 1599 μέν
623 1527 711 1582 καὶ
743 1527 1026 1596 ἐπιεικεῖς,
1065 1529 1168 1581 ὑπὸ
1201 1524 1259 1582 δὲ
1303 1527 1652 1605 φαυλότητος
1697 1525 1877 1600 λόγων

226 1615 620 1688 λυμαινόμενοι
684 1614 862 1686 δήπου
914 1622 1029 1678 τοῖς
1087 1619 1268 1678 νέοις⁶
1323 1616 1448 1670 ἀλλ’
1500 1615 1592 1675 οὓς
1652 1610 1875 1675 ἅπαντες

225 1703 364 1758 ἴσασι
415 1706 510 1759 καὶ
565 1705 744 1780 λόγων
792 1707 950 1780 ἰσχὺν
999 1707 1088 1760 καὶ
1139 1707 1258 1779 βίον
1302 1703 1656 1775 κατάλληλον
1688 1725 1877 1773 κεκτη-

230 1796 416 1864 μένους
447 1800 570 1857 τοῖς
603 1793 798 1870 λόγοις
824 1815 834 1825 ·
864 1795 953 1848 καὶ
987 1795 1089 1849 οὐκ
1131 1794 1189 1848 ἂν
1241 1792 1428 1858 ἄλλως
1477 1792 1565 1862 ε⁹ἱη
1615 1795 1876 1868 γενέσθαι,

225 1885 307 1936 καὶ
357 1885 432 1944 ὡς
483 1884 600 1958 οὐχ
646 1885 779 1958 ὑπὲρ
826 1889 932 1939 τῶν
975 1881 1184 1939 παίδων
1221 1882 1436 1954 μᾶλλον
1471 1882 1504 1950 ἢ
1541 1883 1673 1955 ὑπὲρ
1723 1883 1876 1954 ὑμῶν
1911 1917 1956 1979 Β

231 1972 394 2026 αὐτῶν
458 1975 554 2028 καὶ
607 1973 823 2048 προσέτ’
882 1975 1060 2028 αὐτῶν
1136 1969 1499 2042 διδασκάλων,
1551 1971 1762 2046 γνοίητ’
1819 1969 1877 2024 ἃν

233 2060 344 2117 ὡδί.
381 2064 447 2119 Εἰ
514 2064 622 2138 γὰρ
664 2064 730 2117 τὰ
781 2065 876 2135 μὲν
928 2068 1116 2134 πρῶτα
1164 2066 1268 2115 τῶν
1323 2062 1663 2134 μαθημάτων
1716 2058 1873 2114 δυνά-

237 2175 349 2224 μεις
391 2153 535 2208 εἰσὶν
596 2153 849 2229 ἑκατέρου
902 2155 1053 2228 βίου,
1083 2154 1171 2207 καὶ
1221 2155 1336 2206 οἷον
1389 2150 1663 2212 ὑποθέσεις
1696 2149 1873 2219 δήτι-

235 2263 312 2304 νες
361 2243 454 2298 καὶ
507 2242 841 2313 παρασκευαὶ
890 2246 986 2296 τοῦ
1031 2242 1164 2315 πρὸς
1215 2241 1413 2315 ἀρετὴν
1443 2241 1477 2310 ἢ
1510 2240 1698 2295 κακίαν
1729 2239 1877 2302 ὅπως

233 2330 286 2384 ἂν
333 2332 496 2407 τύχοι
560 2338 834 2406 χωρῆσαι,
858 2335 952 2393 τὰς
1005 2327 1060 2385 δὲ
1102 2336 1210 2385 τῶν
1249 2331 1378 2384 νέων
1413 2331 1594 2404 ψυχὰς
1638 2329 1876 2402 μάλιστα

237 2421 322 2492 μὶν
380 2424 469 2476 καὶ
538 2418 626 2475 δια
683 2422 742 2474 τὸ
774 2425 950 2494 κηροῦ
1001 2417 1154 2488 δίκην
1202 2417 1558 2492 ἁπαλωτέρας
1617 2418 1751 2473 εἶναι
1797 2423 1878 2488 τῷ

237 2512 429 2584 χρόνῳ,
466 2509 581 2585 οὔχ
611 2511 807 2579 ἥκιστα
841 2508 897 2564 δὲ
926 2509 1015 2564 καὶ
1046 2508 1134 2565 διὰ
1165 2511 1222 2564 τὸ
1268 2507 1737 2582 μηδουστινασοῦν
1789 2530 1876 2562 πω

237 2606 336 2654 τῶν
366 2602 622 2656 ἐναντίων
671 2609 991 2676 χαρακτῆρα
1042 2597 1315 2673 δεδέχθαι,
1349 2599 1491 2654 οὕτω
1526 2599 1622 2672 μὶν
1667 2595 1876 2673 ρᾳδίας,

247 2691 375 2744 οὕτω
421 2689 466 2745 δ’
521 2691 599 2754 εἰς
661 2687 944 2765 ὑποδοχήν
993 2690 1246 2762 ἑτοίμους
1295 2690 1430 2744 εἶναι
1465 2683 1770 2760 ξυμϐαίνει,
1801 2688 1875 2748 ὡς

255 2779 390 2840 εὐθὺς
449 2781 672 2842 τούτοις
732 2779 1031 2854 ἐνίσχεσθαι
1087 2781 1173 2833 καὶ
1232 2778 1556 2854 παραμένειν
1619 2777 1693 2837 εἷς
1739 2778 1875 2831 ἅπαν

264 2865 467 2938 εὔδηλον
533 2872 608 2932 ὡς
679 2869 768 2924 ἐὰν
835 2871 926 2940 μὲν
993 2871 1179 2928 αὐτοῖς
1239 2868 1454 2941 χρηστά
1509 2868 1875 2940 προσαγάγῃς,

266 2959 510 3034 χρηστοὺς
569 2958 775 3015 ἔσεσθαί
840 2981 925 3012 σοι
982 2959 1070 3012 καὶ
1127 2958 1410 3017 τοιούτους
1460 2954 1758 3030 προσδόκα,
1791 2954 1877 3008 καί

260 3067 328 3102 σοι
373 3047 528 3120 δόξαν
572 3049 684 3124 οὐχ
725 3052 886 3117 ἦττον
934 3050 1190 3124 φέροντας
1215 3065 1229 3079 ⁸
1265 3046 1353 3102 ἐὰν
1404 3044 1461 3102 δὶ
1491 3048 1590 3118 μή,
1620 3053 1719 3114 τῆς
1753 3047 1872 3120 περὶ

250 3142 398 3193 ταῦτα
441 3137 773 3214 διαμαρτίας
825 3138 980 3198 αὐτὸς
1044 3136 1104 3190 σὺ
1164 3137 1356 3191 ταυτὸν
1423 3136 1618 3190 αἰτιῶ·
1675 3135 1763 3189 καὶ
1815 3137 1876 3188 σὺ

245 3226 441 3296 μᾶλλον
479 3228 677 3289 δώσεις
705 3229 803 3296 τήν
837 3224 991 3295 δίκην
1040 3227 1116 3297 μή
1164 3225 1502 3298 θαυμαστούς
1549 3245 1698 3286 τινας
1745 3225 1872 3278 τού-

241 3338 353 3378 τους
400 3318 702 3388 ἐπιστήσας
754 3316 878 3378 τοὺς
935 3316 1197 3376 πλάστας.
1233 3317 1379 3387 Ἐξὸν
1440 3313 1532 3368 οὖν
1582 3315 1669 3368 καὶ
1719 3311 1873 3367 παιδί

239 3408 321 3460 καὶ
368 3411 555 3478 σαυτῷ
606 3405 676 3460 δι’
707 3407 776 3460 ὧν
831 3405 963 3483 ἔφην
1012 3407 1074 3459 τὰ
1135 3405 1391 3478 βέλτιστα
1440 3405 1750 3481 χρήσασθαι
1795 3401 1884 3457 καί

242 3497 368 3570 μέγα
416 3496 828 3569 παρασκευάσαι
881 3499 1117 3572 φρονεῖν,
1171 3494 1265 3547 εἶτ’
1315 3491 1422 3566 οὐχ
1475 3492 1711 3564 alcidem;
1763 3494 1887 3545 Ὅτε

237 3585 331 3658 γάρ
390 3583 526 3640 οὐδὲ
580 3589 693 3647 τοῖς
751 3588 983 3658 τυχοῦσι
1042 3589 1150 3638 τῶν
1211 3581 1395 3654 μύθων
1427 3589 1562 3654 πρὸς
1593 3581 1659 3634 τὰ
1698 3576 1888 3634 παιδία

243 3677 545 3748 κεχρῆσθαι
605 3673 830 3728 Πλάτων
886 3673 980 3735 τὰς
1036 3671 1215 3733 τίτθας
1276 3669 1355 3741 έᾷ,
1387 3668 1474 3724 διὰ
1532 3670 1593 3724 τὸ
1648 3670 1722 3742 μὴ
1773 3673 1892 3732 τοῖς

243 3763 465 3838 φαύλοις
532 3762 765 3837 έξαρχῆς
825 3761 1134 3830 ἐνειθίσθαι,
1175 3760 1234 3822 ὅς
1289 3781 1350 3835 γε
1396 3756 1522 3814 οὐδὲ
1582 3754 1890 3834 βαρϐάρους

246 3851 366 3907 ἀλλ’
398 3849 736 3923 Ἑλληνίδας
786 3850 984 3912 ταύτας
1033 3850 1168 3905 εἶναι
1215 3848 1448 3919 κελεύει,
1481 3849 1626 3916 ἦπου
1675 3853 1781 3902 τῶν
1828 3868 1890 3922 γε

248 3941 550 3998 παιδευτῶν
602 3946 718 4005 τοῖς
769 3944 830 3996 ού
879 3940 1062 4000 καλῶς
1113 3938 1303 4018 ἔχουσι
1353 3939 1478 4000 τοὺς
1510 3939 1646 4001 υἱεῖς
1679 3936 1886 4012 ἐπιτρέ-

249 4052 358 4086 πειν
413 4037 526 4087 τῶν
587 4029 953 4086 ἀτοπωτάτων
1014 4028 1072 4083 ἂν
1131 4027 1259 4099 ε’ἰη·
1320 4029 1433 4103 χρή
1491 4027 1592 4102 γάρ
1643 4025 1780 4081 κατᾶ
1828 4026 1889 4080 τὸ

247 4118 368 4184 ὲπος
403 4147 430 4175 ιι
463 4117 616 4176 παῖδ’
649 4115 722 4175 ἔτ’
751 4120 906 4175 ἐόντα
936 4119 1075 4174 καλὰ
1117 4115 1456 4190 διδασκέμεν.
1494 4141 1521 4166 ››
1563 4114 1734 4171 Ἀλλᾶ
1783 4116 1890 4189 μὴν

250 4209 332 4263 καὶ
390 4216 516 4273 τοῖς
573 4206 919 4264 διδάσκουσιν
979 4209 1166 4272 αὐτοῖς
1225 4205 1329 4282 οὐχ
1371 4206 1498 4261 ὅσον
1550 4204 1626 4268 εἷς
1675 4199 1891 4260 ἔπαινον

246 4302 385 4372 φέρει
476 4301 570 4354 καὶ
646 4297 836 4373 κέρδος
896 4321 921 4353 ι
984 4297 1170 4370 μύθων
1240 4317 1298 4351 τε
1361 4295 1604 4371 ῥητῆρας
1661 4289 1890 4366 ἔμμεναι

246 4387 558 4462 πρηκτῆράς
619 4390 667 4442 τ’
716 4381 924 4463 ἔργων·
991 4410 1018 4437 n
1080 4385 1226 4441 ἀλλὰ
1292 4386 1382 4439 καὶ
1469 4388 1610 4438 πᾶσα
1683 4381 1888 4458 ἂνάγκη

246 4479 526 4538 τοιούτους
577 4474 644 4546 δή
690 4497 835 4538 τινας
875 4475 1069 4538 αὐτοὺς
1127 4475 1282 4546 εἶναι,
1317 4474 1349 4542 ἢ
1404 4471 1636 4546 μηδενὸς
1682 4471 1745 4525 τὸ
1786 4493 1890 4526 πα-

249 4565 408 4637 ράπαν
457 4567 641 4639 ἀξίους
701 4566 857 4635 εἶναι,
895 4564 1024 4639 μηδ’
1073 4561 1285 4619 ἀκούειν
1337 4563 1483 4624 ὅλως
1532 4563 1561 4616 ’ὀ
1609 4561 1890 4635 προῄρην-

249 4653 330 4708 ταί
383 4677 442 4711 τε
501 4654 591 4709 καὶ
653 4653 930 4729 λέγονται.
969 4656 1130 4709 Ὅταν
1182 4653 1283 4728 γὰρ
1335 4652 1484 4706 τουτὶ
1537 4647 1624 4704 διὰ
1679 4651 1893 4703 πάντων
1925 4646 1971 4710 D

250 4746 515 4818 κρατήσῃ,
577 4745 652 4807 ὡς
723 4743 906 4816 μόνοις
962 4739 1138 4814 δήπου
1189 4747 1306 4802 τοῖς
1364 4739 1529 4818 ἄμφω
1583 4737 1892 4814 κρατίστοις

249 4828 423 4887 δοτέον
483 4833 597 4888 ἐστὶ
665 4833 790 4895 τοὺς
850 4830 1068 4902 παῖδας,
1128 4832 1447 4902 αἳρήσονται
1518 4827 1608 4882 καὶ
1675 4825 1895 4888 ἄκοντες

254 4918 420 4992 οὗτοι,
471 4921 668 4996 ἐάνπερ
729 4921 828 4976 οὐκ
881 4922 1005 4990 ὦσι,
1039 4925 1280 4975 τοιοῦτοι
1341 4916 1406 4989 δή
1468 4937 1608 4978 τινες
1667 4921 1896 4992 γεγενῆ-

252 5010 364 5063 σθαι
413 5011 508 5066 καὶ
577 5015 750 5065 πᾶσαν
813 5011 944 5084 ὑπὲρ
999 5010 1172 5065 αὐτοῦ
1226 5009 1424 5064 τούτου
1483 5003 1724 5074 σπουδὴν
1785 5003 1893 5059 εἱσ-

253 5097 472 5175 ενέγκαι,
532 5097 736 5163 εἰδότες
796 5101 872 5164 ὡς
929 5097 1084 5155 οὐδὲν
1139 5099 1324 5160 αὐτοῖς
1385 5097 1530 5152 ἔσται
1591 5093 1757 5150 πλέον
1817 5094 1892 5164 μή

251 5187 408 5260 ταύτῃ
464 5187 864 5263 διακειμένοιςο
926 5186 1066 5244 ὥστε
1141 5187 1230 5241 καὶ
1311 5186 1360 5256 ἐξ
1441 5187 1514 5240 ὧν
1578 5182 1892 5258 βελτίστους

257 5274 421 5340 οὕτως
474 5274 614 5350 ἕξετε
678 5279 804 5340 τοὺς
881 5278 1036 5347 υἱεῖς,
1095 5278 1184 5332 καὶ
1243 5275 1293 5348 ἐξ
1352 5276 1426 5330 ὧν
1488 5275 1675 5334 αὐτοῖς
1738 5272 1894 5344 ὑμεῖς

257 5368 665 5438 συνησθήσεσθε,
706 5366 799 5421 καὶ
847 5367 932 5427 οἷς
979 5370 1095 5427 τοῖς
1135 5361 1479 5419 διδάσκουσιν
1513 5363 1690 5426 οὕτως
1719 5355 1892 5434 ἔχου-

259 5473 334 5509 σιν
367 5456 554 5512 ἅπανθ’
581 5454 684 5526 "sEst
717 5454 922 5527 καλῶς,
952 5455 1043 5510 καὶ
1096 5456 1180 5516 οῖς
1231 5453 1276 5509 εἰ
1330 5453 1406 5527 μή
1455 5451 1626 5514 οὕτως
1671 5446 1889 5526 ἔχουσιν

1230 415 1519 476 ORATIO
1564 415 1666 475 DE
1710 413 2211 482 SUBDITORUI
2258 417 2608 481 OFFICIIS.

1898 554 1945 616 Α
2050 551 2321 624 Eurydice
2379 550 2784 620 Hieropolitana
2845 550 3003 605 hosce
3085 565 3268 605 versu:
3346 551 3621 605 consecrat

1977 640 2150 695 musis
2179 658 2197 694 :
2229 637 2313 696 Ea:
2332 639 2602 696 laudabili
2633 639 2899 694 desiderio
2939 639 3177 706 litteras,
3208 637 3475 693 orationi:
3493 638 3622 705 fun-

1980 725 2242 782 damcnla
2271 744 2382 781 una
2413 743 2532 782 cum
2563 728 2714 780 natis
2752 725 2994 780 edidicit.

3497 414 3618 474 542

2052 908 2141 960 24.
2178 905 2320 962 Illud
2357 912 2674 980 praesertim
2708 909 3026 964 cavendum
3049 913 3156 976 est,
3194 923 3306 963 non
3338 907 3625 976 scphista-

1984 1027 2111 1069 rum
2145 1014 2359 1070 scholis
2393 1016 2543 1070 ﬁlios
2573 1016 3048 1080 committamus;
3082 1018 3142 1069 at
3169 1016 3219 1069 si
3265 1013 3434 1068 nobis
3461 1013 3624 1068 cordi

1983 1125 2070 1176 est
2101 1127 2165 1175 nt
2189 1121 2254 1176 in
2283 1121 2491 1176 litteris
2522 1139 2588 1176 ac
2645 1122 2906 1178 moribus
2936 1137 3102 1191 quam
3167 1119 3417 1175 maxime
3448 1119 3626 1190 proﬂ-

1985 1229 2162 1295 ciant,
2195 1234 2254 1284 et
2283 1229 2393 1284 sibi
2443 1233 2499 1284 et
2529 1228 2659 1284 aliis
2717 1244 2891 1300 quam
2952 1228 3250 1283 utilissimi
3285 1227 3445 1288 fiant.
3481 1239 3626 1298 pre-

1983 1340 2244 1408 ceptores
2276 1352 2390 1391 non
2422 1335 2460 1391 ii
2493 1341 2801 1392 sumantur
2831 1337 2929 1408 qui
2964 1336 3108 1391 bene
3137 1335 3374 1406 quidem
3404 1333 3627 1390 litteras

1985 1446 2214 1513 docent,
2265 1445 2453 1516 pravis
2511 1451 2706 1500 autem
2764 1449 2920 1510 sunt,
2978 1444 3272 1511 moribus;
3333 1449 3436 1499 aut
3489 1443 3628 1498 dum

1988 1553 2177 1623 quoad
2209 1553 2615 1622 moresintegri
2639 1558 2798 1619 sunt,
2830 1567 3035 1616 parum
3058 1552 3254 1607 idonei
3276 1552 3346 1606 ad
3369 1551 3632 1622 discipli-

1988 1677 2122 1718 nam
2179 1661 2642 1718 adolescentibus
2685 1662 3049 1729 tradendam,
3095 1663 3214 1717 imo
3271 1663 3310 1716 ii
3378 1661 3630 1734 eligendi

1988 1774 2158 1824 erunt
2179 1786 2428 1842 quorum
2459 1771 2782 1826 doctrinam
2815 1769 3078 1826 moribus
3110 1769 3461 1841 respondere
3491 1785 3633 1824 oon-

1989 1884 2134 1945 stat;
2168 1879 2252 1934 sic
2283 1882 2439 1934 enim
2468 1884 2524 1934 et
2554 1877 2880 1949 discipulis,
2914 1885 2972 1934 et
3029 1877 3194 1932 nobis
3225 1882 3282 1933 et
3339 1876 3629 1949 magistris

1989 1985 2132 2041 bene
2164 1987 2498 2042 consultum
2529 1987 2659 2042 erit.
2693 1987 2754 2042 Si
2784 1988 2940 2041 enim
2967 1987 3242 2041 doctrinas
3272 1985 3541 2057 primitias
3563 2002 3628 2040 ac

1987 2095 2371 2150 fundamenta
2393 2099 2700 2165 utramque
2729 2097 2907 2150 vitam
2929 2099 3263 2150 sustentant
3285 2102 3341 2150 et
3359 2096 3630 2152 virtutem

1988 2207 2088 2256 aut
2119 2201 2258 2256 vitia
2313 2202 2525 2270 fovent,
2586 2203 2640 2257 id
2692 2219 2806 2258 non
2855 2208 2944 2258 est
2992 2203 3452 2259 obliviscendum
3483 2204 3632 2274 quod

1987 2326 2298 2381 puerorum
2332 2311 2513 2366 animi
2555 2327 2744 2366 ceram
2799 2311 3039 2368 mollitie
3087 2320 3316 2384 equant
3365 2315 3420 2368 et
3464 2311 3630 2368 facile

1987 2416 2412 2472 conviventium
2447 2418 2759 2490 imaginem
2791 2425 2847 2474 et
2875 2421 3206 2492 exemplum
3240 2421 3546 2476 imitantur
3573 2424 3632 2476 et

1987 2523 2234 2580 ﬁdeliter
2262 2525 2612 2596 exprimunt.
2647 2525 2793 2582 Hinc
2823 2533 2975 2598 patet
2999 2529 3153 2599 quod
3187 2527 3235 2583 si
3255 2528 3453 2584 istbac
3475 2529 3631 2583 bona

1987 2637 2147 2700 sunt,
2182 2634 2317 2688 boni
2349 2640 2407 2690 et
2437 2634 2546 2705 ipsi
2600 2640 2791 2699 erunt,
2822 2644 2876 2690 et
2933 2641 3093 2692 tuam
3144 2637 3326 2708 ipsius
3383 2636 3628 2710 gloriam

1988 2734 2302 2804 augebunt.
2325 2736 2424 2790 Sin
2457 2735 2652 2791 minus
2679 2735 2875 2792 laetum
2911 2737 3162 2792 fructum
3193 2738 3328 2794 inde
3360 2736 3626 2809 percipis,

1989 2839 2186 2912 teipse
2208 2846 2475 2897 accusato
2497 2841 2598 2913 qui
2623 2842 2816 2898 minus
2828 2843 3008 2899 bonos
3033 2849 3408 2916 praeceptores
3427 2843 3626 2899 liberis

1987 2951 2105 3008 tuis
2138 2952 2467 3024 prafeoisti.
2503 2954 2663 3021 Quod
2695 2954 2742 3009 si
2801 2958 2859 3009 et
2917 2954 3018 3010 tibi
3069 2961 3127 3012 et
3169 2954 3628 3012 adolescentibus

1987 3079 2142 3118 nunc
2175 3061 2536 3134 potissimum
2555 3069 2812 3134 tempore
2829 3080 2918 3118 res
2941 3068 3262 3134 precantes
3285 3064 3340 3118 in
3371 3067 3625 3120 vestrum

1991 3174 2319 3225 convertere
2374 3172 2744 3227 commodum
2797 3171 2950 3237 licet,
2983 3186 3089 3227 cur
3145 3187 3261 3226 non
3318 3172 3625 3230 consilium

1905 3272 1947 3337 C
1987 3293 2219 3350 equum
2251 3277 2500 3349 capitis?
2527 3278 2677 3334 Dum
2709 3277 2871 3334 Plato
2928 3279 3198 3351 prohibet
3253 3296 3324 3334 ne
3379 3279 3631 3337 nutrices

1995 3403 2226 3457 teneros
2253 3400 2567 3457 infantium
2579 3399 2808 3455 animos
2832 3398 3102 3456 absurdis
3125 3398 3350 3456 fabellis
3371 3398 3638 3456 imbuant

1997 3521 2070 3562 ne
2101 3507 2186 3563 sic
2225 3507 2513 3564 malarum
2575 3523 2770 3563 rerum
2835 3507 3098 3578 germina
3154 3511 3445 3573 serantur,
3475 3513 3534 3562 et
3588 3507 3640 3563 si

1997 3631 2131 3670 eum
2157 3615 2216 3670 in
2251 3615 2424 3671 ﬁnem
2459 3617 2690 3672 Graecae
2712 3631 2828 3685 sas,
2849 3632 2963 3672 non
2990 3615 3276 3672 Barbarae
3296 3615 3466 3683 jubet
3488 3631 3639 3679 esse,

1999 3732 2147 3788 nihil
2181 3749 2321 3788 sane
2347 3732 2664 3788 absurdius
2695 3736 2785 3788 est
2813 3748 2988 3805 quam
3046 3731 3196 3790 ﬁlios
3249 3737 3477 3791 nostros
3519 3749 3643 3790 ma-

1998 3839 2195 3912 gistris
2245 3840 2568 3911 rcprobatis
2611 3841 2918 3896 confidere.
2964 3839 3132 3908 Nam,
3169 3844 3230 3896 ut
3257 3845 3348 3897 est
3401 3842 3460 3897 in
3510 3858 3644 3912 pro-

2001 3948 2216 4015 verbio,
2269 3949 2326 4002 in
2387 3955 2581 4004 tenera
2636 3953 2799 4004 aetate
2837 3947 3100 4005 animum
3150 3949 3412 4007 honestis
3468 3951 3642 4007 rebus

1999 4057 2361 4113 assuefacere
2375 4061 2618 4128 oportet,
2643 4058 2791 4114 sicut
2810 4059 3284 4130 pratceptorihus
3303 4074 3420 4114 non
3435 4075 3643 4130 parum

1999 4161 2155 4218 laudi
2182 4170 2265 4218 est
2295 4163 2570 4219 doctrinas
2601 4163 3047 4219 concordantem
3078 4165 3282 4233 degere
3305 4164 3508 4230 vitam,
3533 4163 3644 4219 nisi

2000 4269 2060 4326 in
2090 4269 2354 4327 omnium
2382 4274 2780 4343 contemptum
2812 4271 3016 4327 cadere
3060 4271 3283 4327 volunt.
3334 4271 3437 4327 His
3468 4271 3646 4343 igitur

1998 4375 2434 4434 conditionibus
2464 4376 2696 4448 Optimis
2719 4393 2945 4448 semper
2995 4378 3282 4450 magistris
3306 4379 3468 4449 pueri
3499 4381 3643 4434 edu-

1999 4483 2173 4539 candi
2205 4483 2516 4548 dabuntur,
2549 4483 2650 4554 qui
2672 4485 3104 4540 educandorum
3128 4501 3321 4542 curam
3345 4485 3644 4542 habebunt

2000 4606 2129 4647 eam
2160 4606 2286 4662 quas
2317 4591 2542 4646 fructus
2573 4593 2720 4648 ferat
2745 4594 2955 4663 justos.
2989 4594 3074 4650 lta
3103 4595 3203 4651 ﬂet
3231 4599 3296 4650 ut
3335 4595 3441 4649 ﬁlii
3470 4594 3644 4650 vestri

2005 4698 2229 4754 favente
2257 4698 2514 4755 Minerva
2545 4699 2655 4755 leti
2675 4708 3010 4772 augescant,
3041 4707 3100 4758 et
3129 4708 3192 4758 ut
3229 4702 3456 4774 vosipsi
3481 4701 3645 4758 vobis

2004 4806 2496 4877 congratulemini
2518 4807 2734 4864 talibus
2763 4808 2938 4865 vitam
2969 4810 3224 4876 dedisse,
3246 4815 3305 4867 et
3335 4815 3398 4867 ut
3428 4825 3644 4881 prace-

2000 4917 2194 4985 ptores
2227 4914 2493 4971 laborum
2523 4932 2766 4972 suorum
2800 4917 3124 4974 mercedem
3147 4917 3419 4974 auferant
3451 4923 3509 4974 et
3528 4917 3644 4975 lau-

1999 5018 2174 5074 dibus
2198 5019 2482 5076 cumulati
2504 5021 2561 5076 id
2587 5038 2766 5077 unum
2790 5027 2967 5094 agant
2991 5033 3049 5078 ut
3079 5023 3344 5080 alumnos
3366 5025 3557 5096 bonis,
3582 5030 3646 5080 ut

1998 5126 2140 5193 dixi,
2173 5127 2398 5184 artibus
2428 5129 2613 5199 adjuti
2644 5147 2818 5201 quam
2854 5133 3100 5187 maxime
3148 5131 3487 5203 provehunt.
3520 5133 3643 5190 Huc

1997 5234 2219 5290 accedit
2248 5237 2400 5306 quod
2429 5253 2545 5292 non
2576 5237 2808 5293 obvium
2860 5254 3272 5311 quemcunque
3325 5245 3642 5314 pracepto-

1997 5356 2118 5396 rem
2149 5340 2360 5414 eligere
2399 5343 2648 5415 expedit,
2708 5345 2804 5415 qui
2867 5345 3102 5402 nomine
3156 5351 3387 5404 tantum
3452 5352 3542 5404 est
3590 5353 3646 5405 et

1994 5449 2185 5521 specie
2211 5451 2465 5516 externa,
2499 5451 2714 5523 quippe
2744 5453 2840 5525 qui
2873 5454 3185 5526 prudentes
3224 5459 3280 5512 et
3309 5457 3474 5530 puris
3510 5473 3643 5515 mo—

327 5660 396 5730 (i)
428 5661 628 5719 Exstat
658 5662 764 5718 hoc
793 5661 1167 5732 epigramma
1186 5655 1336 5712 inter
1371 5655 1657 5727 Adespota
1689 5653 1748 5710 in
1779 5649 2055 5708 Brunckii
2113 5649 2404 5706 Analectis
2460 5650 2523 5707 T.
2589 5651 2683 5720 lli,
2738 5669 2793 5724 p.
2858 5655 2982 5724 183,
3039 5663 3345 5730 sumptum
3399 5676 3472 5717 ex
3511 5661 3644 5717 Plu-

265 5727 455 5792 tarcho
487 5732 565 5792 De
594 5727 920 5808 puerorum
941 5727 1301 5787 educatione.
