4096 6284
464 351 584 412 543

1767 344 2163 408 THEODULI
2206 347 2567 411 MONACHI

3743 351 3859 411 544

469 482 631 538 ribus
661 484 718 537 et
744 479 1056 536 virtutibus
1102 479 1285 535 ornati
1316 492 1443 534 esse
1500 478 1712 535 debent
1758 483 1823 534 ut
1848 493 1940 535 res
1980 480 2108 550 ipsa

2226 478 2332 555 οὐχ
2387 482 2517 556 ὅπερ
2576 477 2794 556 ἔχουσιν
2843 480 3039 551 ἕξουσι,
3099 482 3310 535 πάντων
3378 480 3557 537 ε’ίνεκα
3623 480 3860 538 σπουδα-

467 587 749 659 exposcit.
810 585 1095 657 Impedire
1141 584 1298 641 enim
1347 584 1660 655 quominus
1723 585 2115 641 adolescentes

468 695 637 750 {cedis
667 692 1012 749 libidinibus
1071 690 1413 763 indulgeant
1470 696 1525 745 et
1582 691 1652 747 ad
1711 692 1984 747 virtutem
2015 708 2114 747 eos

468 802 799 874 perducere,
860 801 1060 871 fugere
1105 799 1310 865 otium,
1369 797 1587 853 litteras
1658 805 1716 854 et
1772 804 1926 856 artes
1983 815 2114 855 vere

466 922 662 962 amare
690 912 749 963 et
777 907 974 962 studia
1020 905 1157 961 alea:
1213 909 1272 961 et
1327 905 1675 976 spectaculis
1742 911 2109 977 anteponere,

472 1030 588 1070 uno
617 1016 789 1071 verbo
821 1016 998 1070 rebus
1018 1012 1197 1069 salvis
1215 1013 1328 1068 frui
1357 1014 1424 1068 ab
1452 1014 1582 1069 istis
1613 1014 1842 1084 pendet.
1875 1015 2039 1080 Quod
2061 1015 2110 1070 si

465 1128 716 1190 utraque
771 1135 865 1176 res
896 1120 1084 1175 locum
1145 1118 1321 1174 habet
1368 1124 1426 1174 et
1479 1120 1728 1175 invicem
1777 1121 2109 1189 concordat,

465 1242 564 1281 vos
595 1226 830 1297 quidem
890 1225 1169 1281 omnibus
1227 1225 1491 1281 numeris
1547 1225 1798 1281 absoluti
1861 1226 1910 1280 si
1966 1227 2111 1282 estis

468 1332 722 1388 multum
756 1337 924 1388 natos
954 1331 1320 1388 honorabitis
1344 1351 1359 1401 ;
1383 1337 1640 1387 vestrum
1672 1334 1829 1388 enim
1860 1342 1945 1389 est
1966 1350 2111 1404 quo-

465 1442 611 1499 tidie
640 1443 810 1498 abiis
849 1444 1135 1498 rationem
1171 1458 1403 1513 poscere
1450 1458 1765 1514 eorumque
1818 1445 1970 1498 facta
2026 1443 2113 1498 in-

466 1550 777 1620 vestigare.
810 1548 973 1611 Quod
1014 1548 1114 1605 ubi
1146 1553 1414 1620 parentes
1443 1554 1501 1605 et
1559 1558 1935 1620 praceptores
1984 1550 2113 1605 ani-

470 1656 925 1722 madverterunt,
957 1671 1023 1711 eo
1054 1655 1355 1711 ardentius
1385 1657 1457 1710 ad
1506 1672 1653 1727 opus
1707 1656 2109 1727 accingentur.

471 1762 690 1832 Volupe
718 1761 874 1817 enim
904 1762 978 1818 iis
1020 1767 1111 1817 est
1165 1762 1530 1819 alumnorum
1585 1763 1878 1834 ingenium
1936 1781 2109 1821 orna-

472 1870 622 1927 visse
652 1878 710 1927 et
738 1869 1089 1937 illustrasse,
1121 1875 1427 1943 postquam
1458 1871 1571 1943 ipsi
1602 1872 1673 1927 ab
1702 1872 1907 1928 iisdem
1929 1872 2079 1928 initii

470 1976 688 2049 egressi
719 1985 875 2033 sunt.

542 2886 632 2940 25.
666 2886 795 2940 Haec
850 2886 1047 2940 eadem
1103 2900 1219 2940 non
1272 2884 1459 2940 solum
1516 2885 1587 2940 de
1648 2884 1876 2953 litteris,
1911 2886 2008 2941 sed
2041 2887 2114 2941 de

470 2992 747 3047 omnibus
776 2992 1002 3047 artibus
1030 2991 1178 3047 dico.
1208 2994 1325 3047 Vos
1373 2997 1567 3047 autem
1614 2996 1967 3048 mementote
1998 3010 2113 3049 non

470 3098 528 3154 in
561 3097 893 3153 divitiarum
926 3115 991 3154 ac
1023 3115 1197 3171 opum
1231 3100 1589 3155 abundantia
1612 3104 1668 3156 et
1696 3101 1853 3155 inani
1887 3101 2111 3173 gloria;

472 3205 571 3260 sed
606 3204 664 3259 in
696 3220 926 3261 morum
960 3205 1292 3275 integritate
1319 3210 1377 3261 et
1424 3206 1547 3261 vitae
1599 3205 1903 3262 sanctitate
1936 3205 2107 3261 tinem
2142 3221 2185 3288 ρ

473 3313 759 3369 bonorum
791 3312 967 3368 situm
1001 3329 1131 3369 esse
1187 3318 1245 3369 et
1301 3313 1372 3367 iis
1423 3314 1780 3386 propositum
1840 3318 1936 3382 qui
1984 3330 2115 3371 vere

472 3422 711 3494 sapiunt
739 3426 798 3478 et
825 3423 1095 3494 pietatem
1146 3423 1365 3479 colunt.
1430 3423 1578 3479 Illud
1624 3439 1756 3480 vero
1802 3424 2115 3497 voluptatis

472 3535 786 3587 sectatores
818 3539 951 3588 ante
988 3532 1187 3588 omnia
1242 3540 1566 3604 sequuntur
1611 3537 1669 3589 et
1698 3533 1993 3591 luxuriose
2023 3535 2118 3590 vi—

470 3641 632 3694 vant.
666 3638 828 3704 Quod
862 3638 911 3695 si
940 3638 1127 3695 virtus
1180 3639 1336 3694 vitiis
1368 3643 1622 3712 prastat,
1652 3645 1714 3695 ut
1770 3640 1964 3696 anima
1993 3658 2114 3697 cor-

474 3748 596 3819 pori
653 3762 885 3819 quoque
945 3748 1227 3818 superior,
1277 3752 1388 3817 est,
1448 3747 1671 3805 meliori
1730 3751 1909 3805 nostri
1969 3750 2118 3822 parti

477 3855 663 3924 major
718 3870 856 3911 cura
920 3856 1184 3911 debetur.
1240 3857 1375 3913 Ideo
1442 3858 1616 3912 Deum
1676 3858 1733 3913 in
1790 3857 2117 3913 actionibus

479 3961 693 4017 nostris
722 3962 1006 4030 colamus,
1042 3979 1144 4019 nec
1175 3963 1405 4020 divitias
1438 3966 1506 4019 ad
1539 3964 1863 4035 voluptates
1906 3966 2119 4021 absur-

474 4068 580 4124 dae
609 4067 1040 4139 impendamus,
1073 4074 1267 4142 utpote
1306 4088 1433 4142 quae
1481 4072 1855 4128 abutentibus
1882 4088 2115 4129 omnem

474 4174 753 4246 peccandi
783 4191 984 4232 ansam
1015 4176 1156 4232 dant
1184 4177 1430 4249 ideoque
1487 4178 1767 4251 fugienda:
1797 4184 1954 4235 sunt.
1990 4178 2114 4234 Non

476 4280 634 4337 enim
654 4280 715 4337 in
753 4281 976 4337 divitiis
1006 4283 1190 4339 virtus
1220 4286 1333 4339 sita
1357 4288 1467 4352 est,
1508 4286 1610 4341 sed
1662 4286 1873 4341 virtute
1904 4284 2119 4341 divitiae

475 4392 616 4444 sunt
644 4387 1030 4461 acquirenda.
1064 4389 1182 4446 Hoc
1213 4398 1406 4447 autem
1439 4391 1580 4463 quid
1613 4391 1769 4448 aliud
1802 4397 1893 4450 est
1915 4392 2024 4448 nisi
2051 4407 2120 4448 ex

474 4495 630 4551 bona
659 4494 874 4563 indole,
906 4513 1033 4567 quae
1064 4497 1365 4565 debemus,
1391 4498 1592 4567 facere,
1617 4504 1674 4554 et
1695 4499 1840 4557 bene
1870 4515 1976 4555 nos
2007 4499 2117 4555 ha-

2222 570 2375 624 στὲον
2405 571 2528 644 περὶ
2567 577 2674 625 τῶν
2708 568 2912 625 παίδων
2950 573 3007 626 ’ὀν
3056 569 3251 645 ε’ίρηκα
3299 571 3519 644 τρόπον.
3556 578 3677 627 Ἔτι
3726 574 3859 646 πρὸς

2219 659 2430 720 τούτοις
2489 661 2601 738 χρὴ
2665 662 2740 732 μή
2799 659 2923 723 τοὺς
2994 661 3259 735 τυχόντας
3333 662 3603 716 ποιεῖσθαι
3663 659 3861 717 παιδα-

2220 750 2454 824 γωγοὺς,
2498 748 2611 804 οὐδ’
2661 751 2925 823 ὀνόματος
2973 750 3165 811 ἁπλῶς
3232 749 3732 821 ἀντιποιουμένους,
3770 750 3860 806 καὶ

2218 842 2377 893 τοῦτο
2440 839 2600 909 μόνον
2655 837 2969 915 δοκοῦντας,
3000 837 3147 894 ἀλλὰ
3195 840 3330 895 κατὰ
3386 842 3552 893 ταῦτα
3611 845 3729 902 τοῖς
3781 837 3862 894 διο

2221 924 2515 989 δασκάλοις
2574 928 2663 983 καὶ
2720 929 2999 1005 σώφρονας
3056 928 3147 982 καὶ
3206 928 3468 1001 κοσμίους
3525 928 3616 982 καὶ
3652 934 3861 1003 φρενῶν

2220 1014 2277 1069 εὖ
2335 1016 2587 1085 ἥκοντας,
2631 1017 2721 1071 καὶ
2783 1013 2951 1089 μηδὶν
3022 1013 3299 1078 ἐνδέοντας
3358 1014 3575 1071 ἐκείνων
3628 1019 3699 1089 τῇ
3755 1020 3861 1070 τῶν

2217 1106 2437 1178 τρόπων
2486 1107 2673 1179 ἀρετῇ,
2709 1105 2750 1159 εἰ
2805 1107 2880 1178 μὴ
2924 1104 3013 1159 καὶ
3061 1102 3261 1176 πολλῷ
3308 1105 3526 1175 μείζους
3576 1103 3759 1173 ὄντας,
3788 1106 3866 1167 ὡς

2220 1190 2382 1270 ἔγωγ’
2414 1194 2471 1248 ἃν
2532 1196 2719 1268 φαίην,
2752 1195 2840 1249 καὶ
2890 1195 2953 1249 τὸ
3012 1195 3154 1258 εἰκὸς
3210 1193 3445 1253 ἀπαιτεῖ.
3476 1195 3545 1250 Τὸ
3591 1197 3693 1270 γὰρ
3732 1195 3861 1258 τοὺς

2218 1283 2369 1345 νέους
2429 1283 2745 1360 ἀφίστασθαι
2795 1283 2891 1357 μὲν
2937 1288 3045 1338 τῶν
3093 1285 3154 1338 οὐ
3208 1282 3391 1338 καλῶν
3430 1281 3666 1353 ἡδονῶν,
3693 1286 3863 1359 ἀρετῇ

2219 1368 2277 1425 δὶ
2325 1372 2535 1450 χαίρειν
2585 1374 2675 1427 καὶ
2714 1378 2829 1435 τοῖς
2873 1377 2972 1439 τῆς
3024 1375 3221 1445 ἀρετῆς
3278 1372 3530 1439 κάλλεσι,
3577 1380 3754 1446 μισεῖν
3807 1372 3865 1429 δὲ

2218 1462 2429 1538 ἀργίαν,
2459 1467 2567 1517 τῶν
2604 1460 2660 1517 δὲ
2704 1462 2881 1538 λόγων
2929 1463 2985 1517 εὖ
3032 1462 3179 1536 μάλα
3227 1463 3397 1539 λόγον
3446 1466 3740 1530 ποιεῖσθαι,
3771 1466 3863 1518 καί

2216 1554 2345 1615 τοὺς
2400 1552 2522 1626 περὶ
2579 1557 2745 1607 ταῦτα
2790 1555 2985 1615 πόνους
3029 1551 3218 1621 ἡδίους
3274 1553 3511 1626 νομίζειν
3577 1549 3759 1609 κύϐων
3806 1575 3866 1608 τε

2218 1642 2307 1696 καὶ
2356 1643 2616 1717 θεάτρων,
2648 1641 2737 1695 καὶ
2785 1642 2848 1696 τὸ
2897 1642 3109 1714 ξύμπαν
3160 1641 3352 1712 εἰπεῖν,
3396 1642 3485 1697 διὰ
3533 1643 3752 1698 πάντων
3806 1640 3865 1697 εὖ

3663 1730 3706 1753 δ’

2218 1730 2388 1806 ἔχειν,
2421 1730 2475 1785 ἐν
2524 1732 2738 1793 τούτοις
2784 1732 3022 1804 μάλιστα
3067 1737 3284 1786 κεῖται·
3334 1732 3605 1787 τοιούτοιν
3659 1730 3706 1786 δ’
3755 1733 3866 1805 ἆμ-

2085 1890 2113 1929 8
2144 1850 2189 1914 Β
2220 1826 2342 1899 φοῖν
2384 1816 2585 1891 ὄντοιν,
2634 1822 2723 1875 καί
2794 1818 2938 1875 οὕτω
3009 1820 3245 1892 μάλιστα
3308 1819 3864 1896 συγκεκροτημένων,

2231 1909 2244 1927 ν
2303 1910 2314 1927 r
2521 1915 2547 1925 -ν
2739 1910 2752 1924 ι
2843 1911 2857 1927 ς
3030 1913 3042 1923 ι
3082 1911 3095 1925 ο
3162 1915 3188 1924 -ι
3354 1910 3368 1929 Ι
3710 1915 3733 1926 -ρ

2231 1909 2244 1927 ν

2220 1910 2427 1986 ἀνάγκη
2477 1915 2620 1964 πᾶσα
2666 1910 2755 1963 καὶ
2803 1911 2869 1963 τὰ
2917 1913 3042 1984 παρ’
3076 1911 3228 1983 ὑμῶν
3275 1910 3489 1971 τούτοις
3538 1915 3822 1983 προσεῖναι
3852 1929 3865 1942 ·

2221 2000 2283 2053 οὐ
2331 2002 2435 2076 γὰρ
2480 2000 2617 2074 πρὸς
2666 2001 2766 2068 τήν
2812 2004 2919 2054 τῶν
2963 1997 3169 2054 παίδων
3226 1997 3580 2072 εὐδοκίμησιν
3634 1999 3865 2075 ἀπόχρη

2223 2091 2360 2162 μόνα
2404 2091 2471 2145 τὰ
2502 2091 2735 2154 ’κείνων,
2768 2089 2914 2145 ἄλλα
2954 2091 3042 2145 καὶ
3092 2097 3191 2159 τῆς
3244 2088 3506 2163 ὑμετέρας
3554 2088 3869 2153 συντελείας

2219 2176 2485 2252 προσδεῖο
2518 2183 2758 2254 συνεχῶς
2805 2180 2990 2241 αὐτοῖς
3039 2178 3374 2253 ἐνορώντων,
3423 2181 3521 2232 τοῦ
3570 2179 3689 2232 καθ’
3739 2179 3869 2233 ἑκά-

2221 2288 2351 2336 στην
2417 2268 2491 2330 ὡς
2565 2267 2733 2322 εἰπεῖν
2808 2267 3177 2323 ἀπαιτούντων
3254 2266 3511 2328 εὐθύνας·
3570 2266 3702 2322 ἐπὰν
3762 2268 3867 2343 γὰρ

2218 2358 2309 2411 καὶ
2358 2355 2700 2435 παιδαγωγοὶ
2749 2359 2837 2412 καὶ
2881 2355 3202 2412 διδάσκαλοι
3249 2362 3416 2412 ταῦτα
3447 2358 3866 2421 συναίσθωνται,

2219 2445 2634 2521 σπουδαιότεροι
2691 2447 2907 2510 πάντως
2957 2448 3077 2522 περὶ
3150 2446 3344 2509 αὐτοὺς
3412 2442 3659 2502 ἔσονται’
3720 2446 3870 2520 μᾶλ-

2219 2536 2315 2592 λον
2368 2535 2427 2592 δὲ
2473 2538 2650 2592 πάντα
2695 2539 2862 2592 πόνον
2931 2541 3183 2609 νομιοῦσι
3248 2536 3525 2613 ῥᾳστώνην
3574 2536 3709 2611 ὑπὲρ
3770 2542 3868 2593 τοῦ

2219 2625 2402 2702 λόγων
2431 2627 2656 2688 τούτους
2694 2624 2975 2699 ἐμπλῆσαι
3014 2627 3104 2682 καὶ
3153 2632 3482 2696 καταστῆσαι
3525 2632 3864 2703 περιφανεῖς,

2221 2716 2435 2773 ο⁹ίκοθεν
2492 2716 2581 2771 καὶ
2637 2716 2835 2778 αὐτοὺς
2893 2717 2999 2771 ἀπὸ
3044 2720 3152 2771 τῶν
3204 2713 3343 2771 ’ίσων
3375 2717 3638 2794 ἀφορμῶν
3673 2717 3868 2790 ὁρμω-

2226 2809 2437 2879 μὲνους.

2292 2917 2374 2953 κε.
2405 2897 2587 2951 Ταυτὰ
2636 2892 2695 2949 δὲ
2740 2900 2905 2950 ταῦτα
2955 2894 3099 2971 λέγω
3148 2896 3237 2950 καὶ
3291 2896 3414 2970 περῖ
3461 2900 3649 2950 πασῶν
3684 2894 3861 2965 δήπου

2223 2991 2432 3058 τεχνῶν
2489 2985 2549 3040 οὐ
2610 2984 2792 3058 λόγων
2836 2984 3050 3056 μόνων·
3087 2985 3242 3055 ὑμεῖς
3301 2981 3378 3052 δὲ,
3430 2982 3501 3037 ’ίν’
3532 2982 3711 3053 εἰδῆτε
3770 2983 3855 3037 καί

2223 3079 2407 3145 τοῦτο,
2466 3076 2541 3147 μὴ
2626 3076 2880 3148 χρήμασι
2964 3070 3338 3147 περιρρεῖσθαι
3412 3073 3504 3127 καὶ
3564 3073 3852 3143 κτημάτων

2224 3161 2580 3217 παντοδαπῶν
2622 3164 2894 3237 εὐπορεῖν,
2934 3162 3025 3216 καὶ
3075 3158 3237 3231 δόξης
3289 3160 3557 3235 μετέχειν,
3614 3160 3855 3230 ζηλωτὸν

2230 3251 2441 3325 μᾶλλον
2510 3253 2749 3327 ἡγεῖσθε,
2804 3251 2839 3320 ἢ
2891 3251 3116 3321 τρόποις
3193 3255 3460 3325 χρηστοῖς
3526 3249 3616 3303 καὶ
3684 3246 3863 3326 ἔργοις

2223 3346 2399 3415 κομᾷν
2445 3341 2533 3396 καὶ
2596 3340 2768 3396 πάντα
2837 3338 3105 3416 διαφέρειν
3152 3341 3243 3394 τὸν
3300 3339 3455 3413 βίον·
3505 3340 3566 3393 τὸ
3620 3339 3714 3411 μὲν
3765 3340 3864 3414 γάρ

2223 3432 2361 3489 ἐστιν
2412 3431 2467 3486 εῦ
2518 3432 2858 3508 φρονούντων
2912 3430 2986 3489 ὡς
3042 3428 3287 3499 ἀληθῶς,
3319 3428 3409 3482 καὶ
3469 3428 3620 3490 ὅπως
3652 3423 3867 3483 ἔσονται

2224 3520 2494 3596 θεοφιλεῖς
2548 3520 2637 3576 καὶ
2686 3525 2777 3573 νῦν
2826 3519 2917 3573 καὶ
2976 3517 3050 3579 εἷς
3106 3517 3261 3579 αὖθις
3318 3514 3693 3573 σπευδόντων⁸
3728 3518 3789 3571 τὸ
3823 3514 3872 3570 δ’

2223 3608 2427 3680 ἡδονὴν
2475 3611 2634 3683 μόνον
2691 3609 2997 3679 ζητούντων
3036 3606 3125 3660 καὶ
3171 3611 3373 3680 τρυφᾷν
3409 3602 3556 3684 ἔχειν
3590 3606 3649 3660 ἐκ
3678 3626 3872 3679 περιτ-

2223 3706 2319 3755 τοῦ
2371 3698 2420 3769 ἐξ
2477 3700 2550 3753 ὦν
2602 3699 2635 3752 ἃ
2695 3695 2835 3772 μηδὲ
2891 3697 3066 3765 λέγειν
3138 3691 3336 3766 ἔξεστιν
3405 3695 3632 3765 ἀπαντᾷ.
3692 3695 3752 3749 Et
3813 3692 3875 3749 δὲ

2224 3791 2371 3845 τοῦτ’
2420 3788 2626 3844 ἐκείνου
2674 3792 2861 3862 χεῖρον
2907 3788 3188 3855 τοσοῦτον,
3230 3784 3355 3839 ὅσον
3405 3786 3558 3860 ψυχὴ
3611 3786 3876 3857 σώματος

2225 3878 2506 3953 κρείττων,
2540 3875 2866 3932 ἀποστατέον
2924 3876 2987 3930 ἂν
3036 3872 3119 3944 ε’ίη
3164 3874 3360 3928 τούτου
3407 3876 3690 3943 τοσοῦτον,
3741 3872 3872 3927 ὅσον

2227 3971 2413 4045 ψυχῆς
2471 3967 2855 4045 φροντιστέον·
2914 3965 3004 4019 καὶ
3062 3962 3341 4039 πειρατέον
3393 3963 3633 4032 καθάπαξ
3692 3964 3879 4038 θεοφι-

2229 4061 2341 4121 λεῖς
2401 4058 2538 4113 εἶναι
2588 4056 2677 4111 διὰ
2730 4056 2796 4111 τὰ
2845 4051 2993 4131 ἔργα,
3023 4077 3112 4110 και
3174 4057 3247 4128 μὴ
3302 4053 3502 4110 ’κείνου
3532 4053 3875 4108 παντάπασιν

2230 4148 2628 4226 ἀποστρόφους,
2684 4152 2763 4219 τῷ
2817 4148 2950 4221 πρὸς
3010 4145 3246 4207 ἀτόπους
3300 4142 3500 4211 ἡδονὰς
3558 4141 3627 4198 δι’
3668 4143 3877 4219 ἀρετῆς

2227 4237 2487 4292 ἀπουσίαν
2518 4237 2757 4315 χρῆσθαι
2791 4240 2869 4306 τῷ
2898 4232 3124 4307 πλούτῳ
3149 4254 3160 4266 ⁸
3195 4235 3255 4297 ὃς
3294 4234 3358 4288 οὐ
3394 4234 3559 4305 μόνον
3607 4236 3686 4301 τῷ
3734 4232 3881 4306 πρὸς

2227 4331 2397 4382 πᾶσαν
2455 4326 2645 4381 κακίαν
2703 4329 2819 4386 τοῖς
2876 4323 2937 4379 οὐ
3013 4322 3200 4383 καλῶς
3274 4320 3587 4398 χρωμένοις
3651 4319 3874 4398 ἐφόδιον

2228 4415 2522 4491 γίγνεσθαι,
2556 4416 2809 4493 φευκτέος
2858 4412 2918 4467 ἂν
2988 4412 3076 4483 ε’ίη
3139 4411 3354 4486 μᾶλλον
3412 4409 3447 4480 ἢ
3483 4407 3879 4481 σπουδαστέος,

2229 4504 2355 4560 ἀλλ’
2405 4505 2487 4559 δτι
2563 4504 2653 4558 καὶ
2711 4503 2905 4557 τούτου
2961 4502 3161 4577 χωρίς,
3223 4500 3321 4555 οὐκ
3371 4498 3422 4555 ἐν
3474 4504 3553 4570 τῷ
3609 4497 3872 4554 πλουτεῖν

477 4612 612 4667 bere
640 4611 815 4668 etiam
850 4611 976 4668 sine
1004 4613 1253 4685 opibus;
1289 4615 1338 4670 si
1369 4615 1499 4686 quis
1528 4621 1719 4673 autem
1771 4616 2115 4688 pecuniosus

2228 4596 2419 4658 ἁπλῶς
2468 4596 2579 4650 ἐστι
2626 4596 2683 4649 τὸ
2734 4594 2790 4649 εὖ
2838 4593 3111 4667 πράττειν,
3147 4589 3273 4646 ἀλλ’
3307 4588 3358 4645 ἐν
3406 4595 3485 4661 τῷ
3515 4587 3571 4644 εὖ
3610 4589 3875 4663 πράττειν

475 4732 586 4797 est,
607 4727 831 4785 felicior
849 4744 977 4786 esse
998 4731 1211 4802 poterit
1231 4735 1533 4804 propterea
1563 4733 1716 4805 quod
1740 4731 1870 4790 aliis
1891 4750 2120 4806 quoque

477 4855 623 4910 bene
653 4854 841 4911 facere
870 4859 1081 4927 potest.
1125 4857 1286 4923 Quod
1318 4856 1369 4913 si
1398 4857 1665 4915 virtutem
1699 4858 1970 4915 secundae
2003 4860 2121 4915 for-

478 4973 634 5026 tuna:
662 4972 1017 5045 conjungere
1039 4972 1238 5040 vultis,
1270 4989 1389 5029 rem
1423 4972 1593 5031 laude
1612 4974 1849 5047 dignam
1874 4973 2123 5031 feceritis

479 5084 747 5142 Felicitas
778 5087 934 5144 enim
956 5092 1046 5145 est
1074 5089 1338 5145 activitas
1386 5091 1567 5145 animi
1595 5106 1695 5161 per
1741 5091 2009 5146 virtutem
2052 5090 2124 5145 ad

479 5204 656 5259 vitam
688 5205 1023 5276 perfectam.
1049 5206 1108 5263 Si
1141 5211 1334 5263 autem
1382 5206 1594 5263 virtute
1650 5206 1864 5263 omissa
1915 5221 2126 5278 argen-

480 5322 607 5374 tum
645 5322 1047 5378 tantummodo
1075 5322 1388 5390 venamini,
1421 5321 1541 5378 ﬁeri
1573 5338 1686 5378 non
1741 5326 1927 5393 potest
1982 5320 2127 5393 quin

476 5438 565 5490 ter
592 5433 855 5493 infelices
885 5436 1020 5494 facti
1068 5438 1129 5494 in
1186 5439 1495 5495 duraturas
1553 5436 1833 5495 labamini
1888 5436 2129 5493 calami-

477 5556 628 5611 tates
662 5571 676 5624 ;
707 5570 843 5612 nam
877 5573 992 5613 non
1050 5554 1167 5613 nisi
1224 5554 1645 5613 semihomines
1684 5554 1872 5623 eritis,
1920 5554 2130 5611 animm

481 5669 706 5730 ratione
751 5671 994 5745 omissa,
1051 5672 1307 5742 corporis
1358 5675 1585 5728 tantum
1628 5685 1830 5729 curam
1869 5673 2128 5741 agentes,

2228 4687 2290 4741 τό
2347 4706 2406 4761 γε
2461 4683 2739 4740 πλουτεῖν.
2776 4682 2846 4739 Εὖ
2908 4680 2963 4737 δὲ
3019 4682 3271 4755 πράττειν
3314 4680 3366 4734 τί
3419 4679 3477 4734 ἃν
3508 4676 3589 4749 ε’ίη
3627 4675 3875 4751 μᾶλλον,

2230 4777 2265 4845 ἢ
2324 4776 2457 4829 κατὰ
2511 4774 2696 4847 ψυχὴν
2754 4770 2809 4825 εὖ
2855 4770 3140 4849 πεφυκέναι
3189 4770 3281 4824 καὶ
3338 4767 3590 4843 πράττειν
3656 4766 3688 4820 ἃ
3747 4762 3874 4837 δεῖ;

2232 4869 2305 4931 ὡς
2357 4867 2387 4921 ὅ
2438 4887 2496 4942 γε
2554 4868 2803 4926 τοιοῦτος
2855 4865 2945 4918 καὶ
3007 4862 3309 4937 χρημάτων
3381 4857 3504 4914 ἄνευ
3562 4862 3643 4922 οἷς
3694 4857 3878 4923 οὕτως

2234 4956 2371 5031 ἔχει,
2405 4954 2617 5010 πάντων
2666 4952 2935 5008 κάλλιστα
2977 4948 3092 5027 ἔχει
3125 4972 3137 4984 ·
3185 4952 3272 5005 καὶ
3320 4949 3524 5005 τούτων
3582 4946 3660 5004 ἔτι
3699 4968 3875 5017 προσ.

2235 5049 2425 5117 όντων,
2473 5042 2944 5117 εὐδαιμονέστερος
2991 5042 3049 5096 ἂν
3098 5040 3179 5112 ε’ίη
3231 5041 3319 5095 καὶ
3369 5037 3567 5110 πολλῷ
3614 5036 3874 5113 βελτίων,

2232 5141 2311 5209 τῷ
2355 5139 2443 5191 καί
2487 5136 2612 5196 τοὺς
2659 5133 2867 5193 ἄλλους
2917 5131 2973 5187 εὖ
3027 5136 3199 5187 ποιεῖν
3239 5127 3513 5185 δύνασθαι.
3548 5127 3609 5181 Εἰ
3644 5127 3739 5200 μὲν
3770 5126 3871 5180 οὗν

2240 5227 2373 5300 μετά
2426 5223 2522 5280 τοῦ
2578 5224 2829 5298 πράττειν
2880 5222 2913 5276 ’ὰ
2970 5220 3051 5277 δεῖ
3106 5221 3194 5275 καὶ
3243 5220 3500 5276 πλουτεῖν
3530 5216 3707 5273 ο’ίεσθε
3741 5215 3874 5285 δεῖν,

2236 5317 2325 5368 καὶ
2356 5317 2451 5368 τοῦ
2481 5311 2778 5367 καλλίστου
2822 5307 2982 5365 τοῦδε
3030 5310 3269 5364 ποιεῖσθε
3304 5307 3468 5381 λόγον
3502 5302 3872 5378 συνδυασμοῦ,

2239 5402 2481 5473 ζηλωτοὶ
2523 5403 2737 5464 πάντως
2782 5399 2899 5454 ἐστὲ
2945 5399 3034 5453 καὶ
3083 5397 3340 5453 πλείστου
3387 5397 3532 5457 τινὸς
3570 5394 3747 5464 ἄξιοιο
3782 5394 3875 5449 εὐ-

2240 5489 2495 5565 δαιμονία
2551 5492 2652 5565 γάρ
2710 5488 2820 5543 ἐστι
2877 5486 3117 5562 ἒνέργεια
3173 5489 3356 5560 ψυχῆς
3410 5486 3528 5540 κατ’
3569 5484 3766 5556 ἀρετὴν
3819 5481 3875 5536 ἐν

2244 5581 2347 5655 βίῳ
2427 5579 2655 5651 τελείῳ·
2717 5578 2762 5633 εὶ
2837 5574 2882 5630 δ’
2950 5577 3145 5653 ἀρετῆς
3228 5573 3556 5649 ἀλογοῦντες
3628 5571 3873 5640 καθάπαξ

2244 5670 2415 5727 ἐκεῖνο
2480 5670 2646 5745 μόνον
2725 5665 2970 5740 διώκετε,
3026 5665 3114 5722 καὶ
3192 5663 3342 5726 ὅπως
3404 5659 3545 5738 ἕξετε
3612 5661 3876 5737 χρήματα
