4096 6284
217 412 322 474 545

1214 411 1507 475 ORATIO
1549 412 1652 475 DE
1693 411 2196 478 SUBDITORUM
2237 413 2590 478 OFFIGIIS.

3483 419 3602 479 546

214 543 496 622 προῦργου
562 546 826 613 ποιεῖσθε,
880 547 1088 623 ἀνάγκη
1167 551 1312 604 πᾶσα
1378 546 1726 623 τρισαθλίους
1791 569 1835 602 τι

1963 565 2243 638 illamque
2287 585 2388 640 pro
2416 569 2737 626 accesseria
2765 573 2869 624 aut
2899 569 3068 642 plane
3099 570 3260 627 nulla
3289 571 3602 638 habentes,

216 636 349 708 ὑμᾶς
427 637 557 690 εἶναι
624 637 716 691 καὶ
789 635 1207 711 κακοδαίμονας,
1261 638 1351 692 καὶ
1419 637 1640 714 προσέτι
1697 635 1846 694 δυοῖν

213 724 518 800 ἐνίσχεσθαι
553 731 671 780 τοῖν
717 727 1017 796 κακίστοιν,
1065 731 1146 799 τῷ
1193 728 1240 780 θ’
1289 726 1322 780 ἃ
1369 729 1444 800 μὴ
1495 729 1728 805 πέφυκεν
1771 727 1847 790 εἰς

212 816 340 868 ἅπαν
389 820 590 887 μενεῖν,
624 814 752 871 ἀλλ’
782 814 910 870 ὅσον
959 815 1020 870 ἂν
1071 815 1268 872 αὐτίκα
1321 818 1649 886 πεπαῦσθαι,
1679 820 1847 873 ταῦτα

209 903 319 976 περί
372 902 632 965 πλείονος
673 903 822 980 ἄγειν
864 909 976 960 τῶν
1023 905 1100 968 εἰς
1144 907 1284 960 ἅπαν
1329 907 1655 978 μενούντων,
1686 911 1764 977 τῷ
1795 907 1846 976 ἐξ

209 993 462 1063 ἡμισείας
523 993 704 1066 ὥσπερ
772 994 848 1056 εἰς
913 991 1228 1068 ἀνθρώπους
1283 994 1461 1050 τελεῖν
1511 995 1844 1067 νομίζεσθαι,

215 1077 274 1132 δι’
303 1081 376 1134 ὧν
406 1082 628 1154 σώματι
665 1082 760 1154 μὲν
790 1089 880 1137 καί
929 1089 1047 1144 τοῖς
1101 1083 1176 1146 εἰς
1223 1087 1384 1155 σῶμα
1413 1084 1638 1161 φέρουσι
1669 1081 1848 1153 δήπου

213 1168 506 1244 προσέχετε
556 1173 740 1244 μόνον,
781 1174 964 1245 ψυχὴν
1017 1170 1074 1226 δὲ
1123 1173 1303 1248 ὥσπερ
1353 1173 1388 1242 ἢ
1445 1174 1634 1244 μηκέτ’
1664 1172 1849 1243 οὖσαν,

212 1261 245 1328 ἢ
292 1257 451 1314 οὖσαν
503 1261 619 1332 μὲν,
651 1261 942 1333 τηνάλλως
988 1261 1046 1317 δέ
1093 1262 1181 1316 καὶ
1232 1263 1351 1317 οἷον
1403 1263 1659 1338 ἐφόλκιον
1706 1261 1852 1336 παρά

214 1347 406 1424 φαῦλον
453 1352 746 1404 πονεῖσθε·
787 1352 852 1419 ἣν
897 1349 1086 1420 ἐπειδή
1133 1352 1270 1406 κατά
1315 1349 1443 1414 τοὺς
1488 1354 1586 1420 τῆς
1640 1353 1852 1428 φύσεως

214 1439 436 1511 θεσμοὺς
489 1437 639 1514 ἴσχει
685 1441 746 1493 τὸ
788 1439 1006 1512 κράτος,
1051 1437 1169 1494 δέον
1221 1441 1310 1494 καὶ
1368 1441 1494 1514 παρ’
1552 1443 1688 1513 ἡμῖν
1735 1438 1850 1512 μεί-

213 1533 350 1596 ζονος
400 1529 681 1597 ἀξιοῦσθαι
731 1527 1008 1600 προνοίας,
1055 1529 1145 1583 καὶ
1185 1531 1255 1584 τά
1298 1525 1558 1602 πρεσϐεῖα
1602 1533 1683 1602 τῷ
1736 1526 1853 1584 ὄντι

213 1617 490 1690 σέβεσθαι·
545 1617 597 1670 οἱ
648 1614 696 1670 δ’
743 1618 825 1676 οἷς
873 1622 1160 1688 ποιοῦμεν,
1195 1613 1579 1690 κινδυνεύομεν
1629 1617 1852 1692 (harpe-

211 1726 317 1760 πειν
364 1708 470 1774 τήν
527 1707 700 1776 τάξιν,
764 1711 836 1778 τῷ
904 1705 1114 1782 χείρονι
1186 1707 1286 1774 τὴν
1346 1707 1642 1780 ἡγεμονίαν
1710 1709 1855 1782 παρά

212 1796 352 1870 φύσιν
424 1794 695 1865 διδόντες,
752 1797 842 1851 καὶ
920 1803 1182 1870 ποταμῶν
1252 1795 1360 1855 ἄνω
1435 1799 1500 1853 τὰ
1559 1798 1855 1875 πράγματα

209 1885 492 1958 κρίνοντες.
523 1882 526 1886 ’

269 1976 363 2038 κε’,
396 1976 614 2030 ’Έπειτ’
660 1974 706 2030 εἰ
749 1976 845 2049 μὲν
893 1973 1005 2032 ἔστι
1055 1977 1208 2054 ψυχή
1261 1977 1514 2049 σώματος
1563 1979 1836 2047 σύστασις,

209 2064 374 2139 ὥσπερ
435 2064 534 2121 οὖν
595 2064 762 2133 ἐστιν,
804 2067 941 2136 αύτὴ
1002 2064 1058 2122 δὲ
1133 2065 1352 2129 οὐδενὸς
1395 2067 1606 2141 ,ιὲτέρευ
1669 2067 1837 2124 δεῖται

208 2158 330 2226 πρὸς
375 2156 654 2224 σύστασιν,
705 2155 851 2211 ἀλλὰ
898 2161 1038 2210 κινεῖ
1087 2157 1180 2228 μὲν
1229 2159 1319 2212 καὶ
1370 2162 1630 2226 ζωοποιεῖ
1677 2162 1838 2213 τοῦτο

209 2249 446 2312 συνοῦσα,
481 2243 695 2315 ἐξιοῦσα
728 2241 785 2299 δὲ
813 2245 875 2299 τὸ
909 2245 1002 2317 μὶν
1037 2245 1188 2308 εὐθὺς
1241 2245 1455 2324 οἴχεται
1495 2247 1584 2300 καὶ
1631 2246 1841 2321 καταῤ-

209 2338 298 2405 ρεῖ,
323 2337 412 2388 καί
457 2335 600 2408 πρὸς
645 2335 710 2388 τὸ
763 2334 932 2406 μηδὲν
977 2332 1085 2405 ἤδη
1120 2342 1314 2410 χωρεῖ,
1347 2339 1382 2405 ἡ
1417 2335 1462 2392 δ’
1495 2335 1646 2392 οὐδὲν
1674 2340 1837 2406 ἧττον

207 2424 287 2476 καὶ
317 2422 486 2486 οὕτως
523 2423 638 2479 ἐστὶ
669 2425 847 2498 ψυχὴ,
879 2425 1082 2499 ἀνάγκη
1130 2424 1188 2480 δὲ
1233 2427 1333 2494 τήν
1384 2426 1556 2489 οὕτως
1603 2424 1836 2502 ἔχουσαν

211 2517 448 2568 τοσοῦτον
495 2512 671 2584 μείζω
720 2514 810 2568 καὶ
857 2513 1188 2586 τιμιωτέραν
1235 2517 1455 2570 τουτουὶ
1501 2517 1836 2591 καθεστάναι,

213 2599 323 2656 ὅσον
355 2609 447 2657 τοῦ
499 2602 892 2675 συνισταμένου
929 2603 990 2658 τό
1044 2609 1315 2674 συνιστᾷν,
1344 2606 1432 2658 καὶ
1483 2611 1579 2661 τοῦ
1623 2612 1710 2660 νῦν
1741 2629 1836 2679 μεν

214 2689 480 2756 ὄντος,νῦν
547 2690 594 2746 δ’
643 2690 740 2747 οὒκ
787 2692 960 2760 ὄντος,
1019 2693 1080 2748 τό
1136 2696 1188 2768 γ’
1246 2694 1502 2758 ὡσαύτως
1553 2695 1679 2772 ἕχον
1729 2697 1837 2768 ἀεὶ,

221 2781 429 2854 κάκείνῳ
468 2783 684 2840 τούτων
726 2781 900 2837 αἴτιον
950 2780 1028 2855 ὃν,
1059 2782 1298 2858 ἐσχάτης
1345 2785 1528 2846 ἀνοίας
1578 2785 1640 2840 ἃν
1681 2787 1766 2856 εἷή
1799 2787 1833 2856 ἢ

229 2874 514 2944 παρανοίας,
546 2871 584 2941 ἢ
645 2871 744 2928 οὐκ
801 2870 900 2927 οἶδ’
933 2873 962 2926 ὅ
1017 2894 1067 2927 τι
1125 2873 1213 2927 καὶ
1272 2877 1378 2949 φῶ,
1416 2873 1618 2944 ταύτην
1677 2877 1836 2950 θερα-

234 2958 388 3014 πεύειν
427 2962 676 3040 ἀφέντας,
705 2961 902 3017 τούτου
959 2962 1337 3040 φροντίζοντας
1395 2963 1693 3041 φαίνεσθαι,
1746 2964 1833 3019 καὶ

229 3056 312 3118 τῆς
347 3051 544 3130 ἀλόγου
587 3073 640 3108 τε
679 3053 769 3107 καὶ
821 3055 1021 3124 θνητῆς
1069 3055 1168 3122 τήν
1215 3052 1446 3128 λογικήν
1477 3075 1536 3109 τε
1563 3053 1653 3108 καὶ
1704 3055 1836 3109 ἀθά-

220 3159 352 3194 νατον
393 3142 518 3217 περὶ
576 3141 866 3205 ἐλάττονος
929 3147 1122 3216 μοῖραν
1181 3146 1471 3200 ποιεῖσθαι.
1510 3148 1566 3198 Ὁ
1617 3144 1709 3216 μὲν
1743 3143 1834 3198 οὖν

214 3225 256 3296 ἐξ
307 3230 580 3306 Αἰγύπτου
643 3229 922 3294 Πλωτῖνος
971 3233 1100 3305 μήθ’
1141 3232 1272 3306 ὑπὲρ
1311 3237 1408 3287 τοῦ
1465 3229 1619 3296 ὄντος
1667 3231 1836 3296 ὄντως

215 3313 352 3387 δόξης
381 3318 549 3382 εἰδὼς
596 3318 630 3373 ’ἀ
669 3318 770 3385 δεῖ,
806 3323 936 3393 μήθ’
967 3322 1039 3376 ὧν
1090 3324 1252 3394 ἡμεῖς
1289 3319 1457 3392 μηδὲν
1486 3321 1826 3395 προσδοκῶν,

209 3411 440 3462 τοσοῦτον
505 3409 704 3487 ἀπεῖχε
755 3413 856 3464 τοῦ
915 3411 1169 3482 σώματος
1219 3411 1415 3483 ὁρμαῖς
1473 3412 1559 3465 καὶ
1625 3412 1830 3480 ὁπηοῦν

209 3492 410 3571 ἰιριέναι,
445 3501 576 3554 ὅσον
632 3503 729 3554 τοῦ
784 3505 885 3567 τῆς
939 3502 1122 3574 ψυχῆς
1175 3499 1389 3572 κόσμου
1447 3501 1535 3553 καὶ
1586 3498 1828 3562 κάλλους

208 3583 390 3644 ἐτίθετο
429 3590 634 3665 λόγον·
669 3589 812 3644 οὕτω
852 3587 908 3645 δὲ
957 3592 1155 3660 ταύτην
1203 3596 1311 3646 τῶν
1362 3593 1628 3666 μεγίστων
1674 3591 1829 3662 ἠξίου

208 3675 283 3730 καὶ
329 3680 399 3733 ὧν
449 3677 694 3752 μάλιστα
741 3680 876 3754 χρὴ,
909 3677 1036 3733 ὥσθ’
1066 3679 1150 3735 ὅτι
1203 3681 1278 3751 μή
1332 3681 1470 3754 μόνῃ
1511 3682 1698 3754 ταυτῃὶ
1728 3701 1828 3736 πε-

209 3773 334 3837 ριῆν,
390 3770 418 3822 ὁ
477 3766 528 3822 δ’
577 3766 756 3840 ὥσπερ
831 3768 1003 3840 ἑαυτῷ
1070 3767 1456 3844 δυσχεραίνειν,
1533 3771 1622 3825 καὶ
1693 3772 1827 3844 πρὸς

209 3853 451 3931 αἰσχύνης
501 3858 753 3933 ἡγεῖσθαι
799 3858 896 3926 τήν
935 3857 1067 3929 μετά
1097 3859 1350 3930 σώματος
1385 3861 1590 3914 δίαιταν
1618 3879 1630 3892 ·
1663 3861 1830 3914 ταυτά

205 3947 354 4000 ταῦτα
389 3947 716 4022 φιλοσοφῶν
766 3950 843 4018 τῷ
888 3951 985 4001 τοῦ
1016 3949 1229 4018 Ἰεσσαὶ,
1267 3946 1642 4024 δεσμωτήριον
1694 3948 1830 4004 ἀπο-

205 4033 442 4092 καλοῦντι
471 4038 539 4092 τὸ
571 4041 751 4109 σῶμα,
781 4037 874 4090 καὶ
907 4034 996 4092 διὰ
1025 4035 1184 4092 τοῦτο
1214 4041 1312 4106 τὴν
1341 4033 1523 4108 ἔξοδον
1571 4039 1826 4094 ἐπισπεύο

207 4119 373 4180 δοντι·
433 4128 601 4200 ἡμεῖς
661 4124 739 4196 δὲ,
772 4123 816 4182 ὣ
873 4131 1030 4182 κενοῦ
1089 4129 1328 4189 πάθουςῑ
1362 4131 1459 4197 τήν
1518 4126 1828 4185 δεσποτείαν

203 4217 286 4267 τοῦ
331 4218 422 4269 νοῦ
479 4214 804 4290 κατάγοντες
863 4215 937 4278 εἰς
997 4213 1271 4286 δουλείαν,
1303 4217 1392 4273 καὶ
1431 4219 1493 4273 τὸ
1525 4220 1824 4292 θαυμαστὸν

203 4301 279 4355 καὶ
332 4306 613 4358 θεσπέσιον
671 4305 823 4358 τουτὶ
882 4311 1076 4379 χρῆμα
1123 4305 1211 4360 καὶ
1269 4308 1366 4368 τῆς
1427 4307 1683 4362 ἀνωτάτω
1735 4308 1826 4363 καὶ

204 4393 408 4465 πρώτης
455 4393 637 4456 αἰτίας
696 4393 934 4465 μάλιστα
995 4396 1262 4472 ξυγγενὲς,
1327 4396 1654 4469 μολύνοντες
1709 4403 1824 4459 τοῖς

205 4479 488 4560 αἰσχίστοις
545 4483 696 4539 οὐδὲν
763 4487 824 4539 τὸ
894 4483 1142 4559 παράπαν
1213 4484 1437 4558 οἰόμεθα
1490 4482 1655 4560 δρᾷν·
1709 4486 1826 4542 οὐδ’

207 4570 333 4642 ἡμᾶς
387 4571 589 4635 αὐτοὺς
631 4574 1014 4648 καταισχύνειν
1071 4573 1242 4638 οὕτως
1308 4573 1548 4652 ἔχοντες,
1615 4574 1826 4649 μᾶλλον

210 4660 288 4729 μὲν
337 4662 426 4716 οὖν
476 4662 570 4717 καὶ
621 4661 710 4717 διὰ
756 4665 970 4718 πάντων
1003 4663 1077 4726 ὡς
1110 4664 1227 4718 οἷόν
1256 4685 1314 4719 τε
1341 4666 1562 4734 ταυνηνὶ
1593 4686 1822 4740 συγκρο-
1861 4664 1902 4726 D

209 4751 385 4820 τοῦμεν
437 4754 539 4817 τήν
599 4753 784 4820 ἧτταν,
837 4752 1017 4826 ὥσπερ
1076 4752 1112 4821 ἢ
1165 4750 1370 4826 μηδένα
1420 4756 1542 4827 περί
1595 4751 1828 4826 μηδενὸς

211 4830 443 4902 δώσοντες
503 4839 688 4914 λόγον,
748 4842 783 4909 ἢ
842 4847 1016 4914 γερῶν
1072 4841 1313 4914 οἰόμενοι
1369 4843 1678 4912 τεύξεσθαι·
1737 4841 1826 4898 καί

214 4927 305 4994 μὴν
358 4931 440 4990 οἷς
497 4930 592 5002 μὲν
645 4930 797 5003 λόγῳ
845 4931 935 4984 καὶ
983 4928 1192 5002 διανοίᾳ
1239 4933 1374 5005 πρὸς
1432 4932 1640 4988 ἅπαντα
1671 4931 1824 5008 χρώ-

214 5019 348 5085 μεθα,
379 5020 466 5073 καὶ
517 5020 651 5092 μετά
697 5023 793 5074 τοῦ
843 5017 1170 5075 διανοεῖσθαί
1215 5041 1275 5074 τε
1311 5019 1399 5075 καὶ
1447 5027 1662 5096 φρονεῖν
1711 5026 1826 5082 τοῖς

208 5105 491 5178 πράγμασιν
562 5107 917 5184 ἐγχειροῦμεν
984 5109 1059 5172 είς
1132 5109 1453 5184 ἀνθρώπους
1521 5109 1823 5182 τελοῦμεν·

210 5191 380 5263 ἀμέλει
409 5200 494 5251 καὶ
531 5199 761 5253 Πλάτων
795 5197 877 5252 ὅτι
909 5219 1008 5274 περ
1041 5199 1140 5254 οὐκ
1170 5197 1394 5274 ἄλογος,
1427 5198 1572 5254 ἀλλα
1603 5198 1825 5276 λογικὸς

209 5278 440 5358 ἐγεγόνει,
479 5286 1006 5366 μεγαλαυχούμενος
1055 5289 1161 5357 ἦν·
1214 5289 1295 5350 οἷς
1341 5287 1390 5342 δ’
1440 5287 1612 5349 οὕτως
1661 5289 1826 5359 ἀνοῆ·

209 5389 304 5434 τως
347 5373 558 5449 ἀλόγων
611 5374 765 5446 δίκην
815 5384 930 5440 τοῖς
979 5377 1195 5433 πάθεσιν
1246 5379 1578 5453 ὑποκείμεθα
1605 5378 1696 5433 καὶ
1725 5381 1825 5448 τήν

214 5459 438 5518 ὑπόθεσιν
515 5465 942 5540 παραϐαίνομεν,
1004 5469 1104 5534 τήν
1177 5467 1330 5546 φύσιν
1398 5466 1742 5542 ἀρνούμεθα·
1798 5469 1826 5522 ὃ

211 5548 289 5601 καὶ
339 5553 620 5627 θαυμάζω⁴
651 5555 695 5609 εἷ
755 5554 994 5632 ἀλόγους
1055 5553 1150 5628 μὲν
1207 5575 1378 5626 τινος,
1411 5560 1558 5629 ἡμᾶς
1607 5576 1822 5630 προσει-

215 5637 384 5702 πόντος
441 5643 538 5700 ούκ
592 5644 652 5698 ἃν
710 5645 1081 5721 ἠνεσχόμεθα,
1113 5643 1266 5701 αὐτοὶ
1325 5642 1381 5700 δὲ
1429 5646 1510 5709 οἷς
1559 5650 1823 5719 ποιοῦμεν

217 5722 416 5802 ἀλογίαν
465 5737 764 5806 νοσοῦντες,
799 5734 901 5789 οὐκ
946 5733 1341 5808 αἰσθανόμεθα·
1375 5733 1438 5788 οὗ
1491 5740 1674 5806 μεῖζον
1726 5736 1823 5791 ού-

1861 3309 1910 3370 C

1957 674 2015 729 in
2049 691 2257 729 vanum
2307 675 2664 731 laborabitis.
2715 674 2819 730 Ubi
2871 679 3063 732 autem
3111 675 3233 744 illa,
3281 681 3347 732 ut
3389 687 3600 734 natura

1956 779 2295 850 praecribit,
2353 780 2704 848 dominatur,
2756 783 2953 838 omnia
3011 783 3154 840 bene
3211 783 3436 852 cedent,
3494 799 3600 840 nec

1959 886 2334 942 metuendum
2375 896 2460 942 est
2509 902 2581 943 ne
2625 887 2884 944 ordinem
2931 889 3316 945 intervertatis
3359 897 3414 945 et
3445 891 3598 946 malo

1958 995 2244 1066 principio
2276 1001 2476 1051 contra
2515 1002 2783 1052 naturam
2827 996 3180 1070 indulgeatis
3209 1005 3268 1054 et
3297 999 3596 1071 pravo'ju-

1957 1103 2109 1160 dicio
2138 1104 2334 1160 omnia
2363 1105 2752 1162 confundatis.

2015 1974 2107 2029 26.
2139 1974 2197 2031 Si
2227 1973 2482 2044 denique
2512 1972 2710 2028 anima
2739 1972 2998 2044 corporis
3029 1971 3453 2030 adminiculum
3485 1982 3592 2042 est,

1950 2079 2225 2152 nullaque
2255 2096 2317 2134 re
2360 2080 2432 2134 ad
2463 2079 2586 2134 suis
2624 2079 3111 2136 sustentationem
3143 2089 3292 2151 eget,
3323 2081 3422 2136 sed
3446 2079 3594 2135 illud

1949 2191 2139 2241 movet
2166 2189 2221 2241 et
2251 2185 2522 2252 viviﬁcat,
2554 2201 2583 2239 e
2623 2201 2862 2256 corpore
2901 2189 3097 2241 autem
3131 2185 3328 2242 exiens
3367 2186 3506 2241 facit
3534 2191 3600 2242 ut

1947 2293 2056 2349 hoc
2086 2309 2295 2363 corpus
2342 2291 2538 2347 subito
2587 2291 2945 2347 dissolvatur
2993 2297 3052 2349 et
3103 2291 3164 2348 in
3217 2291 3468 2348 nihilum
3501 2310 3599 2350 re—

1947 2403 2114 2471 deat;
2147 2402 2342 2458 anima
2379 2405 2577 2458 tamen
2609 2401 2997 2457 nihilominus
3039 2401 3338 2472 perdurat,
3377 2407 3436 2458 et
3463 2419 3596 2458 cor-

1947 2526 2084 2581 pore
2140 2513 2300 2566 tanto
2358 2509 2546 2579 major
2601 2512 2709 2574 est,
2771 2517 2989 2580 quanto
3051 2507 3296 2580 simplex
3334 2514 3596 2565 creatura

1947 2618 2136 2687 major
2163 2621 2252 2672 est
2271 2617 2618 2686 composita,
2645 2632 2768 2686 quae
2789 2630 2942 2670 nunc
2963 2619 3072 2678 est,
3101 2630 3251 2670 nunc
3275 2615 3591 2681 evanescit,

1945 2725 2439 2782 absurdissimum
2461 2739 2604 2780 sane
2619 2726 2776 2778 esset
2794 2726 2852 2778 et
2872 2721 3316 2790 stultissimum,
3335 2722 3590 2778 animam

1943 2834 2003 2888 in
2047 2831 2378 2888 servitutem
2427 2831 2704 2902 redigere,
2745 2828 2940 2898 reique
2982 2827 3300 2885 irrationali
3337 2836 3392 2884 et
3429 2845 3594 2885 mor—

1941 2937 2067 3008 tali,
2099 2937 2320 3008 corpori
2358 2937 2626 3008 inquam,
2678 2951 2801 2992 rem
2833 2935 3175 2992 rationalem
3205 2942 3259 2990 et
3289 2935 3592 2992 immorta-

1943 3045 2055 3102 lem
2104 3044 2408 3116 subjicere.
2461 3041 2725 3100 Plotinus
2773 3041 3008 3114 quidem
3063 3041 3356 3114 Egyptius
3387 3044 3485 3114 qui
3517 3043 3590 3098 de

1941 3169 2138 3210 rerum
2177 3151 2431 3208 essentia
2477 3149 2741 3206 eruditus
2782 3153 2843 3204 ut
2873 3163 3044 3204 nemo
3087 3148 3277 3220 magis
3325 3149 3588 3219 fuitcor-

1943 3261 2098 3332 poris
2130 3257 2434 3326 minorem,
2468 3255 2678 3311 anima
2709 3254 2994 3325 majorem
3028 3252 3231 3310 habuit
3260 3253 3544 3311 rationem
3571 3271 3586 3322 ;

1941 3379 2121 3437 quare
2181 3363 2330 3418 hanc
2388 3359 2632 3417 maximi
2695 3359 3027 3424 mstimavit,
3085 3357 3340 3430 corporis
3395 3365 3588 3417 autem

1939 3469 2336 3528 exsistentiam
2384 3470 2445 3524 in
2494 3468 2751 3524 inferiori
2805 3467 2930 3523 loco
2979 3467 3194 3538 posuit,
3245 3474 3306 3521 ut
3343 3467 3588 3524 Davides

1938 3593 2146 3647 corpus
2169 3590 2461 3631 carcerem
2493 3573 2814 3644 appellans,
2848 3573 3000 3630 unde
3019 3572 3176 3628 exire
3198 3572 3586 3644 maximopere

1938 3683 2392 3741 desiderandum
2447 3685 2555 3737 est.
2604 3681 2742 3748 Nos,
2775 3695 2807 3736 ο
2850 3679 3200 3735 stultitiaml
3233 3679 3446 3736 mentis
3475 3680 3582 3736 do-

1936 3791 2314 3848 minationem
2345 3788 2404 3844 in
2435 3787 2771 3844 servitutem
2801 3785 3152 3858 redegimus,
3177 3789 3234 3843 et
3252 3786 3333 3841 sic
3353 3800 3584 3842 summa

1938 3900 2071 3956 imis
2101 3897 2523 3954 confundentes
2554 3895 2723 3968 quasi
2751 3911 2812 3950 re
2863 3895 3010 3951 bene
3040 3897 3200 3966 gesta
3225 3893 3579 3967 gloriamur!

1935 4023 2042 4062 nos
2069 4005 2212 4061 citra
2242 4019 2479 4059 omnem
2529 4003 2807 4073 pudorem
2852 4017 2956 4056 nos
2991 4001 3128 4056 sitos
3160 3999 3487 4071 opinantes,
3513 4001 3584 4056 de

1937 4113 2096 4172 clade
2125 4111 2486 4170 exsultamus
2528 4109 2695 4182 quasi
2725 4109 2942 4166 nemini
2984 4109 3265 4166 ratidnem
3300 4109 3584 4165 reddituri

1935 4239 2032 4288 aut
2082 4228 2517 4286 retributionem
2567 4226 2882 4300 aliquando
2941 4227 3248 4295 accepturi.
3314 4229 3582 4282 Attamen

1937 4345 2220 4403 ratiocinii
2267 4344 2450 4401 solius
2488 4358 2594 4414 cpe
2634 4343 2740 4398 rite
2787 4345 2844 4396 et
2887 4341 3194 4396 hominum
3229 4357 3384 4397 more
3414 4357 3584 4413 agere

1933 4463 2210 4518 valemus.
2243 4459 2393 4514 Num
2440 4459 2602 4514 Plato
2650 4457 2722 4513 ob
2749 4457 2809 4511 id
2841 4458 2996 4527 quod
3032 4455 3332 4510 rationalis
3368 4471 3471 4510 nec
3503 4455 3581 4508 ir-

1935 4576 2234 4632 rationalis
2275 4579 2428 4629 esset
2469 4570 2833 4643 superbivit?
2863 4571 2977 4627 Nos
3010 4575 3204 4626 autem
3238 4570 3340 4642 qui
3371 4570 3582 4625 bestia-

1935 4710 2065 4748 rum
2097 4693 2280 4748 instar
2309 4690 2502 4762 pravis
2535 4688 2820 4744 servimus
2845 4685 3286 4757 cupiditatibus,
3314 4690 3579 4741 naturam

1937 4825 2242 4880 negamus.
2275 4807 2437 4862 Certe
2479 4805 2527 4860 si
2570 4805 2704 4876 quis
2747 4802 2980 4875 stupida
3013 4818 3119 4857 nos
3153 4801 3582 4876 alloqueretur,

1934 4943 2081 4998 egre
2137 4927 2439 4990 ferremus,
2501 4939 2605 4978 nec
2662 4921 2928 4977 videmus
2977 4937 3082 4976 nos
3130 4921 3286 4991 ipsos
3324 4919 3581 4974 stultitia)

1937 5043 2136 5100 morbo
2194 5041 2506 5106 laborare;
2558 5054 2673 5109 quo
2723 5037 2866 5092 nihil
2924 5036 3171 5107 turpius.
3223 5034 3372 5091 Dum
3420 5038 3578 5090 enim

1936 5157 2083 5230 parti
2115 5157 2324 5213 animae
2364 5154 2510 5211 male
2539 5169 2696 5210 sanae
2743 5149 3119 5219 attendimus,
3162 5149 3379 5206 mentis
3427 5165 3582 5206 sanas

1934 5273 2216 5328 rationem
2251 5268 2471 5323 nullam
2506 5267 2808 5331 habemus,
2842 5253 2896 5319 id
2930 5265 3086 5336 quod
3119 5262 3264 5319 nihil
3297 5262 3452 5319 aliud
3493 5273 3582 5319 est

1935 5387 2046 5443 nisi
2080 5385 2392 5448 dementia,
2444 5381 2627 5450 caligo
2659 5397 2786 5451 quae
2814 5395 2844 5435 e
2885 5378 3258 5451 passionibus
3296 5393 3578 5434 emanans

1928 5499 2219 5574 judicium
2253 5499 2528 5553 obscurat
2555 5501 2613 5549 et
2639 5495 2899 5550 animum
2931 5494 3002 5548 ad
3035 5509 3331 5549 servorum
3365 5493 3576 5548 fmdam

1933 5618 2319 5675 conditionem
2353 5613 2629 5670 detrudit.
2665 5612 2724 5666 In
2759 5591 3032 5665 omnibus
3069 5609 3246 5682 igitur
3276 5610 3418 5666 ratio
3443 5625 3576 5683 ope-

1933 5741 2106 5806 retur,
2139 5738 2195 5790 et
2225 5751 2315 5790 res
2349 5731 2520 5789 salvas
2550 5733 2741 5786 erunt.
