4096 6284
529 345 647 405 54⁵1

592 1196 683 1251 27.
719 1197 1108 1264 Ουωοιιιιᾳιιθ,
1165 1195 1273 1248 viri
1322 1194 1518 1263 amici,
1569 1198 1634 1250 ut
1683 1198 1973 1270 praecipua
2011 1205 2167 1257 statu

524 1318 714 1358 rerum
759 1303 1089 1356 nostrarum
1133 1298 1364 1370 politico
1405 1301 1623 1356 resumi
1667 1309 1936 1374 possunt,
1979 1307 2170 1364 hancce

526 1408 998 1483 proferam.Adeo
1029 1407 1128 1462 ille
1159 1409 1343 1463 lectus
1375 1415 1683 1480 sartusque
1713 1415 1822 1480 est,
1854 1417 1918 1468 ut
1950 1380 2168 1471 nemini

526 1521 610 1574 vel
640 1533 708 1574 ex
742 1516 810 1572 iis
844 1517 944 1588 qui
978 1513 1318 1570 calumniari
1350 1524 1549 1572 amant
1579 1517 1856 1589 deipsius
1877 1521 2172 1576 communi

529 1625 778 1682 utilitate
809 1623 1074 1679 dubitare
1109 1622 1294 1678 liceat.
1330 1621 1459 1678 Jam
1491 1623 1644 1679 enim
1677 1641 1880 1682 omnes
1911 1643 2033 1682 rem
2064 1645 2174 1684 no-

530 1741 707 1787 stram
739 1738 802 1786 ut
848 1729 1149 1786 oraculum
1181 1730 1500 1798 consulere,
1533 1736 1598 1786 ut
1629 1731 1811 1805 legem
1845 1735 2011 1805 sequi
2043 1751 2168 1806 pos.

529 1843 684 1894 sunt.
738 1838 863 1894 Duo
915 1837 1229 1909 praesertim
1281 1837 1338 1892 in
1381 1837 1531 1894 votis
1580 1847 1752 1895 sunt:
1805 1843 1870 1895 ut
1906 1858 2007 1897 vos
2039 1859 2169 1914 qua;

530 1946 794 2021 pracepi.
848 1948 1080 2000 strenue
1127 1942 1370 2013 faciatis,
1421 1949 1479 2001 et
1534 1951 1596 2001 ut
1644 1963 1845 2004 eorum
1889 1967 2015 2021 qua
2061 1954 2170 2006 Deo

527 2056 761 2128 auspice
806 2057 1064 2113 feceritis
1111 2059 1349 2116 aemulos
1389 2057 1654 2115 habeatis
1709 2060 1862 2130 apud
1891 2064 2170 2130 posteros.

529 2163 588 2219 Si
648 2164 804 2220 enim
863 2166 997 2219 boni
1054 2165 1216 2221 eritis
1277 2167 1410 2237 ipsi,
1471 2173 1536 2222 ut
1581 2173 1737 2224 certe
1767 2183 1896 2223 esse
1926 2169 2173 2235 debetis,

528 2287 702 2344 opera
731 2277 920 2328 vestra
967 2274 1200 2346 egregia
1247 2279 1440 2344 erunt,
1491 2279 1547 2330 et
1588 2276 1777 2331 cteri
1825 2279 2012 2330 vestro
2043 2292 2174 2347 per-

528 2380 670 2434 moti
717 2379 979 2452 exemplo
1023 2397 1123 2436 vos
1171 2381 1452 2438 imitando
1499 2381 1922 2438 aemulationem
1945 2383 2178 2440 exhibe-

527 2488 671 2544 bunt
701 2488 1013 2556 sinceram,
1068 2496 1125 2545 ut
1173 2505 1276 2562 pro
1307 2489 1496 2564 legum
1545 2493 1918 2563 praesentium
1969 2499 2175 2549 aucto-

529 2597 697 2652 ritate
727 2611 963 2652 cernere
992 2601 1081 2653 est
1110 2597 1337 2655 datum.

1375 351 1769 416 THEODULI
1817 351 2170 414 MONACHI
2213 351 2314 411 DE
2359 349 2661 412 SUBDIT.
2710 347 3061 411 OFFICIIS.

3784 350 3890 410 M8

2201 492 2257 558 Α
2289 480 2374 537 δέν
2406 481 2548 537 ἐστιν
2583 481 2658 543 εἷς
2691 480 2958 556 αἰσχύνην
2983 501 2995 513 ·
3033 479 3246 554 μᾶλλον
3293 478 3351 536 δὶ
3383 482 3446 536 τὸ
3492 479 3628 542 εἰκὸς
3676 481 3887 550 ἀπαντᾷ·

2204 1874 2249 1940 Β

2265 575 2346 643 τῷ
2394 572 2497 647 γὰρ
2536 576 2636 640 τῆς
2685 573 2874 648 ψυχῆς
2923 571 3112 644 ἀλόγῳ
3149 569 3534 646 προσέχοντες,
3585 567 3766 625 ούδένα
3806 574 3892 624 τοῦ

2270 657 2496 734 λογικοῦ
2558 657 2862 732 ποιούμεθα
2935 658 3101 738 λόγον
3129 679 3142 690 ·
3201 660 3265 714 τὸ
3323 657 3381 714 δὲ
3440 657 3642 732 μηδένα
3713 658 3889 714 τούτου

2268 750 2538 804 ποιεῖσθαι
2593 749 2763 826 λόγον
2820 746 2972 803 οὐδὲν
3025 747 3206 823 ἓτερον
3255 747 3290 817 ἢ
3344 750 3516 827 σαφής
3562 747 3698 802 ἐστιν
3749 747 3894 826 ἀφρο-

2273 839 2427 907 σύνη,
2487 841 2588 903 τῆς
2647 839 2752 892 ἀπὸ
2824 842 2931 893 τῶν
3001 840 3184 893 παθῶν
3247 839 3651 915 ἂναφερομὲνης
3712 835 3895 912 ἀχλύος

2275 927 2368 981 τὸν
2430 925 2706 1002 λογισμὸν
2774 925 3170 997 συνθολούσης,
3212 927 3303 981 καὶ
3357 925 3513 996 δίκην
3569 922 3894 1001 ἀνδραπόδων

2277 1013 2358 1091 ἐφ’
2389 1015 2422 1070 ἃ
2465 1019 2539 1088 μή
2603 1013 2685 1071 δεῖ
2739 1017 2829 1070 τὸν
2889 1017 3014 1070 νοῦν
3071 1017 3456 1086 κατασπώσης.
3491 1015 3767 1088 Χρηστέον
3820 1012 3898 1067 οὖν

2279 1107 2414 1177 ἡμῖν
2447 1104 2500 1160 ἰν
2534 1110 2764 1178 πᾶσιτῷ
2795 1104 2971 1180 λόγῳ,
3004 1107 3095 1161 καὶ
3118 1106 3272 1160 πάνθ’
3299 1103 3403 1175 ’ἑξει
3435 1103 3640 1166 καλῶς.

2346 1197 2448 1264 κζ’.
2497 1197 2565 1252 Ἃ
2627 1198 2745 1269 μὶν,
2804 1195 2850 1250 ὦ
2908 1194 3118 1271 ἄνδρες,
3184 1196 3416 1272 μέγιστα
3481 1196 3570 1250 καὶ
3639 1195 3901 1249 κοινότατα

2277 1285 2368 1340 καὶ
2430 1286 2685 1362 ὡσπερεὶ,
2744 1285 3012 1364 κεφάλαια
3090 1285 3394 1342 πολιτικῶν
3451 1285 3898 1362 παραγγελμάτων

2280 1377 2449 1433 εἰπεῖν
2526 1374 2629 1448 δεῖ,
2683 1376 2831 1430 ταῦτ’
2887 1373 3061 1430 ἔστιν’
3125 1375 3213 1431 ἐπὶ
3292 1376 3550 1430 τοσοῦτον
3625 1372 3895 1450 ἀσφαλείας

2280 1466 2367 1519 καὶ
2424 1465 2521 1519 τοῦ
2578 1462 2763 1525 καλῶς
2813 1461 3038 1537 ἔχοντος
3113 1462 3335 1534 ἥκοντα,
3386 1462 3477 1517 καὶ
3543 1463 3682 1517 οὕτω
3740 1464 3900 1537 σαφῶς

2282 1551 2728 1629 ἀποδεδειγμένα,
2781 1554 2854 1614 ὡς
2913 1554 2987 1624 μὴ
3050 1552 3107 1607 ἃν
3158 1553 3235 1606 ἑνὶ
3289 1549 3482 1624 μηδενῖ
3541 1552 3630 1605 καὶ
3680 1554 3778 1604 τῶν
3824 1548 3904 1622 βα-

2283 1641 2516 1697 σκαίνειν
2575 1641 2796 1697 εἰδότων
2853 1637 3216 1720 ἀμφισϐητεῖν
3275 1639 3346 1695 ἔθ’
3406 1639 3555 1702 ὅλως
3613 1640 3812 1708 ἐξεῖναι,
3849 1635 3902 1689 τὸ

2290 1735 2364 1806 μὴ
2426 1731 2487 1785 ού
2535 1729 2720 1795 καλῶς
2765 1731 2854 1786 καὶ
2907 1730 3296 1804 προσηκόντως
3351 1729 3621 1804 εἲρῆσθαι,
3675 1727 3763 1782 καὶ
3815 1731 3900 1794 τῆς

2284 1842 2343 1875 τε
2398 1827 2584 1890 κοινῆς
2643 1818 2934 1895 ὠφελείας,
2991 1823 3088 1873 τοῦ
3146 1839 3209 1896 γε
3258 1821 3377 1873 καθ’
3425 1816 3650 1874 ἕκαστον
3710 1815 3903 1871 λυσιτε-

2287 1909 2510 1971 λοῦντος
2569 1909 2766 1982 ἀξίως·
2823 1907 2972 1964 ἀλλά
3016 1909 3216 1964 τούτου
3265 1911 3313 1982 γ’
3367 1905 3542 1963 ἕνεκεν
3585 1909 3672 1962 καὶ
3723 1907 3901 1960 πάντας

2285 1999 2466 2070 ὥσπερ
2514 1999 2625 2054 τισὶ
2672 2004 2955 2078 χρησμοῖς
3001 1999 3034 2068 ἢ
3085 2000 3284 2070 νόμοις
3331 1997 3551 2058 τούτοις
3585 1996 3900 2072 κεχρῆσθαι·

2286 2085 2440 2144 διττά
2497 2085 2554 2142 δὲ
2612 2085 2721 2142 δεῖν
2775 2087 3031 2160 οἰόμενος
3083 2083 3360 2164 εὔχεσθαι,
3393 2086 3424 2140 ’ὰ
3485 2087 3581 2159 μὲν
3629 2090 3715 2140 νῦν
3762 2083 3901 2143 αὐτὸς

2285 2171 2442 2253 ἔφην,
2490 2179 2640 2231 ταῦθ’
2691 2177 2830 2248 ὑμᾶς
2881 2174 3217 2249 ἐνδεδεῖχθαι
3263 2180 3376 2236 τοῖς
3425 2170 3641 2251 ἔργοις·
3687 2174 3718 2228 a
3763 2172 3805 2228 δ’
3852 2171 3904 2225 ἃν

2287 2267 2442 2340 ὑμεῖς
2498 2271 2632 2322 Θεοῦ
2692 2263 2937 2328 διδόντος
3008 2263 3346 2336 ἐνδείξαισθε,
3404 2264 3613 2318 τούτων
3673 2261 3903 2333 ζηλωτὰς

2284 2355 2409 2418 τοὺς
2460 2355 2907 2432 ἐπιγιγνομένους
2971 2354 3237 2429 γενέσθαι,
3284 2354 3570 2428 περίεργον
3625 2353 3798 2426 ὥσπερ
3847 2350 3900 2403 τὸ

2285 2444 2532 2522 δεύτερον
2590 2445 2780 2518 κρίνω.
2841 2445 2964 2500 Ἐὰν
3023 2446 3131 2520 γὰρ
3185 2443 3346 2500 καλοὶ
3421 2443 3651 2518 κάγαθοὶ
3713 2439 3906 2517 γίνησίν

2286 2536 2463 2607 ὑμεῖς,
2493 2534 2580 2588 καὶ
2641 2532 2788 2595 οἵους
2852 2533 3014 2608 λόγος
3074 2530 3354 2606 βούλεται,
3416 2531 3570 2586 αὐτοί
3625 2552 3685 2585 τε
3737 2528 3905 2604 ἄριστα

2282 2627 2530 2699 πράξετε,
2575 2623 2856 2684 κάκείνυυς
2905 2621 2964 2677 ἂν
3009 2622 3069 2677 ἐκ
3113 2628 3220 2677 τῶν
3277 2623 3558 2696 ὑμετέρων
3607 2619 3906 2692 ἐνδοσίμων,

2283 2713 2339 2768 εὖ
2385 2713 2510 2768 οἶδα
2556 2715 2647 2768 καὶ
2703 2715 3018 2786 πέπεισμαι,
3069 2712 3380 2768 τοιουτουσὶ
3428 2719 3779 2780 καταστῆναι,
3824 2711 3904 2762 τοῦ

2284 2802 2457 2874 ζήλου
2490 2802 2579 2858 διὰ
2607 2805 2818 2858 πάντων
2853 2803 3107 2858 ἑκάστοτε
3163 2800 3558 2876 παραπλησίου
3598 2804 3903 2880 χωροῦντος,

2280 2894 2469 2948 ὃκᾶπὶ
2525 2898 2631 2948 τῶν
2689 2893 2802 2947 νυνὶ
2850 2894 3205 2948 καθεστώτων
3265 2893 3448 2964 νόμων
3515 2887 3721 2965 συμϐὰν
3769 2890 3898 2960 θ’σμεν

2279 2985 2603 3058 τοεξαρχῆς.

822 3178 1079 3218 EJUSDBM
1116 3179 1398 3218 THEODULI
1442 3180 1563 3219 θινὶ-ε
1602 3181 1812 3219 ΤΙΟΜΕ
1850 3181 2119 3220 Μιῦιετειι
2156 3182 2227 3220 ΤῙἽ

2280 3182 2344 3220 'Ll
2385 3182 2712 3221 ORATIONUM
2752 3182 2876 3220 ALIO
2913 3181 3179 3220 TEMPORE
3220 3181 3575 3220 EDENDLBUM
3609 3167 3649 3222 ’.

544 3321 632 3382 Εἷς
664 3320 752 3375 τὸν
787 3322 941 3396 ἅγιον
972 3322 1225 3389 Ἰωάννην
1262 3323 1350 3376 τὸν
1382 3324 1690 3392 Βαπτιστήν
1723 3322 2015 3397 ἐγκώμιον.

538 3409 695 3484 Ὑπὲρ
727 3409 1043 3467 Ὀλυνθίων.

536 3498 627 3560 Εἰς
651 3500 716 3554 τὸ
747 3498 1009 3555 ἐναντιον.

533 3586 862 3651 ’Δνάπλους.

531 3681 673 3753 Πρὸς
707 3679 935 3752 βασιλέα
965 3676 1353 3754 πρεσϐευτικὸς
1388 3685 1518 3755 ὑπὲρ
1551 3681 1886 3758 Χανδρηνοῦ.

525 3770 668 3841 Πρός
725 3789 846 3823 τινα
895 3766 1227 3838 ἀδικήσαντα
1275 3771 1363 3824 καὶ
1417 3769 1570 3839 δίκην
1625 3769 1783 3828 δόντα
1829 3773 1921 3826 καὶ
1971 3769 2175 3844 δυσχε-

597 3857 844 3930 ραίνοντα
902 3855 990 3912 διὰ
1043 3859 1105 3913 τὸ
1157 3860 1233 3930 μή
1289 3860 1432 3932 παρὰ
1479 3858 1745 3915 δικαστῶν
1804 3860 1954 3915 τουτὶ
2015 3881 2176 3936 γεγε-

2211 3327 2253 3392 C

2364 3325 2582 3392 νῆσθαι.

2287 3410 2586 3480 Ἐπιστολή
2617 3417 2696 3483 τῷ
2735 3412 2910 3485 κυρίῳ
2945 3413 3169 3489 Ἰωσήφ.

2287 3501 2586 3570 Ἐπιστολή
2617 3506 2695 3572 τῷ
2728 3503 2902 3575 κυρίῳ
2933 3501 3197 3576 Ἱεροθέῳ.

2285 3591 2732 3646 Θεσσαλονικεῦσι
2763 3590 2887 3663 περὶ
2921 3590 3203 3664 ὁμονοίας.

2283 3683 2438 3755 Ὑπὲρ
2471 3681 2825 3758 Κυναιγείρου
2857 3683 2956 3754 (1).

2286 3773 2442 3842 Ὑπὶρ
2482 3769 2872 3848 Καλλιμάχου.

2290 3861 2676 3936 Προσφώνημα
2713 3865 2792 3931 τῷ
2827 3860 3050 3934 μεγάλῳ
3083 3857 3412 3933 δομεστίκῳ.

593 4039 670 4108 (1)
702 4038 831 4095 Ηωο
861 4045 917 4096 et
946 4056 1198 4112 sequens
1229 4041 1412 4097 oratio
1442 4042 1681 4098 diversae
1712 4046 1854 4098 sunt
1882 4043 1954 4098 ab
1987 4043 2161 4098 editis
2191 4039 2518 4098 Polemonis
2549 4041 2619 4096 de
2649 4040 2851 4096 eodem
2883 4043 3246 4111 argumento.

583 4183 602 4202 '
634 4182 783 4242 Quod
814 4197 920 4234 non
951 4184 1214 4250 praestitit.
1246 4189 1416 4236 morte
1443 4191 1762 4250 preventus.
1795 4187 2102 4238 Orationem
2136 4200 2229 4250 pro
2260 4186 2584 4237 Chandreno
2615 4187 2790 4235 Graios
2824 4183 2999 4234 edidit
3032 4183 3444 4234 Boissonadius:
3479 4185 3700 4251 reliquas
3728 4184 3893 4235 adhuc

523 4267 712 4317 latent.
