4096 6284
2134 421 3694 460 W

288 427 2126 470 Μ

1598 659 1678 704 ΔΝ
1688 659 1768 704 N0
1824 657 2037 703 DOIINI
2079 655 2390 701 XCCCXXXV

744 842 2029 1015 NICEPHOBUS
2149 838 3235 1007 CALLISTUS

1350 1159 2617 1290 XANTHOPULUS

1234 1529 1765 1614 NOTI’I‘IA
1885 1527 2041 1610 EX
2148 1522 2765 1610 FABRICIO

1317 1730 1589 1792 (Biblioth.
1622 1729 1710 1779 Gr.
1747 1729 1833 1778 ed.
1875 1728 2076 1786 Harios,
2121 1732 2250 1778 tom.
2284 1727 2416 1784 VIII,
2459 1742 2511 1790 p.
2541 1728 2674 1790 437.)

1968 1895 2037 1904 -ρ-

356 2055 722 2127 Nioephorus
753 2053 1018 2109 Callistus
1060 2051 1496 2122 Xanthopulus,
1543 2049 1866 2106 Callistides
1905 2051 2024 2107 sive
2062 2052 2279 2106 Callisti
2326 2048 2664 2116 Xanthoyuli
2695 2036 2873 2115 ﬁlius,
2934 2048 3242 2103 Historiam
3275 2063 3437 2103 suam
3469 2045 3680 2103 obtulit

293 2146 626 2200 Andronico
674 2143 995 2214 Palaeologo
1029 2141 1361 2211 imperatori
1384 2141 1512 2210 jam
1546 2139 1670 2195 seni
1702 2141 1801 2213 (a),
1834 2140 1934 2212 qui
1964 2142 2026 2195 A.
2054 2140 2115 2195 C.
2155 2141 2290 2195 1327
2323 2139 2768 2210 septuagenario
2805 2138 2988 2206 major
3019 2138 3162 2193 obiit
3193 2155 3206 2191 :
3241 2137 3479 2208 ipseque
3511 2143 3694 2192 testa-

293 2241 386 2288 tur
415 2250 544 2289 eam
578 2249 643 2288 ee
673 2232 731 2286 in
766 2233 1067 2301 juventute
1122 2230 1372 2284 scribere
1430 2244 1790 2299 aggressum,
1827 2230 2146 2285 absolvisse
2203 2245 2335 2284 cum
2393 2244 2612 2283 annum
2660 2229 2845 2282 astatis
2901 2228 2970 2282 36
3004 2229 3262 2283 nondum
3319 2243 3595 2282 emensus
3625 2227 3700 2298 (b)

293 2331 456 2389 esset,
519 2323 910 2392 adjutumque
962 2318 1305 2374 bibliotheca
1365 2317 1587 2372 Sancta
1645 2318 1870 2389 Sophia;
1923 2317 2089 2374 CPoli
2140 2319 2234 2389 (ε),
2295 2319 2354 2374 in
2418 2335 2532 2388 qua
2579 2318 2776 2372 ﬂorem
2827 2319 3010 2371 (etatis
3052 2314 3358 2388 transegit,
3402 2315 3701 2371 Michaelis

295 2411 598 2482 Palasologi
635 2409 1000 2482 imperatoris
1031 2419 1086 2464 et
1117 2407 1435 2463 Andronici
1469 2407 1692 2479 nepotis
1735 2407 2002 2462 meminit
2033 2409 2092 2463 in
2124 2408 2387 2479 catalago
2419 2407 2830 2478 imperatorum
2866 2404 3041 2462 CPoI.
3075 2405 3151 2476 (ά)
3186 2422 3198 2460 :

1324 2532 1591 2620 Ααμπρὸξ
1626 2530 1863 2620 Militi.)
1919 2530 2309 2620 ἱΠξιξιαιολόγρς
2338 2531 2520 2620 τρίτος

1319 2601 1526 2678 ’ξΟν-ςως
1563 2601 1818 2676 βασιλέὺς
1846 2605 1934 2657 καὶ
1969 2602 2160 2678 λόγοις
2192 2601 2281 2658 ut
2313 2601 2619 2678 πρατςτέως.

1326 2671 1667 2748 Ἀνδρόνίκος
1709 2680 1835 2736 παῖς
1871 2671 2146 2748 συνδρόμή
2179 2680 2287 2730 τῶν
2330 2671 2590 2750 χαρίτων.

375 2805 508 2867 Quin
568 2803 641 2858 ad
674 2801 816 2872 imp.
850 2800 1092 2856 Joannis
1149 2801 1536 2857 Cantacuzeni
1594 2810 1855 2873 tempora
1885 2802 2214 2873 pervenisse
2262 2806 2433 2874 atque
2480 2804 2622 2860 adeo
2656 2802 2808 2858 circa
2840 2803 3097 2857 medium
3157 2801 3348 2857 seculi
3380 2819 3475 2858 xw
3508 2801 3700 2859 adhuc

318 2891 520 2960 vixisse,
553 2909 622 2947 ex
655 2891 922 2961 Catalogo
982 2891 1466 2963 patriarcharum,
1499 2893 1567 2949 de
1617 2909 1730 2963 quo
1777 2893 1948 2959 infra,
1998 2909 2334 2964 cognoscas.
2393 2897 2628 2949 Textant
2673 2893 2922 2949 Historiae
2952 2893 3346 2949 Ecclesiasticae
3378 2894 3512 2949 libri
3540 2895 3701 2948 XVIII

318 2983 504 3054 (neque
534 2981 738 3054 plures
768 2985 906 3036 tunc
936 2979 1118 3035 libros
1151 2981 1456 3051 scripsisse
1487 2997 1550 3036 se
1581 2997 1711 3053 pag.
1771 2982 1840 3036 38
1880 2982 2239 3052 Nicephorus
2269 2986 2393 3054 ipse
2424 2989 2622 3040 auctor
2651 2985 2761 3054 et)
2793 3000 2826 3038 a
2873 2987 3006 3038 nato
3037 2983 3266 3039 Christo
3299 2983 3366 3039 ad
3398 2983 3699 3039 interitum

315 3085 474 3141 usque
507 3071 739 3130 Phocis,
773 3069 832 3124 h.
866 3084 916 3124 e.
974 3070 1044 3124 ad
1075 3071 1138 3124 A.
1175 3070 1232 3124 C.
1293 3070 1419 3138 610,
1455 3085 1521 3125 ex
1579 3071 1849 3131 Eusebio.
1883 3072 2226 3140 Sozomeno,
2258 3073 2513 3138 Socrate,
2540 3073 2918 3138 Theodoreto,
2942 3072 3367 3144 'Philostorgio,
3401 3073 3702 3129 Theodoro

307 3166 551 3227 Lectore,
597 3160 810 3215 Basilio
851 3159 1044 3227 Cilice,
1094 3161 1332 3232 Evagrio
1365 3161 1534 3232 (quos
1567 3178 1696 3232 pag.
1729 3162 1798 3216 35
1831 3163 2178 3219 nominatim
2211 3163 2434 3235 laudat)
2468 3163 2718 3234 aliisque
2749 3164 3021 3219 contexti.
3058 3164 3239 3234 Igitur
3275 3179 3402 3234 quae
3435 3168 3564 3234 post
3593 3180 3700 3218 ar-

303 3258 578 3322 gumenta
609 3250 889 3304 librorum
922 3249 1097 3306 XVIII
1129 3253 1458 3320 sequuntur
1514 3267 1641 3322 pag.
1707 3253 1773 3304 42
1804 3262 2147 3323 argumenta
2177 3253 2310 3308 libri
2369 3254 2496 3308 XIX
2526 3259 2580 3309 et
2638 3253 3008 3324 sequentium
3069 3269 3252 3323 usque
3283 3254 3355 3309 ad
3413 3253 3615 3318 XXIII,
3649 3260 3706 3309 et

302 3346 545 3396 mortem
577 3340 782 3395 Leonis
813 3339 1148 3410 Philosophi
1193 3340 1312 3394 sive
1354 3341 1418 3394 A.
1476 3340 1535 3396 Ο.
1593 3341 1718 3408 911,
1779 3344 1849 3396 ab
1907 3342 2020 3398 alio
2069 3348 2300 3398 auctore
2356 3360 2430 3399 an
2462 3343 2782 3414 Nicephoro
2837 3345 2964 3414 ipso
3013 3344 3274 3399 additam
3307 3358 3411 3401 nec
3443 3344 3697 3416 amplius

297 3436 622 3487 exstantem
654 3429 918 3485 Historia
949 3431 1448 3486 continuationem
1484 3431 1820 3501 respiciunt,
1855 3437 1909 3486 et
1941 3433 2012 3488 ab
2050 3433 2363 3503 interprete
2393 3433 2597 3490 Latino
2623 3435 2714 3490 Jo.
2749 3435 2944 3506 Lango
3011 3439 3150 3489 sunt
3181 3434 3398 3503 rejecta
3447 3435 3519 3490 ad
3577 3434 3700 3490 eal-

296 3537 412 3576 cem
448 3520 666 3590 operis.
709 3519 1214 3584 Quemadmodum
1276 3537 1444 3591 porro
1504 3521 1576 3574 ab
1625 3521 1751 3592 styli
1785 3522 2129 3594 elegantiam
2164 3523 2492 3593 Thucydides
2548 3524 2947 3580 ecclesiasticus
3004 3522 3100 3579 hic
3138 3523 3500 3595 Nicephorus
3533 3524 3693 3578 audit

294 3612 520 3667 olariss.
554 3610 1058 3675 Schurzﬂeischio,
1094 3612 1173 3666 ita
1202 3628 1236 3666 a
1285 3611 1346 3665 Β.
1397 3611 1622 3668 Joanne
1661 3611 1958 3668 Gerhardo
1988 3613 2060 3668 ob
2095 3614 2322 3669 fabulas
2374 3615 2446 3685 (θ)
2486 3615 2587 3686 qui
2620 3616 2846 3680 miscet,
2880 3614 3270 3683 Theolagorum
3300 3613 3540 3668 Plinium
3587 3629 3695 3684 ap-

295 3701 502 3772 pellari
565 3700 728 3753 video
763 3715 889 3770 pag.
923 3699 1030 3755 258
1058 3699 1291 3755 Methodi
1319 3699 1491 3754 studii
1517 3700 1686 3755 theol.
1721 3701 1883 3756 Illius
1906 3706 2100 3756 tamen
2135 3704 2341 3771 pannis
2381 3719 2701 3773 purpuram
2734 3703 3081 3774 quandoque
3123 3703 3401 3757 intextam
3425 3717 3492 3757 ex
3524 3701 3691 3756 bonis

288 3793 382 3861 qui
420 3789 645 3860 periere
675 3789 1082 3858 scriptoribus,
1118 3799 1264 3844 recte
1298 3797 1486 3844 monet
1519 3789 1807 3857 Labbeus,
1841 3794 1880 3843 t.
1914 3789 1981 3858 ll,
2018 3795 2095 3845 De
2117 3791 2172 3846 S.
2209 3791 2269 3846 E.
2300 3808 2356 3862 p.
2396 3793 2515 3846 102.

356 3880 636 3936 Prodiere
675 3878 808 3933 libri
864 3880 950 3934 illi
1003 3880 1195 3945 XVIII,
1245 3894 1500 3951 quorum
1560 3881 1760 3951 primas
1795 3879 1973 3935 littera

2071 3895 2238 3936 omen
2271 3881 2586 3954 Νικηφόρου
2631 3879 2940 3936 Καλλίστου
2991 3883 3267 3941 referunt.
3300 3897 3367 3936 ex
3395 3881 3479 3936 Jo.
3515 3879 3687 3947 Langi

285 3968 736 4040 Erphurdiensis
765 3970 1029 4022 versione
1062 3969 1279 4034 Latine,
1311 3969 1517 4023 Basile.
1555 3969 1712 4037 1553,
1745 3967 1870 4036 fol.,
1897 3973 1954 4024 et
1989 3984 2056 4024 ex
2089 3971 2268 4025 altera
2297 3971 2423 4041 ejus
2460 3971 2851 4042 recognitione
2873 3971 3011 4024 ibid.
3053 3971 3206 4037 1561,
3243 3970 3365 4036 fol.,
3399 3985 3532 4024 cum
3567 3970 3694 4039 ejus

286 4059 690 4123 scholiis,tuzn
734 4062 1020 4129 Antwerp.
1079 4059 1213 4112 1530
1245 4078 1258 4126 ;
1309 4060 1485 4114 Paris.
1530 4059 1685 4120 1562,
1745 4059 1906 4125 1573;
1937 4059 2201 4114 Francol.
2241 4061 2407 4128 1588;
2441 4060 2562 4126 τοι..
2593 4062 2771 4116 Paris.
2828 4062 2983 4127 1566,
3015 4062 3080 4128 8;
3137 4061 3366 4116 duobus
3404 4061 3514 4115 vol.
3553 4077 3566 4113 :
3604 4060 3708 4114 sed

285 4157 335 4206 et
365 4149 586 4206 Gallice
643 4149 954 4219 interprete
985 4148 1072 4203 Jo.
1127 4148 1354 4213 Gilloto,
1418 4149 1600 4204 Paris.
1641 4149 1794 4216 1567,
1853 4147 1982 4218 fol.;
2016 4149 2268 4223 denique
2320 4151 2513 4207 Greece
2569 4158 2628 4207 et
2657 4146 2854 4207 Latine
2922 4149 3099 4207 Paris.
3136 4151 3296 4213 1630,
3346 4149 3443 4206 fol.
3475 4151 3530 4205 2.
3574 4148 3701 4203 Vol.

285 4257 416 4296 cum
451 4239 630 4311 Langi
685 4239 968 4306 versione,
1004 4255 1102 4309 per
1153 4243 1501 4295 Frontonem
1559 4239 1856 4304 Ducieum,
1893 4244 1956 4295 ut
1998 4241 2168 4296 habet
2218 4241 2448 4309 titulus,
2510 4243 2838 4313 recognita;
2899 4245 2999 4295 sed
3033 4240 3418 4296 Combelisius
3462 4239 3518 4293 in
3556 4238 3699 4292 Bibl.

285 4332 723 4397 Concionatoria,
776 4329 968 4400 Langi,
1019 4329 1228 4401 inquit,
1271 4332 1696 4401 recognoscenda
1746 4333 1990 4387 versione
2023 4336 2074 4386 et
2121 4331 2459 4400 castigandis
2488 4332 2696 4387 notulis
2726 4349 2842 4404 quae
2875 4333 3082 4403 passim
3123 4343 3358 4401 aspersas
3397 4334 3544 4392 sunt,
3577 4345 3698 4384 ma-

285 4423 457 4490 iorem
492 4421 679 4478 Ducxi
734 4419 1085 4488 diligentiam
1140 4419 1356 4488 vellem,
1410 4420 1470 4474 ni
1524 4422 1666 4488 forte
1722 4421 2052 4493 typoyraphi
2110 4423 2170 4476 in
2231 4438 2357 4477 eum
2389 4421 2722 4478 liberaliores
2751 4424 2927 4488 fuere,
2956 4422 3176 4492 eiusque
3215 4420 3452 4491 przﬂxo
3484 4420 3703 4473 nomine

288 4513 579 4570 voluerunt
613 4511 744 4565 libri
773 4511 1016 4581 pretium
1047 4526 1266 4580 augere.
1301 4514 1497 4566 Graeca
1528 4528 1560 4565 a
1591 4511 1795 4566 Duczeo
1856 4511 2144 4582 descripta
2173 4518 2313 4567 sunt
2343 4528 2373 4566 e
2403 4513 2598 4568 codice
2628 4512 2769 4566 olim
2801 4528 2950 4567 usus
2980 4513 3229 4583 Langus,
3263 4515 3318 4565 et
3349 4509 3442 4579 qui
3485 4508 3696 4563 unicus

289 4602 546 4659 creditur
577 4600 751 4656 hodie
781 4616 1077 4673 superare,
1113 4601 1330 4672 quique
1360 4617 1428 4656 ex
1461 4600 1708 4655 Matthiae
1742 4600 1969 4656 Corvini
2003 4601 2139 4656 bihl.
2174 4600 2427 4657 Budensi
2464 4603 2724 4673 direptus
2779 4602 2918 4656 olim
2973 4619 3007 4656 a
3035 4603 3256 4669 Turcis,
3312 4603 3370 4653 at
3400 4598 3560 4654 CPoli
3605 4613 3700 4652 re-

291 4693 568 4766 demptus
596 4692 668 4748 ab
699 4691 938 4748 homine
968 4691 1298 4748 Christiano
1328 4692 1558 4748 devenit
1589 4692 1648 4746 in
1684 4691 1819 4746 bibl.
1855 4692 2174 4748 Casaream
2206 4693 2273 4764 (Γ)
2311 4692 2843 4758 Vindobonensem,
2895 4691 2993 4747 ubi
3025 4691 3312 4762 hodieque
3350 4690 3702 4744 asservatur.

365 4884 440 4952 (a)
495 4882 858 4953 Nicephorus
916 4881 974 4936 in
1008 4881 1366 4955 dedicatione
1422 4883 1556 4955 Hist.
1615 4881 1810 4955 Egcles.
1873 4883 1943 4937 ad
2057 4884 2191 4938 Hist.
2225 4885 2381 4955 Byz.,
2420 4901 2473 4954 p.
2506 4884 2611 4939 34:
2673 4900 2808 4939 nam
2843 4883 2940 4954 qui
2975 4884 3051 4939 ibi
3107 4879 3705 4955 7de_junioribusim-

295 4949 451 5024 hune
484 4949 874 5008 Andronicum
907 4969 1036 5024 pag.
1068 4954 1140 5007 20
1173 4971 1184 5008 :
1221 4953 1316 5006 Καὶ
1348 4973 1403 5006 σε
1435 4951 1624 5023 οἷόμαι
1649 4949 1737 5006 διὰ
1781 4955 1911 5006 ταῦτ

2088 4949 2434 5010 ιθνειιοιῖὶὺυέ
2455 4961 2782 5024 sequuntur
2811 4949 3032 5019 versus,
3067 4954 3137 5010 ab
3169 4949 3281 5008 alio
3337 4953 3570 5007 fuerunt
3599 4951 3705 5006 ad-

294 5025 383 5078 καὶ
429 5023 484 5085 ἐς
521 5024 785 5098 μήκιστόγ
843 5023 925 5077 σοὶ
978 5024 1249 5098 βιώσιμον
1297 5025 1700 5097 προσγενέσθαι.
1747 5026 1907 5095 Itaqu

2087 5027 2183 5093 ,iti,
2217 5027 2411 5096 itaque
2444 5023 2628 5096 neque
2678 5027 2736 5081 in
2779 5025 2956 5082 altero
3013 5025 3459 5098 codice7Regio,
3519 5039 3704 5094 neque

300 5116 350 5165 p.
383 5098 415 5148 7
455 5115 466 5150 :
528 5097 685 5156 ἄνθος
747 5095 889 5169 ὥρας
948 5095 1062 5151 non
1115 5095 1471 5152 reddendum
1530 5100 1711 5169 atatis
1756 5099 1946 5169 ﬂoset
2057 5099 2112 5151 in
2174 5098 2292 5151 ullo
2322 5095 2433 5166 quo
2467 5095 2610 5152 usus
2641 5098 2898 5152 Joannes
2939 5099 3188 5166 Langus,
3231 5095 3522 5167 leguntur.

299 5171 468 5238 vigor,
529 5169 629 5241 sed
688 5165 1135 5241 ﬂos'7oenustatis
1160 5171 1265 5238 (1);
1301 5169 1382 5222 uti
1432 5186 1486 5239 p.
1534 5172 1624 5232 24,
1667 5167 1694 5220 ὁ
1755 5165 1942 5240 Ἀρίσ-
2126 5170 2196 5241 (ε)
2229 5165 2434 5241 Confer
2464 5170 2895 5235 Casaubonum,
2932 5165 3122 5224 Exerc.
3162 5170 3208 5236 1,
3246 5165 3313 5223 in
3346 5169 3702 5241 Baron.seo_t:

291 5237 466 5299 τωνος
502 5239 649 5294 male
682 5239 946 5294 redditur
977 5241 1288 5301 Aristonus.
1323 5237 1453 5294 cum
1488 5237 1827 5296 vertendum
1870 5241 1948 5294 sit
2061 5237 2150 5307 17';
2181 5237 2499 5306 'Camerar,
2541 5243 2610 5296 ad
2643 5241 2810 5296 Joan.
2844 5257 2920 5307 ιι,
2951 5242 3006 5308 1;
3062 5241 3261 5296 Bezam
3293 5239 3362 5294 ad
3406 5241 3527 5292 Act.
3563 5255 3602 5304 1,
3642 5237 3707 5290 13

295 5311 564 5366 Aristonis
597 5312 679 5376 F.,
705 5327 915 5382 nempe
950 5309 1127 5366 Plato.
2053 5320 2109 5366 et
2141 5311 2424 5367 Blondelli
2455 5312 3056 5382 Speudoisidorum.p.
3091 5312 3156 5366 37
3191 5331 3204 5378 ;
3239 5308 3703 5366 Possovinumin

363 5384 436 5453 (b)
471 5382 595 5437 Lib.
630 5397 668 5442 1.
704 5398 829 5453 cap.
868 5385 893 5436 1
947 5399 1076 5453 pag.
1108 5383 1195 5437 43.
2056 5386 2356 5453 Apparatu,
2388 5387 2498 5438 etc.

361 5451 436 5523 (c)
468 5455 582 5508 Lib.
618 5471 656 5519 1,
683 5451 810 5526 cap.
837 5454 894 5526 71,
930 5451 1056 5525 pagi.
1092 5454 1181 5526 377.
1210 5525 1213 5526 7
1247 5525 1254 5526 7
1505 5525 1510 5526 7
2098 5451 2190 5526 _(f)
2223 5455 2431 5509 Confer
2489 5453 2881 5520 Lambecium,
2933 5455 3002 5526 de
3045 5453 3185 5508 Bibl.
3226 5453 3447 5510 Vindob.
3508 5451 3607 5506 lib.
3659 5468 3698 5519 1,

363 5527 436 5596 (ά)
488 5527 654 5597 Apud
725 5524 1062 5596 Philippum
1122 5525 1415 5580 Labbeum
1500 5525 1559 5580 in
1609 5528 1944 5597 Protreptico
2053 5524 2180 5598 pag.
2207 5527 2308 5581 108
2338 5542 2484 5596 seq.,
2523 5526 2623 5580 152
2651 5540 2810 5594 seqq.
2851 5529 2909 5580 et
2937 5524 3038 5581 lib.
3062 5541 3186 5580 VIII.

345 5730 416 5790 (1)
435 5731 576 5781 Nihil
607 5730 922 5781 mutandum
944 5743 1254 5790 censemus;
1282 5731 1380 5780 hoc
1407 5735 1601 5783 etenim
1624 5733 1736 5784 loco
1763 5739 1947 5784 auctor
1965 5734 2115 5784 dotes
2134 5737 2416 5785 enumerat
2435 5732 2929 5798 qunAodronicum
2955 5734 3206 5797 juvenem
3231 5736 3529 5787 ornabant.
3548 5735 3690 5787 Enn.
