4096 6284
456 398 574 457 555
1653 397 2073 459 NICEPHORI

2245 391 2644 458 ALLISTUS.
3741 395 3857 456 556

525 526 792 603 Τριῳδίου
825 529 1041 603 σύνοψις
1071 524 1452 604 ἀκριϐεστάτη.

523 620 808 677 Volumen
841 624 1026 676 totum
1057 620 1281 677 claudit
1308 616 1447 693 εὖχή
1478 617 1960 696 ἐξομολογήσεως,
1985 635 2140 692 pros

931 635 1026 675 um
1057 620 1281 677 claudit
1308 616 1447 693 εὖχή
1478 617 1960 696 ἐξομολογήσεως,
1985 635 2177 692 prosa,
2210 636 2326 675 non
2356 634 2548 675 versu.

526 711 702 768 Manu
729 710 947 766 exarati
975 709 1297 766 etiamnum
1327 710 1386 764 in
1418 710 1786 769 bibliothecis
1844 716 2160 767 occurrunt
2188 710 2367 780 hujus
2433 708 2743 782 Nicephori
2809 711 3010 785 hymni
3050 714 3217 785 varii,
3263 722 3325 770 ut
3384 708 3748 788 χαιρετισμός
3805 713 3866 764 in

458 803 522 859 Β.
562 801 860 870 Virginem.
894 800 1097 871 Incipit
1132 817 1145 856 :
1204 799 1397 873 Χαῖρε,
1428 797 1671 875 ἀνωτὲρα
1725 804 1834 854 τῶν
1892 804 2075 875 νοιρῶπ

2245 799 2356 855 lric.
2387 832 2458 841 —
2500 800 2696 856 Exstat
2753 801 2812 856 in
2870 804 3000 859 cod.
3037 803 3166 874 299,
3206 822 3264 861 n.
3330 805 3384 873 6,
3418 806 3488 860 de
3543 819 3662 875 quo
3697 800 3862 873 plura

456 893 691 963 scripsit
728 891 994 947 Lambec.
1028 891 1353 946 Comment.
1385 896 1528 946 tom.
1560 893 1630 959 V,
1664 907 1796 963 pag.
1828 891 1955 947 563.
1986 921 2055 931 ——
2094 891 2160 945 In
2190 892 2315 947 cod.
2348 890 2473 951 343.
2503 907 2560 945 n.
2605 891 2691 958 11,
2727 890 2910 948 Paris.
2946 893 3088 950 bibl.
3127 894 3288 967 publ.
3322 898 3465 950 sunt
3510 891 3865 963 Xantbopuli

459 980 677 1037 Verus
706 980 942 1037 iambici
971 980 1042 1035 de
1073 979 1379 1035 duodecim
1413 979 1578 1037 festis
1609 980 1952 1037 Dominicis.
1989 980 2187 1053 (Harl).

528 1072 787 1142 Traparia
841 1068 965 1137 duo,
1000 1071 1062 1123 in
1115 1068 1379 1137 eamdem,
1411 1070 1614 1126 ordine
1671 1070 2011 1142 alphabeti:
2073 1087 2145 1124 un

2239 1087 2253 1124 ι
2305 1068 2530 1140 incipit,
2583 1070 2856 1142 ’Δχραντε
2919 1070 3159 1145 Παρθὲνα
3220 1079 3391 1147 μῆτερ
3451 1075 3608 1139 Θεοῦ,
3669 1071 3856 1140 πάσης

453 1158 798 1235 ἀνθρωπίνης
830 1156 1083 1232 βοηθείας
1115 1156 1428 1221 ἀπολυθείς.
1461 1159 1744 1229 Alterum,
1778 1164 2056 1233 ’Ἄχραντα
2107 1157 2361 1233 Παρθένε,
2396 1163 2567 1233 μῆτερ
2629 1161 2782 1228 Θεοῦ,
2815 1161 2849 1229 ἡ
2912 1156 3271 1235 δεδοξασμένῃ
3335 1162 3466 1235 ὑπὲρ
3525 1167 3696 1216 πᾶσαν
3757 1163 3867 1240 φύ-

456 1270 538 1307 σιν
574 1249 812 1324 βροτῶν.
848 1248 1056 1321 (Fabr.)
1087 1279 1158 1289 ——
1189 1247 1247 1305 ln
1304 1250 1428 1306 cod.
1463 1249 1897 1306 Vindobonensi
1954 1248 2213 1305 Caesareo
2240 1248 2365 1318 299,
2423 1265 2479 1303 n.
2515 1250 2567 1309 6,
2602 1248 2865 1320 Troparia
2921 1250 3028 1306 duo
3059 1251 3119 1306 in
3181 1252 3387 1323 Virgin.
3422 1252 3685 1320 Mariam,
3711 1257 3865 1308 teste

454 1341 724 1398 Lambec.
757 1340 977 1397 Comm.
1011 1344 1153 1395 tom.
1186 1341 1256 1400 V.
1290 1354 1420 1410 pag.
1454 1340 1584 1394 E63.
1617 1339 1820 1411 (Harl.)

529 1430 828 1505 Συναξᾶρια
858 1427 935 1490 εἷς
964 1429 1060 1490 τὰς
1093 1426 1400 1501 ἐπισήμους
1429 1432 1525 1483 τοῦ
1578 1424 1838 1502 τριῳδίου
1898 1426 2107 1503 ἑορτὰς,
2140 1469 2146 1481 .

2253 1430 2462 1484 axaria
2516 1430 2575 1483 in
2648 1432 2931 1503 prxcipua
2984 1432 3198 1488 Triodii
3250 1436 3411 1504 festa,
3457 1432 3657 1505 quibus
3698 1435 3870 1490 unius

455 1523 723 1596 cujusque
752 1537 937 1576 eorum
971 1518 1255 1575 indicatur
1279 1522 1454 1591 origo,
1487 1520 1728 1593 qualitas
1759 1524 1809 1575 et
1851 1519 2221 1589 dispositionis
2266 1520 2427 1575 ratio.
2458 1518 2807 1576 Combefisio
2856 1521 3093 1592 quidem
3144 1523 3203 1578 in
3252 1522 3397 1581 bibl.
3428 1523 3873 1581 Concionatoria

452 1613 650 1686 judice
679 1610 955 1667 Trz’odium
988 1611 1310 1667 Graecorum
1337 1610 1669 1681 Nicephorus
1723 1611 1954 1681 pessime
1990 1608 2208 1679 habuit,
2243 1607 2375 1664 dum
2435 1609 2766 1681 Synaxariis
2821 1611 3070 1680 augendo
3125 1615 3261 1678 suis,
3302 1613 3476 1684 ipsius
3511 1630 3575 1669 ac
3605 1617 3874 1686 sequioris

460 1704 692 1761 Graeciaa
726 1699 1005 1757 erroribus
1036 1698 1305 1770 inferciit.
1346 1698 1619 1755 Pluribus
1649 1698 1755 1754 hac
1787 1699 1859 1754 de
1891 1714 1948 1754 rc
1979 1697 2355 1770 conqueritur
2386 1698 2499 1754 Leo
2533 1696 2802 1769 Allatius,
2837 1715 3012 1770 quem
3045 1701 3095 1755 si
3145 1700 3335 1772 placet
3362 1702 3488 1757 vide
3519 1703 3761 1759 Dissert.
3796 1709 3875 1761 De

466 1792 633 1848 libris
676 1788 1084 1846 ecclesiasticis
1137 1788 1494 1856 Grecorum,
1528 1803 1659 1860 pag.
1691 1789 1781 1850 70,
1814 1787 1885 1840 92
1941 1803 2089 1858 seq.,
2128 1785 2419 1857 113,229;
2484 1791 2540 1841 et
2595 1791 2797 1843 contra
2852 1787 3281 1861 Ilottingerum,
3315 1806 3444 1861 pag.
3486 1791 3627 1860 124;
3684 1808 3752 1847 ac
3797 1795 3875 1848 de

470 1882 690 1954 synodo
721 1880 1002 1935 Photiana
1032 1895 1087 1952 p.
1121 1878 1226 1933 326
1255 1894 1366 1950 sq.,
1395 1877 1502 1933 527
1531 1893 1620 1949 sq.
1652 1877 1749 1948 (ο).
1783 1877 1913 1932 Haec
1943 1876 2252 1948 Nicephori
2291 1876 2608 1948 Synaxaria
2657 1877 2715 1932 in
2766 1877 3024 1950 linguam
3075 1878 3332 1935 Graecam
3382 1881 3684 1952 vulgarem
3737 1900 3875 1938 con-

470 1986 637 2025 versa
668 1987 702 2026 a
739 1967 1008 2025 Mattheo
1049 1967 1270 2039 Cigula,
1303 1967 1529 2039 Cyprio.
1561 1971 1618 2020 et
1674 1965 1926 2021 Maximo
1983 1966 2307 2035 Margunio,
2341 1964 2692 2037 Cytbeorum
2752 1967 3046 2039 episcopo,
3080 1968 3421 2038 prodierunt
3477 1972 3677 2026 Venet.
3713 1972 3873 2041 apud

464 2061 776 2119 Antonium
841 2058 1126 2116 Pinollum
1191 2075 1328 2113 ann.
1362 2058 1521 2123 1607,
1551 2057 1712 2122 1637,
1745 2057 1906 2124 1648,
1939 2057 1991 2112 4.
2020 2057 2081 2112 Ti

2314 2063 2448 2111 est:
2509 2055 2806 2129 Συναξάρια
2836 2055 2961 2125 ἢτοι
3024 2057 3135 2131 βίοι
3192 2058 3354 2131 ἁγίων
3411 2057 3472 2113 ἒκ
3527 2065 3627 2129 τῆς
3657 2058 3872 2131 Ἑλλη-

461 2158 619 2222 νικῆς
649 2150 903 2227 γλώττης
933 2147 1367 2223 μεταφρασθέντα
1395 2146 1539 2221 παρὰ
1569 2145 1822 2219 Μαξίμου
1851 2148 2112 2200 ταπεινοῦ
2144 2143 2445 2200 ἐπισκόπου
2478 2146 2733 2220 Κυθήρων
2769 2146 2843 2208 εἰς
2876 2147 3067 2216 κοινὴν
3096 2147 3388 2227 ὠφέλειαν.

531 2245 721 2300 Sermo
750 2242 812 2297 in
844 2240 1060 2297 laudem
1117 2239 1301 2294 Maria
1361 2237 1719 2308 Magdalenen,
1750 2254 1819 2293 ex
1875 2238 2001 2293 cod.
2063 2237 2270 2293 Medic.
2299 2236 2393 2306 33,
2424 2252 2484 2292 n.
2518 2237 2605 2305 18,
2640 2236 2787 2308 plut.
2819 2239 2875 2307 9,
2915 2239 3107 2295 editus
3163 2257 3197 2295 a
3256 2241 3500 2296 Bandin.
3565 2242 3625 2297 in
3682 2243 3868 2301 Catal.

461 2333 627 2390 codd.
662 2332 759 2389 Gr.
792 2333 848 2401 1,
882 2347 1014 2404 pag.
1048 2329 1312 2395 446.455,
1346 2334 1403 2386 et
1431 2327 1490 2383 in
1523 2329 1881 2385 Monumeutis
1912 2325 2080 2383 Grec.
2115 2326 2371 2383 Ecclesiae
2397 2330 2500 2382 vet.
2533 2326 2785 2383 Floreat.
2821 2328 2978 2395 1762,
3015 2330 3069 2398 8,
3102 2328 3215 2388 vol.
3249 2330 3343 2398 IlI,
3382 2347 3438 2386 [ι.
3471 2332 3526 2388 5,
3554 2362 3622 2372 -
3653 2331 3873 2389 Praeter

462 2441 532 2480 ea
561 2423 622 2478 in
653 2421 794 2478 bibl.
829 2420 989 2492 publ.
1022 2418 1204 2475 Paris.
1235 2418 1484 2490 aliisque
1515 2419 1903 2490 reperiuntur.

536 2513 932 2571 Commentarii
962 2528 1023 2566 in
1054 2512 1320 2578 Psalmos,
1354 2512 1414 2565 in
1446 2510 1573 2565 cod.
1606 2508 1792 2564 Paris.
1828 2507 1956 2573 149,
1995 2512 2053 2564 et
2081 2509 2141 2564 in
2171 2508 2296 2565 cod.
2332 2508 2582 2580 quodam
2617 2506 2757 2565 bibl.
2786 2507 3062 2565 Escorial.

533 2604 727 2663 Oratio
756 2604 824 2658 de
850 2604 987 2673 festo
1015 2599 1373 2660 Orthodoxiaz
1402 2600 1459 2656 in
1493 2601 1620 2654 cod.
1652 2598 1835 2654 Paris.
1866 2597 2024 2663 1090,
2059 2615 2115 2652 n.
2161 2600 2211 2667 1,
2243 2601 2299 2653 et
2328 2597 2388 2653 in
2418 2600 2543 2653 eod.
2578 2598 2706 2653 cod.
2738 2614 2797 2655 n.
2828 2598 2882 2654 ‘2.

542 2691 782 2750 Homilia
810 2692 872 2746 in
901 2689 1267 2746 Nativitatem
1299 2688 1528 2744 Christi.
1563 2690 1623 2744 In
1657 2687 1851 2744 Indice
1879 2688 2001 2745 Cat.
2034 2687 2211 2743 Codd.
2245 2687 2426 2743 Paris.
2459 2686 2506 2742 ll
2538 2696 2671 2741 tom.
2709 2687 2984 2743 tribuitur
3012 2686 3333 2758 Nicephoro
3364 2688 3617 2746 Callisto.

540 2784 782 2842 Homilia
823 2785 882 2837 in
913 2782 1130 2838 tandem
1174 2781 1401 2836 Joannis
1447 2781 1783 2850 Jejunatoris
1831 2795 1945 2834 sec.
1980 2779 2160 2834 Indic.
2201 2778 2322 2834 Cat.
2356 2779 2414 2833 in
2472 2779 2599 2833 cod.
2659 2778 2843 2832 Paris.
2875 2778 3000 2846 767,
3037 2795 3091 2833 n.
3124 2780 3213 2850 20,
3249 2780 3352 2837 sed
3398 2787 3539 2837 tom.
3572 2782 3641 2851 II,
3677 2786 3865 2843 Catal.

473 2877 603 2948 pag.
638 2874 759 2939 143,
793 2872 904 2928 sub
935 2871 1170 2926 nomine
1202 2870 1434 2930 Callisti,
1465 2869 1798 2941 patriarchae
1828 2868 2138 2928 CPolitani.
2171 2868 2483 2924 indicatur.

543 2963 873 3035 Xanthopuli
899 2962 1121 3033 epistola
1154 2960 1222 3016 ad
1251 2959 1769 3031 Orphanolrophum
1799 2961 1855 3013 in
1886 2959 1991 3013 cod
2013 3001 2024 3013 .
2049 2958 2311 3013 Parisino
2339 2959 2501 3013 2105.
2534 2976 2592 3012 n.
2625 2959 2716 3013 31.

544 3055 843 3110 Rhetorices
866 3054 1346 3125 progymnasmata
1376 3050 1435 3104 in
1491 3050 1622 3105 cod.
1657 3048 1840 3104 Paris.
1867 3049 2028 3114 2988,
2064 3064 2122 3102 n.
2157 3050 2205 3117 1,
2240 3054 2339 3102 aut
2395 3048 2589 3119 potius
2629 3053 2820 3119 partes
2877 3050 3190 3121 quasdam;
3226 3067 3359 3106 nam
3420 3069 3552 3125 pag.
3584 3054 3687 3110 586
3738 3059 3858 3112 Cat.

476 3145 601 3202 hinc
633 3150 722 3201 est
751 3143 1056 3212 descriptio
1091 3159 1103 3196 :
1137 3139 1445 3211 Nicephori
1479 3138 1699 3196 Callisti
1730 3138 1942 3194 Fabula
1974 3154 2090 3193 una
2121 3143 2177 3191 et
2205 3137 2475 3193 Narratio
2516 3155 2669 3206 Una;
2705 3138 2839 3193 item
2875 3139 3080 3200 Cbriae.
3114 3157 3243 3212 quas
3291 3143 3485 3198 omnia
3536 3150 3673 3200 sunt
3700 3146 3863 3218 quasi

472 3232 738 3306 quedam
771 3230 1085 3286 rhetorices
1115 3235 1622 3300 progymnasmata
1652 3244 1665 3282 :
1701 3226 1814 3281 inc.
1851 3225 1985 3298 Εἶχέ
2013 3245 2084 3278 πο

2254 3222 2282 3298 ῤ
2314 3225 2507 3297 ἑαυτῷ.
2541 3226 2652 3283 Sed
2686 3226 3056 3284 Monlfaucou
3088 3229 3148 3284 in
3190 3229 3622 3304 Palaaographia
3653 3234 3866 3307 Graca,

470 3324 574 3380 lib.
608 3340 649 3392 ι,
683 3340 806 3393 cap.
836 3323 892 3387 7,
924 3322 983 3376 in
1023 3320 1186 3375 Notis
1219 3335 1361 3375 mss.
1396 3318 1727 3374 Graecorum
1760 3333 1889 3372 saec.
1923 3333 2039 3381 xxv,
2077 3334 2204 3387 pag.
2236 3316 2324 3383 70,
2358 3317 2428 3371 ad
2482 3333 2699 3373 annum
2740 3318 2899 3387 1344,
2933 3319 3129 3385 refert,
3163 3319 3273 3375 hoc
3329 3321 3561 3378 circiter
3613 3328 3872 3396 tempore

471 3416 731 3471 codicem
767 3413 990 3484 regium
1023 3411 1154 3466 3271
1193 3428 1227 3464 a
1255 3410 1543 3481 Stephano
1584 3410 1837 3480 quodam
1887 3408 2245 3479 descriptum
2294 3424 2441 3475 esse,
2476 3409 2577 3478 qui
2624 3407 2927 3476 Nicephori
2975 3410 3186 3465 Callisti
3234 3410 3518 3468 Rhetorica
3573 3423 3625 3470 et
3672 3416 3879 3488 aliquot

473 3505 745 3578 Opuscula
774 3503 1099 3574 exscripsit.
1138 3501 1191 3556 V.
1225 3501 1437 3562 Oudin,
1472 3498 1509 3553 l.
1545 3518 1595 3555 c.
1632 3516 1762 3570 pag.
1792 3499 1919 3559 718.
1953 3507 2005 3555 et
2041 3514 2220 3568 supra
2251 3497 2308 3552 in
2342 3498 2450 3552 vol.
2484 3499 2570 3564 Vl,
2599 3516 2655 3569 p.
2693 3499 2814 3554 134.

539 3599 866 3667 Fragmenta
896 3593 1058 3663 plura
1089 3591 1148 3645 in
1180 3591 1307 3646 cod.
1334 3590 1513 3645 Paris.
1544 3589 1674 3655 950,
1727 3606 1782 3644 n.
1816 3589 1883 3642 14
1906 3618 1971 3628 -
1998 3588 2061 3642 18
2088 3605 2101 3654 ;
2137 3605 2193 3642 n.
2236 3586 2305 3641 de
2336 3587 2516 3642 Paulo
2549 3587 2951 3656 Samosateno,
2975 3589 3045 3646 de
3080 3590 3375 3649 miraculis
3423 3593 3493 3648 ab
3529 3593 3878 3666 Euphemia,

472 3686 756 3759 Glyceria,
784 3691 839 3738 et
869 3683 929 3739 B.
963 3681 1194 3752 Virgine
1230 3679 1405 3735 Maria
1433 3678 1695 3750 patratis,
1730 3682 1903 3748 atque
1926 3677 1995 3731 de
2018 3676 2196 3731 variis
2226 3682 2443 3732 sanctas
2473 3678 2663 3732 crucis
2695 3678 3053 3733 nominibus.

550 3777 680 3832 Vita
707 3771 892 3830 sancti
934 3771 1162 3827 Andrew
1192 3769 1420 3840 apostoli
1457 3772 1507 3824 et
1534 3769 1706 3840 primi
1735 3769 1968 3838 episcopi
1999 3766 2310 3834 Cl’olitani,
2346 3766 2529 3821 Leidae
2589 3766 2648 3821 in
2679 3768 2804 3822 cod.
2838 3766 3121 3825 Vossiano
3151 3769 3205 3837 4,
3239 3786 3295 3825 n.
3325 3771 3383 3840 5,
3413 3772 3514 3826 sed
3547 3775 3875 3831 secundum

471 3867 789 3925 Montfauc.
824 3863 882 3917 in
932 3859 1360 3931 Palaeographia
1425 3859 1640 3924 Graeca,
1672 3857 1772 3911 lib.
1807 3873 1881 3924 ιν,
1929 3873 2055 3927 cap.
2113 3855 2168 3921 9,
2198 3872 2328 3927 pag.
2371 3855 2496 3925 323,
2529 3856 2746 3911 dicitur
2800 3873 2928 3912 esse
2985 3858 3043 3913 in
3096 3859 3222 3914 cod.
3255 3859 3447 3916 Graeco
3500 3863 3678 3933 Regio
3711 3865 3880 3935 2458,

469 3975 607 4013 ann.
666 3955 770 4011 Cb.
830 3952 969 4007 1286
1024 3951 1266 4022 scripto,
1329 3951 1457 4004 Vita
1508 3949 1691 4005 sancti
1744 3946 1975 4002 Andreae
2030 3947 2273 4003 Junioris
2331 3962 2366 4001 a
2421 3945 2739 4017 Nicephoro
2797 3944 3055 4015 Callisto,
3114 3948 3331 4020 Magnae
3390 3949 3647 4007 ecclesiae
3705 3970 3882 4025 pres-

469 4048 696 4103 bvtero.

513 4064 788 4190 ﬁrmius
817 4130 1105 4200 Nicephori
1128 4126 1372 4193 Callisti,
1405 4125 1801 4198 Chrysostomi
1834 4135 1887 4179 et
1917 4123 2166 4180 aliorum
2197 4124 2257 4179 in
2288 4124 2416 4181 cod.
2448 4122 2777 4181 Colbertino
2806 4124 2966 4193 5108,
3006 4142 3181 4182 manu
3225 4126 3542 4199 Paphnutii
3584 4132 3882 4197 monachi.

470 4222 770 4297 Thyepolii
803 4222 859 4276 d.
891 4223 982 4287 20,
1014 4219 1151 4275 Jun.
1187 4233 1322 4273 ann.
1360 4216 1497 4271 1568
1522 4222 1780 4281 exorato,
1813 4219 1959 4269 teste
1994 4213 2303 4270 Montl‘auc.
2329 4214 2367 4269 l.
2400 4214 2498 4269 cit.
2535 4232 2664 4285 pag.
2692 4217 2790 4270 91.

547 4313 773 4371 Scholia
802 4328 894 4368 seu
927 4312 1135 4367 Glossaz
1164 4309 1222 4363 in
1255 4312 1422 4363 oratt.
1456 4306 1711 4377 Gregorii
1743 4304 2110 4373 Nazianzeni,
2144 4306 2202 4360 in
2234 4303 2399 4360 codd.
2435 4304 2669 4361 Venetis
2716 4304 2890 4360 Marc.
2922 4305 2993 4361 76
3044 4310 3099 4360 et
3123 4307 3213 4363 77.
3256 4309 3308 4364 ν.
3342 4308 3519 4364 Calai.
3554 4310 3721 4368 codd.
3758 4314 3879 4381 Gr.,

551 4419 685 4474 pag.
715 4401 787 4457 53
816 4407 871 4455 et
900 4400 991 4467 54,
1024 4405 1081 4454 et
1110 4396 1405 4453 Possevin.
1440 4396 1510 4450 ad
1542 4394 1756 4450 calcem
1791 4397 2097 4466 Apparatus
2116 4395 2281 4460 sacri,
2315 4410 2446 4466 pag.
2480 4394 2569 4449 28.

538 4489 861 4568 Νικηφόρου
895 4485 1225 4553 Καλλίστου,
1259 4481 1519 4559 ἑρμηνεία
1545 4479 1642 4537 τοῦ
1673 4483 1982 4549 κοντακίου,
2013 4485 2108 4536 τοῦ
2141 4479 2317 4548 οἷ’κου,
2349 4482 2439 4536 καὶ
2469 4486 2565 4536 τοῦ
2596 4479 3098 4556 ἐξαποστειλαρίου,
3120 4485 3286 4539 πόθεν
3315 4484 3488 4549 οὕτως
3522 4484 3832 4559 ἐκλήθησαν
3866 4534 3881 4548 .

466 4567 732 4654 ἡρωτήθὴ
769 4574 825 4631 δὲ
857 4576 1003 4650 παρὰ
1031 4577 1129 4628 τοῦ
1159 4573 1459 4627 cis-turritas
1492 4569 1863 4647 ἱερομονάχου
1897 4567 2083 4645 Κυρίλ]

2267 4573 2296 4622 ὖ
2341 4568 2774 4645 ἀρχιμανδρίτου
2799 4587 2813 4600 ⁸
2848 4572 2907 4627 in
2941 4574 3069 4628 cod.
3105 4573 3370 4631 Naniano
3408 4577 3535 4643 228,
3569 4594 3626 4632 n.
3663 4578 3750 4648 19,
3782 4596 3883 4636 se-

469 4671 644 4728 cund.
677 4667 856 4723 Cutal.
892 4668 1055 4723 codd.
1089 4666 1183 4721 Gr.
1217 4664 1363 4720 Nan.
1393 4681 1449 4736 p.
1485 4663 1607 4718 421.
1641 4662 1847 4735 (Ηίινι.)

546 4758 870 4831 Nicephoro
903 4772 1137 4829 quoque
1167 4752 1428 4820 Callisto,
1461 4753 1619 4810 velut
1674 4751 1914 4814 auctori,
1947 4751 2200 4807 tribuere
2232 4768 2346 4807 non
2382 4750 2668 4807 dubitavit
2721 4751 3076 4809 Huml'redus
3133 4753 3296 4828 Hody
3354 4756 3582 4813 brevem
3636 4758 3883 4833 librum,

467 4866 640 4924 quem
672 4866 702 4905 e
735 4864 841 4905 ms.
874 4847 1225 4903 Barocciano
1256 4844 1436 4901 edidit
1464 4849 1659 4902 Graece
1700 4848 1759 4899 et
1808 4842 2009 4898 Latine
2039 4842 2148 4897 sub
2184 4841 2347 4898 titulo
2382 4858 2395 4896 :
2429 4842 2737 4912 Anglicani
2766 4842 3075 4899 schismatis
3105 4844 3440 4916 redargutio,
3476 4848 3534 4902 in
3579 4865 3695 4920 quo
3733 4849 3882 4907 libro

464 4940 733 5013 pluribus
764 4934 1042 5009 exemplis
1072 4936 1374 5007 probatur,
1410 4934 1714 5005 episcOpos
1745 4934 1959 5001 injuste
1991 4933 2282 5002 depositos
2310 4932 2617 4988 crtbodoxi
2649 4935 3000 4990 successoris
3055 4936 3521 4993 communionem
3566 4955 3874 5012 nunquam

468 5029 768 5102 refugisse.
813 5027 995 5084 Oxon.
1048 5026 1207 5094 1691,
1238 5026 1267 5079 4
1320 5043 1332 5080 :
1385 5021 1610 5093 Σύναξις
1658 5021 1718 5076 ἐκ
1765 5025 1869 5076 τῶν
1918 5019 2084 5091 ἐκκλη

2263 5024 2379 5075 ,κῶν
2426 5020 2706 5096 ἱστοριῶν,
2755 5028 2865 5081 etc.
2917 5022 3072 5081 ldem
3116 5026 3404 5099 scriptum
3455 5030 3755 5087 editurum
3798 5049 3880 5104 se

468 5296 822 5370 _Xantbopuli
853 5295 1124 5354 Collectio
1149 5297 1417 5370 Satorum
1442 5294 1888 5370 pqpanpumjad
1922 5294 2117 5370 singu-
2222 5311 2361 5370 γμα,
2389 5297 2522 5359 etc.,
2556 5293 2886 5370 attulimus.
2921 5326 2989 5336 —-
3013 5295 3217 5370 _Paris.
3265 5299 3322 5370 in
3370 5296 3512 5353 bibl.
3566 5298 3731 5370 publ.
3768 5310 3879 5360 tres

467 5368 555 5424 los
590 5365 1111 5435 menses,versibus
1143 5365 1605 5429 iambicistide
1635 5368 1946 5423 Montl‘auc.
1966 5365 2111 5421 Bibl.
2223 5365 2386 5440 codd.
2413 5365 2719 5440 continent
2750 5367 3067 5440 Synaxaria
3116 5369 3351 5440 Nicepb.
3387 5365 3713 5427 secundum
3756 5374 3875 5430 Cat.

470 5440 698 5514 Coislin.
733 5460 789 5513 p.
824 5441 949 5514 181ἶ
979 5441 1185 5512 (Harl).
1372 5512 1381 5514 _
1433 5512 1444 5514 μ
2055 5510 2066 5514 _
2223 5438 2295 5514 (it.
2332 5437 2626 5514 lndic.)_in
2677 5439 2805 5514 cod.
2839 5438 2962 5514 407.
3010 5445 3227 5495 Auctor
3260 5437 3456 5497 ’Catal.
3494 5446 3663 5498 codd.
3701 5447 3874 5514 p.57,

542 5516 611 5583 (ο)
644 5512 707 5568 ln
733 5509 886 5589 :cod.
922 5509 1179 5589 Caesareo
1244 5510 2114 5589 \_’indob._3’22,_suntnNiceph:
2224 5509 2324 5575 ait,
2355 5510 2569 5589 es_se_id
2601 5525 2745 5589 opus
2781 5511 3067 5589 ineditum
3100 5517 3158 5567 et
3191 5514 3248 5567 in
3298 5529 3385 5589 eq
3416 5530 3452 5589 _a
3482 5509 3747 5589 veterum
3769 5509 3873 5589 Syé

468 5579 805 5655 Synaxaria,
840 5592 948 5639 etc.
976 5601 1031 5639 ν.
1067 5585 1235 5654 plura
1260 5584 1317 5638 in
1353 5583 1633 5655 Lambcc.
1653 5587 1797 5637 tom.
1832 5581 1899 5649 V,
1925 5579 2118 5655 big596
2225 5580 2452 5635 naxaris
2482 5579 2541 5636 in
2573 5580 2780 5655 primis
2811 5582 3127 5650 diversum,
3161 5584 3313 5655 quod
3349 5583 3429 5638 ibi
3480 5585 3668 5642 varios
3714 5579 3871 5644 (ἶτῶ-

469 5653 1108 5730 εὲςᾳκΒο-ἓγοειπατίο
1158 5658 1270 5712 alio
1319 5655 1432 5710 vid.
1480 5654 1752 5730 tumbae.
1789 5653 2113 5730 to_m.Y1lI,
2223 5666 2424 5708 corum
2483 5654 2868 5711 recentiorum
2927 5670 3147 5711 errores
3179 5653 3624 5728 'deprehendas.
3664 5659 3872 5730 (Harl.)

469 5743 525 5798 p.
551 5722 702 5794 '1'19,
738 5722 862 5795 123',
894 5732 951 5782 et
1006 5744 1135 5798 quas
1195 5742 1373 5799 supra
1430 5727 1500 5782 ad
1558 5723 1867 5797 Nicephori
1930 5722 2117 5778 σύντα-
