  <div class='ocr_page' id='page_1' title='image "/cluster/home/n/w/nwhite01/storage/ocr_20150623/145/mdp.39015061167048/286.png"; bbox 0 0 4096 6284; ppageno 0'>
   <div class='ocr_carea' id='block_1_1' title="bbox 297 409 3704 473">
    <p class='ocr_par' dir='ltr' id='par_1_1' title="bbox 297 409 3704 473">
     <span class='ocr_line' id='line_1_1' title="bbox 297 409 3704 473; baseline 0 0"><span class='ocrx_word' id='word_1_1' title='bbox 297 411 418 473; x_wconf 79' lang='lat'>557</span> <span class='ocrx_word' id='word_1_2' title='bbox 1552 411 1974 473; x_wconf 84' lang='lat' dir='ltr'>DEDICATIO</span> <span class='ocrx_word' id='word_1_3' title='bbox 2022 411 2222 473; x_wconf 86' lang='lat' dir='ltr'>EDIT.</span> <span class='ocrx_word' id='word_1_4' title='bbox 2272 409 2450 472; x_wconf 82' lang='lat'>1630.</span> <span class='ocrx_word' id='word_1_5' title='bbox 3583 411 3704 473; x_wconf 80' lang='lat'>558</span> 
     </span>
    </p>
   </div>
   <div class='ocr_carea' id='block_1_2' title="bbox 298 543 3701 619">
    <p class='ocr_par' dir='ltr' id='par_1_2' title="bbox 298 543 3701 619">
     <span class='ocr_line' id='line_1_2' title="bbox 298 543 3701 619; baseline 0.001 -18"><span class='ocrx_word' id='word_1_6' title='bbox 298 545 648 616; x_wconf 72' lang='lat' dir='ltr'>promiserat</span> <span class='ocrx_word' id='word_1_7' title='bbox 677 546 1019 616; x_wconf 88' lang='lat' dir='ltr'>Cotelerius,</span> <span class='ocrx_word' id='word_1_8' title='bbox 1053 548 1381 604; x_wconf 73' lang='lat' dir='ltr'>Monument.</span> <span class='ocrx_word' id='word_1_9' title='bbox 1416 546 1624 603; x_wconf 87' lang='lat' dir='ltr'>Eccles.</span> <span class='ocrx_word' id='word_1_10' title='bbox 1651 547 1876 615; x_wconf 56' lang='lat' dir='ltr'>Grecae,</span> <span class='ocrx_word' id='word_1_11' title='bbox 1907 547 2007 616; x_wconf 86' lang='lat' dir='ltr'>Ill,</span> <span class='ocrx_word' id='word_1_12' title='bbox 2032 562 2163 619; x_wconf 86' lang='lat' dir='ltr'>pag.</span> <span class='ocrx_word' id='word_1_13' title='bbox 2197 546 2323 601; x_wconf 74' lang='grc'>645.</span> <span class='ocrx_word' id='word_1_14' title='bbox 2357 544 2591 616; x_wconf 70' lang='lat' dir='ltr'>Offendi,</span> <span class='ocrx_word' id='word_1_15' title='bbox 2623 543 2834 615; x_wconf 87' lang='lat' dir='ltr'>inquit.</span> <span class='ocrx_word' id='word_1_16' title='bbox 2886 543 2948 598; x_wconf 90' lang='lat' dir='ltr'>in</span> <span class='ocrx_word' id='word_1_17' title='bbox 2995 545 3254 615; x_wconf 86' lang='lat' dir='ltr'>opusculo</span> <span class='ocrx_word' id='word_1_18' title='bbox 3283 562 3430 602; x_wconf 88' lang='lat' dir='ltr'>nunc</span> <span class='ocrx_word' id='word_1_19' title='bbox 3467 547 3701 616; x_wconf 85' lang='lat' dir='ltr'>inedita,</span> 
     </span>
    </p>
   </div>
   <div class='ocr_carea' id='block_1_3' title="bbox 293 636 3700 709">
    <p class='ocr_par' dir='ltr' id='par_1_3' title="bbox 293 636 3700 709">
     <span class='ocr_line' id='line_1_3' title="bbox 293 636 3700 709; baseline 0.001 -18"><span class='ocrx_word' id='word_1_20' title='bbox 293 637 447 701; x_wconf 89' lang='lat' dir='ltr'>olim,</span> <span class='ocrx_word' id='word_1_21' title='bbox 470 639 521 692; x_wconf 89' lang='lat' dir='ltr'>si</span> <span class='ocrx_word' id='word_1_22' title='bbox 549 637 692 692; x_wconf 87' lang='lat' dir='ltr'>Deus</span> <span class='ocrx_word' id='word_1_23' title='bbox 721 638 946 705; x_wconf 86' lang='lat' dir='ltr'>dederit,</span> <span class='ocrx_word' id='word_1_24' title='bbox 979 639 1200 705; x_wconf 85' lang='lat' dir='ltr'>edendo,</span> <span class='ocrx_word' id='word_1_25' title='bbox 1223 639 1288 695; x_wconf 84' lang='lat' dir='ltr'>de</span> <span class='ocrx_word' id='word_1_26' title='bbox 1316 639 1516 695; x_wconf 85' lang='lat' dir='ltr'>celebri</span> <span class='ocrx_word' id='word_1_27' title='bbox 1544 638 1840 695; x_wconf 83' lang='lat' dir='ltr'>schismate</span> <span class='ocrx_word' id='word_1_28' title='bbox 1870 639 1934 694; x_wconf 86' lang='lat' dir='ltr'>ob</span> <span class='ocrx_word' id='word_1_29' title='bbox 1961 639 2250 709; x_wconf 84' lang='lat' dir='ltr'>Josephum</span> <span class='ocrx_word' id='word_1_30' title='bbox 2293 636 2750 707; x_wconf 79' lang='lat' dir='ltr'>patriarcharum</span> <span class='ocrx_word' id='word_1_31' title='bbox 2781 636 2819 691; x_wconf 85' lang='lat' dir='ltr'><strong><em>C</em></strong></span> <span class='ocrx_word' id='word_1_32' title='bbox 2849 637 2968 691; x_wconf 91' lang='lat' dir='ltr'>Pol.</span> <span class='ocrx_word' id='word_1_33' title='bbox 3020 653 3440 706; x_wconf 83' lang='lat' dir='ltr'>successorem,</span> <span class='ocrx_word' id='word_1_34' title='bbox 3471 639 3700 696; x_wconf 84' lang='lat' dir='ltr'>Arsenii</span> 
     </span>
    </p>
   </div>
   <div class='ocr_carea' id='block_1_4' title="bbox 297 726 3700 800">
    <p class='ocr_par' dir='ltr' id='par_1_4' title="bbox 297 726 3700 800">
     <span class='ocr_line' id='line_1_4' title="bbox 297 726 3700 800; baseline 0.001 -18"><span class='ocrx_word' id='word_1_35' title='bbox 297 726 548 799; x_wconf 80' lang='lat' dir='ltr'>depositi</span> <span class='ocrx_word' id='word_1_36' title='bbox 571 744 712 783; x_wconf 89' lang='lat' dir='ltr'>ann.</span> <span class='ocrx_word' id='word_1_37' title='bbox 746 728 883 783; x_wconf 88' lang='lat' dir='ltr'>Chr.</span> <span class='ocrx_word' id='word_1_38' title='bbox 917 729 1076 796; x_wconf 75' lang='lat'>1266,</span> <span class='ocrx_word' id='word_1_39' title='bbox 1110 735 1166 785; x_wconf 78' lang='lat' dir='ltr'>et</span> <span class='ocrx_word' id='word_1_40' title='bbox 1197 729 1494 794; x_wconf 79' lang='lat' dir='ltr'>Germani,</span> <span class='ocrx_word' id='word_1_41' title='bbox 1537 728 1637 798; x_wconf 90' lang='lat' dir='ltr'>qui</span> <span class='ocrx_word' id='word_1_42' title='bbox 1667 745 1728 784; x_wconf 88' lang='lat' dir='ltr'>se</span> <span class='ocrx_word' id='word_1_43' title='bbox 1762 728 1932 799; x_wconf 88' lang='lat' dir='ltr'>paulo</span> <span class='ocrx_word' id='word_1_44' title='bbox 1983 734 2111 800; x_wconf 90' lang='lat' dir='ltr'>post</span> <span class='ocrx_word' id='word_1_45' title='bbox 2143 728 2524 782; x_wconf 80' lang='lat' dir='ltr'>abdicaverat.</span> <span class='ocrx_word' id='word_1_46' title='bbox 2580 727 2863 781; x_wconf 72' lang='lat' dir='ltr'>Caeterum</span> <span class='ocrx_word' id='word_1_47' title='bbox 2923 743 3038 782; x_wconf 89' lang='lat' dir='ltr'>non</span> <span class='ocrx_word' id='word_1_48' title='bbox 3097 726 3443 799; x_wconf 84' lang='lat' dir='ltr'>Nicephoro,</span> <span class='ocrx_word' id='word_1_49' title='bbox 3473 732 3571 786; x_wconf 85' lang='lat' dir='ltr'>sed</span> <span class='ocrx_word' id='word_1_50' title='bbox 3605 730 3700 786; x_wconf 90' lang='lat' dir='ltr'>alii</span> 
     </span>
    </p>
   </div>
   <div class='ocr_carea' id='block_1_5' title="bbox 295 816 3702 892">
    <p class='ocr_par' dir='ltr' id='par_1_5' title="bbox 295 816 3702 892">
     <span class='ocr_line' id='line_1_5' title="bbox 295 816 3702 892; baseline 0.001 -17"><span class='ocrx_word' id='word_1_51' title='bbox 295 817 607 891; x_wconf 86' lang='lat' dir='ltr'>antiquiori</span> <span class='ocrx_word' id='word_1_52' title='bbox 635 820 920 888; x_wconf 85' lang='lat' dir='ltr'>scriptori,</span> <span class='ocrx_word' id='word_1_53' title='bbox 954 820 1053 891; x_wconf 89' lang='lat' dir='ltr'>qui</span> <span class='ocrx_word' id='word_1_54' title='bbox 1086 837 1221 875; x_wconf 87' lang='lat' dir='ltr'>ann.</span> <span class='ocrx_word' id='word_1_55' title='bbox 1257 820 1388 874; x_wconf 87' lang='lat' dir='ltr'>Chr.</span> <span class='ocrx_word' id='word_1_56' title='bbox 1426 821 1563 874; x_wconf 83' lang='lat'>1267</span> <span class='ocrx_word' id='word_1_57' title='bbox 1595 835 1727 876; x_wconf 90' lang='lat' dir='ltr'>eum</span> <span class='ocrx_word' id='word_1_58' title='bbox 1786 819 2136 891; x_wconf 82' lang='lat' dir='ltr'>composuit,</span> <span class='ocrx_word' id='word_1_59' title='bbox 2199 818 2392 872; x_wconf 89' lang='lat' dir='ltr'>deberi</span> <span class='ocrx_word' id='word_1_60' title='bbox 2448 818 2602 872; x_wconf 88' lang='lat' dir='ltr'>hunc</span> <span class='ocrx_word' id='word_1_61' title='bbox 2651 816 2938 884; x_wconf 87' lang='lat' dir='ltr'>libellum,</span> <span class='ocrx_word' id='word_1_62' title='bbox 2999 828 3150 872; x_wconf 76' lang='lat' dir='ltr'>recte</span> <span class='ocrx_word' id='word_1_63' title='bbox 3208 827 3408 889; x_wconf 80' lang='lat' dir='ltr'>postea</span> <span class='ocrx_word' id='word_1_64' title='bbox 3467 823 3702 892; x_wconf 82' lang='lat' dir='ltr'>agnovit</span> 
     </span>
    </p>
   </div>
   <div class='ocr_carea' id='block_1_6' title="bbox 289 907 3696 981">
    <p class='ocr_par' dir='ltr' id='par_1_6' title="bbox 289 907 3696 981">
     <span class='ocr_line' id='line_1_6' title="bbox 289 907 3696 981; baseline 0.001 -18"><span class='ocrx_word' id='word_1_65' title='bbox 289 908 418 980; x_wconf 86' lang='lat' dir='ltr'>ipse</span> <span class='ocrx_word' id='word_1_66' title='bbox 449 908 638 964; x_wconf 79' lang='lat' dir='ltr'>editor</span> <span class='ocrx_word' id='word_1_67' title='bbox 668 909 1019 965; x_wconf 80' lang='lat' dir='ltr'>Humfredus</span> <span class='ocrx_word' id='word_1_68' title='bbox 1053 910 1289 966; x_wconf 83' lang='lat' dir='ltr'>Hodius.</span> <span class='ocrx_word' id='word_1_69' title='bbox 1328 909 1465 965; x_wconf 87' lang='lat' dir='ltr'>Vide</span> <span class='ocrx_word' id='word_1_70' title='bbox 1502 911 1631 981; x_wconf 84' lang='lat' dir='ltr'>ejus</span> <span class='ocrx_word' id='word_1_71' title='bbox 1661 913 1844 964; x_wconf 77' lang='lat' dir='ltr'>Letter</span> <span class='ocrx_word' id='word_1_72' title='bbox 1873 919 1922 966; x_wconf 92' lang='lat' dir='ltr'>to</span> <span class='ocrx_word' id='word_1_73' title='bbox 1952 927 1985 964; x_wconf 93' lang='lat' dir='ltr'>a</span> <span class='ocrx_word' id='word_1_74' title='bbox 2029 907 2234 978; x_wconf 73' lang='lat' dir='ltr'>friend,</span> <span class='ocrx_word' id='word_1_75' title='bbox 2265 910 2594 978; x_wconf 87' lang='lat' dir='ltr'>concerning</span> <span class='ocrx_word' id='word_1_76' title='bbox 2653 923 2688 961; x_wconf 91' lang='lat' dir='ltr'>a</span> <span class='ocrx_word' id='word_1_77' title='bbox 2742 907 3026 962; x_wconf 72' lang='lat' dir='ltr'>collection</span> <span class='ocrx_word' id='word_1_78' title='bbox 3069 909 3133 977; x_wconf 80' lang='lat' dir='ltr'>of</span> <span class='ocrx_word' id='word_1_79' title='bbox 3177 923 3404 977; x_wconf 87' lang='lat' dir='ltr'>canons,</span> <span class='ocrx_word' id='word_1_80' title='bbox 3462 911 3696 968; x_wconf 82' lang='lat' dir='ltr'>Oxford.</span> 
     </span>
    </p>
   </div>
   <div class='ocr_carea' id='block_1_7' title="bbox 293 999 832 1070">
    <p class='ocr_par' dir='ltr' id='par_1_7' title="bbox 293 999 832 1070">
     <span class='ocr_line' id='line_1_7' title="bbox 293 999 832 1070; baseline -0.004 -16"><span class='ocrx_word' id='word_1_81' title='bbox 293 999 457 1067; x_wconf 84' lang='lat'>1692,</span> <span class='ocrx_word' id='word_1_82' title='bbox 491 1001 544 1065; x_wconf 72' lang='grc'>4,</span> <span class='ocrx_word' id='word_1_83' title='bbox 578 1017 712 1070; x_wconf 82' lang='lat' dir='ltr'>pag.</span> <span class='ocrx_word' id='word_1_84' title='bbox 746 1001 832 1054; x_wconf 79' lang='grc'>42.</span> 
     </span>
    </p>
   </div>
   <div class='ocr_carea' id='block_1_8' title="bbox 359 1089 3702 1162">
    <p class='ocr_par' dir='ltr' id='par_1_8' title="bbox 359 1089 3702 1162">
     <span class='ocr_line' id='line_1_8' title="bbox 359 1089 3702 1162; baseline 0.002 -19"><span class='ocrx_word' id='word_1_85' title='bbox 359 1091 577 1146; x_wconf 88' lang='lat' dir='ltr'>Beatus</span> <span class='ocrx_word' id='word_1_86' title='bbox 608 1090 927 1146; x_wconf 84' lang='lat' dir='ltr'>Rhenanus</span> <span class='ocrx_word' id='word_1_87' title='bbox 955 1091 1132 1146; x_wconf 90' lang='lat' dir='ltr'>Basil.</span> <span class='ocrx_word' id='word_1_88' title='bbox 1169 1091 1328 1159; x_wconf 86' lang='lat'>1535,</span> <span class='ocrx_word' id='word_1_89' title='bbox 1363 1091 1458 1147; x_wconf 84' lang='lat' dir='ltr'>fol.</span> <span class='ocrx_word' id='word_1_90' title='bbox 1495 1091 1688 1146; x_wconf 81' lang='lat' dir='ltr'>Ruﬁni</span> <span class='ocrx_word' id='word_1_91' title='bbox 1749 1091 1885 1146; x_wconf 82' lang='lat' dir='ltr'>Hist.</span> <span class='ocrx_word' id='word_1_92' title='bbox 1937 1091 2321 1146; x_wconf 70' lang='lat' dir='ltr'>ecclesiasticae</span> <span class='ocrx_word' id='word_1_93' title='bbox 2369 1095 2427 1144; x_wconf 86' lang='lat' dir='ltr'>et</span> <span class='ocrx_word' id='word_1_94' title='bbox 2475 1089 2732 1145; x_wconf 73' lang='lat' dir='ltr'>Historiae</span> <span class='ocrx_word' id='word_1_95' title='bbox 2782 1090 3056 1160; x_wconf 65' lang='lat' dir='ltr'>tripartiz</span> <span class='ocrx_word' id='word_1_96' title='bbox 3107 1089 3415 1162; x_wconf 86' lang='lat' dir='ltr'>Epiphanii</span> <span class='ocrx_word' id='word_1_97' title='bbox 3473 1091 3702 1150; x_wconf 84' lang='lat' dir='ltr'>schola-</span> 
     </span>
    </p>
   </div>
   <div class='ocr_carea' id='block_1_9' title="bbox 287 1179 3700 1252">
    <p class='ocr_par' dir='ltr' id='par_1_9' title="bbox 287 1179 3700 1252">
     <span class='ocr_line' id='line_1_9' title="bbox 287 1179 3700 1252; baseline 0.001 -16"><span class='ocrx_word' id='word_1_98' title='bbox 287 1180 440 1247; x_wconf 85' lang='lat' dir='ltr'>stici,</span> <span class='ocrx_word' id='word_1_99' title='bbox 484 1197 614 1252; x_wconf 80' lang='lat' dir='ltr'>pag.</span> <span class='ocrx_word' id='word_1_100' title='bbox 649 1181 940 1235; x_wconf 86' lang='lat'>590—615</span> <span class='ocrx_word' id='word_1_101' title='bbox 978 1182 1284 1252; x_wconf 85' lang='lat' dir='ltr'>subjunxit</span> <span class='ocrx_word' id='word_1_102' title='bbox 1314 1181 1614 1236; x_wconf 79' lang='lat' dir='ltr'>Historiam</span> <span class='ocrx_word' id='word_1_103' title='bbox 1633 1181 2054 1237; x_wconf 76' lang='lat' dir='ltr'>ecclesiasticam</span> <span class='ocrx_word' id='word_1_104' title='bbox 2083 1199 2117 1235; x_wconf 90' lang='lat' dir='ltr'>a</span> <span class='ocrx_word' id='word_1_105' title='bbox 2146 1181 2450 1251; x_wconf 87' lang='lat' dir='ltr'>Nicephoro</span> <span class='ocrx_word' id='word_1_106' title='bbox 2480 1179 2661 1234; x_wconf 59' lang='lat' dir='ltr'>Greco</span> <span class='ocrx_word' id='word_1_107' title='bbox 2693 1180 2953 1235; x_wconf 86' lang='lat' dir='ltr'>monacho</span> <span class='ocrx_word' id='word_1_108' title='bbox 2979 1182 3342 1251; x_wconf 85' lang='lat' dir='ltr'>conscriptam</span> <span class='ocrx_word' id='word_1_109' title='bbox 3391 1190 3444 1238; x_wconf 89' lang='lat' dir='ltr'>et</span> <span class='ocrx_word' id='word_1_110' title='bbox 3494 1185 3700 1240; x_wconf 81' lang='lat' dir='ltr'>incerto</span> 
     </span>
    </p>
   </div>
   <div class='ocr_carea' id='block_1_10' title="bbox 286 1270 3695 1344">
    <p class='ocr_par' dir='ltr' id='par_1_10' title="bbox 286 1270 3695 1344">
     <span class='ocr_line' id='line_1_10' title="bbox 286 1270 3695 1344; baseline 0.001 -18"><span class='ocrx_word' id='word_1_111' title='bbox 286 1273 591 1341; x_wconf 78' lang='lat' dir='ltr'>interprete</span> <span class='ocrx_word' id='word_1_112' title='bbox 611 1274 738 1341; x_wconf 86' lang='lat' dir='ltr'>jam</span> <span class='ocrx_word' id='word_1_113' title='bbox 767 1273 900 1325; x_wconf 89' lang='lat' dir='ltr'>olim</span> <span class='ocrx_word' id='word_1_114' title='bbox 937 1271 1123 1327; x_wconf 85' lang='lat' dir='ltr'>Latine</span> <span class='ocrx_word' id='word_1_115' title='bbox 1151 1288 1388 1338; x_wconf 87' lang='lat' dir='ltr'>versam,</span> <span class='ocrx_word' id='word_1_116' title='bbox 1421 1290 1548 1344; x_wconf 67' lang='lat' dir='ltr'>qum</span> <span class='ocrx_word' id='word_1_117' title='bbox 1580 1271 1734 1328; x_wconf 88' lang='lat' dir='ltr'>velut</span> <span class='ocrx_word' id='word_1_118' title='bbox 1764 1274 2178 1327; x_wconf 84' lang='lat' dir='ltr'>continuatura</span> <span class='ocrx_word' id='word_1_119' title='bbox 2209 1271 2578 1341; x_wconf 85' lang='lat' dir='ltr'>Tripartitam</span> <span class='ocrx_word' id='word_1_120' title='bbox 2613 1270 2818 1340; x_wconf 87' lang='lat' dir='ltr'>incipit</span> <span class='ocrx_word' id='word_1_121' title='bbox 2866 1289 2898 1325; x_wconf 93' lang='lat' dir='ltr'>a</span> <span class='ocrx_word' id='word_1_122' title='bbox 2954 1273 3318 1342; x_wconf 85' lang='lat' dir='ltr'>temporibus</span> <span class='ocrx_word' id='word_1_123' title='bbox 3382 1274 3695 1330; x_wconf 88' lang='lat' dir='ltr'>Theodosii</span> 
     </span>
    </p>
   </div>
   <div class='ocr_carea' id='block_1_11' title="bbox 284 1359 3698 1434">
    <p class='ocr_par' dir='ltr' id='par_1_11' title="bbox 284 1359 3698 1434">
     <span class='ocr_line' id='line_1_11' title="bbox 284 1359 3698 1434; baseline 0.001 -18"><span class='ocrx_word' id='word_1_124' title='bbox 284 1360 572 1429; x_wconf 85' lang='lat' dir='ltr'>Junioris,</span> <span class='ocrx_word' id='word_1_125' title='bbox 605 1361 940 1432; x_wconf 88' lang='lat' dir='ltr'>desinitque</span> <span class='ocrx_word' id='word_1_126' title='bbox 969 1362 1028 1416; x_wconf 91' lang='lat' dir='ltr'>in</span> <span class='ocrx_word' id='word_1_127' title='bbox 1062 1367 1246 1416; x_wconf 90' lang='lat' dir='ltr'>morte</span> <span class='ocrx_word' id='word_1_128' title='bbox 1277 1362 1589 1428; x_wconf 86' lang='lat' dir='ltr'>Anastasii,</span> <span class='ocrx_word' id='word_1_129' title='bbox 1624 1379 1797 1433; x_wconf 89' lang='lat' dir='ltr'>quem</span> <span class='ocrx_word' id='word_1_130' title='bbox 1830 1361 2074 1432; x_wconf 91' lang='lat' dir='ltr'>impium</span> <span class='ocrx_word' id='word_1_131' title='bbox 2107 1365 2270 1416; x_wconf 88' lang='lat' dir='ltr'>vocat</span> <span class='ocrx_word' id='word_1_132' title='bbox 2298 1369 2348 1415; x_wconf 86' lang='lat' dir='ltr'>el</span> <span class='ocrx_word' id='word_1_133' title='bbox 2377 1378 2410 1414; x_wconf 90' lang='lat' dir='ltr'>a</span> <span class='ocrx_word' id='word_1_134' title='bbox 2440 1360 2793 1430; x_wconf 87' lang='lat' dir='ltr'>quibusdam</span> <span class='ocrx_word' id='word_1_135' title='bbox 2829 1359 3072 1415; x_wconf 84' lang='lat' dir='ltr'>fulmine</span> <span class='ocrx_word' id='word_1_136' title='bbox 3101 1361 3292 1417; x_wconf 90' lang='lat' dir='ltr'>divino</span> <span class='ocrx_word' id='word_1_137' title='bbox 3353 1379 3698 1434; x_wconf 87' lang='lat' dir='ltr'>percussum</span> 
     </span>
    </p>
   </div>
   <div class='ocr_carea' id='block_1_12' title="bbox 289 1447 3694 1522">
    <p class='ocr_par' dir='ltr' id='par_1_12' title="bbox 289 1447 3694 1522">
     <span class='ocr_line' id='line_1_12' title="bbox 289 1447 3694 1522; baseline 0.001 -19"><span class='ocrx_word' id='word_1_138' title='bbox 289 1449 433 1504; x_wconf 80' lang='lat' dir='ltr'>tradi</span> <span class='ocrx_word' id='word_1_139' title='bbox 471 1450 702 1505; x_wconf 88' lang='lat' dir='ltr'>scribit.</span> <span class='ocrx_word' id='word_1_140' title='bbox 733 1449 859 1504; x_wconf 82' lang='lat' dir='ltr'>Non</span> <span class='ocrx_word' id='word_1_141' title='bbox 892 1451 1063 1505; x_wconf 90' lang='lat' dir='ltr'>modo</span> <span class='ocrx_word' id='word_1_142' title='bbox 1113 1452 1346 1506; x_wconf 87' lang='lat' dir='ltr'>brevius</span> <span class='ocrx_word' id='word_1_143' title='bbox 1401 1451 1568 1520; x_wconf 85' lang='lat' dir='ltr'>longe</span> <span class='ocrx_word' id='word_1_144' title='bbox 1604 1451 1831 1522; x_wconf 85' lang='lat' dir='ltr'>singula</span> <span class='ocrx_word' id='word_1_145' title='bbox 1890 1449 2280 1521; x_wconf 83' lang='lat' dir='ltr'>persequitur,</span> <span class='ocrx_word' id='word_1_146' title='bbox 2335 1465 2509 1518; x_wconf 88' lang='lat' dir='ltr'>quam</span> <span class='ocrx_word' id='word_1_147' title='bbox 2552 1447 2915 1519; x_wconf 88' lang='lat' dir='ltr'>Nicephorus</span> <span class='ocrx_word' id='word_1_148' title='bbox 2963 1447 3424 1506; x_wconf 86' lang='lat' dir='ltr'>Callistuslibris</span> <span class='ocrx_word' id='word_1_149' title='bbox 3453 1468 3570 1519; x_wconf 81' lang='lat' dir='ltr'>xw,</span> <span class='ocrx_word' id='word_1_150' title='bbox 3603 1469 3694 1520; x_wconf 82' lang='lat' dir='ltr'>xv,</span> 
     </span>
    </p>
   </div>
   <div class='ocr_carea' id='block_1_13' title="bbox 285 1538 3695 1608">
    <p class='ocr_par' dir='ltr' id='par_1_13' title="bbox 285 1538 3695 1608">
     <span class='ocr_line' id='line_1_13' title="bbox 285 1538 3695 1608; baseline 0.001 -15"><span class='ocrx_word' id='word_1_151' title='bbox 285 1556 399 1604; x_wconf 84' lang='lat' dir='ltr'>xv1,</span> <span class='ocrx_word' id='word_1_152' title='bbox 473 1540 575 1594; x_wconf 87' lang='lat' dir='ltr'>sed</span> <span class='ocrx_word' id='word_1_153' title='bbox 627 1545 684 1594; x_wconf 87' lang='lat' dir='ltr'>et</span> <span class='ocrx_word' id='word_1_154' title='bbox 740 1539 904 1595; x_wconf 89' lang='lat' dir='ltr'>aliler</span> <span class='ocrx_word' id='word_1_155' title='bbox 962 1539 1240 1595; x_wconf 89' lang='lat' dir='ltr'>nonnulla</span> <span class='ocrx_word' id='word_1_156' title='bbox 1299 1542 1493 1607; x_wconf 80' lang='lat' dir='ltr'>refert,</span> <span class='ocrx_word' id='word_1_157' title='bbox 1550 1546 1614 1596; x_wconf 90' lang='lat' dir='ltr'>ut</span> <span class='ocrx_word' id='word_1_158' title='bbox 1671 1541 1850 1595; x_wconf 85' lang='lat' dir='ltr'>alium</span> <span class='ocrx_word' id='word_1_159' title='bbox 1910 1539 2076 1595; x_wconf 84' lang='lat' dir='ltr'>illum</span> <span class='ocrx_word' id='word_1_160' title='bbox 2115 1539 2294 1595; x_wconf 82' lang='lat' dir='ltr'>fuisse</span> <span class='ocrx_word' id='word_1_161' title='bbox 2341 1539 2731 1608; x_wconf 87' lang='lat' dir='ltr'>Nicephorum</span> <span class='ocrx_word' id='word_1_162' title='bbox 2797 1538 2872 1594; x_wconf 83' lang='lat' dir='ltr'>sit</span> <span class='ocrx_word' id='word_1_163' title='bbox 2929 1554 3185 1606; x_wconf 86' lang='lat' dir='ltr'>necesse,</span> <span class='ocrx_word' id='word_1_164' title='bbox 3237 1540 3370 1596; x_wconf 80' lang='lat' dir='ltr'>licet</span> <span class='ocrx_word' id='word_1_165' title='bbox 3428 1542 3695 1598; x_wconf 81' lang='lat' dir='ltr'>Callistus</span> 
     </span>
    </p>
   </div>
   <div class='ocr_carea' id='block_1_14' title="bbox 285 1628 3693 1702">
    <p class='ocr_par' dir='ltr' id='par_1_14' title="bbox 285 1628 3693 1702">
     <span class='ocr_line' id='line_1_14' title="bbox 285 1628 3693 1702; baseline 0.001 -17"><span class='ocrx_word' id='word_1_166' title='bbox 285 1631 465 1686; x_wconf 83' lang='lat' dir='ltr'>etiam</span> <span class='ocrx_word' id='word_1_167' title='bbox 501 1630 828 1686; x_wconf 86' lang='lat' dir='ltr'>monachus</span> <span class='ocrx_word' id='word_1_168' title='bbox 860 1630 1042 1687; x_wconf 78' lang='lat' dir='ltr'>fuisse</span> <span class='ocrx_word' id='word_1_169' title='bbox 1073 1631 1213 1686; x_wconf 87' lang='lat' dir='ltr'>viris</span> <span class='ocrx_word' id='word_1_170' title='bbox 1243 1631 1430 1687; x_wconf 87' lang='lat' dir='ltr'>doctis</span> <span class='ocrx_word' id='word_1_171' title='bbox 1458 1631 1734 1687; x_wconf 78' lang='lat' dir='ltr'>videatur.</span> <span class='ocrx_word' id='word_1_172' title='bbox 1781 1631 1938 1699; x_wconf 91' lang='lat' dir='ltr'>Vide,</span> <span class='ocrx_word' id='word_1_173' title='bbox 1977 1645 2104 1702; x_wconf 65' lang='lat' dir='ltr'>quae</span> <span class='ocrx_word' id='word_1_174' title='bbox 2135 1631 2204 1685; x_wconf 89' lang='lat' dir='ltr'>de</span> <span class='ocrx_word' id='word_1_175' title='bbox 2236 1630 2325 1686; x_wconf 90' lang='lat' dir='ltr'>his</span> <span class='ocrx_word' id='word_1_176' title='bbox 2381 1629 2758 1685; x_wconf 86' lang='lat' dir='ltr'>Collectaneis</span> <span class='ocrx_word' id='word_1_177' title='bbox 2813 1628 3063 1686; x_wconf 85' lang='lat' dir='ltr'>Jacobus</span> <span class='ocrx_word' id='word_1_178' title='bbox 3120 1629 3347 1697; x_wconf 88' lang='lat' dir='ltr'>Billius,</span> <span class='ocrx_word' id='word_1_179' title='bbox 3382 1632 3482 1688; x_wconf 90' lang='lat' dir='ltr'>lib.</span> <span class='ocrx_word' id='word_1_180' title='bbox 3530 1633 3693 1690; x_wconf 79' lang='lat' dir='ltr'>10bs.</span> 
     </span>
    </p>
   </div>
   <div class='ocr_carea' id='block_1_15' title="bbox 282 1721 706 1775">
    <p class='ocr_par' dir='ltr' id='par_1_15' title="bbox 282 1721 706 1775">
     <span class='ocr_line' id='line_1_15' title="bbox 282 1721 706 1775; baseline 0 -1"><span class='ocrx_word' id='word_1_181' title='bbox 282 1735 422 1775; x_wconf 88' lang='lat' dir='ltr'>sacr.</span> <span class='ocrx_word' id='word_1_182' title='bbox 449 1735 580 1775; x_wconf 87' lang='lat' dir='ltr'>can.</span> <span class='ocrx_word' id='word_1_183' title='bbox 621 1721 706 1775; x_wconf 76' lang='lat'>16.</span> 
     </span>
    </p>
   </div>
   <div class='ocr_carea' id='block_1_16' title="bbox 347 1736 3692 1884">
    <p class='ocr_par' dir='ltr' id='par_1_16' title="bbox 347 1736 3692 1884">
     <span class='ocr_line' id='line_1_16' title="bbox 347 1736 706 1775; baseline 0 -1"><span class='ocrx_word' id='word_1_184' title='bbox 347 1736 422 1774; x_wconf 80' lang='lat' dir='ltr'>cr.</span> <span class='ocrx_word' id='word_1_185' title='bbox 449 1736 512 1774; x_wconf 89' lang='lat' dir='ltr'>ca</span> <span class='ocrx_word' id='word_1_186' title='bbox 567 1759 580 1773; x_wconf 90' lang='lat'>.</span> <span class='ocrx_word' id='word_1_187' title='bbox 621 1736 706 1775; x_wconf 85' lang='lat' dir='ltr'>Io.</span> 
     </span>
     <span class='ocr_line' id='line_1_17' title="bbox 347 1736 3692 1884; baseline 0.001 -19"><span class='ocrx_word' id='word_1_188' title='bbox 347 1815 432 1865; x_wconf 87' lang='lat' dir='ltr'>De</span> <span class='ocrx_word' id='word_1_189' title='bbox 455 1736 747 1880; x_wconf 51' lang='lat' dir='ltr'>exﬁerptis</span> <span class='ocrx_word' id='word_1_190' title='bbox 779 1826 809 1864; x_wconf 90' lang='lat' dir='ltr'>e</span> <span class='ocrx_word' id='word_1_191' title='bbox 837 1809 1126 1866; x_wconf 87' lang='lat' dir='ltr'>Theodori</span> <span class='ocrx_word' id='word_1_192' title='bbox 1156 1809 1384 1867; x_wconf 86' lang='lat' dir='ltr'>lecloris</span> <span class='ocrx_word' id='word_1_193' title='bbox 1417 1811 1583 1866; x_wconf 88' lang='lat' dir='ltr'>libris</span> <span class='ocrx_word' id='word_1_194' title='bbox 1612 1811 1839 1866; x_wconf 87' lang='lat' dir='ltr'>duobus</span> <span class='ocrx_word' id='word_1_195' title='bbox 1869 1811 2118 1866; x_wconf 58' lang='lat' dir='ltr'>Historia</span> <span class='ocrx_word' id='word_1_196' title='bbox 2147 1811 2548 1876; x_wconf 71' lang='lat' dir='ltr'>ecclesiasticae,</span> <span class='ocrx_word' id='word_1_197' title='bbox 2581 1825 2709 1882; x_wconf 69' lang='lat' dir='ltr'>quae</span> <span class='ocrx_word' id='word_1_198' title='bbox 2735 1809 2940 1865; x_wconf 90' lang='lat' dir='ltr'>titulus</span> <span class='ocrx_word' id='word_1_199' title='bbox 2970 1809 3270 1880; x_wconf 74' lang='lat' dir='ltr'>proﬁtetur</span> <span class='ocrx_word' id='word_1_200' title='bbox 3321 1816 3558 1884; x_wconf 84' lang='lat' dir='ltr'>accepta</span> <span class='ocrx_word' id='word_1_201' title='bbox 3585 1810 3692 1866; x_wconf 83' lang='grc' dir='ltr'>ἀπὸ</span> 
     </span>
    </p>
   </div>
   <div class='ocr_carea' id='block_1_17' title="bbox 282 1898 1899 1976">
    <p class='ocr_par' dir='ltr' id='par_1_17' title="bbox 282 1898 1899 1976">
     <span class='ocr_line' id='line_1_18' title="bbox 282 1898 1899 1976; baseline 0.002 -22"><span class='ocrx_word' id='word_1_202' title='bbox 282 1906 468 1976; x_wconf 59' lang='lat' dir='ltr'>posvi}:</span> <span class='ocrx_word' id='word_1_203' title='bbox 501 1899 829 1976; x_wconf 59' lang='grc' dir='ltr'>Νικηφόρον</span> <span class='ocrx_word' id='word_1_204' title='bbox 862 1898 1180 1955; x_wconf 80' lang='grc' dir='ltr'>Καλλίστου</span> <span class='ocrx_word' id='word_1_205' title='bbox 1212 1904 1308 1954; x_wconf 77' lang='grc' dir='ltr'>τοῦ</span> <span class='ocrx_word' id='word_1_206' title='bbox 1338 1899 1756 1970; x_wconf 72' lang='grc' dir='ltr'>Ξανθοπούλου,</span> <span class='ocrx_word' id='word_1_207' title='bbox 1789 1901 1899 1957; x_wconf 80' lang='lat' dir='ltr'>dict</span> 
     </span>
    </p>
   </div>
   <div class='ocr_carea' id='block_1_18' title="bbox 831 1898 2448 1976">
    <p class='ocr_par' dir='ltr' id='par_1_18' title="bbox 862 1898 2448 1970">
     <span class='ocr_line' id='line_1_19' title="bbox 862 1898 2448 1970; baseline -0.001 -15"><span class='ocrx_word' id='word_1_208' title='bbox 862 1898 1180 1955; x_wconf 80' lang='grc' dir='ltr'>Καλλίστου</span> <span class='ocrx_word' id='word_1_209' title='bbox 1212 1904 1308 1954; x_wconf 77' lang='grc' dir='ltr'>τοῦ</span> <span class='ocrx_word' id='word_1_210' title='bbox 1338 1899 1756 1970; x_wconf 72' lang='grc' dir='ltr'>Ξανθοπούλου,</span> <span class='ocrx_word' id='word_1_211' title='bbox 1789 1901 2010 1957; x_wconf 86' lang='lat' dir='ltr'>dictum</span> <span class='ocrx_word' id='word_1_212' title='bbox 2034 1901 2095 1957; x_wconf 88' lang='lat' dir='ltr'>in</span> <span class='ocrx_word' id='word_1_213' title='bbox 2125 1901 2448 1957; x_wconf 89' lang='lat' dir='ltr'>Theodoro.</span> 
     </span>
    </p>
   </div>
   <div class='ocr_carea' id='block_1_19' title="bbox 625 2265 3344 2441">
    <p class='ocr_par' dir='ltr' id='par_1_19' title="bbox 625 2265 3344 2441">
     <span class='ocr_line' id='line_1_20' title="bbox 625 2265 3344 2441; baseline 0 -3"><span class='ocrx_word' id='word_1_214' title='bbox 625 2266 1858 2441; x_wconf 81' lang='grc' dir='ltr'>ΝΙΚΗΦΡΟΥ</span> <span class='ocrx_word' id='word_1_215' title='bbox 1994 2265 3344 2438; x_wconf 80' lang='grc' dir='ltr'>ΚΑΛΛΙΣΤΟΥ</span> 
     </span>
    </p>
   </div>
   <div class='ocr_carea' id='block_1_20' title="bbox 1343 2567 2629 2666">
    <p class='ocr_par' dir='ltr' id='par_1_20' title="bbox 1343 2567 2629 2666">
     <span class='ocr_line' id='line_1_21' title="bbox 1343 2567 2629 2666; baseline 0.001 -4"><span class='ocrx_word' id='word_1_216' title='bbox 1343 2568 1592 2663; x_wconf 87' lang='grc' dir='ltr'>ΤΟΥ</span> <span class='ocrx_word' id='word_1_217' title='bbox 1681 2567 2629 2666; x_wconf 82' lang='grc' dir='ltr'>ΞΑΝΘΟΠΟΥΛΟΥ</span> 
     </span>
    </p>
   </div>
   <div class='ocr_carea' id='block_1_21' title="bbox 748 2793 3217 2929">
    <p class='ocr_par' dir='ltr' id='par_1_21' title="bbox 748 2793 3217 2929">
     <span class='ocr_line' id='line_1_22' title="bbox 748 2793 3217 2929; baseline 0.004 -9"><span class='ocrx_word' id='word_1_218' title='bbox 748 2793 2311 2925; x_wconf 83' lang='grc' dir='ltr'>ΕΚΚΑΗΣΙΑΣΤΙΚΗΣ</span> <span class='ocrx_word' id='word_1_219' title='bbox 2396 2799 3217 2929; x_wconf 85' lang='grc' dir='ltr'>ΙΣΤΟΡΙΑΣ</span> 
     </span>
    </p>
   </div>
   <div class='ocr_carea' id='block_1_22' title="bbox 1629 3030 2334 3130">
    <p class='ocr_par' dir='ltr' id='par_1_22' title="bbox 1629 3030 2334 3130">
     <span class='ocr_line' id='line_1_23' title="bbox 1629 3030 2334 3130; baseline 0.011 -8"><span class='ocrx_word' id='word_1_220' title='bbox 1629 3030 2049 3126; x_wconf 82' lang='grc' dir='ltr'>ΒΙΒΛΙΑ</span> <span class='ocrx_word' id='word_1_221' title='bbox 2132 3033 2334 3130; x_wconf 83' lang='lat' dir='ltr'>IH’.</span> 
     </span>
    </p>
   </div>
   <div class='ocr_carea' id='block_1_23' title="bbox 929 3370 3051 3545">
    <p class='ocr_par' dir='ltr' id='par_1_23' title="bbox 929 3370 3051 3545">
     <span class='ocr_line' id='line_1_24' title="bbox 929 3370 3051 3545; baseline 0.005 -11"><span class='ocrx_word' id='word_1_222' title='bbox 929 3370 2033 3538; x_wconf 80' lang='lat' dir='ltr'>NICEPHORI</span> <span class='ocrx_word' id='word_1_223' title='bbox 2149 3376 3051 3545; x_wconf 84' lang='lat' dir='ltr'>CALLISTI</span> 
     </span>
    </p>
   </div>
   <div class='ocr_carea' id='block_1_24' title="bbox 1622 3653 2378 3742">
    <p class='ocr_par' dir='ltr' id='par_1_24' title="bbox 1622 3653 2378 3742">
     <span class='ocr_line' id='line_1_25' title="bbox 1622 3653 2378 3742; baseline 0.004 -5"><span class='ocrx_word' id='word_1_224' title='bbox 1622 3653 2254 3742; x_wconf 80' lang='grc' dir='ltr'>ΧΑΝΊἨΟΡΠ</span> <span class='ocrx_word' id='word_1_225' title='bbox 2270 3656 2378 3740; x_wconf 90' lang='lat' dir='ltr'><strong>LI</strong></span> 
     </span>
    </p>
   </div>
   <div class='ocr_carea' id='block_1_25' title="bbox 850 3852 3138 3983">
    <p class='ocr_par' dir='ltr' id='par_1_25' title="bbox 850 3852 3138 3983">
     <span class='ocr_line' id='line_1_26' title="bbox 850 3852 3138 3983; baseline 0.004 -10"><span class='ocrx_word' id='word_1_226' title='bbox 850 3852 2168 3976; x_wconf 53' lang='lat' dir='ltr'>ECCLESIASTIGXE</span> <span class='ocrx_word' id='word_1_227' title='bbox 2283 3855 3138 3983; x_wconf 53' lang='lat' dir='ltr'>HISTORIA?</span> 
     </span>
    </p>
   </div>
   <div class='ocr_carea' id='block_1_26' title="bbox 1644 4086 2340 4196">
    <p class='ocr_par' dir='ltr' id='par_1_26' title="bbox 1644 4086 2340 4196">
     <span class='ocr_line' id='line_1_27' title="bbox 1644 4086 2340 4196; baseline 0.003 -26"><span class='ocrx_word' id='word_1_228' title='bbox 1644 4086 1937 4170; x_wconf 83' lang='lat' dir='ltr'>LIBRI</span> <span class='ocrx_word' id='word_1_229' title='bbox 2018 4086 2340 4196; x_wconf 81' lang='lat' dir='ltr'>XVIII,</span> 
     </span>
    </p>
   </div>
   <div class='ocr_carea' id='block_1_27' title="bbox 282 4237 3697 4326">
    <p class='ocr_par' dir='ltr' id='par_1_27' title="bbox 282 4237 3697 4326">
     <span class='ocr_line' id='line_1_28' title="bbox 282 4237 3697 4326; baseline 0.001 -24"><span class='ocrx_word' id='word_1_230' title='bbox 282 4245 350 4302; x_wconf 89' lang='lat' dir='ltr'>1n</span> <span class='ocrx_word' id='word_1_231' title='bbox 428 4243 582 4304; x_wconf 82' lang='lat' dir='ltr'>duos</span> <span class='ocrx_word' id='word_1_232' title='bbox 640 4252 822 4326; x_wconf 66' lang='lat' dir='ltr'>tomos</span> <span class='ocrx_word' id='word_1_233' title='bbox 866 4238 1169 4326; x_wconf 69' lang='lat' dir='ltr'>distincti,</span> <span class='ocrx_word' id='word_1_234' title='bbox 1204 4240 1304 4326; x_wconf 34' lang='lat' dir='ltr'>“de</span> <span class='ocrx_word' id='word_1_235' title='bbox 1340 4237 1583 4326; x_wconf 66' lang='lat' dir='ltr'>__Gratce</span> <span class='ocrx_word' id='word_1_236' title='bbox 1664 4257 1819 4326; x_wconf 63' lang='lat' dir='ltr'>nunc</span> <span class='ocrx_word' id='word_1_237' title='bbox 1896 4239 2159 4326; x_wconf 86' lang='lat' dir='ltr'>primum</span> <span class='ocrx_word' id='word_1_238' title='bbox 2243 4240 2410 4326; x_wconf 74' lang='lat' dir='ltr'>editi.</span> <span class='ocrx_word' id='word_1_239' title='bbox 2500 4242 2746 4326; x_wconf 66' lang='lat' dir='ltr'>Adjecta</span> <span class='ocrx_word' id='word_1_240' title='bbox 2830 4253 2912 4307; x_wconf 86' lang='lat' dir='ltr'>est</span> <span class='ocrx_word' id='word_1_241' title='bbox 2998 4246 3189 4308; x_wconf 88' lang='lat' dir='ltr'>latina</span> <span class='ocrx_word' id='word_1_242' title='bbox 3273 4246 3697 4326; x_wconf 84' lang='lat' dir='ltr'>interpretatio</span> 
     </span>
    </p>
   </div>
   <div class='ocr_carea' id='block_1_28' title="bbox 356 4318 3699 4402">
    <p class='ocr_par' dir='ltr' id='par_1_28' title="bbox 356 4318 3699 4402">
     <span class='ocr_line' id='line_1_29' title="bbox 356 4318 3699 4402; baseline 0.001 -19"><span class='ocrx_word' id='word_1_243' title='bbox 356 4327 621 4386; x_wconf 83' lang='lat' dir='ltr'>Joannis</span> <span class='ocrx_word' id='word_1_244' title='bbox 683 4321 898 4400; x_wconf 85' lang='lat' dir='ltr'>Langi,</span> <span class='ocrx_word' id='word_1_245' title='bbox 957 4340 993 4380; x_wconf 92' lang='lat' dir='ltr'>a</span> <span class='ocrx_word' id='word_1_246' title='bbox 1048 4320 1126 4380; x_wconf 73' lang='grc' dir='ltr'>Β.</span> <span class='ocrx_word' id='word_1_247' title='bbox 1188 4319 1263 4378; x_wconf 88' lang='grc' dir='ltr'>Ρ.</span> <span class='ocrx_word' id='word_1_248' title='bbox 1325 4319 1628 4379; x_wconf 79' lang='lat' dir='ltr'>Frontone</span> <span class='ocrx_word' id='word_1_249' title='bbox 1697 4318 1934 4395; x_wconf 73' lang='lat' dir='ltr'>Ducseo,</span> <span class='ocrx_word' id='word_1_250' title='bbox 1997 4322 2294 4382; x_wconf 76' lang='lat' dir='ltr'>societatis</span> <span class='ocrx_word' id='word_1_251' title='bbox 2360 4322 2501 4383; x_wconf 88' lang='lat' dir='ltr'>Jesu</span> <span class='ocrx_word' id='word_1_252' title='bbox 2565 4323 2837 4402; x_wconf 81' lang='lat' dir='ltr'>theologo</span> <span class='ocrx_word' id='word_1_253' title='bbox 2895 4345 3027 4386; x_wconf 87' lang='lat' dir='ltr'>cum</span> <span class='ocrx_word' id='word_1_254' title='bbox 3090 4331 3314 4390; x_wconf 69' lang='lat' dir='ltr'>Graecis</span> <span class='ocrx_word' id='word_1_255' title='bbox 3367 4318 3589 4389; x_wconf 80' lang='lat' dir='ltr'>collata</span> <span class='ocrx_word' id='word_1_256' title='bbox 3643 4337 3699 4388; x_wconf 90' lang='lat' dir='ltr'>et</span> 
     </span>
    </p>
   </div>
   <div class='ocr_carea' id='block_1_29' title="bbox 361 4406 707 4482">
    <p class='ocr_par' dir='ltr' id='par_1_29' title="bbox 361 4406 707 4482">
     <span class='ocr_line' id='line_1_30' title="bbox 361 4406 707 4482; baseline -0.003 -19"><span class='ocrx_word' id='word_1_257' title='bbox 361 4406 707 4482; x_wconf 84' lang='lat' dir='ltr'>recognita.</span> 
     </span>
    </p>
   </div>
   <div class='ocr_carea' id='block_1_30' title="bbox 280 4551 3698 4676">
    <p class='ocr_par' dir='ltr' id='par_1_30' title="bbox 280 4551 3698 4676">
     <span class='ocr_line' id='line_1_31' title="bbox 280 4551 3698 4676; baseline 0.001 -71"><span class='ocrx_word' id='word_1_258' title='bbox 280 4556 524 4617; x_wconf 65' lang='lat' dir='ltr'>(Lutetiae</span> <span class='ocrx_word' id='word_1_259' title='bbox 555 4555 900 4613; x_wconf 88' lang='lat' dir='ltr'>Parisiorum,</span> <span class='ocrx_word' id='word_1_260' title='bbox 935 4553 1247 4617; x_wconf 83' lang='lat' dir='ltr'>Sumptibus</span> <span class='ocrx_word' id='word_1_261' title='bbox 1281 4551 1578 4602; x_wconf 80' lang='lat' dir='ltr'>Sebastiani</span> <span class='ocrx_word' id='word_1_262' title='bbox 1607 4556 1659 4600; x_wconf 85' lang='lat' dir='ltr'>et</span> <span class='ocrx_word' id='word_1_263' title='bbox 1684 4551 2377 4676; x_wconf 48' lang='grc' dir='ltr'>ἓέἓῖἐθὲἓὲξὲῧίῖἔᾟὼῖἱα</span> <span class='ocrx_word' id='word_1_264' title='bbox 2399 4553 2656 4613; x_wconf 70' lang='lat' dir='ltr'>Jacobaaa,</span> <span class='ocrx_word' id='word_1_265' title='bbox 2685 4556 2784 4604; x_wconf 90' lang='lat' dir='ltr'>sub</span> <span class='ocrx_word' id='word_1_266' title='bbox 2825 4557 3074 4618; x_wconf 86' lang='lat' dir='ltr'>Ciconiis,</span> <span class='ocrx_word' id='word_1_267' title='bbox 3099 4559 3238 4618; x_wconf 88' lang='grc'>1630,</span> <span class='ocrx_word' id='word_1_268' title='bbox 3282 4572 3399 4609; x_wconf 89' lang='lat' dir='ltr'>cum</span> <span class='ocrx_word' id='word_1_269' title='bbox 3422 4559 3698 4624; x_wconf 77' lang='lat' dir='ltr'>privilegio</span> 
     </span>
    </p>
   </div>
   <div class='ocr_carea' id='block_1_31' title="bbox 1610 4873 2386 4937">
    <p class='ocr_par' dir='ltr' id='par_1_31' title="bbox 1610 4873 2386 4937">
     <span class='ocr_line' id='line_1_32' title="bbox 1610 4873 2386 4937; baseline 0.001 -2"><span class='ocrx_word' id='word_1_270' title='bbox 1610 4873 2032 4937; x_wconf 81' lang='lat' dir='ltr'><strong><em>ARMANDO</em></strong></span> <span class='ocrx_word' id='word_1_271' title='bbox 2070 4875 2386 4936; x_wconf 81' lang='lat' dir='ltr'>JOANNI</span> 
     </span>
    </p>
   </div>
   <div class='ocr_carea' id='block_1_32' title="bbox 843 4973 3138 5042">
    <p class='ocr_par' dir='ltr' id='par_1_32' title="bbox 843 4973 3138 5042">
     <span class='ocr_line' id='line_1_33' title="bbox 843 4973 3138 5042; baseline 0.002 -6"><span class='ocrx_word' id='word_1_272' title='bbox 843 4973 1516 5039; x_wconf 80' lang='lat' dir='ltr'>ILLUSTRISSIMO</span> <span class='ocrx_word' id='word_1_273' title='bbox 1557 4974 1626 5036; x_wconf 89' lang='lat' dir='ltr'>S.</span> <span class='ocrx_word' id='word_1_274' title='bbox 1675 4974 1750 5034; x_wconf 76' lang='grc' dir='ltr'><em>Β.</em></span> <span class='ocrx_word' id='word_1_275' title='bbox 1800 4973 1880 5034; x_wconf 84' lang='grc' dir='ltr'>Ε.</span> <span class='ocrx_word' id='word_1_276' title='bbox 1947 4973 2416 5037; x_wconf 81' lang='lat' dir='ltr'>CARDINALI</span> <span class='ocrx_word' id='word_1_277' title='bbox 2459 4974 2576 5035; x_wconf 84' lang='lat' dir='ltr'>DE</span> <span class='ocrx_word' id='word_1_278' title='bbox 2629 4976 3138 5042; x_wconf 77' lang='lat' dir='ltr'>RIC’HELIEU.</span> 
     </span>
    </p>
   </div>
   <div class='ocr_carea' id='block_1_33' title="bbox 365 5127 3698 5216">
    <p class='ocr_par' dir='ltr' id='par_1_33' title="bbox 365 5127 3698 5216">
     <span class='ocr_line' id='line_1_34' title="bbox 365 5127 3698 5216; baseline -0.001 -20"><span class='ocrx_word' id='word_1_279' title='bbox 365 5131 701 5212; x_wconf 84' lang='lat' dir='ltr'>Nicephori</span> <span class='ocrx_word' id='word_1_280' title='bbox 788 5131 1027 5193; x_wconf 84' lang='lat' dir='ltr'>Callisti</span> <span class='ocrx_word' id='word_1_281' title='bbox 1097 5128 1425 5210; x_wconf 86' lang='lat' dir='ltr'>aliquando</span> <span class='ocrx_word' id='word_1_282' title='bbox 1509 5138 1762 5190; x_wconf 86' lang='lat' dir='ltr'>tenemus</span> <span class='ocrx_word' id='word_1_283' title='bbox 1817 5128 2152 5189; x_wconf 70' lang='lat' dir='ltr'>historiam.</span> <span class='ocrx_word' id='word_1_284' title='bbox 2214 5127 2626 5190; x_wconf 85' lang='lat' dir='ltr'>Illustrissime</span> <span class='ocrx_word' id='word_1_285' title='bbox 2688 5130 3063 5208; x_wconf 76' lang='lat' dir='ltr'>Cardinalis,</span> <span class='ocrx_word' id='word_1_286' title='bbox 3124 5134 3230 5212; x_wconf 85' lang='lat' dir='ltr'>qui</span> <span class='ocrx_word' id='word_1_287' title='bbox 3315 5154 3494 5207; x_wconf 84' lang='lat' dir='ltr'>nunc,</span> <span class='ocrx_word' id='word_1_288' title='bbox 3563 5148 3698 5216; x_wconf 80' lang='lat' dir='ltr'>post</span> 
     </span>
    </p>
   </div>
   <div class='ocr_carea' id='block_1_34' title="bbox 294 5228 3702 5314">
    <p class='ocr_par' dir='ltr' id='par_1_34' title="bbox 294 5228 3702 5314">
     <span class='ocr_line' id='line_1_35' title="bbox 294 5228 3702 5314; baseline 0 -20"><span class='ocrx_word' id='word_1_289' title='bbox 294 5235 525 5313; x_wconf 89' lang='lat' dir='ltr'>longam</span> <span class='ocrx_word' id='word_1_290' title='bbox 578 5232 1092 5314; x_wconf 81' lang='lat' dir='ltr'>periculosamque</span> <span class='ocrx_word' id='word_1_291' title='bbox 1138 5230 1558 5309; x_wconf 81' lang='lat' dir='ltr'>jactationem,</span> <span class='ocrx_word' id='word_1_292' title='bbox 1612 5229 1672 5286; x_wconf 88' lang='lat' dir='ltr'>in</span> <span class='ocrx_word' id='word_1_293' title='bbox 1717 5228 1856 5287; x_wconf 82' lang='lat' dir='ltr'>sinu</span> <span class='ocrx_word' id='word_1_294' title='bbox 1915 5237 2027 5288; x_wconf 61' lang='lat' dir='ltr'>tua</span> <span class='ocrx_word' id='word_1_295' title='bbox 2078 5246 2382 5306; x_wconf 76' lang='lat' dir='ltr'>purpurae,</span> <span class='ocrx_word' id='word_1_296' title='bbox 2461 5238 2743 5308; x_wconf 83' lang='lat' dir='ltr'>tanquam</span> <span class='ocrx_word' id='word_1_297' title='bbox 2802 5235 2868 5289; x_wconf 87' lang='lat' dir='ltr'>in</span> <span class='ocrx_word' id='word_1_298' title='bbox 2919 5241 3104 5310; x_wconf 83' lang='lat' dir='ltr'>portu</span> <span class='ocrx_word' id='word_1_299' title='bbox 3151 5232 3584 5310; x_wconf 84' lang='lat' dir='ltr'>placidissimo,</span> <span class='ocrx_word' id='word_1_300' title='bbox 3645 5239 3702 5296; x_wconf 89' lang='lat' dir='ltr'>si</span> 
     </span>
    </p>
   </div>
   <div class='ocr_carea' id='block_1_35' title="bbox 289 5324 3698 5412">
    <p class='ocr_par' dir='ltr' id='par_1_35' title="bbox 289 5324 3698 5412">
     <span class='ocr_line' id='line_1_36' title="bbox 289 5324 3698 5412; baseline 0.001 -19"><span class='ocrx_word' id='word_1_301' title='bbox 289 5337 532 5412; x_wconf 87' lang='lat' dir='ltr'>pateris,</span> <span class='ocrx_word' id='word_1_302' title='bbox 610 5336 999 5411; x_wconf 87' lang='lat' dir='ltr'>conquiescet.</span> <span class='ocrx_word' id='word_1_303' title='bbox 1066 5327 1195 5388; x_wconf 81' lang='lat' dir='ltr'>Heu</span> <span class='ocrx_word' id='word_1_304' title='bbox 1278 5326 1492 5408; x_wconf 84' lang='lat' dir='ltr'>quibus</span> <span class='ocrx_word' id='word_1_305' title='bbox 1547 5327 1653 5385; x_wconf 85' lang='lat' dir='ltr'>ille</span> <span class='ocrx_word' id='word_1_306' title='bbox 1697 5326 1960 5405; x_wconf 74' lang='lat' dir='ltr'>iactatus</span> <span class='ocrx_word' id='word_1_307' title='bbox 2015 5327 2200 5400; x_wconf 78' lang='lat' dir='ltr'>fatis!</span> <span class='ocrx_word' id='word_1_308' title='bbox 2258 5324 2442 5405; x_wconf 82' lang='lat' dir='ltr'>Apud</span> <span class='ocrx_word' id='word_1_309' title='bbox 2503 5327 2817 5386; x_wconf 84' lang='lat' dir='ltr'>Matthiam</span> <span class='ocrx_word' id='word_1_310' title='bbox 2879 5332 3206 5391; x_wconf 63' lang='lat' dir='ltr'>Corvinum</span> <span class='ocrx_word' id='word_1_311' title='bbox 3276 5335 3568 5412; x_wconf 86' lang='lat' dir='ltr'>quondam</span> <span class='ocrx_word' id='word_1_312' title='bbox 3627 5342 3698 5396; x_wconf 88' lang='lat' dir='ltr'>in</span> 
     </span>
    </p>
   </div>
   <div class='ocr_carea' id='block_1_36' title="bbox 287 5424 3690 5510">
    <p class='ocr_par' dir='ltr' id='par_1_36' title="bbox 287 5424 3690 5510">
     <span class='ocr_line' id='line_1_37' title="bbox 287 5424 3690 5510; baseline 0 -19"><span class='ocrx_word' id='word_1_313' title='bbox 287 5432 480 5510; x_wconf 85' lang='lat' dir='ltr'>pretio</span> <span class='ocrx_word' id='word_1_314' title='bbox 537 5429 800 5504; x_wconf 82' lang='lat' dir='ltr'>habitus,</span> <span class='ocrx_word' id='word_1_315' title='bbox 863 5433 926 5488; x_wconf 89' lang='lat' dir='ltr'>in</span> <span class='ocrx_word' id='word_1_316' title='bbox 986 5436 1332 5508; x_wconf 85' lang='lat' dir='ltr'>potestatem</span> <span class='ocrx_word' id='word_1_317' title='bbox 1387 5427 1538 5486; x_wconf 84' lang='lat' dir='ltr'>venit</span> <span class='ocrx_word' id='word_1_318' title='bbox 1583 5433 1795 5503; x_wconf 84' lang='lat' dir='ltr'>postea</span> <span class='ocrx_word' id='word_1_319' title='bbox 1855 5424 2268 5485; x_wconf 82' lang='lat' dir='ltr'>Barbarorum</span> <span class='ocrx_word' id='word_1_320' title='bbox 2333 5446 2352 5482; x_wconf 93' lang='lat'><strong><em>:</em></strong></span> <span class='ocrx_word' id='word_1_321' title='bbox 2411 5435 2465 5484; x_wconf 91' lang='lat' dir='ltr'>et</span> <span class='ocrx_word' id='word_1_322' title='bbox 2521 5426 2730 5486; x_wconf 83' lang='lat' dir='ltr'>Turcis</span> <span class='ocrx_word' id='word_1_323' title='bbox 2791 5425 3178 5490; x_wconf 87' lang='lat' dir='ltr'>Pannoniam</span> <span class='ocrx_word' id='word_1_324' title='bbox 3252 5434 3690 5495; x_wconf 75' lang='lat' dir='ltr'>invadentibus.</span> 
     </span>
    </p>
   </div>
   <div class='ocr_carea' id='block_1_37' title="bbox 296 5525 3698 5610">
    <p class='ocr_par' dir='ltr' id='par_1_37' title="bbox 296 5525 3698 5610">
     <span class='ocr_line' id='line_1_38' title="bbox 296 5525 3698 5610; baseline 0.001 -20"><span class='ocrx_word' id='word_1_325' title='bbox 296 5532 398 5590; x_wconf 74' lang='lat' dir='ltr'>vix</span> <span class='ocrx_word' id='word_1_326' title='bbox 444 5537 623 5592; x_wconf 85' lang='lat' dir='ltr'>unius</span> <span class='ocrx_word' id='word_1_327' title='bbox 687 5530 905 5590; x_wconf 86' lang='lat' dir='ltr'>militis</span> <span class='ocrx_word' id='word_1_328' title='bbox 949 5531 1084 5606; x_wconf 81' lang='lat' dir='ltr'>fuit</span> <span class='ocrx_word' id='word_1_329' title='bbox 1145 5527 1374 5604; x_wconf 70' lang='lat' dir='ltr'>praeda.</span> <span class='ocrx_word' id='word_1_330' title='bbox 1423 5532 1708 5589; x_wconf 88' lang='lat' dir='ltr'>Servatus</span> <span class='ocrx_word' id='word_1_331' title='bbox 1764 5535 1846 5585; x_wconf 87' lang='lat' dir='ltr'>est</span> <span class='ocrx_word' id='word_1_332' title='bbox 1918 5535 2132 5588; x_wconf 88' lang='lat' dir='ltr'>autem,</span> <span class='ocrx_word' id='word_1_333' title='bbox 2178 5542 2293 5582; x_wconf 90' lang='lat' dir='ltr'>non</span> <span class='ocrx_word' id='word_1_334' title='bbox 2371 5525 2658 5597; x_wconf 76' lang='lat' dir='ltr'>historiae,</span> <span class='ocrx_word' id='word_1_335' title='bbox 2710 5545 2810 5585; x_wconf 87' lang='lat' dir='ltr'>nec</span> <span class='ocrx_word' id='word_1_336' title='bbox 2879 5545 3078 5588; x_wconf 88' lang='lat' dir='ltr'>rerum</span> <span class='ocrx_word' id='word_1_337' title='bbox 3146 5551 3298 5610; x_wconf 84' lang='lat' dir='ltr'>quas</span> <span class='ocrx_word' id='word_1_338' title='bbox 3354 5535 3698 5593; x_wconf 81' lang='lat' dir='ltr'>continebat</span> 
     </span>
    </p>
   </div>
   <div class='ocr_carea' id='block_1_38' title="bbox 299 5623 3696 5708">
    <p class='ocr_par' dir='ltr' id='par_1_38' title="bbox 299 5623 3696 5708">
     <span class='ocr_line' id='line_1_39' title="bbox 299 5623 3696 5708; baseline 0.001 -20"><span class='ocrx_word' id='word_1_339' title='bbox 299 5635 530 5700; x_wconf 84' lang='lat' dir='ltr'>merito,</span> <span class='ocrx_word' id='word_1_340' title='bbox 590 5628 688 5690; x_wconf 79' lang='lat' dir='ltr'>sed</span> <span class='ocrx_word' id='word_1_341' title='bbox 739 5628 996 5708; x_wconf 84' lang='lat' dir='ltr'>quadam</span> <span class='ocrx_word' id='word_1_342' title='bbox 1055 5630 1356 5706; x_wconf 80' lang='lat' dir='ltr'>elegantia</span> <span class='ocrx_word' id='word_1_343' title='bbox 1421 5624 1806 5695; x_wconf 84' lang='lat' dir='ltr'>characteris,</span> <span class='ocrx_word' id='word_1_344' title='bbox 1859 5631 2026 5694; x_wconf 76' lang='lat' dir='ltr'>cuius</span> <span class='ocrx_word' id='word_1_345' title='bbox 2102 5629 2276 5684; x_wconf 88' lang='lat' dir='ltr'>etiam</span> <span class='ocrx_word' id='word_1_346' title='bbox 2355 5623 2632 5704; x_wconf 80' lang='lat' dir='ltr'>beneﬁcio</span> <span class='ocrx_word' id='word_1_347' title='bbox 2694 5623 3222 5708; x_wconf 85' lang='lat' dir='ltr'>Constantinopoli</span> <span class='ocrx_word' id='word_1_348' title='bbox 3275 5635 3482 5692; x_wconf 56' lang='lat' dir='ltr'>veniit</span> <span class='ocrx_word' id='word_1_349' title='bbox 3534 5640 3696 5692; x_wconf 78' lang='lat' dir='ltr'>inter</span> 
     </span>
    </p>
   </div>
   <div class='ocr_carea' id='block_1_39' title="bbox 304 5721 3692 5810">
    <p class='ocr_par' dir='ltr' id='par_1_39' title="bbox 304 5721 3692 5810">
     <span class='ocr_line' id='line_1_40' title="bbox 304 5721 3692 5810; baseline 0 -21"><span class='ocrx_word' id='word_1_350' title='bbox 304 5726 690 5793; x_wconf 80' lang='lat' dir='ltr'>delicatorum</span> <span class='ocrx_word' id='word_1_351' title='bbox 755 5726 1206 5810; x_wconf 83' lang='lat' dir='ltr'>supellectilem,</span> <span class='ocrx_word' id='word_1_352' title='bbox 1266 5726 1442 5806; x_wconf 86' lang='lat' dir='ltr'>quasi</span> <span class='ocrx_word' id='word_1_353' title='bbox 1519 5727 1738 5785; x_wconf 84' lang='lat' dir='ltr'>cultius</span> <span class='ocrx_word' id='word_1_354' title='bbox 1814 5721 2060 5803; x_wconf 82' lang='lat' dir='ltr'>aliquod</span> <span class='ocrx_word' id='word_1_355' title='bbox 2143 5725 2532 5800; x_wconf 85' lang='lat' dir='ltr'>mancipium.</span> <span class='ocrx_word' id='word_1_356' title='bbox 2594 5722 2945 5801; x_wconf 85' lang='lat' dir='ltr'>Emptorem</span> <span class='ocrx_word' id='word_1_357' title='bbox 3011 5735 3209 5790; x_wconf 87' lang='lat' dir='ltr'>autem</span> <span class='ocrx_word' id='word_1_358' title='bbox 3282 5729 3510 5789; x_wconf 82' lang='lat' dir='ltr'>invenit</span> <span class='ocrx_word' id='word_1_359' title='bbox 3565 5750 3692 5790; x_wconf 84' lang='lat' dir='ltr'>eum</span> 
     </span>
    </p>
   </div>
  </div>
