4096 6284
377 350 496 413 559
1633 416 1646 426 ,
1676 354 1725 412 Ν
1731 350 2097 414 ICEPHORI
2142 349 2492 411 GALLISTI
3671 357 3784 419 560

375 492 485 569 qui
533 487 793 567 publicis
840 487 1115 549 invi/lens
1169 488 1513 562 commodis,
1595 507 1763 549 suum
1837 488 2043 567 fecisse
2119 484 2457 559 videbatur,
2518 504 2587 546 ne
2653 494 2797 547 esset
2878 485 3161 548 aliorum.
3235 486 3362 552 Sed
3411 489 3651 552 tandem
3713 491 3785 552 ab

374 585 607 665 injusto
638 584 876 645 domino
907 585 965 643 in
1005 585 1303 661 familiam
1353 588 1745 666 imperatoris
1797 587 2078 656 transiit,
2136 603 2205 645 ac
2248 582 2625 663 postliminio
2692 589 3001 646 restitutus
3071 603 3162 647 eos
3230 595 3316 646 est
3374 588 3529 648 unde
3585 591 3790 668 fuerat

377 682 623 746 ablatus
683 704 702 744 :
761 693 970 744 auctor
1021 683 1321 766 siquidem
1380 688 1501 764 ipse
1556 684 1934 763 Nicephorus
1983 703 2158 744 suum
2218 687 2581 763 imperatore
2665 681 2915 763 dignum
2999 703 3210 744 munus
3255 685 3671 765 judicaverat,
3734 696 3791 748 et

376 780 740 864 Palaeologo,
815 783 911 844 uti
964 784 1218 864 suspicio
1278 793 1389 861 est,
1448 784 1762 845 historiam
1819 792 2220 845 consecrarat.
2281 783 2543 844 Joannes
2599 783 2867 862 Langus,
2905 783 2998 844 vir
3038 783 3108 842 de
3162 783 3478 865 republica
3537 786 3785 849 littera-

374 886 476 942 ria
530 885 741 963 optime
800 883 1063 959 meritus,
1124 902 1252 944 eum
1305 888 1543 963 primus
1589 901 1619 943 e
1695 881 2089 943 Bibliotheca:
2165 880 2420 942 vinculis
2466 880 2747 955 exsolvit,
2809 899 2878 942 ac
2924 883 3100 942 Latio
3159 880 3421 957 donavit,
3483 903 3598 963 quo
3665 885 3786 946 sibi

370 985 614 1040 nomine
666 978 772 1040 etsi
827 980 1160 1042 obstrinxit
1210 986 1532 1054 universos,
1591 1000 1709 1041 non
1777 991 1981 1042 tamen
2034 980 2231 1059 e/fecit
2297 986 2369 1040 ut
2427 979 2615 1059 ipsum
2669 998 2699 1040 e
2756 978 2927 1040 vultu
2983 981 3391 1061 Nicephorum
3440 1001 3606 1043 nosse
3659 1003 3782 1043 non

368 1087 647 1158 cuperent
695 1078 747 1140 ii
792 1078 1008 1159 quibus
1081 1078 1464 1159 antiquitatis
1536 1079 1797 1139 studium
1854 1090 1913 1139 et
1972 1083 2192 1143 Grates:
2247 1076 2549 1154 facundiae
2605 1075 2870 1157 dignitas
2914 1087 3058 1138 esset
3117 1080 3175 1137 in
3248 1086 3472 1159 pretio.
3535 1079 3782 1143 Prwter

372 1185 612 1236 caeteros
664 1187 860 1238 autem
908 1177 1123 1238 Jacobi
1186 1178 1233 1239 Τ
1234 1176 1429 1239 huani
1472 1180 1540 1238 in
1619 1190 1831 1239 senatu
1904 1176 2251 1238 Parisiensi
2309 1175 2620 1252 praesidis,
2684 1187 2738 1236 et
2805 1179 2962 1263 inter
3030 1180 3267 1255 egregie
3341 1178 3531 1239 doctos
3586 1182 3782 1259 facile

363 1276 688 1355 principis,
749 1274 811 1336 in
867 1276 1020 1337 hanc
1066 1296 1268 1337 curam
1326 1277 1564 1337 animus
1620 1282 1870 1350 exarsit,
1918 1278 2328 1357 pugnavitque
2384 1276 2549 1334 omni
2600 1293 2721 1355 qua
2779 1274 3015 1336 valebat
3069 1281 3305 1355 gratia,
3367 1290 3422 1337 et
3496 1282 3774 1357 perfecit,

366 1386 430 1434 ut
489 1394 519 1434 e
575 1375 938 1436 bibliotheca
995 1378 1375 1455 imperatoris
1424 1380 1733 1455 exemplar
1790 1377 1982 1456 ipsum
2052 1374 2331 1437 Graecum
2380 1373 2550 1435 nobis
2608 1374 2815 1434 liceret
2871 1375 3233 1441 exscribere,
3284 1375 3445 1456 quod
3497 1388 3778 1439 accurate

357 1476 771 1552 praestitimus.
831 1473 1034 1552 Hujus
1090 1484 1284 1534 autem
1334 1475 1419 1535 ad
1471 1477 1826 1555 transcripti
1877 1475 2061 1554 ﬁdem
2141 1476 2359 1534 Latina
2441 1480 2636 1533 versio
2718 1474 3044 1554 explorata
3112 1480 3533 1556 commissaque
3582 1487 3669 1536 est
3738 1498 3776 1539 a

370 1568 445 1631 Β.
500 1570 571 1631 Ρ.
636 1569 933 1631 Frontone
993 1571 1206 1632 Ducam
1264 1591 1294 1631 e
1339 1578 1621 1632 societate
1675 1572 1836 1638 Jesu,
1898 1579 2004 1653 qui
2059 1592 2185 1633 eam
2245 1574 2648 1649 interpolavit
2700 1590 2925 1631 omnem
2978 1583 3037 1630 et
3090 1578 3411 1632 recensuit.
3463 1575 3609 1634 Non
3666 1574 3775 1635 du-

367 1667 617 1729 bitamus
674 1679 863 1730 autem
922 1670 1027 1730 isto
1082 1689 1379 1750 sponsore,
1442 1669 1859 1753 Nicephorum
1942 1673 2103 1730 hunc
2179 1682 2441 1730 nostrum
2509 1687 2859 1747 germanum
2907 1688 3192 1741 asserere,
3253 1678 3309 1730 et
3365 1673 3459 1731 vel
3517 1672 3774 1734 Callisto

361 1769 536 1846 patri
592 1766 673 1847 (si
722 1766 922 1827 redeat
1002 1771 1069 1828 in
1147 1768 1321 1849 vivis)
1394 1768 1926 1849 recognoscendum
1987 1768 2157 1829 dare.
2215 1768 2390 1829 Nunc
2449 1768 2644 1833 illum,
2698 1766 3106 1828 lllustrissime
3168 1767 3547 1836 Cardinalis,
3609 1770 3773 1831 orbis

365 1863 760 1928 Christianus
821 1869 1045 1932 Galliae
1101 1867 1409 1928 debiturus
1454 1877 1558 1938 est,
1607 1870 1715 1948 qui
1759 1887 1868 1949 per
1915 1876 1968 1928 te
2034 1867 2173 1948 jam
2233 1868 2332 1926 illi
2379 1869 2566 1927 multa
2612 1865 2802 1927 debet.
2877 1867 3072 1946 Atque
3123 1864 3219 1925 hic
3274 1887 3449 1947 quam
3507 1873 3587 1927 sit
3638 1877 3773 1928 tuus

364 1965 495 2045 ipsa
537 1971 798 2026 nominis
829 1967 1110 2029 iudicatio
1173 1966 1560 2028 demonstrat.
1624 1969 1809 2033 Quem
1855 1973 2010 2028 enim
2079 1968 2337 2048 appellet
2393 1966 2579 2027 alium
2639 1969 2977 2041 Νικηφορος.
3029 1984 3209 2049 quam
3261 1984 3395 2026 eum
3448 1965 3556 2047 qui
3613 1987 3770 2047 qua-

361 2083 592 2146 cunque
642 2066 757 2127 z'ter
801 2066 946 2142 fecit
1003 2068 1321 2129 victoriam
1378 2066 1801 2128 circumtulisse
1867 2068 2020 2127 visus
2070 2076 2172 2127 est.
2238 2066 2351 2142 Qui
2426 2065 2783 2126 rebellantis
2837 2070 3183 2144 provincias
3241 2085 3357 2125 non
3427 2074 3545 2125 tam
3625 2086 3771 2145 par-

359 2161 544 2240 sibus,
596 2183 781 2245 quam
839 2166 1102 2226 victoriis
1156 2166 1507 2245 peragravit
1563 2183 1582 2224 :
1638 2172 1747 2244 qui
1817 2165 2138 2247 felicitate,
2200 2162 2551 2242 vigilantia,
2632 2166 2852 2224 virtute
2906 2164 3212 2245 quidquid
3269 2162 3548 2224 hactenus
3619 2167 3770 2228 Gal-

364 2263 466 2321 liae
494 2264 775 2323 beatitati
812 2262 1147 2337 obstiterat,
1203 2267 1410 2325 evertit
1467 2264 1841 2345 disjecitque.
1921 2263 2134 2342 Pergis
2188 2275 2378 2323 autem
2434 2263 2610 2323 etiam
2666 2280 2845 2338 nunc,
2910 2261 3325 2323 lllustrissime
3390 2262 3770 2336 Cardinalis,

355 2358 515 2420 alias
570 2362 638 2420 in
691 2380 831 2421 oras
916 2363 1032 2423 vim
1102 2364 1370 2423 eamdem
1459 2362 1771 2441 beneﬁcam
1854 2366 2250 2442 invictamque
2309 2361 2614 2422 deducere.
2653 2359 2960 2432 Exstabit,
3022 2379 3093 2420 ne
3147 2358 3376 2429 dubita,
3432 2359 3589 2420 alter
3643 2363 3768 2421 ali-

352 2458 595 2538 quando
652 2459 1046 2541 Nicepborus,
1125 2468 1234 2541 qui
1317 2473 1553 2522 tuarum
1610 2462 2002 2521 victoriarum
2050 2478 2291 2520 cursum
2354 2462 2601 2539 posteris
2657 2457 3011 2539 explicabit.
3070 2478 3417 2540 quanquam
3473 2466 3539 2518 ut
3588 2459 3763 2537 facta

358 2564 464 2616 tua
518 2576 683 2618 nemo
739 2563 986 2639 scriptis
1068 2560 1340 2632 celebret,
1394 2559 1573 2640 fama
1617 2569 1807 2621 tamen
1868 2559 2146 2640 loquetur
2198 2561 2350 2639 ipsa,
2410 2576 2592 2639 neque
2652 2568 2898 2618 ventura
2960 2557 3030 2617 de
3089 2566 3143 2619 te
3196 2568 3334 2619 astas
3391 2556 3518 2619 ulla
3560 2568 3763 2636 postea

359 2656 721 2715 conticescet.
777 2655 897 2717 Nos
983 2666 1140 2718 certe
1192 2658 1350 2737 quod
1404 2660 1530 2717 rita
1615 2665 1899 2738 suppetet,
1963 2660 2084 2717 tuis
2130 2655 2404 2717 obstricti
2472 2662 2792 2736 ornatique
2851 2653 3171 2728 beneﬁciis,
3253 2657 3476 2737 quiqui
3528 2674 3758 2728 sumus,

358 2751 550 2830 ﬁdam
578 2772 808 2834 semper
834 2753 1188 2835 obsequendi
1218 2754 1577 2817 voluntatem
1605 2756 1881 2837 proﬁteri
1913 2774 2027 2816 non
2057 2755 2398 2824 desinemus,

1039 2883 1355 2944 lllustriss.
1388 2894 1446 2945 et
1479 2883 1878 2945 Reverendiss.
1919 2882 2291 2955 Cardinalis,

1923 3007 2298 3069 Deditissimi
2326 3006 2774 3089 humillimique
2806 3007 3093 3079 Clientes,

1795 3150 2212 3208 Sesss'ruuus
2255 3162 2327 3206 er
2370 3146 2641 3206 GABRIEL
2683 3144 2990 3206 Casum"
3033 3161 3319 3208 raucus.

362 3303 3761 3335 Μ

1453 3484 2685 3622 ΠΡΟΣΦΩΝΗΜΑ
2791 3564 2798 3578 ι

1754 3722 1843 3773 EN
1882 3722 2061 3772 EIAEI
2102 3720 2446 3771 ΕΓΚΩΜΙΟΥ

737 3842 845 3892 ΕΙΣ
882 3841 1010 3893 ΤΟΝ
1053 3840 1567 3893 ΕΥΣΕΒΕΣΤΔΤΟΝ
1608 3838 1726 3893 ΚΑΙ
1765 3839 1970 3892 APION
2014 3838 2206 3890 [ΙΜΩΝ
2247 3836 2737 3889 ΑΥΤΟΚΡΔΤΟΡΔ
2778 3837 2952 3889 ΥΠΕΡ
2991 3838 3121 3889 ΤΗΣ
3159 3835 3399 3889 ΒΙΒΛΟΥ

1479 3930 1616 3984 ΤΗΣ
1658 3927 2001 3982 ΕΚΚΑΗΣΙΑ
2016 3929 2261 3980 ΣΤΙΚΗΣ
2305 3928 2563 3980 ΙΣΤΟΡΙΔ
2575 3929 2634 3978 Σ.

941 4162 1871 4286 ALLOCUTIO
1965 4084 3205 4283 E—NGOMIASTIGA

1000 4380 1108 4439 AD
1154 4376 1556 4439 PIISSIMUM
1602 4374 1701 4435 ET
1744 4373 2110 4435 SANCTUM
2158 4372 2725 4436 IMPERATOREM
2771 4375 3144 4437 NOSTRUM

864 4537 1224 4627 SUPER
1309 4536 1661 4627 LIBRO
1737 4536 2306 4624 HISTORUE
2370 4536 3277 4632 ECCLESIASTICAE.

435 4844 475 4902 I
517 4842 916 4902 Ecclesiaslica
964 4840 1208 4897 Historia
1264 4840 1605 4912 composila,
1668 4838 2017 4896 multorum-

2204 4835 2365 4909 Ἐμοὶ
2422 4831 2479 4891 δὲ
2533 4833 2635 4911 ἄρα
2694 4835 3151 4907 ἐκκλησιαστικῆν
3213 4839 3450 4915 ἱστορίαν
3506 4841 3779 4916 ᾑρημένῳ

378 4951 498 5007 que
520 4940 575 4989 et
604 4932 1083 5001 admirandos-um
1143 4929 1395 4985 virorum
1459 4929 1633 4985 rebus
1662 4928 1838 5000 gestis
1870 4943 1903 4982 θ.
1935 4943 1988 4981 ω

2160 4926 2467 4995 τυντάττειν,
2532 4927 2622 4981 καὶ
2707 4925 2939 4983 πολλῶν
3021 4929 3111 4982 καὶ
3183 4930 3476 4985 θεσπεσίων
3557 4930 3777 5005 πράξεις

375 5021 634 5093 scriptis,
668 5020 887 5077 neri-sini
922 5020 1176 5091 profecto
1207 5034 1263 5088 οι
1287 5035 1351 5073 us
1412 5018 1490 5084 id,
1553 5033 1718 5089 quam
1775 5017 1900 5084 tibi,
1936 5032 1992 5071 re

2160 5011 2343 5089 ενδρῶν
2399 5013 2720 5089 πειρωμένῳ
2779 5013 2843 5086 ’δὴ
2911 5018 3249 5095 ξυγγράφειν,
3307 5018 3411 5073 τίνι
3479 5039 3539 5096 γε
3613 5018 3777 5093 ἄλλῳ

371 5112 522 5167 otius
543 5111 956 5176 consecrarim,
991 5110 1326 5182 imperator.
1361 5108 1690 5180 principum
1751 5107 1988 5163 omniun

2160 5102 2327 5175 αύτην
2360 5105 2631 5159 ἀναθεῖναι
2670 5113 2964 5179 προσῆκεν,
3007 5109 3041 5179 ἢ
3076 5108 3185 5177 σοὶ,
3241 5106 3510 5183 βασιλέων
3552 5109 3773 5165 πάντων

365 5199 578 5255 Christi
617 5200 1022 5257 amantissimo
1053 5202 1228 5270 atque
1276 5196 1729 5260 humanissimo,
1761 5196 1859 5266 qui
1889 5211 1982 5249 om

2172 5190 2587 5267 ιλοχριστὸτατε
2653 5195 2743 5249 καὶ
2811 5195 3312 5272 φιλανθρωπότατε,
3372 5197 3543 5259 πάσας
3604 5194 3779 5274 ἄρδην

362 5305 468 5344 nes
506 5306 744 5360 prorsus
792 5291 1037 5345 virtutes
1093 5286 1457 5358 complexus,
1492 5284 1635 5340 nih;l
1670 5301 1862 5340 rerum
1898 5301 1967 5354 pu

2163 5300 2220 5334 τε
2271 5276 2596 5336 συλλαϐόντι
2641 5283 2736 5344 τὰς
2796 5282 3005 5358 ἀρετὰς,
3051 5283 3142 5338 καὶ
3206 5280 3478 5357 μηδεμίαν
3534 5279 3778 5358 ὑπερϐο-

358 5377 790 5434 cherrimarum
822 5384 878 5432 et
921 5375 1542 5432 excellentissiunarum
1575 5374 1973 5446 pl'tetermisist

2169 5371 2236 5439 ἠν
2266 5375 2372 5424 τῶν
2410 5375 2667 5448 χρηστῶν
2702 5371 2753 5426 ἐν
2788 5369 2969 5427 οὐδενὶ
3001 5372 3425 5429 καταλελοιπότι
3452 5393 3466 5441 ;
3500 5370 3563 5427 οὗ
3594 5372 3780 5429 πολλᾶ

368 5465 594 5520 Etcum
659 5467 951 5536 permulta
1008 5475 1182 5533 atque
1239 5463 1381 5520 adeo
1440 5462 1890 5518 innumerabilia
1925 5468 1980 5515 tu

2160 5459 2226 5513 ιὲν
2275 5460 2363 5512 καὶ
2408 5457 2555 5515 ἄλλα
2600 5467 2667 5514 τά
2710 5462 3128 5536 κατορθώματα,
3173 5464 3263 5516 καὶ
3310 5463 3384 5522 ὡς
3431 5464 3543 5516 οἷον
3600 5461 3777 5517 εἰπεῖν

363 5555 484 5610 sint
517 5555 787 5623 prmclare
813 5554 987 5617 facta,
1011 5555 1329 5607 orationem
1366 5559 1624 5607 nostram
1659 5551 1826 5621 longe
1857 5566 1980 5620 ευρ(

2161 5547 2352 5619 ῖπεερα,
2412 5548 2502 5602 καὶ
2566 5548 2727 5625 λόγον
2782 5545 3097 5606 ἐκϐαίνοντα
3146 5552 3238 5606 τὸν
3298 5550 3586 5623 ἡμέτερον,
3640 5557 3778 5606 Θεοῦ

369 5643 583 5711 rantis,
618 5658 792 5698 manu
828 5643 1019 5697 divina
1072 5639 1374 5697 consilium
1432 5656 1602 5696 omne
1661 5647 1821 5694 luum
1855 5644 1909 5693 el
1942 5638 1986 5691 fa

2156 5637 2282 5717 εειρὶ
2334 5638 2469 5713 πρὸς
2528 5644 2699 5694 πᾶσαν
2755 5638 2844 5695 καὶ
2906 5638 3114 5715 βουλὴν
3165 5640 3253 5696 καὶ
3295 5640 3483 5715 πρᾶξιν
3534 5637 3773 5716 ὁδηγου·
