4096 6284
264 397 380 456 561

1749 402 2194 466 DEDICATIO.
3560 401 3677 461 562

267 529 458 598 μένου,
516 529 730 584 πάντων
791 527 838 583 δ’
893 528 1088 606 ἔμοιγε
1150 531 1421 605 μέγιστον,
1475 532 1562 585 καὶ
1614 533 1688 594 ὡς
1732 534 1788 588 ἂν
1837 556 1912 597 τις

2032 543 2186 594 ctum
2247 541 2526 610 dirigente
2561 559 2573 597 :
2609 545 2749 608 tum,
2784 544 2846 595 ut
2900 539 3043 594 mihi
3074 537 3306 610 quidem
3341 537 3586 604 videtur,
3620 539 3677 590 et

262 617 542 696 ευστόχως
593 621 725 696 φαίη
775 619 1066 693 ἐπίσημον,
1100 620 1133 687 ἡ
1166 615 1426 691 εὐσέϐεια,
1541 631 1625 675 ’τε
1667 625 1784 696 περὶ
1823 626 1921 692 τὴν

259 713 503 781 Χριστοῦ
582 707 920 780 Ἐκκλησίαν
1000 707 1250 778 σπουδὴ,
1330 712 1416 765 καὶ
1477 713 1504 765 ὁ
1570 715 1690 786 περὶ
1752 713 1919 783 αὐτὴν

259 794 524 870 ἔνθερμος
587 802 703 852 οἷον
761 800 852 852 καὶ
911 798 1181 875 ἄφραστος
1242 797 1399 869 ἔρως,
1454 802 1542 854 καὶ
1594 803 1661 856 τὰ
1721 805 1783 857 σα
1834 802 1920 858 διὰ

255 886 466 954 ταῦτην
501 886 739 960 τρόπαιά
778 908 837 942 τε
886 888 974 940 καὶ
1016 889 1324 961 νικητήρια.
1384 891 1484 944 ’Ήν
1543 887 1676 957 δῆτα
1722 890 1919 962 πολλῷ

260 975 347 1030 καὶ
413 977 598 1048 μυρίῳ
669 974 822 1048 σάλῳ
881 981 986 1031 τῶν
1059 983 1159 1044 τῆς
1221 973 1530 1040 δυσσεϐείας
1614 980 1917 1050 ῥευμάτων,

261 1063 530 1136 σκληρῶν
601 1087 658 1118 τε
722 1066 1044 1137 πνευμάτων
1112 1066 1440 1128 ἀντιπνοίαις
1502 1066 1759 1142 ἀμηγέπη
1821 1093 1916 1124 οε-

262 1152 504 1224 ρομένην
565 1152 756 1224 εὒρὼν,
817 1154 989 1207 πάντα
1050 1155 1274 1225 θέμενος
1338 1154 1386 1210 ἐν
1469 1152 1723 1230 δευτέρῳ,
1783 1131 1919 1230 πρὸς

260 1241 386 1300 τοὺς
447 1243 577 1302 σοὺς
632 1241 903 1316 γαληνους
962 1242 1188 1314 λιμένας
1246 1244 1503 1318 ἀσφαλῶς
1568 1243 1916 1316 διανήξασθαι

260 1330 344 1382 καῖ
405 1336 640 1403 κατᾶραι
702 1333 1105 1404 παρεσκευάσω.
1169 1335 1264 1387 Καὶ
1323 1338 1410 1388 νῦν
1473 1333 1738 1398 ἐίκλαστος
1799 1335 1914 1391 διας

264 1419 526 1489 μένουσα,
590 1421 682 1473 οἷα
741 1417 807 1487 δη
858 1427 949 1475 τὸν
1003 1424 1312 1500 πρόσφατον
1363 1423 1530 1497 ῥύπον
1580 1425 1912 1497 ἀποθεμένη,

260 1505 344 1557 καῖ
421 1505 562 1578 πρὸς
632 1507 732 1572 τὴν
813 1505 1045 1580 ἂρχαίαν
1127 1509 1488 1585 ἐπαναχθεῖσα
1569 1513 1913 1586 εὐπρέπειαν,

262 1592 481 1664 μᾶλλον
530 1592 586 1648 δὲ
624 1597 722 1662 τὴν
770 1593 828 1650 ἔκ
871 1603 970 1664 τῆς
1027 1597 1196 1666 ζάλης
1258 1598 1442 1671 ἅλμην
1490 1606 1604 1663 τοῖς
1652 1607 1757 1656 τῶν
1807 1607 1911 1657 σῶν

260 1681 448 1759 λόγων
537 1684 945 1757 ποτιμωτάτοις
1015 1686 1222 1762 ῥοθίοις
1313 1689 1734 1764 ἁποκλυσαμένη
1823 1693 1912 1746 καὶ

259 1772 650 1842 ἁποπτύσασα,
718 1775 802 1828 σοὶ
859 1781 938 1847 τῷ
996 1775 1054 1831 ἐκ
1112 1779 1244 1832 Geo;
1299 1787 1647 1855 κοσμαγωγῷ
1703 1805 1760 1837 τε
1824 1785 1909 1838 καὶ

2033 634 2188 685 recte
2237 631 2529 702 quispiam
2582 629 2810 697 dixerit,
2844 629 3107 684 omnium
3144 627 3398 684 maxima
3442 630 3501 682 et
3540 624 3681 679 illu-

2032 719 2322 775 strissima
2368 724 2456 774 est
2513 718 2721 790 pietas,
2754 718 3173 790 egregiumque
3233 717 3292 771 in
3355 714 3671 770 Ecclesiam

2030 807 2242 864 Christi
2292 809 2652 876 studium,et
2691 808 2943 878 ﬂagrans
2993 816 3165 878 alque
3223 803 3583 862 incredibilis
3616 803 3675 857 in

2031 898 2294 953 eamdem
2339 914 2523 962 amor,
2563 902 2617 953 et
2659 914 2807 970 quas
2857 897 2985 967 ejus
3043 895 3279 951 nomine
3339 891 3676 966 reportasti,

2027 984 2278 1041 victorias
2335 990 2391 1042 et
2435 992 2666 1058 tropea.
2728 987 2857 1052 Quae
2909 1001 3050 1040 sane
3111 983 3312 1055 pietas,
3374 980 3677 1037 immensis

2029 1075 2317 1131 saevientis
2353 1075 2667 1148 impietatis
2701 1075 2999 1140 ﬂuctibus,
3029 1073 3505 1142 immanibusque
3533 1085 3672 1126 con-

2027 1166 2373 1221 ﬂictantium
2406 1171 2710 1222 ventorum
2747 1163 3014 1237 procellis
3037 1163 3147 1218 huc
3169 1171 3344 1233 atque
3373 1161 3512 1216 illuc
3534 1174 3677 1230 quo-

2027 1256 2337 1310 dammodo
2396 1255 2555 1316 gravi
2602 1254 2916 1325 jactatione
2967 1253 3202 1324 agitata,
3231 1251 3511 1308 beneﬁcio
3545 1252 3676 1302 tan-

2025 1344 2158 1400 dem
2183 1353 2302 1410 tuo,
2325 1345 2427 1417 qui
2458 1345 2629 1401 rebus
2679 1344 2953 1400 omnibus
2995 1342 3125 1398 aliis
3157 1339 3526 1413 posthabitis,
3565 1337 3670 1392 hoc

2028 1452 2208 1489 unum
2242 1435 2464 1489 curaris
2488 1434 2760 1502 maxime,
2784 1438 2905 1488 tuto
2930 1433 2996 1488 ad
3024 1429 3408 1502 tranquillum
3436 1433 3664 1498 portum

2024 1529 2188 1577 tuum
2221 1523 2459 1578 annavit
2491 1528 2664 1594 atque
2681 1520 2976 1593 applicuit.
3002 1520 3070 1574 Et
3111 1535 3264 1574 nunc
3288 1513 3668 1584 integra,vel-

2027 1613 2107 1667 uti
2124 1613 2335 1668 recenti
2357 1613 2470 1668 situ
2487 1613 2710 1683 ahjecto
2724 1617 2780 1667 et
2795 1611 3042 1682 pristina
3056 1608 3264 1681 veteriq
3276 1623 3343 1664 ue
3373 1609 3672 1663 venustate

2025 1710 2276 1773 recepta,
2307 1719 2406 1757 seu
2441 1701 2634 1774 potius
2657 1701 2976 1773 salsugine,
3011 1715 3185 1771 quam
3217 1714 3286 1754 ex
3326 1698 3670 1768 lempestate

2023 1796 2382 1863 conceperat,
2417 1791 2695 1846 orationis
2731 1793 2842 1845 tute
2866 1788 3216 1844 suavissimo
3247 1787 3440 1842 sonitu
3476 1799 3672 1856 repur-

259 1857 596 1935 κυϐερνήτῃ,
641 1862 776 1917 εἶ’πω
820 1861 864 1917 δ’
905 1866 987 1919 ὅτι
1038 1868 1123 1920 καὶ
1169 1869 1298 1940 ἱερῷ
1345 1870 1731 1946 νυμφοστόλῳ.
1774 1871 1911 1940 ἀξιό-

313 1972 352 1974 ”
539 1952 552 1966 .
643 1972 651 1974 ξ
703 1953 711 1965 .
878 1955 886 1971 ,
1015 1953 1033 1974 κ
1160 1961 1181 1970 ..
1252 1956 1328 1972 ς.
1580 1963 1602 1974 ν
1770 1962 1780 1974 .

2024 1884 2155 1950 gata
2203 1857 2375 1950 atque
2415 1881 2646 1949 rejects,
2675 1879 2778 1932 tibi
2813 1878 3007 1933 divino
3056 1875 3214 1932 orbis
3266 1874 3470 1930 rectori
3500 1879 3670 1944 atque

262 1972 442 2029 χρεων
488 1952 591 2018 τήν
642 1953 805 2026 χάριν
861 1953 1199 2028 ἀποπληροῖ,
1250 1956 1494 2032 διάτορον
1547 1963 1659 2013 οἷον
1696 1962 1784 2014 καὶ
1821 1982 1912 2031 μεο

259 2041 440 2113 γάλην
505 2041 746 2116 ῥηγνῦσα
809 2046 1011 2119 φωνὴν,
1059 2046 1130 2106 ὡς
1179 2043 1267 2100 διὰ
1321 2053 1419 2102 σοῦ
1469 2050 1662 2111 πάντες
1713 2049 1913 2106 άσυλον

259 2130 317 2183 τὸ
355 2136 565 2203 χρῆμα
625 2137 724 2198 τῆς
787 2129 1054 2188 είδσεϐείας
1107 2140 1420 2207 τηροῦντες,
1483 2138 1533 2191 έν
1581 2143 1658 2210 τῷ
1711 2135 1914 2213 βεϐαίῳ

263 2217 483 2271 ἑστάναι
544 2225 644 2286 τῆς
702 2215 1008 2290 ἁκιϐδήλου
1067 2221 1302 2298 στεῤῥῶς
1361 2225 1586 2298 οἰόμεθα
1658 2228 1915 2298 πίστεως,

261 2308 356 2374 τὴν
388 2306 537 2384 ἀμφὶ
570 2311 651 2377 τῷ
706 2313 818 2378 Θεῷ
865 2310 1232 2384 πλανωμένην
1281 2312 1436 2387 δόξαν
1489 2315 1677 2391 πόρρω
1709 2339 1805 2388 πη,
1841 2319 1916 2381 ὥς

267 2417 324 2468 γε
375 2398 443 2464 ἦν
498 2397 671 2462 εἰκὸς,
721 2394 1118 2473 διαρρίψαντες.
1156 2403 1228 2455 Οὐ
1281 2405 1386 2476 μὴν
1439 2404 1565 2460 ἀλλ’
1614 2406 1658 2460 εἰ
1711 2408 1805 2480 μὲν
1851 2410 1917 2477 ἦν

271 2505 387 2558 εμοι
449 2490 818 2561 σκοπουμένῳ
875 2492 1055 2565 ἀρχῆς
1101 2493 1190 2547 ἀπ’
1237 2493 1403 2567 ἄκρας
1454 2501 1568 2557 τοῖς
1620 2503 1732 2556 σοῖς
1782 2499 1918 2553 κατὰ

275 2577 425 2647 μέρος
474 2577 679 2630 ἅπασιν
739 2579 1044 2651 ἐπιστῆναι,
1105 2603 1244 2644 οιαις
1295 2604 1352 2639 τε
1404 2584 1578 2659 ῥίζαις
1627 2591 1732 2641 τῶν
1794 2587 1915 2661 περῖ

275 2664 326 2717 σε
378 2667 724 2738 πραγμάτων
779 2669 874 2730 τὰς
922 2670 1169 2747 ἀφορμὰς
1217 2675 1250 2741 ἡ
1288 2675 1455 2728 πάντα
1510 2681 1688 2751 σοαῶς
1739 2673 1918 2748 διεξά-

280 2773 432 2824 γουσα
492 2756 739 2827 Πρόνοια
795 2753 1142 2827 κατεϐάλετο,
1205 2759 1459 2831 διελθεῖν,
1518 2765 1604 2818 ἐπὶ
1662 2766 1794 2839 μέγα
1856 2767 1912 2820 ἂν

282 2841 469 2944 ταὶ-ᾗς
506 2853 723 2921 γραφῆς
782 2844 996 2918 ἐξετάθη
1062 2871 1176 2921 μοι,
1238 2851 1325 2905 καὶ
1387 2856 1699 2931 συγγραφὴν
1759 2854 1918 2926 ἔδοξα

291 2930 479 3030 μάλλον
541 2937 574 3004 ἢ
637 2936 1470 3030 προσφώνημα,διεξέρχεσθαι.
1542 2930 1673 3000 Νυνὶ
1734 2942 1779 2999 δ’
1835 2931 1921 3000 ἐπ’

285 3019 408 3074 ἄλλα
440 3043 543 3096 μοι
597 3027 694 3077 τοῦ
743 3029 948 3079 σκοποῦ
997 3025 1319 3099 βλέποντος,
1375 3038 1621 3107 σμικρῶν
1656 3031 1914 3104 δήτινων

277 3108 388 3197 ᾆσον
435 3113 677 3185 ἅψασθαι
727 3119 830 3167 τῶν
891 3121 1018 3181 σῶν,
1081 3118 1170 3173 καὶ
1247 3117 1564 3194 ἐπιδραμεῖν
1636 3120 1782 3178 ἔσται
1838 3129 1917 3197 τῷ

275 3195 445 3275 λόγῳ·
485 3200 708 3257 ἐκείνων
754 3201 819 3272 δή
852 3211 930 3278 τῷ
979 3209 1274 3278 καθήκοντι
1320 3214 1709 3283 προσηκόντως
1767 3195 1915 3288 μάλα

2024 1969 2412 2040 gubernatori.
2445 1983 2724 2040 sacroque
2756 1967 2862 2039 (sic
2902 1967 3058 2022 enim
3086 1965 3416 2029 dicendum)
3449 1961 3675 2034 auspici

2024 2069 2077 2114 et
2107 2059 2378 2127 curatori,
2397 2058 2714 2130 condignas
2749 2057 2916 2113 refert
2933 2053 3232 2128 gratiam.
3259 2055 3470 2109 claram
3493 2051 3674 2107 veluti

2025 2152 2082 2202 et
2112 2147 2400 2218 ingentem
2431 2147 2706 2203 amittens
2737 2163 2953 2213 vocem,
2975 2161 3178 2201 omnes
3209 2159 3312 2199 nos
3346 2158 3448 2215 per
3479 2146 3532 2196 te
3563 2140 3674 2195 sal-

2025 2253 2152 2291 vam
2171 2235 2689 2307 atqueinviolatam
2707 2235 3020 2291 retinentes
3038 2233 3674 2304 pietatem,constanter

2027 2325 2387 2397 ﬂrmiterque
2427 2325 2480 2378 in
2519 2325 2756 2380 sincerae
2789 2324 2820 2378 fl
2845 2324 2919 2379 lei
2961 2323 3269 2388 sententia,
3303 2319 3576 2392 opinione
3607 2317 3678 2372 de

2024 2414 2274 2470 Numine
2306 2413 2494 2471 divino
2521 2430 2780 2480 errones,
2813 2415 2893 2468 ita
2926 2416 2986 2466 ut
3017 2410 3416 2474 conveniebat,
3450 2407 3671 2478 longis-

2025 2503 2172 2559 sime
2204 2505 2524 2574 repudiata.
2549 2503 2882 2560 consistere.
2907 2502 3118 2558 Verum
3141 2500 3453 2564 enimvero,
3471 2495 3669 2551 sideli-

2026 2592 2320 2649 berationc
2352 2592 2544 2649 habita
2579 2609 2669 2648 res
2700 2597 2827 2647 tuas
2859 2608 2890 2646 a
2924 2590 3110 2662 primo
3142 2587 3308 2643 initio
3330 2585 3672 2657 singillatim

2026 2683 2308 2754 proslqui,
2367 2699 2582 2754 quasve
2629 2681 2851 2737 radices
2924 2681 3217 2735 actionum
3266 2681 3674 2746 tuarum.qum

2026 2771 2223 2827 omnia
2273 2773 2558 2842 sapienter
2634 2770 2939 2827 constituit
3014 2768 3209 2823 divina
3282 2762 3671 2831 Providentia,

2028 2862 2226 2931 egerit,
2260 2877 2544 2932 exponere
2594 2859 2818 2925 vellem,
2853 2858 2912 2912 in
2963 2858 3313 2912 immensum
3358 2852 3542 2909 oratio
3573 2867 3670 2905 ex-

2027 2955 2330 3018 crescercl,
2363 2959 2416 3007 et
2437 2949 2736 3006 historiam
2772 2948 2982 3021 potius,
3007 2962 3182 3017 quam
3217 2943 3406 3014 operis
3438 2941 3672 2997 dedica-

2028 3039 2244 3095 tionem
2301 3040 2604 3095 instituere
2653 3039 2900 3093 viderer.
2949 3037 3056 3091 Sed
3119 3049 3254 3090 cum
3312 3031 3466 3088 aliud
3530 3027 3674 3085 scri-

2025 3130 2196 3186 bendi
2228 3129 2533 3187 consilium
2565 3128 2708 3185 mihi
2739 3127 2815 3183 sit
2845 3125 3229 3198 propositum,
3254 3136 3468 3194 paucas
3500 3134 3676 3190 quas-

2027 3221 2162 3276 dam
2219 3237 2310 3276 res
2349 3225 2481 3276 tuas
2539 3219 2597 3274 in
2649 3218 2957 3290 prasentia
3013 3215 3294 3283 attingere
3333 3217 3506 3282 atque
3538 3225 3665 3264 ora-

270 3291 677 3363 ταμιευομένων
737 3299 911 3368 καιρῷ
958 3295 1073 3352 ἐπεί
1119 3299 1206 3353 τοί
1254 3321 1313 3373 γε
1353 3301 1438 3354 καὶ
1492 3301 1696 3371 ἄλλως,
1747 3283 1807 3360 τό
1856 3328 1912 3374 γε

2026 3311 2180 3366 tione
2235 3310 2620 3382 prestringere
2664 3312 2754 3364 est
2799 3308 2992 3362 visum
3031 3320 3044 3358 :
3080 3301 3319 3373 reliquis
3373 3315 3480 3355 suo
3540 3297 3664 3354 loco

268 3400 348 3430 νυν
406 3383 684 3455 ᾗρημένῳ
730 3382 930 3458 λέγειν,
964 3388 996 3454 ἡ
1030 3390 1312 3462 περιουσία
1360 3397 1466 3445 τῶν
1507 3398 1612 3447 σῶν
1656 3402 1911 3468 χρηστῶν

271 3468 339 3529 εἷς
396 3472 596 3537 καινήν
655 3471 779 3544 έμοί
843 3493 962 3529 τινα
1037 3477 1372 3550 περιίσταται
1450 3478 1674 3552 ἔνδειαν,
1735 3472 1915 3552 ἥκιστ’

272 3561 388 3612 εῶσ’
451 3560 668 3614 ἀνύτειν
725 3563 785 3616 τὸ
835 3565 968 3637 πρὸς
1029 3565 1256 3640 βουλῆς,
1318 3568 1532 3625 πάντων
1587 3573 1659 3634 ὡς
1700 3572 1750 3628 έν
1796 3572 1913 3629 λει-

269 3649 404 3715 μῶνι
468 3647 715 3720 ποικίλῳ
765 3649 956 3724 σχεδὸν
1013 3654 1098 3706 καί
1139 3657 1358 3729 μυρίαις
1409 3658 1649 3731 βρίθοντι
1701 3661 1908 3735 χάρισι,

266 3736 396 3808 πρὸς
451 3736 622 3790 ἑαυτά
675 3735 900 3794 ἕκαστον
963 3744 1329 3814 μεθελκόντων
1388 3749 1476 3802 καὶ
1543 3752 1789 3824 κατέχειν
1841 3748 1905 3820 δὴ

268 3822 520 3900 σοροέρῶς
569 3830 940 3900 πειρωμένων.
994 3831 1155 3888 Ἀλλ’
1210 3833 1318 3909 ἐγὼ
1362 3838 1457 3909 μέν
1507 3836 1613 3910 ἤδη
1667 3819 1782 3894 λόω
1820 3819 1908 3895 τὸν

265 3910 424 3988 λόγον
455 3935 469 3945 ·
524 3913 685 3976 τόσος
736 3914 782 3971 δ’
830 3916 974 3974 ἔσται
1032 3920 1157 3984 ὅσος
1208 3921 1328 3994 δῆτ’
1370 3927 1610 4000 ἀρκέσαι,
1667 3927 1907 4002 ἀμυδρὸν

267 4004 378 4096 οἷον
434 4005 532 4058 τὸν
599 4007 717 4079 περὶ
781 4006 837 4062 σέ
896 4031 988 4080 μοι
1050 4013 1216 4067 πόθον
1278 4012 1620 4086 ἐνδείξασθαι,
1693 4019 1780 4073 καὶ
1847 4021 1908 4074 τὸ

266 4088 444 4182 εὔνουν
536 4095 670 4164 μετα
756 4097 1058 4172 παρρησίας
1125 4101 1550 4178 ἀφοσιώσασθαι,
1629 4103 1762 4182 ἄχρι
1839 4107 1904 4178 δὴ

263 4185 354 4234 τοῦ
414 4180 580 4256 δεῦρο
643 4185 970 4260 ὑποχωροῦν
1029 4191 1116 4244 καὶ
1174 4195 1564 4267 κρυπτόμενον.
1618 4180 1721 4252 Σὸν
1757 4196 1801 4252 δ’
1848 4197 1906 4252 ἂν

266 4268 346 4376 εἴη
378 4279 484 4341 τῆς
534 4273 742 4376 ημέρον
789 4276 878 4329 καὶ
927 4277 1285 4352 φιλαθρώπου
1334 4288 1517 4359 ψυχῆς
1562 4283 1732 4342 ’ίλεων
1782 4289 1904 4361 ἐμοὶ

264 4361 472 4458 έινοὶρᾷν,
541 4361 736 4458 θάρσος
771 4367 818 4418 τ’
863 4363 1100 4441 ἄρρητον
1149 4369 1380 4426 ἐνιέναι·
1423 4376 1510 4429 καὶ
1550 4376 1655 4449 πρό
1700 4385 1759 4451 γὲ
1805 4381 1909 4431 τῶν

266 4447 479 4520 αλλων,
526 4447 579 4504 εἷ’
619 4472 672 4505 τι
724 4455 800 4525 μὴ
846 4457 980 4510 κατὰ
1034 4455 1196 4534 λόγον
1242 4465 1320 4528 τῷ
1363 4447 1603 4536 παρόντι
1638 4447 1735 4536 μοί
1786 4487 1908 4520 συν-

265 4539 498 4613 τάγματι
559 4539 830 4615 λέλεκται,
892 4549 1223 4624 συγγνώμην
1289 4548 1590 4627 βραϐεύειν,
1636 4556 1726 4610 καὶ
1792 4561 1910 4618 ταῖς

263 4719 541 4794 καθαίρειν
592 4723 692 4809 τήν
753 4728 1083 4804 συγγραφήν.
1138 4732 1358 4794 Πάντως
1399 4735 1501 4809 γὰρ
1535 4734 1563 4788 ὅ
1591 4734 1643 4789 τί
1674 4735 1734 4789 ἂν
1764 4738 1797 4804 ἡ
1833 4737 1898 4802 σὴ

268 4811 448 4896 ﬂgitio:
512 4804 771 4883 ἀκριϐοῦν
827 4809 1033 4882 ἕλοιτο,
1077 4813 1253 4872 έκεῖνο
1309 4817 1374 4888 δὴ
1413 4804 1595 4896 ’κάμοὶ
1647 4825 1738 4878 καὶ
1773 4828 1900 4878 πᾶσι

263 4893 455 4970 σχεδὸν
495 4897 657 4973 φῖλον
705 4895 851 4955 ἔσται
909 4905 997 4957 καί
1052 4906 1474 4982 ἀσφαλέστατον,
1503 4893 1738 4968 πάντων
1786 4911 1902 4966 ὅσοι

262 4987 522 5060 γεγόνασι
586 4987 824 5074 μάλιστα
876 4998 991 5056 τοῖς
1047 4997 1317 5060 τοιούτοις
1375 4999 1448 5062 εἰς
1511 5001 1675 5074 βάθος
1733 5001 1908 5071 ἐξικέ-

260 5076 375 5129 etim
428 5076 522 5167 καὶ
582 5073 792 5151 διορᾷν,
841 5081 995 5157 τάχει
1043 5106 1100 5139 τε
1147 5086 1233 5140 καὶ
1287 5073 1516 5161 μεγέθει
1554 5091 1762 5167 φύσεως
1817 5092 1904 5165 γέ-

266 5181 355 5256 ρας
406 5166 546 5238 πρὸς
597 5171 730 5221 Θεοῦ
774 5169 1030 5246 εἰληχὸτι
1060 5193 1074 5206 ·
1115 5177 1249 5249 πρὸς
1291 5176 1345 5231 δὲ
1382 5166 1655 5253 λέγεινγτε
1697 5179 1784 5234 καὶ
1817 5200 1909 5256 φι-

258 5249 514 5342 λοσοιεειν
547 5341 553 5342 7
584 5257 649 5309 τά
694 5258 809 5312 θεῖα
858 5263 1154 5339 σωφρόνως
1212 5266 1322 5336 ἅμα
1372 5268 1460 5321 καὶ
1506 5265 1744 5342 ἀκριϐῶς
1805 5264 1910 5322 δέει

261 5341 406 5411 μάλα
440 5341 668 5431 ,πολλῷ
728 5343 976 5420 διειδότι,
1036 5356 1114 5423 νῷ
1169 5374 1226 5408 τε
1284 5353 1348 5408 αὖ
1396 5358 1483 5411 καὶ
1525 5341 1749 5431 γλώττῃ
1793 5355 1914 5410 δια-

254 5430 522 5522 τρανοόσῃ
581 5434 644 5486 τὸ
713 5440 1114 5511 παριστάμενον
1168 5442 1232 5496 τά
1289 5466 1351 5519 γε
1407 5430 1632 5501 τοιαῢτα
1677 5430 1914 5522 διευκρι-

262 5526 369 5612 νεῖν
418 5520 662 5612 ἰσχυρῶς
704 5521 929 5603 ἔχοντι·
980 5529 1054 5592 ὡς
1099 5533 1317 5607 θάτερον
1359 5536 1463 5589 ὑπὸ
1502 5536 1725 5608 θατέρου
1767 5520 1916 5612 γνω-

259 5610 491 5702 ρίζεσθαι
529 5630 544 5644 ·
599 5610 681 5667 ὅτι
726 5635 789 5690 γε
842 5617 976 5673 κάπὶ
1039 5621 1254 5696 βασάνῳ
1310 5622 1447 5691 δῆτα
1503 5630 1572 5701 τῇ
1622 5631 1690 5702 σῇ
1739 5610 1918 5691 οὖδεὶς

258 5697 396 5754 οὕτω
431 5701 630 5775 θρασὺς
658 5709 747 5759 καὶ
781 5706 1044 5780 αὐθάδης,
1081 5711 1208 5769 ὥστ’
1252 5711 1433 5772 ἔπειτα
1475 5683 1558 5786 δὴ⁸
1584 5683 1675 5773 καί
1721 5716 1920 5774 δάκτυ-

2024 3409 2079 3457 et
2117 3400 2384 3471 tempori,
2421 3417 2521 3472 pro
2565 3415 2630 3454 eo
2674 3404 2843 3468 atque
2885 3396 3066 3460 decet,
3109 3396 3260 3447 recte
3301 3387 3608 3444 reservatis
3652 3403 3668 3442 :

2024 3487 2344 3559 praesertim
2402 3502 2532 3542 cum
2587 3485 2640 3540 id
2675 3483 2829 3556 quod
2878 3497 3034 3537 nunc
3067 3494 3298 3552 quoque
3353 3478 3542 3532 dicere
3571 3475 3660 3530 in-

2021 3578 2204 3647 stitui,
2280 3579 2516 3650 propter
2588 3573 2982 3630 abundantem
3088 3575 3262 3640 atque
3337 3566 3664 3623 exuberan-

2017 3671 2133 3723 tem
2193 3681 2387 3722 rerum
2455 3664 2701 3737 copiam,
2760 3679 2850 3719 me
2931 3662 3000 3716 ad
3081 3673 3286 3714 novam
3368 3655 3663 3727 quandam

2019 3757 2238 3827 redigat
2266 3755 2523 3827 inopiam
2560 3770 2573 3808 :
2607 3753 2688 3807 ita
2732 3759 2799 3807 ut
2839 3752 3010 3806 etiam
3044 3766 3110 3804 ea
3149 3764 3276 3820 quas
3306 3745 3496 3815 cupio,
3529 3759 3660 3813 per-

2019 3845 2188 3899 ﬁcere
2219 3849 2393 3916 atque
2423 3843 2569 3913 stylo
2585 3841 3119 3911 exsequinequeam
3138 3853 3232 3892 :ec
3253 3836 3406 3906 quod
3421 3833 3660 3906 perinde

2017 3935 2280 4007 atquein
2320 3939 2483 4005 prato
2529 3933 2709 3995 vario,
2741 3928 3176 3997 innumerisque
3225 3921 3660 3980 amcsnitatibus

2019 4023 2286 4088 scatenti,
2323 4023 2390 4076 ad
2423 4037 2484 4076 se
2532 4034 2773 4090 quaeque
2824 4033 2914 4072 res
2948 4032 3039 4071 me
3080 4013 3443 4086 pertrahunt,
3473 4010 3671 4078 eisque

2017 4112 2340 4168 tractandis
2405 4110 2650 4166 retinere
2722 4111 3020 4164 conentur.
3054 4103 3338 4159 Caeterum
3423 4095 3672 4155 orationi

2020 4220 2159 4258 mea;
2204 4203 2442 4258 modum
2493 4202 2789 4270 imponam
2843 4214 2856 4250 :
2898 4212 3023 4268 quis
3065 4210 3180 4250 non
3213 4191 3439 4262 longior
3470 4189 3665 4243 futura

2017 4299 2126 4358 est,
2151 4309 2327 4364 quam
2379 4301 2439 4347 ut
2482 4289 2945 4359 qualemcunque
2991 4285 3195 4340 saltem
3248 4280 3362 4336 mei
3413 4294 3547 4348 erga
3600 4282 3657 4331 te

2018 4383 2237 4438 amoris
2293 4386 2349 4437 et
2406 4379 2678 4435 desiderii
2733 4375 3218 4448 significationem
3264 4369 3555 4434 exhibeat,
3604 4368 3662 4421 et

2017 4488 2122 4544 ego
2153 4470 2443 4542 egregiam
2477 4469 2536 4522 in
2566 4473 2625 4522 te
2653 4465 3012 4520 voluntatem
3047 4476 3261 4526 meam,
3288 4473 3416 4529 quae
3448 4457 3518 4510 ad
3552 4454 3660 4510 hoc

2017 4575 2202 4631 usque
2232 4567 2466 4628 tempus
2499 4561 2649 4611 tecta
2686 4552 3028 4622 occultaque
3058 4551 3187 4614 fuit,
3222 4563 3355 4602 cum
3388 4545 3659 4599 libertate

263 4635 358 4697 τῆς
406 4637 510 4698 σῆς
571 4627 842 4705 ἀκριϐείας
898 4638 1238 4708 προσθήκαις
1289 4641 1376 4695 καὶ
1428 4644 1765 4717 ἀφαιρέσεσιν
1819 4645 1908 4701 ἐκ·

2023 4649 2210 4719 palam
2259 4627 2571 4702 declarem.
2602 4643 2736 4698 Tuas
2796 4657 2928 4696 vero
2982 4632 3449 4694 mansuetudinis
3490 4636 3666 4701 atque

2015 4737 2400 4794 humanitatis
2436 4735 2628 4801 fuerit,
2660 4743 2722 4786 ut
2772 4747 2864 4786 me
2913 4729 3136 4800 placide
3179 4723 3442 4796 aspiciat,
3477 4725 3657 4791 atque

2012 4827 2286 4881 ﬁduciam
2343 4825 2540 4879 animo
2598 4837 2726 4877 meo
2775 4821 2968 4887 addat,
3019 4817 3072 4870 in
3135 4813 3330 4886 primis
3391 4826 3552 4877 vero,
3613 4809 3663 4864 si

2015 4915 2154 4986 quid
2180 4912 2374 4968 minus
2408 4921 2554 4966 recte
2583 4908 2642 4964 in
2685 4910 2793 4963 hoc
2827 4920 2996 4977 opere
3024 4923 3054 4959 a
3085 4919 3178 4956 me
3207 4902 3430 4955 dictum
3464 4897 3661 4964 fuerit,

2018 5008 2083 5058 ut
2112 5001 2255 5056 mihi
2287 5003 2568 5070 ignoscat,
2603 4997 3027 5064 historiamque
3079 5005 3293 5054 meam,
3330 5003 3429 5056 pro
3453 4985 3664 5055 judicii

2019 5091 2112 5147 sui
2160 5090 2501 5156 acrimonia,
2545 5085 2812 5142 addendo
2862 5090 3032 5153 atque
3089 5076 3400 5134 adimendo
3460 5090 3669 5144 repur—

2020 5185 2134 5252 get.
2166 5177 2454 5248 Quidquid
2487 5177 2642 5232 enim
2666 5171 2927 5229 valculus
2962 5179 3098 5224 tuus
3123 5165 3448 5222 accuratius
3473 5178 3661 5218 emen-

2022 5271 2262 5336 daverit,
2296 5268 2351 5321 id
2376 5270 2432 5322 et
2462 5265 2602 5320 mihi
2635 5268 2691 5320 et
2721 5261 2992 5317 omnibus
3025 5258 3155 5314 aliis
3177 5260 3401 5328 gratum
3428 5260 3669 5308 certum-

2024 5374 2133 5429 que
2163 5357 2470 5413 habebitur
2502 5371 2516 5414 ;
2570 5358 2874 5423 prepterea
2932 5349 3081 5420 quod
3114 5353 3171 5402 et
3208 5343 3507 5406 omnibus,
3539 5341 3670 5411 qui-

2025 5462 2278 5520 cumque
2333 5449 2511 5511 fuere,
2561 5443 2664 5497 tibi
2712 5442 2963 5496 maxime
3030 5437 3350 5510 perspicere
3419 5433 3554 5486 talia
3611 5437 3670 5486 et

2027 5539 2474 5608 deprehendere,
2511 5531 2966 5602 promptitudine
2986 5541 3037 5582 et
3069 5523 3390 5581 acrimonia
3423 5529 3664 5583 naturae,

2028 5629 2126 5684 Dei
2187 5628 2338 5680 dono
2389 5623 2697 5694 contigerit
2761 5635 2773 5674 :
2834 5624 2890 5673 et
2941 5618 3094 5690 quod
3153 5617 3438 5670 disserere
3494 5619 3667 5678 atque

2031 5716 2350 5789 disputare,
2411 5708 2803 5769 moderatione
2853 5708 3038 5778 justa,
3097 5709 3155 5762 et
3215 5703 3424 5760 timore
3481 5694 3663 5754 multo
