4096 6284
443 365 565 428 563

1733 366 2153 431 MCEPHORI
2195 366 2558 430 CALLISTI

3730 367 3840 427 561

448 501 823 569 adhibito,de
851 501 1028 558 rebus
1057 500 1273 557 divinis
1297 500 1576 572 eXplioate
1597 501 1753 558 noris
1777 519 1791 557 :
1828 507 2100 574 praeterea

2213 499 2310 556 λον
2367 499 2584 573 τολμᾷν
2641 504 2763 561 ταῖς
2815 504 3048 575 γραφαῖς
3099 495 3440 557 ἐπιϐάλλειν.
3509 501 3613 556 Καὶ
3668 503 3842 556 τοίνυν

449 591 606 663 quod
657 593 848 647 mente
895 589 1216 661 concipere,
1267 593 1326 645 et
1375 605 1471 645 ore
1527 590 1743 646 diserto
1787 591 1982 664 eloqui
2037 592 2096 648 id

449 681 601 748 quod
637 681 820 736 visum
869 684 978 747 est,
1012 680 1374 752 insuperque
1423 679 1681 750 idipsum
1715 683 1892 754 probe
1947 683 2099 752 diju-

2205 587 2396 664 παρεὶς
2460 591 2528 644 τὰ
2591 586 2797 656 πολλὰ,
2859 589 3096 644 ἐντεῦθέν
3156 591 3316 645 ποθεν
3376 595 3479 644 τῶν
3558 589 3686 666 περὶ
3751 593 3844 645 σού

2207 681 2392 756 λόγων
2420 679 2765 756 ἀπάρχομαι.

447 771 664 840 dieare,
692 770 774 828 ita
823 777 888 826 ut
959 769 1208 827 alterum
1265 771 1338 828 ab
1398 769 1580 828 altero
1623 773 2266 846 pernosestur,oplime
2320 773 2525 844 possis.
2595 776 2797 844 Neque
2863 772 3134 844 quisdam
3203 771 3488 844 reperitur
3534 789 3666 830 esse
3732 778 3843 828 tam

448 863 638 918 audax
667 865 725 918 et
770 861 1131 928 temerarius,
1159 863 1284 933 qui,
1323 867 1454 933 post
1483 861 1686 918 limam
1729 863 2132 935 judiciumqne
2161 869 2350 930 tuum,
2394 863 2645 934 digitum
2697 861 2969 919 adhibere
3024 861 3258 934 scriptis
3289 866 3608 919 susteneat.
3649 863 3843 934 Itaque

447 951 623 1007 rebus
672 951 879 1007 multis
909 951 1166 1012 omissis,
1189 951 1326 1006 inde
1358 953 1594 1007 tandem
1631 952 1954 1008 orationem
1999 953 2073 1008 de
2103 953 2277 1008 rebus
2305 953 2424 1008 tuis
2453 952 2670 1008 ordiar.

517 1037 576 1097 8
639 1040 782 1096 Cum
837 1039 994 1096 enim
1068 1039 1245 1096 veluti
1333 1041 1622 1112 quispiam
1687 1056 1888 1096 eorum
1990 1040 2092 1112 qui

447 1129 734 1203 singulari
795 1128 898 1186 Dei
981 1131 1134 1186 dono
1201 1129 1322 1184 dati
1386 1134 1545 1198 sunt,
1610 1131 1962 1200 Optimorum
2038 1137 2095 1186 et

447 1218 953 1276 nobilissimorum
1000 1218 1231 1274 illorum
1301 1217 1578 1287 virorum,
1640 1219 1821 1287 nasci,
1879 1227 1934 1274 et
1981 1219 2091 1274 im-

447 1309 672 1382 perium
721 1308 782 1364 in
842 1309 1112 1366 homines
1188 1308 1490 1364 universos
1568 1309 1864 1376 suscipere
1923 1309 2093 1364 debe-

446 1414 564 1469 res,
595 1401 788 1470 magni
824 1397 1056 1454 consilii
1087 1398 1347 1468 angelus,
1379 1413 1446 1454 ac
1494 1399 1691 1468 potius
1723 1414 1914 1454 rerum
1967 1399 2093 1453 uni-

445 1503 747 1542 versarum
795 1486 964 1542 Pater
1010 1495 1182 1558 alque
1225 1492 1432 1553 rector,
1465 1486 1772 1542 consilium
1831 1486 2088 1558 agitavit,

446 1579 502 1632 et
531 1577 603 1632 ad
652 1591 752 1632 eos
810 1577 908 1648 qui
949 1593 1084 1632 cum
1137 1575 1238 1632 illo
1283 1576 1550 1646 ejusdem
1596 1584 1735 1632 sunt
1765 1581 1986 1631 naturas
2039 1584 2093 1631 et

445 1663 685 1722 honoris
726 1681 744 1721 :
787 1665 1086 1722 Faciamus
1127 1665 1366 1738 (inquit)
1412 1682 1646 1722 rursum
1691 1663 1990 1722 hominem
2019 1664 2094 1721 ad

444 1753 760 1827 imaginem
807 1759 1084 1825 nostram,
1115 1759 1173 1810 et
1225 1755 1662 1811 similitudinem
1721 1753 1894 1825 primi
1935 1753 2094 1809 illius

447 1844 549 1915 qui
599 1844 825 1900 dudum
871 1843 1144 1900 difﬂuxit.
1167 1845 1237 1900 Et
1265 1845 1460 1901 editus
1502 1861 1584 1914 es,
1618 1844 1812 1900 divina
1843 1843 2093 1915 quadam

445 1931 502 1988 vi
522 1937 578 1988 et
609 1938 839 1998 natura,
863 1933 1069 2004 spiritu
1091 1935 1220 1989 vitae
1249 1933 1354 1989 tibi
1384 1933 1600 2002 alﬂato,
1631 1935 1731 2006 qui
1753 1933 1942 1988 vitalis
1963 1933 2093 1987 aliis

446 2023 653 2092 virtus,
684 2022 1096 2095 primitiaque,
1116 2027 1174 2078 et
1209 2022 1377 2094 quasi
1409 2023 1642 2095 quidam
1683 2023 1833 2078 alius
1861 2022 2092 2094 generis

449 2111 721 2184 princeps
757 2113 816 2168 in
855 2112 994 2168 orbe
1043 2118 1242 2169 nostro
1291 2113 1525 2169 futurus
1573 2129 1723 2168 eras.
1757 2112 1880 2176 Qua
1909 2111 1968 2166 in
2011 2127 2090 2178 re,

447 2199 571 2268 illa,
603 2202 844 2272 perinde
898 2207 1074 2272 atque
1138 2203 1523 2258 instrumento
1590 2207 1646 2256 et
1699 2207 1932 2257 auctore
1985 2217 2094 2255 usa

449 2295 540 2346 est
598 2295 766 2360 patre‘
803 2297 924 2360 tuo,
965 2291 1068 2363 qui
1115 2293 1400 2362 maiorum
1460 2307 1698 2346 suorum
1763 2291 2090 2361 splendore,

452 2379 774 2449 nobilitate,
820 2381 1206 2445 amplitudine
1264 2380 1476 2452 gloriae,
1527 2388 1648 2436 arle
1705 2380 2094 2450 imperatoria,

452 2469 686 2539 opibus,
709 2469 907 2526 adhrec
930 2471 1256 2542 prudentia,
1292 2469 1650 2537 fortitudine,
1681 2479 1736 2524 et
1766 2479 1988 2525 natura:
2018 2469 2092 2541 vi,

449 2561 895 2630 antiquissimos
939 2577 1200 2633 quosque
1249 2562 1458 2633 suique
1487 2566 1544 2618 et
1600 2561 1780 2617 nostri
1813 2559 2096 2632 temporis

452 2647 747 2720 principes
799 2649 1147 2704 obseuravit.
1205 2649 1320 2704 Nec
1383 2648 1488 2717 illi,
1539 2665 1673 2704 cum
1757 2653 1928 2704 antea
2004 2663 2096 2703 res

453 2735 673 2792 multas
731 2753 832 2807 pro
880 2735 1160 2793 Romanis
1207 2739 1438 2809 egisset,
1495 2737 1670 2792 aliam
1724 2737 1798 2792 ob
1855 2752 2096 2792 causam

451 2825 606 2882 Deus
653 2827 952 2898 imperiale
1007 2827 1242 2882 tradidit
1296 2833 1611 2898 sceptrum,
1665 2843 1842 2899 quam
1913 2832 1977 2881 ut
2033 2832 2098 2880 tu

453 2913 624 2971 facile
671 2925 726 2971 et
772 2917 1141 2975 incruentum
1196 2917 1482 2972 obtineres
1520 2918 1853 2988 imperium,
1890 2916 2099 2986 pietate

453 3011 512 3062 et
541 3005 894 3062 facinoribus
925 3007 1199 3062 omnibus
1225 3007 1392 3062 bonis
1423 3007 1652 3062 futurus
1689 3007 1860 3077 longe
1894 3005 2100 3060 claris-

455 3095 643 3151 simus
675 3110 689 3148 :
719 3098 802 3150 eis
843 3096 1058 3167 quippe
1106 3096 1280 3150 rebus
1319 3095 1622 3151 verissime
1664 3097 1974 3164 imperator
2005 3093 2102 3147 de-

457 3183 732 3242 claratur.
783 3185 1261 3258 Quandoquidem
1315 3201 1448 3242 vero
1510 3185 1615 3240 tibi
1691 3199 1944 3256 quoque,
1997 3183 2100 3255 qui

2269 1040 2420 1096 Ἐπεὶ
2466 1041 2568 1116 γὰρ
2628 1035 2862 1112 ἔμελλες
2918 1037 3212 1108 τίκτεσθαι,
3262 1039 3357 1094 οἷά
3399 1061 3483 1102 τις
3533 1043 3643 1094 τῶν
3674 1037 3842 1094 πάλαι

2201 1129 2344 1205 παρᾶ
2403 1133 2536 1185 Θεοῦ
2594 1125 2896 1202 δεδομένων
2947 1130 3082 1201 ἡμῖν
3132 1127 3366 1204 ἀρίστων
3421 1130 3511 1184 καὶ
3587 1128 3840 1206 γενναίων

2201 1217 2416 1274 ἐκείνων
2478 1215 2710 1294 ἀνδρῶν,
2767 1219 2855 1272 καὶ
2915 1220 3012 1285 τήν
3067 1218 3207 1274 κατᾶ
3269 1219 3485 1275 πάντων
3547 1218 3840 1296 ἠγεμονίαν

2200 1308 2604 1384 κληρώσασθαι,
2639 1309 2668 1362 ὁ
2706 1315 2804 1377 τῆς
2847 1307 3096 1383 μεγάλης
3141 1306 3350 1381 βουλῆς
3389 1307 3652 1384 ἄγγελος,
3705 1307 3844 1380 μᾶλ-

2201 1395 2302 1453 λον
2359 1395 2404 1452 δ’
2444 1399 2473 1452 ὁ
2511 1402 2620 1454 τῶν
2661 1399 2874 1453 πάντων
2917 1400 3102 1471 Πατήρ
3148 1419 3208 1453 τε
3235 1397 3327 1454 καὶ
3375 1398 3628 1472 ἡγεμὼν,
3679 1397 3840 1454 πάλιν

2199 1489 2256 1542 ἓν
2307 1485 2540 1560 βουλαῖς
2593 1489 2678 1556 ἦν,
2726 1487 2818 1542 καὶ
2864 1489 2998 1563 πρὸς
3049 1489 3116 1543 τὰ
3161 1493 3382 1564 συμφυῆ
3439 1487 3532 1542 καί
3578 1488 3838 1561 ὁμότιμα,

2202 1579 2550 1650 Ποιήσωμεν,
2616 1575 2768 1639 αὖθις
2837 1576 3140 1652 ἄνθρωπον,
3208 1576 3380 1654 ἔλεγε,
3466 1579 3588 1633 κατ’
3671 1577 3842 1634 εἰκόνα

2199 1665 2468 1742 ἡμετέραν
2521 1665 2614 1720 καὶ
2671 1668 2786 1720 καθ’
2858 1666 3120 1738 ὁμοίωσιν
3190 1670 3286 1721 τοῦ
3340 1667 3567 1740 πρώτου
3644 1665 3841 1722 ἐκείνου

2199 1754 2370 1810 πάλαι
2431 1752 2796 1830 διαῤῥυέντος.
2856 1755 2956 1810 Καὶ
3011 1755 3208 1828 ἀθρόον
3276 1753 3552 1811 ἐπλάττου
3607 1759 3676 1829 τῇ
3731 1755 3842 1826 θείᾳ

2203 1845 2378 1922 φύσει,
2436 1849 2578 1918 πνοῇ
2637 1851 2784 1916 ζωῆς
2841 1845 3236 1924 ἐμφυσώμενος
3315 1847 3520 1914 ζωτική
3581 1851 3696 1908 τοῖς
3753 1845 3840 1901 ἁλ-

2125 1909 2171 1974 B
2203 1909 2324 1998 λοις
2356 1909 2580 2007 μέλλων
2629 1909 2882 2009 δύναμις.
2908 1909 3292 2010 ὶρηματίζειν,
3327 1909 3433 1990 ’καὶ
3477 1909 3704 2010 ἀτταρχὴ
3751 1936 3836 1991 καὶ

2198 2025 2467 2099 γενάρχης
2524 2022 2618 2078 οἷά
2665 2045 2750 2088 τις
2813 2021 2984 2086 ἄλλος
3049 2025 3260 2098 κόσμου
3322 2028 3422 2080 τοῦ
3487 2025 3612 2080 καθ’
3675 2027 3834 2096 ἡμᾶς,

2199 2113 2426 2191 ἀφορμῇ
2457 2135 2564 2168 τινι
2608 2115 2902 2192 χρώμενος
2951 2113 3041 2170 καὶ
3092 2113 3254 2187 αἰτίῳ
3303 2113 3468 2186 πατρί
3508 2135 3572 2188 γε
3607 2119 3686 2186 τῷ
3727 2119 3833 2185 σῷ·

2201 2203 2261 2256 ἐκ
2306 2204 2596 2277 προγόνων
2645 2201 2710 2274 δή
2758 2224 2922 2258 τινων
2968 2203 3202 2278 εὐγενείᾳ
3247 2203 3334 2258 καὶ
3395 2203 3613 2279 μεγὲθει
3663 2199 3836 2272 δόξης,

2204 2292 2503 2365 στρατηγίᾳ
2553 2300 2610 2348 τε
2667 2291 2754 2347 καὶ
2813 2293 3060 2365 πλούτῳ,
3118 2293 3253 2367 πρὸς
3313 2290 3371 2346 δὲ
3421 2293 3512 2346 καὶ
3563 2295 3836 2370 φρονήσει,

2201 2379 2418 2453 ἀνδρείᾳ
2446 2402 2506 2436 τε
2556 2383 2646 2436 καὶ
2695 2381 2810 2455 ὥρᾳ
2858 2383 3090 2458 φύσεως,
3139 2381 3265 2444 τοὺς
3312 2380 3551 2439 ἔκπαλαι.
3599 2383 3688 2438 καὶ
3723 2380 3838 2436 τότε

2202 2469 2294 2526 καὶ
2345 2475 2436 2524 νῦν
2482 2470 2922 2546 ἁποκρόπτοντι·
2973 2471 3020 2543 ᾧ
3071 2469 3160 2526 διὰ
3206 2473 3262 2526 σε
3318 2472 3450 2534 Θεὸς
3497 2473 3588 2527 καὶ
3643 2472 3704 2527 τὸ
3754 2471 3838 2544 βα-

2207 2558 2410 2616 σίλειον
2467 2558 2760 2634 ἐγχειρίζει
2811 2567 3110 2634 σκῆπτρον,
3159 2558 3345 2616 πολλὰ
3396 2561 3660 2637 πρότερον
3713 2560 3836 2632 ὑπὲρ

2207 2651 2494 2721 Ῥωμαίων
2558 2652 2886 2724 μογήσαντι,
2939 2647 3030 2704 ’ίνα
3089 2651 3173 2704 σοὶ
3231 2649 3417 2724 ῥᾴδιον
3481 2650 3566 2722 εἴη
3613 2651 3675 2705 τὸ
3718 2649 3836 2704 ταῦ-

2205 2762 2303 2809 την
2362 2741 2681 2811 κτήσασθαι,
2741 2743 2830 2795 καὶ
2891 2739 3220 2812 ἀναίμακτον
3277 2739 3526 2814 εὐσεϐείᾳ
3571 2742 3660 2797 καὶ
3713 2745 3832 2794 πᾶσι

2207 2837 2476 2905 χρηστοῖς
2541 2829 2888 2904 σεμνύνεσθαι
2958 2829 3248 2903 μέλλήντι,
3310 2835 3394 2892 οἷς
3443 2835 3471 2888 ὁ
3529 2839 3648 2894 ταῖς
3703 2829 3830 2900 ἀληο

2207 2917 2373 2978 θείαις
2436 2917 2688 2991 βασιλεὺς
2750 2915 3130 2974 διαδείκνυται.
3206 2919 3358 2973 Ἐπεὶ
3417 2917 3467 2973 δ’
3534 2918 3702 2995 ἐχρῆν
3755 2938 3830 2971 σοι

2206 3009 2297 3063 καὶ
2328 3010 2388 3061 τὸ
2439 3008 2718 3082 βασίλειον
2768 3008 3140 3083 ηὐτρεπίσθαι,
3187 3015 3322 3064 Θεοῦ
3370 3011 3523 3085 χειρῖ
3570 3013 3671 3078 τήν
3713 3007 3830 3062 κατᾶ

2209 3099 2426 3152 πάντων
2459 3098 2639 3172 ἀρχὴν
2684 3095 2936 3172 δέχεσθαι
2987 3097 3268 3170 μέλλοντι,
3320 3097 3544 3171 μᾶλλον
3579 3097 3626 3154 δ’
3669 3098 3825 3171 ἐγχει-

2215 3185 2444 3260 ρισθέντι
2501 3187 2592 3241 καὶ
2651 3189 2757 3260 πρὸ
2813 3186 3092 3261 γενέσεως,
3145 3194 3424 3261 προσῆκον
3485 3187 3546 3244 δὲ
3623 3189 3714 3262 ἄρα
3759 3187 3828 3255 τῷ

457 3275 774 3347 imperium
804 3276 863 3330 in
891 3277 1192 3332 universos
1221 3291 1253 3330 e
1283 3291 1462 3331 manu
1501 3273 1604 3331 Dei
1645 3275 1837 3329 fueras
1865 3290 2100 3343 suscep-

2215 3275 2462 3345 τοσούτῳ
2523 3282 2623 3345 τῆς
2689 3275 2870 3353 ἀρχῆς
2937 3276 3027 3330 καὶ
3089 3279 3300 3350 μεγέθει
3366 3276 3460 3331 καὶ
3538 3273 3704 3352 ὄγκῳ,
3751 3271 3831 3328 καὶ

457 3368 650 3434 turus,
697 3380 795 3422 seu
861 3365 1054 3437 potius
1129 3369 1263 3422 ante
1348 3365 1708 3421 nativitatem
1784 3380 2107 3436 receperas,

458 3454 821 3526 imperialem
871 3457 1111 3511 domum
1137 3463 1194 3510 et
1221 3453 1409 3514 aulam
1441 3455 1649 3510 instrui
1679 3455 1955 3526 oportuit,
1981 3470 2108 3526 quas

461 3561 602 3602 sane
629 3548 750 3601 tam
792 3545 998 3616 ingens
1026 3551 1084 3600 et
1103 3561 1196 3600 am
1207 3545 1366 3617 plum
1389 3544 1618 3601 deceret
1647 3544 1958 3616 imperium
1995 3559 2008 3599 :
2040 3559 2110 3598 ea

461 3651 692 3708 quoque
747 3637 1241 3706 quemadmodum
1301 3635 1490 3706 primo
1547 3633 1630 3690 illi
1697 3635 1878 3690 Adam
1947 3633 2107 3689 orbis

461 3725 787 3788 universus,
809 3729 867 3780 et
887 3723 1216 3795 quicunque
1247 3728 1479 3780 tandem
1513 3724 1622 3779 fuit
1650 3724 1957 3796 paradisus
1988 3721 2106 3793 ille,

461 3812 754 3883 condigna
781 3817 1102 3884 praeparata
1147 3819 1251 3869 est.
1288 3814 1365 3870 Ea
1396 3830 1529 3870 vero
1561 3819 1686 3869 erat
1723 3831 1868 3870 nova
1907 3813 2106 3883 Edem,

463 3907 734 3960 terrestre
765 3903 998 3970 coelum,
1025 3903 1278 3973 paradisi
1308 3903 1485 3958 veluti
1536 3903 1879 3974 primarium
1913 3919 2106 3958 exem-

464 3992 606 4066 plar,
642 3993 826 4064 patria
871 3995 1108 4065 quidem
1161 3999 1276 4060 tua,
1319 4009 1629 4049 commune
1686 4000 1880 4049 autem
1939 3993 2110 4048 Chri-

465 4085 784 4138 stianorum
833 4083 1096 4138 omnium
1147 4083 1532 4152 domicilium,
1567 4083 1801 4138 urbium
1841 4081 2111 4137 videlicet

465 4172 731 4228 omnium
754 4173 973 4241 regina.
999 4171 1187 4227 Simul
1213 4177 1386 4243 atque
1415 4173 1568 4227 enim
1601 4173 1726 4242 ipse
1751 4188 1817 4226 ex
1850 4177 2109 4226 materno

467 4259 732 4332 prodiisti
787 4259 1067 4328 thalamo,
1104 4261 1440 4330 praedonum
1487 4277 1752 4326 examen,
1786 4261 1938 4332 quod
1980 4275 2108 4314 eam

465 4351 640 4422 longo
689 4358 946 4419 tempore
997 4350 1300 4416 alﬂixerat,
1333 4351 1468 4406 inde
1516 4359 1602 4408 est
1639 4349 2109 4421 expulsum,ter-

468 4455 596 4497 rore
661 4441 1088 4512 quodammodo
1165 4440 1494 4512 perculsum
1580 4444 1755 4512 atque
1828 4440 2110 4504 aceisum,

467 4545 925 4604 germanamque
990 4529 1162 4602 plane
1234 4531 1542 4595 heredem,
1590 4528 1994 4600 imperatorem
2056 4532 2114 4584 et

465 4621 825 4680 conditorem
854 4622 1003 4692 ejus,
1033 4620 1277 4676 veritum
1303 4638 1318 4678 :
1343 4619 1444 4692 qui
1468 4635 1606 4676 sane
1637 4618 1958 4689 praedones,
1991 4617 2107 4672 exi-

466 4716 593 4768 tum
651 4717 823 4783 atqne
865 4711 1064 4784 fugam
1133 4709 1540 4776 acceleranles,
1588 4715 1867 4780 tanquam
1935 4723 2108 4763 coru-

468 4801 656 4858 scanti
684 4817 826 4858 ense
863 4805 964 4856 tuo
995 4801 1187 4870 rjecti,
1211 4800 1360 4855 alius
1407 4799 1521 4855 alio
1554 4799 1824 4870 profugit.
1857 4799 1940 4854 Ad
1975 4813 2108 4853 eum

468 4895 706 4948 modum
737 4891 842 4946 illa
905 4907 1010 4962 per
1053 4897 1109 4946 te
1154 4889 1322 4945 nobis
1369 4890 1642 4945 omnibus
1691 4892 2024 4959 repurgata,
2055 4890 2112 4942 et

467 4981 576 5036 tibi
609 4980 856 5036 nutricis
893 4987 1068 5051 atque
1103 4979 1404 5036 educatrix
1434 4979 1581 5034 facta
1619 4985 1726 5043 est,
1761 4979 1990 5033 duabus
2021 4977 2113 5032 his

469 5070 646 5125 rebus
684 5071 742 5124 in
771 5073 830 5125 te
877 5073 1052 5140 atque
1097 5067 1198 5125 illa
1227 5069 1506 5124 divinitus
1537 5067 1786 5139 benigne
1817 5066 2109 5138 praestitis.

469 5160 664 5228 Neque
709 5159 860 5215 enim
903 5159 1023 5224 illa,
1073 5175 1204 5230 quae
1249 5173 1436 5229 nuper
1497 5158 1814 5213 admodum
1871 5155 2110 5212 liberam

468 5247 654 5304 lucem
702 5249 895 5306 videre
941 5254 1209 5320 coeperat,
1232 5249 1290 5304 in
1339 5247 1452 5303 alio
1505 5247 1803 5318 quapiam,
1828 5262 2008 5318 quam
2049 5244 2111 5300 in

472 5343 528 5392 te
575 5354 712 5405 uno,
754 5339 1007 5394 debitam
1058 5337 1300 5408 gloriam
1359 5337 1633 5408 consequi
1696 5337 1886 5408 potuit
1937 5352 1952 5391 ε
2010 5335 2110 5405 qui

474 5430 724 5482 maxime
777 5427 1010 5498 quidem
1076 5429 1146 5483 ad
1213 5427 1458 5499 gloriam
1527 5427 1627 5482 Dei
1677 5425 2111 5498 propagandam

474 5516 844 5584 processeris,
869 5514 920 5570 ιι
947 5521 1003 5570 et
1033 5531 1262 5571 summa
1291 5515 1551 5570 omnium
1577 5507 1856 5586 dignitate
1877 5513 2114 5568 honoris

473 5609 676 5660 auctus
705 5603 786 5659 sis
819 5620 832 5659 :
867 5620 1054 5676 neque
1085 5603 1260 5660 etiam
1297 5603 1404 5659 tibi
1453 5616 1566 5674 prie
1618 5603 1718 5658 illa
1765 5602 2114 5673 condignius

471 5694 809 5767 contingam
899 5693 1086 5765 potuit
1189 5691 1554 5750 domicilium
1647 5695 1704 5750 et
1809 5689 2112 5748 habitatio.

2216 3369 2381 3418 τοῦτο
2426 3363 2491 3434 δή
2554 3386 2662 3431 σοι,
2693 3367 2832 3419 καθα
2879 3367 2968 3420 καὶ
3019 3371 3098 3437 τῷ
3154 3367 3358 3440 πρώτῳ
3417 3366 3609 3440 ἐκείνῳ
3658 3362 3834 3436 Ἀδὰμ,

2217 3453 2422 3526 κόσμος
2465 3453 2625 3523 ἄτας,
2675 3453 2764 3508 καὶ
2821 3452 2968 3514 ὅστις
3029 3455 3160 3508 ποτὲ
3217 3453 3284 3522 ἦν
3340 3454 3551 3518 ἐκεῖνος
3605 3449 3838 3528 παράδει-

2219 3563 2338 3609 σος,
2388 3543 2688 3618 ἀξιόχρεων
2737 3543 3172 3618 προητοίμαστο.
3203 3545 3272 3598 Τὸ
3303 3540 3361 3599 δὲ
3387 3544 3457 3612 ἦν
3485 3547 3520 3614 ἡ
3549 3542 3641 3599 νέα
3670 3537 3838 3612 Ἐδὲμ,

2219 3632 2246 3685 ὁ
2288 3631 2375 3686 ἐπὶ
2424 3638 2530 3705 γῆς
2587 3632 2840 3705 οὐρανὸς,
2888 3634 2950 3686 τὸ
2995 3636 3094 3687 τοῦ
3139 3631 3469 3709 παραδείσου
3519 3636 3637 3688 οἷον
3689 3627 3840 3705 ἇρχὲ·

2492 3723 2504 3738 ο
2619 3722 2633 3738 \
2763 3721 2778 3740 ς
3027 3723 3042 3741 \
3289 3724 3303 3742 ε
3386 3719 3430 3742 δ’
3576 3727 3604 3738 ~
3709 3719 3721 3740 ιι

2215 3740 2422 3776 τυπονο
2481 3740 2516 3789 η
2576 3741 2641 3791 ση
2722 3741 2815 3792 μεν
2883 3741 3097 3796 πατρις,
3155 3742 3311 3791 κοινη
3381 3741 3408 3776 o
3484 3725 3642 3794 ἡμων
3705 3717 3841 3774 εστία

2216 3811 2428 3864 πάντων
2475 3815 2816 3883 Χριστιανῶν
2842 3829 2856 3843 ο
2897 3812 2932 3880 ἡ
2975 3815 3086 3866 τῶν
3125 3810 3338 3866 πόλεων
3375 3810 3596 3867 ἀπασῶν
3639 3805 3839 3879 δηλαδὴ

2223 3898 2462 3974 βασιλίς.
2510 3901 2684 3974 Ὁμοῦ
2737 3921 2796 3955 τε
2843 3899 2944 3974 γὰρ
2992 3900 3156 3963 αὐτὸς
3201 3905 3310 3956 τῶν
3360 3905 3644 3977 μητρικῶν
3691 3895 3840 3952 θαλά-

2221 4009 2336 4060 μων
2402 3987 2716 4063 προὲοορες,
2781 3991 2872 4043 καὶ
2956 3989 3018 4044 τὸ
3111 3990 3442 4064 βιασαίμενον
3529 3987 3726 4058 ταύτην
3789 3984 3843 4039 ἐκ

2218 4075 2433 4132 πολλοῦ
2489 4076 2781 4152 λῃστρικὸν
2842 4077 3039 4134 ἐκεῖθεν
3088 4078 3378 4148 ἠλαύνετο,
3437 4079 3625 4154 φρίξαν
3673 4075 3838 4147 ὥσπερ

2217 4165 2307 4220 καὶ
2365 4162 2642 4239 συντριϐὲν
2701 4169 2792 4222 καὶ
2848 4168 2939 4222 τὸν
2997 4169 3216 4240 γνήσιον
3277 4167 3449 4230 ὅντως
3503 4167 3838 4242 κληρονόμον

2217 4256 2309 4310 καὶ
2353 4255 2574 4329 βασιλέα
2626 4257 2716 4310 καὶ
2768 4256 3021 4327 οἰκιστὴν
3071 4256 3240 4326 αὐτῆς
3292 4253 3568 4313 αἱδεσθὲν·
3619 4255 3706 4311 καὶ
3751 4254 3842 4322 τήν

2219 4342 2399 4417 ἔξοδον
2467 4343 2957 4412 κατασπεύδοντες,
3043 4347 3136 4401 ἅτε
3218 4342 3276 4402 δὲ
3330 4351 3398 4420 τῇ
3487 4339 3838 4416 στιλϐουμένῃ

2218 4435 2334 4488 κατ’
2383 4433 2556 4489 αὐτῶν
2607 4439 2675 4500 τῇ
2728 4435 2969 4514 ῥομφαίᾳ
3021 4432 3420 4509 ἐκϐιαζόμενοι,
3469 4433 3638 4494 ἄλλος
3684 4431 3842 4488 ἀλλα-

2221 4527 2327 4598 χοῦ
2390 4521 2782 4598 διεδίδρασκον.
2837 4525 2936 4580 Καὶ
2993 4526 3170 4580 τοίνυν
3222 4525 3357 4594 αὕτη
3409 4524 3500 4580 διὰ
3554 4528 3648 4578 σοῦ
3695 4526 3841 4576 πᾶσιν

2223 4615 2356 4685 ἡμῖν
2419 4613 2644 4680 ἀνεῖται,
2703 4611 2792 4667 καὶ
2851 4614 2934 4668 σοὶ
2991 4615 3190 4689 τροφὸς
3247 4613 3438 4687 ἀρίστη
3495 4613 3582 4669 καὶ
3635 4609 3841 4680 τιθηνὸς

2221 4701 2444 4776 γίνεται,
2488 4698 2582 4756 δύο
2629 4703 2836 4757 τούτων
2896 4700 2986 4757 ἐπὶ
3044 4703 3128 4757 σοὶ
3185 4703 3352 4778 ταύτῃ
3409 4703 3584 4759 θεόθεν
3639 4697 3840 4778 φιλοτί-

2225 4812 2340 4864 μως
2391 4791 2834 4865 ἐξεργασθέντων.
2889 4790 3024 4848 Οὔτε
3071 4792 3174 4868 γὰρ
3223 4791 3356 4862 αὕτη
3410 4791 3492 4866 ἐφ’
3523 4790 3632 4862 ὅτῳ
3669 4785 3835 4858 ἄλλῳ,

2221 4880 2342 4956 ἄρτι
2409 4882 2522 4953 φῶς
2591 4877 2781 4936 ἰδοῦσα
2852 4880 3176 4956 ἐλεύθερον,
3241 4882 3303 4936 τὸ
3379 4887 3481 4951 τῆς
3547 4876 3836 4948 ἀνηκούσης

2219 4969 2378 5040 δόξης
2423 4970 2542 5044 εἶχε
2584 4970 2994 5046 κληρώσασθαι,
3052 4972 3086 5040 ἢ
3149 4971 3234 5026 ἐπὶ
3289 4970 3372 5026 σοὶ
3419 4967 3485 5040 δὴ
3536 4967 3622 5024 καὶ
3675 4965 3832 5038 μόνῳ,

2215 5063 2295 5130 τῷ
2363 5057 2724 5134 διαφερόντως
2797 5061 2889 5132 μὲν
2952 5060 3028 5123 είς
3087 5057 3243 5134 δόξαν
3301 5065 3433 5117 Θεοῦ
3486 5055 3832 5132 προελθόντι,

2217 5155 2386 5221 τιμὴς
2433 5146 2481 5202 δ’
2536 5150 2750 5220 ἁπάσης
2805 5149 3092 5226 ὑπέρτερον
3151 5145 3564 5223 περιϐαλομὲνῳ
3616 5144 3832 5216 ἀξίωμα’

2219 5236 2373 5293 Ἀλλ’
2407 5237 2531 5294 οὐδέ
2579 5240 2661 5294 σοί
2714 5241 2763 5314 γ’
2813 5240 2968 5300 αὖθις
3021 5237 3162 5294 ἄλλο
3209 5261 3262 5296 τι
3311 5241 3416 5314 πρὸ
3462 5237 3657 5304 ταύτης
3698 5231 3835 5302 ἄξιον

2217 5332 2492 5399 προσῆκεν
2551 5327 2682 5382 εἶναι
2739 5329 2800 5383 τὸ
2855 5325 3175 5400 ἐνδιαίτημα
3239 5349 3297 5384 τε
3370 5327 3458 5383 καὶ
3515 5322 3830 5394 οἰκητήριον-

2219 5416 2390 5488 ”()περ
2445 5414 2539 5469 οὖν
2600 5415 2788 5480 εἰωθὸς
2846 5417 2904 5472 ’ὀν
2965 5421 3104 5490 Θεῷ,
3156 5415 3434 5492 πόῤῥωθεν
3499 5414 3591 5476 τὰς
3651 5405 3835 5467 ὑποθέ-

2219 5524 2330 5565 σεις
2387 5508 2496 5559 τῶν
2565 5506 2823 5580 μεγάλων
2889 5507 3221 5581 πραγμάτων
3287 5498 3827 5580 προκαταόάλλεσθαι,

2219 5593 2405 5655 καλῶς
2457 5599 2670 5666 ποιοῦν,
2721 5596 2811 5650 καὶ
2861 5593 3206 5670 συνέδραμεν.
3259 5593 3415 5652 Ἀλλ’
3465 5592 3610 5654 ὅπως
3639 5585 3712 5644 ἔτι
3744 5584 3828 5670 μὶν

2221 5682 2548 5760 σπαργάνοις
2603 5683 2957 5759 ἐνειλημένος
3169 5684 3578 5760 τιθηνούμενος,
3631 5677 3718 5739 τᾶς
3782 5669 3827 5725 ἓν
