4096 6284
261 375 391 436 365

1747 369 2183 432 DEDICATIO.

3559 363 3676 423 566

265 508 352 560 σοί
424 505 732 578 μελλούσας
777 509 880 559 τῶν
930 505 1268 579 πραγμάτων
1322 500 1602 578 ὑπέφαινες
1670 503 1918 576 χάριτας,

2037 505 2420 576 Quapropter,
2453 503 2623 560 sicuti
2658 504 2813 559 Deus
2859 500 3069 557 solitus
3116 503 3204 554 est
3241 496 3477 570 longius
3501 497 3675 552 etiam

261 601 634 670 προσκιρτῶν,
699 597 773 656 ὡς
840 594 899 650 ἄν
956 615 1038 656 τις
1115 593 1273 670 φαίη,
1360 591 1448 646 καὶ
1536 588 1921 663 διαλλόμενος,

262 691 458 756 σεμνῷ
503 686 588 738 καὶ
640 684 914 759 βασιλικῷ
958 689 1036 755 τῷ
1092 684 1474 757 προσχήματι,
1505 681 1594 735 καὶ
1634 683 1732 750 τὴν
1783 684 1921 754 ἡμε-

260 779 432 848 ρινὴν
480 775 679 829 πλάσιν
725 774 1098 846 πλαττόμενος
1132 793 1146 804 ·
1200 772 1292 826 οἷά
1321 793 1401 833 τις
1430 768 1701 844 γηραλέον
1737 771 1920 844 αὐχῶν

258 865 552 943 φρόνημα,
615 863 678 918 τὸ
736 864 920 938 περιόν
983 883 1065 916 σοι
1137 868 1239 930 τῆς
1310 857 1582 922 εὐσεϐείας
1667 857 1922 925 ἐδείκνυς,

259 956 339 1016 ὡς
405 956 663 1022 Ἰωάννης
721 951 1158 1023 καθαλλόμενος,
1202 951 1290 1006 καὶ
1349 954 1664 1024 προσκυνῶν
1719 951 1809 1004 τὸν
1870 950 1920 1003 ἐν

259 1040 427 1096 ὕδασι
472 1044 568 1108 τήν
604 1042 765 1116 χάριν
827 1063 910 1095 σοι
969 1041 1332 1115 χαριζόμενον
1369 1061 1379 1071 ·
1441 1040 1530 1092 καὶ
1589 1036 1768 1093 τᾶλλα
1826 1037 1924 1092 ὅσα

264 1129 442 1205 μέχρι
504 1128 567 1200 δή
632 1151 690 1184 σε
745 1128 1110 1203 παραγγεῖλαι
1167 1129 1256 1182 τὸν
1314 1127 1562 1199 μείρακα,
1595 1127 1643 1181 τί
1690 1129 1798 1200 χρή
1833 1128 1922 1180 καὶ

261 1219 446 1293 λέγειν
495 1239 509 1287 ;
571 1219 742 1287 Πλήν,
801 1218 830 1272 ὅ
884 1240 1065 1295 φασιν,
1124 1217 1185 1272 ἐκ
1240 1219 1466 1289 πρώτης
1512 1223 1778 1290 γραμμῆς
1834 1216 1921 1269 καὶ

259 1312 370 1382 πρό
419 1330 480 1380 γε
527 1313 631 1362 τῶν
685 1307 897 1374 ἄλλων,
931 1309 964 1375 ἡ
1018 1302 1281 1375 εὐσέϐεια,
1319 1307 1409 1360 καὶ
1463 1307 1525 1361 τὸ
1557 1303 1804 1383 θεοφιλὲς
1834 1304 1922 1358 καὶ

257 1399 320 1451 τὸ
387 1393 774 1469 φιλάνθρωπόν
832 1417 915 1450 σοι
974 1393 1354 1464 ἐσπουδάζετο,
1411 1395 1655 1448 ἁπάντων
1717 1392 1781 1463 δὴ
1835 1392 1923 1447 καί

260 1492 375 1540 τῶν
438 1485 653 1555 ἄλλῶν,
729 1485 828 1539 ὅσα
902 1482 1340 1560 περισπούἆαστα
1425 1484 1514 1537 καὶ
1593 1481 1921 1556 ὑμνούμενα,

261 1577 790 1648 συμπαραθεόντων,
855 1579 949 1628 σοῦ
1020 1595 1079 1649 γε
1149 1573 1563 1644 προκόπτοντος
1634 1571 1685 1626 ἐν
1733 1571 1923 1642 ἡλικίᾳ

260 1665 355 1719 καὶ
414 1665 571 1734 σοσίᾳ
623 1664 712 1718 καὶ
775 1663 981 1738 χάριτι,
1040 1663 1102 1717 οὐ
1159 1663 1238 1734 τῷ
1288 1657 1586 1733 λαμϐάνειν
1659 1659 1922 1719 ἐπίδοσιν.

258 1760 342 1826 τῷ
407 1752 469 1808 δέ
523 1775 582 1826 γε
638 1758 806 1808 ταῦτα
863 1751 1360 1826 συμπαρασκαίρειν
1414 1772 1472 1806 τε
1536 1752 1624 1805 καὶ
1702 1771 1922 1804 συνανα-

2036 598 2206 650 antea
2237 610 2579 667 magnarum
2603 608 2796 650 rerum
2823 593 3018 664 jacere
3041 590 3444 654 fundamenta,
3474 587 3676 644 itidem

2038 684 2240 740 merito
2280 701 2510 756 quoque
2539 692 2664 740 tum
2698 683 2753 738 id
2787 689 2876 738 est
2907 682 2978 736 ab
3020 696 3084 736 eo
3120 681 3354 735 factum.
3388 676 3675 737 Sedenim.

2037 781 2102 829 ut
2141 791 2274 830 cum
2297 775 2620 830 etiamnum
2645 773 2841 830 fasciis
2864 769 3183 844 puerilibus
3205 767 3600 836 involvereris,
3625 771 3682 822 et

2035 879 2068 918 a
2099 864 2324 920 nutrice
2355 865 2667 932 curareris,
2704 864 2954 918 futuram
2988 875 3181 915 rerum
3213 859 3451 925 gratiam
3485 854 3682 912 exsul-

2037 958 2185 1022 tans,
2210 960 2385 1025 atque
2408 958 2497 1025 (ut
2518 954 2602 1009 sic
2625 953 2912 1022 quispiam
2941 950 3118 1022 dicat)
3148 948 3481 1014 subsiliens,
3522 945 3680 1017 gravi

2035 1047 2207 1114 atque
2237 1042 2522 1112 imperiali
2569 1044 2825 1114 corporis
2873 1041 3073 1096 habitu
3105 1038 3475 1095 exhibueris:
3510 1041 3683 1106 atque

2034 1130 2186 1187 inter
2216 1133 2616 1204 quotidianam
2653 1132 3048 1187 membrorum
3084 1129 3486 1200 ﬁngendorum
3519 1141 3679 1183 com-

2036 1221 2409 1290 positionem,
2469 1219 2706 1276 senilem
2750 1218 3177 1291 quodammodo
3228 1233 3339 1287 prae
3387 1221 3442 1271 te
3493 1214 3684 1270 ferens

2037 1309 2432 1379 prudentiam,
2500 1309 2879 1366 excellentem
2938 1308 2999 1363 in
3057 1315 3110 1363 te
3166 1307 3462 1378 pietatem;
3512 1302 3684 1360 sicuti

2032 1400 2301 1466 Joannes,
2335 1397 2652 1466 exsultans,
2697 1402 2755 1453 et
2797 1413 2926 1454 eum
2961 1396 3059 1468 qui
3108 1395 3207 1450 tibi
3257 1396 3314 1450 in
3365 1393 3540 1450 undis
3592 1393 3685 1448 lu-

2036 1487 2314 1544 stralibus
2374 1489 2618 1558 gratiam
2679 1488 2968 1544 concessit
3015 1485 3285 1552 adorans,
3336 1482 3681 1541 ostenderis.

2033 1579 2222 1648 Atque
2254 1577 2400 1634 alias
2430 1594 2522 1634 res
2573 1587 2719 1642 tuas,
2754 1579 2936 1634 donec
2967 1593 3033 1632 ex
3082 1575 3327 1630 infantia
3369 1575 3440 1629 ad
3493 1572 3686 1644 pueri-

2039 1666 2150 1720 lem
2185 1667 2498 1738 pervenisti
2531 1672 2780 1735 zetatem,
2833 1666 2971 1736 quid
3006 1665 3194 1720 dicere
3241 1661 3493 1720 attinet?
3545 1677 3685 1733 prte-

2035 1759 2294 1828 terquam
2327 1758 2482 1828 quod
2514 1757 2678 1826 (utin
2715 1755 3019 1828 proverbio
3049 1755 3161 1825 est)
3195 1771 3227 1809 a
3271 1753 3461 1824 prima
3509 1750 3683 1816 linea,

263 1842 602 1909 δείκνυσθαι,
653 1841 746 1896 καὶ
803 1845 962 1913 πῆξιν
1012 1836 1312 1912 λαμϐάνειν
1371 1845 1448 1910 τῷ
1523 1847 1622 1906 τῆς
1704 1838 1919 1907 ἡλικίας

2035 1844 2092 1900 in
2131 1847 2336 1916 primis
2367 1846 2574 1918 pietas,
2608 1863 2771 1902 amor
2798 1846 2922 1914 Dei,
2961 1853 3013 1900 et
3057 1842 3393 1899 humanitas
3421 1840 3525 1896 tibi
3556 1846 3684 1896 stu-

260 1933 626 2003 προσγςκοντι,
684 1933 772 1984 καὶ
832 1936 909 1999 τῷ
967 1935 1064 1984 τού
1122 1929 1292 1998 ἤθους
1350 1929 1593 1984 εὐσταθεῖ
1647 1929 1738 1983 ’καὶ
1790 1929 1922 1983 ἁπε-

262 2025 534 2096 ξεσμένῳ.
587 2021 686 2077 Καὶ
738 2019 856 2084 δῆτ’
906 2021 986 2075 ἐπ’
1037 2023 1206 2096 ἁγαθῇ
1254 2022 1343 2074 καὶ
1407 2019 1550 2094 καλῇ
1591 2017 1817 2093 κρηπῖδι
1850 2024 1917 2093 τῇ

264 2108 520 2183 εὐσεϐείᾳ
570 2109 758 2185 ἀνδρία
810 2111 904 2183 μέν
958 2131 1039 2164 σοι
1088 2114 1278 2183 πρῶτα
1331 2107 1615 2183 ἐπέτρεχεν
1661 2128 1673 2140 ·
1725 2108 1812 2163 ἐπὶ
1864 2105 1921 2163 δὲ

261 2202 444 2275 ταύτῃ
478 2201 567 2254 καὶ
600 2201 859 2278 φρόνησις
911 2198 1088 2254 εἷ’πετο
1122 2217 1134 2229 ·
1187 2199 1323 2272 πρὸς
1371 2195 1427 2252 δὲ
1470 2198 1559 2252 καὶ
1602 2198 1664 2252 τὸ
1710 2219 1921 2274 σωφρο-

263 2297 373 2344 νεῖν
431 2291 675 2359 ἐπήνθει,
724 2289 814 2342 καὶ
861 2291 896 2356 ἡ
949 2285 1261 2357 δικαιοσύνη
1321 2285 1660 2360 παραθέδυσα
1705 2287 1922 2348 ταύταις

271 2380 431 2453 ἐπῄει
469 2397 481 2409 ·
534 2381 567 2447 ἡ
628 2385 806 2452 χρυσῆ
857 2382 936 2450 τῲ
995 2377 1106 2432 ὄντι
1164 2377 1316 2451 σειρά
1370 2377 1460 2431 καὶ
1515 2382 1630 2438 τοῖς
1690 2376 1923 2438 πολλοῖς

273 2468 524 2528 ἄπλοκος
561 2489 572 2500 ·
633 2467 700 2536 ἢν
754 2466 814 2520 σὺ
873 2468 1088 2520 πάντων
1149 2467 1338 2540 ἄριστα
1386 2464 1693 2536 διαπλέξας,
1729 2468 1922 2536 καινήν

277 2580 397 2612 τινα
457 2556 543 2610 καὶ
591 2556 746 2626 ξένην
795 2555 1054 2630 ἁρμονίαν
1127 2552 1294 2616 ὅντως
1362 2554 1750 2631 ἐναπειργάσω.
1815 2555 1926 2616 Τὰς

278 2650 408 2721 γὰρ,
451 2646 504 2701 ἐν
554 2647 773 2708 ταύταις
827 2641 1133 2720 ὑπερϐολάς
1183 2645 1574 2719 παρωσάμενος
1618 2645 1706 2700 καὶ
1739 2644 1925 2700 ἐλλεί-

279 2740 420 2808 ψεις,
460 2735 524 2790 τὰ
585 2735 722 2808 μέσα
774 2735 980 2790 τούτων
1031 2731 1208 2810 ἔσχες,
1247 2735 1373 2808 μίαν
1425 2735 1643 2808 ἀρετὴν,
1685 2737 1924 2808 καθάπαξ

285 2826 384 2893 τὴν
411 2822 666 2895 καθόλου,
698 2822 759 2878 ἔκ
777 2823 985 2878 τούτων
1015 2823 1483 2898 ἐφαρμοσάμενος.

2033 1934 2128 1990 dio
2161 1936 2300 1990 fuit:
2335 1951 2469 1992 cum
2511 1937 2746 2008 quidem
2787 1945 2840 1992 et
2887 1935 3004 1990 alia
3052 1933 3269 2001 omnia,
3305 1947 3429 2003 qua:
3461 1947 3600 1986 cura
3631 1933 3688 1984 et

2037 2022 2210 2079 laude
2236 2025 2413 2097 digna
2445 2030 2603 2094 sunt,
2655 2028 3082 2088 concurrerent,
3112 2027 3169 2078 et
3196 2026 3255 2077 tu
3288 2025 3453 2076 astate
3485 2017 3682 2079 simul.

2037 2115 2325 2184 sapientia
2353 2120 2413 2171 et
2442 2119 2623 2187 gratia
2671 2115 3045 2187 procederes:
3078 2130 3192 2169 non
3245 2112 3477 2182 quidem
3531 2107 3687 2187 quod

2033 2203 2392 2260 incrementa
2434 2205 2554 2261 haec
2602 2208 2662 2260 in
2714 2216 2765 2260 te
2815 2208 3105 2274 caperent,
3158 2203 3256 2259 sed
3307 2201 3461 2273 quod
3511 2179 3692 2254 simul

2033 2309 2160 2349 sese
2192 2294 2534 2365 proferrent,
2600 2299 2775 2366 atque
2821 2293 3180 2353 exhiberem.
3243 2290 3688 2360 firmitatemque

2037 2400 2168 2439 cum
2202 2389 2390 2453 aetate,
2423 2401 2653 2440 morum
2687 2385 2964 2456 gravitate
2985 2389 3042 2439 et
3072 2381 3686 2453 cultura'augescente.

2035 2480 2424 2535 assumerent.
2458 2477 2640 2544 Atque
2671 2475 2942 2546 equidem
2985 2475 3056 2530 ad
3103 2473 3408 2544 pulchrum
3443 2471 3687 2526 bonum-

2041 2578 2150 2634 que
2181 2565 2650 2632 fundamentum,
2691 2565 2967 2636 pietatem
3001 2563 3213 2634 ipsam,
3257 2561 3530 2618 fortitudo
3562 2560 3690 2632 pri-

2040 2668 2202 2708 mum
2263 2654 2548 2710 accessit:
2611 2653 2760 2708 hanc
2832 2658 3148 2708 consecuta
3199 2656 3290 2709 est
3362 2651 3687 2722 prudentia,

2039 2742 2247 2797 deinde
2280 2743 2663 2814 temperantia
2696 2743 2872 2799 etiam
2909 2743 3178 2799 efﬂoruit.
3217 2742 3449 2797 Advenit
3484 2740 3552 2794 ad
3586 2739 3691 2794 has

2032 2827 2266 2897 justitia
2297 2844 2547 2900 quoque,
2599 2846 2770 2884 aurea
2818 2830 2936 2884 haec
2986 2845 3240 2900 prorsus,
3293 2843 3469 2900 quam
3524 2825 3693 2880 multi

296 2917 624 2986 complicare
656 2921 711 2970 et
757 2919 1101 2971 connectere
1159 2919 1478 2986 nequeunt,
1535 2921 1757 2970 catena.
1809 2915 1948 2970 Eam
2000 2933 2134 2972 vero
2180 2922 2242 2972 tu
2294 2919 2556 2974 omnium
2609 2919 2997 2990 pulcherrime
3045 2918 3423 2985 concinnans,
3476 2931 3684 2970 novam

290 3007 586 3074 quamdam
613 3013 667 3060 et
698 3004 1104 3059 admirandam
1129 3003 1298 3074 plane
1331 3003 1619 3075 perfecisti
1652 3005 1934 3060 virtutum
1968 3005 2334 3062 harmoniam
2368 3017 2419 3064 et
2451 3014 2819 3066 concentum.
2853 3009 2998 3064 Nam
3035 3025 3163 3080 quis
3187 3009 3248 3063 in
3281 3008 3353 3062 iis
3377 3005 3464 3061 vel
3500 3007 3694 3062 abun-

283 3096 436 3161 dant,
464 3098 553 3151 vel
587 3097 894 3161 deficiunt,
923 3095 1080 3150 vitiis
1110 3093 1333 3150 scilicet
1382 3093 1527 3165 ipsis
1586 3095 1837 3167 rejectis,
1871 3095 2060 3152 media
2115 3112 2180 3154 es
2238 3098 2598 3171 complexus,
2659 3104 2716 3156 et
2771 3115 2952 3156 unam
3011 3115 3241 3170 prorsus
3298 3113 3365 3153 ex
3422 3097 3506 3152 eis
3563 3101 3698 3151 tan-

277 3204 450 3258 quam
485 3185 873 3243 universalem
905 3187 1178 3242 virtutem
1209 3184 1531 3241 confecisti.

1497 3369 1521 3380 ευ

346 3371 449 3425 Καὶ
502 3369 598 3424 ’ἱνα
647 3367 700 3424 ἒν
767 3368 913 3440 μέσῳ
963 3367 1230 3440 συντέμω,
1287 3364 1403 3421 ἐπεὶ
1460 3369 1528 3439 τῇ
1588 3365 1704 3437 θείᾳ
1763 3368 1926 3441 ψήφῳ
1963 3378 2002 3442 C

272 3458 469 3515 δοκοῦν
501 3460 596 3531 ἦν,
647 3461 702 3513 σὲ
746 3460 906 3531 μόνον
955 3463 1060 3512 τῶν
1117 3463 1220 3524 τῆς
1278 3455 1460 3530 ἀρχῆς
1523 3455 1719 3509 οἰάκων
1782 3455 1933 3528 ὑπερ-

267 3551 566 3618 καθῆσθαι,
608 3549 660 3619 ἐξ
717 3548 1014 3624 ἀνθρώπων
1051 3549 1143 3618 μὲν
1182 3547 1245 3601 τὸ
1298 3548 1479 3621 χρεὼν
1538 3543 1930 3620 λειτουργήσας

268 3641 294 3693 ὁ
357 3640 546 3700 κοινὸς
603 3641 761 3710 ἡμῶν
820 3633 1096 3710 πρόϐολος
1143 3657 1202 3691 τε
1268 3636 1356 3690 καὶ
1420 3632 1694 3709 βασιλεὺς,
1738 3635 1828 3695 σὸς
1873 3634 1930 3687 δὲ

265 3731 455 3801 πατήρ
485 3750 542 3783 τε
600 3728 689 3782 καὶ
747 3725 1043 3795 παιδευτὴς
1100 3726 1324 3800 γίνεται,
1359 3723 1445 3779 ἒπί
1491 3724 1630 3797 μέγα
1661 3723 1926 3798 πρότερον

263 3822 366 3888 τὴν
421 3819 712 3890 Ῥωμαίων
767 3818 1064 3893 ἡγεμονίαν
1137 3815 1211 3879 ὡς
1276 3815 1381 3868 ἀπὸ
1438 3813 1664 3889 κέντρολ
1723 3813 1926 3867 κύκλον

264 3905 552 3964 ἐπιδοῦναι
633 3908 1061 3981 παρασκευάσας,
1149 3909 1529 3979 στρατηγικαῖς
1611 3922 1751 3957 τισιν
1837 3901 1924 3976 έμ-

262 3997 532 4072 πειρίαις,
589 3996 681 4051 καὶ
730 4003 847 4058 ταῖς
904 3996 1024 4050 κατ’
1083 3993 1294 4072 ἐχθρῶν
1355 3995 1550 4060 νίκαις,
1601 3992 1688 4046 καὶ
1750 3992 1918 4065 μεγά-

263 4086 386 4142 λων
442 4087 780 4158 πραγμάτων
832 4083 1160 4155 διοικήσεσιν
1223 4082 1441 4151 ἄλλαις,
1502 4080 1646 4136 πολύ
1700 4102 1751 4136 τι
1827 4080 1916 4134 καὶ

264 4175 416 4249 μέγά
472 4173 636 4236 κλέος
683 4180 802 4236 τυῖς
864 4176 948 4253 ὑφ’
1003 4173 1166 4243 ἣλιον
1234 4172 1396 4227 ἅπασι
1479 4168 1916 4232 καταλελοιπώς,

259 4265 347 4319 Σὺ
391 4262 459 4331 δ’,
511 4265 556 4318 ὦ
604 4263 877 4337 κράτιστε,
907 4264 967 4318 τὸ
1017 4264 1213 4332 κράτος
1267 4261 1430 4333 μόνος
1479 4259 1913 4338 ἀμφιασάμενος,

257 4354 426 4416 εὐθὺς
512 4355 645 4428 ὑπὲρ
723 4355 890 4409 αὐτοῦ
957 4358 1171 4424 πρῶτον
1247 4351 1558 4428 παρατάττῃ
1633 4354 1787 4419 Θεοῦ,
1843 4353 1912 4422 τῇ

258 4445 428 4517 ἑνθέῳ
486 4444 766 4515 συναστείᾳ
816 4443 876 4498 ἒκ
921 4444 1165 4515 πρώτης,
1224 4441 1253 4497 ὅ
1292 4463 1440 4519 φασι,
1477 4447 1580 4510 τῆς
1623 4437 1910 4516 ἀφιτηρίας

261 4535 402 4610 ὑπὲρ
450 4539 549 4588 τοῦ
599 4536 896 4609 χρίσαντος
939 4534 1246 4608 χρώμενος.
1307 4530 1412 4587 Καὶ
1461 4529 1659 4597 τοίνυν,
1699 4526 1773 4591 ὥς
1819 4549 1912 4594 μοι

259 4627 448 4704 φθάνει
509 4623 935 4699 προειρημένον,
1001 4624 1100 4691 τήν
1170 4621 1350 4691 ἀληθῆ
1445 4619 1731 4696 θρησκείαν
1812 4619 1914 4674 ὑπὸ

255 4717 436 4769 νόθων
477 4714 570 4769 καὶ
619 4713 940 4769 ἀλλοκότων
1000 4711 1284 4786 δογμάτων
1348 4711 1748 4786 νεωτερίζεσθαι
1800 4729 1915 4762 κιν-

259 4802 617 4871 δυνεύουσαν,
677 4803 879 4874 ταύτης
938 4799 1146 4874 σπουδῇ
1193 4804 1260 4873 τῇ
1321 4803 1464 4874 πάσῃ
1497 4800 1587 4854 καὶ
1628 4801 1914 4875 σοφώτατα

256 4891 565 4968 προῦστης.
617 4895 846 4967 Ἀριστα
899 4895 988 4947 καὶ
1034 4895 1133 4966 γὰρ
1185 4889 1411 4945 συνιδὼν
1462 4888 1642 4964 ἀρκεῖν
1691 4886 1756 4959 δή
1817 4907 1900 4942 σοι

257 4986 352 5039 καὶ
415 4983 589 5056 μόνην
646 4978 921 5038 εὐσέϐειαν
979 4981 1112 5054 πρὸς
1171 4977 1421 5056 φυλακὴν
1478 4982 1573 5032 τοῦ
1647 4976 1900 5051 κράτους,

259 5074 352 5130 καὶ
399 5075 463 5129 τὸ
509 5078 662 5128 Θεῖον
706 5069 984 5144 ἐπιμελῶς
1035 5070 1364 5143 θεράπεόειν,
1411 5066 1591 5122 τᾶλλα
1632 5063 1687 5120 δὲ
1731 5063 1900 5139 μηδὲν

262 5164 397 5219 εἶναι
459 5164 628 5236 ταύτῃ
685 5156 1172 5233 παραϐαλλόμενα,
1214 5159 1355 5212 θεῖον
1419 5154 1587 5216 ὅντως
1657 5155 1745 5211 καὶ
1812 5177 1900 5210 σο-

261 5255 509 5333 φώτατον
569 5245 824 5313 ἀνέλαϐες
882 5253 1026 5320 νοῦν,
1085 5252 1200 5320 Θεῷ
1246 5247 1640 5325 κεχαρισμένος
1678 5245 1765 5301 δῖὰ
1802 5247 1902 5314 τήν

333 5489 411 5560 (1)
443 5487 603 5560 Quod
639 5483 728 5560 hic
765 5481 1326 5560 per_Nicephorum_
1349 5478 1654 5560 obscurius
1689 5479 1903 5560 indica-

264 5551 533 5626 tur,'id7a
561 5551 824 5626 Baptista
863 5556 1102 5618 Egnatio
1147 5556 1513 5625 apertissime
1555 5556 1755 5626 paucis
1804 5551 1904 5610 de-

263 5631 532 5687 claratur.
571 5651 593 5683 ι
630 5629 877 5685 Michael
909 5626 1291 5698 Palseologus,
1317 5628 1529 5698 inquit,
1554 5626 1904 5698 Lugdunum

263 5704 333 5760 ad
393 5701 708 5760 concilium
765 5700 942 5771 venit,
986 5699 1135 5770 quod
1167 5697 1499 5774 ’Gregor’ius
1547 5698 1600 5754 X
1645 5697 1905 5756 Pontifex

2112 3379 2314 3446 Atque,
2350 3379 2411 3430 ut
2444 3392 2586 3446 quas
2622 3376 2809 3430 medio
2846 3381 3101 3446 tempore
3139 3374 3397 3445 gessisti,
3435 3390 3526 3430 res
3565 3377 3698 3429 tuas

2040 3462 2099 3519 in
2132 3466 2546 3536 compendium
2597 3463 2879 3537 redigam,
2934 3476 3242 3536 postquam
3293 3467 3501 3520 divinae
3550 3479 3684 3520 seu-

2040 3563 2234 3617 tentias
2265 3561 2542 3634 placitum
2575 3568 2686 3631 est,
2721 3581 2902 3619 unum
2935 3568 2991 3619 te
3021 3563 3249 3637 imperii
3274 3561 3684 3636 gubernaculis

2039 3653 2364 3724 presidere,
2397 3654 2556 3711 fatali
2590 3655 2842 3717 decreto,
2862 3671 2892 3711 e
2915 3655 3031 3711 vita
3062 3656 3388 3712 communis
3418 3655 3682 3710 omnium

2038 3759 2301 3810 nostrum
2333 3761 2732 3828 propugnator
2765 3755 3293 3829 atqueimperator,
3327 3760 3464 3812 tuus
3488 3759 3679 3811 autem

2035 3857 2201 3922 pater
2229 3853 2408 3910 simul
2439 3860 2495 3911 et
2525 3855 2844 3919 institutor,
2895 3856 3232 3926 emigravit:
3284 3871 3416 3911 cum
3437 3838 3681 3926 quidem

2034 3941 2194 4008 prius
2229 3943 2624 4000 Romanorum
2657 3946 2988 4017 imperium,
3022 3945 3174 4002 sicut
3204 3962 3238 4001 a
3264 3949 3462 4002 centro
3493 3944 3684 4000 circu-

2031 4029 2177 4100 lum,
2238 4041 2620 4106 propagasset
2695 4037 3089 4108 imperatoriis
3159 4035 3406 4101 artibus,
3487 4050 3685 4104 repor-

2033 4133 2166 4188 tatis
2205 4135 2278 4189 ab
2308 4135 2572 4191 hostibus
2619 4137 2896 4204 victoriis,
2947 4151 3052 4192 nec
3092 4153 3207 4192 non
3253 4134 3384 4191 aliis
3431 4150 3680 4206 magna-

2030 4235 2161 4275 rum
2194 4238 2387 4278 rerum
2418 4223 3040 4285 administrationibus,
3063 4223 3359 4295 ingentem
3383 4231 3536 4294 apud
3561 4237 3678 4278 om-

2030 4335 2132 4375 ne
2164 4319 2262 4391 qui
2287 4321 2392 4376 sub
2415 4321 2535 4377 sole
2567 4328 2708 4378 sunt
2731 4322 3014 4389 homines,
3045 4322 3286 4393 gloriam
3309 4323 3676 4377 consecutus.

2029 4407 2114 4463 Tu
2147 4415 2363 4478 autem,
2399 4409 2452 4466 ὗ
2501 4411 2783 4485 Princeps
2833 4412 3334 4484 preslantissime,
3385 4411 3485 4466 ubi
3517 4411 3678 4467 solus

2026 4496 2339 4570 imperium
2371 4516 2433 4556 es
2464 4503 2732 4573 adeptus,
2773 4502 3073 4559 confestim
3121 4501 3320 4573 copias
3371 4503 3521 4566 tuas,
3573 4515 3675 4570 pro

2027 4586 2155 4658 ipso
2186 4587 2320 4645 Deo.
2373 4591 2628 4659 primum
2687 4592 2743 4648 in
2805 4591 2988 4648 aciem
3048 4589 3408 4661 produxisti:
3464 4587 3675 4660 opibus

2027 4675 2145 4731 tuis
2203 4678 2500 4745 omnibus,
2561 4696 2703 4751 quas
2769 4699 2800 4735 a
2858 4680 2974 4737 Deo
3061 4695 3383 4751 acceperas,
3445 4695 3478 4732 a
3552 4677 3674 4748 pri-

1947 4750 1992 4814 D
2027 4767 2138 4821 mis
2189 4769 2366 4838 (quod
2445 4750 2681 4841 dicitur)
2733 4771 3086 4840 carceribus,
3147 4750 3248 4841 pro
3322 4785 3389 4824 eo
3464 4768 3561 4839 qui
3621 4772 3674 4823 te

2023 4854 2430 4925 imperatorem
2456 4859 2640 4926 unxit,
2666 4859 3060 4931 usus.ltaque,
3081 4859 3255 4914 sicuti
3295 4858 3486 4912 dicere
3502 4856 3670 4928 ccepi,

2013 4969 2146 5008 cum
2163 4970 2358 5009 veram
2376 4955 2716 5029 religionem
2733 4964 2990 5014 nostram
3003 4957 3185 5024 ,novis
3198 4956 3456 5012 inductis
3474 4956 3668 5012 rebus:

2013 5068 2115 5123 per
2136 5052 2492 5109 adulterinas
2517 5059 2574 5111 et
2594 5056 2882 5112 absurdas
2927 5055 3243 5120 doctrinas,
3270 5055 3327 5109 in
3353 5053 3668 5110 discrinem

2012 5152 2322 5208 adductam
2383 5170 2511 5210 esse
2571 5171 2858 5222 cerneres,
2931 5152 3365 5210 studiosissime
3424 5169 3553 5208 eam
3612 5157 3670 5208 et

2015 5253 2443 5324 sapientissime
2468 5258 2696 5311 tutatus
2718 5271 2779 5311 es
2813 5253 2915 5326 (1).
2951 5253 3113 5318 Quod
3149 5269 3399 5324 namque
3422 5270 3666 5326 perspe-

2015 5481 2324 5548 indixerat,
2387 5483 2668 5555 facileque
2727 5483 2810 5538 illi
2870 5496 3002 5538 cum
3064 5481 3666 5555 Romano_pontitice

2015 5560 2300 5614 convenit.
2334 5557 2412 5611 Ex
2434 5574 2548 5627 quo
2569 5551 2788 5612 tantam
2816 5555 3091 5610 invidiam
3115 5551 3454 5627 Graecanica
3475 5553 3663 5622 gentis

2015 5631 2324 5696 contraxit,
2343 5635 2408 5684 ut
2428 5625 2531 5684 nec
2555 5633 2779 5684 mortuo
2794 5628 2956 5700 jusla
2969 5625 3368 5699 persolverint,
3394 5630 3448 5680 et
3468 5627 3661 5683 locum

2013 5701 2329 5774 sepulturas
2357 5700 2712 5773 negaverint.
2745 5721 2773 5750 ››
