4096 6284
376 309 499 370 667

1681 308 2107 370 NICEPHORI
2151 309 2502 372 GALLISTI

3711 302 3840 362 568

379 446 542 498 ctum
571 440 677 498 tibi
697 440 928 513 optime
949 448 1124 508 esset,
1147 440 1220 496 ad
1242 439 1475 510 imperii
1497 439 1832 511 prasidium
1854 440 2042 498 solam

2166 440 2434 495 πολιτείαν
2483 439 2795 513 γενόμενος,
2845 435 2925 490 ἆτ’
2972 435 3183 490 οἴκοθεν
3241 436 3589 508 ἀποχρώσας
3645 452 3839 504 παρα-

381 529 652 602 pietatem
682 535 740 584 et
768 529 849 584 rei
878 527 1084 584 divinae
1125 527 1395 583 sedulum
1460 529 1684 583 cultum
1743 529 2038 597 sufﬁcere,

381 619 606 690 reliqua
633 621 828 673 autem
859 632 994 672 cum
1031 616 1124 671 his
1177 622 1518 687 comparata
1550 618 1697 672 nihil
1728 635 1877 687 esse,
1901 621 2040 674 divi-

383 723 518 762 nam
551 707 721 778 plane
743 717 795 762 et
818 705 1314 776 sapientisimam
1333 707 1650 774 concepisti
1667 709 2042 763 sententiam.

381 795 632 852 Proinde
681 810 782 866 per
838 796 1130 864 ejusmodi
1189 811 1383 850 rerum
1439 795 2040 862 administrationem,

397 900 673 956 magnam
703 901 734 938 a
755 883 869 940 Deo
899 883 1084 938 iniisti
1113 883 1360 954 gratiam
1391 900 1404 936 :
1437 894 1491 939 et
1521 901 1553 939 a
1593 886 1776 954 teipso
1799 885 2044 941 illisatis

392 971 930 1042 praebuisticausaa,
965 977 1029 1026 ut
1057 971 1325 1042 perfacile
1379 975 1631 1041 precanti
1685 974 1792 1029 tibi
1844 991 2046 1030 aurem

381 1077 552 1118 suam
579 1061 914 1130 inclinaret,
948 1061 1276 1118 actionibus
1325 1061 1598 1118 omnibus
1643 1063 1759 1118 tuis
1792 1065 2045 1134 preiret,

381 1150 808 1222 imperiumque
833 1149 944 1204 tibi
972 1153 1227 1206 ﬁrmaret
1249 1156 1432 1222 atque
1453 1153 1866 1208 constitueret:
1894 1155 2050 1209 vide-

385 1239 520 1295 licet
549 1243 614 1294 ut
634 1239 984 1307 rectissime,
1008 1244 1186 1312 atque
1206 1241 1408 1295 ordine
1429 1241 1648 1312 Optimo
1679 1242 1750 1296 ad
1761 1242 2050 1297 ministra-

384 1329 465 1385 tio
495 1331 624 1401 ejus
658 1330 1022 1401 procederet,
1053 1332 1112 1385 in
1149 1331 1322 1385 rebus
1351 1333 1627 1386 omnibus
1668 1340 1723 1386 te
1751 1333 2051 1402 aptissime

385 1419 668 1490 dirigens,
698 1431 894 1490 atque,
924 1426 987 1472 ut
1027 1418 1241 1490 aliquis
1273 1420 1448 1485 dicat,
1479 1421 1666 1474 vivam
1709 1421 2050 1483 imaginem.

393 1515 448 1562 et
470 1512 724 1562 statuam
749 1507 976 1578 imperii
999 1507 1308 1578 pulchram
1332 1505 1570 1564 omnino
1591 1515 1648 1564 et
1663 1509 2048 1578 imperialem,

401 1595 475 1651 ad
522 1595 926 1652 incredibilem
983 1601 1041 1652 et
1091 1596 1639 1652 excellentissimam
1687 1605 2050 1652 venustatem

400 1684 722 1756 expoliens.
754 1685 848 1742 Sic
879 1685 1032 1740 enim
1083 1692 1245 1756 puto,
1277 1685 1380 1741 Dei
1420 1686 1834 1758 benignitatem
1871 1686 2054 1742 homi-

402 1775 577 1830 nibus
617 1791 733 1829 non
781 1774 1140 1846 contingere,
1190 1775 1304 1829 nisi
1333 1775 1555 1844 seipsos
1589 1774 1758 1830 factis
1811 1776 1936 1830 suis
1984 1791 2053 1831 ea

399 1863 612 1934 dignos
653 1863 1060 1919 exhibuerint:
1115 1879 1241 1934 quae
1277 1869 1361 1928 tu,
1395 1865 1547 1934 quod
1581 1865 1800 1935 optima
1835 1866 2054 1932 praesti-

402 1951 550 2020 tisti,
585 1951 644 2006 in
679 1951 882 2022 primis
916 1957 983 2006 ut
1010 1954 1306 2023 gratiosus
1337 1955 1488 2024 apud
1540 1952 1726 2008 Deum
1777 1953 1881 2018 sis,
1913 1970 2054 2008 con-

401 2045 640 2096 secutus
669 2057 752 2096 es.
776 2041 1136 2112 Quapropter
1165 2057 1400 2096 cernere
1422 2048 1565 2110 erat,
1591 2041 1876 2112 quidquid
1899 2041 2055 2098 esset

404 2127 628 2194 mali,id
653 2145 684 2184 e
707 2130 894 2186 n.edio
917 2129 1070 2185 tolli:
1094 2130 1249 2186 bona
1263 2135 1454 2185 autem
1472 2134 1741 2187 universa
1755 2133 1825 2186 ad
1844 2147 2054 2188 manus

405 2233 557 2286 esse,
590 2218 895 2273 utilitatem
931 2217 1222 2289 publicam
1266 2236 1378 2274 non
1431 2220 1668 2288 morari,
1703 2227 1760 2275 et
1799 2231 2056 2288 tempora

398 2307 525 2376 ipsa
556 2307 669 2362 sub
702 2312 758 2362 te
789 2324 936 2362 novo
965 2313 1140 2379 atque
1181 2310 1487 2364 commodo
1535 2311 1880 2380 imperatore
1900 2327 2056 2366 reno-

403 2395 520 2450 vari
552 2401 608 2451 et
628 2397 1218 2468 repubescere.Atque
1240 2398 1513 2469 equidem
1537 2414 1728 2453 rerum
1771 2399 2054 2454 bonarum

405 2483 690 2556 pleraeque
712 2501 818 2540 sua
837 2495 1044 2556 sponte
1062 2485 1624 2558 aderant,plersaque
1647 2505 1780 2543 mox
1794 2488 2057 2543 allatura:

406 2574 858 2630 erant.Accessit
881 2591 1015 2646 spes
1039 2575 1215 2630 rebus
1237 2579 1616 2646 praesentibus
1637 2576 1807 2648 longe
1829 2577 2052 2632 melior-

404 2661 549 2716 Nam
563 2663 922 2732 sicutijubar
937 2664 1231 2734 quoddam
1247 2682 1277 2720 e
1293 2665 1534 2720 sublimi
1547 2664 2058 2736 reiucens,uhique

409 2762 717 2815 terrarum,
737 2751 1081 2808 alﬂuentem
1115 2753 1214 2808 tibi
1237 2754 1521 2811 divinitus
1551 2757 1796 2827 gratiam
1825 2757 2057 2811 abunde

410 2839 720 2906 demisisti,
753 2857 996 2912 eamque
1041 2849 1274 2913 prOpter
1301 2845 1624 2899 cmlestium
1651 2847 1927 2900 donorum
1958 2862 2058 2900 va-

409 2929 665 2984 rietatem
703 2929 939 2999 perinde
968 2939 1141 3000 atque
1162 2930 1378 2986 ﬂumen
1397 2934 1698 3003 copiosum
1730 2935 2057 3003 prot‘udisti.

411 3023 477 3074 Et
505 3035 684 3090 quum
717 3019 902 3090 gloria
927 3020 1648 3094 abundares,nequaquam
1671 3028 1740 3079 ad
1775 3025 2059 3080 desidiam

409 3117 464 3164 et
493 3109 668 3165 vitam
702 3108 1028 3164 molliorem
1080 3119 1132 3164 te
1183 3110 1484 3178 demisisti,
1534 3115 1631 3168 sed
1677 3117 1848 3168 rebus
1883 3114 2061 3170 hune-

409 3195 516 3252 stis
555 3197 849 3252 dedidisti.
886 3197 1083 3270 Neque
1107 3215 1366 3271 purpura
1393 3212 1649 3273 sumpta,
1673 3203 1976 3272 imperium
2001 3204 2060 3258 in

411 3286 660 3356 teipsum
709 3303 969 3344 exercere
1027 3290 1320 3346 omisisti:
1376 3296 1434 3346 et
1491 3293 1710 3348 ratione
1783 3299 2058 3363 tanquam

411 3377 574 3432 freno
606 3391 777 3444 usus,
799 3377 1026 3446 imperii
1050 3380 1117 3432 ad
1129 3377 1616 3436 ministratioaem
1641 3381 2060 3452 pbilosophicis

410 3463 704 3520 institutis
736 3466 1097 3536 temperasti,
1130 3467 1334 3522 timore
1377 3467 1478 3524 Dei
1527 3469 1611 3524 illi
1653 3475 1929 3540 tanquam
1961 3488 2060 3526 cu-

411 3555 575 3612 stode
603 3552 731 3611 οῐϐ
753 3555 1102 3626 opitulatore
1143 3557 1434 3625 imposito.
1471 3559 1650 3614 Porro
1699 3577 1832 3614 cum
1885 3563 2063 3630 probe

413 3645 518 3700 tibi
549 3645 847 3716 cognitum
881 3652 1054 3708 esset,
1104 3648 1394 3720 principes
1430 3651 1584 3705 viros
1629 3667 1739 3706 non
1775 3650 1940 3706 facile
1971 3652 2068 3706 ad-

417 3735 641 3790 moneri
671 3751 734 3790 se
767 3739 906 3806 pati,
939 3752 1124 3806 neque
1172 3737 1494 3794 doctrinam
1541 3745 1715 3811 atque
1753 3741 2067 3796 institutio-

419 3842 550 3880 nem
597 3827 934 3887 admittere;
993 3843 1122 3882 eam
1180 3835 1240 3882 tu
1290 3830 1348 3882 in
1403 3830 1604 3900 primis
1645 3831 1762 3886 tibi'
1808 3833 1864 3886 in
1922 3848 2066 3887 con-

421 3914 618 3970 silium
651 3915 986 3982 adhibuisti,
1031 3921 1088 3970 et
1145 3917 1374 3988 imperii
1435 3921 1540 3987 tui,
1601 3921 1836 3988 perinde
1895 3928 2069 3992 atque

425 4002 636 4057 domus
663 4007 988 4071 custodem,
1022 4011 1080 4060 et
1110 4012 1450 4076 magistrum
1501 4009 1808 4079 optimum,
1853 4009 2070 4064 consti-

425 4090 610 4146 tuisti.
639 4091 786 4156 Quin
812 4093 1004 4162 potius
1039 4095 1142 4148 tibi
1175 4093 1284 4149 hac
1315 4096 1558 4151 minime
1589 4113 1737 4166 opus
1768 4098 1896 4152 fuit.
1919 4097 2068 4160 Quid

427 4180 580 4236 enim
613 4182 764 4250 apud
800 4189 854 4234 te
883 4190 990 4246 est,
1024 4185 1177 4252 quod
1211 4184 1448 4239 aliunde
1478 4185 1772 4256 didiceris,
1823 4193 1922 4241 aut
1957 4191 2066 4241 im-

428 4276 718 4340 portatum
775 4271 1112 4341 acceperis?
1158 4273 1253 4342 qui
1304 4273 1523 4344 ingenii
1573 4281 1911 4346 naturaeque
1958 4281 2072 4330 tuas

2155 529 2308 603 σχὼν
2341 529 2528 597 ἐκείνῳ
2558 528 2654 588 τὰς
2686 528 2938 603 ἀφορμάς
2975 545 2988 558 ·
3029 523 3161 580 ὥστ’
3211 522 3502 598 εὖχομὲνῳ
3535 542 3633 575 σοι
3687 540 3843 594 προ-

2153 619 2360 697 χείρως
2414 615 2722 673 ὑποκλίνειν
2772 615 2920 693 ἔχειν
2979 615 3042 670 τὸ
3104 612 3217 682 οὖς,
3249 617 3366 674 τοῖς
3421 633 3480 666 τε
3548 610 3646 664 σοὶ
3689 629 3840 682 πρα-

2153 709 2328 770 κτέοις
2385 709 2548 764 ἅπασι
2606 708 2988 784 προηγεῖσθαι,
3045 705 3138 760 καὶ
3203 705 3271 758 τὰ
3327 710 3426 772 τῆς
3505 701 3844 776 ἡγεμονίας

2153 797 2512 873 ἐγκαθιστᾷνο
2563 799 2638 860 ὡς
2688 797 2748 852 ἂν
2794 794 2987 871 ἄριστά
3031 815 3092 871 γε
3144 793 3234 850 καὶ
3280 794 3331 849 ἐν
3377 793 3585 864 κόσμῳ
3626 793 3702 846 τὰ
3735 796 3841 858 τῆς

2155 887 2335 962 ἀρχῆς
2391 885 2696 961 διεξάγοιτο
2757 886 3023 960 ῥυθμίσας
3075 883 3156 958 ἐφ’
3218 878 3405 954 ἅπασι,
3459 881 3559 937 καὶ
3629 880 3716 940 ὡς
3775 877 3838 934 ἄν

2155 999 2239 1038 τις
2299 975 2466 1045 εἷ’ποι,
2518 981 2624 1046 ζῶν
2693 973 2936 1050 ἄγαλμα,
2995 975 3080 1029 ταὶ
3147 974 3428 1047 βασιλείας
3495 967 3840 1042 ἀνδριάντα,

2154 1065 2383 1137 κόσμιον
2431 1070 2512 1138 τῷ
2559 1061 2674 1118 ὄντι
2732 1063 2821 1118 καὶ
2885 1060 3166 1136 βασιλικὸν
3239 1060 3316 1122 είς
3373 1057 3596 1120 κάλλος
3661 1056 3841 1136 ἄφρα-

2157 1176 2278 1209 στον
2338 1155 2428 1208 καὶ
2487 1158 2772 1228 αμήχανον
2822 1151 3106 1224 ἀποξέσας.
3165 1147 3368 1221 Οἶ⁹ομαι
3417 1149 3548 1220 γὰρ,
3621 1147 3706 1219 μή
3781 1144 3841 1198 ἄν

2157 1244 2636 1316 ποτ’-ἀνθρώποις
2693 1243 2754 1296 τὸ
2813 1241 3062 1314 θεοφιλὲς
3123 1239 3542 1312 παραγίνεσθαι,
3597 1237 3671 1305 ἢν
3757 1235 3836 1306 μὴ

2159 1337 2291 1408 σφᾶς
2345 1333 2524 1402 ἀξίους
2582 1330 2784 1396 ταύτης
2831 1329 3021 1383 ἐκεῖνοι
3074 1325 3162 1382 διὰ
3217 1331 3330 1382 τῶν
3405 1321 3591 1398 ἔργων
3658 1323 3838 1393 παρέ-

2159 1441 2357 1494 χωσιν.
2419 1422 2512 1474 Ὠν
2569 1425 2631 1473 σὺ
2688 1420 2756 1473 τὰ
2805 1421 3066 1492 κράτιστα
3112 1415 3436 1489 παρασχὼν,
3462 1415 3532 1468 τὸ
3578 1415 3710 1482 Θεῷ
3741 1431 3842 1464 κε-

2159 1506 2487 1583 χαρισμένος
2546 1508 2684 1562 εἶναι
2741 1508 2848 1587 πρὸ
2906 1507 3100 1566 παντὸς
3160 1501 3488 1574 ἐκληρώσω.
3545 1501 3832 1557 Ἐντεῦθεν

2159 1601 2225 1668 ἦν
2275 1596 2405 1653 ἰδεῖν
2453 1599 2667 1670 σύμπαν
2717 1584 2922 1673 φαῦλον
2977 1595 3068 1666 μὲν
3136 1589 3400 1661 ἒκπςδὼν,
3452 1589 3717 1664 χρηστὸν
3787 1584 3836 1639 δ’

2161 1686 2298 1742 ἅπαν
2353 1685 2405 1742 ἐν
2464 1691 2652 1764 χεροῖν
2709 1687 2979 1758 κείμενον.
3022 1687 3092 1737 Τὸ
3141 1680 3187 1736 δ’
3240 1679 3307 1736 αὖ
3353 1679 3670 1758 συμφέρον,
3733 1676 3833 1731 οὐκ

2161 1777 2212 1830 ἐν
2263 1772 2558 1838 ἀναϐολαῖς
2611 1775 2678 1845 δή
2726 1795 2858 1843 τισι,
2902 1773 3159 1842 νεάζοντα
3201 1767 3248 1825 δ’
3305 1769 3487 1841 ὥσπερ
3543 1767 3640 1822 καὶ
3701 1767 3830 1835 ἀνη-

2160 1860 2340 1920 ϐὦντα
2387 1865 2480 1918 τὸν
2528 1865 2730 1942 χρόνον
2779 1863 2882 1918 ὑπὸ
2931 1863 3014 1916 σοὶ
3063 1865 3140 1930 τῷ
3185 1859 3290 1930 νέῳ
3320 1857 3409 1912 καὶ
3440 1860 3688 1931 χρηστῷ
3723 1857 3827 1942 Bag-

2160 1953 2321 2011 σιλεῖ.
2368 1955 2466 2008 Καὶ
2515 1953 2582 2008 τὰ
2635 1951 2729 2024 μὶν
2776 1956 2884 2006 τῶν
2929 1949 3116 2005 καλῶν
3166 1949 3354 2003 ἑκόντα
3408 1952 3623 2020 παρῆν,
3664 1945 3734 2000 τὰ
3783 1939 3830 1996 δ’

2159 2043 2389 2118 ἔμελλεν
2417 2063 2428 2076 ⁸
2459 2047 2493 2112 ἡ
2529 2042 2571 2098 δ’
2602 2042 2761 2100 ἐλπὶς
2791 2041 2883 2096 καὶ
2939 2040 3136 2112 μείζων
3185 2038 3328 2112 ἤπερ
3373 2037 3440 2090 τὰ
3495 2037 3823 2111 πράγματα.

2161 2137 2369 2191 Ὠσανεὶ
2417 2136 2507 2191 καὶ
2559 2137 2661 2210 γάρ
2720 2155 2803 2195 τις
2885 2133 3086 2206 πυρσὸς
3168 2128 3514 2202 ἀναλάμψας,
3580 2127 3828 2181 ἄπαντα-

2161 2231 2267 2297 χού
2325 2232 2425 2286 τῆς
2478 2231 2605 2299 γῆς,
2658 2223 2752 2284 τὰς
2827 2222 3029 2275 ἀνωθεν
3107 2216 3474 2290 ἐπεισρυείσας
3553 2235 3642 2268 τοι
3715 2216 3823 2266 τῶν

2163 2313 2404 2387 χαρίτων
2465 2313 2707 2383 ἀφθόνως
2764 2309 3130 2382 κατέπεμπες,
3181 2309 3275 2361 οἶα
3345 2325 3497 2360 τινας
3569 2301 3828 2377 δαψιλεῖς

2163 2403 2361 2472 ῥύακας
2420 2401 2680 2480 προχέων
2734 2404 2812 2471 τῷ
2869 2398 3112 2468 ποικίλῳ
3168 2401 3276 2450 τῶν
3331 2392 3557 2468 δωρεῶν
3615 2391 3824 2452 Μεστὸς

2161 2495 2264 2565 γάρ
2315 2489 2390 2545 ὢν
2450 2479 2636 2563 δὸξής,
2695 2491 2760 2544 οὐ
2819 2489 2954 2560 πρὸς
3011 2487 3073 2540 τὸ
3131 2485 3322 2559 ῥᾷστον
3375 2483 3702 2536 ἀναπίπτων
3734 2479 3824 2533 καί

2162 2583 2223 2636 τὸ
2269 2585 2364 2636 τοῦ
2424 2580 2548 2654 βίου
2607 2577 3018 2652 μαλακώτερον,
3062 2575 3184 2646 περί
3231 2594 3283 2627 τι
3335 2576 3444 2627 τῶν
3497 2569 3820 2626 σπουδαίων

2165 2667 2418 2738 διέκεισο,
2467 2667 2582 2722 οὐδ’
2630 2667 2818 2745 ἄρχειν
2869 2667 3060 2720 ἑαυτοῦ
3110 2661 3376 2716 ἐπελάθου
3439 2663 3547 2728 τήν
3621 2657 3820 2729 ἁλουρ-

2162 2755 2287 2834 γίδα
2343 2755 2837 2830 περιόαλλόμενος.
2898 2754 3122 2824 Χαλινῴ
3180 2749 3226 2806 δ’
3283 2748 3464 2822 ὥσπερ
3523 2753 3608 2816 τῷ
3671 2746 3820 2821 λόγῳ

2165 2849 2480 2922 χρώμενος,
2531 2848 2628 2914 τήν
2677 2845 2856 2918 ἀρχὴν
2916 2840 3202 2918 φιλοσόφῳ
3263 2837 3443 2910 διαίτῃ
3499 2838 3816 2908 ἀνὲκρουες,

2456 2932 2470 2936 _
2818 2935 2822 2936 ν
3110 2934 3114 2936 .
3311 2929 3320 2936 .
3473 2931 3495 2936 -
3570 2933 3587 2936 Α
3670 2928 3684 2936 .
3770 2919 3780 2936 ρ

2167 2937 2400 3010 φρουρὸν
2452 2932 2517 3003 δή
2575 2955 2696 2988 τινα
2742 2935 2830 2986 καὶ
2879 2934 3224 3004 παραστάτην
3271 2929 3360 2982 τὸν
3405 2931 3502 2981 τοῦ
3558 2928 3690 2980 Θεού
3713 2928 3812 3010 ρό-

2169 3029 2264 3099 βον
2288 3025 2394 3098 πρὸ
2421 3024 2618 3083 παντὸς
2658 3021 2795 3095 οὐτῇ
2843 3021 3158 3089 ἐπιστήσας.
3191 3018 3265 3072 Οὐ
3319 3017 3428 3088 μὴν
3474 3013 3614 3070 ἀλλ’
3660 3006 3804 3099 εἰδὼς

2172 3109 2432 3186 ἀκριϐῶς,
2508 3113 2581 3174 ὡς
2659 3107 3075 3178 δυσνουθὲτητον
3155 3107 3367 3178 σύμπαν
3454 3099 3661 3178 ἄρχον,
3719 3095 3801 3186 καί

2091 3172 2134 3237 C
2172 3201 2414 3260 παιδείαις
2464 3198 2664 3275 ῥᾳδίως
2717 3199 2810 3252 οὖν
2851 3198 3205 3274 ἀνεχόμενον,
3239 3187 3540 3266 συμϐουλή
3592 3209 3672 3244 σοι
3709 3181 3802 3275 πρδ

2168 3296 2276 3346 τῶν
2335 3289 2522 3346 αλλων
2577 3290 2667 3357 ἦν,
2711 3289 2796 3342 οἶά
2841 3308 2926 3346 τις
2977 3285 3226 3356 οἶκουρὸς
3259 3275 3695 3356 προῧεὸλημένη
3727 3269 3808 3326 καὶ

2170 3377 2494 3440 διδάσκαλος
2549 3379 2789 3450 ἀριστος.
2849 3372 3076 3433 Μᾶλλον
3137 3371 3184 3426 δ’
3231 3369 3428 3438 ἥκιστά
3475 3389 3570 3423 σοι
3611 3363 3808 3422 τούτων

2171 3469 2278 3526 ἔδει
2339 3491 2351 3502 ·
2412 3469 2464 3524 τί
2521 3469 2624 3542 γὰρ
2679 3467 2822 3540 παρὰ
2881 3465 2967 3518 σοὶ
3027 3459 3274 3516 διδακτὸν
3328 3460 3417 3514 καὶ
3476 3457 3806 3515 ἐπείσακτον,

2172 3557 2232 3614 ἐκ
2286 3559 2494 3636 φύσεως
2552 3558 2702 3610 πέντ’
2762 3551 3036 3620 ὠδίνοντι,
3093 3550 3182 3606 καὶ
3237 3548 3471 3620 τάγαθὸν
3521 3545 3666 3636 ἅπαν
3740 3537 3811 3597 εἷς

2175 3653 2290 3720 φῶς
2337 3649 2575 3718 καθάπαξ
2620 3645 2913 3717 προάγοντι
2959 3641 3099 3694 καθά
3138 3659 3258 3692 τινα
3298 3637 3458 3692 τόκον
3522 3635 3710 3707 εὐγενῆ
3757 3644 3808 3730 τε

2173 3741 2260 3793 καὶ
2322 3736 2571 3811 ὥριμον;
2629 3731 2794 3790 Ἀλλ’
2849 3729 2962 3786 οὐδ’
3015 3726 3244 3796 ἄκρατος
3307 3723 3696 3803 ἐγχειρισθέντι
3751 3723 3808 3768 τὸ

2173 3829 2368 3898 κράτος
2397 3826 2564 3900 φόόος
2594 3823 2655 3878 ἐκ
2681 3827 2788 3877 τῶν
2823 3821 2926 3875 ὑπὸ
2978 3817 3138 3892 χεῖρά
3186 3815 3272 3870 σοί
3315 3817 3364 3888 γ’
3424 3807 3804 3877 ἐσπουδάζετο.

2179 3916 2474 3988 Συμμιγὴς
2524 3911 2580 3968 δὲ
2621 3910 2770 3984 μάλα
2811 3908 2901 3964 καὶ
2947 3909 3114 3966 πόθος
3153 3906 3220 3974 ἦν
3256 3924 3266 3935 ·
3308 3903 3396 3958 καὶ
3426 3903 3644 3975 ἠγάπας
3680 3901 3809 3988 p.51:-

2178 4004 2274 4060 λον
2334 4004 2424 4057 σὺν
2480 4003 2713 4074 θαύματι
2773 3998 3152 4072 ἀγαπώμενος,
3203 3993 3302 4047 οὐκ
3351 3993 3412 4046 ἐκ
3491 3990 3660 4063 μόνου
3717 4004 3807 4039 του

2178 4089 2405 4170 φοϐερὸς
2467 4089 2644 4146 δοκεῖν
2701 4091 2790 4144 καὶ
2847 4087 3194 4144 αὐθέκαστος.
3254 4081 3356 4138 Καὶ
3408 4082 3474 4148 ἧς
3520 4084 3639 4140 ταῖς
3676 4076 3808 4175 cilia:

2179 4165 2344 4243 θείαιξ
2384 4181 2599 4252 πατὴρ
2652 4176 2734 4238 ὣς
2781 4175 3001 4244 ἤπιος,
3049 4172 3186 4226 κατέ
3233 4171 3323 4224 τὸν
3373 4168 3594 4224 εἰπόντα
3625 4183 3637 4196 ’
3671 4165 3706 4232 ἢ
3751 4165 3809 4211 τό

2180 4293 2243 4346 γε
2271 4269 2601 4348 πρόσφορον,

430 4357 688 4414 bonitate
717 4359 914 4414 omnia
944 4361 1252 4431 producas,
1287 4373 1338 4418 et
1367 4363 1652 4436 quidquid
1688 4365 1822 4420 boni
1881 4369 1990 4433 est,
2045 4363 2218 4420 veluu
2279 4367 2529 4416 fructum
2591 4359 2926 4429 quempiam
2985 4368 3328 4423 generosum
3387 4357 3445 4404 et
3503 4352 3808 4402 maturum,

427 4447 486 4502 in
519 4447 710 4504 lucem
743 4448 1042 4519 proferas?
1071 4451 1182 4506 Sed
1212 4469 1319 4508 nec
1347 4455 1489 4508 illud
1525 4456 1766 4525 imperio
1796 4460 2071 4526 suscepto
2101 4454 2268 4525 egisti
2303 4461 2364 4506 ut
2412 4465 2464 4504 te
2511 4466 2662 4505 cives
2703 4453 2759 4502 et
2789 4446 3007 4502 subditi
3062 4443 3143 4496 tui
3198 4450 3519 4496 metuerent
3557 4440 3806 4530 tantum:

429 4553 628 4594 verum
662 4539 933 4594 timorem
966 4557 1094 4596 eum
1124 4542 1400 4599 cbaritate
1432 4552 1813 4615 temperatqu
1843 4562 1974 4602 esse
2001 4545 2261 4602 voluisti.
2297 4543 2540 4598 Proinde
2579 4555 2713 4594 cum
2747 4545 2799 4592 le
2835 4538 3094 4592 homines
3131 4533 3211 4585 tui
3253 4546 3386 4584 cum
3436 4531 3808 4614 aurntrauuue

432 4629 702 4693 dilexere,
746 4631 901 4700 quod
964 4631 1158 4686 minus
1215 4649 1343 4688 esse
1403 4635 1700 4700 terribilis,
1767 4651 1955 4706 neque
2012 4635 2248 4690 arbitrio
2310 4645 2406 4686 tuo
2465 4632 2675 4696 vivere,
2732 4634 2792 4682 et
2848 4627 3122 4695 pleraque
3177 4623 3372 4674 omnia
3430 4625 3682 4674 statuere
3738 4622 3809 4706 vl-

433 4697 806 4788 derere,ium
840 4721 962 4789 ipse
992 4738 1092 4776 eos
1130 4724 1316 4792 magis
1365 4725 1540 4779 etiam
1590 4697 1842 4781 dilexisti
1861 4697 1887 4779 .:
1940 4725 2156 4796 quibus
2219 4739 2413 4779 revera
2471 4721 2738 4776 exstitisti
2773 4715 2940 4771 veluti
2997 4724 3152 4783 pater
3207 4709 3477 4778 optimus;
3539 4697 3806 4776 quemad-

437 4810 674 4864 modum
705 4809 800 4864 ille
831 4811 1014 4866 dixit:
1048 4818 1169 4882 aut,
1210 4814 1364 4884 quod
1396 4815 1584 4887 magis
1613 4817 1670 4869 in
1704 4822 1760 4870 te
1784 4815 2078 4888 competit.
2665 4803 2670 4805 λ
3675 4897 3687 4913 1
3793 4889 3806 4908 ’

506 4919 620 4972 Hea:
650 4919 837 4986 bonus,
868 4927 1036 4991 atque
1062 4922 1204 4977 idem
1233 4924 1394 4990 fortis
1427 4923 1655 4979 bellator
1677 4927 1737 4980 in
1777 4928 1950 4980 armis
1979 4927 2057 4998 (l)

2191 4920 2628 4996 Ἀμφότερον,
2667 4912 2992 4990 βασιλεύς
3021 4913 3076 4965 τ’
3107 4907 3373 4980 ἀγαθὸς,
3412 4907 3787 5037 ape-rapuit;

3423 4993 3624 5048 ιαι’χμ
3738 5001 3785 5030 ιη

3423 5003 3803 5048 μανψ...

2190 5081 2448 5136 Δουλείαν
2497 5079 2581 5132 καὶ
2643 5077 2746 5150 γὰρ
2803 5071 3012 5143 ἔνδοξον
3070 5071 3132 5126 τὸ
3182 5074 3455 5140 σκῆπτρον
3497 5064 3805 5154 nvem-15:05,

2188 5173 2276 5225 καὶ
2332 5171 2425 5224 τὸν
2470 5168 2853 5240 περιμάχητον
2899 5168 3149 5236 στέφανον
3189 5161 3295 5211 τῶν
3355 5155 3484 5226 παρ’
3547 5141 3804 5244 αἰγιαλοις

2189 5255 2442 5333 ψηφίδων
2509 5253 2776 5330 διαφέρειν
2839 5250 3030 5325 μηδὲν,
3089 5245 3182 5302 κᾶν
3239 5241 3422 5304 ἄλλως
3481 5241 3596 5294 θεῖα
3631 5247 3802 5336 “tum!

2187 5330 2292 5404 καὶ.
2325 5369 2485 5402 τινων
2541 5341 2852 5417 μυστηρίων
2907 5337 3235 5414 ἀπορρήτων
3304 5330 3616 5401 εἰκάσματα,
3662 5333 3799 5428 οξιιωε

2192 5437 2400 5496 εὐτελὲς
2451 5455 2502 5488 τι
2554 5433 2712 5508 ῥάκος
2739 5433 2839 5498 τὴν
2889 5428 3171 5506 πορφύραν
3212 5425 3379 5497 εἶχες,
3418 5417 3594 5475 καὶτὸ
3621 5417 3800 5473 ταύτης

439 5081 582 5140 Nam
643 5086 796 5154 quod
856 5092 1148 5154 sceptrum
1195 5089 1492 5158 imperiale
1535 5090 1824 5160 splendidi
1877 5091 2076 5160 cujus-

439 5170 570 5224 dam
604 5173 818 5226 servrtii
853 5177 1086 5244 signum
1120 5192 1264 5242 esse,
1298 5184 1354 5231 et
1398 5192 1669 5233 coronam
1721 5179 2078 5249 pretiosissi-

442 5274 616 5322 mam,
661 5261 802 5316 nihil
835 5279 868 5316 a
899 5263 1130 5334 lapillis,
1177 5282 1304 5336 quas
1350 5267 1407 5322 in
1459 5268 1648 5324 littore
1693 5267 1873 5322 maris
1920 5279 2076 5332 sunt,

438 5347 670 5403 differre
703 5361 938 5421 putares
961 5369 974 5407 :
999 5355 1266 5423 quamvis
1288 5355 1431 5422 haec,
1454 5358 1940 5426 divinaquaedam
1971 5373 2077 5421 res,

439 5438 498 5490 et
527 5435 948 5494 immensarum
998 5457 1461 5516 arcanornmque
1505 5446 1906 5516 mysteriorum
1936 5445 2080 5500 ima-

519 5615 598 5688 (l)
627 5614 792 5673 Hunc
820 5633 1052 5677 versum
1081 5621 1404 5682 Alexander
1429 5629 1674 5697 Magnus
1705 5625 1968 5684 omnium
1997 5622 2436 5683 Homericorum
2465 5631 2788 5675 carminum
2814 5609 3098 5684 judicavit
3126 5623 3256 5666 esse
3285 5605 3590 5676 optimum.
