4096 6284
253 361 351 424 569

1704 376 2150 439 DEDICATIO.

3516 375 3636 436 570

251 495 390 559 ἄνθος
443 500 664 574 στυγνὸν
721 501 939 575 κρίνων,
993 500 1172 577 ἕτερον
1230 507 1431 578 τρόπον
1493 481 1861 582 μετριοπαθῶν

1983 516 2146 586 gina:
2171 515 2306 581 sint,
2334 530 2652 586 purpuram
2680 513 2869 582 ipsam
2906 529 3008 581 pro
3039 511 3253 566 vilibus
3289 511 3496 579 pannis
3527 511 3630 565 ha-

249 591 350 648 ταῖς
379 587 692 662 εὐπραγίαις
727 590 940 664 μᾶλλον
967 595 1054 661 ἧς,
1089 595 1200 672 οὐχ
1231 596 1303 659 ὡς
1335 597 1384 650 o't
1417 598 1867 666 πολ).οἰ,τούτοις

247 678 681 750 περιγαννύμενός
730 701 788 734 τε
843 681 931 736 καὶ
985 685 1407 758 φρυαττόμενος,
1467 685 1536 741 δι’
1594 689 1669 742 ὧν
1724 683 1872 765 ἔρρει

251 763 337 832 μέν
363 765 498 820 πολὺ
531 773 648 839 Θεῴ
679 769 741 822 τὸ
782 768 1102 846 εὐχάριστον
1134 790 1146 804 ·
1201 769 1494 850 φαιδρότης
1529 772 1576 828 δ’
1628 779 1695 844 ἦν
1727 763 1868 848 ὁμοῦ

247 853 325 904 καί
357 858 674 928 πανάγυρις,
714 856 859 913 πολὺ
907 860 968 914 τὸ
1016 863 1178 933 γάνος
1209 867 1326 922 ταῖς
1377 864 1624 919 ἁπάντων
1674 865 1869 920 ένιεῖσα

245 945 450 1028 ψυχαῖς.
500 948 618 1002 Τῶν
679 947 782 1020 γὰρ
837 948 1070 1021 ἀρίστων
1124 952 1216 1005 καὶ
1272 953 1528 1022 γενναίων
1581 953 1730 1028 ε’ίπερ
1785 977 1868 1018 τις

247 1027 470 1100 μάλιστα
499 1033 596 1103 ὢν,
631 1034 848 1108 οὐδαμῆ
883 1039 930 1092 τ’
961 1037 1226 1094 ἐκκλίνων
1257 1046 1376 1102 τοῖς
1407 1045 1484 1112 μή
1517 1027 1866 1115 καθήκουσιν,

243 1116 359 1174 ἀλλ’
387 1117 614 1196 έδραίως
651 1125 800 1196 μάλα
829 1127 965 1200 πρὸς
998 1129 1137 1184 ἅπαν
1169 1127 1314 1206 ἔχων
1347 1132 1408 1186 τὸ
1452 1131 1867 1205 ἐπαινούμενον,

243 1207 422 1278 λόγοις
471 1213 786 1288 φρονήσεώς
814 1237 872 1271 τε
921 1217 1033 1288 ἅμα
1061 1218 1150 1272 καὶ
1197 1219 1449 1292 κρίσεως,
1489 1223 1626 1295 πρὸς
1677 1219 1733 1277 δὲ
1777 1223 1867 1277 καὶ

241 1300 313 1366 τῷ
343 1296 619 1373 φιλοτίμῳ
647 1303 770 1376 περί
800 1305 866 1358 τὰ
904 1304 1175 1360 κάλλιστα
1217 1310 1388 1362 πάντα
1419 1310 1559 1377 ἦσθα
1607 1307 1867 1383 διαπρατ-

238 1387 480 1457 τὸμενος,
514 1389 660 1452 εἶδος
695 1393 789 1463 μέν
822 1393 978 1456 εὐθὺς
1009 1390 1466 1470 προϐεϐλημένος
1498 1401 1640 1468 ἀξιον
1674 1417 1865 1471 τυραν-

237 1472 398 1544 νίδος,
427 1479 609 1553 ψυχήν
644 1476 703 1534 δὲ
735 1479 884 1552 μάλα
913 1483 1078 1550 ἤπιός
1105 1505 1186 1546 τις
1217 1483 1291 1539 ὢν
1321 1487 1409 1540 καὶ
1449 1486 1864 1561 φιλάνθρωπος,

239 1561 379 1626 εὐθὺς
411 1563 517 1621 ἀπὸ
552 1568 876 1643 βλέμματος
907 1574 1110 1634 πάντας
1140 1575 1214 1635 ὡς
1257 1575 1425 1630 εἰπεῖν
1471 1573 1815 1648 δεξιούμενος
1848 1596 1862 1610 ·

237 1650 346 1720 ἤθει
375 1652 442 1724 δή
471 1677 578 1710 τινι
627 1659 761 1731 ξένῳ
805 1663 892 1715 καὶ
943 1668 1063 1724 ταῖς
1095 1661 1154 1718 έκ
1197 1669 1304 1718 τῶν
1354 1663 1534 1739 λόγων
1567 1665 1754 1740 χάρισί
1807 1687 1864 1720 τε

238 1741 314 1795 καὶ
357 1740 552 1818 ἳϋγξιν,
598 1745 692 1802 ’ίσα
732 1752 822 1803 καὶ
868 1757 1140 1824 ποταμοῖς
1190 1751 1391 1827 ῥέουσι,
1451 1757 1653 1812 πάντας
1707 1754 1863 1827 ἔξαρ-

1978 606 2143 669 bens,
2179 605 2496 674 ﬂoremque
2519 604 2642 673 ejus
2673 604 2980 656 molestum
3003 608 3062 656 et
3085 601 3314 656 tristem
3334 601 3628 668 judicans,

1981 695 2340 746 moderatum
2375 707 2521 746 novo
2553 699 2807 759 quodam
2842 690 3010 744 modo
3040 689 3099 742 in
3132 690 3303 743 rebus
3353 688 3629 742 secundis

1979 783 2238 834 aniuium
2272 781 2575 834 oblinuisti
2613 797 2624 834 :
2672 794 3034 850 nequaquam
3082 776 3187 843 eis,
3244 777 3416 831 sicuti
3459 775 3629 844 pleri-

1980 885 2112 939 que,
2147 868 2446 924 exsultans
2485 880 2659 938 atque
2697 868 3062 938 superbiens.
3097 868 3230 929 Quas
3282 877 3382 921 tua
3428 869 3631 920 mode-

1979 959 2125 1012 ratio
2147 959 2392 1012 maxime
2421 961 2530 1012 er
2551 967 2716 1027 grata
2739 958 2873 1011 luit:
2899 958 3100 1010 eadem
3125 971 3360 1026 quoque
3383 954 3630 1025 publica

1978 1047 2189 1102 laetitiae
2211 1057 2266 1101 et
2291 1047 2652 1102 solemnibus
2681 1046 3066 1100 conventibus
3100 1060 3337 1099 causam
3362 1044 3628 1114 prebuit,

1978 1138 2227 1192 multam
2251 1137 2468 1190 animis
2487 1136 3118 1203 omniumyoluptateru
3136 1131 3625 1187 immittens.Cum

1978 1240 2226 1296 namque
2257 1225 2520 1295 optimus
2547 1230 2605 1278 et
2634 1241 2810 1294 supra
2839 1222 2984 1278 alios
3017 1222 3266 1276 maxime
3309 1237 3627 1293 generosus

1977 1331 2161 1381 esses,
2184 1314 2635 1384 haudquaquam
2667 1315 2740 1368 ad
2774 1329 2864 1368 res
2897 1313 3092 1367 minus
3141 1311 3412 1366 decentes
3445 1309 3626 1365 decli—

1977 1405 2129 1460 nasti
2155 1420 2168 1458 :
2194 1420 2392 1458 verum
2415 1410 2748 1458 constanter
2767 1404 2822 1457 in
2848 1403 3014 1456 factis
3031 1401 3280 1456 laudatis
3299 1399 3626 1470 perstitisti,

1978 1496 2300 1567 prudentiae
2325 1496 2543 1551 scilicet
2565 1495 2843 1563 etjudicii
2869 1497 3185 1550 rationibus
3206 1493 3516 1549 adductus.
3535 1491 3624 1546 In-

1975 1603 2150 1656 super
2181 1601 2312 1641 vero
2335 1586 2487 1640 circa
2510 1583 2934 1655 pulcherrimas
2957 1599 3138 1654 quasq
3150 1599 3220 1637 ue
3243 1598 3334 1637 res
3354 1581 3622 1636 ambitio-

1971 1691 2096 1741 sus,
2135 1675 2240 1728 rite
2288 1690 2488 1728 omnia
2531 1681 2708 1742 atque
2753 1673 2958 1726 ordine
3009 1671 3300 1740 peregisti.
3351 1669 3618 1724 Formam

1973 1766 2259 1834 siquidem
2291 1771 2464 1833 atque
2495 1761 2760 1827 habitum
2813 1777 2924 1832 prae
2975 1767 3030 1816 te
3076 1761 3266 1814 terens
3313 1758 3621 1830 tyrannide

234 1835 351 1902 τῶν,
383 1835 628 1941 κξθάπερ
675 1860 758 1901 τις
790 1837 940 1902 λίθος
988 1844 1265 1918 μάγνησσα
1311 1846 1378 1900 τὰ
1428 1845 1673 1915 σιδήρια.
1715 1845 1861 1899 Κάλ-

237 1917 578 1949 :._----1_u
659 1948 663 1949 ν
732 1931 744 1944 η
816 1931 829 1944 ι
928 1935 952 1946 -
1227 1933 1309 1949 ,ς
1505 1938 1515 1949 .
1622 1940 1641 1949 -

1974 1852 2236 1922 dignum,
2269 1851 2466 1906 animo
2499 1852 2655 1904 mitis
2676 1849 2987 1904 admodum
3012 1855 3186 1919 atque
3207 1847 3502 1902 humanus
3531 1862 3617 1912 es,

237 1935 408 1976 Λιστον
435 1921 494 1978 δέ
525 1947 611 1980 σοι
655 1931 748 1982 καὶ
777 1931 839 1984 τὸ
888 1935 1049 2005 σῶμα
1078 1933 1451 2004 προσέπλασεν
1493 1938 1527 2004 ὴ
1574 1940 1680 1989 τῶν
1713 1933 1860 1989 ὅλων

234 2009 399 2085 φύσις.
427 2015 518 2068 καὶ
566 2014 621 2078 ἐς
671 2018 949 2094 ὑπεροχὴν
1001 2021 1319 2096 διαπρέπον,
1352 2025 1426 2086 ὡς
1479 2024 1540 2079 ἄν
1585 2045 1671 2087 τις
1711 2025 1865 2080 εἶκα-

233 2118 380 2170 σειεν,
413 2101 476 2156 οὐ
530 2105 800 2178 βασιλέων
850 2110 1037 2182 μόνον,
1071 2111 1217 2167 ἀλλὰ
1258 2113 1347 2168 καὶ
1395 2114 1611 2168 πάντων
1659 2113 1864 2186 ἀνθρώ-

231 2208 336 2242 πων
384 2190 602 2266 σχεδόν.
653 2195 910 2260 Κάλλους
959 2197 1097 2255 ἰδέη
1143 2203 1290 2258 εἶπεν
1340 2202 1400 2257 ἄν
1464 2201 1522 2257 σέ
1574 2223 1679 2269 τις,
1731 2202 1865 2256 κατᾶ

233 2277 507 2378 Πλάτωνα,
555 2285 732 2354 πάσης
784 2289 1093 2364 ἀρχέτυπον
1137 2291 1496 2364 ὡραιότητος.
1532 2293 1711 2368 ’ἰσχὺς
1760 2293 1862 2368 γὰρ

231 2368 310 2420 καὶ
340 2368 525 2442 ῥώμη,
555 2373 644 2426 καὶ
677 2376 984 2452 συμμετρία
1020 2385 1220 2452 μερῶν,
1259 2383 1346 2435 καὶ
1395 2382 1599 2454 ῥυθμὸς
1651 2379 1862 2452 μελῶν,

358 2457 520 2524 ἄνθος
569 2461 711 2537 ὧρας
762 2466 1084 2542 ἁπανταχοῦ
1133 2469 1527 2542 συνδραμόντα,
1577 2472 1862 2546 ὑπερφυῶς

230 2563 433 2619 αριστην
483 2557 672 2626 κρᾶσιν
727 2553 816 2608 καὶ
867 2557 1130 2629 ἁρμονίαν
1177 2580 1263 2613 σοι
1314 2559 1691 2629 διασώζουσιν,
1747 2556 1864 2612 ὥσ-

349 2635 396 2689 έν
447 2638 658 2712 ἑκάστῳ
707 2662 794 2697 σοι
840 2647 1303 2719 παρακαθημένης
1353 2656 1455 2718 τῆς
1506 2649 1740 2724 φύσεως,
1772 2668 1868 2733 καὶ

239 2719 412 2814 λόγους
471 2727 684 2802 μέτρων
743 2733 833 2785 καὶ
894 2738 1159 2810 μεγεθῶν,
1224 2737 1499 2812 εὐτέχνως
1574 2739 1714 2792 ἅπαν
1777 2719 1868 2814 καξ

402 2814 558 2890 λύραν
614 2815 772 2884 δῆθεν
803 2824 902 2891 τὴν
951 2825 1222 2894 συνθήκην
1270 2826 1680 2900 ἁρμοζομένης.
1730 2827 1844 2881 ὥστ

250 2916 324 2996 in:
348 2903 419 2956 σοί
447 2903 510 2974 δή
543 2909 634 2961 καὶ
680 2911 832 2982 μόνῳ
861 2911 950 2967 καὶ
989 2915 1088 2981 τήν
1129 2917 1318 2983 κοινήν
1363 2915 1522 2992 φύσιν
1563 2917 1868 2991 κομπάζειν

249 3005 386 3063 εχειν.
429 2996 513 3056 οἷς
561 2999 846 3060 τοσούτοις
897 3001 1078 3074 βρύων
1119 3009 1240 3065 τοῖς
1288 3005 1506 3078 ἀγαθοῖς
1553 3006 1865 3079 προῆλθες,

241 3095 321 3128 του
360 3081 538 3152 γένους
592 3085 668 3149 ὡς
717 3086 888 3142 εἰπεῖν
940 3087 1314 3164 φιλοτίμημα.
1368 3095 1464 3148 Καὶ
1514 3095 1693 3148 τοίνυν
1744 3095 1868 3150 ἐπί“

237 3185 378 3255 μονον
435 3191 668 3240 ασκησιν
729 3176 821 3230 σὺν
883 3177 982 3231 οὐκ
1039 3179 1214 3255 αγενεί
1265 3183 1546 3255 προθυμίᾳ
1601 3188 1708 3238 τῶν
1760 3205 1860 3238 κα-

1973 1945 2286 2009 conspectu
2320 1941 2446 2010 ipso
2477 1941 2670 1994 statim
2701 1955 2928 2006 omnes,
2955 1944 3017 1993 ut
3037 1939 3115 1993 ita
3136 1937 3350 2004 dicam,
3374 1935 3618 2005 benigne

1975 2029 2286 2097 excipiens,
2307 2035 2364 2084 et
2387 2045 2531 2084 novo
2565 2028 2818 2098 quodam
2846 2043 3024 2093 moro,
3057 2026 3454 2096 orationisque
3501 2030 3616 2078 ture

1974 2120 2164 2190 gratia
2177 2117 2669 2188 atqueillecebris,
2689 2115 2950 2171 ﬂuminis
2972 2119 3156 2172 instar
3173 2113 3614 2186 proﬂuentibus,

1977 2210 2300 2274 universos,
2328 2209 2561 2277 perinde
2577 2213 2753 2279 atque
2779 2223 3018 2278 magnes
3048 2206 3195 2276 lapis
3217 2207 3454 2272 ferrum,
3477 2221 3618 2260 sus-

1981 2318 2190 2366 pensos
2218 2301 2946 2355 tenens.Decentissimum
2972 2315 3101 2352 vero
3123 2313 3353 2368 quoque
3375 2296 3476 2351 tibi
3497 2311 3620 2353 cor-

1977 2405 2086 2458 pus
2115 2395 2173 2443 et
2201 2387 2752 2445 excellentissimum
2786 2403 2976 2442 rerum
3010 2387 3410 2442 universarum
3435 2383 3620 2438 archi-

1934 2546 1936 2549 ι
1977 2479 2184 2533 tectrix
2208 2484 2416 2533 natura
2431 2478 3048 2545 cont‘ormavil,utsane
3065 2475 3355 2546 quispiam
3375 2476 3414 2528 7
3435 2473 3620 2528 existi-

1977 2575 2114 2633 met,
2136 2585 2250 2623 non
2275 2570 2598 2638 principum
2623 2567 2836 2631 solum,
2857 2566 2954 2620 sed
2979 2565 3149 2620 etiam
3175 2563 3476 2618 hominum
3505 2565 3622 2616 fere

1975 2661 2238 2714 omnium
2273 2666 2327 2714 te
2358 2661 2637 2714 absolutas
2671 2657 2860 2712 formis
2884 2657 3072 2708 ideam
3103 2662 3277 2723 atque
3297 2650 3620 2720 specimen.

1973 2754 2137 2818 juxta
2169 2749 2486 2813 Platonem,
2505 2756 2562 2802 et
2581 2746 2899 2801 venustatis
2929 2745 3118 2799 omnis
3134 2746 3511 2812 archetypum
3535 2749 3618 2797 at-

1977 2855 2092 2910 que
2123 2839 2460 2901 primarium
2483 2835 2778 2908 exemplar
2797 2851 2944 2890 esse.
2963 2835 3154 2889 Robur
3174 2835 3412 2900 insuper
3431 2839 3490 2886 et
3512 2834 3621 2886 for-

1976 2928 2163 2982 titudo
2181 2925 2849 2998 corporis,partiumque
2861 2923 3124 2979 omnium
3147 2933 3203 2975 et
3227 2937 3376 2974 mem
3388 2919 3617 2974 brorum

1978 3018 2288 3087 pr0portio,
2321 3022 2570 3087 aptaque
2600 3020 2657 3070 et
2686 3019 3003 3081 temperata
3053 3010 3412 3075 constitutio,
3435 3008 3620 3063 aetatis

1976 3122 2208 3177 quoque
2221 3111 2324 3162 ﬂos
2341 3111 2396 3160 et
2417 3105 2598 3176 vigor,
2613 3103 2812 3157 omnia
2831 3101 3003 3156 simul
3017 3101 3621 3176 concurrentia,s_upra

1975 3211 2150 3266 quam
2183 3195 2295 3250 dici
2328 3199 2538 3266 potest,
2567 3192 2848 3263 optimam
2880 3191 2938 3246 in
2970 3195 3026 3246 te
3055 3189 3372 3243 coniiciunt
3396 3199 3614 3256 tempe-

234 3257 327 3348 Λῷίθ
370 3279 428 3312 τε
476 3260 730 3335 κάγαθῶν
781 3268 1003 3338 προθεὶς
1063 3269 1255 3340 ὲαυτῷν
1315 3275 1423 3344 πῦΡ
1479 3273 1547 3340 ἧς
1603 3271 1854 3345 ἄντικρυς

1972 3249 2225 3344 ιῗιιιιιιυαω
2248 3293 2305 3343 et
2328 3249 2730 3342 harmoniam:
2753 3283 2907 3337 haud
2934 3279 3099 3334 aliter
3118 3294 3292 3348 quam
3311 3277 3432 3332 siin
3457 3249 3616 3345 parte

231 3342 435 3418 φλέγον,
596 3349 826 3415 πέλεκυς
905 3355 1139 3419 κόπτων,
1304 3380 1386 3421 τις
1457 3365 1656 3434 σφαῖρα
1721 3361 1859 3416 κατὰ

229 3441 449 3527 πρανρῦς
479 3456 493 3467 ·
549 3441 715 3494 ἅπασι
766 3445 862 3514 μὲν
922 3447 1232 3521 προσέχων,
1287 3448 1462 3504 πάντα
1519 3447 1563 3503 δ’
1615 3449 1859 3527 εὐχερῶς

229 3526 287 3593 ἐὖ
341 3521 557 3599 διανοίᾳ
604 3530 953 3604 παραδιδούς.
1001 3538 1065 3590 Ἃ
1119 3535 1164 3591 δ’
1211 3537 1429 3612 εἰσάπαξ
1476 3521 1717 3595 διελθεῖν.
1752 3521 1854 3618 ’γέ-

229 3629 382 3713 νοιτο,
423 3616 588 3713 οὕτω.
621 3623 690 3692 τῇ
743 3625 935 3697 μνήμῃ
982 3620 1340 3702 διακατεῖχες,
1389 3628 1464 3690 ὡς
1512 3627 1563 3683 ἐν
1617 3616 1856 3708 χαλκαῖς

231 3705 621 3808 ξρκεῖγὶπίγαξι
668 3714 818 3764 ταῦτ’
868 3711 1230 3792 ἐγγεγράφθαι
1275 3722 1394 3780 ταῖς
1437 3724 1536 3787 τῆς
1589 3705 1687 3786 σῆς
1730 3739 1857 3792 καρ-

229 3793 561 3894 ξίαςνπλαξίν
593 3813 607 3826 ⁸
640 3797 783 3854 οὕτω
832 3821 918 3856 σοι
955 3803 1018 3858 τὸ
1071 3811 1172 3874 τῆς
1224 3809 1445 3880 μνήμης
1494 3803 1747 3883 ἕρῥωται-
1779 3813 1854 3881 Τῇ

231 3879 271 3931 δ’
305 3881 370 3935 αὖ
415 3893 679 3962 προσοχῇ
727 3910 784 3944 τε
829 3891 921 3946 καὶ
974 3892 1238 3969 ἀγχινοίᾳ
1282 3879 1590 3969 ἐπιστήμης
1645 3879 1855 3967 ἀπάσης

229 3972 480 4065 κρείττων
538 3976 590 4029 ἐν
667 3979 865 4054 βραχεῖ
939 3981 1292 4056 διεδείκνυσο,
1363 3988 1570 4060 μεγέθει
1645 3989 1856 4065 φύσεως

226 4061 387 4126 πάσας
419 4065 476 4120 ἐν
511 4065 688 4140 ἑαυτῷ
734 4070 824 4126 καὶ
871 4072 1066 4136 ταύτας
1119 4075 1298 4150 ἔργοις
1339 4061 1718 4151 παραδεικνύς,
1766 4078 1858 4133 καὶ

225 4154 455 4222 κρεῖττον
516 4151 660 4230 ἤπερ
702 4159 754 4212 οἱ
800 4157 1056 4217 πλεῖστον
1113 4165 1312 4238 χρόνον
1357 4166 1576 4229 ταύταις
1625 4165 1862 4222 ἐκδαπα-

221 4239 491 4335 νήσαντες.
551 4247 823 4302 Ἐντεῦθέν
904 4271 988 4304 σοι
1072 4253 1134 4308 τὸ
1216 4255 1674 4330 περιεσκεμμένον
1762 4265 1868 4318 καὶ

223 4331 427 4430 σρννουν
479 4331 556 4394 ὡς
603 4334 670 4389 τὰ
715 4337 923 4407 πολλὰ,
969 4341 1059 4395 καὶ
1105 4343 1168 4397 τὸ
1217 4342 1311 4398 σὺν
1359 4341 1482 4414 ἤθει
1531 4347 1722 4420 χάριεν
1773 4345 1862 4401 καὶ

223 4420 558 4492 εὐπρόσιτον.
590 4423 866 4482 Ἐντεῦθεν
920 4431 954 4498 ἡ
1004 4431 1140 4486 κατὰ
1181 4437 1290 4488 τῶν
1337 4440 1438 4503 τῆς
1481 4434 1692 4507 φύσεως
1742 4436 1866 4490 θεσ-

228 4509 332 4598 μῶν
363 4511 455 4565 καὶ
503 4519 608 4580 τῆς
639 4525 962 4589 σωματικῆς
1005 4521 1241 4597 ἀνάγκης
1278 4511 1398 4578 τῶνε
1441 4522 1633 4598 βιαίων
1685 4525 1866 4582 πόνων

1971 3378 2230 3450 qualibet
2260 3383 2466 3432 natura
2511 3375 2617 3428 tibi
2669 3388 2920 3440 praesens
2975 3369 3247 3433 insideat,
3304 3381 3613 3421 mensura-

1968 3483 2215 3538 rumque
2243 3471 2300 3521 et
2340 3462 2814 3536 magnitudinum
2865 3457 3194 3514 rationibus
3243 3455 3613 3510 artiﬁciosis-

1965 3559 2114 3612 sime
2143 3555 2358 3618 omnia,
2389 3564 2442 3606 et
2487 3552 2724 3622 perinde
2772 3555 2946 3619 atque
2997 3549 3182 3613 lyram
3232 3550 3610 3614 coagmenta-

1965 3647 2120 3700 tione
2137 3643 2670 3714 compositioneque
2685 3636 3232 3694 convenientissime
3255 3633 3606 3688 conformat:

1967 3735 2110 3788 adeo
2143 3738 2207 3786 ut
2236 3733 2294 3786 in
2329 3737 2381 3785 te
2415 3746 2549 3794 uno,
2582 3734 2814 3799 propter
2845 3730 2926 3781 tot
2970 3729 3029 3780 et
3075 3729 3256 3790 tanta,
3289 3739 3416 3794 quae
3450 3721 3507 3776 in
3553 3731 3608 3777 te

1966 3824 2292 3880 scantentia
2323 3819 2614 3892 protulisti
2637 3819 2808 3882 bona,
2823 3813 3152 3870 communis
3172 3819 3375 3866 natura
3389 3813 3606 3882 jactare

1967 3930 2030 3970 se
2095 3919 2150 3967 et
2219 3910 2453 3982 gloriari
2520 3908 2717 3978 possit,
2776 3914 3056 3974 tanquam
3119 3901 3607 3958 excellentissimo

1967 4002 2198 4074 generis
2227 3999 2432 4065 nostri,
2477 4003 2542 4052 ut
2581 3997 2662 4052 ita
2707 3995 2921 4060 dicam,
2953 3992 3216 4060 donatio,
3247 3991 3306 4046 in
3355 4007 3470 4062 quo
3507 3989 3610 4043 illa

1969 4089 2426 4149 muniﬁcentiam
2476 4103 2644 4142 suam
2693 4083 3014 4141 ostentarit.
3067 4082 3267 4152 itaque
3323 4079 3610 4137 constanti

1970 4181 2237 4240 exercitio
2285 4193 2481 4234 rerum
2529 4177 2906 4231 honestarum
2955 4177 3011 4228 et
3060 4170 3606 4242 pulcherrimarum,

1970 4288 2104 4329 eum
2133 4284 2413 4343 generosa
2441 4264 2620 4321 animi
2652 4262 2948 4320 alacritate
2978 4261 3084 4316 tibi
3117 4260 3430 4332 proposito,
3461 4257 3612 4330 ignis

1973 4361 2142 4436 plane
2169 4360 2402 4424 ardens,
2432 4360 2535 4411 aut
2580 4351 2799 4410 securis
2845 4352 3165 4417 dissecans,
3217 4353 3319 4405 aut
3358 4351 3610 4420 sphera,

1975 4452 2130 4524 quod
2163 4447 2394 4512 dicitur,
2427 4462 2530 4501 seu
2562 4444 2770 4514 globus
2800 4442 3034 4512 quidam
3083 4455 3186 4510 per
3233 4437 3608 4510 praecipitium

1977 4540 2178 4596 fuisti:
2229 4537 2498 4593 omnibus
2546 4531 2959 4603 cognoscendis
3008 4527 3374 4594 incumbens,
3410 4526 3609 4581 omnia

223 4595 536 4690 ᾑτυραννίς
585 4624 644 4658 τε
689 4607 779 4660 καὶ
827 4595 1160 4685 ἐπικράτεια,
1193 4613 1282 4668 καὶ
1326 4616 1361 4684 ἡ
1410 4595 1510 4684 τῆς
1563 4617 1856 4690 βασιλικῆς

1970 4595 2143 4687 etiam
2177 4624 2342 4682 facile
2364 4627 2560 4679 mente
2579 4595 2932 4690 concipiens.
2955 4619 3023 4672 Et
3051 4633 3180 4688 quin
3201 4613 3379 4671 semel
3410 4613 3610 4669 audita

225 4683 498 4752 θεραπείας
545 4693 835 4769 ὑπεροψία,
865 4683 963 4752 καί
994 4697 1171 4756 τᾶλλα
1221 4723 1304 4757 σοι
1352 4683 1475 4758 τῶν
1506 4683 1856 4780 προτερημά-

221 4793 340 4845 των,
379 4779 517 4855 ὑπὲρ
561 4781 906 4857 ἀνθρωπίνην
935 4789 1091 4866 φύσιν
1139 4792 1228 4846 καὶ
1275 4786 1482 4848 ἔννοιαν
1529 4779 1708 4850 θεόθεν
1740 4795 1858 4850 ἐπι-

225 4869 506 4968 σπαρένται
543 4889 556 4901 ’
592 4873 801 4938 στάσεις
843 4877 1108 4952 πάννυχοι
1139 4901 1198 4934 τε
1243 4883 1332 4936 καὶ
1362 4885 1696 4958 πανημέριοι
1730 4903 1742 4916 ·
1792 4883 1858 4938 τὰ

227 4956 314 5022 μέν
343 4956 696 5034 ἱλασκομένῳ
728 4964 878 5035 Θεὸν,
909 4965 978 5021 τὰ
1015 4964 1072 5022 δὲ
1108 4973 1206 5024 τοῦ
1242 4975 1425 5026 κοινοῦ
1463 4956 1855 5047 προασπίζοντί

223 5047 390 5146 τεκαί
439 5049 828 5146 θεμιστεύοντα
861 5056 1022 5111 Ὥστε
1069 5079 1126 5113 σε
1161 5058 1288 5122 τοὺς
1335 5061 1575 5135 ὁρῶντας
1623 5061 1722 5117 οὐκ
1770 5062 1858 5116 ἆν-

225 5131 304 5204 δρῖ
359 5132 734 5209 παραϐάλλειν
792 5135 960 5218 ἔχειν,
1018 5143 1146 5202 ἀλλ’
1195 5131 1470 5219 ἀνδριάντι
1511 5148 1747 5223 μᾶλλον,
1776 5156 1856 5224 τῷ

223 5223 351 5312 πρὸς
383 5227 540 5304 ῥῖγος
573 5229 663 5282 καὶ
695 5229 880 5308 φλόγα
909 5231 1338 5312 διαμαχόμενον,
1370 5238 1461 5297 ἕνα
1499 5243 1588 5296 καὶ
1627 5244 1718 5298 τὸν
1751 5243 1856 5298 αύ-

223 5311 306 5366 τὸν
329 5311 381 5368 ἐν
413 5319 574 5372 πᾶσιν
604 5317 740 5375 εἶναι
779 5321 1078 5396 ἀκάματον,
1107 5311 1294 5404 ὥσπερ
1333 5331 1422 5386 καὶ
1454 5332 1590 5406 πρὸς
1627 5333 1723 5394 τὰς
1752 5339 1854 5402 τῆς

225 5399 452 5472 φύσεως,
506 5404 681 5492 ῥοπὰς
731 5408 1155 5490 ἀπαρέγκλιτον,
1199 5399 1330 5472 πόίσι
1382 5399 1853 5492 μὲίὸμιλοῦντα,

223 5495 332 5552 τοῖς
361 5497 490 5548 πᾶσι
533 5491 590 5550 δὲ
618 5499 685 5552 τὰ
723 5500 894 5556 πάντα
931 5503 1018 5557 καί
1049 5513 1302 5562 παντοῖον
1352 5491 1638 5584 γινόμενον
1672 5553 1683 5564 .
1718 5508 1851 5579 ἡδὺν

227 5578 367 5648 μάλα
394 5584 485 5637 καὶ
517 5583 706 5658 ἤπιον,
749 5589 968 5662 πολλήν
1000 5614 1058 5648 τε
1106 5595 1194 5650 καὶ
1241 5595 1491 5671 ἄκρατον,
1525 5602 1660 5654 κατᾶ
1702 5599 1854 5656 Πλά-

223 5687 383 5742 τωνα,
443 5673 544 5742 τήν
601 5673 912 5753 ἐλευθερίαν
966 5687 1082 5744 τοῖς
1143 5685 1407 5758 ὑπηκόοις
1485 5688 1854 5761 οἱνονοοῦντα,

1968 4719 2053 4772 vel
2089 4720 2232 4772 lecta
2261 4713 2460 4782 discis,
2487 4715 2604 4766 tam
2645 4709 2833 4767 tenaci
2876 4707 3160 4763 memoria
3181 4702 3606 4775 complecteris,

1968 4813 2032 4862 ut
2052 4809 2110 4860 in
2145 4803 2346 4860 ferreis
2378 4799 2786 4874 pugillaribus,
2810 4813 2940 4867 quae
2971 4795 3028 4849 in
3059 4793 3252 4850 cordis
3274 4795 3356 4848 tui
3389 4790 3608 4848 tabulis

1959 4893 2388 4964 oonscripsisti,
2443 4890 2628 4947 incisa
2675 4904 2804 4943 esse
2851 4886 3197 4944 videantur;
3249 4887 3372 4938 tam
3419 4880 3608 4938 solida

1959 4987 2246 5054 firmaque
2297 4980 2404 5036 tibi
2458 4983 2542 5036 est
2599 4976 2900 5034 memoria.
2955 4975 3125 5030 Porro
3185 4972 3504 5028 attentione
3553 4975 3609 5027 et

1960 5073 2172 5128 mentis
2254 5069 2586 5142 sagacitate,
2674 5065 2980 5122 scientiam
3057 5067 3114 5118 et
3214 5061 3606 5118 eruditionem

1958 5177 2191 5218 omnem
2233 5159 2392 5214 brevi
2441 5155 2756 5228 superasti,
2789 5160 3012 5209 naturae
3056 5149 3458 5219 magnitudine
3504 5165 3606 5206 eas

1959 5251 2201 5305 virtutes
2259 5253 2500 5304 cunctas
2545 5263 2604 5302 re
2646 5246 2773 5315 ipsa
2817 5243 3141 5298 exhibens:
3185 5241 3362 5312 idque
3395 5239 3607 5295 melius

1959 5337 2161 5406 multo,
2193 5352 2365 5408 quam
2397 5334 2496 5406 qui
2529 5331 2872 5404 longissimo
2887 5331 3059 5386 etiam
3085 5333 3345 5401 tempore
3365 5343 3600 5400 operam

1957 5427 2074 5484 illis
2107 5428 2416 5482 navarunt.
2470 5422 2634 5479 Unde
2685 5421 2784 5476 illa
2838 5424 2937 5475 tua
2991 5423 3078 5475 est
3134 5417 3495 5490 providentia
3551 5421 3607 5474 et

1959 5517 2170 5571 usitata
2245 5516 2458 5570 mentis
2524 5509 2930 5576 consideratio,
2992 5525 3216 5564 necnon
3285 5506 3603 5579 singularis

1959 5620 2182 5660 morum
2223 5605 2407 5674 gratia
2435 5605 2492 5659 et
2521 5598 2847 5656 atl‘abilitas.
2901 5597 3063 5654 Unde
3100 5597 3281 5654 etiam
3324 5596 3603 5652 violento-

1959 5708 2098 5752 rum
2145 5691 2414 5751 laborum
2489 5693 2696 5748 contra
2741 5692 2962 5746 natura
3018 5690 3176 5762 leges
3224 5694 3282 5746 et
3343 5690 3604 5762 corporis
