4096 6284
470 331 586 392 571

1768 333 2193 396 NICEPHOBI
2235 335 2587 398 CALLISTI

3755 337 3871 396 572

470 465 872 536 necessitates,
892 467 1156 540 tyrannis
1185 469 1450 540 quedam
1482 471 1538 523 et
1565 467 1884 525 dominatio
1913 467 2098 540 impe-

2225 468 2432 522 Ὡσανεῖ
2480 468 2581 542 γάρ
2630 489 2746 530 πως
2797 473 2917 532 ταῖς
2965 468 3207 546 φροντίσι
3256 468 3346 522 καὶ
3389 468 3582 529 κόποις
3629 467 3866 546 ἐμπεφυ-

469 555 744 627 rialisque
777 574 904 630 ᾳοτο
934 556 1041 612 tibi
1071 562 1380 630 prestatur
1426 557 1801 615 observantia
1850 562 2114 614 contem—

471 650 629 715 ptus,
662 650 839 716 atque
868 646 996 702 aliae
1024 646 1260 718 insuper
1292 647 1582 718 primariae
1630 647 1894 711 virtutes,
1939 663 2114 716 supra

471 739 690 790 natura
719 735 990 792 humanm
1021 741 1251 806 captum
1286 736 1562 792 divinitus
1595 736 1698 792 tibi
1731 737 1932 792 insita.
1961 737 2111 800 Qua.

463 821 548 878 les
580 829 720 879 sunt
753 829 815 892 et
846 831 1143 881 nocturnae
1182 829 1240 882 et
1268 825 1489 882 diurnae
1532 825 1831 894 stationes,
1863 843 1994 881 cum
2027 825 2112 882 vel

465 911 646 967 Deum
679 913 1043 969 orationibus
1074 913 1291 985 placas,
1324 913 1412 969 vel
1445 931 1547 986 pro
1579 914 1878 986 republica
1910 915 2112 970 defen-

464 997 655 1054 denda
709 1001 984 1067 excubas,
1042 1002 1129 1057 vel
1182 1003 1353 1058 etiam
1407 1003 1546 1073 jura
1603 1003 1825 1059 civibus
1871 1003 2108 1060 reddis:

460 1085 541 1142 ita
571 1093 634 1142 ut
663 1088 764 1160 qui
793 1093 849 1146 te
879 1091 1270 1162 conspiciunt,
1325 1108 1438 1147 non
1479 1093 1600 1148 viro
1659 1097 1734 1162 te,
1767 1093 1866 1148 sed
1920 1093 2113 1164 potius

462 1177 573 1232 viri
616 1183 820 1236 statuae
871 1183 1188 1248 conferant,
1237 1181 1422 1254 frigus
1471 1199 1540 1238 ex
1587 1200 1750 1254 aequo
1794 1188 1852 1240 et
1900 1189 2108 1240 ustum

461 1265 755 1326 toleranti.
781 1269 976 1342 Usque
997 1272 1139 1327 adeo
1161 1276 1216 1327 te
1246 1288 1428 1327 unum
1453 1277 1631 1344 atque
1650 1274 1920 1328 eumdem
1945 1273 2003 1328 in
2025 1274 2110 1329 eis

460 1357 736 1416 omnibus
765 1362 1008 1432 prabes,
1041 1366 1320 1432 tanquam
1351 1361 1654 1431 invictum,
1687 1367 1744 1416 et
1781 1362 1854 1417 ad
1885 1367 2112 1418 natura

460 1453 756 1506 momenta
785 1449 1180 1506 immobilem:
1215 1467 1348 1506 cum
1383 1451 1654 1506 omnibus
1688 1452 1924 1522 quidem
1949 1451 2107 1507 fami-

461 1535 642 1592 liarus
713 1539 1028 1607 viventem,
1087 1541 1364 1596 omnibus
1421 1549 1614 1596 autem
1674 1546 1730 1595 te
1778 1541 1997 1605 omnia,
2053 1546 2110 1597 et

459 1626 840 1698 omnigenum
874 1628 921 1683 8
965 1645 1323 1700 suavemque
1377 1630 1696 1684 admodum
1729 1637 1782 1686 et
1816 1629 2107 1698 placidum

461 1715 850 1786 exhibentem,
907 1718 1269 1789 multamque
1322 1723 1499 1790 atque
1555 1735 1683 1774 eam
1733 1735 1952 1774 meram
2015 1729 2108 1775 at-

462 1822 574 1876 que
605 1805 913 1874 sinceram,
964 1813 1029 1863 ut
1072 1809 1227 1880 apud
1281 1808 1580 1864 Platonem
1631 1815 1738 1874 est,
1781 1808 2102 1864 libertatem

455 1895 732 1962 subditis,
772 1897 1011 1966 perinde
1060 1905 1231 1969 alque
1279 1897 1476 1951 vinum
1527 1900 1974 1967 temperantem.
2023 1902 2102 1952 Ac

457 1983 635 2038 veluti
670 1985 818 2041 inter
839 2003 1010 2042 curas
1034 1991 1092 2042 et
1120 1985 1349 2043 labores
1392 1990 1586 2054 natus,
1617 1991 1896 2058 tanquam
1929 1986 2102 2041 habi-

460 2079 553 2129 tus
583 2089 785 2130 eorum
836 2076 894 2130 in
945 2081 1216 2131 naturam
1263 2076 1490 2141 abierit,
1525 2076 1713 2147 magis
1761 2075 1936 2132 etiam
1983 2075 2100 2130 illis

461 2161 788 2234 delectaris,
818 2181 992 2236 quam
1026 2165 1124 2221 alii
1155 2167 1440 2234 socordia,
1475 2166 1699 2222 deliciis
1751 2169 1927 2237 atque
1970 2165 2102 2222 aliis

457 2251 770 2322 ejusmodi,
829 2255 1042 2326 quibus
1105 2265 1508 2324 assueverunt,
1557 2255 1798 2311 minime
1847 2255 2101 2310 laudatis

455 2342 683 2398 studiis.
730 2345 895 2416 Qupd
937 2345 986 2400 si
1032 2345 1154 2402 hac
1192 2363 1420 2416 quoque
1467 2345 1714 2400 dicenda
1762 2353 1918 2412 sunt,
1966 2361 2102 2416 per-

457 2446 610 2502 saepe
639 2447 744 2503 ego
773 2437 829 2489 te
858 2433 975 2490 vidi
1007 2452 1122 2492 non
1170 2437 1432 2506 quotidie
1479 2435 1676 2491 cibum
1733 2438 2098 2502 sumentum,

451 2537 650 2576 verum
682 2531 735 2577 et
767 2523 933 2580 binos
962 2529 1018 2581 et
1055 2530 1252 2581 ternos
1295 2525 1691 2581 transmittere
1737 2525 1884 2594 dies,
1916 2525 1997 2580 ita
2038 2529 2104 2580 ut

455 2625 882 2683 nonnunquam
916 2615 1153 2684 quidem
1176 2614 1301 2670 solo
1322 2631 1472 2686 pane
1491 2613 1812 2671 etoleribus
1833 2614 2101 2682 incoctis,

451 2699 772 2770 aliquando
815 2719 949 2758 vero
1001 2705 1188 2773 pomis
1237 2705 1587 2775 quibusdam
1637 2703 1975 2761 vescereris.
2035 2704 2106 2759 Et

453 2795 711 2860 tempore
730 2791 982 2861 plurimo
1014 2795 1134 2849 sola
1164 2810 1316 2864 aqua
1345 2795 1450 2849 tibi
1483 2798 1656 2865 potus
1705 2794 1832 2850 fuit.
1881 2792 2104 2856 Quibus

449 2878 726 2934 omnibus
766 2897 882 2935 non
933 2883 1004 2936 ad
1053 2881 1466 2938 sufﬁcientiam
1517 2887 1618 2938 aut
1665 2883 1995 2938 satietatem
2042 2897 2106 2938 es

449 2983 616 3034 usus,
649 2969 750 3024 sed
775 2969 1042 3026 celeriter
1069 2971 1402 3040 omninopa
1424 2973 1734 3043 degustata
1758 2988 1891 3028 mox
1913 2988 2108 3028 remo-

451 3057 568 3112 veri
593 3059 854 3128 jussisti,
887 3065 950 3116 ut
979 3061 1195 3116 scilicet
1229 3078 1396 3119 mens
1425 3063 1528 3117 tibi
1575 3064 1795 3132 absque
1833 3064 2104 3129 sordibus

453 3147 706 3204 maxime
736 3164 878 3220 pura
908 3157 1292 3221 permaneret,
1319 3152 1808 3208 intellectualibus
1827 3153 2104 3226 spiritua-

2135 1860 2188 1925 Β

2221 557 2357 627 κὼς,
2401 558 2476 619 εἷς
2525 558 2683 635 φύσιν
2733 556 2916 632 ὥσπερ
2966 556 3054 612 ἐπὶ
3103 557 3270 612 ταῦτά
3321 577 3402 611 σοι
3458 557 3866 630 μεταπεσούσης

2222 652 2322 715 τῆς
2350 643 2534 717 ἕξεως,
2558 643 2774 724 ἔχαιρες
2805 646 3022 710 τούτοις
3049 644 3266 720 μᾶλλον
3296 647 3436 716 ἤπερ
3467 645 3634 702 ἄλλοι
3668 645 3869 724 ῥᾳστώ-

2221 757 2286 810 νῃ
2319 738 2408 790 καὶ
2458 741 2635 817 τρυφῇ
2684 737 2774 794 καὶ
2815 743 2932 800 τοῖς
2977 737 3245 798 τοιούτοις
3293 731 3770 810 κατατριϐόμενοι.
3802 734 3868 792 Εἴ

2224 822 2280 880 δὲ
2311 823 2392 881 δεῖ
2420 827 2510 881 καὶ
2558 832 2727 882 ταῦτα
2774 826 2976 904 λέγειν,
3006 824 3146 882 εἶδον
3179 823 3284 901 ἒγώ
3334 845 3391 880 σε
3430 824 3703 886 πολλάκις
3737 822 3869 897 μηδ’

2221 913 2302 993 ἐφ’
2347 916 2582 986 ἑκάστης
2637 917 2848 992 ἡμέρας
2894 917 3102 992 τροφὴν
3153 917 3532 991 προσιέμενον,
3577 912 3723 969 ἀλλά
3777 915 3870 969 καὶ

2223 1002 2423 1059 σύνδυο
2472 1007 2560 1060 καὶ
2612 1007 2850 1080 σύντρεις
2907 1013 3147 1082 προῆγες
3179 1027 3192 1040 ’
3252 1003 3326 1066 ὥς
3382 1025 3515 1058 ποτε
3573 1005 3668 1075 μὲν
3720 1001 3870 1078 ἄρτῳ

2222 1095 2376 1166 μόνῳ
2421 1093 2688 1169 λαχάνοις
2735 1097 2784 1150 τ’
2833 1096 3084 1170 ἀπύροις,
3135 1096 3303 1150 ἐνίοτε
3361 1091 3420 1148 δὲ
3476 1097 3565 1148 καὶ
3621 1093 3870 1165 ὀπώραις

2221 1178 2288 1252 δή
2339 1205 2449 1238 τισι
2500 1180 2798 1239 διαιτᾶσθαι
2836 1203 2849 1216 ·
2895 1183 2986 1240 καὶ
3043 1183 3208 1238 ποτόν
3255 1203 3340 1237 σοι
3387 1182 3551 1256 μόνον
3598 1178 3746 1255 ὕδωρ
3777 1180 3867 1236 ἐπὶ

2219 1270 2476 1328 πλεῖστον
2532 1273 2732 1348 χρόνον
2807 1273 3090 1348 γινόμενον
3125 1293 3136 1306 ·
3193 1273 3281 1328 καὶ
3353 1271 3562 1326 τούτων
3627 1271 3732 1325 οὐκ
3786 1269 3866 1332 εἰς

2218 1360 2380 1435 κόρον
2467 1360 2582 1417 οὐδ’
2657 1362 2938 1437 αὐτάρκως
3016 1362 3323 1440 μετέχοντι,
3391 1358 3537 1416 ἀλλά
3609 1358 3866 1434 βραχέως

2219 1451 2448 1524 πάμπαν
2502 1451 2897 1528 ἀπογευομένω
2929 1471 2944 1484 ·
2995 1452 3112 1506 εἶτα
3160 1449 3394 1522 μεθιέντι
3452 1447 3624 1526 τάχος
3682 1447 3811 1502 ὅσον
3846 1466 3860 1480 ο

2213 1539 2284 1594 ἵν’
2314 1541 2350 1616 ᾖ
2382 1561 2468 1596 σοι
2516 1542 2610 1614 μὲν
2641 1542 2731 1596 καὶ
2771 1543 2798 1597 ὁ
2845 1545 2974 1603 νοῦς
3005 1537 3366 1601 διειδέστατος
3415 1538 3506 1594 καὶ
3556 1536 3860 1607 ἀθόλωτος,

2221 1630 2401 1705 βρύων
2437 1632 2597 1704 νοερά
2627 1631 2718 1686 καὶ
2767 1632 2882 1686 θεῖα
2931 1632 3181 1704 νοήματα
3215 1648 3228 1663 ⁸
3281 1628 3475 1703 ῥᾷστον
3519 1625 3564 1682 δ’
3595 1625 3718 1701 ἔχοι
3768 1627 3860 1680 καὶ

2214 1721 2276 1776 τὸ
2335 1719 2664 1796 ἐγρηγορός.
2712 1723 2870 1776 "Doms
2931 1719 2996 1790 δὴ
3056 1722 3326 1795 θεοφιλῶς
3380 1715 3735 1791 διαχειρίζειν
3794 1716 3860 1770 τὰ

2218 1811 2536 1886 πράγματα,
2586 1810 2805 1884 ύρθριός
2853 1830 2912 1864 τε
2968 1809 3058 1864 καὶ
3111 1805 3508 1882 μεσημϐρινὸς,
3556 1805 3646 1860 καὶ
3705 1802 3858 1860 οὐδέν

2216 1919 2269 1952 τι
2306 1902 2469 1968 ἧττον
2513 1897 2899 1960 ἐπινυκτίδιος.
2933 1899 3054 1954 Ἐπὶ
3102 1897 3294 1972 πόῤῥω
3320 1894 3420 1970 γάρ
3469 1895 3681 1962 νυκτὸς,
3715 1893 3856 1966 μᾶλ-

2213 1985 2308 2043 λον
2343 1986 2400 2042 δὲ
2428 1989 2491 2043 τό
2521 2009 2585 2062 γε
2633 1986 2890 2044 πλεῖστον
2928 1987 3048 2062 ἄρτι
3096 1984 3492 2060 διαυγαζούσης
3538 1985 3749 2056 ἡμέρας
3781 1981 3856 2044 εἰς

2209 2077 2400 2147 κοίτην
2449 2078 2570 2148 ἰὼν,
2620 2079 2810 2132 θάττον
2863 2074 3014 2138 αὖθις
3053 2077 3331 2144 ἀνίστασο,
3363 2071 3546 2148 ὥσπερ
3595 2071 3853 2148 χαλεπῶς

2209 2171 2326 2228 τοῖς
2360 2166 2672 2240 στρώμασιν
2723 2159 2894 2242 ἔχων,
2924 2164 3020 2220 κᾶν
3071 2163 3196 2220 οὐδὲ
3224 2165 3348 2221 τότε
3394 2184 3480 2219 σοι
3525 2165 3622 2217 τοῦ
3672 2166 3854 2217 πονεῖν

2212 2253 2409 2326 ἄνεσις,
2459 2255 2548 2324 ἦν,
2600 2255 2785 2318 ὕπνοις
2834 2253 2952 2324 δῆτ’
3006 2253 3057 2309 ὲν
3104 2254 3288 2316 αὐτοῖς
3335 2251 3425 2308 καὶ
3475 2250 3708 2322 ὀνείρασι
3764 2250 3860 2306 κάο

2216 2365 2429 2418 μνοντι,
2469 2345 2559 2400 καί
2601 2347 2700 2414 τήν
2751 2345 2838 2400 ἐπὶ
2893 2347 3028 2419 μέγα
3076 2343 3236 2415 δόξης
3286 2341 3505 2416 αὔξησιν
3547 2343 3710 2416 ἡμῶν
3757 2342 3856 2396 καὶ

2213 2433 2452 2490 ἐπίδοσιν
2508 2434 2809 2508 ἀκαμάτοις
2868 2433 3064 2510 ῥοπαῖς
3122 2433 3212 2490 καὶ
3257 2432 3572 2511 φαντασίαις
3620 2435 3718 2488 τοῦ
3757 2435 3858 2487 νοῦ

2213 2523 2675 2598 ὀνειροπολοῦντι,
2697 2525 2786 2581 καὶ
2817 2525 2892 2587 ὡς
2919 2526 3006 2580 καὶ
3034 2527 3214 2598 θαῦμα
3241 2527 3498 2600 παρέχειν
3531 2523 3608 2596 μή
3640 2519 3746 2596 ἄρα
3772 2542 3862 2584 τις

2213 2615 2596 2690 αύτουργοῦντι
2633 2635 2646 2648 ·
2697 2616 2774 2678 ὠς
2821 2617 2913 2670 καὶ
2955 2619 3135 2689 θαῦμα
3181 2615 3444 2692 παρέχειν
3497 2613 3574 2684 μή
3620 2610 3726 2686 ἄρα
3769 2632 3860 2674 τις

2213 2703 2327 2775 ε’ίης
2353 2707 2598 2778 θειοτέρα
2638 2706 2793 2782 φύσις
2843 2705 3044 2768 ἄϋπνος
3079 2705 3166 2759 καὶ
3218 2704 3515 2775 ἀκάματος.
3552 2699 3703 2757 Πολὺ
3751 2703 3856 2776 γάρ

2212 2791 2456 2870 ἀπέχων,
2505 2796 2592 2850 καὶ
2645 2797 2720 2858 ὡς
2769 2792 2828 2848 ἂν
2875 2816 2957 2856 τις
3015 2791 3181 2862 εἵποι,
3229 2793 3368 2848 κατά
3419 2789 3709 2864 διάμετρον
3761 2789 3854 2844 καὶ

2212 2891 2421 2963 τρυφῆς
2479 2884 2568 2938 καὶ
2629 2885 2908 2960 ῥᾳστώνης
2967 2882 3286 2953 διεστηκὼς,
3335 2882 3400 2937 τὸ
3460 2881 3585 2955 περὶ
3642 2876 3851 2934 δίαιταν

2215 2971 2471 3046 ἐγκρατὲς
2519 2973 2610 3027 καὶ
2655 2970 3054 3044 κεκολασμένον
3109 2969 3328 3043 μᾶλλον
3374 2967 3694 3040 ἐθαύμαζες.
3744 2968 3848 3022 ’Βνο

2215 3064 2396 3117 τεύθεν
2448 3062 2531 3116 σοὶ
2579 3062 2669 3117 καὶ
2720 3060 2894 3132 εὐεξία
2941 3061 3028 3116 καὶ
3064 3059 3241 3137 ὑγίεια
3287 3058 3434 3132 μάλα
3472 3064 3702 3134 προσῆν.
3745 3056 3840 3110 Καὶ

2217 3149 2388 3224 λῆρος
2437 3151 2686 3226 ἄντικρυς
2731 3151 2868 3218 ἦσαν
2915 3152 2966 3204 οἱ
3023 3149 3148 3224 περὶ
3193 3152 3362 3204 ταῦτα
3405 3145 3844 3220 διαπονούμενοι,

450 3233 723 3308 libusque
747 3247 798 3293 et
819 3239 1030 3294 divinis
1055 3241 1391 3298 redundans
1408 3241 1876 3314 cogitationibus,
1894 3243 2098 3298 simul-

2208 3239 2615 3311 ’Δσκληπιάδαι
2668 3241 2831 3306 τινες,
2889 3241 3263 3313 Ἱπποκράτεις
3329 3236 3626 3314 αύχοῦντες
3679 3254 3846 3310 προσ-

461 3341 575 3396 que
629 3331 693 3382 ut
748 3327 975 3385 facilius
1029 3329 1328 3402 vigilantia
1399 3337 1714 3399 constaret,
1773 3333 2103 3404 rectiusque

458 3416 692 3488 negotia
732 3416 1030 3490 pleraque,
1064 3437 1133 3475 ex
1181 3421 1513 3491 praescripto
1561 3421 1777 3490 divino,
1812 3422 2100 3478 matutino

451 3504 632 3561 simul
680 3514 733 3562 et
781 3508 1124 3576 meridiano,
1174 3526 1278 3566 nec
1337 3510 1534 3566 minus
1582 3515 1866 3567 nocturno
1921 3511 2098 3568 etiam

451 3597 713 3668 tempore
744 3614 1069 3670 perageres.
1103 3600 1168 3656 In
1199 3601 1448 3656 multam
1472 3617 1724 3670 namque
1761 3605 2010 3670 noctem,
2033 3617 2100 3656 ac

451 3685 670 3754 potius,
734 3692 795 3742 ut
861 3689 1202 3759 plurimum,
1259 3689 1331 3744 ad
1406 3689 1838 3746 illucescentem
1917 3707 2098 3762 usque

449 3772 605 3829 diem
646 3775 913 3847 vigilans,
945 3782 1001 3833 et
1031 3779 1267 3835 demum
1312 3779 1576 3836 cubitum
1623 3781 1860 3846 vadens,
1894 3781 2097 3837 statim

447 3881 650 3921 rursus
680 3869 900 3924 excitus
929 3869 1256 3936 surrexisti,
1287 3867 1446 3925 haud
1492 3869 1656 3924 aliter
1704 3886 1875 3937 quam
1912 3871 1960 3924 si
1992 3868 2092 3923 tibi

451 3965 737 4013 nocturna
765 3959 1112 4016 vestimenta
1143 3961 1334 4032 gravia
1371 3970 1543 4033 atque
1593 3964 1836 4017 molesta
1879 3966 2091 4018 essent.

449 4047 558 4101 Sed
589 4049 746 4103 enim
783 4065 853 4105 ne
884 4057 1005 4105 tum
1038 4051 1270 4120 quidem
1303 4067 1335 4106 a
1367 4051 1667 4107 laboribus
1695 4051 1802 4106 tibi
1827 4050 2093 4107 remissio

445 4135 577 4205 fuit,
606 4151 706 4207 per
736 4154 1005 4194 somnum
1051 4139 1330 4196 nimirum
1379 4144 1436 4196 et
1480 4139 1778 4196 insomnia
1825 4145 1877 4194 te
1924 4155 2094 4195 exer-

443 4225 618 4292 centi,
670 4232 728 4283 et
783 4229 1040 4284 nominis
1114 4229 1425 4302 gloriaeque
1499 4233 1713 4284 nostra:
1778 4233 2092 4301 augmenta

442 4319 616 4385 atque
647 4316 1006 4373 incrementa
1036 4318 1498 4390 infatigabilibus
1530 4319 1844 4376 momentis
1874 4325 1930 4376 et
1955 4320 2091 4376 ima-

439 4405 842 4474 ginationibus
873 4407 1078 4478 animi,
1099 4409 1532 4481 visionibusque
1563 4409 1868 4467 nocturnis
1900 4411 2089 4466 medi-

442 4494 611 4560 tanti,
641 4499 698 4550 et
727 4497 917 4567 quoad
960 4499 1086 4568 ejus
1138 4498 1262 4554 ﬁeri
1313 4501 1518 4570 potuit,
1551 4499 1868 4572 complenti
1915 4508 2086 4572 atque

2209 3331 2398 3394 τάτας·
2431 3331 2532 3384 οὐκ
2561 3327 2827 3403 ἐλάχιστα
2857 3326 2906 3382 δ’
2936 3326 3396 3401 ἐκμελετήσαντες
3425 3324 3515 3380 καὶ
3549 3323 3846 3394 Γαλήνειαο

2211 3420 2265 3475 οἳ
2320 3418 2478 3490 δῆθεν
2547 3427 2646 3488 τῆς
2707 3418 2889 3496 ὑγείας
2957 3438 3042 3474 σοι
3117 3417 3424 3492 προμηθεῖς
3493 3417 3850 3484 καθεστῶτες,

2208 3510 2440 3584 ἐξάντεις
2470 3515 2578 3566 τῶν
2612 3510 2882 3587 σφετέρων
2937 3505 3149 3580 μᾶλλον
3181 3507 3316 3576 ἦσαν
3362 3507 3533 3560 νόσων
3562 3525 3647 3560 σοι
3675 3524 3849 3578 προσ-

2214 3601 2400 3672 ιόντες,
2427 3603 2518 3656 ἅτε
2548 3598 2669 3670 δῆτ’
2718 3599 2793 3662 είς
2839 3599 3001 3674 ἄκρον
3033 3593 3328 3673 τάκριϐοὖς
3379 3594 3684 3675 ἐφικομένῳ
3717 3611 3732 3624 ·
3775 3594 3853 3656 ὡς

2211 3693 2286 3766 μή
2317 3692 2403 3746 τοί
2433 3711 2493 3766 γε
2522 3694 2678 3768 σφᾶς,
2712 3689 2856 3744 ἀλλά
2901 3686 3031 3760 μηδ’
3070 3685 3265 3752 αὖτοὺς
3302 3686 3541 3748 ἐκείνους
3578 3683 3707 3746 τοὺς
3745 3688 3850 3752 τῆς

2205 3780 2401 3856 τέχνης
2461 3781 2740 3856 ἡγεμόνας
2817 3775 3024 3846 αὒτοῖς,
3083 3774 3232 3852 ε’ίπερ
3305 3777 3466 3846 ἦσαν,
3536 3772 3854 3829 ἀντιτείνειν

2205 3869 2353 3931 ὅλως
2385 3866 2532 3948 ἔχειν
2565 3869 2701 3944 πρὸς
2733 3867 2796 3924 τὸ
2828 3867 2913 3922 σοὶ
2965 3866 3361 3943 παριστάμενόν
3401 3886 3460 3921 τε
3499 3863 3588 3919 καὶ
3621 3860 3851 3918 διαιτώ-

2207 3980 2383 4034 μενον.
2443 3963 2536 4030 Τῷ
2598 3959 2692 4030 μὲν
2743 3955 2834 4012 οὖν
2893 3961 3165 4032 Χαιρωνεῖ
3219 3954 3567 4032 Πλουτάρχῳ
3619 3952 3686 4007 τὰ
3741 3957 3850 4021 τῆς

2200 4050 2426 4122 Ῥώμης
2476 4047 2762 4124 έξαίροντι,
2817 4047 3003 4108 καλῶς
3078 4044 3312 4114 ἒπῆλθεν
3389 4045 3580 4112 εἰπεῖν,
3645 4042 3850 4117 ἀρετὴν

2201 4139 2289 4192 καὶ
2343 4139 2522 4213 τύχην
2577 4139 2716 4212 πρός
2788 4133 3042 4207 ἀλλήλας
3112 4131 3345 4190 ἔκπαλαι
3423 4131 3844 4206 διαφερομένας,

2201 4227 2410 4290 δεινούς
2459 4230 2507 4282 τ’
2561 4227 2771 4302 ἀγῶνας
2831 4224 3064 4300 ἐχούσας
3113 4223 3200 4280 καί
3258 4221 3614 4298 διαταραχὰς,
3672 4217 3846 4293 μόλις

2197 4319 2331 4374 ποτε
2374 4315 2464 4373 διὰ
2510 4317 2714 4388 ταύτην
2759 4317 2928 4388 μόνην
2981 4316 3296 4372 σπείσασθαι
3342 4313 3432 4368 καὶ
3485 4312 3564 4374 είς
3605 4309 3661 4366 ’ὲν
3712 4331 3840 4366 συν-

2197 4407 2420 4483 δραμεῖν
2451 4427 2465 4442 ο
2500 4408 2589 4463 καί
2638 4408 2690 4482 γ’
2730 4406 2786 4470 ἐς
2828 4406 2992 4461 ταυτὸ
3045 4403 3425 4472 συνελθούσας,
3450 4400 3842 4457 ἐπιτελειῶσαι

2195 4498 2284 4553 καὶ
2362 4493 2858 4571 συναπεργάσασθαι
2933 4499 3042 4550 τῶν
3115 4491 3468 4566 ἀνθρωπίνων
3541 4485 3714 4564 ἔργων
3768 4489 3839 4544 τὸ

438 4583 790 4655 perﬁcienti:
816 4587 1038 4658 adeoiut
1068 4589 1468 4644 admirationis
1491 4606 1725 4645 causam
1750 4589 2084 4647 hominibus

2208 4586 2510 4644 ιάλλιστον.
2561 4587 2701 4660 Ἐγὼ
2746 4584 2792 4640 δ’
2843 4585 3090 4640 ὑπονοεῖν
3137 4583 3314 4658 ὀρθῶς
3362 4579 3575 4652 οἴομαι,
3617 4579 3693 4640 ὡς
3739 4577 3837 4632 καὶ

437 4675 743 4744 ριιωδειιθε,
778 4675 1119 4734 diviniorem
1146 4678 1466 4750 quamdam
1499 4683 1769 4736 naturam
1796 4688 1868 4748 te,
1892 4681 2086 4736 somni

438 4765 612 4835 atque
644 4765 1002 4837 fatigationis
1031 4773 1325 4838 expertem
1356 4785 1504 4839 esse,
1529 4769 1984 4841 suspicantibus.
2019 4772 2088 4827 Et

437 4867 570 4908 cum
603 4869 782 4924 quam
814 4854 1175 4928 longissime,
1215 4863 1290 4928 et,
1329 4863 1394 4914 ut
1432 4859 1646 4930 aliquis
1697 4859 1874 4927 dicat,
1914 4860 2087 4929 juxta

435 4941 809 5014 diametrum,
862 4961 896 5000 a
947 4946 1340 5020 voluptatibus
1388 4954 1446 5006 et
1496 4949 1726 5022 ignavia
1799 4949 2078 5016 abfuisti;

437 5042 562 5095 tum
616 5039 966 5107 quotidiana
1016 5039 1145 5094 vita
1187 5038 1560 5111 disciplinam
1611 5043 1669 5094 et
1715 5039 2080 5095 severitatem

443 5129 697 5186 maxime
726 5146 788 5185 es
827 5133 1216 5186 consectatus.
1267 5128 1428 5186 Unde
1473 5129 1581 5185 tibi
1629 5130 1781 5185 bona
1826 5129 2081 5198 corporis

441 5217 554 5274 hab
605 5221 745 5275 tudo
785 5223 843 5276 et
870 5219 1140 5275 valetudo
1203 5219 1460 5275 secunda
1517 5220 1768 5274 maxime
1826 5218 1952 5274 fuit.
2012 5218 2082 5274 Et

441 5308 542 5379 qui
573 5307 683 5365 hac
717 5311 776 5365 in
805 5326 863 5366 re
895 5310 1214 5377 elaborant,
1239 5313 1555 5381 nugatores
1587 5307 1731 5366 meri
1777 5308 1888 5364 visi
1919 5312 2079 5378 sunt,

436 5401 793 5474 Asclepiade
825 5403 1065 5474 quidam
1097 5403 1170 5458 de
1203 5403 1551 5475 Hippocrate
1580 5405 1932 5474 praeceptore
1961 5400 2082 5473 glo-

432 5490 673 5560 risntes,
705 5507 812 5548 nec
839 5491 1028 5548 minus
1057 5492 1154 5562 qui
1187 5491 1390 5548 Galeni
1439 5490 1871 5548 lucubrationes
1919 5488 2082 5546 evol-

435 5583 600 5636 vunt.
616 5579 721 5644 Qui
743 5596 882 5636 sane
903 5597 1034 5638 cum
1055 5579 1404 5638 valetudinis
1417 5586 1529 5637 tum
1546 5585 1847 5638 curatores
1861 5581 2077 5646 essent,

435 5684 468 5725 a
499 5668 624 5727 suis
653 5669 768 5744 ipsi
806 5671 1026 5728 morbis
1067 5677 1120 5726 et
1168 5669 1606 5743 mgritudinibue
1657 5670 1869 5742 magis,
1903 5668 1976 5726 ad
2024 5673 2080 5726 te

2195 4677 2282 4733 ἐπὶ
2317 4677 2406 4733 σοὶ
2457 4674 2522 4747 δὴ
2579 4677 2752 4749 μόνῳ,
2785 4674 3055 4750 κράτιστε,
3087 4666 3365 4728 θεοσέϐειά
3404 4691 3463 4726 τε
3504 4668 3594 4724 καὶ
3641 4664 3841 4722 εὐδαι-

2199 4766 2360 4842 μονία
2409 4765 2744 4836 συνηλθέτην
2797 4763 3076 4835 ἀλλήλαις
3123 4761 3350 4840 ἐφάπαξ,
3394 4759 3475 4816 ἀεί
3523 4780 3575 4815 τι
3631 4755 3838 4830 διαμα-

2195 4861 2452 4933 χόμεναι,
2499 4864 2598 4927 τῆς
2645 4853 2948 4918 θεοσεϐείας
2995 4853 3190 4908 ὡσανεὶ
3252 4845 3584 4927 βιασαμένης
3629 4846 3692 4902 τὸ
3749 4842 3838 4900 εὗ-

2194 4945 2410 5021 δαιμον,
2440 4947 2530 5002 καὶ
2579 4945 2988 5022 περιτρέπεσθαι
3017 4943 3353 4999 παντάπασιν
3393 4937 3494 4994 οὒκ
3521 4933 3776 5022 ἐνδούσης
3811 4951 3832 4972 ο

2196 5019 2409 5112 μᾶλλον
2457 5035 2512 5092 δὲ
2560 5019 2694 5091 Θεοῦ
2743 5019 2896 5107 οἶμαί
2937 5055 3042 5089 που
3089 5032 3310 5092 ταύταις
3358 5029 3592 5104 ἀνάγκην
3639 5019 3833 5080 ἐπιϐα-

2190 5125 2406 5197 λόντος,
2465 5123 2812 5198 συζεύξαντός
2873 5145 2930 5178 τε
2997 5122 3110 5196 ἅμα
3161 5120 3358 5182 ταύτας
3414 5117 3504 5173 καὶ
3563 5116 3832 5192 συγκερά-

2190 5238 2402 5287 σαντος,
2450 5217 2526 5279 ὡς
2577 5215 2636 5270 ἂν
2693 5215 3022 5289 ἑκατέρωθεν
3076 5212 3139 5268 τὸ
3188 5209 3384 5266 οἰκεῖον
3439 5200 3643 5271 λαϐὼν,
3691 5209 3829 5260 πᾶσι

2190 5304 2306 5376 δῆτ’
2363 5307 2674 5381 ἀνθρώποις
2727 5306 2880 5378 ξένην
2955 5300 3249 5376 ἐργάσηται
3325 5293 3532 5368 ὄνησιν,
3583 5293 3671 5350 καὶ
3749 5294 3831 5357 ὡς

2191 5395 2413 5467 ἀληθῶς
2445 5397 2758 5470 θαυμαστήν
2783 5413 2797 5427 °
2832 5389 3038 5466 πεῖσμά
3061 5413 3111 5448 τι
3145 5389 3396 5464 μόνιμον,
3427 5387 3516 5441 καὶ
3547 5390 3826 5460 στοιχεῖον

2186 5483 2366 5553 ἕκτον,
2401 5482 2474 5539 τἶν’
2525 5485 2698 5547 οὕτως
2745 5482 2979 5558 ε’ίποιμι,
3009 5481 3098 5538 καὶ
3145 5477 3340 5549 ἀΐδιον,
3397 5473 3686 5553 ναυαγοῦσι
3735 5475 3828 5529 καὶ

2190 5575 2622 5655 ὑποφερομένοις
2669 5579 2786 5638 τοῖς
2835 5573 2999 5637 θείοις
3044 5571 3325 5648 πράγμασι
3377 5565 3468 5623 καὶ
3519 5563 3828 5655 διολισθαίέ

2185 5653 2337 5723 νουσι
2367 5669 2464 5726 τοῦ
2503 5664 2766 5722 τοσούτου
2816 5663 2987 5720 σάλου
3015 5659 3104 5718 καὶ
3152 5657 3384 5731 πλάνης,
3440 5653 3682 5733 μεγάλην
3734 5654 3822 5710 καὶ
