4096 6284
217 380 330 444 573

1699 382 2145 446 DEDICATIO.

3507 377 3626 436 ὅτι

211 506 536 564 τελευταίαν
593 510 828 587 ἄγκυραν
888 510 1032 584 ἱερὰν
1087 514 1166 581 τῷ
1223 503 1334 564 όντι
1383 508 1476 563 κάν
1518 513 1632 570 τοῖς
1691 509 1859 582 ἱεροῖς

1976 510 2336 577 accedentes,
2369 507 2535 564 liberi
2567 511 2741 578 atque
2772 505 2983 580 integri
3013 505 3334 561 discessere
3363 521 3376 559 :
3412 504 3626 574 quippe

210 597 296 650 καὶ
331 596 532 662 ἄλλως
560 599 776 680 ἔχουσι,
807 600 864 655 σὲ
893 600 1191 675 παρασχών
1215 617 1226 628 ·
1257 596 1330 651 ’ίν⁷
1361 596 1411 650 ἐν
1446 595 1530 651 σοί
1561 617 1680 650 τινα
1707 594 1866 667 ἵδρυ-

214 707 288 741 σιν
323 688 422 742 καὶ
468 696 582 751 τοῖς
607 688 808 752 ἄλλοις
847 691 970 762 περὶ
1021 690 1076 744 σὲ
1128 689 1366 759 μάλιστα
1415 685 1562 756 δοίη.
1598 688 1698 742 Καὶ
1747 683 1867 752 δῆτ’

211 773 338 850 ἔσχε
402 779 666 851 μεγίστην
723 775 882 853 ἕδραν
937 799 995 834 τε
1051 778 1142 833 καὶ
1201 775 1518 854 ἀσφάλειαν,
1549 776 1626 836 εἷς
1659 775 1866 848 κόσμον

211 864 443 937 εἰρήνης
490 865 605 935 ἕνα,
637 868 729 922 καὶ
776 865 978 922 κύκλον
1035 865 1371 940 ὀρθοδοξίας,
1430 863 1607 920 εἷ’τουν
1663 867 1867 939 ἡγεμο-

209 956 322 1015 νίας
387 950 686 1011 ἅπταιστόν
748 977 806 1012 σε
861 957 1228 1032 περιαγόμενα
1292 955 1380 1010 καὶ
1446 955 1863 1032 περιφερόμενα.

213 1043 306 1096 Καί
357 1046 418 1116 γ’
463 1041 764 1106 ἐπούδασας
823 1043 1088 1113 ἐντεῦθεν,
1147 1044 1247 1098 οὐκ
1303 1042 1354 1097 ἐν
1415 1045 1627 1114 σώματι
1690 1043 1863 1112 μόνῳ,

209 1129 354 1186 ἀλλά
381 1153 454 1206 γε
486 1130 553 1201 δὴ
583 1134 674 1188 καὶ
708 1131 758 1188 ἒν
785 1138 853 1199 τῇ
895 1136 1053 1208 ψυχῇ
1088 1129 1472 1205 περιϐαλέσθαι
1521 1132 1621 1200 τήν
1673 1128 1866 1203 ἁλουρ-

209 1217 352 1294 γίδα.
389 1221 478 1276 Σὺ
539 1224 645 1296 γάρ
702 1243 787 1277 τοι
845 1222 936 1277 καὶ
997 1222 1159 1295 μόνος
1197 1226 1306 1276 τῶν
1350 1220 1542 1294 πρώην
1593 1217 1862 1294 βασιλέων

212 1306 410 1381 σχεδὸν
469 1311 721 1365 ἁπάντων
763 1312 955 1366 ἑαυτοῦ
1007 1305 1398 1386 βεϐασίλευκας
1424 1329 1436 1342 ·
1469 1308 1558 1363 καὶ
1599 1306 1863 1380 αὐτοκρά-

207 1417 316 1471 τωρ
366 1403 460 1470 τῷ
511 1395 628 1454 ὄντι
676 1401 992 1474 γενόμενος,
1023 1400 1122 1465 τήν
1179 1399 1276 1471 μὲν
1326 1402 1434 1452 τῶν
1476 1399 1658 1451 παθῶν
1689 1392 1867 1468 ὀχλο-

207 1487 468 1559 κρᾶτειαν
512 1495 615 1557 τῆς
674 1489 877 1549 οἰκείας
931 1487 1160 1544 ἂπεώσω
1217 1485 1587 1558 ξενηλατήσας
1640 1489 1860 1558 ψυχῆς·

206 1581 322 1638 τοῖς
373 1573 441 1631 δὲ
481 1583 684 1632 σαυτοῦ
719 1577 1015 1654 λογισμοῖς
1059 1576 1469 1651 ἀριστοκρατίαν
1518 1572 1864 1642 καταστησά-

209 1685 392 1738 μενος,
467 1671 574 1736 ζῶν
632 1665 825 1742 ἀρετῆς
883 1665 1106 1741 ἄγαλμα
1164 1666 1382 1721 σεαυτὸν
1437 1661 1726 1738 παρέσχες,
1788 1663 1864 1724 εἰς

204 1749 410 1828 ἀκριϐῆ
475 1757 715 1828 μίμησιν
765 1757 830 1811 τὸ
882 1757 1128 1826 ὑπήκοον
1185 1751 1540 1810 ἐκπαιόεόων.
1599 1753 1700 1808 Τὸν
1759 1752 1863 1829 γὰρ

1977 599 2074 670 qui
2125 600 2196 653 ad
2252 612 2543 653 summam
2604 596 3223 666 accuratissimamque
3271 592 3628 648 valetudinis

1978 690 2200 744 tuendae
2251 687 2532 742 rationem
2577 686 2927 756 perveneris.
2961 685 3029 740 Et
3059 699 3249 755 neque
3279 683 3486 738 medici
3519 681 3625 745 tui,

1977 793 2166 848 neque
2199 775 2280 830 illi
2312 776 2417 846 ipsi
2451 777 2547 848 qui
2579 777 2662 830 eis
2694 777 2834 830 artis
2862 792 2984 830 suae
3027 778 3315 846 praecepta
3345 777 3626 842 tanquam

1977 866 2243 938 magistri
2270 869 2327 920 et
2355 866 2593 922 ducesO
2620 867 3006 933 tradiderunt,
3033 879 3273 936 prorsus
3303 861 3623 934 quidquam

1980 953 2329 1021 habuerunt,
2363 955 2517 1025 quod
2569 954 2850 1008 adversus
2899 953 3294 1024 praescriptum
3349 949 3627 1020 degendae

1977 1044 2046 1098 ad
2079 1043 2481 1100 salubritatem
2516 1043 2639 1097 vitea
2671 1049 2833 1097 tuum
2866 1046 3244 1113 opponerent.
3276 1039 3624 1095 Plutarchus

1975 1133 2210 1202 quidem
2268 1133 2619 1189 Charoneus
2652 1131 2974 1187 Romanum
3006 1131 3318 1201 imperium
3355 1127 3625 1183 laudibus

1975 1219 2211 1288 vehens,
2264 1220 2506 1292 pulchre
2562 1221 2734 1286 dixit,
2782 1237 2878 1276 eas
2927 1237 3052 1291 quae
3102 1218 3344 1274 antehac
3398 1217 3622 1272 dudum

1973 1327 2077 1383 per
2114 1329 2318 1384 graves
2371 1318 2564 1369 motus
2610 1317 2667 1368 et
2713 1312 3036 1368 certamina
3083 1311 3234 1365 inter
3285 1326 3347 1365 se
3395 1309 3622 1363 dissen-

1974 1401 2212 1470 sissent,
2244 1403 2518 1458 virtutem
2571 1407 2628 1456 et
2667 1403 2980 1467 fortunam,
3013 1401 3107 1456 vix
3151 1399 3460 1472 aliquando
3491 1403 3625 1454 tan-

1973 1491 2130 1557 dem,
2167 1497 2406 1563 propter
2438 1493 2639 1548 urbem
2684 1491 3009 1546 Romanam
3041 1490 3242 1555 solam,
3276 1488 3463 1561 pactis
3490 1504 3626 1545 con-

1973 1580 2161 1636 ventis
2201 1597 2302 1654 per
2354 1582 2540 1637 fmdus
2589 1582 2802 1636 initum
2852 1581 2913 1635 in
2956 1581 3199 1650 gratiam
3249 1579 3508 1646 rediisse,
3561 1580 3625 1632 ut

1978 1670 2244 1725 omnium
2282 1670 2677 1726 humanarum
2721 1687 2915 1726 rerum
2959 1669 3123 1739 longe
3165 1667 3620 1740 pulcherrimum

1973 1775 2119 1830 opus
2151 1761 2509 1817 absolverint
2539 1768 2712 1831 atque
2743 1759 3105 1832 perfecerint.
3135 1759 3274 1814 Mihi
3307 1775 3440 1814 vero
3471 1762 3624 1814 recte

205 1841 446 1919 ἐγκρατῆ
511 1844 781 1921 λογισμὸν
839 1845 1120 1914 ἀντιτάξας
1172 1848 1240 1918 τῇ
1299 1844 1578 1918 ῥᾳστώνῃ,
1639 1842 1859 1902 εἰκότως

1974 1866 2205 1920 quoque
2255 1851 2588 1906 existimare
2637 1852 2694 1905 in
2743 1855 2999 1905 mentem
3053 1849 3232 1913 venit,
3264 1848 3324 1902 in
3364 1851 3420 1903 te
3450 1847 3622 1903 etiam

207 1935 265 1990 οὗ
302 1939 489 2008 μόνον
521 1935 825 2011 ἀνθρώπων
875 1935 1225 2011 αὐτοκρᾶτωρ
1257 1939 1482 2010 νομίζῃ,
1515 1933 1662 1990 ἀλλά
1700 1955 1762 2010 γε
1793 1932 1859 2002 δή

207 2025 291 2078 καὶ
345 2027 548 2081 παθῶν
595 2027 871 2095 ἁπάντων,
931 2026 1030 2082 ὅσα
1081 2031 1268 2101 ψυχῆς
1322 2046 1382 2080 τε
1436 2025 1524 2080 καὶ
1584 2025 1860 2096 σώματος.

210 2115 304 2168 Καὶ
352 2113 428 2184 δὴ
478 2119 614 2190 γοῦν
661 2113 794 2170 ῗόεἶν
843 2113 983 2170 ἔστιν
1012 2114 1066 2176 ἐς
1102 2109 1414 2189 ὑπερϐολήν
1441 2115 1502 2168 τὸ
1531 2120 1632 2181 τῆς
1666 2111 1863 2185 φιλαν-

207 2204 455 2278 θρωπίας
505 2225 592 2259 σοι
641 2206 848 2279 περιόν.
881 2207 1166 2271 Ἀντικρυς
1216 2205 1317 2279 γὰρ
1373 2203 1461 2258 καὶ
1511 2203 1574 2258 τὸ
1615 2203 1861 2274 πολεμι-

205 2293 297 2347 κόν
329 2315 434 2348 σου
466 2291 876 2370 φιλάνθρωπον,
907 2295 994 2348 καὶ
1046 2298 1108 2348 το
1156 2298 1328 2366 πρᾶον
1371 2288 1642 2364 ἀνδρῶδες
1666 2311 1678 2323 ·
1711 2293 1772 2346 τὸ
1806 2289 1862 2346 δὲ

205 2390 303 2448 τῖς
361 2383 674 2456 ;]ῖργεςῗτ;
733 2384 803 2445 (Τις
867 2384 1104 2456 μάλιστα
1161 2381 1643 2454 οἰκονομικόν-τὸ
1697 2378 1754 2435 δὲ
1797 2401 1859 2454 γε

207 2474 440 2542 θυμικὸν
492 2469 904 2528 εὐδιάλλακτον.
940 2473 1132 2548 Στείρα
1179 2473 1307 2548 γὰρ,
1339 2472 1415 2532 ὡς
1456 2470 1516 2525 ἄν
1563 2493 1650 2533 τις
1689 2469 1856 2536 εἷ’ποε,

209 2563 346 2634 πρὸς
395 2562 564 2637 ὀργὴν
615 2564 651 2632 ἡ
704 2565 772 2632 σὴ
822 2563 1051 2633 κατέστη
1104 2564 1298 2637 ψυχή·
1346 2567 1436 2616 καί
1486 2563 1622 2637 πρὸς
1801 2563 1858 2616 ἐκ

215 2653 394 2724 θομοῦ
459 2652 666 2732 φλόγα,
735 2652 932 2732 σχεδὸν
1003 2651 1386 2714 ἀσυνόόαστος.
1453 2652 1644 2726 καίπερ
1720 2653 1856 2724 πρὸς

223 2741 360 2794 ἅπαν
401 2746 501 2796 τῶν
550 2744 763 2818 ἀγαθῶν
809 2743 1040 2818 γόνιμος
1081 2743 1214 2796 οὖσα
1259 2744 1348 2796 καὶ
1379 2739 1663 2816 ἔγκαρπος.
1697 2743 1769 2796 Τὸ
1801 2739 1856 2796 δὲ

227 2836 327 2896 τῆς
373 2831 640 2904 εὐνομίας,
673 2831 798 2887 ὅσον
847 2833 944 2894 τὰς
990 2837 1099 2886 τῶν
1148 2830 1350 2886 ἀδίκων
1393 2831 1567 2904 ὁρμὰς
1597 2836 1717 2892 ταῖς
1744 2836 1851 2886 τῶν

235 2915 445 2973 δικαίων
523 2922 858 3000 ὑφηγήσεσιν
928 2920 1338 2990 ἀναστέλλοντι,
1403 2920 1493 2975 καὶ
1567 2924 1666 2985 τῆς
1747 2928 1852 2994 γῆς

228 3007 528 3085 ἅπανταχοῦ
572 3010 800 3086 τάγαθὸν
857 3010 1292 3086 κατασπείροντι,
1334 3008 1442 3085 οὐχ
1495 3012 1657 3080 ἧττον
1712 3007 1850 3081 ἤπερ

216 3097 243 3150 ό
285 3097 693 3171 θρυλλοόμενος
760 3098 966 3164 ἐκεῖνος
1011 3098 1412 3174 Τριπτόλεμος,
1466 3103 1534 3172 τῇ
1694 3120 1852 3154 καιτα-

210 3179 432 3240 ὅὰ).λων
475 3187 544 3242 τὰ
593 3189 895 3263 σπέρματα.
929 3188 1018 3250 Τίς
1063 3187 1153 3241 οὖν
1204 3185 1452 3242 ἀδικοῦσι
1489 3187 1702 3258 μᾶλλον
1755 3192 1852 3243 σοῦ

210 3273 627 3350 λυπηρότερος;
669 3277 704 3346 ἢ
758 3275 1044 3352 δυστυχῶς
1119 3275 1338 3352 ἔχουσιν
1399 3277 1748 3351 ἡμερώτερός
1794 3299 1853 3333 τε

204 3367 287 3419 καί
373 3364 809 3440 προσηνέστερος
849 3385 864 3434 ;
912 3367 948 3436 ἢ
1025 3364 1305 3438 δεομένοις
1390 3365 1705 3442 εὐγνώμων,
1763 3368 1852 3422 καὶ

203 3457 334 3526 πρὸς
388 3456 576 3510 οἶκτον
622 3454 1100 3531 ἐπιῤῥεπὲστεροςς
1135 3456 1272 3510 ὥστε
1321 3452 1388 3522 δή
1435 3455 1526 3510 καὶ
1579 3458 1654 3526 μή
1705 3477 1850 3519 τινος

202 3545 440 3618 ἀνάγκης
516 3543 772 3617 ἐμποδὼν
846 3547 1214 3616 καθεστώσης,
1269 3545 1360 3600 καὶ
1410 3547 1730 3622 προφθάνειν
1795 3567 1852 3602 σε

301 3635 474 3711 τάχει
500 3635 604 3701 τὴν
636 3631 841 3704 δέησιν.

1975 1954 2110 2008 uno,
2143 1940 2456 2010 imperator
2485 1940 2720 2010 optime,
2745 1954 2940 1994 veram
2975 1938 3248 2010 pietatem
3280 1936 3622 2006 cultumque

1968 2028 2092 2097 Dei,
2121 2035 2298 2099 atque
2329 2045 2468 2099 opes
2501 2029 2952 2100 felicitatemque
2995 2027 3338 2094 humanam,
3371 2042 3498 2098 quae
3529 2025 3619 2080 in-

1969 2123 2060 2172 ter
2102 2134 2164 2174 se
2204 2134 2432 2188 semper
2463 2119 2896 2189 depugnarunt,
2929 2117 3113 2173 semel
3145 2115 3218 2172 ad
3249 2115 3618 2172 concordiam

1969 2208 2236 2262 redactas
2287 2223 2461 2262 esse:
2512 2223 2578 2262 eo
2623 2207 2780 2277 quod
2832 2206 3014 2277 pietas
3063 2204 3395 2261 felicitatem
3439 2201 3616 2258 veluti

1965 2295 2020 2350 vi
2043 2297 2283 2367 quadam
2308 2299 2373 2351 ad
2399 2314 2460 2351 se
2485 2298 2842 2367 pertraxerit,
2857 2313 3103 2367 eamque
3123 2295 3359 2352 omnino
3381 2309 3614 2365 pessum

1965 2384 2048 2439 ire
2080 2402 2192 2440 non
2225 2385 2456 2441 siverit:
2481 2386 2598 2440 sive
2632 2386 2845 2455 potius,
2871 2391 2934 2440 ut
2961 2386 3231 2457 equidem
3266 2390 3426 2456 puto,
3459 2381 3613 2452 quod

1964 2475 2114 2530 Deus
2145 2477 2378 2530 tandem
2411 2475 2814 2531 necessitatem
2847 2477 2926 2530 eis
2973 2474 3311 2545 inposuerit,
3347 2482 3404 2528 ut
3433 2469 3612 2528 simul

1963 2565 2460 2634 conjungerentur
2471 2573 2648 2636 atque
2661 2569 2890 2620 contem
2901 2569 3240 2634 perarantur
3255 2580 3268 2618 :
3284 2560 3610 2618 etutilleab

1962 2658 2233 2722 utraque,
2256 2669 2323 2708 eo
2347 2654 2502 2724 quod
2525 2652 2829 2722 utriusque
2851 2657 3002 2707 esset
3025 2652 3324 2721 proprium
3357 2651 3607 2718 recepto,

1961 2741 2302 2797 hominibus
2350 2743 2620 2798 omnibus
2667 2758 2878 2797 novum
2925 2745 2981 2794 et
3028 2757 3155 2796 vere
3195 2738 3606 2794 admirandum

1960 2831 2260 2901 perficeret
2288 2831 2749 2886 emolumentum
2772 2835 2828 2884 et
2847 2829 3146 2898 auxilium,
3171 2830 3608 2884 firmamentum

1964 2918 2242 2974 nimirum
2295 2920 2592 2990 quoddam
2641 2919 2870 2987 stabile,
2916 2923 2973 2972 et
3015 2917 3390 2982 elementum,
3421 2918 3486 2968 ut
3528 2913 3612 2968 ita

1958 3006 2176 3076 dicam,
2209 3014 2438 3064 sextum
2489 3014 2547 3065 et
2587 3009 3037 3078 sempiternum,
3069 3006 3130 3062 in
3179 3006 3392 3062 divinis
3432 3004 3610 3058 rebus

1957 3099 2412 3166 labascentibus,
2450 3104 2506 3153 et
2534 3115 2636 3169 per
2666 3099 3032 3168 naufragium
3068 3094 3607 3167 pessumeuntibus,

1966 3196 2082 3244 tam
2131 3189 2431 3248 horrendae
2481 3189 2880 3246 ﬂuctuationis
2923 3193 2981 3245 et
3029 3187 3242 3244 erroris
3289 3187 3610 3257 ingentem,

1965 3297 2324 3352 supremam,
2373 3296 2620 3352 vereque
2668 3296 2892 3336 sacram
2949 3278 3256 3336 anchoram
3307 3285 3380 3344 te,
3427 3273 3612 3330 sacris

1963 3371 2141 3426 simul
2190 3376 2249 3430 et
2298 3373 2559 3444 profanis
2605 3372 2906 3436 exhibens,
2939 3375 3004 3425 ut
3041 3370 3099 3424 in
3133 3373 3190 3425 te
3222 3367 3351 3422 aliis
3381 3379 3612 3437 quoque

1963 3461 2059 3532 qui
2108 3466 2299 3519 tecum
2330 3468 2488 3530 sunt,
2519 3463 2768 3519 solidam
2819 3461 3196 3516 stabilitatem
3237 3460 3612 3529 repraesenta-

1958 3555 2064 3606 ret.
2096 3552 2164 3607 Et
2217 3554 2471 3623 profecto
2521 3569 2590 3608 ea
2627 3569 2751 3623 qum
2798 3552 2908 3608 huc
2947 3556 3122 3622 atque
3149 3549 3288 3603 illuc
3318 3547 3613 3603 circuma-

1959 3642 2248 3709 gebantur
2275 3645 2330 3695 et
2366 3641 2946 3706 circumferebantur,
2982 3637 3302 3693 maximam
3341 3641 3398 3690 te
3437 3633 3614 3688 tutis-

195 3726 536 3798 simamque
573 3727 817 3799 perfugii
856 3727 1078 3795 sedem,
1124 3727 1184 3782 in
1227 3727 1512 3782 mundum
1547 3726 1702 3798 pacis
1743 3742 1925 3783 unum
1965 3734 2022 3784 et
2061 3729 2326 3786 rectioris
2367 3731 2498 3786 fidei
2542 3729 2939 3801 professionis,
2980 3744 3079 3785 seu
3132 3742 3322 3783 rerum
3366 3721 3610 3780 admini-

195 3815 530 3882 strationis,
572 3816 816 3872 minime
860 3815 1314 3872 hallucinantem
1365 3820 1466 3871 aut
1515 3815 1808 3872 labantem
1859 3817 2053 3874 urbem
2105 3819 2381 3875 habuere.
2414 3820 2563 3886 Quin
2611 3819 2754 3876 illud
2804 3821 2982 3875 etiam
3033 3814 3339 3883 studuisti,
3381 3819 3446 3868 ut
3493 3827 3608 3867 non

195 3905 434 3978 corpori
486 3907 672 3974 modo,
706 3923 904 3963 verum
957 3907 1132 3963 etiam
1183 3907 1380 3962 animo
1429 3922 1746 3979 purpuram
1801 3908 2209 3965 circumdares.
2245 3910 2546 3983 Siquidem
2596 3915 2653 3965 tu
2710 3909 2974 3967 omnium
3010 3923 3182 3980 prope
3225 3907 3327 3978 qui
3358 3911 3416 3960 te
3454 3921 3606 3975 pras-

193 4000 529 4064 cesserunt,
577 3995 994 4069 imperatorum
1045 4013 1221 4064 unus,
1272 3997 1383 4066 ipsi
1436 3997 1538 4052 tibi
1597 3998 1902 4068 imperasti
1959 4015 1972 4055 :
2023 4003 2083 4056 et
2131 4015 2331 4056 revera
2397 4016 2646 4056 summa
2715 4000 3014 4072 potestatis
3081 3999 3422 4069 imperator,
3471 4009 3607 4049 cum

191 4085 442 4142 vitiosas
503 4086 991 4142 tumultuantium
1059 4091 1230 4158 atque
1291 4085 1606 4158 imperium
1673 4087 1785 4144 sibi
1852 4087 2275 4144 vindicantium
2341 4091 2652 4146 affectuum
2724 4088 3188 4162 perturbationes
3238 4103 3269 4142 θ
3324 4083 3610 4142 domicilia

191 4175 387 4232 animi
435 4175 520 4231 tui
567 4175 818 4246 ejeciscti
853 4193 866 4233 :
900 4180 1027 4232 tum
1078 4177 1288 4232 rationi
1336 4176 1578 4248 imperio
1628 4192 1694 4233 eo
1743 4177 1901 4248 quod
1933 4195 2106 4249 penes
2153 4197 2366 4250 paucos
2413 4181 2722 4252 Optimates
2754 4185 2844 4236 est
2870 4179 3102 4249 tradito,
3133 4177 3321 4234 vivam
3355 4176 3604 4246 teipsum

188 4265 435 4320 vir-tntis
483 4265 818 4334 imaginem,
864 4266 937 4321 ad
996 4275 1209 4322 certam
1270 4266 1420 4322 cives
1469 4271 1602 4322 tuos
1656 4267 2038 4324 imitationem
2102 4269 2437 4338 instituens,
2488 4271 2863 4342 proposuisti.
2912 4267 3052 4324 Nam
3112 4265 3292 4323 animi
3338 4265 3610 4321 modera-

190 4354 360 4408 tione
415 4354 470 4409 in
527 4356 652 4410 acie
708 4360 910 4412 contra
964 4355 1248 4425 ignaviam
1303 4355 1592 4428 opposita,
1639 4358 1741 4412 ιο
1800 4373 1914 4414 non
1975 4357 2163 4415 solum
2216 4360 2549 4429 hominum,
2614 4377 2815 4417 verum
2865 4359 3040 4415 etiam
3099 4355 3604 4430 perturbationum

191 4443 384 4500 animi
434 4442 610 4499 simul
651 4449 710 4500 et
756 4444 1014 4514 corporis
1061 4445 1321 4501 omnium
1369 4445 1683 4517 imperator
1733 4447 1939 4504 merito
1979 4449 2248 4505 censeris.
2303 4451 2686 4516 Quamobrem
2738 4450 3077 4520 conspicere
3127 4447 3278 4513 licet,
3327 4444 3606 4502 humani-

187 4538 374 4589 tatem
424 4537 587 4588 tuam
635 4535 707 4590 ad
761 4550 1060 4590 summum
1111 4534 1460 4605 pervenisse.
1493 4534 1636 4591 Nam
1687 4535 1839 4591 bella
1890 4553 2122 4609 quoque
2169 4545 2292 4609 quae
2322 4540 2494 4609 geris,
2531 4541 2891 4610 perhumana
2920 4541 3105 4594 sunt:
3139 4545 3194 4594 el.
3237 4533 3606 4607 placabilitas

186 4621 422 4677 virilem
475 4638 594 4694 prae
642 4639 706 4680 se
751 4623 864 4679 fert
908 4623 1328 4680 fortitudinem.
1361 4628 1537 4679 Porro
1589 4623 1920 4696 benignitas
1968 4634 2017 4680 el
2053 4627 2450 4683 muniﬁcentia
2480 4644 2656 4699 quam
2687 4628 2937 4683 maxime
2965 4627 3034 4682 ad
3066 4624 3370 4681 utilitatem
3413 4620 3602 4693 publi-

191 4726 324 4767 cam
371 4717 658 4782 spectant.
692 4714 780 4768 Ira
821 4718 1014 4770 autem
1062 4713 1380 4769 admodum
1425 4717 1514 4768 est
1557 4712 1878 4784 placabilis.
1910 4715 2154 4770 Animus
2201 4733 2452 4788 namque
2482 4722 2619 4772 tuus
2651 4717 2720 4772 ad
2754 4716 3136 4775 iracundiam,
3171 4718 3235 4769 ut
3264 4713 3346 4767 ita
3383 4711 3598 4770 dicam.

192 4800 439 4870 sterilis,
469 4806 528 4858 et
573 4803 645 4858 ad
694 4803 959 4860 ardorem
1008 4819 1140 4858 eum
1185 4803 1286 4876 qui
1336 4819 1404 4858 ex
1453 4803 1723 4876 ﬂagranti
1772 4804 2134 4860 vehementia
2182 4807 2461 4876 provenit,
2497 4806 2704 4862 caelebs
2756 4813 2814 4862 et
2860 4803 3180 4860 immobilis
3227 4807 3336 4861 est,
3387 4815 3600 4872 quam-

191 4892 286 4948 vis
353 4893 637 4949 bonorum
694 4893 888 4949 omnis
953 4894 1184 4966 generis
1249 4894 1404 4949 ferax
1469 4899 1526 4949 et
1591 4895 1893 4950 fecundus.
1955 4895 2206 4966 Legibus
2270 4913 2404 4952 vero
2474 4897 2746 4957 ferendis,
2809 4896 3183 4965 moribusque
3238 4889 3598 4964 corrigendis

195 4997 371 5052 quam
402 4990 558 5038 recta
589 4983 743 5054 apud
794 4988 850 5039 te
893 4982 1162 5040 instituta
1209 4988 1300 5039 est
1348 4983 1518 5050 ratio,
1548 4985 1648 5056 qui
1697 4983 2097 5056 improborum
2143 4985 2429 5056 impetum
2479 4985 2757 5057 legitimis
2793 4983 3042 5056 justitie
3092 4981 3390 5054 praceptis
3442 4978 3600 5036 cohi-

195 5072 302 5129 bes
352 5090 366 5128 :
417 5078 476 5129 et
531 5074 751 5145 ubique
809 5082 1088 5130 terrarum
1143 5074 1456 5130 honestum
1515 5075 1873 5145 bonumque,
1906 5073 2058 5130 haud
2121 5074 2290 5132 aliter
2332 5091 2508 5146 quam
2558 5077 2898 5133 decantatus
2956 5074 3055 5128 ille
3102 5071 3496 5143 Triptolemus
3537 5069 3598 5128 in

197 5166 406 5218 terram
457 5162 686 5220 semina
729 5165 998 5235 conjecit,
1028 5164 1221 5220 saris?
1249 5164 1389 5231 Quis
1438 5163 1619 5234 igitur
1661 5163 2002 5220 hominibus
2051 5163 2338 5235 improbis
2387 5171 2442 5220 te
2489 5170 2578 5220 est
2626 5163 3064 5230 formidabilior,
3105 5165 3204 5216 aut
3253 5158 3599 5216 arumnosis

194 5251 538 5324 placabilior
583 5258 758 5325 atque
801 5253 1192 5311 clementior?
1237 5255 1376 5319 Quis
1424 5253 1891 5325 supplicantibus
1937 5254 2264 5326 benignior,
2308 5261 2365 5312 et
2411 5256 2481 5312 ad
2543 5255 3002 5312 misericordiam
3054 5251 3447 5324 propensior?
3495 5249 3597 5322 qui

193 5341 390 5412 etiam,
423 5341 540 5400 nisi
571 5343 856 5416 quaepiam
887 5345 1076 5402 obstet
1104 5343 1440 5413 necessitas,
1473 5345 1830 5415 precantium
1859 5348 2060 5416 optata
2091 5343 2408 5415 prevenire
2441 5343 2650 5400 solitus
2679 5361 2760 5400 es.

262 5524 416 5582 Ἀλλ’
439 5526 506 5582 οὐ
565 5527 701 5600 πρὸς
749 5527 981 5582 θωπείαν
1022 5546 1118 5598 μοι
1160 5530 1326 5580 ταῦτα
1368 5526 1459 5580 καὶ
1506 5527 1640 5598 πρὸς
1672 5526 1835 5601 χάριν

2023 5530 2215 5599 Neque
2265 5545 2396 5586 vero
2446 5547 2480 5585 a
2527 5545 2620 5584 me
2650 5529 2764 5586 ista
2791 5530 2864 5585 ad
2895 5528 3160 5600 gratiam,
3192 5533 3292 5585 aut
3321 5544 3422 5600 per
3448 5526 3595 5584 adu-

195 5615 454 5691 εἰρημὲνα
510 5614 732 5680 πάντως
787 5617 919 5674 ἐστί.
965 5621 1090 5678 Πῶς
1149 5619 1274 5694 γὰρ,
1325 5618 1370 5690 ᾧ
1433 5616 1574 5690 μηδὲ
1617 5618 1834 5688 τάληθῆ

1972 5619 2224 5677 stionem
2274 5635 2508 5690 prorsus
2567 5618 2725 5675 dicta
2775 5622 2928 5674 sunt.
2978 5619 3274 5682 Quomodo
3321 5619 3479 5676 enim
3535 5617 3593 5672 id

197 5704 370 5782 λέγειν
419 5705 618 5777 εξεστι,
651 5705 1142 5785 καταγωνιζομένῳ
1185 5711 1302 5770 ταῖς
1357 5703 1684 5782 ὑπερϐολαῖς
1731 5711 1838 5764 τῶν

1968 5708 2184 5778 sciam,
2214 5723 2348 5766 eum
2379 5721 2568 5780 neque
2598 5723 2692 5764 res
2729 5707 2910 5780 ipsas,
2942 5713 3007 5764 ut
3055 5716 3209 5774 sunt,
3240 5723 3370 5764 vere
3418 5721 3593 5779 expo-
