4096 6284
513 392 630 449 5'15
1809 387 2234 461 NIGEPHORI
2277 385 2627 448 CALLISTI
3799 396 3910 458 5'16

516 540 653 580 nere
683 539 914 596 queam,
945 521 1244 578 excellenti
1279 521 1738 594 pulchritudinis
1778 537 1977 577 earum
2031 538 2155 592 price

2287 517 2507 586 καλῶν;
2541 517 2714 575 Ἀλλά
2761 518 2862 593 γὰρ
2913 521 3084 582 οὕτως
3129 516 3274 596 ἔχειν
3314 527 3479 578 ταῦτα
3509 525 3826 600 παρίστησι,
3852 527 3912 582 τά

516 615 732 670 stantia
787 613 972 668 victus
1002 611 1030 666 ?
1078 611 1284 668 Verum
1334 615 1454 668 haec
1508 611 1589 666 ita
1646 627 1709 667 se
1758 611 1988 677 habere,
2041 617 2155 666 tun:

2277 609 2322 660 τ’
2357 605 2415 662 ἐκ
2463 613 2596 663 Θεοῦ
2654 629 2739 663 σοι
2798 605 3171 686 δεδωρημένα,
3210 613 3276 666 τά
3306 615 3352 666 τ’
3385 612 3435 668 ἐν
3484 613 3634 687 πάσῃ
3673 617 3908 692 ξυνενεχ·

517 704 712 760 divina
735 720 860 774 quae
885 703 989 757 tibi
1013 702 1273 773 obtigere
1299 702 1470 768 dona,
1494 709 1620 756 tum
1644 701 1922 768 actiones,
1945 717 2092 770 quas
2109 700 2155 754 ir

2279 696 2435 751 θέντα
2492 717 2574 751 σοι
2629 701 2695 771 τῇ
2750 699 2920 771 ἀρχῇ.
2953 697 3073 773 Οὐχ
3127 701 3287 767 ἧττόν
3343 721 3406 776 γε
3457 703 3566 774 μὴν
3621 703 3710 758 καὶ
3759 707 3912 759 ταῦτα

520 791 828 864 imperium
863 797 1028 846 tuum
1059 789 1378 856 contulisti,
1403 806 1603 846 omnes
1633 789 2028 858 comprobant.
2055 787 2155 843 Nec

2281 792 2464 864 σαφῶς
2515 785 2888 858 παραδείξειε·
2939 789 3021 851 τίς
3067 791 3171 866 γὰρ
3235 796 3334 845 σοῦ
3375 791 3543 848 πλέον
3597 796 3712 864 μετ’
3761 794 3909 850 εὐλα-

521 882 718 936 minus
748 881 805 935 id
837 896 1068 951 quoque
1097 879 1200 935 illa
1229 881 1374 936 satis
1405 878 1723 934 declarant.
1759 877 1898 944 Quis
1931 880 2145 933 etenim

2280 871 2427 938 ϐείας
2467 876 2834 949 ἀνυποκρίτου
2877 879 2912 946 ἢ
2964 879 3092 934 Θεὸν
3143 877 3404 950 ἐδόξασεν,
3439 883 3473 952 ἢ
3525 883 3696 952 ζῆλον
3749 881 3912 956 ἒμπυο

514 987 694 1044 quam
743 977 828 1036 tu,
883 969 1162 1041 religione
1213 986 1352 1038 pura
1402 973 1458 1024 et
1501 968 1902 1024 simulationis
1945 968 2155 1034 nescia,

2281 987 2371 1038 ρον
2407 967 2536 1040 ὑπὲρ
2569 968 2733 1021 αὐτοῦ
2763 964 3055 1038 ἐνεδείξατο
3085 991 3100 1036 ;
3131 971 3222 1032 Τίς
3265 972 3365 1040 τήν
3413 970 3682 1048 ἀκραιφνῆ
3742 972 3909 1028 πίστιν

510 1061 599 1116 vel
660 1059 846 1116 Deum
909 1059 1096 1128 magis
1151 1058 1516 1131 gloriﬁcavit,
1575 1057 1662 1112 vel
1727 1057 2155 1128 flagrantiorem

2280 1054 2452 1116 οὕτως
2499 1055 2622 1126 ἑζη)
2639 1057 2880 1127 οτύπησε
2927 1057 3364 1130 κινδυνεύουσαν,
3397 1061 3431 1130 ἢ
3464 1064 3564 1128 τήν
3608 1063 3754 1134 ἱερὰν
3797 1061 3911 1116 ἐκά-

510 1166 614 1221 pro
667 1165 732 1205 eo
778 1149 1044 1204 ardorem
1077 1147 1380 1204 ostendit?
1411 1147 1552 1212 Quis
1584 1147 1958 1202 sinceriorem
1997 1148 2155 1200 ﬁdem

2280 1146 2414 1219 θηρε
2467 1147 2736 1219 τράπεζαν
2765 1167 2778 1216 ;
2808 1147 2900 1208 Τίς
2960 1145 3006 1202 δ’
3053 1147 3120 1202 αὖ
3171 1149 3361 1226 λόγοις
3421 1150 3596 1212 οὕτως
3643 1149 3906 1206 ἐπιδοῦναι

516 1240 579 1294 in
620 1238 934 1294 discrimen
985 1241 1332 1310 conjectum,
1366 1243 1531 1294 tanta
1579 1236 1946 1292 aemulatione
1985 1243 2042 1292 et
2069 1253 2155 1291 ze-

2279 1235 2546 1311 παρέσχεν
2599 1237 2674 1299 εἷς
2729 1236 2997 1315 μέγιστον,
3029 1239 3120 1294 καὶ
3165 1243 3264 1310 την
3313 1241 3506 1316 ἀρετήν
3558 1239 3908 1320 διαφερόντως

520 1327 740 1400 lotypia
789 1333 1111 1383 assectatus
1142 1334 1254 1393 est,
1287 1336 1386 1383 aut
1431 1343 1654 1382 sacram
1684 1343 1946 1381 mensam
1981 1341 2152 1396 repur

2279 1324 2551 1398 ἐτίμησεν,
2609 1327 2643 1397 ἢ
2711 1328 2838 1390 τοὺς
2897 1328 3145 1402 ἀρίστους
3201 1331 3592 1403 προῦτίμησε;
3648 1333 3738 1395 Τίς
3789 1333 3908 1386 Θεοῦ

511 1419 669 1491 gavit
689 1419 716 1472 ’ἶ
740 1420 881 1485 Quis
909 1420 1109 1485 etiam,
1145 1425 1210 1473 ut
1238 1418 1484 1472 eruditio
1519 1417 1710 1472 omnis
1741 1431 1970 1471 summa
2001 1431 2155 1486 cape-

2279 1411 2649 1490 λειτουργοῖς,
2692 1417 2781 1472 καὶ
2822 1416 3010 1480 ἄλλως
3051 1416 3115 1487 δή
3157 1421 3582 1496 κεχαρισμένοις
3623 1423 3791 1490 αύτῷ,
3829 1420 3906 1472 καὶ

517 1513 603 1566 ret
643 1509 1024 1572 incrementa,
1056 1507 1287 1564 effecit?
1315 1509 1456 1574 Quis
1505 1507 1581 1561 ita
1633 1505 1904 1560 virtutem
1945 1503 2155 1570 extulit,

2281 1501 2474 1578 σχεδὸν
2529 1505 2715 1574 ἅπασι,
2755 1507 2819 1560 τὸ
2875 1513 3152 1581 προσῆκον
3211 1509 3374 1580 γέρας
3430 1509 3544 1562 κατ’
3594 1507 3742 1576 ἀξίαν
3791 1507 3906 1561 ἀπε-

515 1607 619 1654 aut
663 1599 918 1668 optimos
969 1614 1233 1668 quosque
1283 1597 1606 1653 honoribus
1657 1595 1868 1651 auxit?
1896 1593 2034 1660 Quis
2065 1595 2155 1650 Dei

2277 1593 2586 1668 χαρίσατο;
2620 1595 2708 1656 Τίς
2740 1591 2796 1650 δὲ
2836 1595 3002 1652 πάλιν
3051 1598 3117 1652 τὰ
3163 1596 3408 1672 βασίλεια
3455 1598 3576 1652 κατ’
3607 1595 3758 1652 οὐδέν
3803 1593 3905 1650 διας

519 1689 832 1753 ministris,
855 1687 1100 1758 aliisque
1130 1689 1266 1743 item
1301 1688 1396 1758 qui
1432 1688 1482 1742 ei
1515 1686 1674 1742 chari
1704 1690 1864 1753 sunt,
1897 1692 1954 1741 et
1984 1686 2155 1740 omni-

2279 1683 2456 1759 φέρειν
2531 1684 2866 1754 ἀσκητηοίου
2938 1687 3374 1759 παρεσκευάσατο
3445 1691 3516 1755 τῇ
3603 1707 3662 1740 τε
3745 1687 3906 1758 μακρᾷ

510 1779 621 1834 bus
652 1795 854 1848 prope,
891 1795 990 1848 pro
1035 1779 1320 1848 cujusque
1350 1777 1653 1850 dignitate,
1686 1777 1946 1832 debitum
1979 1777 2155 1832 hono-

2277 1777 2534 1846 προσοχῇ
2593 1773 2680 1827 καί
2731 1777 2799 1848 τῇ
2859 1773 3047 1848 ἐσάγειν
3105 1773 3358 1847 εὐλαϐείᾳ
3403 1777 3492 1830 καὶ
3555 1774 3903 1845 κοσμιότητις

515 1882 635 1922 rem
686 1865 942 1922 tribuit?
973 1866 1112 1932 Quis
1159 1883 1330 1936 porro
1359 1872 1521 1923 tanta
1552 1867 1891 1936 attentione,
1922 1865 2155 1937 insigni-

2281 1866 2445 1922 Ποῖος
2469 1859 2514 1915 δ’
2546 1861 2721 1923 οὕτως
2751 1861 2975 1936 ἀρῥεπεῖ
3003 1869 3170 1939 ζυγοῦ
3211 1865 3420 1938 στάθμῃ
3472 1865 3542 1919 τὰ
3591 1863 3742 1918 κοινᾶ
3789 1859 3906 1932 διῳ-

517 1972 630 2026 que
681 1953 980 2025 religione,
1013 1960 1072 2012 et
1125 1957 1352 2012 decenti
1393 1955 1806 2020 moderatione,
1841 1964 1904 2010 ut
1935 1956 2155 2026 imperi-

2283 1952 2530 2019 κήσατο;
2590 1951 2624 2019 ἢ
2685 1949 2860 2014 δίκαις
2934 1953 3246 2023 ἐπέστησεν,
3295 1953 3330 2020 ἢ
3387 1953 3576 2008 κακίαν
3627 1951 3902 2016 ἐκόλασεν;

525 2045 636 2100 alis
687 2044 820 2100 aula
853 2045 998 2099 nihil
1029 2046 1098 2100 ab
1131 2045 1429 2112 asceterio,
1463 2045 1810 2116 pietatisque
1839 2046 2171 2101 exercendas

527 2132 728 2188 schola
757 2133 1036 2199 differret,
1073 2134 1398 2204 procuravit
1419 2133 1446 2189 ?
1476 2133 1608 2204 quis
1639 2133 1724 2188 sic
1753 2150 1922 2205 aequa
1945 2140 2171 2190 statera:

525 2219 690 2277 lance
759 2221 1181 2292 rempublicam
1253 2223 1662 2293 gubernavit?
1723 2221 1818 2277 Il
1891 2223 2033 2288 Quis
2089 2223 2170 2278 ita

523 2309 611 2365 vel
651 2310 770 2379 juri
821 2310 1066 2366 dicendo
1119 2311 1352 2378 institit,
1402 2311 1489 2366 vel
1539 2311 1820 2366 maleﬁcia
1867 2309 2168 2367 coercuit?

525 2417 713 2471 usque
757 2401 924 2463 adeo,
959 2407 1024 2455 ut
1062 2401 1307 2456 multam
1339 2418 1402 2457 se
1433 2401 1535 2456 tibi
1565 2401 1774 2457 debere
1803 2401 2049 2472 gratiam
2081 2399 2168 2456 illi

521 2489 696 2543 etiam
754 2486 1188 2558 proﬁterentur,
1220 2490 1312 2558 qui
1363 2504 1393 2542 e
1415 2488 1640 2557 judicio
1671 2486 1826 2552 victi,
1859 2494 1916 2543 et
1944 2487 2165 2544 calculo

511 2579 612 2630 tuo
661 2576 922 2630 damnati
971 2575 1182 2632 abiere.
1218 2577 1395 2647 Cujus
1439 2583 1604 2632 tanta
1652 2575 1761 2631 fuit
1790 2592 1921 2633 cum
1957 2578 2166 2648 peritia

513 2663 885 2734 simplicitas,
928 2671 985 2719 et
1026 2681 1160 2718 cum
1201 2666 1511 2720 clementia
1563 2665 1917 2734 prudentia?
1946 2666 2162 2737 quibus

511 2753 830 2809 virtutibus
881 2769 997 2808 una
1054 2770 1187 2810 cum
1239 2753 1606 2810 humanitate
1656 2756 1906 2812 maxime
1953 2757 2158 2826 enites,

512 2843 813 2912 ingentem
845 2843 1163 2914 quamdam
1198 2848 1565 2900 serenitatem
1599 2846 1657 2900 in
1689 2845 1874 2901 animo
1905 2847 2084 2901 simul
2105 2851 2163 2902 et

514 2929 676 2986 vultu
729 2934 1062 3002 praetereas,
1092 2934 1312 2988 sensim
1361 2935 1713 3005 quandoque
1743 2951 1847 2990 ceu
1887 2934 2160 2992 ﬂuctibus

515 3019 872 3092 quibusdam
906 3022 1360 3091 horrescentem,
1386 3039 1490 3078 nec
1515 3031 1708 3080 tamen
1742 3024 1920 3080 ullam
1953 3035 2160 3096 tempe-

511 3109 677 3165 statis
725 3109 1213 3181 signiﬁcationem
1278 3112 1648 3180 praebentem.
1700 3112 1984 3169 Caeterum
2041 3130 2162 3170 ora-

512 3197 688 3299 tionis
764 3201 1282 3299 opportunitatem,
1355 3202 1571 3258 silentii
1661 3205 2240 3299 commoditatem,c

512 3287 726 3359 lingua:
775 3288 1054 3359 leporem,
1087 3291 1464 3346 familiarium
1515 3293 1946 3366 colloquiorum
1977 3295 2160 3350 instar

512 3375 624 3434 olei
656 3395 892 3448 prorsus
918 3386 978 3435 et
1027 3379 1214 3436 mellis
1244 3383 1630 3450 proﬂuentem
1663 3386 2027 3452 suavitatem,
2060 3389 2162 3441 aut

513 3467 824 3522 verborum
879 3472 1111 3522 tuorum
1183 3470 1476 3526 musicum
1548 3472 1719 3544 plane
1785 3479 2158 3542 concentum,

511 3558 646 3626 quis
675 3573 814 3630 rogo
843 3557 1196 3628 eloquetur?
1242 3561 1670 3618 Sententiarum
1723 3573 1915 3621 autem
1965 3563 2160 3620 densi-

509 3651 649 3713 tate,
713 3651 990 3716 praaterea
1051 3649 1356 3705 verborum
1414 3652 1826 3723 perspicuitate
1882 3659 1939 3709 et
1993 3656 2160 3724 copia

508 3735 758 3803 (Hiberni
811 3752 960 3794 voces
1015 3739 1182 3808 ﬂuvii
1238 3739 1302 3796 de
1365 3757 1515 3798 more
1571 3753 1812 3813 ruentes,
1873 3743 2158 3800 Homerus

512 3823 795 3896 dixisset),
839 3825 969 3897 quis
1015 3831 1068 3882 te
1113 3829 1387 3886 divinitus
1435 3831 1778 3900 locupletior
1825 3832 1980 3889 fuit?
2007 3835 2157 3897 Qua-

510 3919 745 3984 propter
792 3915 1003 3983 evenit,
1041 3921 1100 3970 ut
1151 3923 1204 3972 te
1247 3920 1421 3975 verba
1463 3921 1732 3987 faciente,
1765 3939 1968 3978 omnes
2001 3940 2159 3994 pror—

504 4015 606 4057 sus
654 4001 824 4073 quasi
866 4005 1103 4059 numine
1151 4005 1346 4078 aliquo
1403 4008 1697 4076 alﬂentur,
1748 4012 2158 4084 moderateque

502 4091 738 4145 insania
759 4090 1166 4162 percellantur,
1197 4101 1254 4151 et
1301 4096 1570 4154 bacchari
1618 4100 1919 4169 incipiant,
1951 4101 2158 4156 simul-

507 4192 621 4248 que
668 4177 752 4232 vel
804 4179 965 4234 inviti
1019 4184 1312 4250 exsiliant,
1343 4193 1396 4242 et
1445 4188 1682 4244 vocibus
1719 4188 1840 4244 tuis
1870 4189 2040 4260 rapti,
2073 4189 2156 4244 ita

500 4269 813 4337 ducantur,
850 4275 911 4326 ut
963 4273 1325 4331 retrocedere
1375 4275 1586 4346 nolint,
1617 4279 1718 4334 sed
1770 4279 1943 4334 veluti
1991 4277 2152 4334 afﬁxi

499 4355 605 4414 tibi
652 4357 978 4424 videantur,
1011 4361 1248 4430 perinde
1291 4380 1534 4434 prorsus
1580 4370 1755 4438 atque
1785 4383 1818 4422 a
1849 4366 2152 4422 Sirenibus

499 4443 769 4500 demulsi.
823 4445 998 4502 Recte
1053 4466 1196 4506 sane
1247 4453 1542 4525 quispiam
1601 4460 1660 4510 te
1709 4471 1868 4512 mare
1916 4455 2146 4521 dixerit,

503 4536 657 4607 quod
717 4535 864 4591 alios
917 4553 1094 4610 super
1143 4539 1286 4597 alios
1341 4546 1650 4600 verborum
1703 4544 1914 4600 ﬂuctus
1971 4543 2150 4600 dense

499 4624 729 4694 excitet,
753 4630 854 4682 aut
871 4632 1024 4685 certe
1052 4630 1351 4702 ingentem
1382 4632 1638 4706 aliquam
1672 4649 1958 4707 aquarum
1990 4635 2105 4691 vim
2131 4644 2145 4684 ε

500 4730 650 4786 quas,
683 4715 735 4771 si
781 4715 839 4772 in
890 4733 1019 4774 eam
1067 4719 1338 4779 alicunde
1383 4723 1620 4796 lapillus
1669 4727 1908 4792 incidat,
1949 4741 2019 4780 ex
2057 4724 2150 4781 ob-

497 4821 668 4862 scuro
718 4815 940 4876 centro,
971 4825 1072 4866 seu
1125 4813 1315 4883 potius
1349 4814 1590 4885 circino,
1615 4833 1821 4888 eoque,
1853 4816 2011 4872 si-ita
2035 4816 2145 4888 vis,

494 4892 744 4966 liquido,
775 4895 956 4952 alium
1009 4915 1184 4970 super
1229 4901 1410 4959 alium
1459 4904 1768 4974 circulum,
1799 4904 2018 4960 sensim
2051 4905 2146 4960 ad-

500 4983 742 5040 modum
793 4986 1308 5062 intumescentem,
1343 5009 1410 5049 ac
1439 4994 1651 5051 deinde
1683 5001 1918 5068 prepter
1963 4995 2145 5050 alium

491 5071 858 5144 inﬂuentem,
893 5076 1199 5148 paulatim,
1245 5083 1426 5138 donec
1474 5085 1547 5140 ad
1597 5101 1898 5140 summum
1948 5101 2146 5154 perve-

495 5160 635 5228 niat,
669 5161 1031 5223 deﬁcientem
1083 5175 1262 5241 atque
1305 5177 1767 5242 evanescentem,
1803 5173 2148 5229 mirabiliter

496 5252 997 5313 circumscribat:
1058 5260 1433 5331 potissimum
1501 5281 1659 5334 vero,
1714 5279 1846 5320 cum
1904 5263 2005 5318 tibi
2073 5264 2145 5320 de

498 5339 672 5396 rebus
719 5341 931 5400 divinis
971 5357 1058 5403 est
1089 5365 1301 5406 sermo.
1335 5353 1476 5418 Quis
1507 5369 1759 5426 namque
1789 5354 1938 5409 alius
1969 5352 2144 5408 habet

497 5428 582 5486 vel
633 5438 892 5489 mentem
939 5443 996 5492 et
1025 5441 1374 5496 sententiam
1425 5442 1689 5499 oratione
1740 5449 1912 5513 atque
1944 5441 2145 5512 lingua

493 5518 788 5578 meliorem
837 5525 924 5580 vel
974 5531 1297 5588 orationem
1329 5549 1456 5604 quae
1488 5534 1607 5590 illis
1652 5536 1874 5592 ratione
1907 5533 2144 5590 meliore

491 5611 840 5683 subserviat,
865 5617 952 5674 vel
984 5620 1248 5694 linguam
1276 5623 1450 5678 etiam
1481 5642 1610 5696 quas
1642 5627 1788 5684 bene
1819 5625 2140 5682 admodum

497 5707 556 5761 ct
601 5707 772 5760 acute
820 5705 1094 5777 (rotunde
1138 5715 1196 5767 et
1241 5713 1496 5771 suaviter
1524 5721 1690 5786 poeta
1720 5716 1984 5789 dixisset)
2015 5731 2138 5774 ver-

2283 2039 2357 2099 ὡς
2413 2037 2588 2094 πλείω
2631 2040 2794 2114 χάριν
2839 2039 2984 2116 ἔχειν
3033 2041 3244 2114 μᾶλλον
3296 2039 3495 2098 εἰδέναι
3549 2063 3638 2096 σοι
3687 2041 3772 2094 τὸν
3815 2040 3901 2106 τὴν

2282 2127 2432 2195 ἥττω
2493 2132 2672 2208 ψῆφον
2746 2129 3196 2205 ἁπενεγκάμενον.
3257 2132 3410 2194 Τίνος
3471 2134 3506 2200 ἡ
3572 2130 3704 2202 μετὰ
3765 2128 3902 2183 συνέ-

2284 2237 2418 2278 σεως
2475 2217 2721 2290 ἁπλότης
2768 2220 2856 2274 καὶ
2909 2221 3042 2291 μετὰ
3098 2221 3404 2294 πραότητος
3474 2220 3769 2296 φρόνησιςς
3828 2217 3903 2278 αἷς

2286 2307 2421 2379 μετὰ
2449 2306 2863 2384 φιλανθρωπίας
2919 2308 3141 2382 μάλιστ’
3183 2308 3507 2384 ἐμπρέπεις,
3536 2309 3672 2382 μέγα
3716 2328 3768 2362 τι
3815 2305 3900 2378 βά-

2284 2396 2377 2458 θος
2433 2395 2680 2471 γαλήνης
2718 2397 2768 2451 ἐν
2827 2401 2982 2476 ψυχῇ
3040 2397 3130 2452 καὶ
3184 2397 3338 2472 ὄψεσι
3366 2395 3712 2471 προδεικνὺς,
3739 2391 3900 2466 ἡμέρα

2282 2486 2642 2561 φρίσσον,καὶ
2705 2484 2876 2556 ζάλην
2931 2486 2992 2541 οὐ
3050 2487 3448 2562 παρεχόμενον,
3483 2486 3662 2543 Ἀλλᾶ
3705 2485 3762 2538 τὸ
3813 2483 3896 2536 τοῦ

2283 2571 2454 2646 λόγου
2502 2575 2732 2649 καίριον,
2763 2574 2910 2631 ἀλλὰ
2953 2577 3018 2630 τὸ
3063 2583 3164 2645 τῆς
3206 2582 3418 2644 σιωπῆς
3448 2573 3702 2648 εὔλογον,
3727 2573 3818 2638 τὴν
3855 2565 3895 2621 δ’

2276 2663 2573 2742 ἀφροδίτην
2615 2669 2716 2730 τῆς
2771 2663 3048 2741 γλώττης,
3092 2667 3182 2721 καὶ
3229 2666 3292 2720 τὸ
3338 2672 3438 2736 τῆς
3487 2663 3708 2738 ὁμιλίας
3755 2657 3889 2726 δίκην

2275 2753 2468 2810 ἐλαίου
2515 2755 2602 2810 καὶ
2665 2755 2887 2828 μέλιτος
2947 2755 3195 2830 ἄντικρυς
3255 2757 3395 2829 ῥέον,
3430 2755 3466 2824 ἢ
3515 2757 3616 2822 τήν
3656 2747 3886 2824 ἁρμονίαν

2274 2843 2362 2898 καὶ
2415 2845 2678 2916 μουσικὴν
2729 2849 2837 2900 τῶν
2893 2843 3076 2922 λόγων
3125 2849 3244 2904 πῶς
3289 2842 3346 2898 ἄν
3373 2865 3458 2906 τις
3492 2845 3686 2921 φράσοι
3711 2858 3724 2907 ;
3753 2838 3813 2892 Τὸ
3840 2832 3885 2889 δὲ
3917 2896 3921 2900 η

2273 2937 2382 2988 τῶν
2439 2933 2732 3005 νοημάτων
2777 2937 3003 3000 πυκνὸν,
3043 2937 3180 3007 πρὸς
3238 2929 3294 2988 δέ
3348 2933 3410 2988 τὸ
3470 2929 3666 2992 διειδές
3717 2947 3769 2980 τε
3809 2922 3882 2978 καιἱ

2275 3017 2701 3099 ἅφθονον,ἔπεα
2729 3021 3111 3100 νιφάδεσσιν
3144 3022 3412 3078 ἐοικότα
3451 3016 3873 3097 χειμερίῃσιν,

2275 3112 2420 3166 εἶπεν
2454 3113 2512 3166 ἂν
2545 3114 2822 3184 ’Ὀμηρος,
2854 3112 2934 3173 τίς
2965 3115 3060 3166 σοῦ
3090 3110 3255 3167 πλέον
3304 3112 3486 3166 θεόθεν
3545 3107 3869 3172 ἐπλούτησεν;

2273 3200 2346 3262 ὡς
2406 3203 2629 3272 πάντας,
2689 3199 2946 3278 λέγονσός
3003 3222 3120 3267 σου,
3176 3201 3448 3269 ἐνθουσιᾷν
3505 3199 3764 3270 ἄντικρυς.
3801 3185 3873 3242 καὶ

2275 3289 2468 3360 μανίαν
2526 3291 2756 3365 πάσχειν
2801 3291 2899 3358 τήν
2929 3291 3204 3364 σώφρονα,
3236 3290 3323 3344 καὶ
3361 3288 3654 3364 βακχεύειν
3684 3279 3877 3343 ἐθέλειν»

2269 3382 2359 3434 καὶ
2418 3378 2648 3442 ἄκοντας
2705 3379 2988 3450 ἅλλεσθαι,
3045 3385 3165 3442 ταῖς
3221 3400 3278 3435 τε
3349 3383 3560 3454 φωναῖς
3617 3367 3879 3454 συνεξαίρετ

2270 3472 2409 3538 σθαιν
2466 3470 2556 3524 καὶ
2632 3467 2762 3542 μηδ’
2819 3476 3124 3544 ἀναχωρεῖν
3199 3452 3504 3543 αἱρεῖσθαι·
3564 3463 3682 3520 αλλ’
3738 3452 3880 3544 οἱονεὶ

2269 3559 2660 3632 προσηλῶσθαι
2711 3557 2912 3625 δοκεῖν,
2949 3560 3013 3614 τὸ
3051 3563 3162 3613 τῶν
3214 3559 3493 3630 Σειρήνων
3535 3555 3762 3626 ἀτεχνῶς
3790 3541 3878 3598 πά·

2269 3668 2524 3726 σχοντας.
2557 3646 2836 3704 Θάλασσαν
2894 3647 3283 3718 προσηκόντως
3337 3644 3481 3700 εἴποι
3539 3663 3618 3703 τις
3662 3633 3876 3735 εἶναίσρ,

2268 3725 2412 3794 ἄλλα
2469 3739 2550 3794 ἐπ’
2605 3735 2799 3801 ἀλλοις
2847 3741 3061 3798 πυκνῶς
3112 3735 3418 3811 ἐγείρουσαν
3465 3733 3642 3808 λόγων
3693 3725 3754 3782 τὰ
3795 3725 3878 3811 itﬁ-

2271 3847 2446 3900 ματα·
2510 3826 2542 3894 ἦ
2597 3847 2714 3882 τινα
2773 3827 3016 3902 μεγάλην
3069 3823 3276 3881 ὑδάτων
3332 3825 3606 3887 σύστασιν,
3661 3808 3877 3902 ψηφῖδος

2265 3899 2423 3972 ποθὲν
2475 3899 3071 3989 ἐμπεσούσης-ἀδήλῳ
3126 3914 3354 3987 κέντρῳ,
3403 3913 3616 3986 μᾶλλον
3669 3904 3724 3960 δὲ
3770 3899 3874 3989 δια-

2265 4003 2408 4084 ϐήτῃ
2437 4027 2450 4042 ⁸
2485 3986 2529 4062 εἰ
2561 4005 2619 4062 δὲ
2653 4006 2838 4082 βούλει
2869 4007 2956 4061 καὶ
2993 3986 3451 4078 ὑδατίνῳ,ἆλλον
3494 4003 3576 4059 ἐπ’
3605 3997 3753 4066 ἄλλῳ
3795 3986 3874 4096 Wil-

2263 4102 2416 4172 κλον,
2475 4100 2661 4175 πράως
2729 4097 2859 4170 μάλ’
2914 4092 3324 4167 ἀνοιδούμενον,
3382 4097 3583 4154 καινῶς
3646 4092 3872 4175 περιγρα-

2263 4209 2505 4263 φουσαν’
2564 4189 2664 4242 εἶθ’
2725 4185 3138 4258 ὑπεξιστάμενον
3189 4184 3373 4257 ἡσυχῆ
3431 4187 3514 4254 τῷ
3569 4171 3868 4263 ἐπεισρὲιοντι

2260 4256 2350 4334 καὶ
2409 4277 2786 4350 διαλυόμενον,
2825 4256 3020 4350 μέχρις
3075 4270 3134 4328 ἂν
3190 4256 3342 4327 ἔλθοι
3399 4271 3538 4344 πρὸς
3568 4267 3628 4324 τὸ
3655 4256 3866 4350 ἀκρότα-

2259 4388 2370 4424 τον.
2395 4367 2494 4422 Καὶ
2559 4347 2770 4440 μάλλον
2985 4363 3111 4436 περὶ
3155 4360 3324 4452 θείων
3357 4357 3689 4452 πραγμάτωγ.
3714 4347 3862 4452 ἦνσοξ

2256 4457 2318 4512 τδ
2381 4454 2738 4532 διαλέγεσθαι.
2776 4455 2873 4510 Καὶ
2925 4459 3084 4516 ποῖος
3139 4453 3242 4526 γὰρ
3298 4445 3481 4520 ἕτερος
3527 4447 3560 4516 ἢ
3599 4444 3718 4532 νοῦγ
3749 4444 3866 4532 *ἐσχε

2260 4549 2430 4624 λόγοο
2484 4525 2576 4602 καὶ
2632 4545 2888 4620 γλώσσης
2964 4525 3240 4616 ἀμείνονα,
3289 4542 3322 4608 ἢ
3385 4537 3548 4610 λύγον
3605 4525 3863 4626 dimidii";

2343 4606 2354 4624 .
2645 4606 2656 4620 .
2846 4606 2856 4615 .
3004 4606 3015 4616 .
3227 4606 3235 4608 _
3314 4606 3321 4608 _
3469 4606 3480 4610 _
3659 4618 3682 4634 τ
3787 4611 3796 4626 1

2255 4639 2472 4701 τούτοις
2533 4635 2998 4710 ὕπηρετούμενον,
3029 4634 3064 4703 ἢ
3120 4629 3372 4707 γλῶσσαν
3428 4627 3685 4720 αὖθιςέυ
3737 4606 3863 4720 ita)“

2257 4729 2348 4784 καὶ
2402 4707 2774 4804 στρογγύλως,
2807 4707 3177 4798 ἐπιτροχάδην
3238 4717 3295 4774 δὲ
3352 4716 3440 4806 καὶ
3490 4707 3703 4806 λιγέως⁸
3733 4707 3860 4806 εἶπεν

2253 4816 2312 4872 ἂν
2363 4817 2624 4886 ποιητὴς,
2655 4813 3117 4883 ἆποτορνεύουσαν
3163 4811 3224 4865 τὸ
3283 4805 3595 4879 νοούμενον,
3625 4805 3713 4891 καί
3757 4805 3858 4891 ξίν·

2253 4928 2338 4983 ‘Pw
2381 4906 2623 4974 τούτοις,
2655 4902 2729 4966 ὥς
2775 4907 2822 4976 γ’
2874 4901 3069 4976 ἐχρῆν,
3122 4895 3468 4954 διακονοῦσάν
3525 4912 3582 4948 τε
3632 4881 3716 4940 καὶ
3758 4891 3860 4984 fit”

2252 4995 2663 5070 πορθμεύουσαν
2721 4993 2783 5048 τὸ
2839 4990 3252 5064 κρυπτόμενον;
3307 4983 3450 5059 Ἐγὼ
3507 4983 3659 5073 “marco
3708 4979 3852 5073 6,0303

2253 5050 2348 5140 σοῦ
2402 5050 2777 5158 διηγήσομαι·
2813 5050 2938 5135 ὅταν
2996 5075 3445 5152 δημηγοροῦντος
3482 5050 3853 5158 ἁκούω,.ἆλλος

2249 5171 2298 5246 ἐξ
2339 5143 2526 5227 ἄλλου,
2575 5143 2814 5246 γίνομαι,
2847 5169 2937 5223 καὶ
2995 5167 3124 5228 ὅλος
3173 5159 3357 5224 ἔνθους
3402 5165 3519 5220 ταῖς
3548 5171 3663 5246 των.
3691 5143 3848 5246 λέγοιτ

2249 5236 2595 5334 καθίσταμαι.
2629 5236 2821 5334 ἴυγξιν,
2857 5257 2960 5312 οὐκ
3005 5255 3294 5329 ἀνθρώπου
3346 5248 3500 5318 δῆθεν
3551 5236 3848 5343 ὁμιλοῦντῖς

2251 5347 2518 5406 διακούειν
2565 5347 2764 5418 δοκῶν,
2810 5345 2937 5403 ἀλλ’
2987 5347 3290 5424 ὑπερφυοῦς
3347 5338 3414 5410 δή
3472 5353 3613 5394 τινος
3657 5313 3852 5424 0????-

2257 5400 2511 5406 -----ν-τ--
2571 5400 2764 5418 η--ν-νν
2997 5400 3146 5424 -ηιι
3277 5400 3288 5405 -
3403 5400 3414 5410 -
3697 5409 3709 5422 .
3814 5400 3822 5418 .

2251 5441 2335 5494 θεν
2393 5439 2826 5509 προκόπτοντος,
2881 5435 2972 5492 καί
3027 5456 3148 5490 τινα
3205 5434 3324 5502 ξένα
3375 5427 3464 5483 καὶ
3520 5427 3651 5510 θεῖαί
3693 5400 3844 5510 εξίξίς

2248 5547 2404 5585 νοντα
2464 5528 2558 5601 μὲν
2611 5530 2678 5583 τὰ
2733 5526 2908 5596 κοινὰ,
2970 5525 3241 5598 μυστήρια
3297 5517 3354 5574 δέ
3407 5535 3526 5571 τινα
3571 5491 3842 5606 113?“???

2250 5617 2558 5694 ἀπόῤῥητον
2592 5615 2794 5694 ἔχοντα
2839 5613 3261 5691 διαγγέλλοντος
3288 5629 3301 5642 ·
3334 5605 3474 5662 ὥστε
3523 5620 3588 5694 μβ
3628 5608 3716 5694 xz:
3755 5593 3840 5694 of;

2249 5683 2561 5767 cﬁai'ésou
2623 5683 3093 5785 ζπροσθεῖναι-’καί
3151 5700 3242 5762 οὖς
3296 5694 3501 5772 ἓτερον,
3544 5689 3612 5748 ὡς
3663 5683 3722 5740 δή
3773 5683 3838 5734 τῳ
