4096 6284
209 376 307 440 δτι

1659 395 2098 464 DEDICATIO.

3469 389 3586 457 578

207 517 437 595 προφήτῃ
484 511 655 589 δόκεῖ,
708 517 781 573 ’ἐν’
839 521 1085 594 εἴσρέωσι
1134 519 1311 602 χύδην
1356 525 1411 579 αἱ
1461 525 1552 581 σὺν
1603 498 1811 585 ἀστειό-

1931 535 2020 592 bis
2067 537 2126 592 in
2171 535 2370 592 orbem
2418 532 2674 591 reductis
2713 535 3054 603 conceptam
3103 533 3302 590 animo
3345 536 3586 590 senten-

204 625 314 674 τητι
348 606 586 680 χάριτες.
636 610 804 682 Οἶμαι
854 607 911 665 δὲ
957 611 1048 666 καὶ
1096 613 1302 676 πάντας
1346 619 1510 677 τοῦτο
1563 618 1815 694 πάσχειν.

205 693 311 747 ise:
347 692 410 763 δή
453 694 666 771 στερροὶ
721 699 808 753 καὶ
874 694 1166 773 βεϐηκότες
1221 703 1283 755 τὸ
1341 703 1616 780 φρόνημα,
1671 692 1820 762 ἆλλά

206 785 274 854 μὴ
311 783 526 854 πάμπαν
558 785 658 840 ὦσι
709 793 827 849 τοῖς
871 789 1143 852 τοιούτοις
1192 789 1470 862 ἀκήλητοι
1520 796 1609 847 καὶ
1657 795 1816 869 ἀμεί-

203 869 400 926 λικτοι·
442 875 534 936 οὓς
581 871 697 930 οὐδ’
736 875 794 930 ἂν
836 877 1056 952 Ὀρφεὺς
1093 876 1294 942 ἐκεῖνος
1335 883 1468 952 μετὰ
1510 890 1610 952 τῆς
1641 882 1813 939 πολυ-

204 959 495 1032 θρυλλήτου
536 964 727 1037 λύρας,
768 967 949 1040 οἶμαι,
995 972 1208 1046 συχνῶς
1262 969 1566 1045 ἐπιτρέχων
1615 973 1817 1044 ταύτην

199 1054 268 1120 τῷ
293 1047 578 1126 πλήκτρῳ,
608 1059 790 1116 ποσῶς
817 1053 1186 1126 καταθέλξειεν
1213 1077 1224 1090 ·
1261 1057 1330 1127 ἢν
1363 1058 1429 1128 δὴ
1464 1060 1629 1135 λύραν
1669 1063 1822 1135 αὐτῷ

202 1140 652 1216 προσ-πλάττουσιν
707 1144 999 1217 Ἓλληνες,
1045 1150 1136 1203 καὶ
1184 1150 1278 1212 τὰς
1330 1150 1584 1226 ἀψύχους
1637 1153 1823 1218 φύσεις

199 1235 298 1290 τοῖς
351 1234 682 1306 κρούσμασιν
737 1231 1020 1292 ἕλκουσαν.
1078 1237 1236 1294 Ἀλλ’
1291 1221 1406 1294 οἷον
1448 1221 1519 1296 ’δὲ
1578 1221 1679 1316 ἀρα
1736 1265 1818 1298 σοι

199 1320 317 1393 πρὸς
344 1327 457 1384 τοῖς
489 1321 684 1386 ἄλλοις
721 1325 956 1393 κάκεῖνο,
987 1328 1050 1380 τὸ
1103 1325 1336 1398 μηδενὸς
1383 1335 1488 1384 τῶν
1547 1329 1818 1387 ὑποδίκων

196 1417 252 1484 τῇ
293 1415 540 1486 βασιλείᾳ
596 1419 735 1489 αἷμά
779 1419 902 1473 ποτ’
951 1417 1137 1493 ἐλχέαι
1198 1420 1464 1491 θελῆσαι;
1514 1427 1603 1478 καὶ
1653 1431 1820 1480 ταῦτα

199 1506 312 1576 μήθ’
367 1505 551 1579 ὅρκοις
606 1505 1119 1580 κατεμπεδώσαντα,
1168 1509 1295 1565 ἀλλ’
1353 1512 1592 1587 οὐρανίῳ
1669 1517 1820 1569 συνέ-

195 1615 294 1650 σει·
325 1599 470 1652 τοῦτ’
499 1595 720 1669 ἄριστον
763 1599 851 1653 καὶ
883 1603 960 1662 ὼς
999 1606 1276 1673 προτῆκον
1324 1601 1540 1675 βασιλεῖ
1580 1604 1816 1678 μάλιστα

195 1686 427 1758 κρίνοντα
459 1705 472 1716 ·
537 1688 627 1741 ἅτε
686 1685 752 1755 δὴ
810 1689 902 1742 καὶ
969 1695 1116 1758 ζωῆς
1170 1689 1259 1744 καὶ
1335 1689 1559 1746 θανάτδυ
1621 1693 1816 1767 ταμίαν

198 1779 346 1845 μόνον
383 1773 566 1830 εἰδότα
623 1777 772 1832 Θεόν.
835 1779 1193 1849 Ἀναίμακτον
1255 1779 1359 1853 γὰρ
1417 1785 1496 1850 τῷ
1555 1778 1669 1836 ὄντι
1727 1785 1817 1835 καὶ

1930 626 2072 680 tiam
2122 627 2394 697 proferat,
2445 629 2622 694 atque
2667 629 2982 694 utrumque
3026 623 3119 690 iis,
3170 622 3252 677 ita
3297 631 3360 678 ut
3393 623 3580 686 decet,

1931 715 2215 784 expediat,
2267 719 2324 770 et
2364 715 2419 768 id
2470 714 2620 783 quod
2655 713 2711 766 in
2761 712 2957 767 animo
3010 713 3182 768 lateat
3213 713 3270 765 in
3305 717 3570 782 apertum

1933 802 2340 859 transmittat?
2387 801 2667 874 Equidem
2720 817 2900 855 unum
2950 800 3094 855 illud
3146 802 3216 855 de
3262 805 3318 856 te
3367 802 3584 866 dicam,

1931 909 2064 949 cum
2095 893 2537 949 concionantem
2587 891 2779 955 audio,
2813 891 2964 944 alius
3003 905 3070 943 ex
3109 889 3242 956 alio,
3275 895 3331 945 et
3361 892 3583 945 oratio-

1933 982 2025 1038 nis
2054 987 2168 1038 tua
2197 981 2484 1037 illecebris
2515 980 2629 1035 Deo
2651 979 2858 1049 plenus
2887 978 3125 1042 afﬁcior,
3153 994 3258 1032 nec
3283 978 3581 1034 hominem

1934 1087 2027 1126 me
2063 1070 2418 1142 loquentem,
2469 1071 2564 1123 sed
2619 1067 2862 1123 miriﬁce
2905 1067 3154 1138 aliquem
3209 1083 3239 1123 e
3269 1068 3413 1123 cmlo
3446 1082 3578 1139 pro-

1931 1164 2308 1228 spectantem,
2357 1162 2415 1212 et
2461 1172 2606 1211 nova
2655 1155 2922 1225 quaedam
2983 1159 3156 1226 atque
3197 1155 3416 1222 divina,
3451 1173 3580 1228 quas

1931 1248 2264 1303 communia
2314 1248 2430 1301 haec
2477 1245 2713 1317 quidem
2759 1245 2926 1315 longe
2965 1248 3264 1311 excedant,
3299 1245 3580 1300 sublimia

1929 1343 2124 1393 autem
2157 1341 2213 1390 et
2242 1351 2454 1391 arcana
2494 1335 2766 1405 mysteria
2807 1335 3164 1400 contineant,
3209 1335 3585 1390 renuntiant—

1930 1429 2045 1483 tem
2103 1427 2306 1482 audire
2359 1433 2516 1496 puto.
2579 1423 2676 1478 12
2737 1423 2892 1478 Adeo
2951 1429 3015 1476 ut
3070 1422 3250 1477 Deum
3297 1424 3578 1477 orandum

1929 1515 2215 1583 duxerim,
2275 1514 2374 1586 qui
2430 1512 2577 1568 mihi
2631 1527 2831 1566 aurem
2905 1510 3081 1566 aliam
3137 1512 3334 1575 addat,
3405 1511 3582 1567 sicuti

1929 1608 2163 1678 quidem
2217 1605 2510 1674 prophetas
2571 1601 2816 1667 videtur,
2879 1607 2941 1654 ut
3001 1599 3140 1655 mihi
3195 1617 3326 1656 cum
3385 1600 3582 1672 lepore

1930 1699 2152 1752 urbano
2200 1694 2506 1750 verborum
2563 1696 2794 1746 tuorum
2845 1689 3032 1758 gratia
3071 1689 3300 1744 abunde
3349 1690 3572 1745 influat.

1927 1787 2089 1850 Quod
2141 1785 2376 1856 quidem
2411 1782 2686 1838 omnibus
2716 1780 2910 1850 ,etiam
2945 1781 3282 1851 contingere
3310 1779 3584 1848 arbitror,

193 1864 407 1938 καθαρὰν
457 1861 622 1944 φόνου
672 1867 769 1934 τήν
821 1867 917 1935 σήν
969 1868 1058 1921 καὶ
1110 1867 1282 1940 μόνην
1324 1869 1620 1942 ἡγεμονίαν
1679 1873 1811 1934 ἅπας

223 1953 269 1968 ...
389 1953 404 1972 ,
487 1959 510 1970 ..
607 1952 660 1972 ,η
708 1955 718 1972 ,
915 1955 969 1972 η,
1224 1957 1230 1965 .
1579 1961 1590 1972 .
1757 1962 1768 1972 .

1929 1876 2029 1945 qui
2060 1874 2231 1928 firma
2261 1876 2318 1927 et
2347 1869 2686 1926 consistenti
2717 1877 2854 1923 sunt
2887 1874 3098 1936 mente,
3131 1883 3315 1939 neque
3339 1869 3580 1923 omnino

196 1953 307 2008 οἰῶν
346 1953 528 2030 αύχεῖ,
571 1952 860 2028 εὐδαίμονα
915 1955 1036 2029 βίον
1082 1957 1452 2030 πηγάυουσαν,
1503 1961 1592 2014 καὶ
1641 1962 1812 2037 φυρὰν

195 2043 419 2098 ἁπάντων
477 2043 684 2101 καλῶν.
747 2047 843 2099 Καὶ
905 2047 1050 2099 τοῦθ’
1111 2047 1238 2118 ὁρᾷν
1298 2040 1518 2115 ἔξεστιν,
1587 2050 1669 2111 οἷς
1721 2053 1811 2104 καὶ

193 2129 316 2186 IAM
348 2134 442 2205 μὲν
469 2137 579 2187 τῶν
625 2133 838 2208 ἀγαθῶν
888 2133 1218 2208 πλημμυρεῖ
1243 2155 1256 2168 ’
1307 2136 1392 2196 οἷς
1426 2134 1482 2190 at
1526 2138 1614 2190 καὶ
1646 2139 1811 2210 μεγᾶ-

193 2218 275 2282 λας
303 2221 486 2298 φύσεις
517 2222 606 2276 καὶ
635 2227 742 2277 τῶν
771 2227 980 2298 τεχνῶν
1021 2225 1124 2278 οὐκ
1161 2223 1450 2298 ἐλαχίστας
1499 2224 1650 2288 αὖθις
1685 2228 1806 2281 ἁνα-

191 2313 330 2380 ζῆσαι
385 2309 656 2386 παρέσχεν
703 2312 730 2365 ὁ
777 2315 912 2367 κατά
959 2313 1016 2366 σε
1077 2314 1300 2386 χρόνος,
1349 2313 1438 2367 καί
1481 2315 1530 2388 γ’
1579 2314 1806 2388 ἐνεγκεῖν

189 2399 252 2460 εἷς
280 2400 435 2474 ἄκρον
483 2401 779 2476 εύτύχησεν
809 2422 820 2433 ·
854 2399 920 2454 οὐ
970 2405 1066 2455 σοῦ
1095 2421 1155 2476 γε
1205 2399 1388 2470 δῆθεν,
1430 2402 1556 2457 ἀλλ’
1591 2404 1808 2458 ἐκείνων

188 2492 382 2552 πάντως
428 2491 616 2564 χάριν,
655 2491 728 2550 ὡς
769 2490 828 2544 ἃν
879 2487 996 2559 εἷής
1031 2494 1232 2564 μάρτυς
1273 2491 1414 2563 ὁμου
1451 2513 1508 2545 τε
1551 2493 1639 2546 καὶ
1687 2494 1808 2547 θεα-

187 2581 296 2647 τὴς,
347 2581 433 2634 καὶ
492 2579 784 2650 δυνάμενος
857 2585 1034 2654 κρῖναι
1090 2581 1152 2634 τὸ
1208 2581 1658 2654 κατορθούμενον,
1718 2585 1806 2636 καὶ

191 2669 313 2742 πρὸς
364 2669 550 2743 ἰσχύος
613 2667 758 2747 ἔχων
821 2668 1036 2741 μάλιστ’
1095 2667 1451 2742 ἀμείψασθαι.
1537 2669 1804 2742 Ἐλοίμην

199 2753 238 2810 δ’
282 2756 338 2810 ἃν
375 2759 530 2814 εἰπεῖν
577 2759 652 2820 ὡς
700 2759 788 2813 καὶ
839 2757 930 2812 διὰ
976 2760 1032 2813 σε
1071 2760 1198 2819 τοὺς
1238 2759 1494 2829 πρώτους
1533 2765 1638 2813 τῶν
1680 2765 1804 2836 παρ’

204 2846 328 2916 ἡμῖν
381 2847 461 2902 ἐπὶ
506 2845 597 2904 σοῦ
644 2844 912 2920 ξτμϐἧναι
967 2849 1230 2922 γενέσθαι.
1287 2847 1346 2903 Ei
1405 2849 1504 2922 γὰρ
1554 2847 1805 2924 εὐφορίαν

215 2935 299 3005 μὲν
339 2941 557 3010 καρπῶν,
617 2935 694 3000 ὥς
745 2957 920 3012 φασιν,
969 2937 1229 3012 εὐκαρπία
1276 2942 1424 2991 ποιεῖ
1464 2937 1554 2990 καὶ
1607 2935 1805 2993 λεπτό-

207 3044 292 3092 της
312 3030 394 3080 τοῦ
441 3026 836 3104 περιέχοντοςο
889 3030 1100 3104 τεχνῶν
1153 3023 1209 3079 δὲ
1257 3027 1345 3079 καὶ
1396 3024 1604 3102 φύσεων
1636 3026 1806 3100 αὔξη-

198 3131 268 3166 σιν
315 3116 516 3190 ἀγαθῶν
572 3116 823 3188 εύμένεια
894 3117 980 3169 καὶ
1056 3116 1218 3186 τιμὴ,
1275 3115 1367 3168 καὶ
1421 3116 1808 3190 φιλανθρωπία

197 3203 434 3274 βασιλέως
487 3204 816 3260 ἐκκαλεῖται.
869 3207 1006 3270 Ὅση
1054 3209 1144 3256 νῦν
1185 3207 1218 3272 ἡ
1273 3204 1477 3258 τούτων
1527 3207 1704 3282 φορά’
1739 3206 1802 3274 ἤν

1928 1964 2092 2024 tales.
2153 1963 2254 2032 qui
2311 1959 2629 2016 demulceri
2687 1966 2740 2012 et
2801 1955 2950 2011 ﬂecti
3009 1958 3196 2012 verbis
3239 1957 3576 2026 hujusmodi

1921 2067 2290 2124 nequaquam
2352 2050 2597 2118 possint.
2653 2047 2809 2111 Quos
2863 2061 3005 2101 sane
3063 2063 3250 2117 neque
3307 2046 3576 2118 Orpheus

1917 2140 2034 2206 ille,
2095 2141 2399 2195 decantata
2455 2153 2563 2192 sua
2623 2137 2763 2204 lyra,
2821 2135 3152 2205 frequenter
3196 2150 3326 2192 eam
3357 2137 3580 2206 plectro

1918 2245 2281 2302 percurrens,
2325 2233 2388 2281 ut
2430 2242 2588 2294 puro,
2626 2227 2820 2294 aliqua
2855 2239 2924 2279 ex
2955 2229 3116 2293 parte
3152 2225 3526 2296 permulserit
3560 2241 3574 2278 :

1917 2335 2094 2391 quam
2147 2317 2383 2389 quidem
2444 2316 2624 2386 lyram
2684 2313 3049 2368 irrationales
3109 2312 3285 2368 etiam
3321 2317 3568 2367 naturae

1917 2425 2060 2465 sono
2091 2423 2197 2462 suo
2228 2407 2552 2460 trahentem
2585 2403 2636 2457 ei
2666 2401 2952 2472 attingunt
2977 2400 3179 2456 Graeci.
3202 2400 3334 2456 Jam
3360 2407 3572 2471 preter

1917 2498 2030 2552 alia
2052 2497 2195 2550 illud
2229 2493 2398 2566 quale
2427 2499 2535 2556 est,
2573 2493 2727 2563 quod
2780 2488 3001 2544 nullius
3049 2489 3420 2560 sanguinem,
3466 2491 3566 2560 qui

1918 2583 2160 2653 imperio
2225 2584 2298 2636 ob
2354 2583 2716 2650 majestatem
2783 2579 2978 2632 lassam
3037 2575 3321 2631 obnoxius
3375 2577 3570 2642 fuerit,

1918 2673 2214 2727 effundere
2271 2666 2564 2724 volueris?
2621 2667 2780 2731 Quod
2845 2671 2907 2720 tu
2963 2664 3200 2734 quidem
3258 2670 3316 2719 te
3363 2665 3447 2718 ita
3479 2666 3570 2720 la—

1917 2766 2151 2816 cturum
2184 2774 2311 2814 esse
2361 2774 2474 2812 non
2516 2757 2903 2828 jurejurando
2947 2753 3330 2820 confirmasti,
3361 2769 3568 2809 verum

1915 2850 2133 2906 caelesti
2189 2848 2501 2919 prudentia
2549 2853 2831 2915 optimum
2880 2858 3009 2897 esse
3051 2841 3416 2914 maximeque
3458 2842 3569 2897 im-

1915 2941 2076 3009 perio
2123 2938 2432 2993 convenire
2480 2934 2779 3005 judioasti,
2813 2931 2910 3001 qui
2954 2931 3231 2986 nimirum
3265 2936 3324 2986 et
3353 2931 3480 2985 vita:
3512 2936 3574 2985 et

1919 3029 2076 3085 necis
2127 3032 2476 3098 potestatem
2525 3039 2701 3094 penes
2750 3021 2942 3077 solum
2993 3026 3168 3074 Deum
3219 3036 3349 3075 esse
3397 3020 3568 3074 scias.

1919 3121 2286 3174 Incruentam
2329 3115 2483 3170 enim
2529 3126 2764 3182 prorsus
2804 3109 3089 3178 credisque
3136 3125 3341 3178 puram
3387 3109 3571 3163 solam

1918 3207 2147 3278 imperii
2195 3207 2282 3260 tui
2345 3201 2934 3264 administrationem,
2999 3201 3335 3253 universum
3387 3200 3572 3266 jactat

195 3297 511 3364 προήκουσαν
553 3295 790 3367 ὁρῶμεν,
843 3297 938 3346 σού
987 3293 1288 3366 κρίνοντος,
1340 3294 1427 3347 καὶ
1479 3300 1666 3365 τιμαῖς
1717 3297 1806 3348 καὶ

1923 3311 2128 3362 avum,
2175 3311 2300 3364 quae
2349 3294 2521 3347 vitam
2577 3291 2796 3345 felicem
2857 3300 2916 3343 et.
2967 3289 3254 3342 bonorum
3313 3286 3578 3342 omnium

195 3383 506 3458 ςιιλοτιμίαις
567 3383 644 3446 εἷς
700 3381 864 3452 αὔξην
921 3382 1092 3444 οὕτως
1157 3379 1518 3448 ἐπιδιδόντος,
1591 3383 1681 3437 καὶ
1732 3385 1805 3445 εἰς

195 3472 298 3545 μέγα
348 3472 592 3528 ἐντεῦθεν
651 3471 904 3546 αἴροντος
963 3473 1051 3525 καὶ
1104 3471 1337 3544 ατθέριον
1375 3491 1386 3502 ’
1447 3472 1537 3525 καὶ
1591 3470 1805 3544 μᾶλλον

193 3559 257 3614 ἐπὶ
304 3562 492 3638 λόγοις
535 3561 680 3616 τοῦτ’
712 3558 854 3615 ἔστιν
902 3559 1034 3614 ἰδεῖν
1063 3579 1074 3592 ’
1127 3561 1201 3620 ὡς
1255 3565 1452 3632 μικροῦ
1503 3559 1635 3624 δεῖν,
1681 3562 1806 3620 τοὺς

186 3651 274 3704 καθ’
314 3655 465 3725 ἡμᾶς
512 3648 795 3718 ’Έλληνας
843 3651 978 3722 πρὸς
1025 3650 1152 3710 τοὺς
1203 3657 1301 3718 τῆς
1340 3649 1541 3723 τέχνης
1589 3649 1806 3724 εὑρετὰς

185 3737 502 3810 ἁμιλλᾶσθαι
569 3741 890 3809 κὰντεῦθεν,
955 3739 1042 3792 καὶ
1127 3741 1191 3793 τὸ
1254 3744 1488 3812 πρωτεῖν
1557 3739 1616 3792 ἐκ
1697 3743 1806 3791 τῶν

183 3825 476 3906 δευτερείων
528 3825 853 3901 λαμϐάνειν,
911 3831 1140 3890 ἁπάσαις
1191 3832 1396 3905 ψήφοις
1445 3827 1620 3882 δοκεῖν
1651 3850 1662 3862 ·
1710 3830 1804 3882 κᾶν

182 3916 329 3988 οὗτοι,
385 3919 520 3993 περὶ
571 3921 626 3972 σὲ
676 3919 764 3973 καὶ
814 3921 909 3980 τὰς
959 3919 1051 3980 σας
1103 3919 1319 3992 πράξεις
1365 3918 1447 3971 ἀεὶ
1500 3922 1805 3981 πονοῦντες,

181 4005 412 4070 ἐλάττους
446 4006 709 4086 ὤφθησαν
749 4025 761 4038 ·
817 4008 1162 4082 κοταγωνίζῃ
1213 4011 1314 4080 γὰρ
1361 4009 1451 4061 καί
1485 4005 1666 4080 λόγων
1702 4012 1806 4060 πᾶ-

179 4117 256 4150 σαν
319 4099 511 4178 ἴσχὺν,
581 4097 654 4159 εἷς
720 4096 875 4151 τόσον
954 4094 1258 4158 σπουδάσας
1351 4095 1630 4150 ἐπιδοῦναι
1687 4100 1804 4155 ταῖς

179 4184 389 4260 ἀρεταῖς.

1921 3391 2268 3455 proventum
2325 3379 2610 3449 producit.
2669 3376 2828 3441 Quod
2888 3373 3128 3444 quidem
3173 3388 3408 3427 cernere
3441 3372 3574 3427 licet

1920 3486 2053 3526 cum
2096 3472 2154 3524 in
2204 3469 2334 3523 aliis
2388 3463 2818 3522 exundantibus
2865 3461 3390 3517 commoditatibus
3447 3466 3570 3515 tum

1917 3559 1979 3616 in
2025 3575 2093 3615 eo
2143 3559 2301 3629 quod
2334 3563 2504 3610 aatate
2569 3561 2668 3608 tua
2719 3569 2930 3623 magna
2980 3566 3190 3605 rursus
3235 3549 3472 3620 ingenia
3519 3556 3577 3604 et

1917 3651 2072 3705 artes
2122 3645 2502 3701 DOblllSSlmtB
2554 3642 2902 3706 revixerunt,
2945 3647 3002 3694 et
3060 3654 3161 3708 per
3218 3653 3564 3709 prosperum

1917 3752 2253 3794 successum
2306 3733 2378 3788 ad
2437 3747 2735 3788 summum
2807 3733 3234 3800 pervenerunt;
3297 3743 3414 3780 non
3475 3731 3576 3781 tua

1917 3827 2180 3898 quidem,
2215 3825 2312 3877 sed
2357 3821 2612 3878 illarum.
2649 3818 2818 3888 plane
2857 3817 3072 3888 gratia,
3117 3823 3176 3870 ut
3205 3814 3379 3870 simul
3411 3823 3464 3868 et
3499 3821 3578 3870 te-

1917 3917 2024 3970 stis
2054 3928 2252 3967 earum
2305 3925 2482 3976 esses,
2529 3915 2586 3962 et
2640 3910 2970 3976 spectator:
3009 3904 3108 3975 qui
3153 3919 3286 3958 cum
3313 3901 3583 3971 judicare

1918 4003 1988 4058 de
2015 4007 2167 4058 recte
2199 4001 2384 4066 factis,
2439 4007 2564 4052 tum
2606 4011 2881 4067 reponere
2910 4011 2978 4049 ea
3010 3999 3188 4064 atque
3219 3993 3572 4047 remunerari

1917 4092 2166 4148 maxime
2192 4091 2403 4160 possis.
2425 4092 2612 4157 Neque
2635 4103 2774 4140 sane
2796 4084 3090 4139 affirmare
3111 4081 3450 4143 dubitarim,
3477 4087 3575 4136 tua

1915 4182 2100 4254 gratia
2133 4177 2440 4252 primarios
2472 4179 2573 4248 qui
2595 4179 2747 4245 apud
2772 4191 2877 4228 nos
2900 4180 3038 4228 sunt
3059 4172 3240 4239 viros,
3263 4170 3372 4224 sub
3397 4169 3577 4241 impe-

178 4281 248 4334 rio
293 4287 388 4336 tuo
438 4281 636 4336 editos
683 4295 830 4335 esse.
882 4279 940 4334 Si
992 4294 1246 4350 namque
1299 4280 1534 4334 uberem
1585 4279 1878 4331 fructuum
1943 4275 2308 4344 proventum,
2359 4267 2530 4323 sicuti
2582 4266 2812 4330 dicitur,
2869 4269 3187 4333 temperata
3233 4260 3581 4316 constitutio

177 4374 326 4441 atque
385 4372 650 4429 tenuitas
708 4369 1047 4426 circumfusi
1104 4372 1254 4424 aeris
1313 4370 1528 4424 ellicit:
1593 4366 1997 4439 praeclararum
2056 4361 2304 4431 profecto
2364 4359 2578 4412 artium
2637 4366 2691 4411 et
2749 4353 3156 4426 praestantium
3206 4350 3572 4423 ingeniorum

177 4458 591 4518 incrementum
627 4461 973 4532 benignitas,
1011 4460 1451 4514 honorificentia
1479 4463 1536 4511 et
1572 4455 1908 4511 humanitas
1933 4451 2214 4524 principis
2236 4449 2412 4504 elicit.
2441 4446 2635 4512 Qualis
2659 4451 2812 4499 nunc
2835 4458 3034 4498 eorum
3064 4447 3153 4497 est
3176 4441 3341 4508 copia
3367 4456 3378 4494 :
3407 4455 3584 4510 quam

175 4549 392 4619 judicio,
444 4527 798 4606 liberalitate
846 4555 902 4604 et
951 4550 1352 4604 munificentia
1409 4553 1504 4601 tua
1555 4553 1853 4613 tantopere
1900 4541 2198 4614 prolicere,
2250 4537 2548 4607 adaugeri,
2595 4544 2650 4590 et
2697 4539 2768 4588 ad
2819 4534 3026 4589 cmlum
3069 4545 3254 4600 usque
3293 4527 3418 4584 tolli
3453 4545 3584 4583 oon-

179 4617 466 4712 spicimus.
529 4642 692 4707 Quod
754 4642 988 4713 quidem
1051 4641 1108 4694 in
1168 4639 1501 4708 eloquentia
1563 4639 1812 4691 maxime
1860 4632 2055 4687 videre
2105 4637 2214 4695 est,
2273 4631 2340 4682 ut
2385 4642 2562 4697 prope
2620 4630 2955 4680 nostrorum
3013 4629 3348 4690 temporum
3403 4617 3584 4672 erci

180 4745 294 4787 cum
351 4735 498 4806 ipsis
527 4733 671 4786 artis
703 4732 830 4801 ejus
878 4707 1288 4786 inventoribus,
1335 4733 1582 4790 certent,
1645 4723 2000 4798 proindeque
2049 4718 2271 4790 primas
2318 4731 2386 4770 ex
2441 4714 2715 4770 secundis
2766 4715 2972 4778 ferant,
3026 4712 3106 4764 ita
3160 4717 3220 4762 ut
3269 4707 3581 4762 sententiis

181 4795 428 4880 omnium
489 4825 760 4878 videtur:
824 4823 1092 4892 quamvis
1140 4834 1344 4875 omnes
1404 4819 1500 4872 isti
1562 4824 1616 4872 te
1650 4795 1840 4885 atque
1884 4810 2215 4866 actionibus
2263 4812 2380 4859 tuis
2431 4802 2742 4858 laudandis
2799 4800 3083 4871 occupati,
3116 4797 3422 4852 inferiores
3469 4795 3577 4850 hac

181 4911 231 4968 in
293 4921 450 4986 parte
521 4912 906 4982 reperiantur.
981 4911 1168 4981 Longe
1233 4909 1389 4963 enim
1459 4907 1744 4962 orationis
1813 4912 1869 4956 et
1935 4895 2280 4968 eloquentiae
2349 4895 2464 4948 vim
2541 4908 2774 4948 omnem
2845 4905 3140 4961 superas:
3217 4887 3275 4939 in
3347 4890 3578 4940 tantum

181 5002 481 5060 virtutibus
513 5002 794 5056 excellere
825 5000 1120 5056 studuisti.

243 5095 300 5147 Ὀ
341 5093 436 5164 μὲν
482 5089 580 5146 οὗν
651 5089 930 5161 Κορίνθιος
999 5089 1198 5150 ἐκεῖνος
1257 5087 1601 5160 Δημάρατος,
1652 5077 1808 5138 Ἀλέ-

1994 5077 2116 5132 18.
2149 5074 2495 5130 Demaratus
2528 5072 2624 5127 ille
2645 5069 3002 5135 Corinthius,
3027 5082 3162 5122 cum
3189 5063 3583 5118 Alexandrum

1923 5167 2088 5222 Susis
2117 5165 2376 5232 vidisset,
2404 5181 2516 5234 prae
2548 5164 2747 5216 laetitia
2767 5161 3162 5230 illacrymane,
3190 5152 3411 5224 ingenti
3444 5153 3589 5208 dixit

1925 5255 2218 5325 voluptate
2248 5259 2308 5307 et
2345 5252 2584 5322 gaudio,
2633 5251 2729 5319 qui
2777 5257 2909 5302 ante
2927 5250 2988 5301 'id
3026 5256 3256 5314 tempus
3277 5241 3584 5308 obiissent,

1929 5344 2183 5406 orbatos,
2225 5341 2378 5412 quod
2417 5340 2807 5394 Alexandrum
2841 5337 2898 5390 in
2933 5334 3086 5390 Darii
3129 5333 3336 5387 throno
3374 5331 3583 5385 seden-

1930 5436 2048 5488 tem
2098 5447 2212 5485 non
2271 5429 2578 5484 viderint:
2632 5432 2926 5498 praeterea,
2981 5424 3132 5494 quod
3197 5436 3329 5491 pars
3387 5418 3585 5490 aliqua

1929 5522 2120 5576 adhuc
2151 5524 2314 5572 terra:
2363 5517 2612 5572 obscura
2642 5523 2699 5571 et
2747 5513 2868 5570 sole
2919 5526 3124 5568 carens
3155 5507 3379 5578 reliqua
3409 5515 3586 5572 esset,

1933 5624 2059 5680 qua
2109 5605 2380 5662 eumdem
2425 5604 2818 5660 Alexandrum
2869 5617 2985 5656 non
3036 5597 3424 5668 conspexerit.
3467 5594 3586 5666 Ego

1933 5713 2070 5755 vero
2101 5694 2372 5755 dixerim,
2419 5693 2649 5750 laudem
2705 5693 2896 5760 istam,
2929 5706 3107 5762 quam
3141 5687 3296 5744 alius
3332 5690 3590 5753 tempore

184 5178 388 5252 ξτνδρον
446 5181 500 5235 ἐν
562 5180 788 5240 Σούσοις
849 5177 998 5242 ἰδὼν,
1058 5177 1107 5248 ἐξ
1167 5175 1372 5247 ἡδονῆς
1431 5172 1808 5245 ἐπιδακρύσας,

188 5272 417 5343 μεγάλης
469 5267 574 5347 ἔφη
625 5273 799 5344 χαρᾶς
849 5268 1162 5342 ἐστερῆσθαι
1203 5267 1329 5326 τοὺς
1385 5265 1683 5338 ἔμπροσθεν
1727 5282 1814 5314 τε·-

187 5359 456 5428 θνηκότας,
492 5359 577 5414 ὅτι
629 5356 980 5430 Ἀλέξανδρον
1025 5358 1123 5410 οὐκ
1173 5354 1312 5409 εἶδον
1364 5355 1414 5408 ἐν
1465 5359 1543 5423 τῷ
1592 5351 1815 5424 Δαρείου

189 5445 346 5520 θρόνῳ
377 5449 725 5520 καθήμενον·
775 5448 907 5518 πρὸς
943 5445 989 5499 δ’
1029 5444 1110 5498 ὅτι
1161 5445 1250 5498 καὶ
1298 5446 1398 5516 γῆς
1449 5442 1672 5510 ἀνήλιον
1720 5439 1812 5510 μὲ-

191 5555 271 5609 ρος
307 5534 536 5610 ἔμεινεν,
600 5535 734 5610 ὅπερ
793 5535 892 5589 οὐκ
947 5531 1082 5588 εἶδεν
1144 5531 1509 5605 Ἀλέξανδρον.
1569 5530 1714 5604 Ἐγὼ
1772 5525 1818 5580 δ’

193 5621 244 5676 ἄν
272 5627 454 5704 φαίην,
489 5627 678 5698 ὅτιπερ
717 5625 776 5678 ὃν
827 5620 1000 5678 ἄλλοι·
1049 5616 1266 5676 ἔπαινον
1311 5624 1390 5690 τῷ
1433 5620 1622 5696 χρόνῳ
1651 5613 1822 5691 προῦ-

193 5709 366 5784 λαϐεν,
423 5715 510 5770 ἐπὶ
570 5715 656 5768 σοί
713 5733 775 5788 γε
821 5713 1030 5766 κεῖσθαι
1092 5708 1306 5782 μᾶλλον
1365 5709 1649 5782 προσήκει.
1708 5704 1819 5762 Ἑνὶ
