4096 6284
541 345 660 409 579
1839 347 2259 412 NICEPHORI

542 481 870 554 occupavit,
900 480 961 537 in
991 483 1050 536 te
1079 479 1264 536 multo
1296 480 1486 551 magis
1517 485 1864 552 competere.
1889 482 2186 553 At1ueille
2216 486 2268 553 Α

542 573 696 629 dicto
727 572 933 628 eodem
965 569 1356 625 Alexandrum
1390 569 1625 641 quidem
1649 572 1896 640 ornavit,
1929 572 1999 628 ad
2031 577 2195 628 tuam

541 667 736 718 autem
789 659 1299 732 pratantissimam
1353 659 1583 730 imperii
1625 661 2194 718 administrationem

540 752 877 822 respiciens,
911 749 1143 804 laudem
1185 754 1412 805 tantam
1454 748 1676 804 retulit.
1709 749 1874 814 Quod
1909 750 1958 805 si
1998 757 2054 805 et
2086 751 2194 808 hoc

539 843 730 899 dicere
761 845 1008 912 oportet,
1041 856 1219 911 quam
1252 839 1470 911 insigni
1501 839 1680 895 animi
1711 839 1908 894 laetitia
1934 839 2193 895 caruisse

539 936 730 1004 putas,
775 930 1176 1003 septenarium
1244 930 1568 986 divinorum
1630 928 1932 1000 religionis
1981 935 2192 984 nostrae

534 1022 792 1076 virorum
829 1025 1204 1087 conventum,
1251 1020 1405 1090 quod
1437 1024 1492 1074 te
1521 1018 1699 1074 simul
1731 1035 1865 1073 cum
1897 1019 1982 1074 eis
2014 1035 2192 1075 corur

535 1116 822 1177 scantem,
854 1107 1030 1164 veluti
1061 1110 1376 1178 ingentem,
1412 1123 1590 1179 opum
1622 1109 2040 1177 accessionem,
2071 1125 2189 1164 non

534 1198 838 1254 viderint?
867 1198 1247 1254 Potissimum
1275 1213 1406 1252 vero
1438 1198 1695 1268 primum
1726 1197 1917 1266 illum,
1953 1198 2050 1268 qui
2072 1197 2191 1254 Tri-

537 1287 740 1343 uitatis
777 1287 1052 1357 mysterio
1091 1291 1182 1342 est
1224 1285 1662 1354 cobonestatus,
1705 1286 1861 1356 quod
1905 1291 1960 1341 te
1993 1303 2188 1342 asses-

535 1393 748 1446 sorem,
799 1393 901 1432 seu
936 1375 1127 1447 potius
1173 1375 1368 1430 throni
1399 1375 1572 1430 simul
1612 1384 1666 1430 et
1696 1373 1923 1445 imperii
1965 1380 2095 1446 post
2123 1391 2188 1431 se

534 1466 732 1523 statim
765 1481 1162 1522 successorem
1193 1479 1533 1536 germanum
1566 1479 1682 1519 non
1713 1463 1997 1531 habuerit,
2045 1481 2186 1536 pro-

534 1555 802 1610 fessionis
850 1553 984 1610 ﬁdei
1035 1558 1247 1609 nostrae
1299 1553 1528 1621 ducem,
1579 1559 1636 1608 et
1691 1569 1888 1608 revera
1953 1559 2180 1623 patrem

531 1649 706 1700 tuum
755 1643 1228 1712 Constantinum,
1275 1658 1558 1714 magnum
1610 1643 1762 1713 apud
1821 1641 2182 1698 Christianos

534 1733 788 1792 nomen?
811 1736 936 1791 Non
959 1740 1122 1790 tanta
1144 1733 1435 1805 siquidem
1457 1733 1830 1790 inimicorum
1859 1732 2179 1790 multitudo

531 1827 818 1890 irruisset,
851 1825 1159 1881 verborum
1193 1839 1463 1896 perversa
1499 1825 1755 1879 versutia
1783 1823 2176 1880 sinceritatem

532 1916 666 1972 ﬁdei
699 1916 954 1970 miscens
984 1919 1155 1985 atque
1187 1913 1544 1970 concutiens.
1570 1915 1872 1969 Enimvero
1893 1913 2176 1986 singulari

531 2006 786 2076 quadam
818 2002 1180 2076 providentia
1218 2004 1370 2059 Deus
1401 2010 1478 2070 te,
1511 2003 1675 2060 nulla
1703 2019 1762 2058 se
1788 2002 1907 2059 illis
1935 2003 2178 2058 inferio-

531 2109 676 2164 rem,
745 2094 1240 2166 quemadmodum
1304 2092 1592 2164 quoddam
1658 2094 1882 2165 pondus
1937 2090 2177 2164 aqualis

529 2183 813 2239 momenti
846 2183 906 2238 in
939 2182 1100 2238 lance
1131 2197 1450 2253 opponens,
1483 2181 2036 2253 convenientemque
2059 2196 2174 2235 ma-

527 2271 816 2344 gnitudini
865 2271 1092 2344 imperii
1137 2278 1389 2326 mentem
1433 2269 1692 2326 simulet
1721 2286 1950 2326 morum
1985 2269 2179 2340 digni-

526 2365 707 2418 tatem
737 2360 1020 2430 tribuens,
1051 2375 1234 2431 eoque
1255 2360 1622 2432 experientiae
1650 2367 1703 2416 et
1735 2358 2012 2415 bonitatis
2043 2374 2177 2430 pro-

525 2467 815 2523 gressum,
867 2466 1058 2506 rerum
1105 2449 1603 2505 administrationi
1652 2449 2015 2520 temporibus
2067 2465 2178 2504 no-

524 2543 664 2598 stris
697 2540 964 2611 prtefecit,
997 2543 1062 2595 ut
1082 2555 1178 2595 eas
1207 2555 1386 2610 quam
1418 2539 1638 2610 optimc
1669 2539 2046 2611 gubernares,
2070 2555 2177 2595 nec

525 2648 630 2686 nos
659 2647 886 2700 prorsus
922 2645 1162 2702 pessum
1197 2629 1444 2686 iremus.
1485 2628 1623 2692 Quis
1663 2628 1820 2684 enim
1852 2629 2175 2685 suffecisset

525 2721 698 2788 alius,
731 2721 834 2792 qui
868 2727 952 2776 tot
980 2725 1036 2776 et
1063 2720 1247 2776 tantis
1296 2718 1470 2774 malis
1501 2719 1889 2790 undequaque
1918 2719 2176 2776 circum-

527 2807 843 2863 ﬂuentibus
873 2806 1104 2863 obviam
1146 2805 1276 2873 iret,
1317 2821 1497 2876 quam
1533 2809 1596 2860 tu
1636 2805 1782 2876 ipse,
1815 2805 1914 2876 qui
1945 2806 2174 2862 fortitu-

525 2896 660 2953 dine
691 2899 748 2954 et
779 2895 1084 2968 prudentia
1111 2899 1170 2951 et
1197 2895 1296 2951 Dei
1329 2895 1493 2950 cultu
1525 2895 1726 2966 justus
1762 2911 1825 2952 es
1847 2896 2176 2966 judicatus,

523 2988 1006 3060 temporibusque
1046 2987 1264 3044 nostris
1303 2987 1450 3042 alter
1491 2987 1732 3060 quidam
1776 2987 1894 3044 Noe
1928 2993 2030 3044 aut
2058 2989 2178 3045 Mo-

523 3095 618 3136 ses
647 3077 1033 3146 existimatus,
1058 3078 1274 3150 scapha
1303 3081 1360 3134 et
1391 3077 1542 3147 ligno
1565 3093 1792 3133 crucem
1823 3078 2180 3135 adumbran-

524 3168 702 3237 tibus,
727 3171 784 3224 et
801 3183 1196 3223 aerumnarum
1220 3165 1494 3222 ﬂuctibus
1523 3167 1877 3234 subducens,
1910 3173 1968 3223 et
1999 3185 2178 3238 popu-

521 3258 646 3314 lum
679 3262 844 3313 tuum
881 3274 914 3312 a
951 3257 1425 3328 persecutoribus
1453 3255 1729 3327 eripiens,
1764 3260 1821 3310 et
1850 3258 2179 3328 percutiens
2211 3241 2260 3308 C

522 3347 598 3403 iis
658 3351 831 3419 atque
896 3347 1277 3418 submergens
1349 3349 1784 3416 persequentes,
1855 3349 2030 3418 atque
2083 3362 2181 3416 per

525 3452 766 3493 manum
797 3435 892 3492 Dei
924 3441 1139 3507 troptea
1168 3434 1388 3506 ubique
1434 3435 1712 3502 excitans,
1763 3436 2179 3507 magniﬁcam-

523 3544 636 3599 que
665 3525 869 3581 mundi
902 3539 1106 3580 navem
1141 3524 1448 3597 magniﬁce
1495 3525 1684 3581 crucis
1731 3524 1858 3582 velo
1910 3527 2043 3582 novi
2070 3543 2178 3584 or-

521 3617 612 3673 bis
637 3616 860 3672 semina
889 3620 1334 3670 conservantam
1365 3613 1697 3686 gubernans
1723 3631 1737 3670 :
1777 3617 1874 3670 I4
1894 3622 1991 3671 aut
2022 3616 2175 3688 ignis

522 3725 755 3783 quoque
801 3707 1076 3764 columna
1132 3724 1371 3780 prorsus
1427 3706 1688 3774 habitus,
1744 3707 1920 3764 veluti
1959 3725 2176 3765 novum

520 3799 814 3863 Israelem,
867 3814 973 3853 nos
1023 3795 1252 3853 creteste
1300 3795 1566 3854 videlicet
1606 3813 1829 3866 semen,
1873 3799 1944 3853 ad
1977 3815 2177 3854 veram

2303 349 2655 413 CALLISTI
3805 356 3915 418 580
4020 291 4026 458 Ι]

2300 483 2404 558 γὰρ
2457 482 2634 559 λόγῳ,
2679 489 2878 557 κοσμεῖ
2943 485 3036 558 μὲν
3089 483 3291 540 ἐκεῖνον
3315 501 3328 516 ⁸
3361 485 3497 557 πρὸς
3524 487 3582 542 σὲ
3623 483 3678 542 δὲ
3716 488 3800 543 καὶ
3824 490 3910 558 τὴν

2308 573 2405 640 σήν
2438 571 2663 648 ἀρίστην
2701 572 2918 645 βλὲπων
2947 573 3148 648 ἀρχὴν,
3185 573 3276 629 τὸν
3313 569 3523 631 ἔπαινον
3564 575 3910 650 ἐμνηστεύετο.

2304 661 2369 716 Εἰ
2401 659 2459 717 δὲ
2490 663 2602 737 χρὴ
2632 662 2724 716 καὶ
2764 667 2930 718 τοῦτο
2970 664 3148 742 φάναι,
3193 663 3370 734 πόσης
3409 662 3512 720 οίέι
3553 663 3808 738 θυμηδίας
3844 664 3914 721 ἒν-

2305 747 2396 806 δεᾶ
2453 751 2768 807 καθεστάναι
2823 753 2913 806 καὶ
2968 753 3062 808 τὸν
3120 751 3450 827 ἐπτάριθμον
3507 751 3770 830 σύλλογον
3821 759 3911 810 τῶν

2303 842 2420 894 καθ’
2467 843 2616 913 ἡμᾶς
2665 839 2939 918 θεοφόρων
2990 837 3223 916 ἀνδρῶν,
3274 841 3358 905 οἷς
3407 843 3483 914 μή
3533 862 3588 896 σε
3651 845 3912 913 συναστρά-

2301 951 2507 985 πτοντα
2552 931 2772 992 τούτοις
2822 928 3206 1001 ἐπλούτησανς
3255 931 3346 985 καὶ
3399 929 3617 1004 μάλισθ’
3655 933 3683 987 ὁ
3720 937 3914 1007 πρῶτος

2300 1018 2498 1082 ἐκεῖνος
2555 1021 2648 1075 καὶ
2693 1023 2773 1091 τῷ
2825 1026 2926 1089 τῆς
2982 1017 3208 1092 Τριᾶδος
3261 1021 3544 1094 μυστηρίῳ
3599 1022 3912 1094 τιμώμενος,

2301 1108 2386 1165 ὅτι
2446 1114 2521 1183 μή
2573 1105 2828 1182 συνεδρον
2877 1109 2914 1178 ἢ
2963 1113 3094 1184 γοῦν
3151 1109 3242 1164 καὶ
3299 1114 3394 1164 τοῦ
3452 1111 3645 1185 θρόνου
3699 1111 3784 1165 καὶ
3833 1113 3913 1164 τοῦ

2298 1199 2530 1274 κράτους
2575 1198 2730 1261 εὐθὺς
2772 1199 2887 1271 μετ’
2925 1199 3126 1254 ἐκεῖνον
3165 1196 3454 1274 διάδοχον,
3511 1201 3539 1254 ὁ
3565 1207 3664 1268 τῆς
3703 1199 3910 1262 πίστεως

2297 1291 2458 1362 ἡμῶν
2499 1289 2748 1363 ἀρχηγός
2793 1288 2883 1343 καὶ
2933 1292 3052 1348 ταῖς
3100 1287 3380 1358 ἀληθείαις
3431 1289 3522 1352 σὸς
3569 1289 3743 1362 πατὴρ
3789 1297 3914 1345 Κων-

2298 1383 2595 1448 σταντῖνος,
2663 1379 2726 1432 τὸ
2797 1377 2936 1454 μέγα
3009 1383 3364 1450 Χριπιανοῖς
3445 1380 3638 1452 ὄνομα,
3701 1379 3913 1454 γνησίως

2295 1465 2572 1542 ἐχρήσατο
2607 1486 2621 1536 ;
2671 1465 2707 1536 ἢ
2747 1467 2849 1540 γάρ
2889 1463 2952 1520 ἂν
2994 1465 3093 1521 οὐκ
3131 1467 3190 1521 ἂν
3240 1471 3499 1522 τοσοῦτον
3551 1467 3769 1544 εἶσέῥρει
3813 1472 3908 1521 ori.-

2294 1579 2363 1632 φο
2417 1555 2662 1630 ἒχθρῶν,
2714 1557 2815 1625 τὴν
2859 1555 3127 1633 ἀκραιφῦἤ
3179 1555 3356 1610 πίστιν
3399 1559 3630 1633 συγχέον
3669 1558 3752 1610 καὶ
3791 1577 3908 1630 συγ-

2294 1647 2548 1716 κλονουν,
2603 1651 2720 1708 ταῖς
2775 1667 2882 1700 των
2942 1643 3118 1720 λόγων
3183 1641 3566 1720 στρεϐλότησι.
3628 1647 3730 1702 Κάν
3781 1649 3904 1720 σοφῇ

2291 1757 2396 1792 τινι
2454 1735 2680 1810 προνοίᾳ
2725 1735 2853 1796 Θεός
2901 1755 2959 1789 τε
3013 1736 3128 1790 κατ’
3187 1731 3339 1790 οὐδὲν
3396 1735 3612 1791 ἐκείνων
3671 1733 3908 1808 λειπόμε-

2291 1847 2405 1894 νον,
2439 1825 2620 1899 ὥσπερ
2667 1847 2719 1880 τι
2772 1823 2939 1900 βάρος
2984 1822 3462 1886 ἂντιταλαντεύσας
3512 1825 3724 1887 τούτοις
3767 1829 3906 1878 πᾶσιν

2287 1914 2604 1990 ἶσόῤῥοπον,
2652 1913 2914 1989 ἒχέγγυόν
2958 1934 3017 1968 τε
3063 1917 3142 1985 τῷ
3190 1915 3404 1990 μεγέθει
3445 1921 3550 1984 τῆς
3598 1914 3790 1993 ἀρχῆς,
3827 1912 3906 1967 καὶ

2289 2005 2545 2083 φρόνημα
2585 2002 2672 2058 καὶ
2719 2004 2782 2059 τὸ
2828 2007 2926 2058 τοῦ
2973 2003 3147 2072 ἤθους
3199 2003 3413 2076 ἀξίωμα
3460 2002 3774 2082 παρασχὼν,
3821 2001 3906 2075 ἐμ-

2285 2093 2498 2170 πειρίας
2543 2113 2602 2148 τε
2647 2092 2739 2148 καὶ
2788 2092 3168 2166 χρηστότητος
3223 2092 3360 2147 κατὰ
3414 2096 3580 2156 τοῦτο
3630 2093 3904 2168 γεγενημέ-

2286 2205 2398 2254 νον,
2455 2188 2572 2245 τοῖς
2635 2184 2754 2237 καθ’
2799 2183 2948 2255 ἡμᾶς
2986 2179 3248 2252 ἐπέστησε
3292 2183 3626 2258 πράγμασιν,
3670 2183 3742 2245 ὡς
3770 2179 3824 2235 ἃν
3851 2199 3905 2255 γε

2286 2270 2406 2342 εἴης
2464 2271 2611 2324 ταῦτ’
2669 2268 2860 2343 ἄριστα
2920 2267 3196 2338 διιθύνων,
3249 2267 3344 2324 ’ίνα
3404 2272 3481 2342 μὴ
3544 2269 3906 2346 παραρῥνῶμεν

2286 2361 2612 2416 παντάπασι.
2673 2359 2760 2422 Τίς
2815 2358 2918 2433 γὰρ
2970 2358 3028 2413 ἂν
3084 2359 3308 2432 ἤρκεσεν
3362 2355 3548 2434 ἕτερος
3591 2359 3767 2421 τόσοις
3818 2357 3907 2412 ἆν-

2284 2445 2542 2505 τιϐαίνειν
2599 2445 2846 2516 δεινοῖς;
2905 2447 2988 2502 ὅτι
3048 2446 3319 2503 πλείστων
3369 2449 3522 2522 μάλα
3594 2446 3774 2521 κύκλῳ
3819 2467 3907 2502 πε-

2287 2539 2631 2616 ριῤῥεόντων,
2695 2537 2741 2594 εί
2803 2539 2880 2611 μή
2935 2537 2999 2592 οὐ
3039 2538 3087 2612 γ’
3135 2537 3295 2600 αὐτὸς
3346 2535 3542 2613 ἀνδρίᾳ
3588 2540 3675 2594 καὶ
3729 2537 3903 2592 συνέσει

2286 2629 2378 2685 καὶ
2427 2623 2700 2700 θεοσεϐείᾳ
2741 2626 2944 2703 κριθείς
2995 2624 3224 2698 δίκαιος,
3278 2629 3463 2702 χρόνῳ
3511 2627 3648 2699 δῆτα
3692 2631 3764 2699 τῷ
3803 2626 3906 2681 καθ’

2287 2721 2434 2792 ἡμᾶς
2493 2719 2618 2774 Νῶὲ
2661 2738 2744 2779 τις
2787 2715 2960 2780 ἄλλος
2989 2715 3024 2786 ἧ
3059 2722 3296 2786 Μωΰσῆς
3347 2712 3560 2792 ὤφθης,
3611 2717 3786 2796 σκάφει
3828 2714 3904 2768 καὶ

2289 2807 2434 2880 ξύλῳ
2484 2806 2709 2881 σταυρὸν
2758 2805 3082 2874 είκονίζουσι
3125 2809 3224 2860 τοῦ
3271 2803 3558 2868 κλύδωνος
3587 2811 3692 2862 τῶν
3740 2803 3902 2860 δεινῶν

2291 2896 2592 2975 ὑπεξάγων,
2634 2897 2723 2953 καὶ
2765 2897 2856 2952 τὸν
2910 2898 3000 2975 σὸν
3049 2893 3182 2951 λαὸν
3231 2901 3339 2951 τῶν
3392 2893 3646 2953 διωκτῶν
3693 2895 3905 2975 ὑφαρπά-

2291 2993 2415 3058 ζων,
2471 2972 2562 3043 καὶ
2617 2990 2832 3047 τούτοις
2889 2972 3150 3056 πλήττων
3205 2985 3293 3040 καὶ
3349 2972 3752 3057 καταποντίζων
3799 2983 3896 3038 ἐπι-

2291 3075 2606 3144 διώκοντας,
2663 3076 2750 3130 καὶ
2811 3074 2959 3152 χειρὶ
3016 3079 3150 3129 Θεοῦ
3193 3073 3430 3150 τρόπαια
3480 3075 3703 3152 ἐγείρων
3754 3073 3894 3127 ἀπαν-

2289 3171 2486 3246 ταχοῦ,
2517 3167 2604 3222 καὶ
2646 3168 2745 3236 τὴν
2795 3165 3067 3236 κοσμικὴν
3123 3163 3376 3239 λαμπρὰν
3416 3164 3688 3241 λαμπρῶς
3724 3161 3898 3219 ὁλκάδα

2288 3260 2366 3328 τῷ
2405 3259 2675 3330 σταυρικῷ
2733 3248 3096 3326 διακυϐερνῶν
3147 3252 3327 3325 ἱστίῳ,
3376 3253 3595 3328 κόσμου
3645 3253 3757 3310 νέου
3798 3249 3901 3305 δια-

2289 3346 2563 3415 σώζουσαν
2621 3345 2922 3416 σπέρματα,
2980 3341 3015 3410 ἢ
3068 3341 3159 3396 καὶ
3217 3340 3414 3406 στῦλος
3464 3345 3640 3418 πυρὸς
3687 3345 3902 3415 ἄντικρυς

2287 3434 2666 3511 χρηματίζων,
2719 3434 2810 3488 ἅτε
2860 3429 2927 3502 δὴ
2973 3432 3063 3486 τὸν
3113 3433 3231 3486 νὲον
3292 3432 3544 3508 Ἰσραὴλ,
3602 3434 3744 3507 ἡμᾶς
3793 3426 3906 3496 ὁδη-

2287 3528 2398 3600 γῶν
2455 3525 2591 3599 πρὸς
2681 3516 2950 3578 εὐσέϐειαν
3013 3520 3259 3596 οὐράνιον
3345 3518 3510 3592 δῆθεν
3577 3523 3824 3596 σπέρμαο
3876 3514 3908 3583 ἢ

2286 3618 2418 3689 γοῦν
2468 3614 2600 3676 ὀπὸς
2647 3612 2814 3688 ἱερὸς,
2863 3613 2898 3682 ἢ
2939 3632 2992 3666 τι
3040 3612 3183 3666 θεῖον
3236 3609 3393 3679 ἅλας,
3446 3611 3808 3690 εύαγγελικῶς
3847 3606 3914 3662 εἱ-

2287 3709 2430 3772 πεῖν,
2479 3703 2613 3758 κατὰ
2664 3703 2854 3776 καιρὸν
2903 3703 3038 3775 ἡμῖν
3093 3695 3410 3774 ἐμϐλυθεῖς,
3463 3698 3913 3778 ὐποχαυνομὲνοις

2287 3792 2377 3850 καί
2409 3791 2751 3869 διαῤῥέουσιν
2781 3813 2796 3861 ς

520 3889 792 3960 pietatem
842 3887 1200 3958 producens;
1249 3892 1350 3942 aut
1397 3901 1538 3940 sane
1588 3884 1780 3958 liquor
1836 3901 1940 3942 seu
1971 3903 2184 3944 succus
2217 3901 2400 3946 sacer,
2433 3889 2536 3938 aut
2574 3882 2660 3939 sal
2691 3881 2933 3954 quidam
2959 3879 3209 3950 divinus,
3241 3883 3306 3936 ut
3337 3880 3683 3954 Evangelice
3714 3878 3909 3944 dicam,

517 3994 624 4034 suo
658 3977 828 4048 plane
859 3981 1119 4046 tempore
1149 3975 1318 4031 nobis
1345 3976 1466 4045 jam
1500 3975 1871 4031 faticentibus
1902 3981 2075 4048 atque
2111 3974 2516 4031 difﬂuentibus
2553 3973 2803 4042 injectus
2823 3970 2852 4026 ?

587 4066 700 4122 Sed
740 4065 880 4137 quid
926 4064 1080 4136 ego?
1127 4064 1188 4120 Si
1231 4064 1388 4120 enim
1434 4063 1884 4136 quamplurima
1931 4066 2178 4122 dicendo

515 4156 605 4212 vel
637 4155 942 4211 minimam
975 4157 1200 4224 partem
1233 4159 1385 4208 recte
1415 4154 1699 4209 factorum
1736 4159 1971 4211 tuorum
2005 4155 2176 4210 attin-

516 4259 647 4318 gere
677 4260 932 4315 possem,
977 4242 1120 4299 nihil
1168 4259 1411 4314 prorsus
1456 4242 1825 4298 difﬁcultatis
1858 4248 1960 4298 aut
1992 4243 2174 4299 mole-

517 4337 646 4393 stiae
702 4333 947 4390 orationi
1009 4333 1260 4388 adesset.
1295 4333 1778 4405 Quandoquidem
1814 4350 1943 4390 vero
1971 4335 2175 4403 verba,

517 4425 747 4483 etiamsi
799 4423 1055 4480 omnium
1103 4421 1272 4495 longe
1313 4423 1536 4495 Optima
1578 4425 1636 4478 in
1689 4425 1949 4480 medium
1982 4425 2177 4495 profe-

517 4519 740 4584 rantur,
773 4515 975 4571 cedere
1005 4518 1201 4568 tamen
1235 4513 1553 4585 plurimum
1587 4515 1764 4569 rebus
1795 4513 1937 4584 ipsis
1968 4531 2174 4570 neces-
2209 4499 2253 4564 D

517 4605 672 4662 sario
705 4607 986 4675 oporteat,
1036 4619 1106 4658 ne
1137 4619 1206 4659 ea
1257 4603 1680 4658 accumulando
1732 4603 1882 4658 ultra
1931 4605 2174 4659 modum

518 4695 787 4769 progredi
821 4694 1042 4759 videar,
1084 4693 1182 4750 ubi
1223 4710 1412 4765 pauca
1448 4695 1714 4766 quaedam
1757 4693 2055 4764 addidero,
2100 4694 2171 4749 ad

519 4788 922 4856 argumentum
948 4782 1200 4839 historias
1247 4783 1608 4854 propositum
1644 4783 2015 4839 descendam.
2038 4783 2174 4846 Quae

518 4875 672 4931 enim
707 4872 809 4928 tibi
857 4873 1013 4928 Deus
1068 4871 1405 4928 exuberanti
1457 4889 1636 4928 manu
1677 4873 1830 4928 bona
1867 4872 2172 4943 concessit,

518 4974 572 5020 et
617 4978 797 5035 quam
851 4961 1260 5018 munificentiae
1315 4962 1557 5032 gratiam
1616 4961 1834 5034 prolixe
1884 4961 2170 5031 praestitit.

519 5055 793 5125 quisnam
841 5051 988 5108 satis
1039 5049 1128 5106 vel
1185 5050 1445 5106 oratione
1494 5051 1787 5123 prosequi,
1837 5050 1923 5106 vel
1981 5058 2175 5107 mente

520 5142 825 5212 concipere
857 5141 1078 5212 queat?
1105 5140 1368 5210 quamvis
1401 5157 1518 5195 una
1547 5156 1680 5196 cum
1713 5140 1931 5196 Gratiis
1961 5143 2017 5196 et
2047 5144 2175 5196 Mu-

521 5233 602 5287 sis
633 5229 903 5286 omnibus
934 5235 990 5286 et
1019 5229 1288 5302 pluribus
1314 5245 1493 5300 quam
1525 5246 1672 5300 quas
1704 5229 1989 5286 Homerus
2008 5228 2172 5294 dixit,

521 5319 879 5392 capillosque
938 5324 1169 5374 nostros
1231 5334 1470 5374 numero
1520 5320 1887 5390 aequantibus
1939 5317 2172 5388 linguis.

520 5409 826 5476 insistens,
887 5424 978 5464 res
1033 5413 1166 5462 tuas
1224 5409 1621 5478 exsequendas
1661 5409 1775 5464 sibi
1844 5406 2176 5480 proponat?

521 5498 682 5554 Adeo
738 5497 892 5552 enim
944 5495 1090 5551 nihil
1141 5495 1250 5551 sibi
1299 5496 1514 5553 dixisse
1551 5497 1863 5566 videbitur,
1897 5499 1960 5551 ut
1991 5495 2176 5567 paeni-

522 5586 710 5644 tentia
742 5593 958 5656 postea,
988 5586 1085 5656 qui
1135 5585 1312 5640 semel
1345 5585 1653 5642 dicendum
1699 5587 1806 5642 sibi
1848 5585 2171 5657 quidquam

525 5673 857 5749 sumpserit,
890 5674 1155 5731 ducatur.
1191 5674 1333 5730 Mihi
1364 5691 1496 5732 vero
1527 5677 1667 5732 satis
1708 5676 1907 5743 fuerit,
1956 5675 2055 5732 ubi
2105 5691 2172 5732 ea

2355 4059 2535 4118 Ἀλλὰ
2561 4060 2611 4116 τί
2667 4081 2760 4133 μοι
2809 4063 3014 4128 ταῦτας
3055 4057 3118 4113 Εἰ
3164 4059 3258 4131 μὲν
3295 4060 3361 4127 ἧν
3412 4059 3633 4115 εἰπόντα
3678 4058 3911 4122 πλεῖστα,

2286 4152 2382 4206 κᾶν
2445 4151 2624 4224 βραχύ
2682 4170 2734 4204 τι
2781 4152 2878 4203 τοῦ
2923 4147 3018 4203 σοῦ
3063 4149 3406 4219 καθήκοντος
3457 4147 3908 4226 προσεφάψασθαι,

2288 4238 2437 4295 οὐδὲν
2495 4262 2549 4294 τι
2603 4244 2827 4314 πρᾶγμα
2883 4239 3097 4301 πάντως
3150 4241 3228 4308 τῷ
3285 4235 3444 4314 λόγῳ
3521 4244 3730 4312 προσῆν
3763 4256 3775 4269 ·
3830 4237 3910 4286 νῦν

2287 4328 2473 4400 ἐπειδὴ
2509 4330 2708 4403 ἀνάγκη
2738 4327 2864 4390 τοὺς
2898 4326 3098 4401 λόγους
3128 4327 3356 4382 κατόπιν
3403 4331 3512 4383 τῶν
3555 4325 3726 4404 ἔργων
3773 4323 3915 4400 ἔρχε-

2287 4423 2427 4492 σθαι,
2486 4419 2582 4474 κᾶν
2639 4419 2706 4474 τὰ
2751 4419 3009 4492 κράτισνα
3055 4417 3270 4471 πάντων
3319 4415 3664 4493 εἰσφέρωσιν,
3707 4413 3793 4469 ’ίνα
3841 4411 3907 4485 μὴ

2284 4511 2375 4567 καὶ
2433 4509 2608 4564 πλείω
2667 4506 2846 4585 λέγων
2895 4511 2991 4562 τοῦ
3043 4508 3243 4580 μέτρου
3300 4506 3438 4580 πέρα
3487 4505 3626 4578 δόξω
3669 4505 3911 4580 περιέναι,

2292 4602 2486 4680 βραχέ’
2514 4599 2646 4656 ἄττα
2676 4599 2953 4674 προσθεὶς,
2998 4597 3084 4652 ἐπὶ
3135 4598 3231 4667 τήν
3279 4596 3569 4674 ὑπόσχεσιν
3607 4601 3712 4652 τῶν
3745 4593 3910 4666 λόγων

2283 4691 2567 4768 ἀφίξομαι.
2610 4691 2743 4745 Ὀσα
2785 4689 2878 4760 μὲν
2917 4690 3018 4763 γάρ
3060 4708 3144 4742 σοι
3185 4687 3318 4751 Θεὸς
3365 4687 3584 4764 ἀφθόνῳ
3635 4685 3774 4762 χειρὶ
3812 4701 3912 4768 παῖ-

2285 4765 2449 4856 ρέσχε
2500 4781 2606 4831 τῶν
2649 4775 2892 4848 ἀγαθῶν,
2942 4775 3032 4828 καὶ
3071 4773 3324 4836 ἐπιεικῶς
3370 4774 3457 4828 σοί
3485 4794 3546 4847 γε
3589 4775 3651 4829 τὸ
3698 4778 3794 4841 τῆς
3825 4765 3916 4844 χάο

2287 4887 2434 4944 ριτος
2493 4865 2790 4943 φιλότιμον
2851 4861 3174 4932 ἐπεδείξατο,
3242 4863 3324 4925 τίς
3381 4863 3564 4924 ἱκανὸς
3623 4862 3710 4916 καὶ
3770 4857 3909 4931 λόγῳ

2283 4957 2480 5033 φράσαι
2514 4953 2605 5011 λαὶ
2647 4959 2725 5026 νῷ
2773 4951 3210 5028 περιλήψεσθαι;
3255 4952 3350 5008 κᾶν
3402 4952 3448 5008 εί
3499 4951 3633 5025 μετὰ
3681 4946 3908 5029 χαρίτων

2282 5046 2373 5100 καὶ
2433 5048 2650 5118 μουσῶν
2705 5044 2925 5098 ἁπασῶν
2981 5040 3071 5096 καὶ
3127 5039 3391 5117 γλωσσῶν
3441 5039 3738 5095 πλειόντων
3782 5034 3908 5105 ἢπερ

2285 5137 2408 5196 ὅσας
2465 5136 2712 5206 Ὅμηρος
2767 5129 2974 5206 ε’ίρηκε,
3033 5130 3122 5186 καὶ
3182 5127 3377 5208 σχεδὸν
3448 5135 3566 5190 ταῖς
3637 5124 3910 5201 ἡμετέραις

2283 5223 2570 5299 ῒσάριθμον
2615 5222 2784 5295 θριξὶν
2826 5221 3020 5289 ἐπέστη
3069 5241 3176 5288 τις,
3225 5218 3377 5296 ἔργον
3425 5219 3492 5275 τὰ
3539 5219 3606 5273 σὰ
3658 5214 3908 5286 ποιούμε·

2280 5334 2394 5380 νος,
2430 5313 2588 5367 τόσον
2637 5307 2796 5390 ὤφθη
2851 5308 3023 5383 μηδὲν
3072 5309 3270 5374 οἰπὼν,
3323 5310 3449 5364 ὥστ’
3496 5306 3682 5364 ἔπειτα
3724 5302 3788 5372 δὴ
3829 5299 3905 5356 καὶ

2287 5400 2593 5476 μετάμελος
2644 5400 2844 5456 ἐκεῖνον
2889 5400 3024 5468 εἷλε,
3071 5398 3308 5470 καθάπαξ
3361 5397 3538 5473 λέγειν
3587 5390 3910 5476 ἐπιϐαλόμε-

2281 5513 2393 5550 νον.
2443 5491 2602 5562 Ἐμοὶ
2653 5487 2700 5544 δ’
2748 5487 2958 5563 ἀρκέσει
3013 5486 3176 5560 μόνον
3229 5488 3291 5542 τὸ
3352 5495 3451 5558 τῆς
3509 5492 3610 5556 σῆς
3659 5475 3907 5540 εὐσεϐείας

2283 5579 2510 5650 εἰπόντι,
2558 5581 2746 5634 θᾶττον
2791 5574 3260 5652 συγκεφαλαιῶσαι
3309 5576 3402 5632 τὸν
3448 5573 3638 5650 λόγον.
3681 5571 3786 5639 Τήν
3823 5565 3905 5641 μὶν

2283 5669 2378 5728 οὖν
2433 5667 2682 5740 καθόλου,
2732 5665 3062 5739 Ἐκκλησίαν
3129 5666 3272 5722 οὕτω
3337 5664 3787 5740 νεωτεριζομὲνην
3833 5655 3902 5713 εἰς
