4096 6284
215 419 332 479 581

1704 421 2146 498 DEDIGATIO.

3513 416 3630 478 582

212 553 274 608 τὸ
338 553 576 628 ἀρχαῖον
631 550 952 628 ἒγκαθιστᾷς
981 575 994 588 ·
1071 553 1393 618 ἀπελαύνεις
1470 555 1674 626 ταύτης
1729 555 1868 613 ἅπαν

1992 575 2112 630 quae
2147 555 2377 628 pietatis
2407 569 2546 627 erga
2577 559 2756 610 Deum
2787 558 2900 610 tuas
2953 560 3109 625 sunt,
3161 554 3378 623 dixero,
3424 571 3634 627 quam-

211 643 380 696 νόθον
421 640 605 716 δόγμα
651 643 743 698 καὶ
787 638 1021 717 βέϐηλον
1058 663 1071 676 ’
1120 643 1454 720 ἐκκαθαίρεις
1502 649 1608 700 τῶν
1657 648 1878 701 θειοκα-

212 729 424 801 πήλων
471 733 534 787 τὸ
581 733 746 807 ἱερὸν,
797 732 858 788 οὗ
907 733 1191 807 τριπλὸκῳ
1249 732 1316 805 δή
1375 756 1478 789 τινι
1533 734 1874 812 φραγγελίῳ,

213 819 348 876 ἀλλ’
382 820 654 892 ἀληθείας
700 822 873 898 λόγῳ,
906 822 1081 880 εἷ’τουν
1135 823 1406 904 συμφυΐας
1435 831 1637 899 τριττῷ
1672 847 1684 858 ο
1742 827 1875 900 ὑπὲρ

213 918 315 981 τῆς
349 912 507 985 ἱερᾶς
555 912 649 966 καὶ
695 913 841 975 θείας
890 913 1160 988 τραπέζης
1213 911 1542 983 ζηλοτυπεῖς
1575 933 1588 946 ·
1641 913 1872 996 σφοδρόν

213 1023 268 1056 τι
322 1000 511 1064 πνέεις
560 1003 696 1076 ὑπὲρ
745 1006 842 1056 τοῦ
873 1003 1182 1075 Πνεύματος
1218 1022 1231 1036 '
1259 996 1478 1076 ’ἐμπνεῖ
1527 1025 1608 1058 σοι
1659 1006 1875 1060 κάκεῖνο

216 1097 317 1160 τῆς
369 1087 640 1164 ἀκριϐοῦς
698 1091 985 1165 θεολογίας
1040 1095 1139 1161 τήν
1210 1090 1479 1163 δήλωσιν,
1538 1095 1670 1168 ἀξίῳ
1729 1095 1878 1168 μάλα

217 1182 508 1258 γενομένῳ
537 1187 619 1256 τῷ
667 1183 872 1256 πολλῷ
925 1183 1102 1257 ζήλῳ,
1142 1185 1385 1260 γνησίως
1431 1187 1500 1240 τά
1549 1208 1611 1262 γε
1653 1192 1877 1242 τοιαῦτα

219 1271 574 1343 ἐμπνεῖσθαι,
653 1271 925 1350 ἀσφαλίζῃ
960 1290 974 1303 ·
1053 1276 1364 1347 νομοθετεῖς
1440 1274 1527 1330 ἐπὶ
1609 1277 1825 1338 τούτοις
1859 1297 1871 1308 ·

221 1362 484 1436 θριγγοῖς
521 1359 782 1434 μεγάλοις
827 1362 890 1416 τὸ
936 1369 1038 1431 τῆς
1080 1359 1350 1425 εὐσεϐείας
1396 1371 1592 1438 χρῆμα
1637 1386 1875 1440 κατοχυ-

220 1454 340 1522 ροῖς
376 1467 392 1480 ⁵
431 1450 493 1503 τὸ
544 1446 847 1525 διεῤῥωγὸς
895 1449 1176 1527 ἐπανάγεις
1209 1475 1228 1517 ι
1257 1456 1326 1527 τῇ
1377 1453 1683 1528 ὁλομολείᾳ
1719 1457 1877 1510 συνά-

219 1559 404 1600 πτεις.
450 1537 643 1594 Οὐκέτι
701 1541 826 1614 παρ’
877 1543 1012 1613 ἡμῖν
1065 1545 1161 1596 τοῦ
1219 1539 1417 1597 λοιποῦ
1469 1545 1536 1598 τὰ
1591 1545 1748 1598 καινὰ
1808 1541 1874 1614 δή

220 1631 398 1682 ταῦτα
456 1631 566 1682 τῶν
627 1627 944 1701 ὀνομάτων,
1003 1631 1220 1692 Παῦλος
1279 1633 1364 1686 καὶ
1423 1637 1608 1709 Κηφᾶς
1674 1653 1733 1688 τε
1788 1634 1878 1688 καὶ

221 1715 528 1778 Ἀπολλώς
557 1736 571 1748 ·
601 1715 727 1772 ἀλλ’
760 1719 837 1779 εἷς
866 1719 1180 1794 ἁπανταχοῦ
1227 1724 1313 1775 καὶ
1348 1720 1400 1775 ἐν
1450 1727 1580 1776 πᾶσι
1626 1723 1874 1797 Χριστός.

223 1807 349 1863 Ἐπὶ
407 1803 479 1874 δὴ
526 1807 744 1868 τούτοις
795 1807 1116 1884 ὑπόχαλκον
1165 1813 1281 1865 οἷον
1341 1811 1586 1886 ἠχοῦσαν
1627 1814 1724 1882 τήν
1783 1821 1877 1881 τῇς

223 1897 541 1972 ἱερωσύνης
578 1903 782 1973 χρῖσιν,
813 1896 1115 1970 ἀκίϐδηλον
1161 1902 1250 1956 καὶ
1294 1902 1524 1977 χρυσίου
1559 1901 1876 1976 λαμπροτέ-

225 2007 322 2060 ραν
353 1990 444 2058 τῷ
475 1983 723 2062 διαπύρῳ
756 1987 911 2060 ζήλῳ
951 1989 1245 2065 ἐμφαίνεις,
1279 1991 1432 2064 νόμῳ
1474 1989 1538 2061 δὴ
1581 1991 1670 2045 καὶ
1700 1991 1876 2070 γράμ-

230 2099 368 2152 μασι
415 2079 480 2134 τὸ
530 2076 626 2132 τοῦ
683 2080 888 2153 τρόπου
946 2079 1319 2156 ἀφιλάργυρον
1377 2080 1728 2140 ἐκδιδάσκων.
1778 2086 1881 2140 Καὶ

225 2171 320 2222 νῦν
349 2168 508 2242 ἰερόν
555 2188 610 2222 τι
653 2172 731 2240 τῷ
769 2166 884 2223 ὄντι
925 2169 988 2224 τὸ
1037 2170 1301 2243 ἱερᾶσθαι,
1334 2176 1412 2243 τῷ
1461 2174 1651 2248 πρώην
1697 2175 1882 2248 χρόνῳ

227 2265 350 2321 ταῖς
395 2260 736 2334 καταμικρὸν
780 2259 1115 2337 παραλόγοις
1163 2258 1518 2333 κιϐδηλευθὲν
1572 2264 1880 2338 ἐκτροπαῖς.

235 2349 539 2421 Σεμνύνεις
586 2349 649 2403 τὸ
699 2349 894 2424 σχῆμα
943 2356 1043 2419 τῆς
1094 2350 1438 2422 Ἐκκλησίας,
1486 2353 1566 2408 ἀεί
1613 2375 1665 2408 τι
1713 2351 1879 2408 πλέον

235 2434 503 2504 ἐπινοῶν,
542 2437 634 2491 καὶ
683 2437 962 2493 λεπτύνων
1010 2438 1199 2514 ἄριστα
1229 2441 1326 2509 τήν
1373 2443 1508 2516 πρὸς
1548 2443 1610 2497 τὸ
1657 2444 1884 2517 ἀρχέτυ-

239 2547 343 2581 πον
393 2527 756 2606 ἀφομοίωσιν.
794 2525 1163 2602 Φαιδροτέρας
1209 2528 1460 2606 ἐξεργάζῃ
1494 2533 1588 2593 τὰς
1637 2533 1882 2607 πανηγύ-

249 2635 382 2690 ρεις,
432 2616 495 2670 οὐ
549 2615 714 2689 μόνον
765 2614 1096 2689 πολυτελείᾳ
1144 2620 1337 2697 (ρώτων
1387 2618 1574 2693 κύκλῳ
1632 2617 1719 2674 διὰ
1775 2624 1882 2676 τῶν

254 2704 492 2759 ἁλύσεων
558 2704 894 2777 ἀνερπόντων
971 2707 1059 2760 καὶ
1137 2705 1485 2780 διᾳττόντων,
1552 2713 1752 2785 νοερῶν
1827 2731 1884 2765 τε

257 2795 540 2867 ταγμάτων
596 2793 967 2864 εἷ’κονιζόντων
1025 2797 1116 2850 καὶ
1183 2798 1412 2871 ἀριθμὸν
1471 2799 1562 2854 καὶ
1629 2799 1885 2872 λαμπρὸ-

265 2902 420 2952 τητα,
473 2885 552 2938 καέ
613 2884 805 2938 ὡσανεὶ
871 2886 1196 2960 κατάστερον
1264 2885 1315 2942 ἒν
1381 2888 1679 2964 ἀπορρήτῳ
1736 2888 1885 2944 νυκτὶ

263 2972 322 3026 τὸ
353 2976 477 3048 μέγα
521 2977 682 3028 τοῦτο
727 2973 815 3028 καὶ
867 2973 1104 3049 αἰθέριον
1152 2976 1308 3050 χύμα
1355 2983 1452 3034 τοῦ
1507 2975 1778 3053 δευτέρου,
1811 2979 1885 3042 ὡς

255 3061 436 3130 εἷπεῖν,
487 3063 574 3117 καὶ
623 3067 824 3134 νοητοῦ
872 3066 1251 3138 στερεώματος
1299 3065 1757 3140 προδεικνύντων,
1813 3070 1886 3124 ὧν

245 3152 405 3212 αὐτὸς
459 3151 511 3206 ἐν
548 3152 697 3224 μέσῳ
746 3153 836 3206 οἶά
870 3173 976 3222 τις,
1025 3155 1087 3208 τὸ
1138 3154 1279 3223 ξένον
1327 3154 1402 3217 εἷς
1448 3155 1642 3226 ἀκοὴν,
1691 3159 1884 3213 πανσέ-

241 3239 411 3312 ληνος
436 3240 604 3310 ¹ἥλιος
636 3247 972 3318 φρυκτωρεῖς
1006 3261 1019 3274 °
1067 3243 1214 3298 ἀλλὰ
1257 3245 1345 3298 καὶ
1397 3251 1513 3306 τοῖς
1563 3244 1760 3308 ἄλλοις
1797 3249 1882 3310 οἷς

1985 647 2239 718 primum
2290 645 2610 700 orationem
2660 644 2720 698 in
2777 659 3071 700 summam
3103 643 3376 714 redigere.
3432 645 3632 718 Itaque

1985 738 2063 810 (1)
2115 734 2426 790 Ecclesiam
2469 733 2815 789 catholicam
2873 742 2923 789 et
3003 735 3390 791 universalem
3451 736 3627 792 rebus

1989 826 2151 883 novis
2182 827 2470 881 turbatam
2503 825 2562 879 in
2595 830 2842 880 veterem
2871 829 3095 882 statum
3127 825 3454 894 restituisti,
3489 829 3626 882 doc-

1985 916 2198 971 trinam
2231 914 2596 987 illegitimam
2630 919 2805 985 atque
2835 916 3128 985 impuram
3161 931 3394 970 omnem
3447 916 3518 970 ab
3559 931 3628 971 ea

1985 1005 2250 1075 repulisti
2278 1021 2290 1058 :
2323 1002 2608 1075 templum
2639 1021 2672 1058 a
2699 1003 2904 1058 divinas
2938 1004 3214 1058 doctrinae
3266 1005 3630 1076 cauponibus

1985 1099 2044 1150 et
2073 1092 2554 1164 depravatoribus
2581 1091 2888 1160 haereticis,
2924 1109 3036 1147 non
3063 1092 3296 1164 quidem
3341 1093 3634 1162 triplicato

1987 1181 2236 1253 ﬂagello.
2269 1182 2371 1236 sed
2403 1181 2658 1236 veritatis
2689 1181 2884 1248 verbo,
2918 1181 3044 1239 sive
3073 1186 3327 1251 cognatas
3358 1181 3634 1238 divinita-

1987 1275 2062 1330 tis
2093 1271 2422 1343 triplicitate
2451 1273 2793 1342 repurgasti,
2837 1273 2932 1342 pia
2979 1272 3348 1328 amulatione
3397 1287 3498 1343 pro
3542 1271 3631 1326 di-

1985 1366 2116 1421 vina
2147 1379 2352 1419 mensa
2381 1363 2658 1434 ﬂagrasti,
2698 1362 3096 1418 vehementius
3127 1379 3226 1434 pro
3255 1361 3492 1432 Sipiritu
3522 1361 3634 1432 spi-

1987 1453 2130 1510 rasti
2164 1470 2176 1507 :
2209 1469 2382 1524 quare
2419 1451 2517 1506 ille
2547 1467 2778 1523 quoque
2807 1452 2910 1506 tibi
2935 1459 3264 1508 accuratam
3296 1457 3628 1523 certamque

1987 1543 2306 1600 divinitatis
2337 1542 2724 1614 cognitionem
2753 1541 3095 1612 inspiravit;
3149 1543 3472 1598 doctrinam
3515 1545 3631 1596 sta-

1989 1635 2249 1700 bilivisti,
2295 1633 2745 1689 constitutiones
2798 1633 2869 1687 de
2929 1649 2996 1688 ea
3045 1632 3254 1700 tulisti,
3299 1633 3635 1703 ingentibus

1989 1725 2170 1796 septis
2201 1741 2392 1780 veram
2424 1725 2694 1794 pietatem
2729 1722 2974 1791 vallasti,
3008 1724 3161 1794 quod
3209 1723 3472 1780 dirutum
3509 1727 3636 1782 fue—

1988 1825 2073 1870 rat
2106 1814 2432 1880 restituisti,
2467 1818 2638 1882 atque
2668 1813 2725 1866 id
2759 1818 2892 1884 apta
2930 1813 3322 1868 membrorum
3355 1813 3638 1884 partium-

1991 1921 2102 1976 que
2150 1905 2411 1959 omnium
2443 1903 2943 1974 coagmentatione
2966 1903 3395 1975 redintegrasti.
3432 1908 3628 1976 Neque

1989 1995 2263 2064 deinceps
2310 1993 2466 2063 apud
2499 2009 2604 2048 nos
2661 2007 2808 2047 nova
2855 1990 2956 2047 illa
3006 1993 3240 2047 nomina
3287 1992 3628 2061 audiuntur,

1990 2083 2204 2138 Paulus
2233 2088 2293 2138 et
2322 2081 2546 2152 Cephas
2568 2087 2626 2136 et
2645 2079 2901 2151 Apelles,
2924 2081 3022 2136 sed
3047 2098 3202 2137 unus
3233 2085 3320 2137 est
3340 2081 3551 2153 ubique
3571 2086 3630 2138 et

1993 2173 2049 2226 in
2083 2171 2356 2227 omnibus
2387 2169 2672 2226 Christus.
2696 2169 2906 2226 Adhaac
2934 2170 3263 2227 unctionem
3303 2173 3630 2228 sacerdota-

1989 2260 2108 2316 lem
2158 2259 2546 2316 adulterinum
2592 2259 2868 2330 quiddam
2913 2265 3302 2328 resonantem,
3362 2261 3633 2333 ﬂagranti

1993 2351 2198 2406 ardore
2228 2349 2600 2405 sinceriorem
2647 2347 2756 2404 15
2787 2355 2845 2403 et
2913 2348 3387 2420 purioremauro
3445 2350 3634 2406 reddi-

1994 2440 2149 2505 disti,
2191 2445 2362 2510 atque
2407 2438 2533 2509 lege
2577 2447 2628 2494 et
2678 2437 2890 2494 litteris
2939 2437 3273 2508 prepositis;
3328 2438 3631 2495 continen-

1992 2531 2134 2586 tiam
2195 2545 2422 2584 morum
2481 2531 2536 2582 et
2609 2527 2865 2600 pecunia
2925 2532 3319 2598 contemptum
3359 2528 3630 2588 docuisti.

1995 2623 2351 2692 Quapropter
2379 2633 2536 2673 nunc
2591 2617 2918 2687 reipublicae
2956 2631 3191 2672 sacrum
3233 2622 3322 2673 est
3359 2619 3626 2674 sacerdo-

1993 2709 2106 2765 tale
2139 2707 2553 2774 ministerium,
2603 2707 2756 2778 quod
2816 2707 3214 2777 superioribus
3269 2707 3628 2778 temporibus

1996 2797 2276 2871 paulatim
2305 2795 2626 2867 disciplinae
2658 2805 2710 2851 et
2750 2811 2978 2852 morum
3027 2796 3356 2867 corruptela
3402 2796 3633 2852 adulte-

1998 2893 2188 2942 ratum
2222 2887 2720 2957 depravatumque
2750 2886 2954 2941 fuerat.
2988 2884 3257 2942 Ecclesiae
3305 2887 3546 2942 formam
3578 2891 3636 2942 et

1996 2976 2285 3045 habitum,
2311 2991 2541 3046 semper
2570 2975 2825 3046 amplius
2867 2974 3142 3047 quiddam
3186 2976 3542 3048 excogitans,
3575 2982 3634 3032 et

1995 3066 2310 3139 imaginem
2327 3065 2710 3136 pulcherrime
2722 3067 2791 3119 ad
2807 3065 3147 3136 primarium
3162 3067 3454 3137 exemplar
3470 3083 3636 3138 expo-

1996 3155 2407 3224 lieus,ornasti.
2425 3157 2752 3212 Conventus
2766 3155 3189 3212 ecclesiasticos
3208 3156 3633 3229 spiendidiores

1995 3246 2258 3313 edecisti,
2291 3262 2404 3301 non
2437 3246 2627 3302 solum
2650 3245 2866 3313 ingenti
2898 3245 3630 3318 lucernarum,copia,qua3

231 3331 294 3385 τὸ
324 3335 483 3385 Θεῖον
525 3328 901 3405 ἐπιγάννυσθαι
953 3331 1126 3401 εἶ’ωθε,
1164 3338 1364 3387 σκευῶν
1419 3331 1482 3403 δή
1516 3355 1678 3388 τινων
1722 3335 1872 3405 ξένην

1992 3337 2050 3392 in
2083 3337 2281 3392 orbem
2315 3352 2415 3404 per
2444 3341 2670 3390 catenas
2691 3340 2928 3406 serpunt
2977 3340 3032 3390 et
3083 3336 3353 3402 emicant,
3402 3337 3633 3393 intelle-

233 3422 318 3476 καὶ
355 3418 486 3494 ὄψιν
534 3418 623 3473 καὶ
675 3427 867 3495 σχῆμα
907 3421 1352 3500 προϊσχομένων,
1385 3424 1580 3499 φρίκης
1636 3424 1876 3500 ἀτεχνῶς

233 3509 536 3583 γέμουσαν.
585 3512 707 3570 Πῶς
754 3505 798 3562 δ’
848 3507 909 3563 ἄν
954 3530 1038 3571 τις
1089 3511 1356 3587 ςρράσειεν,
1409 3511 1558 3573 ὅσαις
1607 3514 1704 3580 τήν
1761 3513 1881 3566 καθ’

236 3601 388 3672 ἡμᾶς
417 3597 705 3672 ἱεραρχίαν
757 3595 1008 3671 ἐξάλλοις
1052 3599 1142 3654 καὶ
1191 3599 1472 3663 ποικίλαις
1522 3601 1742 3664 στολαῖς
1787 3622 1881 3656 κα-

231 3686 564 3762 τηγλάῖσας,
621 3684 790 3760 μηδὲν
842 3692 950 3741 τῶν
1001 3687 1076 3750 είς
1125 3687 1481 3744 πολυτέλειαν
1531 3691 1666 3763 αὐτῇ
1711 3710 1882 3764 παρα-

236 3775 545 3846 λελοιπὼς,
590 3781 782 3850 χρυσῷ
826 3778 873 3830 τ’
924 3772 1214 3850 ἀκιϐδήλῳ
1271 3779 1560 3856 τιμαλφῶν
1611 3799 1668 3833 τε
1715 3778 1883 3832 λίθων

233 3867 330 3922 καὶ
383 3863 675 3941 μαρδάρων
723 3867 831 3920 τισί
884 3863 1182 3940 διαυγείαις
1239 3868 1326 3922 καὶ
1386 3869 1760 3944 καθαρότησι;
1811 3868 1881 3924 δι’

235 3957 316 4012 ὧν
377 3956 628 4009 ἁπάντων
682 3956 710 4010 ὀ
768 3957 859 4018 σὸς
919 3957 1041 4032 περὶ
1094 3959 1194 4027 τήν
1255 3963 1492 4031 Χριστοῦ
1533 3957 1880 4032 ιἘκκλησίαν

236 4042 516 4120 ἄφραστος
563 4045 654 4098 καὶ
705 4042 834 4112 ζέων
884 4041 1245 4122 διαφερόντως
1282 4045 1429 4118 μάλα
1481 4044 1750 4101 δείκνυται
1781 4047 1880 4101 πό-

237 4135 358 4196 θος,
390 4135 448 4187 Τί
485 4131 618 4202 οῦν;
669 4130 798 4187 ἀλλ’
846 4133 988 4188 οὕτω
1023 4134 1115 4206 μὲν
1145 4137 1268 4209 περὶ
1297 4135 1395 4202 τήν
1443 4134 1608 4190 ἅϋλον
1648 4135 1739 4190 καὶ
1769 4157 1879 4190 νοε-

237 4223 340 4298 ράν
400 4219 752 4291 Ἐκκλησίαν,
810 4223 908 4291 τὴν
969 4219 1238 4278 εὐσέϐειαν
1309 4221 1475 4299 λέγω,
1535 4222 1878 4299 διαγωνίζῃ·

235 4315 311 4384 τῇ
361 4309 420 4365 δὲ
468 4309 518 4380 ἐξ
568 4309 708 4381 ὕλης
750 4311 916 4386 ταύτῃ
969 4309 1036 4380 δὴ
1092 4311 1440 4388 συγκειμένῃ,
1489 4315 1552 4369 οὐ
1611 4315 1702 4369 τὸν
1765 4313 1880 4369 ἴσον

238 4402 374 4475 γίνῃ
422 4399 662 4476 τρόπον;
715 4399 935 4456 Πολλοῦ
977 4421 1037 4476 γε
1083 4404 1168 4458 καὶ
1225 4400 1324 4460 δεῖ.
1367 4405 1454 4465 Ὡς
1502 4404 1602 4477 γὰρ
1653 4403 1881 4474 ἐκείνην,

243 4492 336 4544 οἷα
382 4490 482 4558 τήν
531 4487 760 4558 δυνατὴν
808 4489 983 4564 ῥοπὴν
1035 4490 1326 4558 ἀνατιθεὶς,
1375 4492 1595 4566 ῥέουσαν
1639 4490 1747 4562 ἤδη
1792 4492 1882 4547 καὶ

241 4577 707 4647 καταπίπτουσαν,
740 4576 801 4631 οὐ
853 4577 1028 4640 λίθοις
1065 4580 1175 4632 τισὶ
1225 4579 1313 4634 καὶ
1364 4579 1612 4641 πλίνθοις
1660 4581 1885 4654 ἐκράτυ-

1989 3425 2384 3493 ctualiumque
2415 3425 2689 3480 ordinum
2723 3429 2778 3478 et
2817 3441 3126 3480 numerum
3163 3430 3219 3482 et
3264 3426 3632 3496 splendorem

1992 3515 2267 3581 referunt,
2298 3518 2353 3567 et
2382 3512 2528 3568 velui
2563 3513 2892 3568 astriferum
2938 3514 2994 3566 in
3029 3514 3211 3568 multa
3260 3523 3425 3570 nocte
3463 3521 3638 3586 atque

1993 3601 2283 3659 ccclestem
2317 3608 2570 3657 tractum
2603 3603 2866 3672 secundi,
2901 3608 2968 3658 ut
2995 3603 3077 3657 ita
3097 3603 3310 3672 dicam,
3341 3609 3514 3675 atque
3536 3605 3636 3661 in-

1992 3691 2316 3762 telligibilis
2349 3692 2700 3747 firmamenti
2730 3692 3046 3747 exhibent:
3095 3693 3152 3746 in
3212 3707 3459 3762 quorum
3509 3711 3628 3750 me-

1993 3781 2087 3836 dio
2119 3781 2242 3852 ipse
2273 3782 2508 3851 perinde
2540 3789 2727 3852 atque,
2759 3783 2909 3852 quod
2949 3781 3150 3837 auditu
3193 3799 3407 3839 novum
3449 3787 3625 3855 atque

1991 3871 2201 3927 mirum
2224 3875 2333 3936 est,
2364 3870 2720 3940 plenilunius
2750 3871 2833 3927 sol
2886 3871 3107 3927 reluces
3137 3887 3149 3927 :
3207 3888 3400 3928 verum
3447 3877 3622 3930 etiam

1991 3960 2164 4016 rebus
2197 3959 2348 4028 aliis,
2375 3961 2586 4031 quibus
2619 3977 2830 4017 numen
2859 3961 3120 4018 divinum
3159 3960 3341 4018 laetari
3389 3963 3552 4030 solet,
3581 3968 3638 4020 et

1989 4049 2141 4105 vasis
2182 4049 2536 4121 quibusdam
2609 4066 2814 4106 novam
2879 4052 3126 4120 speciem
3171 4057 3344 4124 atque
3385 4053 3632 4110 formam

1993 4139 2225 4195 horrore
2265 4155 2500 4210 prorsus
2551 4138 2783 4212 plenam
2834 4157 2952 4212 prae
2995 4156 3056 4196 se
3104 4141 3443 4197 ferentibus.
3495 4143 3638 4208 Quis

1993 4245 2163 4301 porro
2193 4228 2520 4300 eloquetur,
2553 4247 2726 4301 quam
2770 4231 3182 4302 praestantibus
3220 4239 3272 4287 et
3319 4231 3494 4286 variis
3543 4249 3639 4287 sa-

1993 4320 2108 4376 cris
2128 4320 2387 4376 vestibus
2438 4337 2583 4392 puro
2633 4335 2794 4387 auro,
2843 4320 3228 4392 pretiusisque
3275 4331 3328 4376 et
3373 4321 3636 4392 resplen-

1993 4409 2265 4465 dentibus
2295 4409 2508 4481 lapillis
2531 4418 2586 4464 et
2619 4410 2944 4481 margaritis
2985 4410 3228 4479 ornatis,
3281 4407 3426 4463 nihil
3470 4410 3644 4481 plane

1993 4500 2062 4554 ad
2097 4497 2592 4569 magniﬁcentiam
2621 4498 2831 4568 reliqui
2851 4498 3089 4567 faciens,
3115 4497 3504 4554 hierarchiam
3540 4513 3638 4552 seu

1993 4589 2391 4660 episcopatum
2418 4591 2680 4642 nostrum
2714 4585 3092 4642 illustraveris
3113 4588 3141 4640 ?
3170 4587 3276 4641 Per
3290 4601 3416 4656 quae
3438 4586 3636 4641 omnia

244 4687 342 4729 νας
378 4685 390 4698 ⁸
450 4664 596 4721 ἀλλά
649 4672 765 4726 τοῖς
823 4673 1209 4740 πνευματικοῖς
1270 4667 1572 4743 ἀντερείσας
1617 4667 1838 4732 στύλοις
1869 4687 1881 4699 ⁸

1999 4676 2376 4737 incredibilis,
2411 4675 2850 4748 plurimumque
2881 4676 3130 4746 ﬂagrans
3159 4681 3296 4730 tuus
3337 4676 3396 4731 in
3443 4675 3640 4730 Eccle-

245 4765 364 4820 τοῖς
389 4763 497 4814 τῶν
550 4758 806 4834 Πατέρων
837 4757 986 4834 ὅροις
1035 4760 1124 4815 καὶ
1170 4757 1436 4836 δόγμασιν
1489 4761 1745 4836 ὤρθωσαν
1794 4763 1886 4816 οὕ-

248 4874 327 4906 τω
358 4853 447 4907 καὶ
475 4852 699 4922 ταύτην.
733 4853 803 4905 Τὸ
844 4851 1203 4927 ἀπερινόητον
1250 4854 1336 4908 καὶ
1369 4854 1655 4929 ἀμήχανον
1707 4853 1890 4930 ἔργον,

248 4941 312 4996 τὸ
342 4939 583 5018 ἄρρητον
615 4940 847 5009 κάλλος,
878 4943 978 5010 τήν
1017 4943 1197 4999 εἰκόνα
1225 4950 1325 5012 τῆς
1373 4943 1554 4999 ἀϊδίου
1603 4943 1798 5013 αὐλῆς,
1829 4945 1891 4998 τὸ

249 5031 424 5084 κοινὸν
477 5028 802 5104 ἀνθρώπων,
853 5029 988 5087 εἷ’πω
1039 5031 1086 5087 δ’
1136 5034 1218 5087 ὅτι
1265 5033 1354 5088 καὶ
1408 5033 1654 5108 ἀγγέλων
1704 5032 1887 5108 ἐντρύι

251 5141 408 5198 φημα
434 5119 526 5176 καὶ
576 5121 850 5194 ὡράϊσμα,
879 5124 940 5176 τὸ
987 5129 1086 5192 τῆς
1130 5126 1228 5177 τοῦ
1279 5127 1412 5178 Θεοῦ
1459 5124 1638 5196 Λόγου
1690 5122 1889 5200 Σοφίας

251 5212 390 5266 θεῖον
422 5205 620 5278 ὅντως,
653 5208 818 5285 λέγω,
863 5208 1162 5287 ἀνάκτορον
1200 5233 1212 5246 ·
1264 5211 1352 5266 καὶ
1383 5211 1582 5278 ταύτην
1628 5216 1708 5282 τῷ
1758 5212 1890 5285 θρά-

252 5319 324 5355 σει
374 5304 469 5354 τοῦ
520 5298 724 5378 χρόνου
785 5299 1114 5372 κάμνουσαν,
1173 5301 1259 5356 καὶ
1311 5305 1427 5363 ταῖς
1486 5306 1592 5356 τῶν
1651 5302 1893 5374 ὑπερκει-

255 5387 424 5460 μένων
459 5383 795 5464 ὑπερϐολαῖς
828 5388 881 5450 ἐς
911 5391 1037 5466 γόνυ
1065 5391 1354 5446 κλίνουσαν
1385 5389 1476 5444 καὶ
1505 5389 1844 5460 ὀκλάζουσαν
1879 5409 1890 5422 ’

251 5479 577 5550 ἀντιστῆσαι·
609 5477 778 5552 ταύτῃ
825 5481 923 5550 τήν
975 5487 1184 5555 χρυσῆν
1237 5477 1430 5552 δεξιάν,
1463 5479 1514 5534 ἐν
1563 5483 1641 5551 τῷ
1695 5475 1895 5551 βεϐαίῳ

319 5683 395 5755 (1)
429 5679 1158 5755 Lauspietatisinstitutm,
1182 5685 1238 5736 et
1264 5681 1536 5755 doctrinae
1551 5680 1891 5755 Christianas

253 5752 334 5810 ab
352 5752 641 5812 haereticis
672 5752 1046 5824 opinionibus
1077 5761 1418 5826 repurgata.
1452 5753 1891 5810 NamAndroni-

2000 4765 2143 4820 siam
2176 4765 2389 4822 Christi
2439 4781 2600 4821 amor
2647 4774 2700 4820 et
2749 4764 3099 4820 desiderium
3153 4779 3498 4834 magnopere
3549 4765 3644 4819 de-

2001 4854 2272 4910 claratur.
2303 4855 2446 4921 Quid
2473 4855 2644 4920 igitur
2672 4854 2808 4909 est?
2838 4853 2996 4908 Talis
3039 4860 3098 4908 tu
3157 4852 3390 4924 quidem
3441 4852 3500 4907 in
3549 4869 3643 4908 or-

2001 4945 2194 5000 nanda
2233 4949 2406 5016 atque
2446 4943 2811 4999 defendenda
2859 4959 2924 4998 ea
2970 4959 3092 5012 qua:
3141 4941 3392 4996 materiae
3441 4957 3640 5012 expers

1999 5041 2050 5089 et
2084 5033 2487 5088 intellectualis
2519 5038 2606 5088 est
2634 5033 2910 5100 Ecclesia,
2943 5047 3136 5086 veram
3169 5031 3444 5102 pietatem
3485 5031 3636 5099 dico,

2001 5139 2278 5194 appares:
2313 5139 2448 5194 erga
2487 5139 2616 5178 eam
2641 5138 2772 5178 vero
2805 5136 2926 5192 quas
2951 5137 3020 5176 ex
3063 5121 3303 5175 materia
3353 5119 3463 5175 ista
3509 5136 3642 5175 con-

2001 5215 2218 5266 structa
2247 5218 2352 5278 est,
2388 5227 2500 5266 non
2534 5211 2736 5266 eodem
2768 5226 2828 5263 es
2862 5209 3101 5264 affectus
3133 5207 3348 5264 modo?
3395 5209 3456 5264 Id
3507 5223 3641 5266 vero

1999 5299 2172 5369 longe
2203 5301 2382 5356 abest.
2417 5301 2918 5368 Quemadmodum
2945 5298 3099 5353 enim
3132 5297 3295 5352 illam
3325 5298 3442 5368 jam
3475 5297 3648 5354 colla-

2003 5389 2234 5445 beutem
2258 5401 2312 5445 et
2335 5407 2571 5461 pessum
2596 5395 2852 5459 euntem,
2886 5393 3172 5459 quantum
3204 5389 3446 5460 potuisti
3467 5405 3643 5461 opum

2004 5481 2326 5547 conferens,
2369 5495 2484 5535 non
2539 5477 2830 5551 lapidibus
2879 5483 2937 5534 et
2982 5477 3276 5548 lateribus,
3329 5480 3427 5534 sed
3479 5478 3646 5549 spiri-

2005 5674 2346 5803 cu_sd.tpatris
2393 5675 2485 5730 sui
2543 5673 2842 5729 Michaelis
2912 5673 2982 5728 de
3029 5671 3306 5742 religione
3373 5675 3498 5728 acta
3563 5685 3648 5726 re-

2005 5761 2088 5803 sct
2137 5763 2152 5802 ι
2185 5789 2198 5801 .

2004 5761 2198 5803 εοιαιι.
