  <div class='ocr_page' id='page_1' title='image "/cluster/home/n/w/nwhite01/storage/ocr_20150623/145/mdp.39015061167048/299.png"; bbox 0 0 4096 6284; ppageno 0'>
   <div class='ocr_carea' id='block_1_1' title="bbox 479 305 598 366">
    <p class='ocr_par' dir='ltr' id='par_1_1' title="bbox 479 305 598 366">
     <span class='ocr_line' id='line_1_1' title="bbox 479 305 598 366; baseline -0.008 -1"><span class='ocrx_word' id='word_1_1' title='bbox 479 305 598 366; x_wconf 84' lang='grc'><strong>583</strong></span> 
     </span>
    </p>
   </div>
   <div class='ocr_carea' id='block_1_2' title="bbox 1771 305 2589 375">
    <p class='ocr_par' dir='ltr' id='par_1_2' title="bbox 1771 305 2589 375">
     <span class='ocr_line' id='line_1_2' title="bbox 1771 305 2589 375; baseline 0.01 -9"><span class='ocrx_word' id='word_1_2' title='bbox 1771 305 2200 370; x_wconf 75' lang='lat' dir='ltr'><strong>NICEPHORI</strong></span> <span class='ocrx_word' id='word_1_3' title='bbox 2243 309 2589 375; x_wconf 82' lang='lat' dir='ltr'><strong>CALLlSTl</strong></span> 
     </span>
    </p>
   </div>
   <div class='ocr_carea' id='block_1_3' title="bbox 3751 335 3857 396">
    <p class='ocr_par' dir='ltr' id='par_1_3' title="bbox 3751 335 3857 396">
     <span class='ocr_line' id='line_1_3' title="bbox 3751 335 3857 396; baseline 0.028 -3"><span class='ocrx_word' id='word_1_4' title='bbox 3751 335 3857 396; x_wconf 68' lang='grc'><strong>584</strong></span> 
     </span>
    </p>
   </div>
   <div class='ocr_carea' id='block_1_4' title="bbox 476 434 2099 533">
    <p class='ocr_par' dir='ltr' id='par_1_4' title="bbox 476 434 2099 505">
     <span class='ocr_line' id='line_1_4' title="bbox 476 434 2099 505; baseline 0.002 -13"><span class='ocrx_word' id='word_1_5' title='bbox 476 435 732 492; x_wconf 86' lang='lat' dir='ltr'><strong>tualibus</strong></span> <span class='ocrx_word' id='word_1_6' title='bbox 765 434 1062 490; x_wconf 83' lang='lat' dir='ltr'><strong>suﬁ&#39;ultnm</strong></span> <span class='ocrx_word' id='word_1_7' title='bbox 1107 434 1419 505; x_wconf 85' lang='lat' dir='ltr'><strong>columnis,</strong></span> <span class='ocrx_word' id='word_1_8' title='bbox 1461 437 1695 493; x_wconf 81' lang='lat' dir='ltr'><strong>Patrum</strong></span> <span class='ocrx_word' id='word_1_9' title='bbox 1747 437 1970 494; x_wconf 74' lang='lat' dir='ltr'><strong>scilicet</strong></span> <span class='ocrx_word' id='word_1_10' title='bbox 2016 441 2099 494; x_wconf 31' lang='lat' dir='ltr'><strong>dot</strong></span> 
     </span>
    </p>
   </div>
   <div class='ocr_carea' id='block_1_5' title="bbox 2209 434 3858 533">
    <p class='ocr_par' dir='ltr' id='par_1_5' title="bbox 2240 439 3858 533">
     <span class='ocr_line' id='line_1_5' title="bbox 2240 439 3858 533; baseline 0.015 -38"><span class='ocrx_word' id='word_1_11' title='bbox 2240 439 2414 533; x_wconf 74' lang='grc' dir='ltr'>μένειν</span> <span class='ocrx_word' id='word_1_12' title='bbox 2473 439 2768 520; x_wconf 82' lang='grc' dir='ltr'><strong>παρέσχες,</strong></span> <span class='ocrx_word' id='word_1_13' title='bbox 2828 453 3087 506; x_wconf 76' lang='grc' dir='ltr'>τοσοῦτον</span> <span class='ocrx_word' id='word_1_14' title='bbox 3143 451 3388 530; x_wconf 72' lang='grc' dir='ltr'>ἑδράσας,</span> <span class='ocrx_word' id='word_1_15' title='bbox 3448 459 3520 520; x_wconf 85' lang='grc' dir='ltr'>ὡς</span> <span class='ocrx_word' id='word_1_16' title='bbox 3593 458 3757 533; x_wconf 81' lang='grc' dir='ltr'>μηδέν</span> <span class='ocrx_word' id='word_1_17' title='bbox 3810 485 3858 520; x_wconf 91' lang='grc' dir='ltr'><strong>τι</strong></span> 
     </span>
    </p>
   </div>
   <div class='ocr_carea' id='block_1_6' title="bbox 475 522 2122 584">
    <p class='ocr_par' dir='ltr' id='par_1_6' title="bbox 475 522 2122 584">
     <span class='ocr_line' id='line_1_6' title="bbox 475 522 2122 584; baseline 0.002 -4"><span class='ocrx_word' id='word_1_18' title='bbox 475 524 682 580; x_wconf 88' lang='lat' dir='ltr'><strong>ctrinis</strong></span> <span class='ocrx_word' id='word_1_19' title='bbox 710 527 768 579; x_wconf 89' lang='lat' dir='ltr'><strong>et</strong></span> <span class='ocrx_word' id='word_1_20' title='bbox 805 522 1202 578; x_wconf 80' lang='lat' dir='ltr'><strong>sanctionibus</strong></span> <span class='ocrx_word' id='word_1_21' title='bbox 1253 526 1610 580; x_wconf 84' lang='lat' dir='ltr'><strong>confirmasti</strong></span> <span class='ocrx_word' id='word_1_22' title='bbox 1666 541 1678 579; x_wconf 91' lang='lat'>:</span> <span class='ocrx_word' id='word_1_23' title='bbox 1735 525 1818 582; x_wconf 89' lang='lat' dir='ltr'><strong>sic</strong></span> <span class='ocrx_word' id='word_1_24' title='bbox 1869 529 1925 582; x_wconf 87' lang='lat' dir='ltr'><strong>et</strong></span> <span class='ocrx_word' id='word_1_25' title='bbox 1971 526 2122 584; x_wconf 89' lang='lat' dir='ltr'><strong>hanc</strong></span> 
     </span>
    </p>
   </div>
   <div class='ocr_carea' id='block_1_7' title="bbox 475 611 2120 686">
    <p class='ocr_par' dir='ltr' id='par_1_7' title="bbox 475 611 2120 686">
     <span class='ocr_line' id='line_1_7' title="bbox 475 611 2120 686; baseline 0 -15"><span class='ocrx_word' id='word_1_26' title='bbox 475 613 726 671; x_wconf 86' lang='lat' dir='ltr'><strong>erexisti.</strong></span> <span class='ocrx_word' id='word_1_27' title='bbox 751 611 887 680; x_wconf 87' lang='lat' dir='ltr'><strong>Hoc,</strong></span> <span class='ocrx_word' id='word_1_28' title='bbox 919 613 1183 684; x_wconf 85' lang='lat' dir='ltr'><strong>inquam,</strong></span> <span class='ocrx_word' id='word_1_29' title='bbox 1221 613 1629 686; x_wconf 83' lang='lat' dir='ltr'><strong>cogitationem</strong></span> <span class='ocrx_word' id='word_1_30' title='bbox 1681 615 1888 670; x_wconf 87' lang='lat' dir='ltr'><strong>mentis</strong></span> <span class='ocrx_word' id='word_1_31' title='bbox 1935 615 2120 672; x_wconf 86' lang='lat' dir='ltr'><strong>excel-</strong></span> 
     </span>
    </p>
   </div>
   <div class='ocr_carea' id='block_1_8' title="bbox 473 701 2118 774">
    <p class='ocr_par' dir='ltr' id='par_1_8' title="bbox 473 701 2118 774">
     <span class='ocr_line' id='line_1_8' title="bbox 473 701 2118 774; baseline 0 -14"><span class='ocrx_word' id='word_1_32' title='bbox 473 703 602 760; x_wconf 89' lang='lat' dir='ltr'><strong>lens</strong></span> <span class='ocrx_word' id='word_1_33' title='bbox 618 703 1042 758; x_wconf 84' lang='lat' dir='ltr'><strong>etimmensum</strong></span> <span class='ocrx_word' id='word_1_34' title='bbox 1067 701 1404 772; x_wconf 88' lang='lat' dir='ltr'><strong>opus,hanc</strong></span> <span class='ocrx_word' id='word_1_35' title='bbox 1428 703 1828 760; x_wconf 83' lang='lat' dir='ltr'><strong>incredibilem</strong></span> <span class='ocrx_word' id='word_1_36' title='bbox 1853 705 2118 774; x_wconf 77' lang='lat' dir='ltr'><strong>formam,</strong></span> 
     </span>
    </p>
   </div>
   <div class='ocr_carea' id='block_1_9' title="bbox 472 791 2117 864">
    <p class='ocr_par' dir='ltr' id='par_1_9' title="bbox 472 791 2117 864">
     <span class='ocr_line' id='line_1_9' title="bbox 472 791 2117 864; baseline 0.001 -14"><span class='ocrx_word' id='word_1_37' title='bbox 472 794 836 864; x_wconf 64' lang='lat' dir='ltr'><strong>sempiternae</strong></span> <span class='ocrx_word' id='word_1_38' title='bbox 868 791 1015 847; x_wconf 59' lang='lat' dir='ltr'><strong>aulae</strong></span> <span class='ocrx_word' id='word_1_39' title='bbox 1057 792 1396 863; x_wconf 79' lang='lat' dir='ltr'><strong>imaginem,</strong></span> <span class='ocrx_word' id='word_1_40' title='bbox 1436 809 1746 847; x_wconf 83' lang='lat' dir='ltr'><strong>commune</strong></span> <span class='ocrx_word' id='word_1_41' title='bbox 1787 793 2117 862; x_wconf 87' lang='lat' dir='ltr'><strong>hominum,</strong></span> 
     </span>
    </p>
   </div>
   <div class='ocr_carea' id='block_1_10' title="bbox 471 882 2117 954">
    <p class='ocr_par' dir='ltr' id='par_1_10' title="bbox 471 882 2117 954">
     <span class='ocr_line' id='line_1_10' title="bbox 471 882 2117 954; baseline 0.001 -16"><span class='ocrx_word' id='word_1_42' title='bbox 471 883 657 939; x_wconf 90' lang='lat' dir='ltr'><strong>dicam</strong></span> <span class='ocrx_word' id='word_1_43' title='bbox 693 883 866 938; x_wconf 89' lang='lat' dir='ltr'><strong>etiam</strong></span> <span class='ocrx_word' id='word_1_44' title='bbox 902 882 1262 954; x_wconf 85' lang='lat' dir='ltr'><strong>angelorum,</strong></span> <span class='ocrx_word' id='word_1_45' title='bbox 1290 883 1772 938; x_wconf 73' lang='lat' dir='ltr'><strong>alelectamentum</strong></span> <span class='ocrx_word' id='word_1_46' title='bbox 1806 887 1863 938; x_wconf 88' lang='lat' dir='ltr'><strong>et</strong></span> <span class='ocrx_word' id='word_1_47' title='bbox 1891 893 2117 954; x_wconf 85' lang='lat' dir='ltr'><strong>specta-</strong></span> 
     </span>
    </p>
   </div>
   <div class='ocr_carea' id='block_1_11' title="bbox 469 971 2113 1046">
    <p class='ocr_par' dir='ltr' id='par_1_11' title="bbox 469 971 2113 1046">
     <span class='ocr_line' id='line_1_11' title="bbox 469 971 2113 1046; baseline 0.002 -18"><span class='ocrx_word' id='word_1_48' title='bbox 469 973 687 1041; x_wconf 88' lang='lat' dir='ltr'><strong>culum,</strong></span> <span class='ocrx_word' id='word_1_49' title='bbox 725 974 830 1028; x_wconf 91' lang='lat' dir='ltr'><strong>hoc</strong></span> <span class='ocrx_word' id='word_1_50' title='bbox 863 972 1123 1027; x_wconf 88' lang='lat' dir='ltr'><strong>divinum</strong></span> <span class='ocrx_word' id='word_1_51' title='bbox 1157 972 1261 1027; x_wconf 86' lang='lat' dir='ltr'><strong>Dei</strong></span> <span class='ocrx_word' id='word_1_52' title='bbox 1291 971 1463 1027; x_wconf 80' lang='lat' dir='ltr'><strong>Verbi</strong></span> <span class='ocrx_word' id='word_1_53' title='bbox 1491 973 1825 1044; x_wconf 59' lang='lat' dir='ltr'><strong>Sapientia,</strong></span> <span class='ocrx_word' id='word_1_54' title='bbox 1849 975 2113 1046; x_wconf 87' lang='lat' dir='ltr'><strong>inquam,</strong></span> 
     </span>
    </p>
   </div>
   <div class='ocr_carea' id='block_1_12' title="bbox 466 1061 2113 1135">
    <p class='ocr_par' dir='ltr' id='par_1_12' title="bbox 466 1061 2113 1135">
     <span class='ocr_line' id='line_1_12' title="bbox 466 1061 2113 1135; baseline 0.002 -19"><span class='ocrx_word' id='word_1_55' title='bbox 466 1061 750 1135; x_wconf 80' lang='lat' dir='ltr'><strong>palatium</strong></span> <span class='ocrx_word' id='word_1_56' title='bbox 785 1077 798 1116; x_wconf 91' lang='lat'>:</span> <span class='ocrx_word' id='word_1_57' title='bbox 833 1061 985 1117; x_wconf 90' lang='lat' dir='ltr'><strong>hanc</strong></span> <span class='ocrx_word' id='word_1_58' title='bbox 1033 1078 1263 1133; x_wconf 88' lang='lat' dir='ltr'><strong>quoque</strong></span> <span class='ocrx_word' id='word_1_59' title='bbox 1319 1062 1619 1118; x_wconf 85' lang='lat' dir='ltr'><strong>basilicam</strong></span> <span class='ocrx_word' id='word_1_60' title='bbox 1683 1067 2013 1134; x_wconf 80' lang='lat' dir='ltr'><strong>temporum</strong></span> <span class='ocrx_word' id='word_1_61' title='bbox 2064 1065 2113 1120; x_wconf 85' lang='lat' dir='ltr'><strong>vi</strong></span> 
     </span>
    </p>
   </div>
   <div class='ocr_carea' id='block_1_13' title="bbox 473 1151 2114 1220">
    <p class='ocr_par' dir='ltr' id='par_1_13' title="bbox 473 1151 2114 1220">
     <span class='ocr_line' id='line_1_13' title="bbox 473 1151 2114 1220; baseline 0.002 -12"><span class='ocrx_word' id='word_1_62' title='bbox 473 1152 586 1209; x_wconf 77' lang='lat' dir='ltr'><strong>I6</strong></span> <span class='ocrx_word' id='word_1_63' title='bbox 632 1153 917 1220; x_wconf 78' lang='lat' dir='ltr'><strong>affectam,</strong></span> <span class='ocrx_word' id='word_1_64' title='bbox 968 1156 1026 1206; x_wconf 91' lang='lat' dir='ltr'><strong>et</strong></span> <span class='ocrx_word' id='word_1_65' title='bbox 1055 1151 1490 1208; x_wconf 87' lang='lat' dir='ltr'><strong>imminentium</strong></span> <span class='ocrx_word' id='word_1_66' title='bbox 1541 1153 1914 1210; x_wconf 84' lang='lat' dir='ltr'><strong>cacuminum</strong></span> <span class='ocrx_word' id='word_1_67' title='bbox 1964 1156 2114 1212; x_wconf 88' lang='lat' dir='ltr'><strong>mole</strong></span> 
     </span>
    </p>
   </div>
   <div class='ocr_carea' id='block_1_14' title="bbox 463 1241 2112 1314">
    <p class='ocr_par' dir='ltr' id='par_1_14' title="bbox 463 1241 2112 1314">
     <span class='ocr_line' id='line_1_14' title="bbox 463 1241 2112 1314; baseline 0.004 -19"><span class='ocrx_word' id='word_1_68' title='bbox 463 1242 636 1297; x_wconf 81' lang='lat' dir='ltr'><strong>veluti</strong></span> <span class='ocrx_word' id='word_1_69' title='bbox 669 1241 727 1297; x_wconf 90' lang='lat' dir='ltr'><strong>in</strong></span> <span class='ocrx_word' id='word_1_70' title='bbox 759 1258 950 1314; x_wconf 83' lang='lat' dir='ltr'><strong>genua</strong></span> <span class='ocrx_word' id='word_1_71' title='bbox 980 1241 1318 1296; x_wconf 80' lang='lat' dir='ltr'><strong>inclinatam</strong></span> <span class='ocrx_word' id='word_1_72' title='bbox 1361 1245 1420 1297; x_wconf 88' lang='lat' dir='ltr'><strong>et</strong></span> <span class='ocrx_word' id='word_1_73' title='bbox 1458 1241 1887 1312; x_wconf 83' lang='lat' dir='ltr'><strong>labefactatam,</strong></span> <span class='ocrx_word' id='word_1_74' title='bbox 1937 1245 2112 1300; x_wconf 88' lang='lat' dir='ltr'><strong>adhi-</strong></span> 
     </span>
    </p>
   </div>
   <div class='ocr_carea' id='block_1_15' title="bbox 462 1331 2114 1392">
    <p class='ocr_par' dir='ltr' id='par_1_15' title="bbox 462 1331 2114 1392">
     <span class='ocr_line' id='line_1_15' title="bbox 462 1331 2114 1392; baseline 0.002 -4"><span class='ocrx_word' id='word_1_75' title='bbox 462 1333 584 1388; x_wconf 89' lang='lat' dir='ltr'><strong>bita</strong></span> <span class='ocrx_word' id='word_1_76' title='bbox 612 1333 661 1388; x_wconf 89' lang='lat' dir='ltr'><strong>ei</strong></span> <span class='ocrx_word' id='word_1_77' title='bbox 694 1349 870 1388; x_wconf 87' lang='lat' dir='ltr'><strong>aurea</strong></span> <span class='ocrx_word' id='word_1_78' title='bbox 895 1333 1118 1392; x_wconf 86' lang='lat' dir='ltr'><strong>dextra,</strong></span> <span class='ocrx_word' id='word_1_79' title='bbox 1152 1333 1216 1386; x_wconf 81' lang='lat' dir='ltr'><strong>ad</strong></span> <span class='ocrx_word' id='word_1_80' title='bbox 1252 1331 1519 1388; x_wconf 80' lang='lat' dir='ltr'><strong>stabilem</strong></span> <span class='ocrx_word' id='word_1_81' title='bbox 1565 1337 1621 1388; x_wconf 90' lang='lat' dir='ltr'><strong>et</strong></span> <span class='ocrx_word' id='word_1_82' title='bbox 1678 1337 1898 1389; x_wconf 90' lang='lat' dir='ltr'><strong>certum</strong></span> <span class='ocrx_word' id='word_1_83' title='bbox 1944 1337 2114 1391; x_wconf 85' lang='lat' dir='ltr'><strong>resti-</strong></span> 
     </span>
    </p>
   </div>
   <div class='ocr_carea' id='block_1_16' title="bbox 459 1421 2107 1480">
    <p class='ocr_par' dir='ltr' id='par_1_16' title="bbox 459 1421 2107 1480">
     <span class='ocr_line' id='line_1_16' title="bbox 459 1421 2107 1480; baseline 0 -2"><span class='ocrx_word' id='word_1_84' title='bbox 459 1422 624 1478; x_wconf 88' lang='lat' dir='ltr'><strong>tuisti</strong></span> <span class='ocrx_word' id='word_1_85' title='bbox 657 1425 909 1477; x_wconf 85' lang='lat' dir='ltr'><strong>statum:</strong></span> <span class='ocrx_word' id='word_1_86' title='bbox 943 1422 1012 1476; x_wconf 88' lang='lat' dir='ltr'><strong>ad</strong></span> <span class='ocrx_word' id='word_1_87' title='bbox 1048 1437 1182 1478; x_wconf 90' lang='lat' dir='ltr'><strong>eum</strong></span> <span class='ocrx_word' id='word_1_88' title='bbox 1217 1421 1456 1477; x_wconf 89' lang='lat' dir='ltr'><strong>modum</strong></span> <span class='ocrx_word' id='word_1_89' title='bbox 1517 1421 1759 1478; x_wconf 66' lang='lat' dir='ltr'><strong>aedificio</strong></span> <span class='ocrx_word' id='word_1_90' title='bbox 1803 1424 1962 1480; x_wconf 89' lang='lat' dir='ltr'><strong>omni</strong></span> <span class='ocrx_word' id='word_1_91' title='bbox 2014 1424 2107 1478; x_wconf 86' lang='lat' dir='ltr'><strong>ﬁr-</strong></span> 
     </span>
    </p>
   </div>
   <div class='ocr_carea' id='block_1_17' title="bbox 461 1510 2106 1583">
    <p class='ocr_par' dir='ltr' id='par_1_17' title="bbox 461 1510 2106 1583">
     <span class='ocr_line' id='line_1_17' title="bbox 461 1510 2106 1583; baseline 0.002 -18"><span class='ocrx_word' id='word_1_92' title='bbox 461 1515 638 1577; x_wconf 88' lang='lat' dir='ltr'><strong>mato,</strong></span> <span class='ocrx_word' id='word_1_93' title='bbox 671 1515 736 1565; x_wconf 92' lang='lat' dir='ltr'><strong>ut</strong></span> <span class='ocrx_word' id='word_1_94' title='bbox 766 1511 824 1565; x_wconf 90' lang='lat' dir='ltr'><strong>in</strong></span> <span class='ocrx_word' id='word_1_95' title='bbox 869 1514 1168 1583; x_wconf 89' lang='lat' dir='ltr'><strong>posterum</strong></span> <span class='ocrx_word' id='word_1_96' title='bbox 1199 1510 1361 1566; x_wconf 88' lang='lat' dir='ltr'><strong>nulla</strong></span> <span class='ocrx_word' id='word_1_97' title='bbox 1393 1517 1718 1582; x_wconf 87' lang='lat' dir='ltr'><strong>temporum</strong></span> <span class='ocrx_word' id='word_1_98' title='bbox 1764 1512 1984 1582; x_wconf 88' lang='lat' dir='ltr'><strong>injuria</strong></span> <span class='ocrx_word' id='word_1_99' title='bbox 2005 1515 2106 1570; x_wconf 87' lang='lat' dir='ltr'><strong>de-</strong></span> 
     </span>
    </p>
   </div>
   <div class='ocr_carea' id='block_1_18' title="bbox 457 1599 2109 1672">
    <p class='ocr_par' dir='ltr' id='par_1_18' title="bbox 457 1599 2109 1672">
     <span class='ocr_line' id='line_1_18' title="bbox 457 1599 2109 1672; baseline 0.002 -16"><span class='ocrx_word' id='word_1_100' title='bbox 457 1599 718 1656; x_wconf 89' lang='lat' dir='ltr'><strong>trimenti</strong></span> <span class='ocrx_word' id='word_1_101' title='bbox 751 1600 1077 1671; x_wconf 84' lang='lat' dir='ltr'><strong>quidquam</strong></span> <span class='ocrx_word' id='word_1_102' title='bbox 1102 1599 1152 1654; x_wconf 91' lang='lat' dir='ltr'><strong>ei</strong></span> <span class='ocrx_word' id='word_1_103' title='bbox 1181 1599 1387 1656; x_wconf 80' lang='lat' dir='ltr'><strong>aﬂ‘erre</strong></span> <span class='ocrx_word' id='word_1_104' title='bbox 1418 1599 1620 1672; x_wconf 88' lang='lat' dir='ltr'><strong>possit.</strong></span> <span class='ocrx_word' id='word_1_105' title='bbox 1663 1601 1808 1657; x_wconf 90' lang='lat' dir='ltr'><strong>Nam</strong></span> <span class='ocrx_word' id='word_1_106' title='bbox 1833 1602 1992 1659; x_wconf 79' lang='lat' dir='ltr'><strong>saxis</strong></span> <span class='ocrx_word' id='word_1_107' title='bbox 2023 1603 2109 1660; x_wconf 88' lang='lat' dir='ltr'><strong>in-</strong></span> 
     </span>
    </p>
   </div>
   <div class='ocr_carea' id='block_1_19' title="bbox 451 1688 2103 1762">
    <p class='ocr_par' dir='ltr' id='par_1_19' title="bbox 451 1688 2103 1762">
     <span class='ocr_line' id='line_1_19' title="bbox 451 1688 2103 1762; baseline 0.002 -18"><span class='ocrx_word' id='word_1_108' title='bbox 451 1689 692 1761; x_wconf 86' lang='lat' dir='ltr'><strong>jectitiis</strong></span> <span class='ocrx_word' id='word_1_109' title='bbox 721 1696 779 1744; x_wconf 89' lang='lat' dir='ltr'><strong>et</strong></span> <span class='ocrx_word' id='word_1_110' title='bbox 810 1688 1048 1760; x_wconf 87' lang='lat' dir='ltr'><strong>pulchre</strong></span> <span class='ocrx_word' id='word_1_111' title='bbox 1077 1689 1276 1760; x_wconf 84' lang='lat' dir='ltr'><strong>politis</strong></span> <span class='ocrx_word' id='word_1_112' title='bbox 1305 1705 1374 1745; x_wconf 80' lang='lat' dir='ltr'><strong>ex</strong></span> <span class='ocrx_word' id='word_1_113' title='bbox 1406 1693 1564 1761; x_wconf 86' lang='lat' dir='ltr'><strong>parte</strong></span> <span class='ocrx_word' id='word_1_114' title='bbox 1591 1694 1837 1762; x_wconf 91' lang='lat' dir='ltr'><strong>utraque</strong></span> <span class='ocrx_word' id='word_1_115' title='bbox 1861 1706 1986 1748; x_wconf 87' lang='lat' dir='ltr'><strong>eam</strong></span> <span class='ocrx_word' id='word_1_116' title='bbox 2017 1709 2103 1748; x_wconf 84' lang='lat' dir='ltr'><strong>re-</strong></span> 
     </span>
    </p>
   </div>
   <div class='ocr_carea' id='block_1_20' title="bbox 459 1777 2099 1884">
    <p class='ocr_par' dir='ltr' id='par_1_20' title="bbox 459 1777 2099 1846">
     <span class='ocr_line' id='line_1_20' title="bbox 459 1777 2099 1846; baseline 0.001 -11"><span class='ocrx_word' id='word_1_117' title='bbox 459 1779 752 1846; x_wconf 81' lang='lat' dir='ltr'><strong>slaurasti,</strong></span> <span class='ocrx_word' id='word_1_118' title='bbox 786 1781 1082 1832; x_wconf 85' lang='lat' dir='ltr'><strong>structura</strong></span> <span class='ocrx_word' id='word_1_119' title='bbox 1112 1777 1299 1833; x_wconf 88' lang='lat' dir='ltr'><strong>solida</strong></span> <span class='ocrx_word' id='word_1_120' title='bbox 1329 1783 1386 1834; x_wconf 90' lang='lat' dir='ltr'><strong>et</strong></span> <span class='ocrx_word' id='word_1_121' title='bbox 1423 1779 1540 1835; x_wconf 84' lang='lat' dir='ltr'><strong>fere</strong></span> <span class='ocrx_word' id='word_1_122' title='bbox 1589 1779 1970 1836; x_wconf 81' lang='lat' dir='ltr'><strong>adamantina</strong></span> <span class='ocrx_word' id='word_1_123' title='bbox 2025 1782 2099 1838; x_wconf 88' lang='lat' dir='ltr'><strong>ita</strong></span> 
     </span>
    </p>
   </div>
   <div class='ocr_carea' id='block_1_21' title="bbox 2209 1777 3544 1884">
    <p class='ocr_par' dir='ltr' id='par_1_21' title="bbox 2217 1780 3544 1872">
     <span class='ocr_line' id='line_1_21' title="bbox 2217 1780 3544 1872; baseline 0.017 -36"><span class='ocrx_word' id='word_1_124' title='bbox 2217 1780 2452 1846; x_wconf 86' lang='grc' dir='ltr'>διανοίας</span> <span class='ocrx_word' id='word_1_125' title='bbox 2514 1787 2850 1868; x_wconf 74' lang='grc' dir='ltr'>μεγαλοφυεῖ</span> <span class='ocrx_word' id='word_1_126' title='bbox 2895 1813 2954 1848; x_wconf 86' lang='grc' dir='ltr'><strong>τε</strong></span> <span class='ocrx_word' id='word_1_127' title='bbox 3008 1796 3097 1850; x_wconf 82' lang='grc' dir='ltr'><strong>καὶ</strong></span> <span class='ocrx_word' id='word_1_128' title='bbox 3156 1805 3397 1872; x_wconf 81' lang='grc' dir='ltr'><strong>συνετῷ·</strong></span> <span class='ocrx_word' id='word_1_129' title='bbox 3465 1803 3544 1864; x_wconf 84' lang='grc' dir='ltr'>ὡς</span> 
     </span>
    </p>
   </div>
   <div class='ocr_carea' id='block_1_22' title="bbox 457 1867 2098 1943">
    <p class='ocr_par' dir='ltr' id='par_1_22' title="bbox 457 1867 2098 1943">
     <span class='ocr_line' id='line_1_22' title="bbox 457 1867 2098 1943; baseline 0.003 -20"><span class='ocrx_word' id='word_1_130' title='bbox 457 1869 800 1940; x_wconf 82' lang='lat' dir='ltr'><strong>longissime</strong></span> <span class='ocrx_word' id='word_1_131' title='bbox 835 1869 895 1921; x_wconf 89' lang='lat' dir='ltr'><strong>in</strong></span> <span class='ocrx_word' id='word_1_132' title='bbox 943 1867 1126 1923; x_wconf 83' lang='lat' dir='ltr'><strong>altum</strong></span> <span class='ocrx_word' id='word_1_133' title='bbox 1175 1873 1534 1934; x_wconf 81' lang='lat' dir='ltr'><strong>excurrente,</strong></span> <span class='ocrx_word' id='word_1_134' title='bbox 1597 1875 1656 1926; x_wconf 87' lang='lat' dir='ltr'><strong>ut</strong></span> <span class='ocrx_word' id='word_1_135' title='bbox 1711 1875 1898 1926; x_wconf 90' lang='lat' dir='ltr'><strong>totum</strong></span> <span class='ocrx_word' id='word_1_136' title='bbox 1949 1889 2098 1943; x_wconf 88' lang='lat' dir='ltr'><strong>opus</strong></span> 
     </span>
    </p>
   </div>
   <div class='ocr_carea' id='block_1_23' title="bbox 457 1957 2101 2033">
    <p class='ocr_par' dir='ltr' id='par_1_23' title="bbox 457 1957 2101 2033">
     <span class='ocr_line' id='line_1_23' title="bbox 457 1957 2101 2033; baseline 0.002 -19"><span class='ocrx_word' id='word_1_137' title='bbox 457 1963 686 2032; x_wconf 86' lang='lat' dir='ltr'><strong>propter</strong></span> <span class='ocrx_word' id='word_1_138' title='bbox 717 1973 1005 2013; x_wconf 86' lang='lat' dir='ltr'><strong>summam</strong></span> <span class='ocrx_word' id='word_1_139' title='bbox 1038 1957 1496 2014; x_wconf 90' lang='lat' dir='ltr'><strong>convenientiam</strong></span> <span class='ocrx_word' id='word_1_140' title='bbox 1541 1963 1598 2014; x_wconf 90' lang='lat' dir='ltr'><strong>et</strong></span> <span class='ocrx_word' id='word_1_141' title='bbox 1638 1961 2101 2033; x_wconf 87' lang='lat' dir='ltr'><strong>coagmentatio-</strong></span> 
     </span>
    </p>
   </div>
   <div class='ocr_carea' id='block_1_24' title="bbox 455 2049 2099 2124">
    <p class='ocr_par' dir='ltr' id='par_1_24' title="bbox 455 2049 2099 2124">
     <span class='ocr_line' id='line_1_24' title="bbox 455 2049 2099 2124; baseline 0.001 -19"><span class='ocrx_word' id='word_1_142' title='bbox 455 2066 589 2106; x_wconf 81' lang='lat' dir='ltr'><strong>ncm</strong></span> <span class='ocrx_word' id='word_1_143' title='bbox 621 2065 824 2104; x_wconf 82' lang='lat' dir='ltr'><strong>saxum</strong></span> <span class='ocrx_word' id='word_1_144' title='bbox 858 2064 1040 2104; x_wconf 90' lang='lat' dir='ltr'><strong>unum</strong></span> <span class='ocrx_word' id='word_1_145' title='bbox 1071 2064 1201 2105; x_wconf 92' lang='lat' dir='ltr'><strong>esse</strong></span> <span class='ocrx_word' id='word_1_146' title='bbox 1239 2049 1521 2105; x_wconf 84' lang='lat' dir='ltr'><strong>videatur.</strong></span> <span class='ocrx_word' id='word_1_147' title='bbox 1558 2053 1623 2105; x_wconf 88' lang='lat' dir='ltr'><strong>Et</strong></span> <span class='ocrx_word' id='word_1_148' title='bbox 1653 2056 1838 2106; x_wconf 91' lang='lat' dir='ltr'><strong>totum</strong></span> <span class='ocrx_word' id='word_1_149' title='bbox 1870 2055 1931 2106; x_wconf 92' lang='lat' dir='ltr'><strong>tu</strong></span> <span class='ocrx_word' id='word_1_150' title='bbox 1968 2051 2099 2124; x_wconf 89' lang='lat' dir='ltr'><strong>qui-</strong></span> 
     </span>
    </p>
   </div>
   <div class='ocr_carea' id='block_1_25' title="bbox 455 2137 2092 2210">
    <p class='ocr_par' dir='ltr' id='par_1_25' title="bbox 455 2137 2092 2210">
     <span class='ocr_line' id='line_1_25' title="bbox 455 2137 2092 2210; baseline 0.002 -16"><span class='ocrx_word' id='word_1_151' title='bbox 455 2139 585 2194; x_wconf 89' lang='lat' dir='ltr'><strong>dem</strong></span> <span class='ocrx_word' id='word_1_152' title='bbox 619 2138 728 2193; x_wconf 91' lang='lat' dir='ltr'><strong>hoc</strong></span> <span class='ocrx_word' id='word_1_153' title='bbox 762 2137 1045 2210; x_wconf 90' lang='lat' dir='ltr'><strong>templum</strong></span> <span class='ocrx_word' id='word_1_154' title='bbox 1095 2137 1281 2193; x_wconf 88' lang='lat' dir='ltr'><strong>solida</strong></span> <span class='ocrx_word' id='word_1_155' title='bbox 1324 2138 1638 2195; x_wconf 88' lang='lat' dir='ltr'><strong>stabilitate</strong></span> <span class='ocrx_word' id='word_1_156' title='bbox 1683 2141 2044 2198; x_wconf 86' lang='lat' dir='ltr'><strong>confirmasti</strong></span> <span class='ocrx_word' id='word_1_157' title='bbox 2079 2160 2092 2198; x_wconf 92' lang='lat'><strong>:</strong></span> 
     </span>
    </p>
   </div>
   <div class='ocr_carea' id='block_1_26' title="bbox 455 2227 2097 2302">
    <p class='ocr_par' dir='ltr' id='par_1_26' title="bbox 455 2227 2097 2302">
     <span class='ocr_line' id='line_1_26' title="bbox 455 2227 2097 2302; baseline 0.004 -20"><span class='ocrx_word' id='word_1_158' title='bbox 455 2229 706 2282; x_wconf 82' lang='lat' dir='ltr'><strong>maxime</strong></span> <span class='ocrx_word' id='word_1_159' title='bbox 737 2231 927 2282; x_wconf 87' lang='lat' dir='ltr'><strong>tamen</strong></span> <span class='ocrx_word' id='word_1_160' title='bbox 961 2243 1087 2282; x_wconf 88' lang='lat' dir='ltr'><strong>eam</strong></span> <span class='ocrx_word' id='word_1_161' title='bbox 1119 2227 1346 2283; x_wconf 64' lang='lat' dir='ltr'><strong>aediﬁcii</strong></span> <span class='ocrx_word' id='word_1_162' title='bbox 1377 2237 1616 2300; x_wconf 83' lang='lat' dir='ltr'><strong>partem,</strong></span> <span class='ocrx_word' id='word_1_163' title='bbox 1648 2246 1776 2302; x_wconf 70' lang='lat' dir='ltr'><strong>qua</strong></span> <span class='ocrx_word' id='word_1_164' title='bbox 1803 2232 1870 2286; x_wconf 88' lang='lat' dir='ltr'><strong>ad</strong></span> <span class='ocrx_word' id='word_1_165' title='bbox 1903 2231 2097 2288; x_wconf 88' lang='lat' dir='ltr'><strong>orien-</strong></span> 
     </span>
    </p>
   </div>
   <div class='ocr_carea' id='block_1_27' title="bbox 455 2317 2093 2390">
    <p class='ocr_par' dir='ltr' id='par_1_27' title="bbox 455 2317 2093 2390">
     <span class='ocr_line' id='line_1_27' title="bbox 455 2317 2093 2390; baseline 0.002 -16"><span class='ocrx_word' id='word_1_166' title='bbox 455 2323 570 2374; x_wconf 90' lang='lat' dir='ltr'><strong>tem</strong></span> <span class='ocrx_word' id='word_1_167' title='bbox 605 2317 784 2372; x_wconf 88' lang='lat' dir='ltr'><strong>solem</strong></span> <span class='ocrx_word' id='word_1_168' title='bbox 815 2320 1112 2388; x_wconf 86' lang='lat' dir='ltr'><strong>spectans,</strong></span> <span class='ocrx_word' id='word_1_169' title='bbox 1145 2317 1360 2373; x_wconf 85' lang='lat' dir='ltr'><strong>sensim</strong></span> <span class='ocrx_word' id='word_1_170' title='bbox 1403 2319 1840 2390; x_wconf 84' lang='lat' dir='ltr'><strong>quodammodo</strong></span> <span class='ocrx_word' id='word_1_171' title='bbox 1888 2337 1923 2377; x_wconf 89' lang='lat' dir='ltr'><strong>a</strong></span> <span class='ocrx_word' id='word_1_172' title='bbox 1962 2321 2093 2378; x_wconf 87' lang='lat' dir='ltr'><strong>reli-</strong></span> 
     </span>
    </p>
   </div>
   <div class='ocr_carea' id='block_1_28' title="bbox 453 2407 2094 2480">
    <p class='ocr_par' dir='ltr' id='par_1_28' title="bbox 453 2407 2094 2480">
     <span class='ocr_line' id='line_1_28' title="bbox 453 2407 2094 2480; baseline 0.005 -19"><span class='ocrx_word' id='word_1_173' title='bbox 453 2407 585 2480; x_wconf 86' lang='lat' dir='ltr'><strong>quis</strong></span> <span class='ocrx_word' id='word_1_174' title='bbox 619 2407 880 2479; x_wconf 81' lang='lat' dir='ltr'><strong>partihus</strong></span> <span class='ocrx_word' id='word_1_175' title='bbox 915 2407 1160 2476; x_wconf 87' lang='lat' dir='ltr'><strong>abrupta</strong></span> <span class='ocrx_word' id='word_1_176' title='bbox 1203 2411 1290 2462; x_wconf 89' lang='lat' dir='ltr'><strong>est</strong></span> <span class='ocrx_word' id='word_1_177' title='bbox 1347 2412 1404 2464; x_wconf 90' lang='lat' dir='ltr'><strong>et</strong></span> <span class='ocrx_word' id='word_1_178' title='bbox 1447 2407 1758 2480; x_wconf 88' lang='lat' dir='ltr'><strong>disjuncta.</strong></span> <span class='ocrx_word' id='word_1_179' title='bbox 1809 2410 1924 2467; x_wconf 88' lang='lat' dir='ltr'><strong>Nec</strong></span> <span class='ocrx_word' id='word_1_180' title='bbox 1973 2429 2094 2469; x_wconf 82' lang='lat' dir='ltr'><strong>ma-</strong></span> 
     </span>
    </p>
   </div>
   <div class='ocr_carea' id='block_1_29' title="bbox 450 2496 2093 2574">
    <p class='ocr_par' dir='ltr' id='par_1_29' title="bbox 450 2496 2093 2574">
     <span class='ocr_line' id='line_1_29' title="bbox 450 2496 2093 2574; baseline 0.003 -20"><span class='ocrx_word' id='word_1_181' title='bbox 450 2514 590 2554; x_wconf 88' lang='lat' dir='ltr'><strong>num</strong></span> <span class='ocrx_word' id='word_1_182' title='bbox 629 2501 854 2554; x_wconf 88' lang='lat' dir='ltr'><strong>tantum</strong></span> <span class='ocrx_word' id='word_1_183' title='bbox 889 2496 1046 2569; x_wconf 90' lang='lat' dir='ltr'><strong>operi</strong></span> <span class='ocrx_word' id='word_1_184' title='bbox 1086 2497 1179 2552; x_wconf 84' lang='lat' dir='ltr'><strong>isti</strong></span> <span class='ocrx_word' id='word_1_185' title='bbox 1225 2497 1566 2569; x_wconf 82' lang='lat' dir='ltr'><strong>adhibuisti,</strong></span> <span class='ocrx_word' id='word_1_186' title='bbox 1601 2500 1704 2557; x_wconf 90' lang='lat' dir='ltr'><strong>sed</strong></span> <span class='ocrx_word' id='word_1_187' title='bbox 1752 2502 1823 2556; x_wconf 90' lang='lat' dir='ltr'><strong>ad</strong></span> <span class='ocrx_word' id='word_1_188' title='bbox 1872 2501 2093 2574; x_wconf 88' lang='lat' dir='ltr'><strong>reliqua</strong></span> 
     </span>
    </p>
   </div>
   <div class='ocr_carea' id='block_1_30' title="bbox 449 2587 2094 2657">
    <p class='ocr_par' dir='ltr' id='par_1_30' title="bbox 449 2587 2094 2657">
     <span class='ocr_line' id='line_1_30' title="bbox 449 2587 2094 2657; baseline 0.001 -9"><span class='ocrx_word' id='word_1_189' title='bbox 449 2593 647 2657; x_wconf 84' lang='lat' dir='ltr'><strong>etiam,</strong></span> <span class='ocrx_word' id='word_1_190' title='bbox 678 2588 936 2645; x_wconf 79' lang='lat' dir='ltr'><strong>divinam</strong></span> <span class='ocrx_word' id='word_1_191' title='bbox 971 2591 1026 2644; x_wconf 90' lang='lat' dir='ltr'><strong>et</strong></span> <span class='ocrx_word' id='word_1_192' title='bbox 1058 2587 1450 2646; x_wconf 84' lang='lat' dir='ltr'><strong>immortalem</strong></span> <span class='ocrx_word' id='word_1_193' title='bbox 1481 2599 1634 2646; x_wconf 87' lang='lat' dir='ltr'><strong>tuam</strong></span> <span class='ocrx_word' id='word_1_194' title='bbox 1668 2607 1869 2648; x_wconf 86' lang='lat' dir='ltr'><strong>curam</strong></span> <span class='ocrx_word' id='word_1_195' title='bbox 1895 2598 1952 2648; x_wconf 88' lang='lat' dir='ltr'><strong>ct</strong></span> <span class='ocrx_word' id='word_1_196' title='bbox 1984 2593 2094 2650; x_wconf 91' lang='lat' dir='ltr'><strong>scl-</strong></span> 
     </span>
    </p>
   </div>
   <div class='ocr_carea' id='block_1_31' title="bbox 446 2676 2092 2756">
    <p class='ocr_par' dir='ltr' id='par_1_31' title="bbox 446 2676 2092 2756">
     <span class='ocr_line' id='line_1_31' title="bbox 446 2676 2092 2756; baseline 0.001 -19"><span class='ocrx_word' id='word_1_197' title='bbox 446 2680 816 2738; x_wconf 89' lang='lat' dir='ltr'><strong>licitudinem</strong></span> <span class='ocrx_word' id='word_1_198' title='bbox 849 2677 1024 2734; x_wconf 89' lang='lat' dir='ltr'><strong>rebus</strong></span> <span class='ocrx_word' id='word_1_199' title='bbox 1049 2676 1142 2732; x_wconf 87' lang='lat' dir='ltr'><strong>bis</strong></span> <span class='ocrx_word' id='word_1_200' title='bbox 1173 2678 1541 2750; x_wconf 87' lang='lat' dir='ltr'><strong>impendens,</strong></span> <span class='ocrx_word' id='word_1_201' title='bbox 1575 2681 1862 2752; x_wconf 83' lang='lat' dir='ltr'><strong>adjecisti.</strong></span> <span class='ocrx_word' id='word_1_202' title='bbox 1901 2683 2092 2756; x_wconf 89' lang='lat' dir='ltr'><strong>Siqui-</strong></span> 
     </span>
    </p>
   </div>
   <div class='ocr_carea' id='block_1_32' title="bbox 445 2765 2093 2844">
    <p class='ocr_par' dir='ltr' id='par_1_32' title="bbox 445 2765 2093 2844">
     <span class='ocr_line' id='line_1_32' title="bbox 445 2765 2093 2844; baseline 0.001 -19"><span class='ocrx_word' id='word_1_203' title='bbox 445 2771 574 2826; x_wconf 85' lang='lat' dir='ltr'><strong>dem</strong></span> <span class='ocrx_word' id='word_1_204' title='bbox 609 2769 680 2823; x_wconf 84' lang='lat' dir='ltr'><strong>ad</strong></span> <span class='ocrx_word' id='word_1_205' title='bbox 714 2767 820 2822; x_wconf 86' lang='lat' dir='ltr'><strong>has</strong></span> <span class='ocrx_word' id='word_1_206' title='bbox 848 2765 1020 2820; x_wconf 82' lang='lat' dir='ltr'><strong>etiam</strong></span> <span class='ocrx_word' id='word_1_207' title='bbox 1053 2771 1209 2820; x_wconf 84' lang='lat' dir='ltr'><strong>artes</strong></span> <span class='ocrx_word' id='word_1_208' title='bbox 1243 2767 1526 2838; x_wconf 82' lang='lat' dir='ltr'><strong>sapientis</strong></span> <span class='ocrx_word' id='word_1_209' title='bbox 1557 2769 1738 2824; x_wconf 88' lang='lat' dir='ltr'><strong>animi</strong></span> <span class='ocrx_word' id='word_1_210' title='bbox 1770 2770 2093 2844; x_wconf 86' lang='lat' dir='ltr'><strong>intelligen-</strong></span> 
     </span>
    </p>
   </div>
   <div class='ocr_carea' id='block_1_33' title="bbox 446 2854 2094 2931">
    <p class='ocr_par' dir='ltr' id='par_1_33' title="bbox 446 2854 2094 2931">
     <span class='ocr_line' id='line_1_33' title="bbox 446 2854 2094 2931; baseline 0.003 -18"><span class='ocrx_word' id='word_1_211' title='bbox 446 2859 527 2914; x_wconf 85' lang='lat' dir='ltr'><strong>tia</strong></span> <span class='ocrx_word' id='word_1_212' title='bbox 573 2862 630 2913; x_wconf 90' lang='lat' dir='ltr'><strong>et</strong></span> <span class='ocrx_word' id='word_1_213' title='bbox 673 2854 1096 2928; x_wconf 84' lang='lat' dir='ltr'><strong>magnitudine,</strong></span> <span class='ocrx_word' id='word_1_214' title='bbox 1167 2856 1487 2912; x_wconf 88' lang='lat' dir='ltr'><strong>admodum</strong></span> <span class='ocrx_word' id='word_1_215' title='bbox 1537 2873 1598 2914; x_wconf 87' lang='lat' dir='ltr'><strong>es</strong></span> <span class='ocrx_word' id='word_1_216' title='bbox 1648 2860 1970 2931; x_wconf 90' lang='lat' dir='ltr'><strong>appositus.</strong></span> <span class='ocrx_word' id='word_1_217' title='bbox 2026 2863 2094 2918; x_wconf 88' lang='lat' dir='ltr'><strong>Et</strong></span> 
     </span>
    </p>
   </div>
   <div class='ocr_carea' id='block_1_34' title="bbox 444 2943 2090 3020">
    <p class='ocr_par' dir='ltr' id='par_1_34' title="bbox 444 2943 2090 3020">
     <span class='ocr_line' id='line_1_34' title="bbox 444 2943 2090 3020; baseline 0.001 -16"><span class='ocrx_word' id='word_1_218' title='bbox 444 2964 591 3020; x_wconf 90' lang='lat' dir='ltr'><strong>opus</strong></span> <span class='ocrx_word' id='word_1_219' title='bbox 621 2947 732 3003; x_wconf 90' lang='lat' dir='ltr'><strong>hoc</strong></span> <span class='ocrx_word' id='word_1_220' title='bbox 777 2943 1037 3018; x_wconf 64' lang='lat' dir='ltr'><strong>omnino,</strong></span> <span class='ocrx_word' id='word_1_221' title='bbox 1083 2947 1238 3014; x_wconf 85' lang='lat' dir='ltr'><strong>quod</strong></span> <span class='ocrx_word' id='word_1_222' title='bbox 1289 2945 1566 3016; x_wconf 82' lang='lat' dir='ltr'><strong>diximus,</strong></span> <span class='ocrx_word' id='word_1_223' title='bbox 1619 2964 1735 3004; x_wconf 91' lang='lat' dir='ltr'><strong>non</strong></span> <span class='ocrx_word' id='word_1_224' title='bbox 1785 2965 1851 3004; x_wconf 88' lang='lat' dir='ltr'><strong>ea</strong></span> <span class='ocrx_word' id='word_1_225' title='bbox 1901 2949 2090 3005; x_wconf 89' lang='lat' dir='ltr'><strong>solum</strong></span> 
     </span>
    </p>
   </div>
   <div class='ocr_carea' id='block_1_35' title="bbox 442 3037 2091 3110">
    <p class='ocr_par' dir='ltr' id='par_1_35' title="bbox 442 3037 2091 3110">
     <span class='ocr_line' id='line_1_35' title="bbox 442 3037 2091 3110; baseline 0.002 -19"><span class='ocrx_word' id='word_1_226' title='bbox 442 3053 572 3109; x_wconf 72' lang='lat' dir='ltr'><strong>quas</strong></span> <span class='ocrx_word' id='word_1_227' title='bbox 601 3053 636 3092; x_wconf 91' lang='lat' dir='ltr'><strong>a</strong></span> <span class='ocrx_word' id='word_1_228' title='bbox 668 3037 882 3092; x_wconf 63' lang='lat' dir='ltr'><strong>sweulo</strong></span> <span class='ocrx_word' id='word_1_229' title='bbox 912 3039 1142 3095; x_wconf 84' lang='lat' dir='ltr'><strong>condito</strong></span> <span class='ocrx_word' id='word_1_230' title='bbox 1173 3037 1488 3110; x_wconf 31' lang='lat' dir='ltr'><strong>i&#39;exstitere,</strong></span> <span class='ocrx_word' id='word_1_231' title='bbox 1521 3054 1722 3092; x_wconf 90' lang='lat' dir='ltr'><strong>verum</strong></span> <span class='ocrx_word' id='word_1_232' title='bbox 1774 3037 1946 3093; x_wconf 83' lang='lat' dir='ltr'><strong>etiam</strong></span> <span class='ocrx_word' id='word_1_233' title='bbox 1983 3041 2091 3095; x_wconf 87' lang='lat' dir='ltr'><strong>de-</strong></span> 
     </span>
    </p>
   </div>
   <div class='ocr_carea' id='block_1_36' title="bbox 443 3126 2090 3184">
    <p class='ocr_par' dir='ltr' id='par_1_36' title="bbox 443 3126 2090 3184">
     <span class='ocr_line' id='line_1_36' title="bbox 443 3126 2090 3184; baseline 0.001 -2"><span class='ocrx_word' id='word_1_234' title='bbox 443 3126 913 3182; x_wconf 87' lang='lat' dir='ltr'><strong>cantatissimum</strong></span> <span class='ocrx_word' id='word_1_235' title='bbox 945 3126 1109 3184; x_wconf 90' lang='lat' dir='ltr'><strong>illum</strong></span> <span class='ocrx_word' id='word_1_236' title='bbox 1152 3126 1557 3183; x_wconf 65' lang='lat' dir='ltr'><strong>Semiramidis</strong></span> <span class='ocrx_word' id='word_1_237' title='bbox 1596 3127 1885 3183; x_wconf 88' lang='lat' dir='ltr'><strong>bitumine</strong></span> <span class='ocrx_word' id='word_1_238' title='bbox 1931 3144 2090 3184; x_wconf 88' lang='lat' dir='ltr'><strong>com-</strong></span> 
     </span>
    </p>
   </div>
   <div class='ocr_carea' id='block_1_37' title="bbox 2228 528 3857 627">
    <p class='ocr_par' dir='ltr' id='par_1_37' title="bbox 2228 528 3857 627">
     <span class='ocr_line' id='line_1_37' title="bbox 2228 528 3857 627; baseline 0.014 -41"><span class='ocrx_word' id='word_1_239' title='bbox 2228 535 2336 586; x_wconf 81' lang='grc' dir='ltr'>τῶν</span> <span class='ocrx_word' id='word_1_240' title='bbox 2389 528 2572 588; x_wconf 79' lang='grc' dir='ltr'>δεινῶν</span> <span class='ocrx_word' id='word_1_241' title='bbox 2617 539 2715 590; x_wconf 80' lang='grc' dir='ltr'><strong>τοῦ</strong></span> <span class='ocrx_word' id='word_1_242' title='bbox 2763 535 2962 594; x_wconf 74' lang='grc' dir='ltr'>λοιποῦ</span> <span class='ocrx_word' id='word_1_243' title='bbox 3011 528 3215 614; x_wconf 80' lang='grc' dir='ltr'>ἐξεῖναι</span> <span class='ocrx_word' id='word_1_244' title='bbox 3257 550 3354 614; x_wconf 84' lang='grc' dir='ltr'><strong>τῆς</strong></span> <span class='ocrx_word' id='word_1_245' title='bbox 3396 544 3453 601; x_wconf 76' lang='grc' dir='ltr'>ἐκ</span> <span class='ocrx_word' id='word_1_246' title='bbox 3499 528 3608 604; x_wconf 77' lang='grc' dir='ltr'><strong>τῶν</strong></span> <span class='ocrx_word' id='word_1_247' title='bbox 3655 528 3857 627; x_wconf 81' lang='grc' dir='ltr'>χρόνων</span> 
     </span>
    </p>
   </div>
   <div class='ocr_carea' id='block_1_38' title="bbox 2231 615 3857 713">
    <p class='ocr_par' dir='ltr' id='par_1_38' title="bbox 2231 615 3857 713">
     <span class='ocr_line' id='line_1_38' title="bbox 2231 615 3857 713; baseline 0.016 -40"><span class='ocrx_word' id='word_1_248' title='bbox 2231 615 2439 694; x_wconf 76' lang='grc' dir='ltr'>ὕϐρεως</span> <span class='ocrx_word' id='word_1_249' title='bbox 2493 622 2634 696; x_wconf 77' lang='grc' dir='ltr'>αὐτῇ</span> <span class='ocrx_word' id='word_1_250' title='bbox 2685 622 3040 699; x_wconf 76' lang='grc' dir='ltr'>προσϐαλεῖν.</span> <span class='ocrx_word' id='word_1_251' title='bbox 3103 629 3470 708; x_wconf 80' lang='grc' dir='ltr'>Ἑμϐολίμοις</span> <span class='ocrx_word' id='word_1_252' title='bbox 3527 615 3857 713; x_wconf 32' lang='grc' dir='ltr'>γὰρ’νλίθοις</span> 
     </span>
    </p>
   </div>
   <div class='ocr_carea' id='block_1_39' title="bbox 2229 713 3858 812">
    <p class='ocr_par' dir='ltr' id='par_1_39' title="bbox 2229 713 3858 812">
     <span class='ocr_line' id='line_1_39' title="bbox 2229 713 3858 812; baseline 0.016 -46"><span class='ocrx_word' id='word_1_253' title='bbox 2229 713 2319 767; x_wconf 79' lang='grc' dir='ltr'><strong>καὶ</strong></span> <span class='ocrx_word' id='word_1_254' title='bbox 2373 713 2451 777; x_wconf 70' lang='grc' dir='ltr'>εἷς</span> <span class='ocrx_word' id='word_1_255' title='bbox 2520 717 2729 780; x_wconf 80' lang='grc' dir='ltr'>κάλλος</span> <span class='ocrx_word' id='word_1_256' title='bbox 2793 721 3196 796; x_wconf 78' lang='grc' dir='ltr'>ἆπεξεσμένοις,</span> <span class='ocrx_word' id='word_1_257' title='bbox 3257 729 3580 803; x_wconf 74' lang='grc' dir='ltr'>ἑκατέρωθεν</span> <span class='ocrx_word' id='word_1_258' title='bbox 3645 733 3858 812; x_wconf 78' lang='grc' dir='ltr'><strong>ἐπιρῥώ-</strong></span> 
     </span>
    </p>
   </div>
   <div class='ocr_carea' id='block_1_40' title="bbox 2231 803 3855 900">
    <p class='ocr_par' dir='ltr' id='par_1_40' title="bbox 2231 803 3855 900">
     <span class='ocr_line' id='line_1_40' title="bbox 2231 803 3855 900; baseline 0.015 -44"><span class='ocrx_word' id='word_1_259' title='bbox 2231 821 2323 864; x_wconf 90' lang='grc' dir='ltr'><strong>σας</strong></span> <span class='ocrx_word' id='word_1_260' title='bbox 2385 803 2677 880; x_wconf 80' lang='grc' dir='ltr'><strong>οἰκοδομίᾳ</strong></span> <span class='ocrx_word' id='word_1_261' title='bbox 2735 809 2932 886; x_wconf 73' lang='grc' dir='ltr'>στεῤῥᾷ</span> <span class='ocrx_word' id='word_1_262' title='bbox 2987 815 3076 868; x_wconf 80' lang='grc' dir='ltr'><strong>καὶ</strong></span> <span class='ocrx_word' id='word_1_263' title='bbox 3133 812 3468 890; x_wconf 74' lang='grc' dir='ltr'>ἀδαμαντίνῃ</span> <span class='ocrx_word' id='word_1_264' title='bbox 3513 803 3855 900; x_wconf 36' lang='grc' dir='ltr'>σχεδὸν,ῃὲπί</span> 
     </span>
    </p>
   </div>
   <div class='ocr_carea' id='block_1_41' title="bbox 2230 892 3854 979">
    <p class='ocr_par' dir='ltr' id='par_1_41' title="bbox 2230 892 3854 979">
     <span class='ocr_line' id='line_1_41' title="bbox 2230 892 3854 979; baseline 0.015 -34"><span class='ocrx_word' id='word_1_265' title='bbox 2230 892 2494 964; x_wconf 86' lang='grc' dir='ltr'>μήκιστον</span> <span class='ocrx_word' id='word_1_266' title='bbox 2530 895 2610 958; x_wconf 83' lang='grc' dir='ltr'>εἷς</span> <span class='ocrx_word' id='word_1_267' title='bbox 2658 895 2798 971; x_wconf 76' lang='grc' dir='ltr'>ὕψος</span> <span class='ocrx_word' id='word_1_268' title='bbox 2846 899 3221 979; x_wconf 81' lang='grc' dir='ltr'>ἀνατρεχούσῃ</span> <span class='ocrx_word' id='word_1_269' title='bbox 3260 925 3272 936; x_wconf 89' lang='grc'><strong>·</strong></span> <span class='ocrx_word' id='word_1_270' title='bbox 3325 907 3400 970; x_wconf 85' lang='grc' dir='ltr'><strong>ὡς</strong></span> <span class='ocrx_word' id='word_1_271' title='bbox 3431 892 3606 965; x_wconf 49' lang='grc' dir='ltr'>δοκεὶἶν</span> <span class='ocrx_word' id='word_1_272' title='bbox 3649 892 3740 968; x_wconf 69' lang='grc' dir='ltr'>ἕνα</span> <span class='ocrx_word' id='word_1_273' title='bbox 3785 913 3854 969; x_wconf 79' lang='grc' dir='ltr'>λί-</span> 
     </span>
    </p>
   </div>
   <div class='ocr_carea' id='block_1_42' title="bbox 2227 981 3850 1074">
    <p class='ocr_par' dir='ltr' id='par_1_42' title="bbox 2227 981 3850 1074">
     <span class='ocr_line' id='line_1_42' title="bbox 2227 981 3850 1074; baseline 0.014 -39"><span class='ocrx_word' id='word_1_274' title='bbox 2227 981 2319 1074; x_wconf 77' lang='grc' dir='ltr'><strong>θον</strong></span> <span class='ocrx_word' id='word_1_275' title='bbox 2381 983 2517 1038; x_wconf 77' lang='grc' dir='ltr'>εἶναι</span> <span class='ocrx_word' id='word_1_276' title='bbox 2573 986 2634 1040; x_wconf 86' lang='grc' dir='ltr'>τὸ</span> <span class='ocrx_word' id='word_1_277' title='bbox 2699 987 2914 1056; x_wconf 77' lang='grc' dir='ltr'><strong>σύμπαν</strong></span> <span class='ocrx_word' id='word_1_278' title='bbox 2964 989 3144 1069; x_wconf 73' lang='grc' dir='ltr'>ἔργον,</span> <span class='ocrx_word' id='word_1_279' title='bbox 3200 998 3268 1068; x_wconf 85' lang='grc' dir='ltr'><strong>τῇ</strong></span> <span class='ocrx_word' id='word_1_280' title='bbox 3324 995 3376 1058; x_wconf 82' lang='grc' dir='ltr'>ἐς</span> <span class='ocrx_word' id='word_1_281' title='bbox 3437 997 3598 1074; x_wconf 77' lang='grc' dir='ltr'>ἄκρον</span> <span class='ocrx_word' id='word_1_282' title='bbox 3653 998 3850 1074; x_wconf 82' lang='grc' dir='ltr'>δηλαδή</span> 
     </span>
    </p>
   </div>
   <div class='ocr_carea' id='block_1_43' title="bbox 2228 1069 3850 1161">
    <p class='ocr_par' dir='ltr' id='par_1_43' title="bbox 2228 1069 3850 1161">
     <span class='ocr_line' id='line_1_43' title="bbox 2228 1069 3850 1161; baseline 0.014 -39"><span class='ocrx_word' id='word_1_283' title='bbox 2228 1069 2462 1143; x_wconf 77' lang='grc' dir='ltr'>ἁρμονίᾳ</span> <span class='ocrx_word' id='word_1_284' title='bbox 2513 1075 2602 1129; x_wconf 76' lang='grc' dir='ltr'><strong>καὶ</strong></span> <span class='ocrx_word' id='word_1_285' title='bbox 2683 1077 2945 1154; x_wconf 70' lang='grc' dir='ltr'>συμφυΐᾳ.</span> <span class='ocrx_word' id='word_1_286' title='bbox 3008 1083 3106 1136; x_wconf 83' lang='grc' dir='ltr'><strong>Καὶ</strong></span> <span class='ocrx_word' id='word_1_287' title='bbox 3182 1085 3352 1140; x_wconf 82' lang='grc' dir='ltr'>πάντα</span> <span class='ocrx_word' id='word_1_288' title='bbox 3413 1088 3506 1161; x_wconf 75' lang='grc' dir='ltr'>μὲν</span> <span class='ocrx_word' id='word_1_289' title='bbox 3581 1091 3671 1146; x_wconf 76' lang='grc' dir='ltr'><strong>τὸν</strong></span> <span class='ocrx_word' id='word_1_290' title='bbox 3727 1091 3850 1148; x_wconf 84' lang='grc' dir='ltr'>νεὼν</span> 
     </span>
    </p>
   </div>
   <div class='ocr_carea' id='block_1_44' title="bbox 2227 1157 3850 1253">
    <p class='ocr_par' dir='ltr' id='par_1_44' title="bbox 2227 1157 3850 1253">
     <span class='ocr_line' id='line_1_44' title="bbox 2227 1157 3850 1253; baseline 0.015 -41"><span class='ocrx_word' id='word_1_291' title='bbox 2227 1157 2468 1253; x_wconf 47' lang='lat' dir='ltr'><strong>crepidis</strong></span> <span class='ocrx_word' id='word_1_292' title='bbox 2499 1159 2736 1237; x_wconf 75' lang='grc' dir='ltr'>ἑδραιοῖς</span> <span class='ocrx_word' id='word_1_293' title='bbox 2772 1185 2784 1198; x_wconf 75' lang='grc'><strong><em>⁵</em></strong></span> <span class='ocrx_word' id='word_1_294' title='bbox 2840 1169 3081 1240; x_wconf 77' lang='grc' dir='ltr'>μάλιστα</span> <span class='ocrx_word' id='word_1_295' title='bbox 3110 1168 3156 1226; x_wconf 90' lang='grc' dir='ltr'>δ’</span> <span class='ocrx_word' id='word_1_296' title='bbox 3207 1171 3305 1228; x_wconf 72' lang='grc' dir='ltr'><strong>ὅσα</strong></span> <span class='ocrx_word' id='word_1_297' title='bbox 3333 1157 3438 1229; x_wconf 81' lang='grc' dir='ltr'><strong>τῶν</strong></span> <span class='ocrx_word' id='word_1_298' title='bbox 3487 1175 3850 1253; x_wconf 73' lang='grc' dir='ltr'>οἰκοδομημάο</span> 
     </span>
    </p>
   </div>
   <div class='ocr_carea' id='block_1_45' title="bbox 2221 1249 3848 1338">
    <p class='ocr_par' dir='ltr' id='par_1_45' title="bbox 2221 1249 3848 1338">
     <span class='ocr_line' id='line_1_45' title="bbox 2221 1249 3848 1338; baseline 0.014 -37"><span class='ocrx_word' id='word_1_299' title='bbox 2221 1267 2331 1338; x_wconf 83' lang='grc' dir='ltr'><strong>των</strong></span> <span class='ocrx_word' id='word_1_300' title='bbox 2363 1249 2498 1318; x_wconf 77' lang='grc' dir='ltr'>ἦσαν</span> <span class='ocrx_word' id='word_1_301' title='bbox 2551 1253 2686 1326; x_wconf 88' lang='grc' dir='ltr'>πρὸς</span> <span class='ocrx_word' id='word_1_302' title='bbox 2738 1255 3030 1332; x_wconf 71' lang='grc' dir='ltr'>ἀνίσχοντα</span> <span class='ocrx_word' id='word_1_303' title='bbox 3060 1259 3248 1330; x_wconf 76' lang='grc' dir='ltr'>ἥλιον,</span> <span class='ocrx_word' id='word_1_304' title='bbox 3294 1265 3472 1338; x_wconf 82' lang='grc' dir='ltr'>ἠρέμα</span> <span class='ocrx_word' id='word_1_305' title='bbox 3521 1249 3716 1324; x_wconf 81' lang='grc' dir='ltr'>ὡσανεῖ</span> <span class='ocrx_word' id='word_1_306' title='bbox 3750 1249 3848 1324; x_wconf 72' lang='grc' dir='ltr'>τῶν</span> 
     </span>
    </p>
   </div>
   <div class='ocr_carea' id='block_1_46' title="bbox 2221 1334 3850 1435">
    <p class='ocr_par' dir='ltr' id='par_1_46' title="bbox 2221 1334 3850 1435">
     <span class='ocr_line' id='line_1_46' title="bbox 2221 1334 3850 1435; baseline 0.015 -45"><span class='ocrx_word' id='word_1_307' title='bbox 2221 1334 2408 1435; x_wconf 41' lang='grc' dir='ltr'>ἀλλῼων</span> <span class='ocrx_word' id='word_1_308' title='bbox 2438 1340 2894 1435; x_wconf 31' lang='grc' dir='ltr'>,ἀπο-σαλεύοντα,</span> <span class='ocrx_word' id='word_1_309' title='bbox 2929 1347 2990 1402; x_wconf 80' lang='grc' dir='ltr'>οὐ</span> <span class='ocrx_word' id='word_1_310' title='bbox 3037 1350 3136 1418; x_wconf 85' lang='grc' dir='ltr'>τήν</span> <span class='ocrx_word' id='word_1_311' title='bbox 3185 1334 3346 1428; x_wconf 61' lang='grc' dir='ltr'>χεῖρα</span> <span class='ocrx_word' id='word_1_312' title='bbox 3397 1334 3560 1425; x_wconf 77' lang='grc' dir='ltr'>μόνον</span> <span class='ocrx_word' id='word_1_313' title='bbox 3602 1362 3678 1430; x_wconf 80' lang='grc' dir='ltr'><strong>τῷ</strong></span> <span class='ocrx_word' id='word_1_314' title='bbox 3717 1356 3850 1435; x_wconf 78' lang='grc' dir='ltr'>ἔργῳ</span> 
     </span>
    </p>
   </div>
   <div class='ocr_carea' id='block_1_47' title="bbox 2219 1421 3850 1520">
    <p class='ocr_par' dir='ltr' id='par_1_47' title="bbox 2219 1421 3850 1520">
     <span class='ocr_line' id='line_1_47' title="bbox 2219 1421 3850 1520; baseline 0.015 -41"><span class='ocrx_word' id='word_1_315' title='bbox 2219 1421 2520 1500; x_wconf 77' lang='grc' dir='ltr'>ἐπιϐαλὼν,</span> <span class='ocrx_word' id='word_1_316' title='bbox 2557 1430 2701 1487; x_wconf 82' lang='grc' dir='ltr'>ἀλλὰ</span> <span class='ocrx_word' id='word_1_317' title='bbox 2749 1433 2840 1488; x_wconf 79' lang='grc' dir='ltr'><strong>καὶ</strong></span> <span class='ocrx_word' id='word_1_318' title='bbox 2882 1435 2971 1490; x_wconf 84' lang='grc' dir='ltr'><strong>τὸν</strong></span> <span class='ocrx_word' id='word_1_319' title='bbox 3029 1439 3119 1494; x_wconf 88' lang='grc' dir='ltr'>σὸν</span> <span class='ocrx_word' id='word_1_320' title='bbox 3171 1421 3312 1496; x_wconf 70' lang='grc' dir='ltr'>θεῖον</span> <span class='ocrx_word' id='word_1_321' title='bbox 3357 1449 3481 1498; x_wconf 77' lang='grc' dir='ltr'>νοῦν</span> <span class='ocrx_word' id='word_1_322' title='bbox 3543 1421 3850 1520; x_wconf 45' lang='grc' dir='ltr'>καὶ-ἀκήρα-</span> 
     </span>
    </p>
   </div>
   <div class='ocr_carea' id='block_1_48' title="bbox 2217 1518 3845 1612">
    <p class='ocr_par' dir='ltr' id='par_1_48' title="bbox 2217 1518 3845 1612">
     <span class='ocr_line' id='line_1_48' title="bbox 2217 1518 3845 1612; baseline 0.013 -44"><span class='ocrx_word' id='word_1_323' title='bbox 2217 1535 2312 1569; x_wconf 88' lang='grc' dir='ltr'><strong>τον</strong></span> <span class='ocrx_word' id='word_1_324' title='bbox 2362 1524 2478 1580; x_wconf 79' lang='grc' dir='ltr'>τοῖς</span> <span class='ocrx_word' id='word_1_325' title='bbox 2537 1518 2756 1584; x_wconf 83' lang='grc' dir='ltr'>λοιποῖς</span> <span class='ocrx_word' id='word_1_326' title='bbox 2811 1527 3148 1598; x_wconf 67' lang='grc' dir='ltr'>προστιθεὶς,</span> <span class='ocrx_word' id='word_1_327' title='bbox 3179 1530 3268 1584; x_wconf 80' lang='grc' dir='ltr'><strong>καὶ</strong></span> <span class='ocrx_word' id='word_1_328' title='bbox 3317 1537 3434 1594; x_wconf 88' lang='grc' dir='ltr'>ταῖς</span> <span class='ocrx_word' id='word_1_329' title='bbox 3486 1536 3610 1612; x_wconf 80' lang='grc' dir='ltr'>περὶ</span> <span class='ocrx_word' id='word_1_330' title='bbox 3653 1537 3845 1592; x_wconf 74' lang='grc' dir='ltr'>τούτων</span> 
     </span>
    </p>
   </div>
   <div class='ocr_carea' id='block_1_49' title="bbox 2217 1607 3844 1700">
    <p class='ocr_par' dir='ltr' id='par_1_49' title="bbox 2217 1607 3844 1700">
     <span class='ocr_line' id='line_1_49' title="bbox 2217 1607 3844 1700; baseline 0.014 -43"><span class='ocrx_word' id='word_1_331' title='bbox 2217 1607 2491 1681; x_wconf 78' lang='grc' dir='ltr'>φροντίσιν</span> <span class='ocrx_word' id='word_1_332' title='bbox 2544 1608 2872 1669; x_wconf 81' lang='grc' dir='ltr'>ἐκδαπανῶν.</span> <span class='ocrx_word' id='word_1_333' title='bbox 2909 1615 3004 1670; x_wconf 80' lang='grc' dir='ltr'>Καὶ</span> <span class='ocrx_word' id='word_1_334' title='bbox 3061 1617 3164 1692; x_wconf 82' lang='grc' dir='ltr'><strong>γάρ</strong></span> <span class='ocrx_word' id='word_1_335' title='bbox 3221 1641 3337 1684; x_wconf 85' lang='grc' dir='ltr'><strong>πως</strong></span> <span class='ocrx_word' id='word_1_336' title='bbox 3385 1625 3476 1677; x_wconf 86' lang='grc' dir='ltr'>καὶ</span> <span class='ocrx_word' id='word_1_337' title='bbox 3524 1607 3663 1700; x_wconf 79' lang='grc' dir='ltr'>πρὸς</span> <span class='ocrx_word' id='word_1_338' title='bbox 3693 1631 3844 1682; x_wconf 73' lang='grc' dir='ltr'>ταῦτα</span> 
     </span>
    </p>
   </div>
   <div class='ocr_carea' id='block_1_50' title="bbox 2217 1693 3846 1792">
    <p class='ocr_par' dir='ltr' id='par_1_50' title="bbox 2217 1693 3846 1792">
     <span class='ocr_line' id='line_1_50' title="bbox 2217 1693 3846 1792; baseline 0.015 -44"><span class='ocrx_word' id='word_1_339' title='bbox 2217 1693 2543 1792; x_wconf 38' lang='grc' dir='ltr'>ἓπιτηιδεῖως</span> <span class='ocrx_word' id='word_1_340' title='bbox 2577 1698 2814 1772; x_wconf 78' lang='grc' dir='ltr'>μάλιστα</span> <span class='ocrx_word' id='word_1_341' title='bbox 2845 1699 3166 1782; x_wconf 74' lang='grc' dir='ltr'>διαγέγονας</span> <span class='ocrx_word' id='word_1_342' title='bbox 3215 1707 3384 1785; x_wconf 78' lang='grc' dir='ltr'>ἔχων,</span> <span class='ocrx_word' id='word_1_343' title='bbox 3410 1717 3494 1786; x_wconf 79' lang='grc' dir='ltr'>τῷ</span> <span class='ocrx_word' id='word_1_344' title='bbox 3541 1693 3642 1784; x_wconf 59' lang='grc' dir='ltr'>τῆς</span> <span class='ocrx_word' id='word_1_345' title='bbox 3687 1723 3846 1792; x_wconf 67' lang='grc' dir='ltr'>σοφῆς</span> 
     </span>
    </p>
   </div>
   <div class='ocr_carea' id='block_1_51' title="bbox 3600 1807 3846 1874">
    <p class='ocr_par' dir='ltr' id='par_1_51' title="bbox 3600 1807 3846 1874">
     <span class='ocr_line' id='line_1_51' title="bbox 3600 1807 3846 1874; baseline -0.004 -13"><span class='ocrx_word' id='word_1_346' title='bbox 3600 1807 3846 1874; x_wconf 80' lang='grc' dir='ltr'>ἡττᾶσθαι</span> 
     </span>
    </p>
   </div>
   <div class='ocr_carea' id='block_1_52' title="bbox 2211 1875 3842 1966">
    <p class='ocr_par' dir='ltr' id='par_1_52' title="bbox 2211 1875 3842 1966">
     <span class='ocr_line' id='line_1_52' title="bbox 2211 1875 3842 1966; baseline 0.014 -40"><span class='ocrx_word' id='word_1_347' title='bbox 2211 1875 2544 1966; x_wconf 77' lang='grc' dir='ltr'>κατακράτος</span> <span class='ocrx_word' id='word_1_348' title='bbox 2571 1879 2751 1952; x_wconf 71' lang='grc' dir='ltr'>τούτῳ</span> <span class='ocrx_word' id='word_1_349' title='bbox 2783 1877 2849 1950; x_wconf 74' lang='grc' dir='ltr'><strong>δή</strong></span> <span class='ocrx_word' id='word_1_350' title='bbox 2883 1883 2962 1956; x_wconf 77' lang='grc' dir='ltr'>τῷ</span> <span class='ocrx_word' id='word_1_351' title='bbox 2993 1881 3138 1962; x_wconf 82' lang='grc' dir='ltr'>ἔργῳ</span> <span class='ocrx_word' id='word_1_352' title='bbox 3173 1890 3247 1959; x_wconf 72' lang='grc' dir='ltr'>μὴ</span> <span class='ocrx_word' id='word_1_353' title='bbox 3303 1890 3468 1963; x_wconf 89' lang='grc' dir='ltr'>μόνον</span> <span class='ocrx_word' id='word_1_354' title='bbox 3514 1891 3595 1948; x_wconf 78' lang='grc' dir='ltr'>ὅσ²</span> <span class='ocrx_word' id='word_1_355' title='bbox 3624 1892 3674 1966; x_wconf 81' lang='grc' dir='ltr'>ἐξ</span> <span class='ocrx_word' id='word_1_356' title='bbox 3719 1895 3842 1949; x_wconf 81' lang='grc' dir='ltr'>αἰῶ·</span> 
     </span>
    </p>
   </div>
   <div class='ocr_carea' id='block_1_53' title="bbox 2207 1965 3842 2062">
    <p class='ocr_par' dir='ltr' id='par_1_53' title="bbox 2207 1965 3842 2062">
     <span class='ocr_line' id='line_1_53' title="bbox 2207 1965 3842 2062; baseline 0.015 -46"><span class='ocrx_word' id='word_1_357' title='bbox 2207 1983 2296 2024; x_wconf 89' lang='grc' dir='ltr'><strong>νος</strong></span> <span class='ocrx_word' id='word_1_358' title='bbox 2343 1965 2646 2062; x_wconf 77' lang='grc' dir='ltr'>γεγόνασιν,</span> <span class='ocrx_word' id='word_1_359' title='bbox 2679 1967 2826 2024; x_wconf 76' lang='grc' dir='ltr'><strong>ἀλλά</strong></span> <span class='ocrx_word' id='word_1_360' title='bbox 2869 1972 2958 2026; x_wconf 72' lang='grc' dir='ltr'><strong>καὶ</strong></span> <span class='ocrx_word' id='word_1_361' title='bbox 3004 1975 3066 2029; x_wconf 86' lang='grc' dir='ltr'>τὸ</span> <span class='ocrx_word' id='word_1_362' title='bbox 3118 1975 3534 2053; x_wconf 77' lang='grc' dir='ltr'>Θρυλλο·5μενος</span> <span class='ocrx_word' id='word_1_363' title='bbox 3567 1982 3618 2054; x_wconf 73' lang='grc' dir='ltr'><strong>ἐξ</strong></span> <span class='ocrx_word' id='word_1_364' title='bbox 3648 1982 3842 2062; x_wconf 77' lang='grc' dir='ltr'>ἀσφάλ-</span> 
     </span>
    </p>
   </div>
   <div class='ocr_carea' id='block_1_54' title="bbox 2205 2060 3842 2146">
    <p class='ocr_par' dir='ltr' id='par_1_54' title="bbox 2205 2060 3842 2146">
     <span class='ocr_line' id='line_1_54' title="bbox 2205 2060 3842 2146; baseline 0.013 -38"><span class='ocrx_word' id='word_1_365' title='bbox 2205 2074 2302 2146; x_wconf 85' lang='grc' dir='ltr'><strong>του</strong></span> <span class='ocrx_word' id='word_1_366' title='bbox 2342 2062 2530 2146; x_wconf 79' lang='grc' dir='ltr'>τεῖχος</span> <span class='ocrx_word' id='word_1_367' title='bbox 2577 2060 2753 2115; x_wconf 80' lang='grc' dir='ltr'>ἓκεῖνο</span> <span class='ocrx_word' id='word_1_368' title='bbox 2793 2063 2854 2118; x_wconf 80' lang='grc' dir='ltr'><strong>τὸ</strong></span> <span class='ocrx_word' id='word_1_369' title='bbox 2908 2065 3301 2140; x_wconf 83' lang='grc' dir='ltr'><strong>Σεμιράμιδος.</strong></span> <span class='ocrx_word' id='word_1_370' title='bbox 3335 2070 3408 2126; x_wconf 79' lang='grc' dir='ltr'><strong>Οὐ</strong></span> <span class='ocrx_word' id='word_1_371' title='bbox 3467 2076 3580 2146; x_wconf 76' lang='grc' dir='ltr'>μὴν</span> <span class='ocrx_word' id='word_1_372' title='bbox 3621 2070 3668 2128; x_wconf 88' lang='grc' dir='ltr'>δ’</span> <span class='ocrx_word' id='word_1_373' title='bbox 3708 2060 3842 2129; x_wconf 77' lang='grc' dir='ltr'>ἀλλὰ</span> 
     </span>
    </p>
   </div>
   <div class='ocr_carea' id='block_1_55' title="bbox 2203 2141 3837 2236">
    <p class='ocr_par' dir='ltr' id='par_1_55' title="bbox 2203 2141 3837 2236">
     <span class='ocr_line' id='line_1_55' title="bbox 2203 2141 3837 2236; baseline 0.013 -39"><span class='ocrx_word' id='word_1_374' title='bbox 2203 2143 2294 2198; x_wconf 77' lang='grc' dir='ltr'><strong>καὶ</strong></span> <span class='ocrx_word' id='word_1_375' title='bbox 2323 2145 2416 2200; x_wconf 87' lang='grc' dir='ltr'>τὸν</span> <span class='ocrx_word' id='word_1_376' title='bbox 2448 2141 2682 2204; x_wconf 78' lang='grc' dir='ltr'>ἔκπαλαι</span> <span class='ocrx_word' id='word_1_377' title='bbox 2712 2155 2808 2204; x_wconf 73' lang='grc' dir='ltr'><strong>τοῦ</strong></span> <span class='ocrx_word' id='word_1_378' title='bbox 2839 2153 2985 2208; x_wconf 81' lang='grc' dir='ltr'>θείου</span> <span class='ocrx_word' id='word_1_379' title='bbox 3023 2157 3219 2211; x_wconf 72' lang='grc' dir='ltr'>τούτου</span> <span class='ocrx_word' id='word_1_380' title='bbox 3249 2159 3515 2232; x_wconf 66' lang='grc' dir='ltr'>τεμένους</span> <span class='ocrx_word' id='word_1_381' title='bbox 3547 2158 3837 2236; x_wconf 83' lang='grc' dir='ltr'>δομήτορα,</span> 
     </span>
    </p>
   </div>
   <div class='ocr_carea' id='block_1_56' title="bbox 2204 2232 3840 2328">
    <p class='ocr_par' dir='ltr' id='par_1_56' title="bbox 2204 2232 3840 2328">
     <span class='ocr_line' id='line_1_56' title="bbox 2204 2232 3840 2328; baseline 0.013 -42"><span class='ocrx_word' id='word_1_382' title='bbox 2204 2232 2402 2328; x_wconf 78' lang='grc' dir='ltr'>χαλκῷ</span> <span class='ocrx_word' id='word_1_383' title='bbox 2447 2235 2498 2296; x_wconf 77' lang='grc' dir='ltr'>ἐς</span> <span class='ocrx_word' id='word_1_384' title='bbox 2545 2238 2820 2328; x_wconf 75' lang='grc' dir='ltr'>πάγκαλόν</span> <span class='ocrx_word' id='word_1_385' title='bbox 2869 2263 2920 2297; x_wconf 91' lang='grc' dir='ltr'><strong>τι</strong></span> <span class='ocrx_word' id='word_1_386' title='bbox 2979 2251 3173 2319; x_wconf 79' lang='grc' dir='ltr'>χρῆμα</span> <span class='ocrx_word' id='word_1_387' title='bbox 3220 2246 3498 2325; x_wconf 71' lang='grc' dir='ltr'>πλαστικῇ</span> <span class='ocrx_word' id='word_1_388' title='bbox 3531 2232 3690 2328; x_wconf 66' lang='grc' dir='ltr'>τὲχνή</span> <span class='ocrx_word' id='word_1_389' title='bbox 3735 2232 3840 2307; x_wconf 78' lang='grc' dir='ltr'>δια-</span> 
     </span>
    </p>
   </div>
   <div class='ocr_carea' id='block_1_57' title="bbox 2204 2323 3837 2412">
    <p class='ocr_par' dir='ltr' id='par_1_57' title="bbox 2204 2323 3837 2412">
     <span class='ocr_line' id='line_1_57' title="bbox 2283 2323 3657 2377; baseline 0.015 -37"><span class='ocrx_word' id='word_1_390' title='bbox 2283 2323 2337 2377; x_wconf 58' lang='grc' dir='ltr'><strong>θι</strong></span> <span class='ocrx_word' id='word_1_391' title='bbox 2567 2327 2582 2344; x_wconf 72' lang='grc' dir='ltr'><strong>ν</strong></span> <span class='ocrx_word' id='word_1_392' title='bbox 2635 2327 2648 2345; x_wconf 61' lang='grc' dir='ltr'><strong>ς</strong></span> <span class='ocrx_word' id='word_1_393' title='bbox 2741 2328 2752 2346; x_wconf 73' lang='grc' dir='ltr'><em>ο</em></span> <span class='ocrx_word' id='word_1_394' title='bbox 3004 2333 3018 2351; x_wconf 61' lang='grc' dir='ltr'><strong>ς</strong></span> <span class='ocrx_word' id='word_1_395' title='bbox 3474 2323 3493 2358; x_wconf 42' lang='grc'><strong>-9</strong></span> <span class='ocrx_word' id='word_1_396' title='bbox 3592 2323 3657 2361; x_wconf 34' lang='grc' dir='ltr'><strong>’τι</strong></span> 
     </span>
     <span class='ocr_line' id='line_1_58' title="bbox 2204 2335 3837 2412; baseline 0.013 -37"><span class='ocrx_word' id='word_1_397' title='bbox 2204 2341 2276 2395; x_wconf 84' lang='grc' dir='ltr'><strong>χυ</strong></span> <span class='ocrx_word' id='word_1_398' title='bbox 2319 2345 2459 2394; x_wconf 63' lang='grc' dir='ltr'>εντα,</span> <span class='ocrx_word' id='word_1_399' title='bbox 2520 2347 2651 2381; x_wconf 89' lang='grc' dir='ltr'>καπι</span> <span class='ocrx_word' id='word_1_400' title='bbox 2701 2349 2882 2392; x_wconf 87' lang='grc' dir='ltr'>κιονος</span> <span class='ocrx_word' id='word_1_401' title='bbox 2961 2353 3057 2402; x_wconf 87' lang='grc' dir='ltr'>την</span> <span class='ocrx_word' id='word_1_402' title='bbox 3117 2335 3408 2412; x_wconf 77' lang='grc' dir='ltr'>ἡνιόχησιν</span> <span class='ocrx_word' id='word_1_403' title='bbox 3475 2339 3837 2411; x_wconf 80' lang='grc' dir='ltr'>εξελαυνοντα,</span> 
     </span>
    </p>
   </div>
   <div class='ocr_carea' id='block_1_58' title="bbox 2205 2412 3840 2505">
    <p class='ocr_par' dir='ltr' id='par_1_58' title="bbox 2205 2412 3840 2505">
     <span class='ocr_line' id='line_1_59' title="bbox 2205 2412 3840 2505; baseline 0.012 -41"><span class='ocrx_word' id='word_1_404' title='bbox 2205 2412 2418 2479; x_wconf 73' lang='grc' dir='ltr'>σύναμα</span> <span class='ocrx_word' id='word_1_405' title='bbox 2475 2415 2662 2489; x_wconf 72' lang='grc' dir='ltr'>γαύρῳ</span> <span class='ocrx_word' id='word_1_406' title='bbox 2717 2418 2810 2474; x_wconf 83' lang='grc' dir='ltr'><strong>καὶ</strong></span> <span class='ocrx_word' id='word_1_407' title='bbox 2858 2420 3041 2493; x_wconf 77' lang='grc' dir='ltr'>κράνει</span> <span class='ocrx_word' id='word_1_408' title='bbox 3095 2425 3184 2478; x_wconf 76' lang='grc' dir='ltr'><strong>καὶ</strong></span> <span class='ocrx_word' id='word_1_409' title='bbox 3243 2429 3522 2505; x_wconf 88' lang='grc' dir='ltr'>σχήματι,</span> <span class='ocrx_word' id='word_1_410' title='bbox 3563 2429 3653 2484; x_wconf 84' lang='grc' dir='ltr'><strong>καὶ</strong></span> <span class='ocrx_word' id='word_1_411' title='bbox 3710 2427 3840 2502; x_wconf 79' lang='grc' dir='ltr'>δεξιᾷ</span> 
     </span>
    </p>
   </div>
   <div class='ocr_carea' id='block_1_59' title="bbox 2203 2498 3839 2595">
    <p class='ocr_par' dir='ltr' id='par_1_59' title="bbox 2203 2498 3839 2595">
     <span class='ocr_line' id='line_1_60' title="bbox 2203 2498 3839 2595; baseline 0.013 -40"><span class='ocrx_word' id='word_1_412' title='bbox 2203 2498 2375 2556; x_wconf 75' lang='grc' dir='ltr'>δεινὸν</span> <span class='ocrx_word' id='word_1_413' title='bbox 2406 2505 2710 2595; x_wconf 75' lang='grc' dir='ltr'>ἀπειλοῦσῃ</span> <span class='ocrx_word' id='word_1_414' title='bbox 2741 2509 2829 2562; x_wconf 84' lang='grc' dir='ltr'>καὶ</span> <span class='ocrx_word' id='word_1_415' title='bbox 2859 2507 3148 2586; x_wconf 79' lang='grc' dir='ltr'>βλοσυρὸν,</span> <span class='ocrx_word' id='word_1_416' title='bbox 3171 2498 3330 2589; x_wconf 68' lang='grc' dir='ltr'>ἵππῳ</span> <span class='ocrx_word' id='word_1_417' title='bbox 3369 2498 3434 2572; x_wconf 78' lang='grc' dir='ltr'><strong>τε</strong></span> <span class='ocrx_word' id='word_1_418' title='bbox 3488 2521 3580 2574; x_wconf 82' lang='grc' dir='ltr'>σὺν</span> <span class='ocrx_word' id='word_1_419' title='bbox 3626 2498 3839 2595; x_wconf 76' lang='grc' dir='ltr'>μεγαλῳ</span> 
     </span>
    </p>
   </div>
   <div class='ocr_carea' id='block_1_60' title="bbox 2204 2593 3837 2682">
    <p class='ocr_par' dir='ltr' id='par_1_60' title="bbox 2204 2593 3837 2682">
     <span class='ocr_line' id='line_1_61' title="bbox 2204 2593 3837 2682; baseline 0.012 -37"><span class='ocrx_word' id='word_1_420' title='bbox 2204 2593 2442 2665; x_wconf 80' lang='grc' dir='ltr'>μυκτῆρί</span> <span class='ocrx_word' id='word_1_421' title='bbox 2496 2616 2555 2650; x_wconf 85' lang='grc' dir='ltr'><strong>τε</strong></span> <span class='ocrx_word' id='word_1_422' title='bbox 2609 2597 2696 2652; x_wconf 86' lang='grc' dir='ltr'><strong>καὶ</strong></span> <span class='ocrx_word' id='word_1_423' title='bbox 2758 2599 3068 2676; x_wconf 75' lang='grc' dir='ltr'>φρυάγματι</span> <span class='ocrx_word' id='word_1_424' title='bbox 3119 2599 3273 2679; x_wconf 73' lang='grc' dir='ltr'>ὕϐριν</span> <span class='ocrx_word' id='word_1_425' title='bbox 3320 2607 3575 2682; x_wconf 81' lang='grc' dir='ltr'>ἀτεχνῶς</span> <span class='ocrx_word' id='word_1_426' title='bbox 3619 2609 3837 2676; x_wconf 70' lang='grc' dir='ltr'>πνέοντι,</span> 
     </span>
    </p>
   </div>
   <div class='ocr_carea' id='block_1_61' title="bbox 2201 2682 3836 2769">
    <p class='ocr_par' dir='ltr' id='par_1_61' title="bbox 2201 2682 3836 2769">
     <span class='ocr_line' id='line_1_62' title="bbox 2201 2682 3836 2769; baseline 0.009 -33"><span class='ocrx_word' id='word_1_427' title='bbox 2201 2682 2290 2736; x_wconf 76' lang='grc' dir='ltr'><strong>καὶ</strong></span> <span class='ocrx_word' id='word_1_428' title='bbox 2353 2683 2518 2757; x_wconf 77' lang='grc' dir='ltr'>χαίτῃ</span> <span class='ocrx_word' id='word_1_429' title='bbox 2585 2684 2774 2760; x_wconf 67' lang='grc' dir='ltr'>αὔραις</span> <span class='ocrx_word' id='word_1_430' title='bbox 2837 2685 2996 2758; x_wconf 84' lang='grc' dir='ltr'>δῆθεν</span> <span class='ocrx_word' id='word_1_431' title='bbox 3061 2692 3354 2769; x_wconf 76' lang='grc' dir='ltr'>παιζούσῃ,</span> <span class='ocrx_word' id='word_1_432' title='bbox 3414 2698 3512 2751; x_wconf 77' lang='grc' dir='ltr'>καὶ</span> <span class='ocrx_word' id='word_1_433' title='bbox 3571 2700 3702 2753; x_wconf 83' lang='grc' dir='ltr'>κατὰ</span> <span class='ocrx_word' id='word_1_434' title='bbox 3755 2697 3836 2752; x_wconf 78' lang='grc' dir='ltr'><strong>τὸν</strong></span> 
     </span>
    </p>
   </div>
   <div class='ocr_carea' id='block_1_62' title="bbox 2200 2771 3836 2863">
    <p class='ocr_par' dir='ltr' id='par_1_62' title="bbox 2200 2771 3836 2863">
     <span class='ocr_line' id='line_1_63' title="bbox 2200 2771 3836 2863; baseline 0.01 -36"><span class='ocrx_word' id='word_1_435' title='bbox 2200 2771 2502 2846; x_wconf 78' lang='grc' dir='ltr'>Ὁμηρικὸν</span> <span class='ocrx_word' id='word_1_436' title='bbox 2545 2771 2718 2830; x_wconf 70' lang='grc' dir='ltr'>’ίππον</span> <span class='ocrx_word' id='word_1_437' title='bbox 2766 2779 2902 2832; x_wconf 84' lang='grc' dir='ltr'><strong>κατά</strong></span> <span class='ocrx_word' id='word_1_438' title='bbox 2951 2777 3135 2835; x_wconf 80' lang='grc' dir='ltr'>πεδίου</span> <span class='ocrx_word' id='word_1_439' title='bbox 3193 2785 3479 2858; x_wconf 83' lang='grc' dir='ltr'>μετεώρου</span> <span class='ocrx_word' id='word_1_440' title='bbox 3526 2787 3836 2863; x_wconf 79' lang='grc' dir='ltr'>κροαίνοντι,</span> 
     </span>
    </p>
   </div>
   <div class='ocr_carea' id='block_1_63' title="bbox 2201 2856 3836 2951">
    <p class='ocr_par' dir='ltr' id='par_1_63' title="bbox 2201 2856 3836 2951">
     <span class='ocr_line' id='line_1_64' title="bbox 2201 2856 3836 2951; baseline 0.013 -40"><span class='ocrx_word' id='word_1_441' title='bbox 2201 2856 2237 2926; x_wconf 75' lang='grc' dir='ltr'><strong>ἢ</strong></span> <span class='ocrx_word' id='word_1_442' title='bbox 2270 2860 2356 2913; x_wconf 75' lang='grc' dir='ltr'><strong>καὶ</strong></span> <span class='ocrx_word' id='word_1_443' title='bbox 2393 2861 2527 2916; x_wconf 74' lang='grc' dir='ltr'>κατὰ</span> <span class='ocrx_word' id='word_1_444' title='bbox 2574 2865 2823 2941; x_wconf 78' lang='grc' dir='ltr'>Πήγασον</span> <span class='ocrx_word' id='word_1_445' title='bbox 2859 2864 3056 2922; x_wconf 83' lang='grc' dir='ltr'>ἐκεῖνον</span> <span class='ocrx_word' id='word_1_446' title='bbox 3103 2867 3362 2926; x_wconf 72' lang='grc' dir='ltr'>’ίπτασθαι</span> <span class='ocrx_word' id='word_1_447' title='bbox 3403 2856 3576 2946; x_wconf 39' lang='grc' dir='ltr'>δόξαν.</span> <span class='ocrx_word' id='word_1_448' title='bbox 3619 2896 3836 2951; x_wconf 85' lang='grc' dir='ltr'>παρεχο-</span> 
     </span>
    </p>
   </div>
   <div class='ocr_carea' id='block_1_64' title="bbox 2206 2947 3830 3038">
    <p class='ocr_par' dir='ltr' id='par_1_64' title="bbox 2206 2947 3830 3038">
     <span class='ocr_line' id='line_1_65' title="bbox 2206 2947 3830 3038; baseline 0.01 -38"><span class='ocrx_word' id='word_1_449' title='bbox 2206 2947 2354 3021; x_wconf 73' lang='grc' dir='ltr'>μένῳ</span> <span class='ocrx_word' id='word_1_450' title='bbox 2382 2967 2394 2978; x_wconf 87' lang='grc'>·</span> <span class='ocrx_word' id='word_1_451' title='bbox 2430 2950 2518 3004; x_wconf 74' lang='grc' dir='ltr'><strong>καὶ</strong></span> <span class='ocrx_word' id='word_1_452' title='bbox 2549 2956 2740 3008; x_wconf 61' lang='lat' dir='ltr'><strong>toﬁ-rev</strong></span> <span class='ocrx_word' id='word_1_453' title='bbox 2784 2951 2841 3008; x_wconf 69' lang='grc' dir='ltr'><strong>δῖε</strong></span> <span class='ocrx_word' id='word_1_454' title='bbox 2881 2954 2981 3030; x_wconf 67' lang='grc' dir='ltr'><strong>ἄρα</strong></span> <span class='ocrx_word' id='word_1_455' title='bbox 3028 2964 3128 3028; x_wconf 76' lang='grc' dir='ltr'><strong>τῆς</strong></span> <span class='ocrx_word' id='word_1_456' title='bbox 3158 2957 3217 3014; x_wconf 84' lang='grc' dir='ltr'>ἐκ</span> <span class='ocrx_word' id='word_1_457' title='bbox 3253 2965 3347 3016; x_wconf 66' lang='grc' dir='ltr'><strong>τοῦ</strong></span> <span class='ocrx_word' id='word_1_458' title='bbox 3377 2963 3594 3038; x_wconf 85' lang='grc' dir='ltr'>χρόνου</span> <span class='ocrx_word' id='word_1_459' title='bbox 3631 2947 3830 3020; x_wconf 64' lang='grc' dir='ltr'>ἀτάκτου</span> 
     </span>
    </p>
   </div>
   <div class='ocr_carea' id='block_1_65' title="bbox 2203 3042 3826 3120">
    <p class='ocr_par' dir='ltr' id='par_1_65' title="bbox 2203 3042 3826 3120">
     <span class='ocr_line' id='line_1_66' title="bbox 2203 3042 3826 3120; baseline 0.011 -29"><span class='ocrx_word' id='word_1_460' title='bbox 2203 3045 2506 3116; x_wconf 67' lang='grc' dir='ltr'>περιφορᾶς</span> <span class='ocrx_word' id='word_1_461' title='bbox 2556 3042 2642 3096; x_wconf 76' lang='grc' dir='ltr'><strong>καὶ</strong></span> <span class='ocrx_word' id='word_1_462' title='bbox 2701 3044 2994 3116; x_wconf 69' lang='grc' dir='ltr'>ἀνωτεάλου</span> <span class='ocrx_word' id='word_1_463' title='bbox 3043 3051 3308 3120; x_wconf 84' lang='grc' dir='ltr'>κινήσεως</span> <span class='ocrx_word' id='word_1_464' title='bbox 3357 3053 3568 3118; x_wconf 76' lang='grc' dir='ltr'>ἱκανῶς</span> <span class='ocrx_word' id='word_1_465' title='bbox 3622 3054 3826 3110; x_wconf 71' lang='grc' dir='ltr'>ἀπολαύο</span> 
     </span>
    </p>
   </div>
   <div class='ocr_carea' id='block_1_66' title="bbox 2203 3133 3828 3220">
    <p class='ocr_par' dir='ltr' id='par_1_66' title="bbox 2203 3133 3828 3220">
     <span class='ocr_line' id='line_1_67' title="bbox 2203 3133 3828 3220; baseline 0.01 -39"><span class='ocrx_word' id='word_1_466' title='bbox 2203 3147 2368 3182; x_wconf 83' lang='grc' dir='ltr'>σαντα</span> <span class='ocrx_word' id='word_1_467' title='bbox 2417 3133 2483 3204; x_wconf 83' lang='grc' dir='ltr'><strong>τῇ</strong></span> <span class='ocrx_word' id='word_1_468' title='bbox 2535 3137 2714 3206; x_wconf 83' lang='grc' dir='ltr'>μακρᾷ</span> <span class='ocrx_word' id='word_1_469' title='bbox 2759 3135 2848 3186; x_wconf 74' lang='grc' dir='ltr'><strong>καῖ</strong></span> <span class='ocrx_word' id='word_1_470' title='bbox 2897 3142 3112 3211; x_wconf 84' lang='grc' dir='ltr'>συνεχεῖ</span> <span class='ocrx_word' id='word_1_471' title='bbox 3151 3145 3258 3193; x_wconf 77' lang='grc' dir='ltr'><strong>τῶν</strong></span> <span class='ocrx_word' id='word_1_472' title='bbox 3298 3139 3475 3214; x_wconf 79' lang='grc' dir='ltr'>ἀέρων</span> <span class='ocrx_word' id='word_1_473' title='bbox 3531 3142 3828 3220; x_wconf 69' lang='grc' dir='ltr'>φιλονεικίᾳ,</span> 
     </span>
    </p>
   </div>
   <div class='ocr_carea' id='block_1_67' title="bbox 446 3196 2099 3303">
    <p class='ocr_par' dir='ltr' id='par_1_67' title="bbox 446 3215 2090 3290">
     <span class='ocr_line' id='line_1_68' title="bbox 446 3215 2090 3290; baseline 0.002 -19"><span class='ocrx_word' id='word_1_474' title='bbox 446 3224 670 3289; x_wconf 85' lang='lat' dir='ltr'><strong>pactum</strong></span> <span class='ocrx_word' id='word_1_475' title='bbox 707 3231 938 3270; x_wconf 89' lang='lat' dir='ltr'><strong>murum</strong></span> <span class='ocrx_word' id='word_1_476' title='bbox 973 3215 1142 3290; x_wconf 86' lang='lat' dir='ltr'><strong>longe</strong></span> <span class='ocrx_word' id='word_1_477' title='bbox 1169 3216 1481 3288; x_wconf 84' lang='lat' dir='ltr'><strong>superavit.</strong></span> <span class='ocrx_word' id='word_1_478' title='bbox 1515 3215 1730 3271; x_wconf 90' lang='lat' dir='ltr'><strong>Verum</strong></span> <span class='ocrx_word' id='word_1_479' title='bbox 1799 3217 2090 3274; x_wconf 89' lang='lat' dir='ltr'><strong>enimvero</strong></span> 
     </span>
    </p>
   </div>
   <div class='ocr_carea' id='block_1_68' title="bbox 2209 3196 3832 3303">
    <p class='ocr_par' dir='ltr' id='par_1_68' title="bbox 2209 3196 3832 3303">
     <span class='ocr_line' id='line_1_69' title="bbox 2459 3196 3828 3220; baseline 0.015 -16"><span class='ocrx_word' id='word_1_480' title='bbox 2459 3196 2468 3204; x_wconf 88' lang='lat'><strong>.</strong></span> <span class='ocrx_word' id='word_1_481' title='bbox 2535 3196 2544 3203; x_wconf 87' lang='lat'><strong>.</strong></span> <span class='ocrx_word' id='word_1_482' title='bbox 2648 3196 2656 3206; x_wconf 96' lang='lat'><strong>.</strong></span> <span class='ocrx_word' id='word_1_483' title='bbox 2694 3196 2703 3203; x_wconf 91' lang='grc'><strong>-</strong></span> <span class='ocrx_word' id='word_1_484' title='bbox 3023 3196 3060 3211; x_wconf 82' lang='lat' dir='ltr'><strong>n.</strong></span> <span class='ocrx_word' id='word_1_485' title='bbox 3361 3196 3370 3214; x_wconf 84' lang='grc' dir='ltr'><strong>ι</strong></span> <span class='ocrx_word' id='word_1_486' title='bbox 3542 3196 3744 3220; x_wconf 71' lang='lat' dir='ltr'>i&quot;&quot;&quot;&quot;</span> <span class='ocrx_word' id='word_1_487' title='bbox 3795 3196 3828 3212; x_wconf 75' lang='grc' dir='ltr'>ι’</span> 
     </span>
     <span class='ocr_line' id='line_1_70' title="bbox 2209 3216 3832 3303; baseline 0.01 -33"><span class='ocrx_word' id='word_1_488' title='bbox 2209 3216 2280 3277; x_wconf 80' lang='grc' dir='ltr'>ὡς</span> <span class='ocrx_word' id='word_1_489' title='bbox 2337 3219 2422 3272; x_wconf 72' lang='grc' dir='ltr'><strong>καὶ</strong></span> <span class='ocrx_word' id='word_1_490' title='bbox 2488 3217 2520 3273; x_wconf 78' lang='grc' dir='ltr'>ἃ</span> <span class='ocrx_word' id='word_1_491' title='bbox 2578 3221 2822 3298; x_wconf 75' lang='grc' dir='ltr'>κατέχων</span> <span class='ocrx_word' id='word_1_492' title='bbox 2885 3225 3112 3298; x_wconf 69' lang='grc' dir='ltr'>ἑωρᾶτο,</span> <span class='ocrx_word' id='word_1_493' title='bbox 3173 3229 3398 3303; x_wconf 80' lang='grc' dir='ltr'>σταυρὸν</span> <span class='ocrx_word' id='word_1_494' title='bbox 3464 3229 3534 3303; x_wconf 84' lang='grc' dir='ltr'><strong>δή</strong></span> <span class='ocrx_word' id='word_1_495' title='bbox 3591 3255 3706 3289; x_wconf 87' lang='grc' dir='ltr'>τινα</span> <span class='ocrx_word' id='word_1_496' title='bbox 3754 3231 3832 3286; x_wconf 76' lang='grc' dir='ltr'><strong>καὶ</strong></span> 
     </span>
    </p>
   </div>
   <div class='ocr_carea' id='block_1_69' title="bbox 445 3305 2093 3378">
    <p class='ocr_par' dir='ltr' id='par_1_69' title="bbox 445 3305 2093 3378">
     <span class='ocr_line' id='line_1_71' title="bbox 445 3305 2093 3378; baseline 0.002 -18"><span class='ocrx_word' id='word_1_497' title='bbox 445 3305 702 3378; x_wconf 88' lang='lat' dir='ltr'><strong>priscum</strong></span> <span class='ocrx_word' id='word_1_498' title='bbox 736 3321 967 3378; x_wconf 88' lang='lat' dir='ltr'><strong>quoque</strong></span> <span class='ocrx_word' id='word_1_499' title='bbox 1007 3307 1186 3361; x_wconf 88' lang='lat' dir='ltr'><strong>divini</strong></span> <span class='ocrx_word' id='word_1_500' title='bbox 1229 3307 1408 3374; x_wconf 89' lang='lat' dir='ltr'><strong>hujus</strong></span> <span class='ocrx_word' id='word_1_501' title='bbox 1459 3305 1684 3360; x_wconf 86' lang='lat' dir='ltr'><strong>delubri</strong></span> <span class='ocrx_word' id='word_1_502' title='bbox 1735 3308 2093 3364; x_wconf 89' lang='lat' dir='ltr'><strong>conditorem</strong></span> 
     </span>
    </p>
   </div>
   <div class='ocr_carea' id='block_1_70' title="bbox 443 3395 2094 3470">
    <p class='ocr_par' dir='ltr' id='par_1_70' title="bbox 443 3395 2094 3470">
     <span class='ocr_line' id='line_1_72' title="bbox 443 3395 2094 3470; baseline 0.001 -18"><span class='ocrx_word' id='word_1_503' title='bbox 443 3395 544 3470; x_wconf 85' lang='grc'>(1),</span> <span class='ocrx_word' id='word_1_504' title='bbox 576 3411 642 3450; x_wconf 87' lang='lat' dir='ltr'><strong>ex</strong></span> <span class='ocrx_word' id='word_1_505' title='bbox 675 3412 784 3450; x_wconf 70' lang='lat' dir='ltr'><strong>tere</strong></span> <span class='ocrx_word' id='word_1_506' title='bbox 816 3396 873 3451; x_wconf 90' lang='lat' dir='ltr'><strong>in</strong></span> <span class='ocrx_word' id='word_1_507' title='bbox 907 3399 1160 3452; x_wconf 86' lang='lat' dir='ltr'><strong>statuam</strong></span> <span class='ocrx_word' id='word_1_508' title='bbox 1191 3395 1638 3469; x_wconf 85' lang='lat' dir='ltr'><strong>pulcherrimam</strong></span> <span class='ocrx_word' id='word_1_509' title='bbox 1671 3402 1793 3452; x_wconf 85' lang='lat' dir='ltr'><strong>arto</strong></span> <span class='ocrx_word' id='word_1_510' title='bbox 1825 3398 2094 3454; x_wconf 84' lang='lat' dir='ltr'><strong>ﬁctorum</strong></span> 
     </span>
    </p>
   </div>
   <div class='ocr_carea' id='block_1_71' title="bbox 445 3485 2092 3560">
    <p class='ocr_par' dir='ltr' id='par_1_71' title="bbox 445 3485 2092 3560">
     <span class='ocr_line' id='line_1_73' title="bbox 445 3485 2092 3560; baseline 0.001 -20"><span class='ocrx_word' id='word_1_511' title='bbox 445 3485 748 3554; x_wconf 81' lang='lat' dir='ltr'><strong>ditfusum,</strong></span> <span class='ocrx_word' id='word_1_512' title='bbox 777 3489 952 3558; x_wconf 87' lang='lat' dir='ltr'><strong>atque</strong></span> <span class='ocrx_word' id='word_1_513' title='bbox 983 3487 1042 3540; x_wconf 92' lang='lat' dir='ltr'><strong>in</strong></span> <span class='ocrx_word' id='word_1_514' title='bbox 1074 3485 1349 3542; x_wconf 91' lang='lat' dir='ltr'><strong>columna</strong></span> <span class='ocrx_word' id='word_1_515' title='bbox 1379 3485 1802 3557; x_wconf 83' lang='lat' dir='ltr'><strong>aurigationem</strong></span> <span class='ocrx_word' id='word_1_516' title='bbox 1847 3487 1962 3542; x_wconf 86' lang='lat' dir='ltr'><strong>sive</strong></span> <span class='ocrx_word' id='word_1_517' title='bbox 1985 3503 2092 3560; x_wconf 87' lang='lat' dir='ltr'><strong>gu-</strong></span> 
     </span>
    </p>
   </div>
   <div class='ocr_carea' id='block_1_72' title="bbox 445 3575 2091 3648">
    <p class='ocr_par' dir='ltr' id='par_1_72' title="bbox 445 3575 2091 3648">
     <span class='ocr_line' id='line_1_74' title="bbox 445 3575 2091 3648; baseline 0 -18"><span class='ocrx_word' id='word_1_518' title='bbox 445 3575 842 3630; x_wconf 85' lang='lat' dir='ltr'><strong>bernationem</strong></span> <span class='ocrx_word' id='word_1_519' title='bbox 875 3579 1306 3646; x_wconf 82' lang='lat' dir='ltr'><strong>exsequentem,</strong></span> <span class='ocrx_word' id='word_1_520' title='bbox 1332 3591 1447 3629; x_wconf 83' lang='lat' dir='ltr'><strong>una</strong></span> <span class='ocrx_word' id='word_1_521' title='bbox 1478 3591 1611 3630; x_wconf 91' lang='lat' dir='ltr'><strong>cum</strong></span> <span class='ocrx_word' id='word_1_522' title='bbox 1650 3575 1814 3648; x_wconf 79' lang='lat' dir='ltr'><strong>galea</strong></span> <span class='ocrx_word' id='word_1_523' title='bbox 1845 3577 2091 3646; x_wconf 81' lang='lat' dir='ltr'><strong>superba</strong></span> 
     </span>
    </p>
   </div>
   <div class='ocr_carea' id='block_1_73' title="bbox 447 3663 2095 3737">
    <p class='ocr_par' dir='ltr' id='par_1_73' title="bbox 447 3663 2095 3737">
     <span class='ocr_line' id='line_1_75' title="bbox 447 3663 2095 3737; baseline 0.001 -17"><span class='ocrx_word' id='word_1_524' title='bbox 447 3667 502 3720; x_wconf 89' lang='lat' dir='ltr'><strong>et</strong></span> <span class='ocrx_word' id='word_1_525' title='bbox 533 3663 730 3718; x_wconf 88' lang='lat' dir='ltr'><strong>habitu</strong></span> <span class='ocrx_word' id='word_1_526' title='bbox 762 3664 1092 3735; x_wconf 83' lang='lat' dir='ltr'><strong>magniﬁco,</strong></span> <span class='ocrx_word' id='word_1_527' title='bbox 1135 3665 1454 3736; x_wconf 81' lang='lat' dir='ltr'><strong>dextraque</strong></span> <span class='ocrx_word' id='word_1_528' title='bbox 1502 3681 1677 3736; x_wconf 85' lang='lat' dir='ltr'><strong>grave</strong></span> <span class='ocrx_word' id='word_1_529' title='bbox 1728 3665 2007 3737; x_wconf 88' lang='lat' dir='ltr'><strong>quiddam</strong></span> <span class='ocrx_word' id='word_1_530' title='bbox 2039 3671 2095 3722; x_wconf 90' lang='lat' dir='ltr'><strong>et</strong></span> 
     </span>
    </p>
   </div>
   <div class='ocr_carea' id='block_1_74' title="bbox 447 3751 2095 3826">
    <p class='ocr_par' dir='ltr' id='par_1_74' title="bbox 447 3751 2095 3826">
     <span class='ocr_line' id='line_1_76' title="bbox 447 3751 2095 3826; baseline 0.001 -20"><span class='ocrx_word' id='word_1_531' title='bbox 447 3752 707 3809; x_wconf 88' lang='lat' dir='ltr'><strong>terribile</strong></span> <span class='ocrx_word' id='word_1_532' title='bbox 752 3751 1014 3822; x_wconf 84' lang='lat' dir='ltr'><strong>minanti,</strong></span> <span class='ocrx_word' id='word_1_533' title='bbox 1067 3770 1216 3824; x_wconf 82' lang='lat' dir='ltr'><strong>equo</strong></span> <span class='ocrx_word' id='word_1_534' title='bbox 1257 3754 1433 3810; x_wconf 69' lang='lat' dir='ltr'><strong>etiam</strong></span> <span class='ocrx_word' id='word_1_535' title='bbox 1478 3753 1694 3826; x_wconf 72' lang='lat' dir='ltr'><strong>ingenti</strong></span> <span class='ocrx_word' id='word_1_536' title='bbox 1747 3756 1984 3811; x_wconf 85' lang='lat' dir='ltr'><strong>naribus</strong></span> <span class='ocrx_word' id='word_1_537' title='bbox 2041 3762 2095 3809; x_wconf 83' lang='lat' dir='ltr'><strong>et</strong></span> 
     </span>
    </p>
   </div>
   <div class='ocr_carea' id='block_1_75' title="bbox 447 3841 2094 3916">
    <p class='ocr_par' dir='ltr' id='par_1_75' title="bbox 447 3841 2094 3916">
     <span class='ocr_line' id='line_1_77' title="bbox 447 3841 2094 3916; baseline 0 -20"><span class='ocrx_word' id='word_1_538' title='bbox 447 3841 678 3897; x_wconf 87' lang='lat' dir='ltr'><strong>fremitu</strong></span> <span class='ocrx_word' id='word_1_539' title='bbox 713 3841 826 3896; x_wconf 90' lang='lat' dir='ltr'><strong>vim</strong></span> <span class='ocrx_word' id='word_1_540' title='bbox 862 3841 1030 3914; x_wconf 88' lang='lat' dir='ltr'><strong>plane</strong></span> <span class='ocrx_word' id='word_1_541' title='bbox 1061 3843 1338 3914; x_wconf 87' lang='lat' dir='ltr'><strong>spirante,</strong></span> <span class='ocrx_word' id='word_1_542' title='bbox 1363 3844 1512 3915; x_wconf 85' lang='lat' dir='ltr'><strong>juba</strong></span> <span class='ocrx_word' id='word_1_543' title='bbox 1553 3860 1786 3916; x_wconf 88' lang='lat' dir='ltr'><strong>quoque</strong></span> <span class='ocrx_word' id='word_1_544' title='bbox 1839 3860 1940 3916; x_wconf 88' lang='lat' dir='ltr'><strong>per</strong></span> <span class='ocrx_word' id='word_1_545' title='bbox 1988 3863 2094 3900; x_wconf 85' lang='lat' dir='ltr'><strong>au-</strong></span> 
     </span>
    </p>
   </div>
   <div class='ocr_carea' id='block_1_76' title="bbox 449 3931 2086 4004">
    <p class='ocr_par' dir='ltr' id='par_1_76' title="bbox 449 3931 2086 4004">
     <span class='ocr_line' id='line_1_78' title="bbox 449 3931 2086 4004; baseline 0.003 -19"><span class='ocrx_word' id='word_1_546' title='bbox 449 3947 572 3986; x_wconf 83' lang='lat' dir='ltr'><strong>ram</strong></span> <span class='ocrx_word' id='word_1_547' title='bbox 605 3931 858 3998; x_wconf 73' lang='lat' dir='ltr'><strong>ledente,</strong></span> <span class='ocrx_word' id='word_1_548' title='bbox 882 3935 938 3985; x_wconf 88' lang='lat' dir='ltr'><strong>et</strong></span> <span class='ocrx_word' id='word_1_549' title='bbox 960 3933 1128 4002; x_wconf 83' lang='lat' dir='ltr'><strong>juxta</strong></span> <span class='ocrx_word' id='word_1_550' title='bbox 1161 3933 1528 3989; x_wconf 76' lang='lat' dir='ltr'><strong>Homericum</strong></span> <span class='ocrx_word' id='word_1_551' title='bbox 1569 3949 1806 4004; x_wconf 88' lang='lat' dir='ltr'><strong>equum,</strong></span> <span class='ocrx_word' id='word_1_552' title='bbox 1840 3935 1897 3989; x_wconf 91' lang='lat' dir='ltr'><strong>in</strong></span> <span class='ocrx_word' id='word_1_553' title='bbox 1947 3936 2086 3990; x_wconf 86' lang='lat' dir='ltr'><strong>sub-</strong></span> 
     </span>
    </p>
   </div>
   <div class='ocr_carea' id='block_1_77' title="bbox 2206 3305 3837 3396">
    <p class='ocr_par' dir='ltr' id='par_1_77' title="bbox 2206 3305 3837 3396">
     <span class='ocr_line' id='line_1_79' title="bbox 2206 3305 3837 3396; baseline 0.009 -36"><span class='ocrx_word' id='word_1_554' title='bbox 2206 3312 2456 3385; x_wconf 74' lang='grc' dir='ltr'>σφαῖραν,</span> <span class='ocrx_word' id='word_1_555' title='bbox 2493 3305 2562 3362; x_wconf 89' lang='grc' dir='ltr'><strong>δι’</strong></span> <span class='ocrx_word' id='word_1_556' title='bbox 2592 3311 2664 3362; x_wconf 81' lang='grc' dir='ltr'>ὢν</span> <span class='ocrx_word' id='word_1_557' title='bbox 2696 3313 2723 3364; x_wconf 86' lang='grc' dir='ltr'>ὁ</span> <span class='ocrx_word' id='word_1_558' title='bbox 2753 3310 2999 3385; x_wconf 68' lang='grc' dir='ltr'>πλάστης</span> <span class='ocrx_word' id='word_1_559' title='bbox 3049 3313 3250 3387; x_wconf 78' lang='grc' dir='ltr'>ἐδήλου</span> <span class='ocrx_word' id='word_1_560' title='bbox 3298 3325 3402 3394; x_wconf 75' lang='grc' dir='ltr'><strong>γῆν</strong></span> <span class='ocrx_word' id='word_1_561' title='bbox 3459 3341 3518 3377; x_wconf 88' lang='grc' dir='ltr'><strong>τε</strong></span> <span class='ocrx_word' id='word_1_562' title='bbox 3568 3323 3710 3396; x_wconf 75' lang='grc' dir='ltr'><strong>αὗτῷ</strong></span> <span class='ocrx_word' id='word_1_563' title='bbox 3751 3325 3837 3375; x_wconf 79' lang='grc' dir='ltr'>πᾶ-</span> 
     </span>
    </p>
   </div>
   <div class='ocr_carea' id='block_1_78' title="bbox 2204 3397 3837 3487">
    <p class='ocr_par' dir='ltr' id='par_1_78' title="bbox 2204 3397 3837 3487">
     <span class='ocr_line' id='line_1_80' title="bbox 2204 3397 3837 3487; baseline 0.009 -35"><span class='ocrx_word' id='word_1_564' title='bbox 2204 3418 2297 3452; x_wconf 89' lang='grc' dir='ltr'><strong>σαν</strong></span> <span class='ocrx_word' id='word_1_565' title='bbox 2349 3399 2435 3451; x_wconf 71' lang='grc' dir='ltr'>καῖ</span> <span class='ocrx_word' id='word_1_566' title='bbox 2498 3397 2768 3454; x_wconf 70' lang='grc' dir='ltr'>θάλασσαν</span> <span class='ocrx_word' id='word_1_567' title='bbox 2818 3407 2898 3474; x_wconf 79' lang='grc' dir='ltr'><strong>τῷ</strong></span> <span class='ocrx_word' id='word_1_568' title='bbox 2943 3411 3158 3480; x_wconf 83' lang='grc' dir='ltr'>σταυρῷ</span> <span class='ocrx_word' id='word_1_569' title='bbox 3216 3403 3619 3478; x_wconf 79' lang='grc' dir='ltr'>δεδουλῶσθαι,</span> <span class='ocrx_word' id='word_1_570' title='bbox 3661 3410 3837 3487; x_wconf 84' lang='grc' dir='ltr'>καταῤ-</span> 
     </span>
    </p>
   </div>
   <div class='ocr_carea' id='block_1_79' title="bbox 2203 3486 3838 3574">
    <p class='ocr_par' dir='ltr' id='par_1_79' title="bbox 2203 3486 3838 3574">
     <span class='ocr_line' id='line_1_81' title="bbox 2203 3486 3838 3574; baseline 0.009 -35"><span class='ocrx_word' id='word_1_571' title='bbox 2203 3486 2576 3560; x_wconf 83' lang='grc' dir='ltr'>ῥαθυμήσαντ²</span> <span class='ocrx_word' id='word_1_572' title='bbox 2607 3489 2754 3544; x_wconf 80' lang='grc' dir='ltr'>ἐᾶσαι</span> <span class='ocrx_word' id='word_1_573' title='bbox 2809 3493 2903 3560; x_wconf 71' lang='grc' dir='ltr'><strong>τὴν</strong></span> <span class='ocrx_word' id='word_1_574' title='bbox 2954 3492 3157 3549; x_wconf 80' lang='grc' dir='ltr'>ἐκείνου</span> <span class='ocrx_word' id='word_1_575' title='bbox 3199 3501 3361 3572; x_wconf 87' lang='grc' dir='ltr'>χεῖρα</span> <span class='ocrx_word' id='word_1_576' title='bbox 3411 3495 3712 3574; x_wconf 79' lang='grc' dir='ltr'>διαφυγεῖν,</span> <span class='ocrx_word' id='word_1_577' title='bbox 3757 3486 3838 3554; x_wconf 76' lang='grc' dir='ltr'><strong>καὶ</strong></span> 
     </span>
    </p>
   </div>
   <div class='ocr_carea' id='block_1_80' title="bbox 2201 3582 3840 3666">
    <p class='ocr_par' dir='ltr' id='par_1_80' title="bbox 2201 3582 3840 3666">
     <span class='ocr_line' id='line_1_82' title="bbox 2201 3582 3840 3666; baseline 0.009 -35"><span class='ocrx_word' id='word_1_578' title='bbox 2201 3582 2394 3633; x_wconf 79' lang='grc' dir='ltr'>τοῦτον</span> <span class='ocrx_word' id='word_1_579' title='bbox 2448 3585 2726 3655; x_wconf 82' lang='grc' dir='ltr'>μηχαναῖς</span> <span class='ocrx_word' id='word_1_580' title='bbox 2771 3603 2908 3637; x_wconf 87' lang='grc' dir='ltr'>τισιν</span> <span class='ocrx_word' id='word_1_581' title='bbox 2953 3583 3265 3660; x_wconf 70' lang='grc' dir='ltr'>ἀμηχάνοις</span> <span class='ocrx_word' id='word_1_582' title='bbox 3313 3589 3454 3644; x_wconf 81' lang='grc' dir='ltr'>καθᾶ</span> <span class='ocrx_word' id='word_1_583' title='bbox 3503 3613 3612 3646; x_wconf 88' lang='grc' dir='ltr'>τινι</span> <span class='ocrx_word' id='word_1_584' title='bbox 3649 3593 3840 3666; x_wconf 73' lang='grc' dir='ltr'>κέντρῳ</span> 
     </span>
    </p>
   </div>
   <div class='ocr_carea' id='block_1_81' title="bbox 2201 3667 3840 3759">
    <p class='ocr_par' dir='ltr' id='par_1_81' title="bbox 2201 3667 3840 3759">
     <span class='ocr_line' id='line_1_83' title="bbox 2201 3667 3840 3759; baseline 0.007 -36"><span class='ocrx_word' id='word_1_585' title='bbox 2201 3667 2292 3723; x_wconf 85' lang='grc' dir='ltr'><strong>καὶ</strong></span> <span class='ocrx_word' id='word_1_586' title='bbox 2354 3671 2600 3746; x_wconf 80' lang='grc' dir='ltr'>μάστιγι,</span> <span class='ocrx_word' id='word_1_587' title='bbox 2657 3675 2736 3744; x_wconf 79' lang='grc' dir='ltr'><strong>τῷ</strong></span> <span class='ocrx_word' id='word_1_588' title='bbox 2797 3672 3016 3748; x_wconf 76' lang='grc' dir='ltr'>χρυσέῳ</span> <span class='ocrx_word' id='word_1_589' title='bbox 3080 3679 3363 3747; x_wconf 81' lang='grc' dir='ltr'>μυωπίσας</span> <span class='ocrx_word' id='word_1_590' title='bbox 3421 3684 3708 3759; x_wconf 81' lang='grc' dir='ltr'>σκήπτρῳ,</span> <span class='ocrx_word' id='word_1_591' title='bbox 3763 3679 3840 3755; x_wconf 79' lang='grc' dir='ltr'><strong>ὲρ·</strong></span> 
     </span>
    </p>
   </div>
   <div class='ocr_carea' id='block_1_82' title="bbox 2201 3757 3840 3844">
    <p class='ocr_par' dir='ltr' id='par_1_82' title="bbox 2201 3757 3840 3844">
     <span class='ocr_line' id='line_1_84' title="bbox 2201 3757 3840 3844; baseline 0.008 -33"><span class='ocrx_word' id='word_1_592' title='bbox 2201 3757 2464 3833; x_wconf 77' lang='grc' dir='ltr'>ῥωμένως</span> <span class='ocrx_word' id='word_1_593' title='bbox 2513 3758 2812 3830; x_wconf 63' lang='grc' dir='ltr'>ἐξελαύνειν</span> <span class='ocrx_word' id='word_1_594' title='bbox 2853 3763 2945 3818; x_wconf 89' lang='grc' dir='ltr'>τὸν</span> <span class='ocrx_word' id='word_1_595' title='bbox 2991 3763 3191 3822; x_wconf 80' lang='grc' dir='ltr'>οἶκεῖον</span> <span class='ocrx_word' id='word_1_596' title='bbox 3253 3764 3488 3844; x_wconf 87' lang='grc' dir='ltr'>δρόμον,</span> <span class='ocrx_word' id='word_1_597' title='bbox 3521 3757 3621 3826; x_wconf 27' lang='grc' dir='ltr'>καὶ.</span> <span class='ocrx_word' id='word_1_598' title='bbox 3663 3791 3840 3826; x_wconf 87' lang='grc' dir='ltr'>συνιπ-</span> 
     </span>
    </p>
   </div>
   <div class='ocr_carea' id='block_1_83' title="bbox 2200 3848 3842 3932">
    <p class='ocr_par' dir='ltr' id='par_1_83' title="bbox 2200 3848 3842 3932">
     <span class='ocr_line' id='line_1_85' title="bbox 2200 3848 3842 3932; baseline 0.008 -33"><span class='ocrx_word' id='word_1_599' title='bbox 2200 3849 2458 3915; x_wconf 80' lang='grc' dir='ltr'>πάζεσθαι</span> <span class='ocrx_word' id='word_1_600' title='bbox 2543 3853 2621 3920; x_wconf 81' lang='grc' dir='ltr'><strong>τῷ</strong></span> <span class='ocrx_word' id='word_1_601' title='bbox 2687 3848 2859 3924; x_wconf 80' lang='grc' dir='ltr'>ἡλίῳ,</span> <span class='ocrx_word' id='word_1_602' title='bbox 2919 3851 3160 3928; x_wconf 80' lang='grc' dir='ltr'>ἀκινήτῳ</span> <span class='ocrx_word' id='word_1_603' title='bbox 3215 3858 3452 3932; x_wconf 77' lang='grc' dir='ltr'>κινήσει,</span> <span class='ocrx_word' id='word_1_604' title='bbox 3520 3860 3599 3924; x_wconf 77' lang='grc' dir='ltr'><strong>εἰς</strong></span> <span class='ocrx_word' id='word_1_605' title='bbox 3653 3861 3842 3920; x_wconf 82' lang='grc' dir='ltr'>αἰῶνας</span> 
     </span>
    </p>
   </div>
   <div class='ocr_carea' id='block_1_84' title="bbox 2199 3935 2604 4010">
    <p class='ocr_par' dir='ltr' id='par_1_84' title="bbox 2199 3935 2604 4010">
     <span class='ocr_line' id='line_1_86' title="bbox 2199 3935 2604 4010; baseline 0.005 -20"><span class='ocrx_word' id='word_1_606' title='bbox 2199 3935 2582 4010; x_wconf 63' lang='grc' dir='ltr'>παρεσκευάσαι</span> <span class='ocrx_word' id='word_1_607' title='bbox 2593 3981 2604 3993; x_wconf 92' lang='grc'><em>.</em></span> 
     </span>
    </p>
   </div>
   <div class='ocr_carea' id='block_1_85' title="bbox 448 4021 3834 4112">
    <p class='ocr_par' dir='ltr' id='par_1_85' title="bbox 448 4021 3834 4112">
     <span class='ocr_line' id='line_1_87' title="bbox 448 4021 3834 4112; baseline 0.005 -36"><span class='ocrx_word' id='word_1_608' title='bbox 448 4021 570 4076; x_wconf 90' lang='lat' dir='ltr'><strong>limi</strong></span> <span class='ocrx_word' id='word_1_609' title='bbox 604 4037 808 4094; x_wconf 85' lang='lat' dir='ltr'><strong>campo</strong></span> <span class='ocrx_word' id='word_1_610' title='bbox 842 4021 1214 4092; x_wconf 87' lang='lat' dir='ltr'><strong>lasciviente;</strong></span> <span class='ocrx_word' id='word_1_611' title='bbox 1246 4033 1337 4078; x_wconf 87' lang='lat' dir='ltr'><strong>aut</strong></span> <span class='ocrx_word' id='word_1_612' title='bbox 1370 4024 1566 4092; x_wconf 89' lang='lat' dir='ltr'><strong>etiam,</strong></span> <span class='ocrx_word' id='word_1_613' title='bbox 1600 4025 1767 4097; x_wconf 83' lang='lat' dir='ltr'><strong>juxta</strong></span> <span class='ocrx_word' id='word_1_614' title='bbox 1811 4029 2090 4096; x_wconf 80' lang='lat' dir='ltr'><strong>Pegasum</strong></span> <span class='ocrx_word' id='word_1_615' title='bbox 2149 4025 2338 4092; x_wconf 89' lang='lat' dir='ltr'><strong>illum,</strong></span> <span class='ocrx_word' id='word_1_616' title='bbox 2397 4029 2623 4084; x_wconf 64' lang='lat' dir='ltr'><strong>volandi</strong></span> <span class='ocrx_word' id='word_1_617' title='bbox 2675 4030 3004 4102; x_wconf 88' lang='lat' dir='ltr'><strong>opinionem</strong></span> <span class='ocrx_word' id='word_1_618' title='bbox 3070 4037 3254 4106; x_wconf 61' lang='lat' dir='ltr'><strong>praebe</strong></span> <span class='ocrx_word' id='word_1_619' title='bbox 3301 4046 3374 4105; x_wconf 82' lang='lat' dir='ltr'><strong>te,</strong></span> <span class='ocrx_word' id='word_1_620' title='bbox 3428 4057 3460 4094; x_wconf 92' lang='lat' dir='ltr'><strong>a</strong></span> <span class='ocrx_word' id='word_1_621' title='bbox 3524 4045 3834 4112; x_wconf 69' lang='lat' dir='ltr'><strong>temporum</strong></span> 
     </span>
    </p>
   </div>
   <div class='ocr_carea' id='block_1_86' title="bbox 447 4109 3838 4200">
    <p class='ocr_par' dir='ltr' id='par_1_86' title="bbox 447 4109 3838 4200">
     <span class='ocr_line' id='line_1_88' title="bbox 447 4109 3838 4200; baseline 0.005 -34"><span class='ocrx_word' id='word_1_622' title='bbox 447 4109 777 4166; x_wconf 88' lang='lat' dir='ltr'><strong>inordinata</strong></span> <span class='ocrx_word' id='word_1_623' title='bbox 805 4109 1322 4166; x_wconf 90' lang='lat' dir='ltr'><strong>circumvolutione</strong></span> <span class='ocrx_word' id='word_1_624' title='bbox 1350 4117 1406 4167; x_wconf 92' lang='lat' dir='ltr'><strong>et</strong></span> <span class='ocrx_word' id='word_1_625' title='bbox 1437 4116 1600 4166; x_wconf 90' lang='lat' dir='ltr'><strong>motu</strong></span> <span class='ocrx_word' id='word_1_626' title='bbox 1634 4111 1854 4167; x_wconf 90' lang='lat' dir='ltr'><strong>ratione</strong></span> <span class='ocrx_word' id='word_1_627' title='bbox 1886 4129 2090 4183; x_wconf 90' lang='lat' dir='ltr'><strong>parum</strong></span> <span class='ocrx_word' id='word_1_628' title='bbox 2153 4113 2377 4180; x_wconf 67' lang='lat' dir='ltr'><strong>nitenti,</strong></span> <span class='ocrx_word' id='word_1_629' title='bbox 2429 4117 2596 4186; x_wconf 62' lang='lat' dir='ltr'><strong>longa</strong></span> <span class='ocrx_word' id='word_1_630' title='bbox 2624 4121 2679 4173; x_wconf 83' lang='lat' dir='ltr'><strong>et</strong></span> <span class='ocrx_word' id='word_1_631' title='bbox 2718 4121 2996 4176; x_wconf 55' lang='lat' dir='ltr'><strong>continua</strong></span> <span class='ocrx_word' id='word_1_632' title='bbox 3044 4125 3191 4176; x_wconf 74' lang='lat' dir='ltr'><strong>aeris</strong></span> <span class='ocrx_word' id='word_1_633' title='bbox 3242 4125 3458 4196; x_wconf 81' lang='lat' dir='ltr'><strong>injuria</strong></span> <span class='ocrx_word' id='word_1_634' title='bbox 3521 4129 3596 4184; x_wconf 82' lang='lat' dir='ltr'><strong>ita</strong></span> <span class='ocrx_word' id='word_1_635' title='bbox 3629 4109 3838 4200; x_wconf 83' lang='lat' dir='ltr'><strong>percul-</strong></span> 
     </span>
    </p>
   </div>
   <div class='ocr_carea' id='block_1_87' title="bbox 447 4202 3833 4281">
    <p class='ocr_par' dir='ltr' id='par_1_87' title="bbox 447 4202 3833 4281">
     <span class='ocr_line' id='line_1_89' title="bbox 447 4202 3833 4281; baseline 0.004 -23"><span class='ocrx_word' id='word_1_636' title='bbox 447 4217 603 4269; x_wconf 87' lang='lat' dir='ltr'><strong>sum,</strong></span> <span class='ocrx_word' id='word_1_637' title='bbox 635 4206 700 4255; x_wconf 89' lang='lat' dir='ltr'><strong>ut</strong></span> <span class='ocrx_word' id='word_1_638' title='bbox 733 4218 860 4272; x_wconf 67' lang='lat' dir='ltr'><strong>quae</strong></span> <span class='ocrx_word' id='word_1_639' title='bbox 891 4202 1186 4258; x_wconf 86' lang='lat' dir='ltr'><strong>continere</strong></span> <span class='ocrx_word' id='word_1_640' title='bbox 1241 4203 1406 4258; x_wconf 86' lang='lat' dir='ltr'><strong>visus</strong></span> <span class='ocrx_word' id='word_1_641' title='bbox 1465 4204 1668 4263; x_wconf 81' lang='lat' dir='ltr'><strong>fuerat,</strong></span> <span class='ocrx_word' id='word_1_642' title='bbox 1720 4218 1948 4258; x_wconf 88' lang='lat' dir='ltr'><strong>crucem</strong></span> <span class='ocrx_word' id='word_1_643' title='bbox 1999 4204 2253 4260; x_wconf 77' lang='lat' dir='ltr'><strong>videlicet</strong></span> <span class='ocrx_word' id='word_1_644' title='bbox 2317 4211 2371 4258; x_wconf 75' lang='lat' dir='ltr'><strong>ct</strong></span> <span class='ocrx_word' id='word_1_645' title='bbox 2427 4208 2646 4272; x_wconf 82' lang='lat' dir='ltr'><strong>orbem.</strong></span> <span class='ocrx_word' id='word_1_646' title='bbox 2697 4209 2912 4281; x_wconf 90' lang='lat' dir='ltr'><strong>quibus</strong></span> <span class='ocrx_word' id='word_1_647' title='bbox 2971 4213 3285 4270; x_wconf 84' lang='lat' dir='ltr'><strong>statuarius</strong></span> <span class='ocrx_word' id='word_1_648' title='bbox 3334 4220 3550 4273; x_wconf 71' lang='lat' dir='ltr'><strong>terram</strong></span> <span class='ocrx_word' id='word_1_649' title='bbox 3617 4231 3833 4273; x_wconf 90' lang='lat' dir='ltr'><strong>omnem</strong></span> 
     </span>
    </p>
   </div>
   <div class='ocr_carea' id='block_1_88' title="bbox 445 4291 3832 4378">
    <p class='ocr_par' dir='ltr' id='par_1_88' title="bbox 445 4291 3832 4378">
     <span class='ocr_line' id='line_1_90' title="bbox 445 4291 3832 4378; baseline 0.005 -32"><span class='ocrx_word' id='word_1_650' title='bbox 445 4298 499 4347; x_wconf 90' lang='lat' dir='ltr'><strong>et.</strong></span> <span class='ocrx_word' id='word_1_651' title='bbox 532 4306 689 4344; x_wconf 88' lang='lat' dir='ltr'><strong>mare</strong></span> <span class='ocrx_word' id='word_1_652' title='bbox 722 4291 912 4362; x_wconf 82' lang='lat' dir='ltr'><strong>ipsum</strong></span> <span class='ocrx_word' id='word_1_653' title='bbox 975 4308 1072 4360; x_wconf 92' lang='lat' dir='ltr'><strong>per</strong></span> <span class='ocrx_word' id='word_1_654' title='bbox 1127 4307 1352 4346; x_wconf 82' lang='lat' dir='ltr'><strong>crucem</strong></span> <span class='ocrx_word' id='word_1_655' title='bbox 1405 4292 1453 4346; x_wconf 91' lang='lat' dir='ltr'><strong>ei</strong></span> <span class='ocrx_word' id='word_1_656' title='bbox 1517 4291 1841 4361; x_wconf 79' lang='lat' dir='ltr'><strong>subjectum</strong></span> <span class='ocrx_word' id='word_1_657' title='bbox 1893 4306 2014 4347; x_wconf 89' lang='lat' dir='ltr'><strong>esse</strong></span> <span class='ocrx_word' id='word_1_658' title='bbox 2048 4293 2412 4356; x_wconf 32' lang='lat' dir='ltr'><strong>indicaverat,</strong></span> <span class='ocrx_word' id='word_1_659' title='bbox 2453 4311 2521 4350; x_wconf 81' lang='lat' dir='ltr'><strong>ea</strong></span> <span class='ocrx_word' id='word_1_660' title='bbox 2573 4299 2893 4353; x_wconf 80' lang='lat' dir='ltr'><strong>cessatione</strong></span> <span class='ocrx_word' id='word_1_661' title='bbox 2925 4300 3133 4370; x_wconf 80' lang='lat' dir='ltr'><strong>ignava</strong></span> <span class='ocrx_word' id='word_1_662' title='bbox 3197 4320 3228 4358; x_wconf 91' lang='lat' dir='ltr'><strong>e</strong></span> <span class='ocrx_word' id='word_1_663' title='bbox 3285 4319 3459 4361; x_wconf 88' lang='lat' dir='ltr'><strong>manu</strong></span> <span class='ocrx_word' id='word_1_664' title='bbox 3520 4307 3648 4378; x_wconf 89' lang='lat' dir='ltr'><strong>ejus</strong></span> <span class='ocrx_word' id='word_1_665' title='bbox 3695 4303 3832 4361; x_wconf 88' lang='lat' dir='ltr'><strong>exci-</strong></span> 
     </span>
    </p>
   </div>
   <div class='ocr_carea' id='block_1_89' title="bbox 447 4380 3834 4462">
    <p class='ocr_par' dir='ltr' id='par_1_89' title="bbox 447 4380 3834 4462">
     <span class='ocr_line' id='line_1_91' title="bbox 447 4380 3834 4462; baseline 0.004 -27"><span class='ocrx_word' id='word_1_666' title='bbox 447 4380 634 4436; x_wconf 87' lang='lat' dir='ltr'><strong>derint</strong></span> <span class='ocrx_word' id='word_1_667' title='bbox 667 4398 680 4436; x_wconf 92' lang='lat'>:</span> <span class='ocrx_word' id='word_1_668' title='bbox 714 4386 769 4436; x_wconf 88' lang='lat' dir='ltr'><strong>et</strong></span> <span class='ocrx_word' id='word_1_669' title='bbox 800 4380 976 4451; x_wconf 83' lang='lat' dir='ltr'><strong>hunc,</strong></span> <span class='ocrx_word' id='word_1_670' title='bbox 1012 4381 1272 4452; x_wconf 66' lang='lat' dir='ltr'><strong>inquam,</strong></span> <span class='ocrx_word' id='word_1_671' title='bbox 1305 4381 1547 4436; x_wconf 83' lang='lat' dir='ltr'><strong>artiﬁcio</strong></span> <span class='ocrx_word' id='word_1_672' title='bbox 1581 4381 1832 4453; x_wconf 89' lang='lat' dir='ltr'><strong>quodam</strong></span> <span class='ocrx_word' id='word_1_673' title='bbox 1887 4381 2230 4450; x_wconf 88' lang='lat' dir='ltr'><strong>incredibili,</strong></span> <span class='ocrx_word' id='word_1_674' title='bbox 2279 4385 2518 4455; x_wconf 79' lang='lat' dir='ltr'><strong>perinde</strong></span> <span class='ocrx_word' id='word_1_675' title='bbox 2557 4391 2729 4456; x_wconf 77' lang='lat' dir='ltr'><strong>atque</strong></span> <span class='ocrx_word' id='word_1_676' title='bbox 2774 4391 3024 4460; x_wconf 88' lang='lat' dir='ltr'><strong>quodam</strong></span> <span class='ocrx_word' id='word_1_677' title='bbox 3078 4391 3312 4447; x_wconf 83' lang='lat' dir='ltr'><strong>stimulo</strong></span> <span class='ocrx_word' id='word_1_678' title='bbox 3353 4399 3410 4449; x_wconf 89' lang='lat' dir='ltr'><strong>et</strong></span> <span class='ocrx_word' id='word_1_679' title='bbox 3457 4395 3704 4462; x_wconf 65' lang='lat' dir='ltr'><strong>ﬂagello,</strong></span> <span class='ocrx_word' id='word_1_680' title='bbox 3750 4411 3834 4450; x_wconf 87' lang='lat' dir='ltr'><strong>au-</strong></span> 
     </span>
    </p>
   </div>
   <div class='ocr_carea' id='block_1_90' title="bbox 446 4470 3834 4557">
    <p class='ocr_par' dir='ltr' id='par_1_90' title="bbox 446 4470 3834 4557">
     <span class='ocr_line' id='line_1_92' title="bbox 446 4470 3834 4557; baseline 0.005 -31"><span class='ocrx_word' id='word_1_681' title='bbox 446 4487 542 4526; x_wconf 90' lang='lat' dir='ltr'><strong>reo</strong></span> <span class='ocrx_word' id='word_1_682' title='bbox 574 4474 794 4541; x_wconf 87' lang='lat' dir='ltr'><strong>sceptro</strong></span> <span class='ocrx_word' id='word_1_683' title='bbox 847 4470 1128 4540; x_wconf 83' lang='lat' dir='ltr'><strong>excitans,</strong></span> <span class='ocrx_word' id='word_1_684' title='bbox 1181 4478 1244 4526; x_wconf 90' lang='lat' dir='ltr'><strong>ut</strong></span> <span class='ocrx_word' id='word_1_685' title='bbox 1294 4472 1512 4528; x_wconf 73' lang='lat' dir='ltr'><strong>fortiter</strong></span> <span class='ocrx_word' id='word_1_686' title='bbox 1569 4487 1800 4526; x_wconf 52' lang='lat' dir='ltr'><strong>cursum</strong></span> <span class='ocrx_word' id='word_1_687' title='bbox 1841 4487 2012 4525; x_wconf 87' lang='lat' dir='ltr'><strong>suum</strong></span> <span class='ocrx_word' id='word_1_688' title='bbox 2057 4479 2273 4543; x_wconf 81' lang='lat' dir='ltr'><strong>ugeret,</strong></span> <span class='ocrx_word' id='word_1_689' title='bbox 2335 4480 2390 4528; x_wconf 91' lang='lat' dir='ltr'><strong>et</strong></span> <span class='ocrx_word' id='word_1_690' title='bbox 2436 4491 2549 4528; x_wconf 84' lang='lat' dir='ltr'><strong>una</strong></span> <span class='ocrx_word' id='word_1_691' title='bbox 2598 4492 2725 4530; x_wconf 75' lang='lat' dir='ltr'><strong>cum</strong></span> <span class='ocrx_word' id='word_1_692' title='bbox 2768 4477 2907 4547; x_wconf 72' lang='lat' dir='ltr'><strong>solo,</strong></span> <span class='ocrx_word' id='word_1_693' title='bbox 2951 4478 3233 4536; x_wconf 82' lang='lat' dir='ltr'><strong>immobili</strong></span> <span class='ocrx_word' id='word_1_694' title='bbox 3297 4491 3478 4554; x_wconf 86' lang='lat' dir='ltr'><strong>motu,</strong></span> <span class='ocrx_word' id='word_1_695' title='bbox 3531 4488 3588 4540; x_wconf 90' lang='lat' dir='ltr'><strong>in</strong></span> <span class='ocrx_word' id='word_1_696' title='bbox 3637 4487 3834 4557; x_wconf 75' lang='lat' dir='ltr'><strong>sempi-</strong></span> 
     </span>
    </p>
   </div>
   <div class='ocr_carea' id='block_1_91' title="bbox 445 4559 1490 4634">
    <p class='ocr_par' dir='ltr' id='par_1_91' title="bbox 445 4559 1490 4634">
     <span class='ocr_line' id='line_1_93' title="bbox 445 4559 1490 4634; baseline -0.001 -18"><span class='ocrx_word' id='word_1_697' title='bbox 445 4565 676 4616; x_wconf 82' lang='lat' dir='ltr'><strong>ternum</strong></span> <span class='ocrx_word' id='word_1_698' title='bbox 712 4559 1118 4632; x_wconf 84' lang='lat' dir='ltr'><strong>perequitaret,</strong></span> <span class='ocrx_word' id='word_1_699' title='bbox 1153 4562 1490 4634; x_wconf 89' lang='lat' dir='ltr'><strong>procurasti.</strong></span> 
     </span>
    </p>
   </div>
   <div class='ocr_carea' id='block_1_92' title="bbox 518 4651 2163 4724">
    <p class='ocr_par' dir='ltr' id='par_1_92' title="bbox 518 4651 2163 4724">
     <span class='ocr_line' id='line_1_94' title="bbox 518 4651 2163 4724; baseline -0.001 -18"><span class='ocrx_word' id='word_1_700' title='bbox 518 4651 612 4706; x_wconf 78' lang='grc'><strong>17</strong></span> <span class='ocrx_word' id='word_1_701' title='bbox 674 4651 779 4706; x_wconf 86' lang='lat' dir='ltr'><strong>Sed</strong></span> <span class='ocrx_word' id='word_1_702' title='bbox 841 4652 884 4706; x_wconf 91' lang='lat' dir='ltr'><strong>si</strong></span> <span class='ocrx_word' id='word_1_703' title='bbox 937 4658 1132 4708; x_wconf 85' lang='lat' dir='ltr'><strong>exacte</strong></span> <span class='ocrx_word' id='word_1_704' title='bbox 1186 4651 1446 4707; x_wconf 86' lang='lat' dir='ltr'><strong>oratione</strong></span> <span class='ocrx_word' id='word_1_705' title='bbox 1505 4653 1768 4724; x_wconf 83' lang='lat' dir='ltr'><strong>persequi</strong></span> <span class='ocrx_word' id='word_1_706' title='bbox 1825 4667 2082 4724; x_wconf 73' lang='lat' dir='ltr'><strong>pergam,</strong></span> <span class='ocrx_word' id='word_1_707' title='bbox 2123 4655 2163 4717; x_wconf 78' lang='grc' dir='ltr'><strong>Ι)</strong></span> 
     </span>
    </p>
   </div>
   <div class='ocr_carea' id='block_1_93' title="bbox 444 4741 2087 4814">
    <p class='ocr_par' dir='ltr' id='par_1_93' title="bbox 444 4741 2087 4814">
     <span class='ocr_line' id='line_1_95' title="bbox 444 4741 2087 4814; baseline 0 -19"><span class='ocrx_word' id='word_1_708' title='bbox 444 4741 794 4812; x_wconf 82' lang='lat' dir='ltr'><strong>quibusnam</strong></span> <span class='ocrx_word' id='word_1_709' title='bbox 831 4741 1058 4814; x_wconf 87' lang='lat' dir='ltr'><strong>templis</strong></span> <span class='ocrx_word' id='word_1_710' title='bbox 1109 4747 1434 4814; x_wconf 86' lang='lat' dir='ltr'><strong>temporum</strong></span> <span class='ocrx_word' id='word_1_711' title='bbox 1464 4741 1680 4811; x_wconf 82' lang='lat' dir='ltr'><strong>injuria</strong></span> <span class='ocrx_word' id='word_1_712' title='bbox 1731 4742 1958 4796; x_wconf 84' lang='lat' dir='ltr'><strong>ruinam</strong></span> <span class='ocrx_word' id='word_1_713' title='bbox 1981 4741 2087 4795; x_wconf 85' lang='lat' dir='ltr'><strong>mi-</strong></span> 
     </span>
    </p>
   </div>
   <div class='ocr_carea' id='block_1_94' title="bbox 446 4829 2086 4903">
    <p class='ocr_par' dir='ltr' id='par_1_94' title="bbox 446 4829 2086 4903">
     <span class='ocr_line' id='line_1_96' title="bbox 446 4829 2086 4903; baseline 0.001 -19"><span class='ocrx_word' id='word_1_714' title='bbox 446 4830 722 4886; x_wconf 89' lang='lat' dir='ltr'><strong>nantibus</strong></span> <span class='ocrx_word' id='word_1_715' title='bbox 745 4829 993 4903; x_wconf 85' lang='lat' dir='ltr'><strong>aliisque</strong></span> <span class='ocrx_word' id='word_1_716' title='bbox 1014 4831 1264 4903; x_wconf 89' lang='lat' dir='ltr'><strong>publicis</strong></span> <span class='ocrx_word' id='word_1_717' title='bbox 1297 4831 1592 4903; x_wconf 80' lang='lat' dir='ltr'><strong>operibus,</strong></span> <span class='ocrx_word' id='word_1_718' title='bbox 1613 4835 1783 4903; x_wconf 81' lang='lat' dir='ltr'><strong>atque</strong></span> <span class='ocrx_word' id='word_1_719' title='bbox 1807 4831 1864 4885; x_wconf 91' lang='lat' dir='ltr'><strong>in</strong></span> <span class='ocrx_word' id='word_1_720' title='bbox 1883 4830 2086 4902; x_wconf 89' lang='lat' dir='ltr'><strong>primis</strong></span> 
     </span>
    </p>
   </div>
   <div class='ocr_carea' id='block_1_95' title="bbox 445 4919 2087 4992">
    <p class='ocr_par' dir='ltr' id='par_1_95' title="bbox 445 4919 2087 4992">
     <span class='ocr_line' id='line_1_97' title="bbox 445 4919 2087 4992; baseline 0 -18"><span class='ocrx_word' id='word_1_721' title='bbox 445 4919 609 4974; x_wconf 85' lang='lat' dir='ltr'><strong>urbis</strong></span> <span class='ocrx_word' id='word_1_722' title='bbox 647 4919 835 4990; x_wconf 89' lang='lat' dir='ltr'><strong>ipsius</strong></span> <span class='ocrx_word' id='word_1_723' title='bbox 865 4920 1170 4990; x_wconf 77' lang='lat' dir='ltr'><strong>mcenibus,</strong></span> <span class='ocrx_word' id='word_1_724' title='bbox 1207 4937 1332 4992; x_wconf 60' lang='lat' dir='ltr'><strong>quas</strong></span> <span class='ocrx_word' id='word_1_725' title='bbox 1383 4921 1758 4976; x_wconf 82' lang='lat' dir='ltr'><strong>circumcirca</strong></span> <span class='ocrx_word' id='word_1_726' title='bbox 1797 4937 1945 4988; x_wconf 87' lang='lat' dir='ltr'><strong>eam,</strong></span> <span class='ocrx_word' id='word_1_727' title='bbox 1997 4920 2087 4974; x_wconf 90' lang='lat' dir='ltr'><strong>in—</strong></span> 
     </span>
    </p>
   </div>
   <div class='ocr_carea' id='block_1_96' title="bbox 444 5007 2082 5082">
    <p class='ocr_par' dir='ltr' id='par_1_96' title="bbox 444 5007 2082 5082">
     <span class='ocr_line' id='line_1_98' title="bbox 444 5007 2082 5082; baseline 0.002 -21"><span class='ocrx_word' id='word_1_728' title='bbox 444 5007 853 5080; x_wconf 81' lang='lat' dir='ltr'><strong>vestigantium</strong></span> <span class='ocrx_word' id='word_1_729' title='bbox 891 5011 1080 5076; x_wconf 89' lang='lat' dir='ltr'><strong>modo,</strong></span> <span class='ocrx_word' id='word_1_730' title='bbox 1103 5011 1370 5082; x_wconf 83' lang='lat' dir='ltr'><strong>cingunt,</strong></span> <span class='ocrx_word' id='word_1_731' title='bbox 1411 5016 1469 5066; x_wconf 90' lang='lat' dir='ltr'><strong>et</strong></span> <span class='ocrx_word' id='word_1_732' title='bbox 1505 5027 1573 5067; x_wconf 90' lang='lat' dir='ltr'><strong>ex</strong></span> <span class='ocrx_word' id='word_1_733' title='bbox 1623 5009 1791 5065; x_wconf 90' lang='lat' dir='ltr'><strong>senili</strong></span> <span class='ocrx_word' id='word_1_734' title='bbox 1853 5011 1968 5066; x_wconf 90' lang='lat' dir='ltr'><strong>situ</strong></span> <span class='ocrx_word' id='word_1_735' title='bbox 2015 5011 2082 5065; x_wconf 89' lang='lat' dir='ltr'><strong>ad</strong></span> 
     </span>
    </p>
   </div>
   <div class='ocr_carea' id='block_1_97' title="bbox 445 5098 2084 5172">
    <p class='ocr_par' dir='ltr' id='par_1_97' title="bbox 445 5098 2084 5172">
     <span class='ocr_line' id='line_1_99' title="bbox 445 5098 2084 5172; baseline 0.002 -21"><span class='ocrx_word' id='word_1_736' title='bbox 445 5098 855 5168; x_wconf 85' lang='lat' dir='ltr'><strong>pubescentem</strong></span> <span class='ocrx_word' id='word_1_737' title='bbox 882 5101 1175 5171; x_wconf 64' lang='lat' dir='ltr'><strong>juventam</strong></span> <span class='ocrx_word' id='word_1_738' title='bbox 1209 5110 1494 5172; x_wconf 78' lang='lat' dir='ltr'><strong>revocant,</strong></span> <span class='ocrx_word' id='word_1_739' title='bbox 1525 5101 1706 5156; x_wconf 87' lang='lat' dir='ltr'><strong>muris</strong></span> <span class='ocrx_word' id='word_1_740' title='bbox 1751 5101 2084 5156; x_wconf 86' lang='lat' dir='ltr'><strong>adamanti-</strong></span> 
     </span>
    </p>
   </div>
   <div class='ocr_carea' id='block_1_98' title="bbox 445 5187 2086 5262">
    <p class='ocr_par' dir='ltr' id='par_1_98' title="bbox 445 5187 2086 5262">
     <span class='ocr_line' id='line_1_100' title="bbox 445 5187 2086 5262; baseline 0.002 -20"><span class='ocrx_word' id='word_1_741' title='bbox 445 5187 536 5242; x_wconf 88' lang='lat' dir='ltr'><strong>nis</strong></span> <span class='ocrx_word' id='word_1_742' title='bbox 569 5188 744 5243; x_wconf 90' lang='lat' dir='ltr'><strong>robur</strong></span> <span class='ocrx_word' id='word_1_743' title='bbox 776 5189 1003 5245; x_wconf 81' lang='lat' dir='ltr'><strong>firmum</strong></span> <span class='ocrx_word' id='word_1_744' title='bbox 1037 5191 1336 5262; x_wconf 88' lang='lat' dir='ltr'><strong>adjeceris,</strong></span> <span class='ocrx_word' id='word_1_745' title='bbox 1371 5195 1602 5262; x_wconf 85' lang='lat' dir='ltr'><strong>tempus</strong></span> <span class='ocrx_word' id='word_1_746' title='bbox 1647 5208 1738 5248; x_wconf 89' lang='lat' dir='ltr'><strong>me</strong></span> <span class='ocrx_word' id='word_1_747' title='bbox 1769 5193 1820 5246; x_wconf 88' lang='lat' dir='ltr'><strong>id</strong></span> <span class='ocrx_word' id='word_1_748' title='bbox 1875 5207 2086 5246; x_wconf 86' lang='lat' dir='ltr'><strong>memo-</strong></span> 
     </span>
    </p>
   </div>
   <div class='ocr_carea' id='block_1_99' title="bbox 447 5278 2086 5338">
    <p class='ocr_par' dir='ltr' id='par_1_99' title="bbox 447 5278 2086 5338">
     <span class='ocr_line' id='line_1_101' title="bbox 447 5278 2086 5338; baseline 0.005 -8"><span class='ocrx_word' id='word_1_749' title='bbox 447 5283 672 5332; x_wconf 86' lang='lat' dir='ltr'><strong>rantem</strong></span> <span class='ocrx_word' id='word_1_750' title='bbox 701 5278 1000 5336; x_wconf 89' lang='lat' dir='ltr'><strong>destituet.</strong></span> <span class='ocrx_word' id='word_1_751' title='bbox 1034 5279 1314 5336; x_wconf 64' lang='lat' dir='ltr'><strong>Ceterum</strong></span> <span class='ocrx_word' id='word_1_752' title='bbox 1349 5283 1640 5338; x_wconf 81' lang='lat' dir='ltr'><strong>veritatem</strong></span> <span class='ocrx_word' id='word_1_753' title='bbox 1701 5281 1889 5338; x_wconf 86' lang='lat' dir='ltr'><strong>verbis</strong></span> <span class='ocrx_word' id='word_1_754' title='bbox 1941 5283 2086 5338; x_wconf 88' lang='lat' dir='ltr'><strong>meis</strong></span> 
     </span>
    </p>
   </div>
   <div class='ocr_carea' id='block_1_100' title="bbox 449 5369 2088 5444">
    <p class='ocr_par' dir='ltr' id='par_1_100' title="bbox 449 5369 2088 5444">
     <span class='ocr_line' id='line_1_102' title="bbox 449 5369 2088 5444; baseline 0.005 -26"><span class='ocrx_word' id='word_1_755' title='bbox 449 5369 704 5422; x_wconf 86' lang='lat' dir='ltr'><strong>astruere</strong></span> <span class='ocrx_word' id='word_1_756' title='bbox 736 5379 976 5440; x_wconf 83' lang='lat' dir='ltr'><strong>possunt</strong></span> <span class='ocrx_word' id='word_1_757' title='bbox 999 5377 1242 5441; x_wconf 84' lang='lat' dir='ltr'><strong>utraque</strong></span> <span class='ocrx_word' id='word_1_758' title='bbox 1256 5387 1422 5427; x_wconf 83' lang='lat' dir='ltr'><strong>sacra</strong></span> <span class='ocrx_word' id='word_1_759' title='bbox 1435 5371 1824 5444; x_wconf 87' lang='lat' dir='ltr'><strong>apostolorum</strong></span> <span class='ocrx_word' id='word_1_760' title='bbox 1847 5371 2088 5444; x_wconf 87' lang='lat' dir='ltr'><strong>templa,</strong></span> 
     </span>
    </p>
   </div>
   <div class='ocr_carea' id='block_1_101' title="bbox 519 5558 2089 5642">
    <p class='ocr_par' dir='ltr' id='par_1_101' title="bbox 519 5558 2089 5642">
     <span class='ocr_line' id='line_1_103' title="bbox 519 5558 2089 5642; baseline 0.005 -28"><span class='ocrx_word' id='word_1_761' title='bbox 519 5558 598 5642; x_wconf 83' lang='grc'><strong>(1)</strong></span> <span class='ocrx_word' id='word_1_762' title='bbox 631 5558 978 5642; x_wconf 64' lang='lat' dir='ltr'><strong>instauratio</strong></span> <span class='ocrx_word' id='word_1_763' title='bbox 1010 5566 1214 5642; x_wconf 72' lang='lat' dir='ltr'><strong>statuae</strong></span> <span class='ocrx_word' id='word_1_764' title='bbox 1243 5564 1932 5642; x_wconf 79' lang='lat' dir='ltr'><strong>equestr_is_Constanl_ini</strong></span> <span class='ocrx_word' id='word_1_765' title='bbox 1958 5565 2089 5642; x_wconf 66' lang='grc' dir='ltr'><strong>⁸Μιιιι</strong></span> 
     </span>
    </p>
   </div>
   <div class='ocr_carea' id='block_1_102' title="bbox 447 5631 2088 5710">
    <p class='ocr_par' dir='ltr' id='par_1_102' title="bbox 447 5631 2088 5710">
     <span class='ocr_line' id='line_1_104' title="bbox 447 5631 2088 5710; baseline 0.005 -24"><span class='ocrx_word' id='word_1_766' title='bbox 447 5631 570 5705; x_wconf 84' lang='lat' dir='ltr'><strong>gni,</strong></span> <span class='ocrx_word' id='word_1_767' title='bbox 604 5631 783 5690; x_wconf 87' lang='lat' dir='ltr'><strong>altera</strong></span> <span class='ocrx_word' id='word_1_768' title='bbox 815 5649 988 5687; x_wconf 87' lang='lat' dir='ltr'><strong>manu</strong></span> <span class='ocrx_word' id='word_1_769' title='bbox 1024 5633 1260 5704; x_wconf 82' lang='lat' dir='ltr'><strong>globum</strong></span> <span class='ocrx_word' id='word_1_770' title='bbox 1294 5631 1422 5690; x_wconf 86' lang='lat' dir='ltr'><strong>cum</strong></span> <span class='ocrx_word' id='word_1_771' title='bbox 1464 5636 1640 5692; x_wconf 80' lang='lat' dir='ltr'><strong>inﬁxo</strong></span> <span class='ocrx_word' id='word_1_772' title='bbox 1701 5638 1892 5696; x_wconf 89' lang='lat' dir='ltr'><strong>crucis</strong></span> <span class='ocrx_word' id='word_1_773' title='bbox 1923 5639 2088 5710; x_wconf 86' lang='lat' dir='ltr'><strong>signo</strong></span> 
     </span>
    </p>
   </div>
   <div class='ocr_carea' id='block_1_103' title="bbox 2267 4650 3830 4741">
    <p class='ocr_par' dir='ltr' id='par_1_103' title="bbox 2267 4650 3830 4741">
     <span class='ocr_line' id='line_1_105' title="bbox 2267 4650 3830 4741; baseline 0.008 -36"><span class='ocrx_word' id='word_1_774' title='bbox 2267 4650 2442 4706; x_wconf 78' lang='grc' dir='ltr'>Ἀλλά</span> <span class='ocrx_word' id='word_1_775' title='bbox 2500 4674 2590 4723; x_wconf 82' lang='grc' dir='ltr'><strong>μοι</strong></span> <span class='ocrx_word' id='word_1_776' title='bbox 2661 4655 2792 4727; x_wconf 76' lang='grc' dir='ltr'>πρὸς</span> <span class='ocrx_word' id='word_1_777' title='bbox 2864 4655 3060 4710; x_wconf 69' lang='grc' dir='ltr'>λεπτὸν</span> <span class='ocrx_word' id='word_1_778' title='bbox 3137 4664 3215 4730; x_wconf 69' lang='grc' dir='ltr'><strong>τῷ</strong></span> <span class='ocrx_word' id='word_1_779' title='bbox 3283 4659 3433 4735; x_wconf 77' lang='grc' dir='ltr'>λόγῳ</span> <span class='ocrx_word' id='word_1_780' title='bbox 3492 4661 3830 4741; x_wconf 70' lang='grc' dir='ltr'>ἐπέρχεσθαι,</span> 
     </span>
    </p>
   </div>
   <div class='ocr_carea' id='block_1_104' title="bbox 2196 4739 3832 4820">
    <p class='ocr_par' dir='ltr' id='par_1_104' title="bbox 2196 4739 3832 4820">
     <span class='ocr_line' id='line_1_106' title="bbox 2196 4739 3832 4820; baseline 0.009 -26"><span class='ocrx_word' id='word_1_781' title='bbox 2196 4739 2347 4802; x_wconf 81' lang='grc' dir='ltr'>ὅσοις</span> <span class='ocrx_word' id='word_1_782' title='bbox 2379 4741 2475 4814; x_wconf 74' lang='grc' dir='ltr'>μὲν</span> <span class='ocrx_word' id='word_1_783' title='bbox 2505 4747 2609 4795; x_wconf 77' lang='grc' dir='ltr'><strong>τῶν</strong></span> <span class='ocrx_word' id='word_1_784' title='bbox 2639 4747 2774 4797; x_wconf 79' lang='grc' dir='ltr'>νεῶν</span> <span class='ocrx_word' id='word_1_785' title='bbox 2825 4745 3010 4819; x_wconf 64' lang='grc' dir='ltr'>χρνῖνῳ</span> <span class='ocrx_word' id='word_1_786' title='bbox 3058 4750 3346 4819; x_wconf 79' lang='grc' dir='ltr'>πονήσασι,</span> <span class='ocrx_word' id='word_1_787' title='bbox 3379 4751 3469 4804; x_wconf 68' lang='grc' dir='ltr'><strong>καὶ</strong></span> <span class='ocrx_word' id='word_1_788' title='bbox 3521 4739 3716 4812; x_wconf 71' lang='grc' dir='ltr'>ἄλλοις</span> <span class='ocrx_word' id='word_1_789' title='bbox 3745 4748 3832 4820; x_wconf 71' lang='grc' dir='ltr'>δη·</span> 
     </span>
    </p>
   </div>
   <div class='ocr_carea' id='block_1_105' title="bbox 2201 4830 3826 4917">
    <p class='ocr_par' dir='ltr' id='par_1_105' title="bbox 2201 4830 3826 4917">
     <span class='ocr_line' id='line_1_107' title="bbox 2201 4830 3826 4917; baseline 0.009 -31"><span class='ocrx_word' id='word_1_790' title='bbox 2201 4833 2413 4905; x_wconf 73' lang='grc' dir='ltr'>μοσὲοις</span> <span class='ocrx_word' id='word_1_791' title='bbox 2462 4830 2659 4908; x_wconf 68' lang='grc' dir='ltr'>ἔργοις,</span> <span class='ocrx_word' id='word_1_792' title='bbox 2701 4839 2787 4890; x_wconf 77' lang='grc' dir='ltr'><strong>καὶ</strong></span> <span class='ocrx_word' id='word_1_793' title='bbox 2836 4839 2940 4912; x_wconf 73' lang='grc' dir='ltr'>πρὸ</span> <span class='ocrx_word' id='word_1_794' title='bbox 3002 4839 3210 4894; x_wconf 72' lang='grc' dir='ltr'>πάντων</span> <span class='ocrx_word' id='word_1_795' title='bbox 3268 4846 3346 4913; x_wconf 78' lang='grc' dir='ltr'>τῷ</span> <span class='ocrx_word' id='word_1_796' title='bbox 3400 4839 3685 4917; x_wconf 73' lang='grc' dir='ltr'>περιϐόλῳ</span> <span class='ocrx_word' id='word_1_797' title='bbox 3733 4850 3826 4913; x_wconf 75' lang='grc' dir='ltr'>τῆς</span> 
     </span>
    </p>
   </div>
   <div class='ocr_carea' id='block_1_106' title="bbox 2195 4921 3828 5008">
    <p class='ocr_par' dir='ltr' id='par_1_106' title="bbox 2195 4921 3828 5008">
     <span class='ocr_line' id='line_1_108' title="bbox 2195 4921 3828 5008; baseline 0.006 -33"><span class='ocrx_word' id='word_1_798' title='bbox 2195 4921 2518 4992; x_wconf 75' lang='grc' dir='ltr'>πόλεως,τὸ</span> <span class='ocrx_word' id='word_1_799' title='bbox 2574 4925 2767 4998; x_wconf 76' lang='grc' dir='ltr'>κράτος</span> <span class='ocrx_word' id='word_1_800' title='bbox 2827 4925 2886 4980; x_wconf 83' lang='grc' dir='ltr'>ἐκ</span> <span class='ocrx_word' id='word_1_801' title='bbox 2922 4933 3125 5004; x_wconf 81' lang='grc' dir='ltr'>τειχῶν</span> <span class='ocrx_word' id='word_1_802' title='bbox 3173 4928 3548 5004; x_wconf 75' lang='grc' dir='ltr'>ἀδαμαντίνων</span> <span class='ocrx_word' id='word_1_803' title='bbox 3590 4929 3828 5008; x_wconf 67' lang='grc' dir='ltr'>περιεϐέ-</span> 
     </span>
    </p>
   </div>
   <div class='ocr_carea' id='block_1_107' title="bbox 2198 5008 3822 5098">
    <p class='ocr_par' dir='ltr' id='par_1_107' title="bbox 2198 5008 3822 5098">
     <span class='ocr_line' id='line_1_109' title="bbox 2198 5008 3822 5098; baseline 0.007 -34"><span class='ocrx_word' id='word_1_804' title='bbox 2198 5008 2318 5078; x_wconf 83' lang='grc' dir='ltr'>λου,</span> <span class='ocrx_word' id='word_1_805' title='bbox 2352 5011 2538 5084; x_wconf 81' lang='grc' dir='ltr'>ἄριστα</span> <span class='ocrx_word' id='word_1_806' title='bbox 2576 5014 2664 5068; x_wconf 74' lang='grc' dir='ltr'><strong>καὶ</strong></span> <span class='ocrx_word' id='word_1_807' title='bbox 2726 5016 2797 5076; x_wconf 83' lang='grc' dir='ltr'><strong>ὡς</strong></span> <span class='ocrx_word' id='word_1_808' title='bbox 2851 5018 3032 5094; x_wconf 80' lang='grc' dir='ltr'>χρεών</span> <span class='ocrx_word' id='word_1_809' title='bbox 3089 5039 3153 5095; x_wconf 87' lang='grc' dir='ltr'><strong>γε</strong></span> <span class='ocrx_word' id='word_1_810' title='bbox 3203 5018 3268 5087; x_wconf 78' lang='grc' dir='ltr'>ἦν</span> <span class='ocrx_word' id='word_1_811' title='bbox 3317 5019 3822 5098; x_wconf 64' lang='grc' dir='ltr'>ἐξασφαλισάμενος,</span> 
     </span>
    </p>
   </div>
   <div class='ocr_carea' id='block_1_108' title="bbox 2195 5098 3821 5182">
    <p class='ocr_par' dir='ltr' id='par_1_108' title="bbox 2195 5098 3821 5182">
     <span class='ocr_line' id='line_1_110' title="bbox 2195 5098 3821 5182; baseline 0.005 -28"><span class='ocrx_word' id='word_1_812' title='bbox 2195 5100 2224 5154; x_wconf 83' lang='grc' dir='ltr'><strong>’ὀ</strong></span> <span class='ocrx_word' id='word_1_813' title='bbox 2255 5101 2341 5153; x_wconf 74' lang='grc' dir='ltr'><strong>καὶ</strong></span> <span class='ocrx_word' id='word_1_814' title='bbox 2393 5098 2549 5156; x_wconf 77' lang='grc' dir='ltr'>δίεισι</span> <span class='ocrx_word' id='word_1_815' title='bbox 2599 5101 2786 5176; x_wconf 63' lang='grc' dir='ltr'>κύκλῳ</span> <span class='ocrx_word' id='word_1_816' title='bbox 2831 5107 2928 5175; x_wconf 73' lang='grc' dir='ltr'><strong>τήν</strong></span> <span class='ocrx_word' id='word_1_817' title='bbox 2981 5106 3144 5162; x_wconf 81' lang='grc' dir='ltr'>πόλιν</span> <span class='ocrx_word' id='word_1_818' title='bbox 3177 5108 3512 5182; x_wconf 80' lang='grc' dir='ltr'>ἰχνηλατσῦν</span> <span class='ocrx_word' id='word_1_819' title='bbox 3543 5111 3821 5182; x_wconf 82' lang='grc' dir='ltr'>νεάζουσαν</span> 
     </span>
    </p>
   </div>
   <div class='ocr_carea' id='block_1_109' title="bbox 2197 5185 3819 5272">
    <p class='ocr_par' dir='ltr' id='par_1_109' title="bbox 2197 5185 3819 5272">
     <span class='ocr_line' id='line_1_111' title="bbox 2197 5185 3819 5272; baseline 0.006 -30"><span class='ocrx_word' id='word_1_820' title='bbox 2197 5185 2356 5258; x_wconf 80' lang='grc' dir='ltr'>δῆθεν</span> <span class='ocrx_word' id='word_1_821' title='bbox 2407 5191 2494 5244; x_wconf 78' lang='grc' dir='ltr'><strong>καὶ</strong></span> <span class='ocrx_word' id='word_1_822' title='bbox 2545 5187 2764 5261; x_wconf 66' lang='grc' dir='ltr'>ἡὲῶσαν</span> <span class='ocrx_word' id='word_1_823' title='bbox 2813 5191 2872 5248; x_wconf 80' lang='grc' dir='ltr'>ἐκ</span> <span class='ocrx_word' id='word_1_824' title='bbox 2919 5197 3283 5272; x_wconf 87' lang='grc' dir='ltr'>γεγηρακυίας</span> <span class='ocrx_word' id='word_1_825' title='bbox 3313 5196 3819 5268; x_wconf 79' lang='grc' dir='ltr'>ἀποδεικνύον,ἐπι-</span> 
     </span>
    </p>
   </div>
   <div class='ocr_carea' id='block_1_110' title="bbox 2196 5277 3819 5363">
    <p class='ocr_par' dir='ltr' id='par_1_110' title="bbox 2196 5277 3819 5363">
     <span class='ocr_line' id='line_1_112' title="bbox 2196 5277 3819 5363; baseline 0.007 -32"><span class='ocrx_word' id='word_1_826' title='bbox 2196 5277 2371 5352; x_wconf 76' lang='grc' dir='ltr'>λείψει</span> <span class='ocrx_word' id='word_1_827' title='bbox 2425 5301 2490 5352; x_wconf 86' lang='grc' dir='ltr'><strong>με</strong></span> <span class='ocrx_word' id='word_1_828' title='bbox 2539 5283 2625 5335; x_wconf 77' lang='grc' dir='ltr'><strong>καὶ</strong></span> <span class='ocrx_word' id='word_1_829' title='bbox 2685 5283 2884 5360; x_wconf 82' lang='grc' dir='ltr'>χρόνος</span> <span class='ocrx_word' id='word_1_830' title='bbox 2943 5282 3380 5360; x_wconf 63' lang='grc' dir='ltr'>ἐκδιηγούμενοι).</span> <span class='ocrx_word' id='word_1_831' title='bbox 3431 5286 3672 5363; x_wconf 78' lang='grc' dir='ltr'>Ἀψευδῆ</span> <span class='ocrx_word' id='word_1_832' title='bbox 3734 5308 3819 5361; x_wconf 88' lang='grc' dir='ltr'><strong>μοι</strong></span> 
     </span>
    </p>
   </div>
   <div class='ocr_carea' id='block_1_111' title="bbox 2195 5366 3815 5454">
    <p class='ocr_par' dir='ltr' id='par_1_111' title="bbox 2195 5366 3815 5454">
     <span class='ocr_line' id='line_1_113' title="bbox 2195 5366 3815 5454; baseline 0.006 -32"><span class='ocrx_word' id='word_1_833' title='bbox 2195 5369 2286 5422; x_wconf 83' lang='grc' dir='ltr'>τὸν</span> <span class='ocrx_word' id='word_1_834' title='bbox 2319 5366 2481 5442; x_wconf 87' lang='grc' dir='ltr'>λόγον</span> <span class='ocrx_word' id='word_1_835' title='bbox 2515 5376 2773 5444; x_wconf 81' lang='grc' dir='ltr'>παριστᾷν</span> <span class='ocrx_word' id='word_1_836' title='bbox 2811 5370 3032 5448; x_wconf 84' lang='grc' dir='ltr'>ἔχουσιν</span> <span class='ocrx_word' id='word_1_837' title='bbox 3063 5373 3114 5428; x_wconf 64' lang='grc' dir='ltr'>οἵ</span> <span class='ocrx_word' id='word_1_838' title='bbox 3142 5396 3199 5430; x_wconf 93' lang='grc' dir='ltr'><strong>τε</strong></span> <span class='ocrx_word' id='word_1_839' title='bbox 3226 5377 3360 5432; x_wconf 81' lang='grc' dir='ltr'>θεῖοι</span> <span class='ocrx_word' id='word_1_840' title='bbox 3390 5377 3481 5432; x_wconf 77' lang='grc' dir='ltr'><strong>καὶ</strong></span> <span class='ocrx_word' id='word_1_841' title='bbox 3527 5377 3690 5454; x_wconf 72' lang='grc' dir='ltr'>ἄμφω</span> <span class='ocrx_word' id='word_1_842' title='bbox 3717 5381 3815 5432; x_wconf 83' lang='grc' dir='ltr'><strong>τῶν</strong></span> 
     </span>
    </p>
   </div>
   <div class='ocr_carea' id='block_1_112' title="bbox 2197 5570 3814 5648">
    <p class='ocr_par' dir='ltr' id='par_1_112' title="bbox 2197 5570 3814 5648">
     <span class='ocr_line' id='line_1_114' title="bbox 2197 5570 3814 5648; baseline 0.007 -25"><span class='ocrx_word' id='word_1_843' title='bbox 2197 5570 2566 5627; x_wconf 71' lang='lat' dir='ltr'><strong>continenlis.</strong></span> <span class='ocrx_word' id='word_1_844' title='bbox 2612 5573 2772 5648; x_wconf 74' lang='lat' dir='ltr'><strong>Quod</strong></span> <span class='ocrx_word' id='word_1_845' title='bbox 2823 5577 3153 5648; x_wconf 81' lang='lat' dir='ltr'><strong>symbolum</strong></span> <span class='ocrx_word' id='word_1_846' title='bbox 3200 5586 3290 5636; x_wconf 89' lang='lat' dir='ltr'><strong>est</strong></span> <span class='ocrx_word' id='word_1_847' title='bbox 3336 5581 3493 5636; x_wconf 85' lang='lat' dir='ltr'><strong>orbis</strong></span> <span class='ocrx_word' id='word_1_848' title='bbox 3543 5588 3814 5638; x_wconf 88' lang='lat' dir='ltr'><strong>terrarum</strong></span> 
     </span>
    </p>
   </div>
   <div class='ocr_carea' id='block_1_113' title="bbox 2199 5646 2818 5712">
    <p class='ocr_par' dir='ltr' id='par_1_113' title="bbox 2199 5646 2818 5712">
     <span class='ocr_line' id='line_1_115' title="bbox 2199 5646 2818 5712; baseline 0.011 -17"><span class='ocrx_word' id='word_1_849' title='bbox 2199 5656 2301 5712; x_wconf 84' lang='lat' dir='ltr'><strong>per</strong></span> <span class='ocrx_word' id='word_1_850' title='bbox 2327 5657 2559 5702; x_wconf 85' lang='lat' dir='ltr'><strong>crucem</strong></span> <span class='ocrx_word' id='word_1_851' title='bbox 2594 5646 2818 5702; x_wconf 83' lang='lat' dir='ltr'><strong>devicti.</strong></span> 
     </span>
    </p>
   </div>
  </div>
