4096 6284
267 377 394 442 585

1718 462 1721 465 δ
1753 377 2198 450 DEDICATIO.

3570 389 3687 451 586

268 512 600 568 ἀποστόλων
632 515 761 587 νεῲ,
792 514 880 568 καὶ
912 514 941 567 ὁ
979 516 1059 584 τῷ
1088 512 1326 585 οὐρανίῳ
1354 509 1553 568 κάλλει
1574 508 1922 584 ἀνθαμιλλώ.

2053 523 2089 571 ιι
2126 516 2227 572 Dei
2278 518 2567 575 Gentricis
2617 521 2764 576 ardes
2800 537 2932 578 cum
2977 523 3194 580 scelesti
3249 524 3684 593 pulchritudine

276 622 447 674 μενος
506 602 657 662 οἶκος
715 609 815 667 τῆς
882 603 1251 675 Θεομήτορος,
1307 600 1614 679 Βλαχέονας
1671 598 1926 655 καλοῦσιν

272 690 441 746 αὐτὸν
472 693 525 745 οἱ
572 691 870 761 Βυζάντιοι,
903 690 993 746 καὶ
1042 687 1241 766 σχεδὸν
1290 691 1343 744 οἱ
1390 696 1490 758 τῆς
1518 689 1733 750 πόλεως
1756 690 1927 744 ἅπαν-

270 777 502 843 togati
550 783 647 833 σοῦ
683 779 770 834 καί
816 778 904 834 διὰ
952 783 1048 834 σοῦ
1096 778 1172 834 εἷς
1223 778 1452 855 μέγεθός
1493 798 1552 833 τε
1589 779 1679 832 καὶ
1718 777 1924 841 κάλλος

274 868 521 944 ἆρῥητον
569 869 889 944 ὲγιρθὲντες,
934 871 1021 923 καὶ
1068 869 1367 941 μονονουχὶ
1428 870 1610 943 φωνὴν
1662 866 1924 940 ἀφιέντες,

274 960 374 1015 καὶ
431 960 493 1013 τὸ
550 959 639 1013 σὸν
694 958 942 1035 θεοφιλὲς
997 965 1097 1026 τῆς
1151 978 1209 1012 τε
1247 958 1480 1019 πίστεως
1526 957 1617 1011 καὶ
1664 957 1835 1011 πόθου
1866 957 1927 1011 τὸ

278 1050 573 1128 ἀκραιφνὲς
622 1046 923 1122 διαῤῥήδην
986 1049 1366 1122 κηρύττοντες,
1407 1048 1496 1101 καὶ
1545 1041 1624 1101 ἔτι
1666 1048 1930 1120 κηρύξον-

276 1160 393 1203 τες.
430 1141 516 1195 Ἐν
567 1140 650 1200 οἷς
704 1140 868 1193 ἅπασι
918 1137 1185 1211 θαυμάσοι
1239 1136 1333 1211 μὲν
1384 1158 1465 1199 τις
1512 1138 1575 1191 τὸ
1616 1136 1810 1212 ἐσαγαν
1844 1156 1927 1190 σοι

283 1225 709 1302 μεγαλόψυχον,
738 1228 829 1280 καὶ
859 1226 922 1280 τὸ
950 1233 1050 1294 τῆς
1089 1222 1332 1295 δαπάνης
1382 1226 1637 1300 ἄφθονον,
1693 1222 1930 1295 μάλιστα

282 1314 336 1371 δ’
366 1316 419 1372 ἐν
452 1316 686 1391 τοσαύτῃ
717 1314 1010 1393 φιλοτιμίᾳ
1048 1314 1111 1368 τὸ
1158 1312 1488 1389 ἀφιλότιμον
1538 1313 1630 1367 καὶ
1678 1311 1931 1384 ἀκόμπα-

276 1426 432 1462 στον.
491 1405 641 1460 Ἐνὸν
699 1404 806 1480 γὰρ
853 1401 967 1474 ἰδίᾳ
1017 1403 1293 1476 πράττειν,
1358 1402 1433 1464 ὡς
1490 1402 1580 1456 καὶ
1666 1402 1928 1477 ὑπερφυὲς

283 1494 468 1551 δοκεῖν
516 1491 765 1557 ἕκαστον.
812 1492 875 1547 σὺ
915 1490 973 1547 δὲ
1027 1494 1089 1547 τὸ
1134 1490 1304 1547 καλὸν
1351 1496 1430 1562 τῷ
1458 1492 1610 1546 πάντ’
1642 1487 1809 1545 εἲδότι
1839 1489 1930 1544 καὶ

284 1585 364 1646 εἷς
410 1585 574 1658 βάθος
625 1580 851 1657 καρδίας
900 1584 1094 1655 ὁρῶντι
1143 1581 1430 1649 ἀνατιθεὶς,
1476 1580 1559 1634 ἐπ’
1606 1577 1792 1635 ἄλλων
1843 1578 1932 1649 ἔρ-

280 1695 406 1749 γοις
457 1672 669 1745 μᾶλλον
711 1675 772 1727 τὸ
820 1671 1117 1750 φιλότιμον
1162 1669 1419 1737 ἐκκενοῖς,
1458 1671 1550 1725 τὸν
1593 1669 1935 1746 ὑποτυφόμε-

280 1785 377 1819 νον
424 1761 660 1818 ἒντεῦθεν
707 1762 889 1837 ἡρέμα
915 1782 1104 1839 τυφον,
1136 1760 1289 1833 οἶμαί
1322 1780 1452 1829 που,
1484 1760 1773 1830 σοφώτατα
1795 1758 1933 1813 διω-

281 1852 572 1925 θούμενος.
606 1851 707 1907 Καὶ
755 1854 856 1926 γὰρ
907 1847 954 1904 ε⁹ί
998 1850 1081 1913 τίς
1111 1871 1206 1904 σου
1253 1850 1319 1903 τὰ
1355 1849 1493 1903 κατὰ
1533 1851 1697 1923 μέρος
1729 1849 1882 1923 εἱργα
1916 1868 1929 1880 ’

282 1946 457 2019 σμὲντ
511 1949 630 2004 τοῖς
683 1941 955 2003 τοιούτοις
1011 1941 1087 2003 εἷς
1149 1940 1204 1996 ’ἐν
1275 1939 1566 2014 ἀθροίσειε,
1616 1940 1818 1998 πάντας
1884 1937 1936 1992 ἒν

285 2032 532 2105 δευτέρῳ
563 2035 744 2101 θήσοι,
777 2032 898 2086 ὅσοι
937 2029 1004 2097 δή
1048 2030 1268 2091 τούτοις
1305 2030 1369 2084 τὸ
1399 2028 1693 2105 φιλότιμον
1728 2026 1934 2082 ἐπεδεί-

286 2127 469 2196 ξαντο,
502 2122 568 2178 Εἰ
600 2119 657 2176 δὲ
686 2122 804 2196 χρὴ
856 2120 947 2174 καί
989 2140 1041 2174 τι
1083 2117 1282 2191 δεῖγμα
1333 2125 1436 2186 τῆς
1481 2123 1581 2186 σῆς
1631 2118 1938 2192 μεγαλοψυ-

282 2212 420 2290 χίας
474 2211 668 2280 εἰπεῖν,
716 2211 944 2264 ἀνεῖσθω
991 2215 1150 2263 πᾶσιν
1206 2207 1282 2267 εἰς
1341 2206 1466 2280 ὄψιν
1507 2205 1689 2281 (λόγῳ
1733 2206 1837 2279 γὰρ
1873 2207 1936 2260 τὸ

282 2309 386 2369 τῆς
438 2297 801 2361 πολυτελείας
828 2296 919 2352 καὶ
970 2294 1213 2364 δαπάνης
1242 2294 1442 2372 φράσαι
1480 2295 1787 2368 ἀμήχανον)
1816 2294 1846 2348 ’ὀ
1877 2292 1937 2348 ἐκ

282 2395 385 2447 τοῦ
440 2391 792 2463 παρήκοντος
853 2386 1151 2460 ἀνάκτορον
1200 2387 1447 2460 ἤγειρας,
1495 2384 1645 2448 ὅπως
1690 2385 1785 2456 μὶν
1842 2383 1937 2438 et-

278 2501 444 2546 σεως,
474 2478 631 2538 ὅπως
690 2475 748 2531 δὲ
796 2477 886 2531 καὶ
937 2475 1314 2550 στερρότητος,
1367 2474 1615 2534 κάλλους
1658 2477 1709 2527 τ’
1738 2474 1932 2546 ἑσάγαν

283 2568 608 2641 ἑπιμελοῦς,
659 2567 733 2626 ὡς
782 2565 926 2625 εἰκὸς
979 2559 1120 2638 ἔχει,
1150 2566 1298 2633 ἄξιον
1336 2563 1557 2633 ἀληθῶς
1585 2565 1683 2630 τῆς
1727 2568 1826 2629 σῆς
1846 2562 1935 2616 καὶ

287 2660 479 2736 φρενὸς
503 2658 595 2712 καί
638 2656 920 2731 γλώττης,
951 2655 1087 2709 ε’ίπω
1139 2654 1187 2709 δ’
1217 2655 1302 2709 δτι
1331 2654 1421 2709 καὶ
1461 2655 1651 2733 χειρὸς
1690 2653 1778 2708 καὶ
1810 2674 1936 2707 συν-

294 2750 462 2807 tosto:
517 2743 671 2820 ἔργον
711 2765 723 2776 ·
781 2746 914 2816 πρὸς
967 2742 1024 2797 δὲ
1071 2744 1156 2797 καὶ
1209 2744 1266 2797 ὂν
1313 2745 1594 2817 τέσσαρσιν
1647 2739 1937 2813 ἀνίδρυσας

300 2834 479 2890 κίοσιν
526 2834 779 2908 ὕπαιθρον
829 2833 1045 2910 ὄροφον,
1079 2834 1253 2905 θέαμα
1300 2833 1472 2909 λόγου
1520 2831 1737 2888 πολλοῦ
1766 2832 1938 2904 ἄξιον,

306 2925 382 2985 ὡς
434 2922 493 2978 ἂν
531 2925 618 2979 οἷά
663 2945 748 2985 τις
806 2923 1018 3003 φύσεως
1076 2922 1370 2997 ύπερτέρας
1420 2922 1745 2996 προκόπτων
1804 2920 1940 2976 ἄνω-

302 3015 412 3081 θεν,
460 3016 608 3086 ἡμᾶς
658 3011 921 3086 διορῷης,
980 3013 1107 3068 Θεὸν
1166 3010 1261 3066 κᾶν
1316 3010 1494 3085 τούτῳ
1570 3011 1937 3085 μιμούμενος,

294 3100 472 3174 οἴκτῳ
530 3103 913 3181 χρηστότητος
978 3102 1282 3176 ἀνθρώποις
1339 3100 1785 3173 ἐπιμιγνύμενον.
1841 3100 1939 3156 Καὶ

288 3192 343 3248 τί
377 3192 481 3269 γὰρ
510 3190 724 3266 μᾶλλον
758 3186 863 3246 ἔδει
915 3190 1140 3266 βασιλέα
1188 3210 1246 3245 σε
1290 3190 1558 3264 βασιλὲων
1610 3192 1773 3266 μὲγαν
1805 3193 1937 3246 καθ-

2035 607 2308 675 certansi,
2366 625 2543 680 quam
2594 612 2858 682 Byzantii
2920 612 3277 670 Blschernas
3331 620 3564 679 vocant.
3624 621 3686 672 et

2035 709 2215 766 prope
2246 698 2406 752 urbis
2431 697 2619 769 ipsius
2650 701 2785 755 fana
2804 703 3023 768 omnia,
3057 704 3166 758 sub
3190 708 3246 757 te
3298 708 3356 759 et
3400 721 3499 774 per
3526 710 3582 760 te
3613 706 3683 761 ad

2036 785 2383 840 immensam
2421 787 2880 857 magnitudinem
2912 794 2970 844 et
3023 791 3267 846 formam
3299 793 3568 860 excitata,
3626 798 3687 849 et

2035 877 2264 929 tantum
2298 890 2411 929 non
2444 874 2601 931 clara
2631 892 2764 933 voce
2795 878 3087 935 sincerum
3115 880 3681 948 desiderium,ﬂdem

2037 967 2094 1016 et
2141 978 2394 1018 amorem
2452 978 2590 1035 erga
2647 970 2828 1021 Deum
2884 971 3077 1032 tuum,
3127 984 3455 1039 praconum
3501 986 3679 1041 more,

2037 1051 2511 1122 depraadicantia,
2545 1054 3030 1127 temporibusque
3068 1056 3280 1113 futuris
3321 1059 3681 1128 deprmdica-

2037 1144 2189 1194 tura.
2236 1140 2298 1195 In
2348 1142 2560 1210 quibus
2598 1143 2873 1199 omnibus
2922 1145 3129 1200 merito
3180 1147 3545 1203 admirationi
3603 1148 3681 1203 sit

2038 1228 2217 1282 animi
2247 1230 2329 1283 tui
2366 1230 2730 1299 magnitudo,
2760 1238 3059 1305 tantaeque
3081 1235 3340 1305 pecuniae
3368 1237 3633 1305 impensa
3664 1252 3678 1291 :

2041 1317 2359 1386 praesertim
2391 1334 2527 1373 cum
2564 1319 2618 1373 in
2651 1325 2808 1375 tanta
2849 1322 3248 1379 muniﬁcentia
3286 1330 3385 1380 tua
3424 1324 3677 1381 liberali-
3756 1382 3759 1389 ,

2037 1407 2275 1477 tasipsa
2305 1423 2368 1462 se
2398 1425 2512 1462 non
2547 1410 2794 1478 proferat
2816 1415 2874 1466 et
2899 1412 3173 1468 venditat.
3225 1414 3365 1469 Cum
3427 1431 3680 1484 namque

2040 1495 2286 1565 tuaipse
2306 1511 2500 1566 opera,
2527 1497 2610 1551 ita
2649 1505 2714 1552 ut
2762 1499 3060 1566 quodlibet
3105 1500 3339 1557 illorum
3392 1503 3683 1560 excellen-

2042 1585 2341 1639 tissimum
2374 1590 2548 1655 esset,
2604 1592 2897 1642 exstruere
2932 1605 3128 1661 posses
3180 1592 3439 1647 maluisti
3487 1597 3683 1648 tamen

2042 1674 2354 1730 honestum
2414 1676 2633 1731 factum
2662 1683 2813 1744 tum,
2854 1677 2905 1732 ei
2954 1679 3050 1748 qui
3101 1681 3297 1735 omnia
3337 1681 3525 1736 cernit
3588 1685 3688 1737 in-

2046 1763 2333 1833 timosque
2372 1765 2633 1819 cordium
2678 1781 2942 1821 recessus
2990 1768 3289 1838 perspicit,
3320 1782 3687 1835 consecrans,

2044 1852 2103 1908 in
2136 1852 2382 1909 aliorum
2413 1854 2687 1924 operibus
2714 1856 3115 1913 restaurandis
3145 1857 3519 1930 magniﬁcam
3552 1857 3696 1915 lihe-

2045 1942 2331 1997 rnlitatem
2364 1942 2699 2007 declarare;
2742 1944 3192 2001 subnascentem
3232 1947 3369 2002 inde
3409 1946 3684 2011 paulatim

2047 2032 2260 2086 fastum
2307 2038 2362 2085 et
2398 2037 2713 2099 tumorem,
2745 2037 2809 2087 ut
2843 2035 3114 2104 equidem
3165 2041 3329 2106 puto,
3363 2037 3687 2106 sapientis-

2045 2119 2193 2176 sime
2222 2120 2620 2191 supprimens.
2655 2121 2883 2176 Etenim
2928 2122 2977 2177 si
3012 2124 3145 2193 quis
3185 2139 3289 2195 per
3317 2128 3512 2194 partes
3550 2140 3689 2180 suas

2045 2208 2342 2281 sigillatim
2382 2225 2515 2281 qum
2568 2210 2629 2264 in
2686 2211 2970 2280 ejusmodi
3030 2214 3343 2269 structuris
3392 2214 3685 2284 perfecisti

2044 2315 2219 2370 opera
2248 2301 2307 2354 in
2341 2315 2520 2354 unum
2553 2300 2856 2355 cumulum
2916 2307 3211 2372 congerat,
3271 2318 3475 2359 omnes
3516 2302 3685 2376 longe

2047 2394 2179 2460 post
2211 2396 2262 2444 te
2292 2388 2611 2459 relinquas,
2636 2389 2736 2461 qui
2780 2391 3242 2446 muniﬁcentiam
3277 2408 3446 2447 suam
3507 2392 3566 2448 in
3604 2394 3688 2448 eis

2047 2478 2441 2533 ostenderunt.
2476 2478 2635 2541 Quod
2673 2480 2718 2533 si
2749 2478 3042 2550 specimen
3091 2480 3322 2552 aliquod
3384 2482 3695 2552 magnani-

2049 2566 2270 2621 mitatis
2292 2572 2405 2621 tum
2449 2568 2523 2621 sit
2570 2568 2974 2634 indicandum,
3034 2569 3091 2623 in
3138 2575 3517 2641 conspectum
3564 2586 3692 2625 om-

2047 2654 2205 2710 nium
2258 2654 2584 2725 proferatur
2621 2655 2904 2725 (oratione
2957 2658 3114 2712 enim
3172 2659 3570 2728 praetentiam
3632 2664 3689 2714 et

2049 2745 2377 2812 impensam
2428 2745 2774 2800 immensam
2806 2746 3096 2816 explicare
3128 2761 3238 2801 non
3283 2748 3397 2819 est)
3426 2748 3582 2818 regia
3601 2764 3689 2817 ea,

2051 2847 2218 2903 quam
2244 2848 2346 2902 pro
2376 2849 2443 2888 eo
2472 2838 2649 2904 atque
2697 2834 2823 2889 ﬂeri
2864 2835 3117 2891 maxime
3146 2835 3332 2905 potuit
3361 2834 3687 2897 aediﬁcasti,

2051 2928 2116 2978 ut
2144 2922 2368 2979 scilicet
2401 2922 2502 2979 illa
2520 2929 2577 2978 et
2606 2923 2716 2979 loci
2750 2923 2938 2995 ipsius
2974 2924 3094 2981 situ
3124 2931 3183 2981 et
3217 2924 3400 2982 solida
3423 2926 3702 2983 ﬁrmitate

2050 3028 2156 3069 nec
2204 3028 2319 3068 non
2348 3018 2548 3069 exacta
2572 3013 3029 3084 pulchritudine.
3054 3015 3136 3070 ita
3165 3020 3231 3070 ut
3247 3016 3539 3082 convenit,
3566 3031 3703 3071 cou-

2049 3103 2249 3172 spicua
2281 3101 2358 3158 sit
2389 3122 2403 3170 ;
2437 3104 2703 3173 dignum,
2738 3119 2841 3158 nec
2873 3103 3127 3172 hercule,
3162 3114 3354 3160 mente
3384 3112 3437 3159 et
3470 3102 3695 3176 lingua,

2052 3191 2240 3246 dicam
2301 3207 2532 3263 quoque
2564 3208 2738 3246 manu
2766 3197 2823 3248 et
2854 3193 3161 3262 prudentia
3208 3197 3327 3258 tua,
3380 3209 3553 3264 opus.
3610 3193 3699 3250 Ad

285 3281 580 3350 εστηκότα,
613 3280 648 3348 ἢ
699 3279 790 3334 τὸν
843 3278 1117 3354 βασίλειον
1166 3279 1310 3333 οἶκον
1359 3275 1503 3332 τόνδ’
1533 3278 1932 3349 ἆναστῆσαι,’ὀν

2053 3279 2166 3336 haec
2196 3286 2252 3337 et
2276 3261 2708 3351 quodrquatuor
2737 3261 3025 3338 columnis
3053 3283 3307 3339 fundasti
3330 3287 3388 3337 et
3415 3261 3692 3355 tanquam

292 3368 355 3424 οὗ
390 3368 477 3423 σοὶ
507 3370 722 3430 πάντως
756 3368 792 3436 ἢ
840 3372 1000 3422 πᾶσιν
1051 3369 1186 3438 ἡμῖν
1233 3364 1460 3440 ἤγειρας
1507 3363 1663 3441 ἔργον
1697 3367 1758 3421 οὐ
1816 3389 1937 3422 σιω-

288 3466 404 3528 πῆς
452 3457 601 3528 ἄξιον
634 3478 645 3489 ·
685 3456 901 3531 μᾶλλον
959 3453 1017 3511 δὶ
1074 3457 1162 3511 καὶ
1210 3460 1359 3531 σιγᾷν
1405 3455 1689 3530 ἐπιτρέπον
1735 3462 1815 3528 τῷ
1844 3461 1939 3512 τοῦ

293 3547 578 3619 θαύματος
612 3540 1036 3619 ὑπερϐάλλοντι,
1065 3546 1151 3601 καὶ
1176 3550 1294 3605 ταῖς
1322 3550 1421 3599 τοῦ
1460 3543 1700 3607 κάλλους
1748 3545 1940 3617 ἀστρα-

295 3642 427 3697 παῖς
468 3637 784 3709 ἁπανταχοῦ
812 3635 949 3706 πρὸς
997 3634 1168 3709 τάχος
1216 3634 1342 3688 ὅσον
1385 3630 1762 3703 διεκπηδῶσαν
1796 3653 1810 3699 ;
1844 3641 1943 3688 Με-

297 3724 447 3804 γέθει
483 3727 577 3797 μὶν
621 3726 721 3799 γὰρ
753 3726 885 3800 ὑπὲρ
930 3724 1056 3787 τοὺς
1105 3724 1351 3788 πολλούς
1377 3723 1510 3792 ἐστι,
1541 3722 1736 3779 κάλλει
1768 3721 1826 3778 δὲ
1854 3722 1944 3779 καί

300 3815 626 3892 στερρότητι
678 3813 872 3891 σχεδὸν
926 3816 1056 3888 ὑπὲρ
1116 3811 1375 3884 ἅπαντας,
1428 3813 1532 3869 ὑπὸ
1584 3813 1807 3887 μεγάλῳ
1853 3814 1942 3867 καὶ

298 3905 506 3978 πολλῷ
549 3926 630 3975 τῳ
678 3904 836 3980 φωτί,
868 3900 945 3959 ἔτι
997 3900 1054 3959 δὲ
1085 3903 1374 3978 περιουσίᾳ
1411 3901 1614 3976 αἵγλης
1643 3922 1944 3975 καταπρα-

300 3997 599 4069 πτόμενον,
659 3993 849 4048 πυλῶν
906 4014 963 4049 τε
1022 3995 1209 4068 χάρισι
1265 3993 1354 4047 καὶ
1414 3992 1766 4066 προπυλαίων
1817 3994 1944 4051 τοὺς

301 4086 558 4141 ἑκάστοτε
621 4083 943 4159 προσιόντας
1011 4083 1201 4137 ὡσανεὶ
1274 4086 1667 4156 προσυπαντῶν
1724 4104 1781 4137 τε
1835 4083 1948 4155 ἅμα

302 4173 656 4254 φιλοφρόνως
705 4174 795 4227 καὶ
845 4170 1183 4244 δεξιούμενον
1220 4191 1230 4201 ·
1264 4177 1380 4234 τοῖς
1428 4170 1474 4225 δ’
1518 4170 1667 4227 ἔνδον
1719 4169 1947 4246 δρόμοις

301 4266 396 4319 καὶ
452 4259 829 4336 περιδρόμοις,
863 4262 955 4321 οὓς
1010 4262 1192 4314 πιστοί
1248 4281 1387 4323 τινες
1434 4261 1645 4337 γίγασιν
1690 4259 1947 4332 ἐοικότες,

306 4352 358 4407 ἐν
389 4352 585 4425 κόσμῳ
629 4349 687 4405 δὲ
725 4351 814 4405 καὶ
866 4351 1157 4429 σωφρόνων
1207 4349 1396 4425 ἐφεξῆς
1442 4351 1623 4425 ἠρέμα
1676 4347 1952 4420 διεστηκό-

304 4462 418 4512 τες,
450 4441 539 4495 ἀπ’
590 4438 859 4507 ἀλλήλων
894 4437 1334 4513 διατειχίζουσιν,
1367 4441 1683 4514 ἁπανταχοῦ
1722 4446 1949 4513 χωρεῖν,

308 4530 402 4586 καὶ
441 4531 537 4590 τὰς
588 4525 741 4603 ὄψεις
788 4528 963 4597 ἐστεῷ
1009 4528 1471 4602 προορεπόμενον,
1522 4531 1591 4583 Τὸ
1635 4526 1681 4581 δ’
1727 4528 1950 4604 ἐπίχαρι

2049 3370 2252 3425 iulcris
2289 3370 2534 3425 ﬁrmasti
2568 3370 2869 3436 solarium,
2906 3372 3137 3443 insigne
3173 3388 3410 3441 prorsus
3458 3377 3698 3441 specta-

2047 3459 2265 3526 culum,
2300 3467 2361 3514 ut
2399 3476 2467 3514 ex
2497 3461 2798 3526 superiore
2842 3476 2909 3515 eo
2967 3459 3114 3527 loco,
3165 3466 3446 3533 tanquam
3499 3461 3691 3516 subli-

2053 3549 2252 3602 mioris
2312 3548 2619 3615 cujusdam
2666 3556 2882 3604 naturae
2940 3550 3034 3620 qui
3079 3550 3259 3619 spiam
3313 3549 3692 3621 prospiciens,

2052 3653 2159 3693 nos
2190 3637 2488 3708 respicias:
2524 3636 2705 3693 Deum
2730 3654 2960 3710 quoque
2992 3639 3097 3694 hac
3127 3638 3186 3693 in
3220 3643 3380 3710 parte
3410 3638 3692 3706 imitatus,

2056 3741 2155 3794 pro
2186 3724 2582 3780 misericordia
2608 3731 2664 3782 et
2689 3727 2948 3783 bonitate
2978 3744 3086 3782 sua
3126 3727 3462 3783 hominibus
3492 3743 3555 3784 se
3577 3726 3692 3783 im-

2057 3817 2415 3870 miscentem.
2458 3813 2562 3871 I8
2592 3815 2737 3870 Nam
2771 3817 2909 3883 quid
2952 3817 3140 3887 magis
3174 3817 3571 3882 conveniebat,
3612 3821 3692 3883 te,

2054 3904 2149 3974 qui
2183 3919 2430 3974 magnus
2461 3904 2787 3975 principum
2819 3904 3070 3960 aliorum
3096 3905 3365 3976 princeps
3397 3921 3481 3971 es,
3520 3922 3703 3977 quam

2056 3995 2272 4063 regiam
2306 3994 2459 4049 hanc
2491 3994 2732 4050 domum
2786 4000 3102 4063 exstruere,
3138 4012 3310 4067 quam
3357 4000 3418 4051 tu
3470 3996 3705 4067 quidem

2058 4098 2171 4137 non
2192 4081 2294 4136 tibi
2330 4084 2517 4153 magis
2546 4098 2721 4154 quam
2757 4084 2925 4140 nobis
2964 4085 3242 4141 omnibus
3282 4100 3522 4155 prorsus
3553 4086 3708 4141 exci-

2058 4171 2216 4238 tasti,
2249 4188 2395 4243 opus
2428 4173 2671 4228 minime
2693 4173 2917 4229 silentio
2939 4175 3186 4245 dignum
3223 4191 3237 4230 :
3271 4175 3390 4231 imo
3434 4175 3585 4246 quod
3620 4174 3710 4231 si-

2061 4261 2300 4317 lentium
2334 4262 2522 4332 potius
2582 4267 2815 4333 propter
2853 4263 3264 4319 admirationis
3307 4262 3706 4319 excellentiam

2061 4351 2446 4416 mandaverit,
2468 4356 2525 4406 et
2553 4351 3003 4419 pulchritudinis
3054 4353 3277 4423 fulgore
3321 4368 3496 4424 quam
3528 4351 3716 4408 celer-

2063 4440 2206 4494 rime
2236 4438 2361 4494 loca
2385 4440 2584 4494 omnia
2616 4442 2933 4511 pervaserit
2959 4441 2988 4495 ?
3030 4440 3429 4511 Magnitudine
3477 4441 3710 4510 quidem

2062 4527 2206 4583 illud
2239 4545 2415 4599 supra
2451 4528 2659 4593 multa,
2696 4530 2878 4586 forma
2909 4534 3106 4585 autem
3163 4536 3221 4585 et
3269 4529 3543 4585 ﬁrmitate
3600 4529 3719 4584 fere

308 4626 421 4677 τῶν
478 4620 776 4693 μαρμάςων
823 4616 918 4672 καὶ
959 4611 1206 4687 στίλϐον,
1247 4617 1279 4671 ἃ
1325 4619 1412 4671 καὶ
1464 4617 1516 4679 ἐς
1569 4619 1757 4692 τρίχα,
1788 4619 1852 4673 τὸ
1884 4616 1942 4685 δὴ

2061 4633 2238 4685 supra
2278 4618 2476 4672 omnia
2505 4627 2610 4681 est,
2642 4617 2865 4689 ingenti
2899 4624 2955 4673 et
2996 4617 3181 4673 multa
3229 4617 3358 4671 luce
3403 4616 3711 4672 abundau-

313 4709 632 4782 λεγόμενον,
675 4705 967 4780 ἥρμοσται,
1028 4706 1121 4768 τάς
1176 4727 1235 4761 τε
1292 4707 1486 4776 ζώνας,
1518 4707 1575 4760 αἳ
1623 4712 1724 4760 τοῦ
1760 4709 1954 4771 παντὸς

312 4797 477 4874 ἔργου
535 4791 945 4870 προϐέϐληνταί
999 4816 1057 4850 τε
1114 4796 1255 4867 ὁμοῦ
1321 4795 1410 4849 καὶ
1471 4794 1952 4870 συνεξυφαίνονται,

314 4891 434 4950 πῶς
462 4886 523 4941 ἄν
555 4908 640 4947 τις
671 4882 817 4940 εἴποι
855 4903 868 4951 ;
902 4886 969 4940 “Α
1000 4905 1056 4938 τε
1104 4888 1183 4955 τῷ
1229 4883 1411 4959 ἐδάφει
1461 4885 1820 4958 ὑπέστρωται,
1874 4885 1962 4940 καὶ

316 4977 452 5049 ἅπερ
484 4976 512 5029 ὁ
575 4974 798 5048 σύμπας
853 4978 963 5028 τῶν
1019 4974 1225 5046 τοίχων
1288 4978 1495 5048 χῶρος,
1529 4974 1619 5027 οἳά
1648 4994 1699 5027 τι
1757 4974 1965 5029 πέπλον

316 5063 589 5124 ποικίλως
649 5063 965 5139 ἐστιγμένον
1021 5062 1354 5137 ἀμπίσχεται
1404 5085 1417 5131 ;
1471 5063 1646 5133 Φαίης
1702 5062 1760 5117 ἂν
1813 5064 1965 5126 εὐθὺς

321 5151 476 5215 ἰδών,
511 5152 783 5207 θάλασσαν
844 5153 981 5206 εἶναι
1029 5152 1355 5227 πραοτάτοις
1404 5152 1723 5227 ἁπανταχοῦ
1764 5150 1964 5208 ὒποκυ-

322 5238 660 5317 μαινομένην
692 5248 807 5302 τοῖς
835 5242 1059 5313 κύμασι,
1093 5243 1179 5296 καὶ
1212 5241 1392 5316 ἠρέμα
1430 5262 1548 5302 τως
1586 5242 1915 5321 φρίσσουσαν
1949 5262 1961 5273 ·

322 5335 505 5405 ὥσπερ
537 5328 606 5398 δὴ
638 5331 727 5385 καὶ
760 5330 967 5386 πὲπλον
1026 5332 1312 5405 ὑπανέχειν
1375 5334 1589 5398 θᾶττον,
1627 5334 1701 5401 μή
1749 5353 1800 5385 τι
1857 5336 1964 5386 τῶν

324 5421 500 5495 ὑγρῶν
546 5419 614 5472 τὰ
662 5416 939 5493 κράσπεδα
995 5419 1362 5474 ἐπισπάσειαν.
1411 5422 1485 5474 Τὰ
1533 5417 1579 5474 δ’
1628 5420 1758 5493 ὑπὲρ
1811 5441 1969 5496 κεφα-

323 5508 426 5579 λῆς
456 5508 640 5579 τούτῳ
670 5507 883 5583 οὐρανῷ
912 5506 974 5563 ἂν
1016 5508 1255 5569 εἰκάσαις
1284 5512 1365 5581 τῷ
1393 5506 1594 5579 πολλῷ
1620 5510 1709 5563 καὶ
1740 5529 1968 5565 κατακε-

323 5595 553 5672 χυμένῳ
585 5600 800 5672 χρυσῷ,
833 5597 924 5651 οἷά
969 5616 1073 5650 τινι
1129 5595 1350 5670 αἰθερίῳ
1402 5598 1647 5671 χώματι,
1696 5596 1970 5671 περιλαμ-

319 5686 541 5761 πομένιρ
568 5688 660 5741 καὶ
689 5688 938 5742 ἀνθοῦντι
965 5685 1121 5761 πυρί.
1144 5685 1321 5743 ’Δλλὰ
1348 5691 1466 5749 πῶς
1498 5683 1560 5741 ἂν
1590 5685 1751 5761 λόγος
1780 5689 1970 5742 τοσοῦ-

646 5790 908 5852 ΡΑτεοι..
949 5791 1067 5873 Gn.
1114 5788 1338 5856 CXLV.

2064 4705 2261 4776 tiaque
2294 4705 2620 4775 splendoris
2652 4724 2985 4773 coruscans,
3031 4712 3452 4778 portarumque
3491 4709 3547 4761 et
3581 4721 3713 4776 pro-

2065 4795 2378 4863 pyieorum
2440 4812 2538 4850 seu
2573 4795 2981 4852 vestibulorum
3033 4794 3366 4851 amoenitate
3404 4802 3460 4849 et
3507 4792 3728 4866 gratia,

2074 4884 2539 4954 quandocunque
2593 4885 3025 4950 accedentibus,
3095 4884 3334 4939 obvians
3404 4881 3604 4951 simul,
3673 4885 3733 4938 et

2074 4986 2173 5026 eos
2233 4974 2481 5044 benigne
2520 4972 2833 5043 excipiens,
2881 4980 2938 5028 et
2985 4971 3486 5028 ambulationibus
3560 4971 3728 5027 intus

2076 5063 2252 5128 atque
2276 5062 2478 5131 xystis,
2504 5078 2650 5133 quos
2678 5060 2968 5117 columnm
2999 5061 3262 5133 quasdam
3288 5058 3625 5132 gigantibus
3656 5060 3728 5113 si-

2079 5149 2248 5204 miles
2279 5151 2553 5206 decenter
2582 5156 2637 5206 et
2697 5151 2936 5221 pulchre
2966 5152 3117 5205 inter
3148 5165 3210 5205 se
3245 5148 3449 5205 ordine
3501 5147 3733 5203 distan-

2076 5244 2188 5308 tes,
2223 5239 2614 5311 distinguunt,
2636 5241 2808 5310 longe
2832 5241 3063 5312 lateque
3094 5240 3352 5313 spatiari,
3385 5246 3558 5310 atque
3588 5253 3725 5295 ocu-

2079 5329 2167 5384 los
2205 5345 2438 5397 pascere
2486 5331 2850 5399 permittens.
2900 5331 3073 5386 Porro
3115 5327 3424 5384 marmoris
3479 5328 3731 5399 gratiam

2078 5426 2131 5475 et
2161 5416 2465 5490 fulgorem,
2500 5420 2651 5489 quod
2682 5418 2856 5475 etiam
2916 5419 2974 5474 in
3033 5417 3221 5489 villos,
3274 5426 3332 5472 ut
3389 5418 3469 5472 ita
3525 5415 3737 5483 dicam,

2080 5510 2504 5565 conformatum
2539 5515 2644 5577 est,
2677 5514 2733 5564 et
2751 5525 2930 5565 zonas
2958 5524 3063 5565 seu
3116 5508 3435 5573 cincturas,
3468 5521 3616 5569 quas
3644 5511 3739 5559 to-

2079 5602 2205 5652 tum
2235 5613 2383 5666 opus
2414 5612 2530 5667 prae
2558 5613 2621 5654 se
2646 5601 2775 5664 fert,
2823 5597 2874 5652 ei
2904 5596 3081 5651 simul
3133 5596 3404 5663 intextas,
3446 5592 3737 5666 quomodo

2078 5686 2368 5759 quispiam
2398 5687 2555 5743 dicat
2580 5685 2608 5740 Ἰ
2647 5686 2924 5744 Prator'ea
2954 5701 3107 5757 vero,
3138 5685 3293 5759 quod
3346 5683 3470 5740 solo
3524 5681 3733 5737 instra-

3337 5782 3410 5843 19
