4096 6284
422 372 540 458 εει
1724 364 2144 428 mosmos!
2186 368 2541 438 CALLISTI
3725 375 3842 434 sas

420 515 546 566 tum
577 512 684 577 est,
717 509 775 562 et
803 502 957 576 quod
990 518 1125 572 pars
1157 515 1461 558 murorum
1492 499 1682 558 omnis
1705 500 1875 571 quasi
1896 500 2074 572 quod-
2109 551 2116 569 ,

2227 521 2282 556 ον
2312 498 2471 576 ἔργον
2503 502 2704 576 χρόνου
2747 523 2806 557 τε
2835 503 2924 556 καὶ
2953 504 3121 558 πόνου
3150 502 3368 558 πολλοῦ
3398 503 3583 566 οὕτως
3617 503 3671 559 ἐν
3710 505 3846 578 βρα-

425 597 556 655 dam
615 593 850 671 peplum
882 591 1038 650 varie
1058 591 1402 648 distinctum
1441 589 1868 665 complectitur.
1911 594 2075 658 Quod

2227 593 2279 662 ,εἴ
2308 591 2722 664 παραστήσειεν,
2755 591 2784 645 ’ὀ
2833 592 2999 660 μήτοι
3051 610 3114 665 γε
3162 592 3347 667 λόγος,
3381 591 3510 646 ἀλλ’
3545 591 3669 647 οὐδ’
3703 591 3848 664 ὄψις,

421 687 732 758 derepente
761 683 986 750 videns,
1020 696 1177 736 mare
1226 680 1521 750 quoddam
1555 695 1684 736 esse
1716 680 1899 749 dicas,
1933 680 2076 737 leni-

2227 676 2406 733 ἄλλον
2442 676 2498 734 δὲ
2529 677 2653 734 οὐδὲ
2682 683 2809 740 νοῦς
2843 680 2932 734 καὶ
2966 683 3130 736 ταῦτα
3173 686 3289 744 τοῖς
3335 682 3620 742 τοιούτοις
3653 681 3852 756 ἐγγυμ-

423 777 535 832 bus
565 775 780 845 ubique
829 771 1229 827 intumescens
1259 769 1540 827 ﬂuctibus
1579 773 1635 826 et
1673 770 1890 826 sensim
1931 786 2078 842 quo-

2227 768 2486 839 ασάμενός
2531 769 2730 830 ἱκανῶς
2791 768 3228 842 παραλήψαιτος
3285 770 3442 842 Ἐμοὶ
3518 767 3568 824 δ’
3637 769 3850 843 ἀρκέσει

423 862 737 921 dammodo
782 861 1171 917 horrescens:
1211 875 1397 932 usque
1442 860 1605 925 adeo,
1658 863 1721 914 ut
1769 860 2076 915 confestim

2227 861 2352 911 οὖτο
2406 857 2570 928 μόνον
2621 856 2812 926 εἷ’πεῖν,
2851 858 2924 919 ὡς
2973 856 3199 912 πολλῶν
3240 859 3327 912 καὶ
3373 858 3624 934 ἀπείρων
3656 857 3849 935 σχεδὸν

424 961 641 1009 vestem
681 950 995 1019 subducas,
1026 966 1097 1005 ne
1121 949 1355 1004 fimbria
1403 950 1532 1018 ejus
1577 948 1822 1004 humore
1851 947 2079 1004 inficia~

2233 945 2486 1002 ασιλείων
2537 947 2709 1004 οἴκων
2755 947 2806 1003 ἐν
2852 953 2968 1010 τοῖς
3018 949 3130 1002 ἄνω
3162 947 3383 1024 χρόνοις
3414 948 3738 1024 φιλοτίμως
3771 949 3850 1021 ἐξ·

425 1050 540 1101 tur.
573 1041 715 1098 Eam
747 1055 920 1112 porro
949 1043 1255 1094 structur
1286 1043 1510 1110 partem
1541 1053 1669 1110 quae
1701 1054 1878 1108 supra
1907 1042 2083 1110 caput

2227 1036 2578 1110 ργασθέντων,
2644 1037 2799 1099 οὗτος
2853 1035 2931 1116 ἐφ’
2990 1039 3155 1092 ἅπασι
3207 1039 3410 1112 ψήφοις
3464 1038 3730 1106 άπάσαις,
3788 1039 3849 1092 τὸ

424 1137 536 1203 est,
571 1129 713 1186 cmlo
743 1128 856 1201 ipsi
889 1137 1118 1200 propter
1138 1127 1254 1183 late
1290 1133 1349 1182 et
1393 1127 1630 1198 copiose
1673 1126 1956 1184 diffusum
1975 1145 2082 1183 au-

2227 1125 2608 1204 ἠλεγόμενον,
2638 1128 2771 1181 κατά
2819 1127 3020 1188 παντὸς
3069 1131 3164 1180 τοῦ
3212 1128 3414 1201 χρόνου
3459 1128 3525 1181 τὸ
3576 1135 3848 1201 πρωτεῖον

426 1237 583 1290 rum,
612 1235 718 1276 nec
750 1234 864 1275 non
895 1217 1149 1273 aathereo
1182 1216 1356 1274 alicui
1400 1217 1637 1283 tractui,
1701 1217 1834 1288 igne
1890 1217 2072 1272 multo

2227 1213 2538 1290 εκλήρωται
2589 1215 2822 1288 μεγέθει,
2854 1213 3070 1280 κάλλει,
3116 1213 3457 1288 στερρότητι,
3489 1219 3576 1286 τῷ
3627 1215 3848 1291 λελογι-

427 1308 705 1368 relucenti
733 1313 910 1380 atque
939 1307 1273 1363 coruscanti
1314 1323 1640 1378 compares.
1685 1305 1905 1363 Verum
1936 1322 2082 1378 quo-

2228 1305 2374 1381 μένῳ
2424 1306 2636 1380 ῥυθμῷ,
2676 1306 2764 1360 καὶ
2819 1309 2888 1378 τῇ
2936 1305 3353 1379 κεκομψευμὲνῃ
3382 1306 3631 1378 συνθήκῃ
3678 1309 3746 1376 τῇ
3792 1325 3849 1359 τε

426 1402 598 1458 modo
630 1405 858 1456 tantum
891 1401 948 1453 et
975 1401 1098 1453 tam
1131 1397 1289 1469 longi
1318 1397 1602 1468 temporis
1635 1402 1691 1452 et
1724 1396 1889 1452 multi
1919 1395 2070 1452 labo-

2227 1397 2421 1474 ιηφίδι,
2468 1395 2558 1449 καὶ
2616 1400 2731 1457 τοῖς
2793 1395 2924 1468 ὑπὲρ
2989 1394 3160 1463 αὐτῆς
3201 1392 3486 1468 πλάσμασι
3547 1395 3640 1448 καὶ
3695 1395 3846 1468 φύσιν

430 1491 510 1548 ris
549 1507 696 1562 opus
724 1487 916 1544 verbis
946 1494 1064 1542 tam
1105 1486 1355 1542 breviter
1394 1487 1738 1558 explicetur,
1768 1489 1923 1558 quod
1974 1501 2080 1541 ne—

2227 1486 2366 1554 ;ὗτήν
2420 1485 2471 1539 ἓν
2532 1481 2766 1557 δευτέρῳ
2813 1485 3030 1552 τιθεῖσι,
3084 1482 3174 1537 καὶ
3233 1480 3427 1559 σχεδὸν
3489 1485 3714 1552 ἅπασιν,
3771 1485 3848 1545 οἷς

432 1597 546 1654 que
576 1579 756 1636 oratio
790 1575 929 1648 ulla,
954 1591 1144 1649 neque
1173 1574 1397 1644 oculus,
1431 1576 1548 1632 imo
1581 1593 1770 1648 neque
1791 1595 1960 1637 mens
1986 1579 2086 1638 ali-

2230 1579 2441 1630 οιοῦτον
2469 1573 2612 1634 εἰκὸς
2648 1572 2998 1648 άγλαΐζεσθαι
3029 1577 3270 1646 τὲμενος.

432 1686 569 1744 qua,
601 1685 727 1741 qua
749 1667 986 1741 quidem
1017 1667 1074 1720 in
1096 1665 1385 1737 ejusmodi
1411 1666 1585 1722 rebus
1614 1667 1692 1724 sit
1736 1671 2064 1740 exercitata,
2113 1669 2256 1726 satis
2305 1665 2772 1739 complectatur?
2825 1665 2964 1720 Mihi
3022 1670 3176 1720 certe
3232 1682 3415 1721 unum
3470 1665 3617 1722 illud
3663 1666 3846 1721 dicere

433 1759 770 1817 suti'ecerit:
823 1755 1092 1829 quamvis
1151 1754 1348 1812 multa
1403 1759 1460 1810 et
1511 1755 1628 1812 {ere
1683 1758 2144 1816 innumerabiles
2202 1757 2371 1830 regiae
2411 1756 2558 1813 aula
2609 1755 3011 1826 superioribus
3063 1756 3430 1826 temporibus
3462 1770 3614 1811 sane
3672 1771 3845 1826 quam

437 1849 745 1907 ambitiose
767 1851 826 1903 et
857 1845 1160 1919 magniﬁce
1193 1844 1312 1900 sint
1335 1848 1705 1916 constructa,
1733 1848 1884 1905 hanc
1918 1856 2108 1906 tamen
2147 1849 2337 1921 ipsam
2369 1847 2519 1902 inter
2551 1861 2754 1902 omnes
2801 1848 3126 1915 temporum
3171 1845 3462 1914 omnium,
3501 1844 3765 1910 calculis,
3795 1847 3852 1898 ut

436 1940 515 1995 ita
573 1937 784 2006 dicam,
847 1935 1124 1990 omnibus
1191 1936 1412 2006 primas
1471 1935 1618 1992 ferre
1679 1939 2104 2011 magnitudine,
2158 1935 2615 2010 pulchritudine,
2677 1934 3071 2006 ﬁrmitateque
3125 1933 3552 2001 ediﬁcationis,
3615 1938 3672 1989 et
3717 1949 3848 1988 oon-

434 2027 691 2084 venienti
723 2025 1049 2096 rationique
1087 2025 1459 2096 respondenti
1505 2028 1708 2094 modo;
1745 2029 2055 2100 magniﬁca
2092 2043 2226 2084 vero
2266 2033 2437 2099 atque
2493 2026 2743 2097 superba
2799 2026 3322 2096 coagmentatione,
3375 2025 3830 2096 lapillorumque

435 2116 878 2183 incrustatione,
914 2115 1011 2176 19
1043 2119 1220 2186 atque
1244 2116 1580 2172 eorumdem
1611 2117 1786 2174 variis
1835 2119 2058 2186 formis,
2113 2123 2170 2173 et
2225 2117 2400 2174 rebus
2449 2115 2566 2171 fere
2622 2114 2895 2170 omnibus
2960 2113 3174 2186 quibus
3233 2113 3550 2170 aediﬁcium
3617 2117 3839 2168 tantum

437 2206 704 2265 exornari
737 2221 974 2278 equum
996 2209 1104 2270 est,
1136 2209 1410 2260 naturam
1441 2221 1676 2278 quoque
1699 2207 1880 2279 ipsam
1899 2223 2196 2280 superare.

515 2297 623 2356 Sed
658 2296 728 2353 de
763 2295 1038 2368 operibus
1094 2294 1182 2351 tui
1229 2294 1536 2354 hactenus.
1589 2296 1658 2352 Et
1714 2313 1847 2354 cum
1897 2303 2094 2354 tantus
2127 2302 2172 2366 Β

2275 2292 2450 2352 Ἀλλὰ
2487 2294 2554 2349 τὰ
2605 2293 2698 2365 μὲν
2750 2293 2875 2367 περὶ
2925 2296 3032 2346 τῶν
3077 2296 3182 2346 σῶν
3231 2293 3405 2369 ἔργων
3437 2294 3632 2365 ταύτᾳ.
3665 2295 3845 2348 Τοιοῦ-

443 2389 712 2460 princeps
751 2385 853 2454 sie,
887 2385 1200 2454 imperator
1254 2384 1492 2455 optime,
1551 2391 1726 2458 atque
1780 2402 1848 2442 eo
1895 2385 2087 2456 glorias

2233 2407 2296 2447 ος
2318 2383 2377 2440 δὲ
2408 2383 2482 2439 ὢν
2516 2385 2605 2439 καὶ
2641 2382 2806 2453 οὕτω,
2838 2383 3110 2458 κράτιστε,
3143 2383 3305 2454 δόξης
3357 2382 3534 2462 ἔχων,
3566 2386 3700 2456 πρὸς
3738 2380 3850 2436 τίνα

446 2476 798 2550 perveneris,
879 2473 1114 2530 cuinam
1166 2477 1322 2529 recte
1380 2475 1628 2530 conferri
1668 2475 1856 2546 possis
1885 2475 1914 2530 ?
1973 2476 2091 2548 Ego

447 2566 682 2638 quidem
716 2563 1092 2619 Plutarchum
1131 2579 1368 2634 quoque
1423 2563 1613 2634 illum,
1674 2566 1775 2636 qui
1832 2565 2091 2622 virorum

447 2656 740 2712 clarorum
779 2650 1189 2709 collationibus
1235 2667 1486 2723 magnus
1531 2651 1662 2720 fuit,
1714 2651 1985 2722 arbitror,
2045 2652 2091 2708 si

424 2743 640 2802 'adhuc
672 2747 974 2815 superstes
996 2744 1175 2808 esset,
1209 2756 1396 2812 operm
1426 2740 1678 2813 pretium
1711 2757 1772 2798 se
1801 2742 2092 2799 facturum

451 2849 576 2890 esse
604 2831 1076 2889 existimaturum
1108 2828 1313 2898 fuisse,
1345 2829 1398 2885 si
1424 2830 1618 2886 studio
1659 2844 1785 2896 suo,
1819 2829 1880 2885 in
1938 2832 2093 2903 quod

451 2940 554 2997 per
581 2923 762 2978 vitam
795 2936 1027 2977 omnem
1060 2918 1308 2975 libenter
1341 2918 1630 2989 incubuit,
1653 2921 2094 2992 supersedisset,

455 3029 522 3070 eo
552 3012 709 3085 quod
740 3009 1041 3079 idoneum,
1073 3023 1245 3080 quem
1279 3015 1468 3064 tecum
1506 3014 1880 3080 componeret
1923 3014 2099 3081 atque

460 3101 771 3165 conferret,
804 3114 919 3155 non
951 3098 1258 3154 inveniret.
1291 3100 1503 3153 Verum
1525 3099 1740 3153 Adamo
1773 3098 1856 3153 illi
1887 3106 1941 3154 et
1969 3097 2102 3155 Non

456 3194 514 3248 et
545 3189 904 3255 Abrahamo,
935 3191 1211 3260 praeterea
1229 3186 1483 3258 Josepho
1523 3191 1582 3242 et
1607 3186 1740 3255 Job,
1774 3187 1967 3254 Mosa,
2001 3187 2101 3244 Jo-

458 3295 600 3346 sua,
633 3277 920 3343 Samsoni,
954 3275 1238 3343 Samueli,
1265 3275 1464 3332 Davidi
1495 3285 1550 3332 et
1580 3275 1897 3344 Salomoni,
1921 3282 1980 3332 et
2001 3277 2101 3350 qui

457 3368 586 3439 ejus
635 3365 866 3440 generis
901 3365 1060 3421 fuere
1090 3363 1244 3433 aliis,
1284 3363 1530 3434 insuper
1568 3362 1714 3433 Cyro
1751 3363 1859 3432 illi,
1915 3365 2104 3432 Dario,

460 3457 805 3523 Alexandro,
836 3457 934 3510 aut
970 3453 1100 3509 aliis
1158 3451 1523 3525 quibusdam,
1568 3452 1740 3510 Juliis
1791 3454 1966 3510 etiam
1994 3455 2106 3510 {or-

458 3553 612 3605 tasse
642 3555 696 3602 et
732 3543 1014 3618 Augustis
1066 3547 1124 3599 et
1177 3543 1498 3600 Caesaribus
1526 3543 1855 3610 comparari
1887 3560 2105 3616 posses.

463 3637 574 3695 Sed
619 3623 764 3692 satis
802 3636 1053 3700 constat,
1096 3637 1155 3689 te
1188 3631 1364 3703 hujus
1415 3632 1652 3704 quidem
1688 3631 2002 3704 imperium
2052 3635 2110 3690 in

463 3740 667 3784 omnes
731 3723 980 3780 aliorum
1037 3731 1232 3778 autem
1281 3721 1494 3776 bonam
1565 3735 1753 3792 spem,
1812 3726 1984 3794 atque
2054 3725 2114 3779 in

466 3816 653 3873 Deum
685 3829 967 3881 amorem,
1002 3816 1342 3868 caterorum
1374 3827 1506 3868 vero
1545 3811 2025 3883 moderationem,
2060 3817 2120 3870 et

465 3905 526 3962 in
559 3906 734 3961 rebus
763 3904 926 3959 duris
956 3901 1378 3970 constantiam;
1409 3900 1662 3973 alicujus
1695 3919 1864 3974 porro
1895 3903 2118 3960 fortitu-

465 3995 686 4061 dinem,
719 3991 1244 4065 saquanimitatem,
1286 3991 1794 4048 mansuetudinem
1834 3996 1892 4048 et
1934 3993 2120 4052 mode.

466 4083 641 4141 etiam
677 4099 691 4150 ;
724 4081 977 4152 alicujus
1010 4080 1151 4137 item
1181 4080 1483 4152 sapientia
1516 4081 1666 4148 vim;
1716 4097 1956 4153 prorsus
1987 4098 2120 4138 vero

467 4171 754 4239 omnium,
795 4187 922 4228 eam
973 4185 1149 4242 quam
1211 4169 1568 4241 imperatori,
1612 4168 1862 4242 principi
1895 4171 2122 4244 populi-

473 4279 589 4338 que
620 4268 676 4320 et
707 4261 1042 4334 reipublicae
1081 4260 1543 4318 administratori
1591 4262 1889 4333 competit,
1937 4262 2122 4318 virtu-

474 4357 595 4410 tem
645 4351 900 4408 babere:
947 4351 1028 4406 ita
1078 4355 1144 4405 ut
1189 4349 1368 4406 veluti
1407 4350 1674 4422 quedam
1698 4366 1868 4416 nova,
1927 4355 2123 4423 atque,

474 4447 541 4501 ut
569 4442 651 4498 ita
677 4440 894 4509 dicam,
926 4437 1300 4496 inimitabilia
1329 4439 1574 4495 mistura
1613 4439 1925 4511 imperium
1959 4444 2124 4496 tuum

475 4533 555 4590 sit
572 4529 986 4588 constitutum:
1020 4529 1175 4600 quod
1207 4527 1468 4586 videlicet
1513 4528 1619 4586 bos
1663 4530 1900 4602 quidem
1958 4531 2128 4604 longe

475 4619 842 4696 praterieris,
877 4633 1008 4674 cum
1031 4618 1125 4674 his
1183 4621 1378 4675 autem
1407 4627 1591 4675 certes
1623 4635 1636 4674 :
1673 4635 1707 4674 a
1749 4620 1964 4692 quibus
2023 4636 2125 4676 au-

475 4715 593 4770 tem
627 4725 742 4766 non
773 4706 1014 4764 multam
1046 4706 1230 4774 absis,
1261 4708 1456 4765 dicere
1495 4724 1610 4764 non
1650 4707 1856 4765 habeo.
1916 4710 2125 4781 Atque,

481 4803 548 4856 ut
570 4797 821 4855 breviter
852 4797 1066 4868 dicam,
1097 4795 1385 4869 quidquid
1422 4799 1484 4853 in
1524 4797 1824 4870 quodlibet
1880 4799 2127 4854 istorum

486 4887 866 4962 precipiuum
905 4894 1074 4958 atque
1096 4884 1458 4957 praclarum,
1492 4886 1578 4943 vel
1609 4887 1710 4944 Dei
1760 4903 2001 4943 munere
2029 4888 2130 4944 da-

483 4983 636 5046 tum,
666 4979 758 5033 vel
791 4975 1121 5046 praestantis
1152 4983 1370 5032 natura
1411 4974 1686 5031 beneﬁcio
1722 4981 2124 5048 comparatum

2201 2472 2268 2544 δὴ
2319 2474 2408 2530 καὶ
2460 2475 2852 2548 προσηκόντως
2895 2468 3312 2547 παραϐληθείης
3353 2494 3367 2543 ;
3419 2476 3600 2546 Οἶμαι
3649 2473 3748 2548 γὰρ
3792 2470 3845 2524 ἃν

2201 2565 2291 2618 καὶ
2342 2563 2699 2638 Πλούταρχον
2748 2561 2954 2617 ἐκεῖνον
2991 2564 3086 2617 τὸν
3136 2563 3260 2636 περὶ
3315 2564 3382 2617 τὰ
3429 2568 3661 2618 τοιαῦτα
3713 2557 3850 2634 μάλα

2205 2652 2395 2725 δεινὸν,
2429 2650 2578 2725 ε’ίπερ
2617 2650 2694 2706 ἔτι
2733 2652 2822 2706 καὶ
2869 2655 2957 2705 νῦν
3014 2658 3227 2726 περιῆν,
3258 2648 3546 2729 προῦργου
3587 2651 3646 2706 ἂν
3680 2652 3844 2704 θέσθαι

2205 2743 2285 2820 ἐφ’
2315 2741 2467 2798 ἃδιὰ
2518 2741 2640 2817 βίου
2689 2740 2955 2796 κατέτεινε
3002 2742 3100 2810 τὴν
3149 2742 3316 2819 φίλην
3361 2739 3611 2808 σπουδὴν
3649 2740 3700 2794 ἐν
3736 2735 3846 2792 δευ-

2205 2831 2346 2906 τέρῳ
2393 2831 2627 2898 τάττειν,
2685 2831 2760 2902 μὴ
2811 2829 2904 2884 τόν
2955 2851 3041 2884 σοι
3089 2827 3456 2902 παράλληλον
3509 2825 3842 2896 κατάλληλον

2207 2919 2351 2997 ἔχων
2385 2923 2580 2995 εὑρεῖν.
2615 2919 2771 2976 Ἀλλ’
2799 2917 2978 2992 Ἀδάμ
3024 2920 3114 2974 καὶ
3168 2924 3287 2975 Νῶε
3329 2921 3418 2974 καὶ
3471 2916 3736 2994 Ἀϐραὰμ,
3771 2910 3838 2969 ἔτι

2210 3011 2268 3067 δὲ
2297 3012 2386 3066 καὶ
2419 3012 2619 3081 Ἰωσὴφ
2650 3011 2739 3066 καὶ
2777 3007 2929 3080 Ἰὼϐ,
2975 3015 3163 3065 Μωσεῖ
3205 3031 3262 3064 τε
3311 3010 3400 3064 καὶ
3462 3013 3674 3080 Ἰησοῦ,
3725 3003 3835 3076 πρὸς

2211 3099 2267 3156 δὲ
2293 3099 2536 3174 Σαμψών
2567 3120 2626 3154 τε
2654 3100 2741 3158 καὶ
2779 3098 3073 3171 Σαμουὴλ,
3109 3094 3276 3154 Δαϐίδ
3307 3119 3364 3153 τε
3393 3100 3492 3154 καὶ
3518 3097 3832 3169 Σολομῶντι,

2209 3190 2300 3246 καὶ
2357 3189 2475 3244 ὅσοι
2532 3187 2598 3258 δὴ
2653 3190 2770 3242 κατ’
2827 3188 3088 3258 ἐκείνους,
3146 3187 3282 3262 πρὸς
3340 3185 3397 3244 δί
3454 3188 3671 3248 τούτοις
3705 3181 3835 3252 Κύρῳ

2213 3281 2265 3358 γ’
2309 3279 2500 3352 ἐκείνῳ
2530 3279 2622 3334 καὶ
2686 3279 2894 3353 Δαρείῳ
2949 3279 3039 3332 καὶ
3101 3275 3463 3354 Ἀλεξάνδρῳ,
3498 3280 3534 3348 ἢ
3591 3295 3722 3333 τισιν
3765 3267 3843 3324 ἅλ-

2215 3369 2356 3438 λοις,
2390 3367 2646 3431 Ἰουλίοις
2691 3369 2839 3443 τάχα
2876 3369 2965 3422 καὶ
3025 3369 3364 3446 Αὖγούστοις
3421 3371 3514 3424 καὶ
3559 3366 3844 3436 Καίσαρσῑν.

2218 3458 2374 3515 Ἀλλ’
2403 3456 2636 3529 εὔδηλον
2692 3460 2766 3519 ὡς
2803 3461 2904 3513 τοῦ
2947 3459 3040 3532 μὶν
3088 3461 3188 3528 τὴν
3243 3459 3380 3513 κατὰ
3423 3461 3642 3514 πάντων
3673 3451 3846 3527 ἆρχῆν,

2220 3547 2406 3606 ἄλλων
2437 3546 2496 3603 δὲ
2522 3549 2584 3604 τὸ
2617 3544 2804 3603 εὔελπι
2849 3548 2940 3602 καὶ
2988 3547 3243 3624 φιλόθεον
3273 3567 3286 3579 ·
3321 3548 3523 3620 ἒτὲρων
3551 3547 3612 3600 τὸ
3661 3546 3852 3618 σῶφρον

2225 3639 2314 3692 καὶ
2340 3639 2439 3706 τήν
2482 3637 2534 3693 ἒν
2587 3635 2788 3698 δεινοῖς
2836 3637 3116 3711 καρτερίαν
3147 3656 3161 3669 ο
3209 3633 3385 3691 ἄλλου
3414 3638 3481 3691 τὸ
3514 3633 3746 3707 ἀνδρεῖον
3772 3625 3847 3680 καὶ

2228 3727 2476 3796 ἐπιεικὲς,
2530 3727 2621 3781 καὶ
2678 3731 2870 3800 πρᾶυν,
2928 3727 3020 3780 καὶ
3079 3727 3316 3799 μέτριον,
3379 3727 3538 3803 χόμα
3586 3722 3641 3777 δὲ
3686 3716 3852 3793 σοφίας

2229 3815 2414 3889 ἑτέρου
2448 3835 2460 3848 ο
2495 3811 2666 3888 ἄρδην
2699 3812 2743 3868 δ’
2775 3815 3026 3869 ἁπάντων
3055 3814 3116 3868 τὸ
3161 3812 3444 3888 βασιλικόν
3473 3835 3530 3868 τε
3578 3811 3662 3866 καὶ
3707 3809 3851 3880 ἀρχι-

2227 3903 2322 3958 κὸν
2360 3903 2452 3958 καὶ
2496 3900 2883 3978 δημαγωγικὸν
2934 3896 3113 3977 ἔσχες,
3158 3901 3340 3976 μίγμα
3386 3923 3438 3956 τι
3492 3903 3650 3972 ξένον,
3684 3896 3752 3956 ὡς
3780 3891 3852 3945 εῗ·

2227 3997 2369 4061 πεῖν,
2400 3991 2491 4046 καὶ
2521 3991 2800 4064 ἀμίμητον
2841 3993 2942 4061 τὴν
2993 3993 3090 4060 σήν
3136 3990 3412 4065 βασιλείαν
3463 3983 3848 4054 καταστησάμε·

2230 4102 2343 4153 νος,
2393 4082 2468 4144 ὡς
2517 4087 2634 4144 τοῖς
2697 4081 2790 4155 μὲν
2835 4079 3160 4153 παρελάσαι,
3192 4086 3307 4141 τοῖς
3363 4078 3412 4133 δ’
3440 4077 3806 4152 ἁμιλληθῆναι
3836 4084 3847 4097 °

2231 4169 2304 4225 ὧν
2347 4167 2404 4224 δὲ
2463 4169 2642 4244 βραχύ
2690 4190 2744 4224 τι
2795 4168 3212 4246 ἀπολειφθῆναι,
3265 4168 3363 4224 οὐκ
3412 4168 3474 4222 ἃν
3516 4165 3742 4236 ετίποιμι.
3774 4159 3849 4211 Ἐν

2233 4259 2486 4332 συντόμῳ
2517 4258 2575 4314 δὲ
2621 4261 2804 4337 φάναι,
2852 4265 2954 4313 πᾶν
2988 4257 3112 4314 ὅσον
3155 4258 3364 4314 τούτων
3405 4259 3612 4325 ἑκάστῳ
3642 4243 3846 4323 ἐξαίσιόν

2230 4371 2289 4405 τε
2317 4350 2404 4404 καὶ
2438 4335 2771 4424 περιϐόητον
2800 4349 2836 4418 ἢ
2870 4350 3048 4404 θεόθεν
3078 4344 3262 4416 ἐδόθη,
3305 4349 3340 4416 ἢ
3374 4349 3464 4402 καὶ
3514 4346 3665 4421 φύσις
3702 4335 3851 4416 φιλο-

2233 4438 2406 4512 τίμως
2465 4435 2764 4493 διατεθεῖσα
2812 4437 3218 4513 ἐπεχορήγησε,
3279 4436 3589 4512 φιλοπόνως
3643 4427 3728 4482 οἷά
3776 4439 3846 4513 τις

2234 4509 2405 4602 ἀγαθή
2463 4549 2523 4581 τε
2578 4527 2668 4582 καὶ
2727 4509 2997 4604 φίλεργος
3049 4509 3428 4601 ἐρανισάμενος
3491 4521 3729 4598 μέλιττα,
3782 4509 3848 4604 τῷ

2233 4601 2333 4686 τῆς
2385 4617 2580 4689 μίξιως
2630 4601 2761 4689 ξένῷ
2807 4601 2912 4671 καὶ.
2948 4623 3049 4684 τῆς
3094 4616 3437 4690 συγκράσεως
3483 4609 3738 4688 βασιλικῳ
3781 4601 3850 4665 τῖἰ)

2235 4709 2409 4785 πήχει
2459 4707 2660 4768 πάντας
2719 4708 3082 4781 παρήνεγκας,
3134 4704 3437 4779 ἁρχὶτυπον
3493 4705 3605 4757 οἷον
3650 4690 3850 4793 ἀμίμτξ-

2236 4817 2329 4851 τον
2361 4798 2458 4864 τήν
2501 4799 2600 4864 σήν
2659 4796 2838 4871 ἀρχὴν
2893 4797 3058 4849 ἅπασι
3117 4797 3418 4868 παρασχών
3454 4813 3465 4824 ·
3517 4791 3648 4846 ὥστε
3698 4801 3756 4852 με
3793 4791 3847 4850 ΡΨ

2240 4884 2371 4948 δίως
2411 4887 2500 4940 καὶ
2539 4887 2681 4940 τοῦτ’
2723 4885 2890 4939 εἰπεῖν
2940 4885 3230 4958 θαρρῆσαι,
3261 4888 3367 4938 τῶν
3414 4881 3592 4937 καλῶν
3622 4894 3676 4929 τε
3701 4869 3846 4940 κάγαυ

2242 4977 2346 5029 θῶν
2378 4976 2444 5030 τὰ
2480 4974 2573 5048 μὶν
2610 4971 2880 5043 ζηλῶσαι,
2912 4971 2970 5026 ἃν
3006 4970 3063 5027 δὲ
3090 4973 3178 5027 καὶ
3230 4976 3446 5040 νικῆσαι
3494 4967 3622 5024 κατά
3662 4961 3717 5014 τὸ
3760 4969 3843 5019 της

484 5068 616 5136 fuit,
656 5067 716 5122 id
759 5070 820 5121 tu
863 5065 1034 5137 quasi
1073 5065 1339 5136 quaedam
1378 5065 1710 5135 bonaatque
1761 5065 1963 5121 sedula
2009 5065 2116 5138 api:

2244 5065 2453 5142 φύσεως
2483 5064 2793 5139 περιοόςιον
2829 5085 2841 5097 ·
2877 5065 2975 5118 ὅσα
3024 5063 3071 5117 δ’
3129 5063 3188 5117 ἂν
3238 5065 3406 5135 μήπω
3457 5059 3588 5116 τισὶν
3629 5048 3844 5124 εὕρηται,

488 5172 702 5230 magno
736 5154 927 5212 studio
967 5152 1270 5212 collectum
1316 5158 1490 5225 atque
1527 5159 1972 5224 comportatum,
2021 5157 2128 5212 ad-

490 5245 760 5302 mirando
785 5243 1036 5316 quodam
1065 5243 1235 5300 modo
1270 5243 1534 5301 miscusti
1565 5249 1739 5316 atque
1769 5243 2132 5315 temperasti:

489 5340 546 5394 et
601 5337 907 5407 propterea
958 5333 1267 5406 imperatio
1309 5333 1504 5390 cubito
1561 5350 1765 5391 omnes
1821 5350 1883 5393 es
1937 5351 2138 5404 super-

491 5439 749 5496 gressus,
791 5422 1035 5494 imperio
1092 5431 1188 5479 tuo
1221 5422 1458 5494 perinde
1495 5427 1669 5492 atque
1709 5441 1822 5480 non
1864 5421 2132 5481 imitabili

494 5512 806 5584 archetypo
864 5513 1253 5584 primarioque
1307 5514 1558 5584 quodam
1591 5514 1905 5586 exemplari
1947 5516 2132 5571 omni-

495 5603 607 5660 bus
635 5600 913 5658 exhibito.
947 5602 1304 5674 Quapropter
1333 5608 1390 5659 et
1419 5602 1564 5660 illud
1592 5603 1758 5661 facile
1797 5605 1988 5662 dicere
2030 5622 2134 5661 au-

495 5692 630 5764 sim,
663 5698 716 5748 te
743 5689 1034 5764 quidquid
1055 5694 1141 5756 est
1180 5707 1378 5751 rerum
1409 5692 1696 5754 bonarum
1741 5697 1918 5767 atque
1948 5694 2130 5754 hone-

2239 5139 2297 5210 σὶ
2329 5153 2387 5210 δὲ
2433 5153 2534 5228 ἄρα
2575 5155 2664 5208 καὶ
2717 5154 2888 5226 εὑρεῖν
2917 5152 3007 5207 καὶ
3053 5158 3404 5228 προαγαγεῖν,
3435 5151 3521 5205 καὶ
3571 5146 3641 5205 ὠς
3684 5139 3842 5228 ἐγχξυ·

2248 5248 2372 5319 ροῦν
2400 5241 2716 5317 παραδεῖξαι
2753 5247 2834 5314 τῷ
2869 5241 3189 5316 βουλομένῳ
3222 5262 3234 5276 ⁸
3268 5240 3541 5296 κάντεῦθεν
3568 5233 3651 5289 καὶ
3697 5222 3844 5320 Cll-mi":

2245 5313 2353 5389 των
2384 5313 2775 5408 περιγενέσθαι,
2944 5329 3012 5386 δι’
3048 5313 3305 5385 -ἁπάντων
3336 5329 3466 5408 ἄχρι
3504 5326 3567 5394 δὴ
3599 5319 3680 5376 καὶ
3724 5313 3773 5417 ἐς
3793 5313 3843 5414 ⁸ξό

2247 5424 2541 5496 ἀκρότατον
2593 5421 2858 5478 ἀνελθεῖν.
2897 5422 2990 5476 Καὶ
3047 5441 3104 5475 σε
3153 5419 3343 5493 ο⁹ίομαι
3379 5419 3466 5474 διὰ
3495 5418 3668 5476 ταῦτα,
3699 5411 3774 5457 καὶ
3801 5411 3842 5502 ξς

2250 5513 2510 5586 μήκιστόν
2557 5533 2640 5566 σοι
2689 5513 2752 5566 τὸ
2805 5510 3072 5586 βιώσιμον
3115 5512 3514 5584 προσγενέσθαι,
3548 5502 3741 5586 σύμπαν
3769 5503 3840 5584 Td:

2246 5580 2408 5678 γαθὸν
2440 5601 2513 5662 ὡς
2546 5602 2723 5675 χρεὼν
2755 5580 2923 5675 ἄρδην
2962 5580 3369 5671 συλλεξαμένῳ,
3404 5600 3476 5660 ὡς
3508 5595 3564 5651 ἅν
3593 5609 3649 5666 γε
3692 5580 3839 5678 “ﬁt?

2249 5662 2441 5768 μακρῷ
2472 5662 2660 5766 χρόνῳ
2688 5662 2825 5764 πρὸς
2853 5662 3090 5744 ἐπίδοσιν
3110 5662 3278 5744 τοέτό-
3305 5662 3385 5743 σοι
3417 5662 3678 5764 προέλθοι,
3707 5662 3838 5732 “ili”
