4096 6284
1692 500 1695 503 γ
1720 408 2158 471 DEDIOATIO.

3529 417 3651 478 590

241 555 300 611 ἐν
330 558 463 626 ἡμῖν
490 552 716 626 ἀρίστην
744 545 1022 623 λαμϐάνον
1061 548 1150 603 καὶ
1195 544 1353 622 ἕδραν
1402 545 1491 600 καὶ
1543 543 1888 617 μονιμότητα

2026 544 2466 611 itarummartim
2500 545 2732 617 quidem
2768 546 3058 604 imitatum
3090 565 3191 621 per
3218 552 3649 612 simulationem

242 650 330 717 τῷ
360 644 630 717 ἆμιμήτῳ
661 638 854 715 σχεδὸν
885 646 984 707 τῆς
1038 639 1345 712 μιμήσεως.
1380 637 1742 708 Πυσταγωγὸν
1788 632 1890 707 γὰρ

246 734 370 789 οἷόν
399 753 523 787 τινα
551 730 641 785 καὶ
668 727 994 785 διδάσκαλον
1024 729 1240 800 ἄριστον
1271 730 1378 780 τῶν
1411 721 1596 778 καλῶν
1625 724 1897 790 ἁπάντων,

246 821 435 895 ὥσπερ
472 820 562 875 ἐπὶ
613 823 776 874 τοῦτο
833 822 930 872 τοῦ
987 820 1121 873 Θεοῦ
1180 836 1237 870 σε
1284 814 1389 869 ὑπὸ
1447 816 1772 888 χειραγωγῷ
1826 815 1896 884 τῇ

247 912 431 988 φύσει,
464 909 737 981 λαμπρῶς
783 908 873 960 καὶ
920 904 1327 978 αροσηκόντως,
1360 901 1422 957 οὒ
1473 898 1682 970 στήλην
1737 902 1897 974 βασι-

247 999 405 1061 λείας
481 998 666 1072 μόνον,
696 993 844 1051 ἀλλὰ
898 994 988 1049 καὶ
1035 994 1246 1048 πάντων
1300 990 1655 1064 ἀνθρωπίνων
1711 988 1893 1045 καλῶν

247 1090 569 1144 θεότευκτον
629 1083 875 1161 ἄγαλμα,
936 1082 1110 1138 εῗτουν
1165 1078 1472 1155 ἀνδριάντα,
1514 1084 1694 1157 σοφῶς
1758 1099 1891 1154 προσ

2002 647 2150 700 esse,
2184 635 2391 704 partim
2451 649 2586 690 vero
2645 635 2864 707 ingenii
2922 642 2981 693 et
3037 647 3258 695 natura
3315 644 3652 714 prastantia

2005 737 2312 793 superasse
2344 739 2358 776 :
2390 739 2517 792 quas
2561 728 2755 780 autem
2805 726 3111 798 hucusque
3156 746 3190 784 a
3234 732 3510 803 quopiam
3557 732 3650 788 in-

2001 816 2191 867 venta
2218 826 2332 867 non
2363 812 2631 878 fuissent,
2662 828 2761 869 eas
2817 821 2876 870 et
2924 817 3218 873 invenisse
3266 821 3413 876 etin
3459 821 3651 881 lucem

2003 900 2370 972 produxisse,
2430 906 2509 969 et,
2541 904 2730 973 quoad
2787 904 2916 974 ejus
2970 905 3095 961 ﬁeri
3155 908 3366 978 potuit,
3416 926 3653 968 cernere

2002 992 2330 1047 volentibus
2361 992 2688 1048 ostendisse
2723 1009 2735 1045 :
2791 996 3169 1067 proindeque,
3202 999 3359 1070 quod
3395 1016 3499 1073 per
3535 1003 3654 1058 vir-

2001 1085 2159 1137 tutes
2186 1086 2245 1137 et
2275 1081 2583 1154 pmclaras
2613 1099 2702 1137 res
2731 1098 2958 1151 omnes,
2996 1088 3065 1141 ad
3097 1103 3397 1145 summum
3428 1105 3656 1164 quoque

245 1198 375 1253 χειρ
386 1197 620 1238 ισαντος.

2026 1172 2340 1238 tervaseris,
2390 1186 2594 1226 omnes
2655 1172 2824 1242 longe
2880 1174 3105 1231 vicisse.
3161 1176 3263 1233 ὀ
3318 1180 3519 1250 Itaque
3576 1181 3654 1252 (1)

243 1270 568 1342 longiorem
622 1267 796 1323 etiam
857 1267 959 1321 tibi
1017 1266 1215 1329 vitam,
1247 1279 1364 1335 qua
1418 1263 1568 1318 bona
1623 1261 1842 1330 omnia,
1877 1276 1978 1332 pro
2033 1276 2101 1315 eo
2157 1266 2335 1331 atque
2391 1261 2607 1326 decuit,
2650 1262 2895 1318 omnino
2963 1264 3022 1320 in
3083 1283 3267 1323 unum
3326 1269 3653 1349 collegeris,

247 1363 538 1434 obtigisse
567 1359 881 1415 existimo:
918 1361 979 1411 ut
1015 1372 1082 1411 ex
1112 1354 1390 1423 temporis
1446 1352 1831 1409 diuturnitate
1874 1352 1947 1407 ad
2005 1352 2433 1406 incrementum
2491 1352 2690 1423 glorias
2746 1352 2856 1409 hoc
2918 1354 3020 1410 tibi
3079 1359 3421 1415 accederet:
3476 1362 3655 1433 quod,

247 1470 389 1510 eum
422 1452 573 1520 apud
609 1466 709 1505 nos
738 1450 1038 1504 certiorem
1073 1444 1548 1515 stabilioremque
1588 1444 1778 1499 sedem
1819 1451 1877 1497 et
1924 1442 2230 1497 stationem
2280 1443 2496 1513 optime
2544 1443 2763 1510 ﬂxeris,
2797 1445 3003 1501 sedula
3041 1447 3367 1506 imitatione
3413 1451 3655 1509 laudum

244 1547 650 1612 virtutumque
708 1549 964 1606 tuarum,
1027 1553 1153 1605 qua
1208 1532 1585 1589 inimitabiles
1643 1534 1760 1587 fere
1815 1537 1975 1596 sunt,
2031 1532 2268 1604 assequi
2325 1549 2424 1588 cas
2501 1549 2616 1589 non
2681 1535 3068 1606 potuerimus.
3101 1538 3244 1594 Nam
3302 1541 3475 1597 veluti
3534 1544 3662 1615 qui-

247 1637 393 1689 dam
426 1644 773 1687 arcanorum
805 1642 1097 1684 sacrorum
1134 1626 1403 1696 princeps
1434 1639 1516 1685 es,
1548 1628 1607 1679 et
1632 1622 1907 1694 magister
1935 1623 2217 1677 virtutum
2266 1622 2530 1679 omnium
2584 1624 2867 1695 optimus,
2902 1626 3143 1697 perinde
3193 1634 3368 1701 atque
3409 1646 3539 1688 eam
3589 1633 3661 1690 ob

249 1738 493 1781 causam
529 1722 699 1783 Deus,
734 1723 940 1773 natura
969 1715 1313 1772 administra
1341 1718 1398 1769 et
1427 1716 1593 1780 duce,
1628 1712 1932 1784 splendide
1962 1716 2138 1784 atque
2187 1712 2495 1784 magniﬁce
2545 1717 2620 1783 te,
2656 1718 2720 1769 ut
2748 1731 2867 1771 non
2914 1716 3101 1772 solum
3153 1719 3384 1790 publica
3433 1723 3664 1795 imperii

253 1813 552 1877 columna,
583 1823 784 1865 verum
816 1809 992 1863 etiam
1023 1805 1288 1862 omnium
1320 1804 1713 1861 humanorum
1743 1803 2025 1859 bonorum
2054 1802 2333 1858 divinitus
2364 1803 2622 1860 exhibita
2653 1807 2849 1861 statua
2887 1811 2944 1861 et
2972 1807 3160 1880 imago
3203 1825 3384 1881 esses,
3452 1829 3667 1886 propo-

255 1900 473 1958 suerit.

326 1988 471 2061 Ἐγὼ
510 1984 556 2041 δ’
590 1985 734 2041 ἀλλὰ
777 1986 1002 2044 τούτους
1046 1983 1247 2043 πάντας
1293 1983 1782 2056 παραιτησάμενος,
1825 1980 1902 2035 lvi

2084 1982 2194 2038 Sed
2247 1982 2404 2038 enim
2455 1984 2729 2042 omnibus
2774 1987 2876 2054 eis,
2910 2003 3052 2058 quos
3098 1988 3371 2060 diximus,
3402 1991 3663 2062 omissis,

253 2100 314 2134 σε
348 2078 507 2150 μόνῳ
544 2069 902 2150 παραϐαλὼν,
933 2075 1032 2142 τήν
1088 2077 1186 2127 τοῦ
1251 2071 1423 2148 λόγου
1486 2072 1666 2145 ῥύμην
1716 2069 1905 2147 ἑφέξω,

255 2167 340 2223 ἀεί
408 2186 476 2238 με
533 2164 851 2233 λεληθότως
913 2167 993 2233 τῷ
1038 2162 1163 2236 περὶ
1206 2161 1263 2215 σὲ
1310 2159 1467 2232 πόθῳ
1513 2158 1907 2233 παρέλκουσαν,

252 2258 347 2313 καὶ
406 2259 507 2309 τοῦ
567 2254 766 2327 μέτρου
831 2253 1014 2323 ἠρέμα
1087 2249 1446 2329 ἐκφέρουσαν
1504 2253 1586 2320 τῷ
1659 2254 1905 2323 κρεῖττον

254 2346 341 2402 ἀεὶ
392 2344 749 2422 φαντάζεσθαι
796 2346 895 2396 τοῦ
947 2339 1252 2415 αἱρεθέντος
1300 2339 1361 2393 τὸ
1409 2338 1658 2413 παρεθὲν,
1690 2338 1908 2393 πάντων

252 2433 527 2507 ³ἰσοτίμων
556 2435 639 2502 τῷ
674 2429 885 2506 μεγέθει
914 2428 1347 2498 καθεστηκότων,
1380 2434 1479 2494 τῆς
1525 2448 1583 2481 τε
1624 2426 1776 2495 νίκης
1818 2426 1907 2481 καὶ

256 2529 367 2579 τῶν
418 2520 703 2594 πρωτείων
752 2515 1010 2590 οὐδαμῶς
1053 2516 1390 2590 αἱρουμένων
1454 2512 1677 2570 ἕκαστον
1747 2516 1911 2589 ἑτέρῳ

256 2614 610 2686 παραχωρεῖν
644 2628 706 2662 τε
751 2606 843 2662 καί
877 2606 1271 2675 ὑπεξίστασθαι.
1303 2607 1463 2660 ’Ὠστε
1513 2600 1826 2677 συμϐαίνειν
1860 2605 1911 2675 ἐξ

261 2699 518 2765 εὐπορίας
551 2717 649 2769 μοι
694 2693 908 2769 μᾶλλον
940 2696 1003 2748 τὸ
1032 2695 1278 2768 ἀπορεῖν.
1311 2696 1399 2748 καί
1446 2695 1547 2762 τὴν
1594 2693 1908 2767 περιουσίαν

267 2788 350 2848 εἰς
400 2793 655 2863 περιφανῆ
708 2784 909 2856 ζημίαν
959 2784 1347 2837 καθίστασθαι·
1398 2782 1487 2835 καί
1556 2803 1650 2854 μοι
1720 2781 1911 2849 πλέον,

270 2877 338 2930 τὸ
393 2874 441 2928 τί
498 2875 766 2949 παρετέον,
816 2875 851 2944 ἢ
908 2877 1029 2933 τοῖς
1087 2869 1280 2941 έπίσης
1339 2870 1465 2944 ἐμοὶ
1524 2867 1910 2942 δοκιμάζουσιν

272 2965 499 3021 ἐπαινεῖν
548 2966 613 3019 τὸ
653 2964 707 3018 τί
753 2961 926 3038 λέγειν
972 2961 1248 3037 γίνεσθαιο
1283 2962 1374 3015 καὶ
1420 2960 1522 3035 γὰρ
1574 2962 1651 3021 εἷς
1700 2980 1815 3031 μοι,
1849 2959 1913 3015 τὸ

270 3052 335 3121 δή
395 3053 717 3130 λεγόμενον,
751 3051 866 3106 ἀντὶ
920 3052 1134 3105 πάντων
1192 3048 1443 3124 ἀρκέσειο
1505 3050 1551 3121 ᾧ
1589 3049 1679 3103 καὶ
1733 3069 1912 3123 προσ-

261 3147 415 3216 φυῶς
470 3136 646 3216 ἔχων,
690 3140 902 3216 χαίρεις
962 3137 1090 3201 ἴσως
1150 3137 1678 3213 παραλληλίζεσθαι.
1719 3137 1807 3199 Τίς
1867 3135 1914 3192 δ’

259 3233 322 3289 ἂν
351 3230 539 3307 ἕτερος
592 3230 677 3296 εἴη
708 3230 744 3299 ἢ
784 3232 1182 3289 Κωνσταντῖνος
1226 3228 1453 3290 ἐκεῖνος.
1477 3228 1539 3283 τό
1589 3227 1725 3299 μέγα
1771 3227 1916 3301 παρᾶ

2018 2070 2117 2126 ubi
2146 2074 2202 2127 te
2233 2070 2334 2126 uni
2364 2071 2735 2129 solummodo
2765 2089 3201 2148 comparavero,
3233 2079 3517 2138 orationis
3546 2097 3671 2137 cur-

2016 2176 2146 2215 sum
2180 2160 2403 2230 sistam,
2435 2163 2536 2233 qui
2569 2178 2661 2217 me
2703 2178 2933 2236 semper
2964 2171 3195 2237 propter
3224 2183 3417 2225 meum
3449 2185 3587 2243 erga
3616 2176 3673 2227 te

2015 2265 2275 2306 amorem
2305 2260 2357 2305 et
2388 2251 2740 2308 desiderium
2793 2253 3040 2311 latenter
3070 2261 3477 2315 transversum
3528 2259 3666 2333 agit,

2018 2347 2076 2393 et
2106 2340 2323 2394 sensim
2356 2345 2517 2395 extra
2547 2344 2783 2396 modum
2836 2343 3123 2414 producit.
3158 2351 3460 2418 propterea
3507 2350 3663 2420 quod

2019 2430 2212 2485 animo
2243 2446 2475 2500 semper
2505 2432 2561 2485 id
2586 2433 2740 2503 quod
2775 2436 3234 2504 praetermissum
3258 2441 3369 2501 est,
3397 2444 3668 2509 praestan-

2018 2520 2136 2573 tius
2191 2534 2319 2574 esse
2349 2536 2415 2574 eo
2473 2521 2625 2591 quod
2684 2521 2992 2579 dicendum
3051 2525 3357 2597 elegimus,
3388 2528 3663 2584 videtur:

2020 2608 2162 2661 adeo
2195 2607 2593 2678 magnitudine
2622 2625 2729 2665 sua
2759 2611 3001 2680 aequalia
3039 2618 3180 2668 sunt
3229 2616 3449 2677 omnia,
3485 2632 3672 2689 neque

2022 2714 2124 2767 pro
2156 2713 2217 2752 se
2246 2699 2520 2769 quodque
2550 2698 2707 2753 aliud
2753 2699 2851 2755 alii
2881 2701 2953 2757 de
3003 2702 3242 2760 victoria
3292 2705 3672 2779 partibusque

2023 2785 2226 2857 primis
2258 2786 2460 2843 cedere
2492 2789 2809 2844 constituit.
2841 2789 3039 2862 Itaque
3066 2809 3133 2848 ex
3166 2793 3386 2867 ingenti
3419 2797 3583 2866 copia
3602 2797 3675 2852 ad

2020 2875 2252 2930 dicendi
2283 2875 2535 2948 inopiam
2576 2879 2792 2946 recide,
2824 2881 2882 2934 et
2909 2880 3049 2935 mihi
3098 2882 3409 2939 abundans
3454 2885 3673 2940 exube-

2022 2965 2215 3020 rantia
2242 2966 2299 3019 in
2330 2965 2626 3036 insignem
2678 2968 3055 3039 indigentiam
3108 2972 3279 3026 cedit.
3317 2972 3451 3028 Plus
3500 2975 3673 3029 etiam

2022 3053 2236 3125 negotii
2268 3053 2436 3121 mihi,
2468 3055 2605 3126 quid
2639 3059 3030 3114 omittendum
3081 3062 3177 3126 sit,
3211 3077 3387 3131 quam
3442 3063 3526 3117 eis
3574 3058 3680 3133 qui

2022 3142 2226 3199 laudes
2255 3147 2385 3199 tuas
2419 3160 2648 3200 mecum
2682 3147 3113 3217 persequendas
3157 3157 3498 3212 statuerunt.
3536 3152 3676 3223 quid

2023 3234 2338 3290 dicendum
2372 3234 2468 3300 sit,
2502 3235 2750 3290 facessit.
2796 3236 2956 3292 Unus
3006 3255 3147 3293 sane
3198 3239 3456 3313 quidem,
3488 3248 3549 3294 ut
3596 3242 3679 3295 ita

256 3341 489 3397 πραγμα
547 3320 636 3374 καὶ
686 3314 861 3391 ὄνομα
912 3322 1353 3384 Κωνσταντῖνοςς
1412 3316 1473 3370 οὗ
1532 3321 1629 3382 τήν
1692 3318 1912 3388 μνήμην

2032 3322 2245 3391 dicam,
2279 3324 2420 3379 mihi
2450 3341 2552 3395 pro
2585 3326 2854 3382 omnibus
2893 3327 3167 3395 sufﬁciet,
3192 3346 3325 3385 cum
3358 3347 3473 3402 quo
3504 3331 3675 3388 etiam

265 3411 452 3486 ὥσπερ
490 3411 618 3464 τινᾰ
672 3408 764 3464 καὶ
821 3411 995 3476 πνοὴν
1052 3406 1249 3461 ἐνεῖναι
1300 3411 1430 3460 πᾶσι
1486 3406 1682 3479 χρεὼν,
1715 3406 1765 3459 ἐν
1802 3412 1915 3468 τοῖς

263 3498 723 3578 ἀναγκαιοτάτοις
778 3497 1048 3572 λαμπρῶς
1106 3496 1250 3551 οὕτω
1306 3496 1397 3550 καὶ
1461 3494 1720 3570 γενναίως
1773 3494 1922 3569 μάλα

266 3589 643 3665 ξυναραμένου
668 3610 679 3622 ”
732 3593 1149 3655 Κωνσταντῖνος,
1183 3588 1212 3642 ὁ
1254 3586 1430 3649 πολὺς
1464 3586 1557 3657 μὶν
1608 3587 1706 3653 τήν
1760 3586 1918 3660 ἁρχισ

264 3683 365 3751 κήν
416 3680 758 3751 ἐπιστήμην,
787 3679 889 3746 τήν
938 3674 995 3731 δὲ
1044 3674 1249 3731 σόνεσιν
1295 3671 1708 3748 ἀπαράμιλλος,
1743 3675 1830 3729 τὸν
1863 3671 1920 3728 δὲ

260 3772 400 3845 πρὸς
429 3769 567 3824 Θεὸν
600 3766 767 3836 ζῆλον
817 3767 909 3821 καὶ
958 3770 1027 3840 τῇ
1082 3762 1451 3839 μεγαλουργίᾳ
1509 3768 1616 3816 τῶν
1678 3764 1922 3837 πράξεων

260 3860 351 3916 καὶ
402 3863 526 3920 τοῖς
578 3857 711 3930 ὑπὲρ
756 3851 1023 3916 εὐσεϐείας
1070 3855 1275 3930 ἀγῶσιν
1336 3856 1574 3915 ἅπαντας
1635 3853 1920 3927 ὑπερλάμ-

263 3953 393 4024 ψας,
455 3947 696 4020 καθάπερ
753 3944 973 4020 ἀστέρας
1032 3944 1317 4013 ¹ἥλιοςᾸΗ
1369 3944 1472 4018 γὰρ
1531 3941 1631 3997 οὐκ
1685 3936 1919 4015 ἀκριϐὴς

262 4038 478 4095 ἐκείνου
510 4038 669 4093 είκὼν
705 4038 790 4105 σὺ,
820 4038 1110 4111 κράτιστες
1144 4036 1245 4092 Καὶ
1300 4032 1431 4106 μηδ’
1461 4030 1724 4106 ἔσοπτρον
1780 4032 1923 4087 οὕτω

265 4132 532 4204 παριστᾷν
590 4122 738 4204 ἔχειν
803 4125 1005 4186 εἰκόνος
1062 4123 1394 4199 ἀρχέτυπον,
1455 4123 1529 4184 ὡς
1590 4120 1755 4184 αὐτὸς
1820 4127 1921 4189 τῆς

266 4218 477 4273 ἐκείνου
506 4219 693 4290 ψυχῆς
742 4215 834 4274 τὰς
890 4211 1143 4275 θεοειδεῖς
1188 4212 1445 4288 ἐμφάσεις
1477 4213 1921 4284 ἆπομαξάμενος,

266 4300 640 4365 ἆντιστίλὸεις
694 4302 842 4377 μάλα
889 4307 1078 4357 τοῦτον
1122 4302 1345 4377 φαίνων,
1376 4301 1467 4356 καὶ
1513 4302 1622 4375 οὐχ
1675 4303 1838 4370 ἧττον
1887 4301 1921 4370 ἢ

268 4398 497 4474 γνήσιος
552 4399 682 4457 παῖς
740 4393 830 4447 τὸν
887 4394 1202 4467 γεννήτορα.
1253 4393 1416 4445 ’Ὠστε
1473 4389 1517 4444 εί
1568 4390 1677 4474 καὶῗ
1705 4390 1924 4461 τόλμης

270 4484 359 4539 σοί
410 4504 473 4559 γε
523 4481 767 4557 κριθείην
815 4482 882 4535 τὰ
932 4485 1158 4535 τοιαῦτα
1192 4478 1429 4553 μάλιστα
1461 4473 1921 4550 διευλαϐουμένῳ,

270 4574 485 4644 εἴποιμ’
523 4572 583 4627 ἃν
626 4571 715 4626 καὶ
771 4575 931 4626 τοῦτο
980 4569 1320 4647 θαρρούντως
1363 4567 1514 4642 (ἀλλ’
1544 4570 1785 4644 ἀνάγχου
1835 4570 1925 4623 καὶ

272 4662 681 4742 συμφιλοσόφει
732 4666 811 4733 τῷ
870 4660 1063 4733 λόγῳ),
1107 4660 1222 4714 υἱὸν
1268 4664 1402 4715 Θεοῦ
1462 4679 1519 4713 σε
1568 4659 1703 4714 κατὰ
1759 4659 1919 4737 χάριν

2030 3411 2299 3478 fortasse,
2333 3428 2434 3482 pro
2462 3429 2532 3468 ea
2561 3429 2688 3485 quas
2724 3414 2831 3470 tibi
2862 3431 2994 3472 cum
3017 3415 3118 3472 illo
3139 3418 3447 3495 intercedit
3476 3435 3680 3493 cogna-

2029 3501 2185 3557 tione
2211 3507 2267 3557 et
2312 3502 2716 3571 similitudine,
2750 3505 2995 3561 libenter
3048 3513 3099 3561 te
3129 3509 3377 3563 conferri
3435 3510 3676 3579 patiere.

2029 3592 2116 3643 An
2172 3605 2306 3644 vero
2365 3591 2418 3645 is
2475 3590 2622 3646 alius
2688 3593 2768 3648 sit
2843 3610 3023 3665 quam
3089 3597 3501 3652 Constantinus
3558 3596 3677 3663 ille,

2032 3693 2314 3749 magnum
2349 3679 2500 3750 apud
2532 3665 2733 3736 omnes
2768 3688 3127 3738 momentum
3157 3691 3215 3739 et
3244 3701 3454 3741 nomen
3477 3685 3506 3741 ?
3534 3685 3685 3742 Con-

2033 3767 2350 3833 stantinus,
2385 3768 2551 3837 cujus
2580 3772 2914 3826 memoriam
2947 3772 3126 3828 veluti
3174 3773 3441 3845 spiritum
3476 3791 3681 3847 quem-

2033 3858 2167 3912 dam
2218 3856 2408 3913 inesse
2455 3859 2729 3914 omnibus
2778 3867 3023 3932 oportet,
3077 3862 3176 3934 qui
3225 3864 3285 3919 in
3339 3864 3681 3922 necessitate

2034 3962 2260 4001 summa
2282 3952 2400 4001 tam
2435 3948 2738 4019 magniﬁce
2767 3955 2823 4005 et
2869 3955 2987 4005 tam
3021 3951 3245 4007 fortiter
3285 3969 3455 4025 opem
3488 3952 3682 4027 nobis,

2033 4035 2201 4101 tulit;
2236 4036 2674 4106 Constantinus,
2705 4040 2930 4094 artibus
2982 4041 3365 4110 imperatoriis
3407 4059 3680 4115 magnus,

2035 4124 2344 4194 prudentia
2419 4126 2915 4197 incomparabilis,
2999 4131 3201 4185 ardore
3278 4139 3467 4188 autem
3546 4149 3684 4206 erga

2037 4213 2239 4280 Deum,
2288 4214 2630 4284 magnisque
2682 4216 2855 4271 rebus
2895 4217 3093 4289 gestis,
3153 4223 3209 4275 et
3265 4221 3683 4278 certaminibus

2036 4319 2138 4373 pro
2165 4318 2296 4357 vera
2326 4303 2537 4373 pietate
2584 4306 2886 4376 susceptis,
2919 4322 3100 4377 supra
3150 4324 3356 4365 omnes
3400 4311 3685 4380 quemad-

2037 4391 2279 4446 modum
2312 4391 2393 4445 sol
2426 4408 2601 4461 super
2649 4404 2804 4449 astra
2852 4396 2966 4449 alia
2996 4395 3283 4453 relucens.
3316 4401 3401 4454 An
3433 4404 3493 4453 tu
3527 4415 3685 4465 vero,

2038 4480 2305 4550 princeps
2337 4481 2572 4549 Optime,
2604 4498 2720 4537 non
2769 4493 2923 4539 certa
2966 4484 3124 4540 illius
3173 4502 3234 4541 es
3283 4486 3477 4559 imago
3500 4486 3529 4540 ‘l
3558 4487 3685 4543 Non

2036 4569 2364 4639 speculum,
2418 4570 2845 4639 mediusfidius,
2889 4573 2971 4629 ita
3014 4573 3353 4643 primarium
3405 4575 3682 4645 imaginis

2038 4658 2334 4728 exemplar
2389 4660 2593 4725 reddit,
2624 4662 2794 4716 sicuti
2851 4667 2911 4717 tu
2973 4662 3233 4717 divinum
3284 4664 3491 4719 animo
3532 4664 3686 4718 illius

278 4728 711 4824 μᾶλίστέἷὸὼς,
768 4751 856 4805 καὶ
913 4750 1143 4824 χριστὸν
1204 4748 1405 4823 Κυρίου
1464 4745 1611 4820 εἷ’περ
1670 4748 1806 4809 τινα,
1842 4748 1907 4802 εἰν

2028 4748 2320 4817 specimen
2363 4750 2715 4819 exprimens,
2747 4759 2915 4822 atque
2962 4752 3129 4807 illum
3176 4752 3498 4808 admodum
3541 4756 3687 4808 refe-

273 4841 407 4896 κόνα
453 4861 511 4895 σε
582 4838 1003 4911 ἀπαράλλακτον
1061 4838 1219 4903 εἶναι,
1278 4841 1376 4907 τὴν
1456 4837 1661 4892 ἐκείνου
1735 4830 1926 4904 εὐσεϐῆ

273 4937 352 5002 τῷ
404 4927 520 4985 ὄντι
578 4931 671 4985 καὶ
736 4930 952 5007 μορφὴν
1009 4930 1097 4983 καὶ
1145 4929 1375 5001 δύναμιν
1408 4928 1809 5001 περικείμενον,
1841 4928 1927 4981 καὶ

278 5024 606 5099 χαρακτῆρα
638 5021 755 5074 οἷον
787 5026 885 5088 τῆς
919 5023 1188 5093 ψυχικῆς,
1224 5017 1398 5074 εἷ’τονν
1431 5016 1723 5092 βασιλικῆς
1765 5016 1929 5071 αὐτοῦ

279 5115 463 5188 σαφῶς
497 5109 844 5169 ὑπόστασεως
880 5112 1181 5180 Σκοπῶμεν
1211 5104 1268 5162 δὲ
1298 5107 1493 5167 οὕτως.
1528 5105 1927 5181 ’Βγχειρίζεται

276 5201 412 5274 πρὸς
446 5202 582 5253 Geo-3
612 5198 674 5253 τὸ
711 5197 986 5272 βασίλειον
1032 5196 1235 5256 ἰκεῖνος
1288 5203 1586 5269 σκῆπτρον,
1616 5195 1684 5249 τὰ
1731 5195 1930 5267 πάτριᾶ

276 5286 595 5362 προλιπὼν,
624 5285 716 5339 καὶ
769 5284 884 5354 θείᾳ
931 5282 1211 5353 δυναστείᾳ
1253 5288 1360 5338 τῶν
1412 5283 1711 5357 ἀλιτηρίων
1759 5284 1927 5355 τυρα-

277 5399 379 5431 νιυν
412 5374 655 5449 μάλιστα
686 5373 1046 5450 περιγίνεται,
1081 5374 1197 5428 κατ’
1249 5372 1470 5445 οὐρανὸν
1520 5373 1582 5427 τὸ
1629 5374 1727 5443 τῆς
1775 5372 1927 5442 νίκης

277 5465 551 5538 θεώμενος
611 5462 893 5536 τρόπαιον.
930 5459 1027 5516 Καὶ
1084 5461 1145 5514 σὺ
1206 5456 1263 5514 δὲ
1317 5458 1410 5512 τὸν
1471 5457 1584 5514 ἴσον
1616 5460 1819 5532 τρόπον
1865 5458 1928 5513 τὸ

276 5556 473 5631 κράτος
513 5550 976 5625 περιϐαλόμενος,
1010 5552 1098 5603 καὶ
1151 5550 1215 5603 τὸ
1262 5547 1545 5601 νικοποιὸν
1594 5546 1766 5602 ὅπλον
1818 5548 1930 5624 οὐχ

2043 4852 2196 4902 rens,
2245 4838 2512 4909 refulges,
2566 4854 2678 4894 non
2731 4839 2897 4895 aliter
2945 4856 3118 4911 quam
3172 4856 3486 4912 germanus
3531 4840 3688 4897 ﬁlius

2043 4931 2262 4996 patrem
2296 4942 2469 4982 suum
2519 4934 2974 4997 reprasentaret.
3010 4931 3103 4985 21
3161 4932 3339 4999 Atque
3388 4929 3683 5002 equidem,

2040 5015 2306 5085 quamvis
2328 5017 2626 5070 audaciam
2669 5032 2858 5072 meam
2891 5022 2947 5072 te
2979 5017 3444 5088 improbatorum
3478 5018 3685 5086 sciam,

2040 5105 2137 5174 qui
2170 5104 2420 5160 maxime
2451 5106 2647 5176 fugere
2676 5110 2734 5160 et
2761 5120 2960 5161 cavere
2998 5105 3138 5160 talia
3185 5104 3360 5173 soles,
3393 5106 3585 5161 dicere
3614 5107 3686 5162 ll-

2038 5191 2138 5246 lud
2172 5197 2365 5248 tamen
2409 5194 2683 5248 audacter
2740 5211 2881 5249 sane
2931 5209 3045 5249 non
3091 5194 3344 5249 dubitem
3401 5195 3578 5266 (quod
3631 5201 3688 5252 te

2040 5297 2174 5353 rego
2207 5288 2266 5337 ut
2317 5282 2558 5354 patiare,
2615 5286 2672 5338 et
2721 5282 3003 5338 rationem
3058 5298 3287 5341 mecum
3328 5285 3684 5353 consideres,

2039 5373 2141 5442 qui
2163 5377 2217 5427 te
2234 5371 2416 5427 filium
2431 5371 2531 5427 Dei
2549 5388 2647 5442 per
2663 5371 2910 5443 gratiam
2926 5377 2984 5427 et
3001 5371 3293 5429 Christum
3309 5371 3537 5430 Domini
3552 5390 3687 5447 pras-

2039 5466 2127 5516 ter
2153 5465 2387 5517 omteros
2417 5463 2667 5517 maxime
2695 5477 2823 5517 esse
2852 5461 3080 5532 sciam),
3110 5461 3428 5533 imaginem
3452 5472 3504 5520 le
3530 5463 3687 5519 illius

2041 5564 2141 5619 per
2196 5549 2393 5603 omnia
2451 5549 2701 5604 similem
2756 5565 2900 5615 esse,
2960 5549 3059 5620 qui
3116 5564 3247 5604 vere
3315 5549 3466 5621 piam
3526 5549 3686 5606 illius

346 5736 431 5809 (1)
460 5734 786 5803 Imperator
812 5733 1126 5802 longaevus.
1158 5726 1611 5801 Septuagenario
1640 5727 1798 5785 enim
1830 5725 2019 5799 major
2046 5730 2316 5785 mortuus
2345 5728 2454 5782 est.
