4096 6284
443 375 562 437 591

1737 374 2167 436 NICEPHOBI
2213 375 2560 436 CALLISTI

3729 382 3842 443 592

440 510 687 566 formam
747 514 800 564 et
872 506 989 561 vim
1057 505 1579 578 ebaracterumqus
1644 507 1918 564 animalis
1975 509 2085 565 sive

2205 507 2362 576 ἅπαξ,
2395 506 2521 561 ἀλλ’
2560 507 2642 562 ἀεὶ
2702 509 2867 580 ὁρῶν,
2899 510 2989 564 καὶ
3048 511 3204 586 χερσὶ
3261 517 3420 568 τοῦτο
3477 511 3840 589 διακατέχων.

441 596 824 671 imperatoriae
853 597 982 666 ejus
1013 594 1408 651 subsistentiis
1460 601 1658 667 aperte
1710 597 1994 654 obtineas.
2025 597 2087 652 Id

441 706 576 746 vero
631 687 712 744 sic
759 685 1216 743 consideremus.
1266 687 1498 758 Accepit
1549 686 1665 756 ille,
1710 687 1915 757 patriis
1964 704 2088 743 mo-

443 779 604 834 ribus
635 777 875 840 relictis,
920 793 954 831 a
1004 774 1119 830 Deo
1169 775 1468 846 imperiale
1518 781 1858 845 sceptrum:
1905 780 1962 832 et
2003 777 2089 831 di-

441 868 574 922 vina
605 866 864 937 potentia
893 865 1142 918 maxime
1174 865 1379 928 fretus,
1413 863 1686 920 scelestos
1718 872 1776 921 et
1807 866 2092 933 pernicio-

441 973 535 1010 sos
563 961 856 1024 tyrannos,
891 954 949 1007 in
983 953 1124 1007 ccelo
1155 953 1405 1008 victoriae
1437 960 1652 1024 tropaeo
1686 955 1825 1021 viso,
1857 955 2088 1009 devicit.

438 1047 522 1102 Tu
556 1061 788 1116 quoque
817 1043 887 1097 ad
919 1042 1189 1098 eumdem
1225 1043 1719 1112 modum,summa
1743 1061 1935 1099 rerum
1961 1062 2090 1100 sus-

440 1143 624 1206 cepta,
669 1139 725 1188 et
770 1134 991 1188 victrici
1042 1137 1338 1186 armatura
1387 1149 1502 1188 non
1553 1134 1746 1202 semel,
1797 1136 1897 1188 sed
1950 1151 2092 1190 con-

436 1224 600 1280 tinue
630 1223 914 1295 inspecta,
947 1225 1124 1291 atque
1156 1222 1213 1276 in
1263 1222 1536 1277 manibus
1567 1227 1811 1294 gestata,
1844 1239 1944 1279 seu
1984 1242 2088 1297 po-

436 1318 555 1372 tius
584 1315 644 1369 in
679 1315 849 1371 corde
879 1319 1000 1383 tuo,
1031 1318 1097 1369 ut
1137 1329 1236 1384 per
1270 1329 1447 1383 quam
1501 1313 1684 1368 solam
1727 1319 1784 1370 et
1835 1315 1995 1371 vivas
2038 1321 2091 1371 et

438 1405 624 1476 spires
655 1407 710 1457 et
743 1418 1026 1468 moveare,
1056 1400 1418 1467 circumlata,
1461 1401 1686 1469 itidem,
1717 1407 1784 1456 ut
1822 1402 1939 1469 ille,
1973 1403 2091 1458 for-

436 1493 574 1548 titer
627 1491 992 1546 adversarios
1050 1489 1362 1561 superasti,
1413 1489 1746 1560 quicunque
1803 1507 2091 1561 Opponere

437 1599 502 1640 se
533 1581 640 1636 tibi
673 1585 814 1635 sunt
861 1580 1014 1647 ausi,
1046 1579 1377 1650 invictoque
1425 1581 1601 1635 Marte
1642 1581 1712 1635 de
1755 1580 1837 1635 eis
1879 1583 2091 1636 trium-

442 1673 624 1746 phum
658 1669 848 1742 egisti.
880 1669 1018 1732 Quis
1053 1684 1301 1740 namque
1333 1676 1384 1724 te
1415 1669 1668 1741 aspicere
1717 1669 1923 1726 saltem
1957 1688 2088 1726 sus-

438 1761 639 1826 tinuit,
674 1759 803 1814 forti
839 1774 1016 1813 manu
1067 1757 1167 1811 Dei
1217 1761 1273 1812 et
1319 1758 1543 1812 excelso
1592 1757 1830 1814 brachio
1879 1759 2084 1814 suﬂ‘ul-

2199 595 2412 670 μᾶλλον
2461 595 2518 652 δὲ
2565 597 2866 675 περιφέρων
2918 599 3219 675 ἐγκάρδιον,
3251 603 3324 664 ὡς
3374 603 3519 675 αὐτῷ
3572 601 3640 672 δὴ
3697 606 3846 676 μόνῳ

2195 687 2285 740 καὶ
2337 691 2431 760 ζῇν
2481 687 2570 741 καὶ
2629 694 2774 742 πνεῖν
2834 691 2924 744 καὶ
2974 693 3252 760 κινεῖσθαι,
3290 693 3477 762 ἐπίσης
3531 693 3718 765 ἐκείνῳ
3751 716 3845 748 κα-

2195 775 2458 850 τακράτος
2508 777 2763 851 περιγίνῃ
2793 781 2898 831 τῶν
2953 777 3233 851 ἐναντίων,
3268 781 3383 835 ὅσοι
3426 779 3544 850 δῆτ’
3576 781 3841 853 ἀνταίρειν

2197 866 2280 918 σοί
2321 886 2380 938 γε
2427 864 2644 938 τόλμης
2696 865 2961 940 ἐγένοντο,
2993 869 3200 942 ἀμάχῳ
3250 866 3532 941 δυναστείᾳ
3572 893 3846 941 κατατρο-

2195 954 2479 1026 πούμενοι.
2529 956 2616 1016 Τίς
2675 957 2776 1031 γάρ
2837 978 2894 1011 σε
2948 959 3037 1012 καὶ
3095 955 3456 1030 προσϐλέπειν
3518 963 3660 1040 εἶχε,
3708 968 3844 1018 Θεοῦ

2199 1045 2346 1118 χειρὶ
2376 1050 2603 1119 κραταιᾷ
2632 1047 2721 1099 καὶ
2753 1051 2831 1114 τῷ
2867 1047 3069 1120 ὑψηλῷ
3105 1048 3359 1123 βραχίονι
3408 1051 3603 1104 τούτου
3635 1050 3847 1124 ἐπερειο

2197 1129 2424 1204 δόμενόν
2479 1154 2536 1187 τε
2583 1135 2671 1187 καὶ
2713 1137 3143 1207 στηριζόμενον;
3177 1138 3475 1207 Ἀνίστησιν
3537 1139 3692 1200 οὗτος
3742 1140 3843 1194 πό-

2197 1221 2283 1276 λιν
2344 1221 2618 1294 βασίλειον
2677 1227 2754 1293 τῷ
2813 1229 2950 1295 Θεῷ,
2981 1225 3068 1277 καὶ
3129 1224 3204 1284 εἷς
3252 1225 3459 1286 κάλλος
3508 1227 3703 1301 ἐξαίρει
3753 1228 3844 1282 καὶ

2200 1312 2448 1386 μέγεθος,
2490 1311 2761 1385 σεμνύνων
2815 1311 2876 1366 οῦ
2928 1320 3042 1374 τοῖς
3092 1315 3403 1388 ἀναγκαίοις
3452 1315 3684 1389 διαρκῶς
3737 1318 3843 1389 μό-

2194 1420 2304 1468 νον,
2340 1397 2486 1454 ἆλλά
2514 1421 2576 1474 γε
2618 1398 2684 1468 δὴ
2737 1401 2826 1456 καὶ
2875 1408 2988 1463 τοῖς
3029 1409 3326 1476 περιττοῖς,
3359 1407 3592 1478 τρόπαιά
3620 1427 3676 1461 τε
3709 1409 3845 1460 κατὰ

2195 1489 2257 1542 τὸ
2306 1487 2365 1542 ἐκ
2420 1489 2637 1544 πολλοῦ
2695 1489 3014 1566 ἐμφωλεῦον
3065 1492 3177 1546 ἐκεῖ
3253 1491 3540 1566 λῃστρικὸν
3599 1496 3840 1558 ἀνιστάς.

2200 1577 2517 1652 Ἐλευθέραν
2576 1580 2665 1634 καὶ
2726 1579 2789 1633 σὺ
2846 1580 3046 1650 ταύτην
3096 1587 3200 1636 τῶν
3249 1586 3627 1658 κατασχόντων
3670 1585 3841 1641 πάλαι

2198 1665 2457 1731 δεικνύεις
2514 1667 2745 1742 λῃστῶν,
2805 1671 2893 1724 καὶ
2951 1674 3136 1741 καινήν
3193 1693 3309 1727 τινα
3363 1675 3451 1728 καὶ
3510 1676 3627 1728 νέαν
3687 1675 3840 1737 αὖθις

2196 1755 2551 1831 ἐγκαθιστᾷς’
2606 1758 2822 1834 στεῤῥὸν
2876 1759 3190 1832 περικύκλῳ
3238 1761 3460 1835 βάλλων
3516 1764 3578 1818 τὸ
3628 1771 3842 1839 τεῖχος,

437 1857 563 1908 tum
595 1855 653 1907 et
683 1849 1091 1906 confirmatum
1112 1846 1140 1902 τ
1165 1846 1440 1902 Excitavit
1469 1847 1566 1902 ille
1595 1852 1652 1904 et
1673 1849 1956 1904 exstruxit
1978 1852 2085 1905 Deo

2197 1844 2488 1899 καὶτᾶλλα
2519 1846 2726 1916 ταύτης
2758 1845 2815 1900 εὖ
2851 1847 2998 1918 μάλα
3042 1848 3349 1923 φιλοτίμως
3399 1850 3843 1924 ἐξεργαζόμενος,

442 1943 644 1999 urbem
711 1937 1096 2009 imperialem,
1153 1938 1536 2009 eamdemque
1593 1939 1664 1994 ad
1731 1939 1974 1996 formam
2034 1945 2089 1994 et

442 2030 905 2103 magnitudinem
937 2028 1233 2099 ingentem
1265 2028 1490 2091 extulit,
1526 2045 1641 2084 non
1673 2028 1861 2084 solum
1897 2045 2087 2085 neces-

441 2121 612 2178 sariis
646 2120 818 2174 rebus
849 2118 1303 2180 abunde,verum
1326 2122 1498 2172 etiam
1524 2119 1835 2186 superﬂuis
1868 2119 2087 2191 magni-

438 2209 546 2265 ﬁce
578 2223 884 2274 exornans,
918 2222 1021 2260 nec
1054 2221 1167 2260 non
1199 2209 1415 2276 trepaea
1459 2206 1529 2261 de
1563 2207 1954 2276 praedonibus,
1987 2208 2085 2278 qui

437 2297 623 2353 multo
675 2301 934 2368 tempore
965 2295 1016 2349 ei
1073 2293 1506 2355 incubaverant.
1553 2295 1774 2366 ejectis,
1802 2300 2084 2352 statuens.

434 2385 717 2443 Liberasti
755 2386 901 2440 hanc
931 2390 993 2438 tu
1027 2400 1254 2455 quoque
1283 2385 1354 2439 ab
1391 2384 1474 2438 eis
1519 2385 1619 2455 qui
1663 2399 1790 2439 eam
1837 2401 2084 2457 occupa-

434 2481 640 2532 verant
669 2475 1016 2540 latronibus,
1067 2489 1394 2544 novamque
1442 2491 1568 2528 eam
1609 2481 1663 2528 et
1705 2476 2087 2543 juvenescen-

436 2571 556 2622 tem
599 2563 922 2624 reddidisti,
981 2563 1274 2618 moenibus
1329 2562 1534 2618 solidis
1600 2563 1974 2618 circumcirca
2019 2581 2087 2619 ea

436 2655 664 2723 vallata,
697 2652 943 2724 aliisque
972 2653 1095 2724 ejus
1124 2651 1380 2707 aedificiis
1431 2651 1772 2723 perpulchra
1820 2657 1876 2707 et
1904 2653 2090 2708 ambis

439 2745 586 2800 tiose
608 2743 940 2812 exstructis,
976 2758 1101 2813 quis
1133 2740 1263 2796 laeta
1307 2741 1524 2811 ubique
1572 2741 1697 2796 laete
1741 2758 1866 2797 sese
1903 2741 2086 2797 oculis

439 2834 702 2891 omnium
735 2834 1011 2904 ingerunt
1039 2834 1096 2885 et
1115 2841 1468 2898 consurgunt
1499 2847 1511 2884 :
1535 2831 1893 2900 efi'ecistique
1921 2831 2086 2900 adeo,

442 2927 508 2979 ut
537 2939 662 2987 suo,
690 2922 765 2976 ita
824 2925 888 2976 ut
916 2919 1260 2992 appellatur,
1311 2920 1657 2989 respondeat
1705 2921 1950 2985 nomini,
1989 2922 2087 2990 qui

441 3012 587 3066 alter
632 3009 856 3066 scilicet
913 3009 1176 3063 conditor
1216 3010 1346 3078 ejus
1389 3023 1452 3062 es
1496 3013 1553 3062 et
1599 3010 1744 3063 deus
1799 3009 2084 3064 tutelaris.

440 3099 543 3157 Ille
574 3099 705 3153 fidei
737 3099 949 3168 dogma
978 3097 1364 3164 conﬁrmavit,
1395 3101 1452 3151 et
1490 3095 1723 3168 linguas
1770 3097 1920 3152 male
1953 3114 2090 3153 sen-

439 3188 711 3245 tientium
744 3187 1026 3256 confudit,
1060 3186 1406 3257 injustitiam
1445 3186 1504 3240 in
1555 3185 1801 3241 sublime
1849 3187 2088 3258 loquen-

2198 1931 2398 2012 φαιδρὰ
2437 1933 2681 2009 φαιδρῶς
2738 1937 3052 2011 ἁπανταχοῦ
3111 1944 3228 1999 ταῖς
3287 1935 3470 2012 ὄψεσιν
3526 1941 3845 1996 ἀπαντῶντα

2197 2025 2285 2078 καὶ
2349 2025 2759 2099 συνανίσχοννα,
2790 2026 2878 2079 καὶ
2938 2024 3122 2088 διδοὺς
3179 2027 3460 2084 καλεῖσθαι
3528 2030 3555 2084 ’ὁ
3607 2029 3844 2105 λέγεται,

2200 2107 2448 2182 δεύτερος
2479 2110 2785 2185 πολιοῦχος
2831 2115 2920 2168 καὶ
2971 2115 3216 2185 οἰκιστὴς
3264 2118 3465 2191 κυρίως
3511 2119 3680 2186 αὐτῆς
3711 2121 3847 2172 καθ-

2199 2202 2389 2261 εστώς.
2424 2200 2575 2256 Ἀλλ’
2626 2199 2836 2274 ἑδράζει
2887 2204 2984 2275 μὲν
3028 2203 3227 2267 ἐκεῖνος
3275 2208 3337 2261 τὸ
3382 2201 3558 2282 δόγμα
3597 2215 3696 2277 τῆς
3746 2209 3847 2262 πί-

2199 2307 2387 2355 στεως,
2420 2289 2510 2342 καὶ
2544 2290 2764 2367 συγχέει
2796 2289 3048 2365 γλώσσας
3095 2291 3474 2370 ἀλλοφρόνων,
3506 2293 3716 2350 ἀδικίαν
3765 2295 3842 2358 είς

2195 2377 2257 2430 τὸ
2297 2377 2434 2450 ὕψος
2486 2376 2765 2440 λαλούσας
2792 2401 2802 2411 ’
2833 2381 2921 2434 καὶ
2972 2381 3043 2442 ὡς
3078 2378 3326 2456 Ἀϐραάμ
3372 2405 3452 2444 τις
3502 2382 3672 2446 ἄλλος
3713 2388 3842 2445 τοὺς

2194 2465 2540 2540 τριακοσίους
2615 2467 2868 2536 ἀθροίσας
2931 2469 3243 2544 οἰκογενεῖς,
3302 2474 3527 2526 κατόπιν
3601 2471 3839 2542 ἐλαύνει,

2194 2553 2320 2615 τοὺς
2379 2560 2501 2628 περί
2557 2557 2649 2609 τὸν
2713 2557 3034 2630 μαινόμενον
3095 2560 3305 2632 ’Λρειον
3386 2559 3689 2616 ἐπιδιώκων
3749 2566 3840 2617 καὶ

2195 2644 2577 2720 καταρῥάσσων
2601 2668 2612 2680 ·
2665 2646 2752 2700 καὶ
2782 2649 2845 2701 τὸ
2877 2650 3100 2720 γνήσιον
3127 2655 3206 2722 τῷ
3257 2653 3365 2723 1⁸ὶῷ
3412 2659 3742 2726 προσ-κυροῖ,
3775 2654 3840 2708 ού

2196 2735 2397 2805 κτίσμα
2441 2735 2576 2789 κατὰ
2625 2735 2753 2797 τοὺς
2798 2735 3051 2811 ἄφρονας,
3083 2737 3210 2794 ἀλλ’
3241 2741 3532 2811 ὁμοούσιον
3580 2742 3658 2812 τῷ
3715 2748 3842 2796 Γεν-

2196 2824 2384 2893 νήτορι
2427 2821 2791 2898 δογματίξων,
2825 2825 3006 2880 εἷκόνα
3051 2848 3110 2882 τε
3158 2828 3328 2898 αὖθις,
3355 2829 3480 2885 ἀλλ’
3512 2831 3843 2899 ἀπαράλλα-

2199 2933 2352 2980 κτον,
2411 2912 2498 2966 καὶ
2565 2921 2888 2988 χαρακτῆρα
2943 2923 3041 2984 τῆς
3127 2926 3394 2990 πατρικῆς
3471 2920 3836 2990 ὑποστάσεως,

2199 3003 2287 3057 καὶ
2359 3003 2562 3077 πατέρα
2634 3010 2754 3065 ταῖς
2829 3004 3112 3074 ἀληθείαις
3166 3010 3257 3062 τὸν
3318 3007 3550 3084 ἄναρχον
3612 3018 3832 3085 Πατέρα.

2198 3094 2345 3146 τοῦτ’
2377 3089 2504 3146 αὐτό
2547 3113 2606 3166 γε
2654 3089 2780 3148 ὄντα
2824 3101 2992 3164 ποιεῖ,
3023 3098 3085 3151 τὸ
3136 3102 3408 3171 προσῆκον
3458 3101 3532 3162 ὡς
3573 3107 3830 3174 προσῆκεν

2201 3183 2413 3253 ἀξίωμα
2463 3184 2841 3255 χαριζόμενος.
2874 3185 2933 3237 Τί
2981 3183 3036 3240 δὲ
3083 3187 3170 3240 καὶ
3204 3189 3326 3251 σοίς
3361 3187 3470 3243 Οὐκ
3501 3189 3620 3250 ἴσος
3651 3188 3832 3262 ἐκείνῳ

441 3281 528 3334 tes
560 3296 572 3329 :
607 3279 663 3332 et
688 3275 926 3348 perinde
956 3246 1136 3344 atque
1165 3273 1310 3329 alter
1352 3274 1586 3345 quidam
1623 3246 1945 3339 Abraham:
1966 3281 2083 3332 tre-

2199 3246 2403 3344 δρὸμος
2453 3246 2576 3342 ἑτέῥὶ
2609 3246 2715 3322 ⁷τοῦ
2779 3278 3056 3350 συμφυοῦς
3121 3246 3473 3348 Πνεύματοςς
3524 3246 3838 3352 Συλλόγουις

439 3367 622 3424 centis
651 3368 845 3421 decem
879 3371 934 3420 et
980 3368 1108 3419 octo
1156 3364 1480 3420 vernaculis
1520 3366 1853 3431 contractis,
1885 3383 1998 3436 prae
2028 3383 2088 3422 se

439 3463 556 3532 egit
585 3458 828 3515 Arianos
876 3457 1132 3512 furentes
1175 3472 1529 3528 persequens
1577 3473 1675 3512 eos
1723 3459 1897 3527 atque
1947 3474 2087 3512 con-

439 3550 717 3622 fringens,
751 3561 1218 3619 germanumque
1257 3550 1314 3600 et
1361 3546 1618 3601 nativum
1661 3547 1763 3617 jus
1811 3545 1952 3602 Filio
1983 3548 2085 3602 de-

439 3643 594 3696 creto
625 3654 731 3693 suo
761 3642 818 3692 et
848 3637 1186 3692 auctoritate
1229 3634 1532 3700 stabilivit,
1566 3651 1680 3690 non
1730 3641 2084 3703 creaturam,

441 3727 615 3784 sicuti
649 3726 912 3782 homines
943 3725 1293 3796 desipientes
1323 3725 1542 3794 epitani
1574 3729 1733 3792 sunt,
1766 3726 1864 3780 sed
1888 3725 2088 3796 ὁμοού-

440 3837 580 3885 σιον,
615 3816 722 3873 hoc
779 3819 886 3876 est,
920 3815 1472 3871 consubstantialem
1534 3814 1689 3869 Patri
1743 3832 1876 3870 eum
1935 3831 2084 3884 esse,

442 3923 546 3962 nec
579 3923 692 3962 non
727 3905 1060 3978 imaginem,
1095 3905 1192 3959 sed
1226 3919 1352 3958 eam
1402 3903 1486 3958 illi
1535 3920 1639 3976 per
1685 3905 1879 3960 omnia
1917 3907 2084 3960 simi-

441 3997 581 4064 lem,
614 4004 667 4051 et
696 3995 1095 4051 characterem
1125 4011 1224 4050 seu
1264 3995 1512 4066 ﬁguram
1562 3995 1954 4050 subsistentia
1987 4013 2085 4066 pa-

439 4092 620 4143 ternae
649 4089 932 4154 statuens,
966 4091 1022 4139 et
1053 4085 1274 4139 Patrem
1317 4099 1510 4139 revera
1561 4084 1832 4154 principii
1881 4100 2086 4155 exper-

439 4181 558 4232 tem
590 4175 816 4230 Patrem
848 4191 862 4229 :
899 4174 998 4230 ατ
1027 4173 1084 4228 id
1135 4173 1323 4244 ipsum
1375 4172 1598 4228 scilicet
1626 4189 1757 4229 vere
1805 4173 2086 4228 exsistan-

441 4271 557 4321 tem
603 4263 843 4331 faciens,
875 4266 932 4317 et
986 4267 1428 4333 congruentem,
1460 4261 1538 4315 ita
1597 4266 1659 4315 ut
1714 4278 1946 4331 aequum
1977 4269 2085 4330 est,

441 4353 784 4427 dignitatem
845 4352 894 4406 ei
953 4351 1236 4406 tribuens.
1295 4353 1373 4404 Tu
1433 4367 1565 4404 vero
1635 4352 1824 4422 quid?
1880 4353 2085 4407 Annon

439 4445 708 4502 eumdem
741 4457 876 4498 cum
907 4440 1006 4495 illo
1063 4455 1295 4495 cursum
1346 4441 1415 4495 de
1459 4439 1820 4496 connaturali
1865 4441 2084 4512 Spiritu

437 4530 726 4589 tenuisti?
766 4529 1027 4599 Namque
1083 4528 1328 4584 concilio
1385 4534 1584 4584 coacto
1641 4545 1756 4584 non
1814 4530 2085 4599 equidem

2195 3358 2285 3411 καὶ
2343 3358 2446 3432 γὰρ
2500 3359 2772 3431 ἠθροικὼς
2830 3360 2929 3415 οῦκ
3003 3363 3286 3437 οἰκογενῶν
3343 3363 3408 3435 δή
3469 3388 3653 3434 τινων,
3718 3366 3842 3422 ἀλλ’

2197 3444 2518 3514 Ἐκκλησίαν
2571 3451 2934 3520 πρωτοτόκων
2980 3457 3086 3506 τῶν
3146 3456 3263 3508 καθ’
3312 3456 3477 3526 ἡμᾶς,
3529 3454 3713 3528 ὥσπερ
3762 3478 3844 3518 τις

2195 3533 2318 3595 νέος
2351 3535 2621 3596 καθεστὼς
2656 3533 2929 3612 Ἀϐραὰμ,
2961 3544 3060 3610 τήν
3105 3543 3368 3614 μακαρίαν
3420 3545 3509 3598 καὶ
3560 3544 3718 3607 αὖθις
3762 3548 3845 3616 ξε-

2197 3625 2361 3692 νίζεις
2395 3621 2615 3697 Τριάδα,
2647 3626 2736 3680 καὶ
2767 3628 3144 3705 γλωσσαλγῶν
3178 3631 3460 3708 φάλαγγας
3491 3631 3798 3704 διατέμνεις
3826 3655 3836 3666 ·

2195 3721 2413 3777 κακεῖνο
2461 3728 2670 3794 τρανῶς
2715 3723 2814 3787 τήν
2866 3720 3178 3794 ἐκπόρευσιν
3210 3721 3325 3776 ὅθεν
3370 3722 3486 3798 ἔχει
3537 3722 3842 3800 διασαφεῖς,

2197 3809 2383 3884 ὅτιπερ
2433 3809 2492 3865 ἐκ
2544 3813 2711 3884 μόνου
2763 3807 2978 3879 δηλαδὴ
3036 3815 3132 3864 τοῦ
3183 3813 3411 3884 Πατρὸς,
3444 3813 3563 3866 ὅθεν
3606 3815 3668 3867 τὸ
3701 3813 3840 3868 εἶναι

2197 3903 2591 3974 ἁπερινοήτως,
2624 3900 2770 3970 πλὴν
2801 3906 3092 3976 γεννητῶς,
3123 3902 3211 3956 καὶ
3261 3907 3340 3974 τῷ
3388 3903 3496 3973 Υίῷ
3525 3904 3836 3974 πρόσεστιν.

2196 3991 2356 4042 Ὥστε
2407 3987 2472 4057 δὴ
2532 3990 2746 4043 κάκεῖνο
2834 3989 2894 4042 ἃν
2970 3989 3311 4066 θαρρούντως
3379 3990 3504 4063 ἐρῶ,
3564 3993 3638 4051 ὡς
3708 3991 3843 4064 ὅπερ

2196 4075 2380 4148 ἐκείνῳ
2427 4077 2549 4152 περὶ
2597 4081 2694 4131 τοῦ
2743 4078 2870 4131 Υἱοῦ
2918 4079 3180 4150 πρότερον
3233 4078 3521 4153 ἐχαρίσθη,
3552 4081 3715 4134 τοῦτό
3758 4081 3842 4134 σοί

2196 4167 2247 4241 γ’
2298 4167 2349 4220 ἐν
2398 4166 2639 4240 ύστέροις
2688 4166 3002 4236 ἐνεπνεύσθη
3054 4168 3176 4240 περὶ
3235 4172 3330 4222 τοῦ
3378 4170 3712 4241 Πνεύματος,
3750 4168 3843 4224 ’ίνα

2195 4257 2290 4312 κάν
2346 4259 2560 4313 τούτοις
2619 4257 2691 4318 ὡς
2726 4256 3009 4332 ἐγχωροῦν
3067 4259 3128 4311 τὸ
3181 4255 3304 4312 ’ίσον
3356 4257 3558 4333 ἔχοιτε,
3590 4259 3673 4313 ἐπ’
3700 4258 3842 4320 ’ίσοις

2197 4347 2503 4419 πραγμᾶσιν
2557 4347 2842 4422 ὑπερφυῶς
2904 4346 3306 4418 ταυτιζόμενοι,
3363 4348 3430 4420 τῇ
3502 4369 3559 4402 τε
3626 4347 3840 4423 σπουδῇ

2198 4436 2286 4489 καὶ
2344 4436 2517 4506 πόθῳ,
2549 4435 2637 4489 καὶ
2684 4439 2764 4506 τῷ
2825 4435 3177 4509 ὑπερμεγέθει
3234 4440 3344 4490 τῶν
3405 4438 3668 4510 πράξεων.
3719 4439 3842 4492 Τοί-

2195 4545 2285 4578 νυν
2328 4525 2418 4578 καὶ
2469 4526 2568 4578 οὐκ
2616 4521 2673 4577 ἄν
2725 4545 2775 4577 τι
2825 4528 2919 4577 τοῦ
2951 4528 3154 4578 σκοποῦ
3187 4523 3484 4580 διεκπεσεῖν
3515 4525 3749 4598 δόξαιμι.
3792 4525 3840 4580 εἴ

437 4619 882 4679 vernaculorum
933 4619 1340 4690 quorumdam,
1393 4619 1492 4673 sed
1544 4617 1810 4674 Ecclesia
1878 4619 2085 4688 primo-

2195 4616 2245 4689 γ’
2277 4612 2460 4686 ἐκείνῳ
2496 4614 2591 4685 μὲν
2625 4611 2784 4667 δώσω
2814 4614 2875 4667 τὸ
2905 4613 3157 4685 θεμέλιον
3192 4615 3306 4668 οἷον
3356 4620 3463 4669 τῶν
3519 4615 3691 4689 ὀρθῶν
3739 4623 3843 4684 τῆς

439 4711 765 4782 genitorum
798 4707 1168 4777 nostratium,
1194 4707 1370 4762 veluti
1397 4708 1635 4778 quidam
1671 4724 1854 4762 novus
1903 4707 2085 4762 Abra-

439 4801 598 4868 ham,
630 4800 855 4855 beatam
888 4813 1090 4854 rursus
1122 4797 1368 4867 hospitio
1399 4796 1670 4867 excepisti
1702 4797 2038 4852 Trinitatem
2067 4813 2080 4864 ;

438 4895 496 4946 et
528 4889 844 4960 phalanges
870 4901 1066 4943 eorum
1109 4885 1206 4956 qui
1251 4901 1281 4939 e
1329 4884 1528 4957 lingua
1578 4885 1931 4950 laborarunt,
1963 4887 2082 4941 dis-

438 4980 703 5047 turbans,
737 4977 1163 5050 processionem
1213 4974 1366 5030 unde
1395 4991 1462 5030 ea
1514 4975 1809 5045 proveniat
1860 4976 2082 5046 liquido

437 5068 745 5125 declarasti
771 5084 783 5121 :
809 5083 877 5122 ex
898 5065 1024 5122 solo
1045 5064 1313 5120 videlicet
1334 5065 1775 5134 Patre(1),unde
1795 5065 1968 5120 etiam
1993 5081 2084 5120 ex-

437 5157 759 5214 sistentiam
792 5171 958 5212 suam
991 5153 1418 5224 inexcogitabili
1455 5155 1646 5220 modo,
1679 5157 2079 5209 verumtamen

436 5250 500 5302 ut
527 5245 783 5317 genitus,
818 5243 990 5300 habet
1021 5243 1220 5299 Filius.
1254 5242 1499 5298 Proinde
1530 5245 1587 5296 et
1616 5241 1758 5296 illud
1791 5257 1925 5296 cum
1947 5242 2084 5297 ﬁdu-

505 5373 588 5445 (1)
618 5371 986 5445 Imperatoris
1014 5371 1182 5428 istius
1211 5371 1412 5440 ductu,
1444 5371 1504 5427 in
1549 5369 1795 5445 concilio
1826 5369 2079 5441 episcOpi

435 5441 754 5502 Orientales
794 5444 1079 5516 Spiritum
1108 5447 1372 5499 sanctum
1404 5459 1470 5497 ex
1502 5441 1634 5516 solo_
1659 5442 1844 5509 Patre,
1879 5448 2082 5516 contra

434 5513 855 5583 Occidentales,
889 5517 1196 5588 procedere
1225 5519 1577 5588 statuer_unt_.
1611 5514 1876 5588 Sedinon
1909 5513 2080 5585 longe

434 5593 588 5662 post,
619 5604 649 5642 a
682 5584 1067 5662 nepote'ejus
1093 5587 1317 5643 Joanne
1358 5584 1697 5662 Palaeologq
1734 5584 2081 5662 imperatore

435 5656 691 5728 auctore,
722 5656 782 5715 in
823 5659 1151 5714 Florentina
1194 5658 1436 5728 synodo,
1468 5656 1630 5714 anno
1661 5656 1890 5714 Domini
1919 5657 2075 5725 1439,

437 5733 618 5791 Graci
649 5732 707 5791 in
735 5729 1075 5791 Latinorum
1096 5728 1444 5789 sententiam
1465 5728 1709 5802 pedibus
1740 5729 2075 5802 discessere,
2147 5754 2150 5758 ι

2193 4702 2522 4772 Ἐκκλησίας
2574 4700 2866 4774 δογμάτων
2915 4702 3005 4756 καὶ
3054 4703 3187 4756 εἶναι
3236 4704 3324 4757 καὶ
3375 4704 3748 4775 ὀνομάζεσθαι,
3786 4707 3845 4758 σὲ

2195 4789 2252 4847 δὲ
2306 4792 2398 4845 οἷά
2446 4813 2566 4844 τινα
2625 4791 2822 4870 ὄροφον
2879 4795 3161 4868 πάγκαλον
3215 4789 3405 4847 κλεῖδά
3443 4813 3500 4847 τε
3538 4793 3706 4860 αὐτῆς
3747 4794 3843 4848 καὶ

2195 4879 2462 4960 σφραγῖδα
2511 4880 2728 4948 ἄσυλον,
2761 4883 2849 4936 καὶ
2901 4881 3066 4959 ἄμφω
3113 4885 3174 4937 τὸ
3238 4883 3375 4956 μὲγα
3430 4890 3589 4939 τοῦτο
3641 4893 3840 4959 χρῆμα

2192 4979 2290 5039 τῆς
2345 4966 2614 5033 εὐσεϐείας
2672 4977 2786 5032 τοῖς
2846 4977 2954 5026 τῶν
3019 4975 3264 5038 Πατέρων
3307 4973 3456 5045 ὅροις
3505 4972 3695 5042 ἐπίσης
3731 4973 3844 5028 δια-

2191 5065 2510 5134 τηροῦντας,
2538 5062 2623 5114 καὶ
2679 5061 2778 5114 οὐκ
2813 5060 2899 5114 ἐπὶ
2949 5062 3090 5117 πολὺ
3140 5069 3238 5131 τῆς
3286 5071 3409 5136 γῆς,
3443 5063 3567 5118 ἀλλ’
3598 5066 3842 5120 ἁπαντα-

2195 5154 2300 5224 χοῦ
2348 5150 2435 5204 καὶ
2485 5151 2782 5226 φθάνοντας
2843 5151 2930 5205 καὶ
2989 5151 3390 5222 σαλπίζοντας·
3443 5153 3489 5209 ε⁹ί
3535 5157 3585 5228 γ’
3634 5155 3842 5217 ἐκεῖνος

2194 5241 2287 5313 μὲν
2347 5239 2436 5294 καὶ
2494 5239 2661 5318 ἄμφω
2717 5241 2812 5300 τὰς
2865 5244 3142 5316 γεννήσεις
3201 5247 3454 5316 Χριστοῦ,
3508 5245 3568 5297 σὺ
3620 5242 3677 5298 δὲ
3741 5247 3844 5303 τας

2191 5369 2268 5450 ita
2298 5377 2364 5425 ut
2393 5371 2672 5450 Spiritum
2708 5379 2976 5428 sanctum
3030 5392 3098 5430 ex
3147 5375 3308 5431 Patre
3349 5383 3404 5430 et
3448 5377 3589 5432 Filio
3643 5397 3846 5450 proce-

2191 5443 2325 5518 dere
2366 5445 2795 5518 proﬁtergntur,
2830 5463 2964 5500 cum
3018 5463 3358 5517 persuasum
3411 5451 3496 5504 eis
3525 5443 3701 5518 esset,
3739 5453 3844 5508 La-

2190 5514 2346 5568 tinos
2380 5521 2555 5569 Ueum
2588 5516 2814 5591 Patrem
2853 5514 3081 5573 unicam
3113 5519 3242 5572 Filii
3273 5529 3329 5573 et
3358 5520 3612 5591 Spiritus
3651 5514 3840 5580 sancti

2191 5602 2424 5660 causam
2477 5587 2726 5660 credere,
2760 5590 2872 5644 duo
2919 5607 3047 5644 vero
3099 5587 3652 5660 principia,'duasve
3700 5613 3837 5650 cau-

2191 5673 2286 5714 sas
2319 5659 2373 5713 in
2408 5658 2890 5719 consubstantiali
2917 5658 3194 5717 Trinitate
3224 5658 3525 5718 exsecrari.
