4096 6284
243 421 359 480 593

1698 495 1700 498 .
1731 420 2171 484 DEDICATIO.

3535 381 3650 462 594'

241 553 477 615 ὺστάτας
528 551 788 622 διαθήκας
834 552 1256 629 ἐπισφραγίζεις·
1308 552 1364 607 Τί
1428 551 1484 607 δὲ
1531 551 1618 621 ἄρ’
1665 553 1716 608 ἐν
1762 554 1890 609 τού-

2020 556 2093 612 :ia
2122 555 2308 611 dicere
2334 554 2547 616 ausim,
2580 548 2739 622 quod
2769 547 2853 603 illi
2893 549 3065 604 antea
3097 545 3165 601 de
3195 541 3337 599 Filio
3386 556 3491 613 per
3520 554 3652 612 gra-

237 664 355 702 τοις
393 642 491 713 μὲν
539 643 673 712 πρὸς
713 641 775 696 τό
816 641 931 696 ’ἴσον
974 641 1162 713 ἐκείνῳ
1201 640 1494 714 διαμιλλᾷ,
1535 644 1652 711 ἤθει
1704 641 1759 698 δὲ
1807 645 1895 698 καὶ

241 732 501 805 τρόποις,
530 737 610 803 τῷ
638 753 696 786 τε
737 733 892 804 πράῳ
930 732 1016 785 καὶ
1063 733 1464 808 μεγαλοψύχῳ,
1510 732 1676 805 οἷ’κτῳ
1714 754 1769 786 τε
1809 734 1898 788 καὶ

242 820 638 896 φιλανθρωπίᾳ
687 822 823 893 πρὸς
883 819 939 874 δὲ
989 826 1067 892 τῷ
1118 822 1462 894 ἀνυποκρίτῳ
1508 829 1608 889 τῆς
1658 823 1782 895 περὶ
1834 822 1901 876 τὰ

244 913 362 964 θεῖα
408 905 696 970 εὐλαϐείας
749 912 837 964 καὶ
893 911 1020 971 τοὺς
1077 915 1211 964 Θεοῦ
1263 909 1660 985 λειτουργούς·
1713 909 1791 966 ἔτι
1843 909 1900 964 δὲ

245 1002 326 1070 τῷ
355 1006 470 1054 τῶν
501 999 742 1073 πράξεων
780 999 1184 1074 μεγαλοπρεπεῖ
1222 1001 1309 1054 καὶ
1356 1005 1434 1070 τῷ
1474 999 1760 1076 φιλοτίμῳ
1790 999 1896 1055 τῶν

245 1087 449 1163 ἔργων,
511 1091 602 1143 καὶ
659 1093 720 1144 τὸ
782 1091 1054 1162 μέγιστον,
1120 1095 1200 1161 τῷ
1277 1087 1522 1164 διαπύρῳ
1579 1091 1716 1161 πρὸς
1773 1088 1901 1144 Θεὸν

245 1175 447 1252 ἔρωτι·
487 1177 624 1232 ὥστε
655 1176 722 1246 δὴ
773 1180 861 1232 καὶ
903 1181 1076 1233 πάντα
1117 1178 1319 1246 κάλων,
1350 1179 1413 1233 τὸ
1442 1183 1538 1233 τοῦ
1579 1179 1770 1254 λόγον,
1811 1201 1900 1233 κι-

246 1272 358 1321 νεῖν
404 1267 483 1328 εἰς
537 1265 753 1338 αὔξησιν
809 1269 870 1322 τὸ
919 1263 1077 1329 σέϐας
1124 1265 1448 1333 ἐπιδιδόναι,
1499 1268 1588 1322 καὶ
1637 1268 1898 1341 ῥυθμίζε-

245 1359 372 1410 σθαι
422 1359 563 1430 πρὸς
619 1351 895 1430 ἀκριϐειαν
948 1357 1013 1411 τὰ
1072 1358 1333 1430 ἡμέτερα,
1394 1358 1482 1410 καὶ
1543 1355 1749 1432 λόγοις,
1807 1357 1897 1410 καὶ

241 1447 464 1516 νόμοις,
527 1446 616 1498 καὶ
677 1443 1062 1518 ὑποδείγμασιν
1101 1464 1112 1474 ·
1165 1446 1341 1514 ἢττων
1389 1445 1594 1500 ἐκείνου
1652 1447 1785 1500 κατὰ
1847 1445 1898 1500 τί

243 1537 379 1610 γένῃ
413 1537 506 1589 καὶ
540 1535 674 1613 φέρῃ
705 1537 772 1590 τὰ
802 1535 1021 1610 δεύτερα
1050 1555 1062 1602 ;
1106 1537 1387 1608 Ούμενοῦν
1438 1533 1696 1609 οὐδαμῶς
1722 1558 1733 1567 ·
1770 1522 1903 1590 ὥστ’

247 1627 296 1679 εἰ
352 1629 431 1697 μὴ
481 1625 571 1679 καὶ
623 1627 823 1700 χρόνος
885 1620 1206 1697 μεσολαϐῶν
1253 1626 1314 1679 τὸ
1367 1624 1588 1686 διεστὼς
1649 1624 1899 1696 ἐνεποίει,

252 1713 410 1769 ούδεν
469 1716 537 1782 ἦν
592 1714 693 1788 ἄρα
747 1715 809 1768 τὸ
860 1716 1284 1788 προσιστάμενον
1333 1714 1383 1768 ἐν
1434 1713 1713 1784 ἀλλήλοις
1765 1716 1902 1786 ὑμᾶς

251 1807 463 1860 κεῖσθαι
506 1806 595 1859 καὶ
627 1806 750 1879 παρ’
781 1802 1078 1874 ἀλλήλοις,
1108 1806 1196 1858 καὶ
1230 1803 1296 1859 δι’
1338 1803 1603 1874 ἀλλήλων
1645 1824 1898 1879 περιχω-

257 1898 517 1968 ροῦντας,
556 1898 634 1964 τῷ
685 1891 1090 1967 ἀπαραλλάκτῳ
1135 1893 1507 1968 γνωρίζεσθαι,
1557 1893 1632 1955 ὡς
1673 1898 1743 1967 τῇ
1783 1914 1915 1947 ταυ-

251 1983 450 2051 τότητι
515 1981 790 2036 λανθάνειν
853 1982 1136 2054 ὁπότερος,
1197 1980 1367 2043 ἄλλος
1444 1982 1605 2043 αὐτὸς
1660 1983 1914 2056 ἑκάτερος

253 2069 514 2144 ἄντικρυς
571 2072 694 2144 παρ’
754 2072 968 2142 ἑκάστῳ
1040 2070 1389 2144 κρινόμενος,
1466 2072 1708 2144 καθάπερ
1769 2071 1909 2143 μέρη

253 2160 346 2214 καὶ
391 2161 551 2233 ἀέρος
592 2160 678 2213 καὶ
710 2157 903 2222 ὕδατος
934 2158 986 2212 ἐν
1031 2158 1310 2229 ἀλλήλοις
1358 2161 1682 2234 μιγνύμενα.
1731 2160 1825 2213 Καί
1854 2179 1916 2231 γε

378 2250 471 2302 καὶ
529 2251 675 2303 τοῦτ’
731 2249 896 2303 εἰπεῖν
944 2248 1076 2321 μετά
1125 2248 1355 2322 θάρρους
1403 2249 1502 2302 οὐκ
1548 2247 1653 2302 ἀπδ
1707 2248 1911 2322 τρόπου

256 2340 536 2411 εἰρήσεται
564 2359 576 2370 ο
621 2340 693 2400 ὡς
735 2339 824 2392 καὶ
864 2342 970 2393 τῶν
1001 2337 1128 2392 ἴσων
1169 2336 1235 2407 δὴ
1281 2343 1451 2414 γερῶν
1491 2338 1701 2410 ἐκείνῳ,
1752 2336 1914 2407 δόξης

256 2431 302 2483 τ’
349 2427 416 2482 αὖ
469 2428 559 2481 καὶ
619 2428 911 2503 στεφάνων,
976 2427 1211 2488 στάσεώς
1262 2448 1320 2481 τε
1379 2428 1490 2498 ἅμα
1542 2428 1633 2480 καὶ
1691 2428 1914 2499 τάξεως,

2008 647 2150 700 tiam
2185 647 2383 699 datum
2413 646 2524 708 est,
2557 641 2616 695 id
2643 639 2748 694 tibi
2800 640 3000 710 postea
3050 635 3120 690 de
3162 632 3379 704 Spiritu
3409 631 3657 702 inspira-

2009 738 2134 788 tum
2165 749 2329 788 esse:
2364 733 2444 787 ita
2471 737 2532 785 ut
2562 730 2619 784 in
2678 728 2787 784 hac
2839 740 3070 798 quoque
3131 730 3310 794 parte,
3369 725 3655 792 quantum

2013 823 2358 894 permissum
2400 826 2508 887 est,
2539 836 2764 892 aequam
2807 817 3041 872 laudem
3071 813 3355 879 habeatis,
3379 811 3439 866 in
3463 826 3657 880 aequa-

2008 913 2166 968 libus
2223 917 2279 967 et
2331 911 2551 965 eisdem
2605 909 2780 964 rebus
2842 904 3080 961 mirifice
3139 900 3414 974 aequalem
3488 906 3662 969 alque

2009 1002 2281 1058 eumdem
2311 999 2608 1055 consecuti
2641 997 2944 1063 honorem,
2979 993 3199 1064 insigni
3222 991 3498 1046 nimirum
3522 1003 3662 1059 erga

2012 1090 2272 1145 divinum
2309 1094 2533 1145 Numen
2567 1087 2760 1143 studio
2791 1090 2849 1142 et
2897 1083 3206 1150 desiderio,
3257 1094 3362 1136 nec
3419 1095 3534 1135 non
3570 1091 3659 1132 re-

2012 1197 2140 1236 rum
2205 1186 2465 1235 actarum
2519 1175 2944 1250 magnitudine.
2994 1173 3200 1244 Itaque
3254 1168 3399 1226 nihil
3450 1184 3542 1223 me
3591 1165 3664 1250 ab

2012 1270 2282 1326 instituta
2311 1269 2570 1324 veritatis
2601 1267 2826 1323 ratione
2856 1264 3256 1319 discessurum
3296 1263 3453 1329 puto,
3485 1258 3535 1312 si
3579 1254 3666 1311 ίιιι

2014 1361 2250 1431 quidem
2282 1359 2388 1414 hoc
2421 1358 2700 1424 tribuere,
2744 1355 3186 1410 fundamentum
3230 1345 3662 1421 quodammodo

2013 1465 2144 1504 eum
2181 1453 2468 1503 rectorum
2504 1446 2767 1500 Ecclesia
2801 1445 3135 1514 dogmatum
3167 1443 3223 1495 et
3269 1453 3394 1494 esse
3433 1445 3486 1492 et
3537 1449 3672 1508 per-

2013 1537 2236 1592 hiberi:
2287 1542 2339 1591 te
2397 1552 2527 1593 vero
2577 1536 2808 1590 cuidam
2869 1528 3263 1603 pulcherrimo
3328 1524 3560 1596 fastigio
3613 1526 3672 1578 et

2013 1625 2157 1680 clavi
2189 1630 2360 1696 atque
2392 1623 2586 1696 sigillo
2616 1624 2841 1693 integro
2869 1632 3235 1690 comparem:
3268 1625 3321 1670 et
3345 1620 3666 1683 utrumque

2013 1713 2222 1786 ingens
2254 1712 2410 1769 istud
2441 1729 2584 1769 versa
2609 1709 2838 1784 pietatis
2861 1711 3308 1764 monumentum
3333 1721 3401 1760 ex
3426 1703 3675 1759 Patrum

2023 1804 2357 1874 prescripto
2389 1817 2746 1866 conservare,
2798 1805 2972 1870 atque
3019 1797 3076 1851 id
3127 1812 3244 1851 non
3276 1795 3333 1850 in
3365 1793 3670 1864 plerasque

2027 1898 2190 1948 terras
2221 1898 2432 1962 partes,
2466 1893 2566 1947 sed
2599 1891 2726 1946 loca
2772 1889 2988 1959 ubique
3019 1885 3217 1942 omnia
3249 1896 3589 1955 propagare,
3621 1881 3677 1934 et

2029 1990 2303 2052 tanquam
2349 1983 2596 2037 buccina
2625 1979 3000 2051 promulgare
3039 1977 3249 2031 dicam.
3310 1969 3677 2041 Quandoqui-

2026 2071 2155 2126 dem
2187 2070 2286 2126 ille
2318 2076 2628 2141 utramque
2677 2067 2885 2123 Christi
2933 2065 3389 2138 generationem,
3435 2066 3496 2116 tu
3547 2074 3677 2116 vero

2029 2166 2388 2231 postremum
2451 2164 2866 2214 testamentum
2929 2153 3118 2225 sigillo
3172 2151 3484 2222 consignas
3554 2153 3678 2204 tuo.

2026 2249 2333 2305 Enimvero
2364 2266 2436 2306 an
2469 2253 2532 2303 tu
2583 2248 2818 2319 quidem
2854 2245 2910 2300 in
2946 2245 3117 2300 rebus
3151 2259 3296 2314 quas
3328 2239 3582 2296 diximus
3614 2253 3683 2292 ex

2033 2355 2196 2410 asque
2228 2355 2358 2395 cum
2419 2338 2518 2394 illo
2566 2343 2777 2404 certas,
2837 2350 3064 2391 morum
3124 2341 3313 2388 autem
3373 2331 3682 2385 consuetu-

2029 2430 2183 2496 dine,
2225 2428 2553 2494 clementia,
2587 2424 3087 2498 magnanimitate,
3127 2418 3542 2485 misericordia,
3579 2417 3684 2472 hu-

261 2517 353 2570 καὶ
412 2524 514 2586 τῆς
573 2515 942 2571 ῖσαποστόλου
997 2515 1269 2587 κλήσεως,
1340 2518 1473 2588 μετά
1527 2523 1626 2585 τῆς
1707 2521 1908 2590 μακρᾶς

2031 2519 2311 2574 manitate
2343 2523 2615 2590 praeterea
2645 2516 2866 2572 sincera
2898 2518 2955 2569 et
2982 2509 3370 2567 simulationit
3390 2509 3590 2577 ignara
3619 2506 3680 2562 in

264 2606 469 2675 ἐκείνης
508 2607 598 2660 καὶ
644 2604 952 2681 ἀδιαδόχου
995 2607 1270 2679 βασιλείας
1303 2627 1361 2660 τε
1406 2606 1496 2659 καὶ
1530 2607 1733 2684 ἀρχῆς,
1781 2606 1908 2679 πρὸς

2036 2611 2218 2665 Deum
2254 2607 2554 2680 religione,
2599 2612 2771 2678 atque
2822 2606 2880 2661 in
2923 2603 3024 2660 Dei
3076 2601 3377 2657 ministros
3422 2598 3676 2670 pietate:

272 2700 409 2749 Θεοῦ
455 2694 728 2770 λαμπρῶς
779 2695 970 2765 ἐπίσης
1021 2695 1210 2768 ἐκείνῳ
1253 2695 1340 2750 καὶ
1393 2697 1448 2750 σε
1493 2696 1908 2768 καταξιωθῆναι.

2029 2700 2269 2771 insuper
2299 2699 2590 2754 actionum
2626 2693 3080 2768 magnificentia,
3113 2705 3472 2762 Operumque
3494 2687 3678 2742 ambi-

279 2786 423 2841 tioso
453 2790 790 2858 splendore:
827 2789 1092 2858 denique,
1127 2790 1280 2859 quod
1317 2787 1637 2843 maximum
1665 2796 1770 2856 est,
1827 2788 2086 2859 ﬂagranti
2153 2807 2289 2859 erga
2345 2790 2525 2844 Deum
2587 2803 2820 2852 amore;
2884 2785 3026 2840 adeo
3087 2799 3247 2849 sane,
3308 2785 3372 2836 ut
3413 2793 3676 2844 omnem,

289 2875 451 2930 sicuti
485 2878 534 2933 in
568 2879 870 2950 proverbio
901 2885 1010 2943 est,
1045 2888 1342 2949 propterea
1373 2880 1615 2934 moverit
1673 2881 1896 2948 funem,
1927 2879 2310 2947 orationibus,
2352 2878 2580 2949 legibus
2628 2881 2684 2931 st
2737 2873 3018 2945 exemplis
3077 2869 3408 2943 propositis,
3469 2873 3535 2923 ut
3591 2883 3679 2922 re-

294 2964 511 3036 ligionis
570 2969 765 3023 cultus
824 2967 1184 3022 incrementa
1241 2985 1345 3022 sua
1405 2973 1655 3040 caperet,
1713 2973 1769 3023 et
1825 2984 1918 3024 res
1980 2977 2191 3024 nostra
2248 2984 2425 3038 quam
2485 2965 2807 3022 rectissime
2871 2962 3302 3024 ordinarentur,
3363 2957 3564 3028 aliqua
3620 2971 3690 3012 ex

277 3067 432 3126 parte
464 3058 563 3113 illo
593 3059 830 3113 inferior
859 3061 1141 3114 secundas
1172 3059 1335 3114 fers?
1367 3060 1422 3113 Id
1458 3075 1592 3115 vero
1622 3065 1849 3114 tantum
1909 3060 2094 3124 abest,
2128 3063 2191 3112 ut
2222 3057 2335 3113 nisi
2390 3057 2542 3129 quod
2604 3054 2863 3110 medium
2912 3050 3242 3108 intercessit
3287 3053 3542 3118 tempus,
3587 3045 3688 3100 in-

274 3147 581 3202 tervallum
616 3149 908 3218 quoddam
943 3149 1194 3215 fecisset,
1228 3148 1368 3203 nihil
1394 3166 1629 3219 prorsus
1662 3149 2056 3220 impedimenti
2118 3149 2393 3216 obstaret,
2455 3147 2769 3218 quominus
2828 3143 2972 3198 alter
3029 3142 3087 3197 in
3153 3140 3333 3196 altero
3390 3138 3536 3194 situs
3593 3150 3691 3191 es—

264 3242 385 3291 set:
420 3245 478 3291 et
508 3238 655 3292 alter
685 3238 757 3291 ab
808 3237 1008 3306 altero,
1070 3243 1242 3309 atque
1301 3240 1443 3294 adeo
1502 3255 1604 3310 per
1663 3240 1929 3300 alterum,
1992 3238 2051 3292 in
2110 3238 2340 3310 publico
2399 3234 2806 3300 obambulans,
2870 3232 2971 3289 28
3029 3234 3261 3302 prepter
3312 3225 3685 3284 indiscretam

261 3327 714 3382 similitudinem
748 3327 827 3381 ita
857 3338 1318 3398 cognosceretur,
1379 3333 1443 3382 ut
1475 3345 1576 3399 per
1604 3344 1732 3383 eam
1773 3327 2240 3395 similitudinem,
2275 3329 2414 3384 dum
2447 3332 2688 3398 uterque
2746 3324 2891 3380 alter
2946 3323 3073 3394 ipse
3131 3328 3386 3376 vestrum
3448 3331 3686 3389 prorsus

263 3432 391 3472 esse
424 3434 456 3470 a
491 3417 750 3486 quolibet
772 3417 1160 3487 judicaretur,
1211 3422 1478 3472 uternam
1529 3423 1703 3484 esset,
1757 3434 1871 3472 non
1922 3419 2064 3473 satis
2107 3423 2420 3484 constaret,
2469 3415 2969 3488 quemadmodum
3002 3411 3145 3468 aeris
3197 3413 3253 3463 et
3309 3424 3471 3478 aqua:
3540 3406 3690 3459 inter

266 3523 327 3560 se
360 3507 684 3562 commisti!
719 3519 924 3578 partes.
961 3509 1108 3573 Quin
1141 3513 1198 3564 et
1226 3508 1395 3578 illud,
1427 3514 1603 3580 atque
1635 3509 1908 3564 audacter
1938 3509 2198 3580 quidem,
2227 3523 2346 3563 non
2377 3516 2568 3562 tamen
2617 3509 2820 3576 praeter
2869 3503 3109 3557 modum
3161 3499 3405 3564 dicetur,
3469 3494 3687 3550 eisdem

267 3602 487 3651 tecum
519 3595 620 3650 illo
653 3597 844 3666 gloriae
878 3604 934 3650 et
980 3604 1480 3665 ornamentorum,
1549 3599 1686 3652 item
1748 3604 1934 3652 status
1998 3599 2176 3655 simul
2236 3604 2293 3655 et
2347 3597 2590 3664 ordinis,
2650 3594 3094 3666 apostolicssque
3150 3590 3318 3660 plane
3351 3585 3689 3652 vocationis,

269 3704 388 3741 una
420 3703 556 3743 cum
590 3687 814 3742 diutino
848 3689 967 3755 illo,
1002 3695 1060 3743 et
1091 3691 1242 3759 quod
1303 3689 1733 3745 successionem
1783 3690 2027 3760 nesciat,
2086 3705 2265 3761 regno
2321 3692 2379 3743 et
2437 3685 2698 3757 imperio,
2759 3682 3016 3756 premiis
3074 3685 3131 3737 et
3188 3675 3508 3736 honoribus
3547 3687 3689 3730 sane

271 3793 447 3846 quam
490 3776 794 3848 splendide
825 3777 1005 3832 Deum
1033 3779 1341 3850 dignatum
1381 3796 1530 3835 esse.

345 3959 469 4031 Ἆρ’
529 3958 619 4013 οὗν
673 3960 870 4021 ἱκανῶς
923 3961 950 4014 ὁ
1001 3959 1162 4035 λόγος
1211 3960 1300 4014 τὸν
1359 3959 1490 4034 ἐμὸν
1551 3960 1908 4036 αὐτοκράτορι

2104 3962 2214 4018 Sed
2247 3960 2402 4017 enim
2436 3974 2575 4015 num
2612 3959 2764 4012 recte
2794 3959 2850 4010 et
2889 3954 3062 4024 digne
3095 3949 3235 4005 satis
3266 3946 3461 4004 oratio
3493 3946 3685 4016 impe-

271 4049 365 4102 καὶ
396 4048 632 4122 ἀρίστως
682 4048 1174 4127 ὑπεζωγράφησεν;
1233 4051 1303 4105 Ἥ
1351 4047 1451 4121 δεῖ,
1503 4051 1740 4124 καθάπερ
1789 4051 1915 4114 τοὺς

269 4142 380 4192 τῶν
430 4137 734 4216 ζωγράφων
784 4137 1058 4210 ἐπιμενεῖς
1116 4139 1205 4193 καὶ
1269 4141 1344 4212 μή
1400 4138 1660 4219 φαύλους,
1713 4160 1914 4216 προσε-

268 4222 569 4282 πιϐάλλειν
618 4229 708 4282 καὶ
755 4225 914 4301 ἕτερα
966 4229 1240 4306 χρώματα
1271 4251 1284 4299 ς
1321 4228 1495 4286 Ἀλλὰ
1545 4229 1625 4293 τίς
1654 4230 1712 4284 ἂν
1748 4229 1916 4306 λόγος

268 4315 480 4380 κάλλος
509 4321 766 4372 τοσοῦτον
797 4319 884 4372 καὶ
917 4321 1102 4390 ψυχῆς
1134 4320 1219 4372 καὶ
1249 4319 1499 4391 σώματος
1532 4315 1910 4394 διαγράψειεν;

270 4408 416 4482 Ἐγὼ
452 4407 547 4478 μὲν
591 4405 689 4461 οὒκ
739 4409 921 4480 οἶμαι,
975 4407 1072 4462 κᾶν
1105 4406 1300 4469 πάντες
1351 4407 1425 4470 εἷς
1475 4404 1528 4462 ἓν
1580 4409 1773 4482 ἀθρόον
1823 4409 1912 4462 καὶ

267 4498 438 4551 ταυτα
484 4498 778 4568 γένωνται·
844 4496 1070 4552 Πλάτων
1124 4496 1322 4559 ἐκεῖνος
1369 4505 1467 4566 τῆς
1522 4498 1911 4574 μεγαληγόρου

270 4587 360 4641 καὶ
409 4586 603 4664 φρενὸς
645 4586 736 4640 καὶ
788 4585 1062 4662 γλώττης,
1113 4586 1147 4655 ἢ
1199 4587 1327 4660 γοῦν
1377 4587 1727 4658 Δημοσθένης
1780 4587 1914 4659 μετὰ

271 4682 372 4744 τῆς
430 4675 852 4748 ὁποκαθημένης
909 4680 1022 4729 τοῖν
1077 4674 1261 4750 λόγοιν
1314 4673 1646 4745 δεινότητος,
1687 4675 1722 4743 ἢ
1773 4684 1916 4730 Θου-

269 4760 498 4833 κυδίδης
545 4763 631 4817 καῖ
683 4760 1064 4834 Ἀριστείδηςο
1119 4764 1145 4816 ὁ
1199 4763 1292 4835 μὲν
1344 4763 1418 4827 εἷς
1467 4761 1634 4837 ὄγκον
1686 4763 1911 4837 ἐξαίρειν

276 4852 474 4927 λόγους
526 4849 710 4921 εἷδὼς,
740 4852 766 4906 ὁ
817 4849 863 4905 δ’
912 4851 1180 4926 ἀμιμήτῳ
1229 4854 1417 4928 φράσει
1463 4851 1638 4928 λέγειν
1691 4855 1912 4926 μαθών

275 4944 363 4996 καί
397 4943 451 5017 γ’
483 4938 684 5002 εἰδότες
719 4942 896 5015 ἀκρως
929 4940 1094 5016 ἄμφω
1135 4939 1201 5010 δὴ
1244 4942 1332 4996 καὶ
1382 4941 1539 5014 μόνοι
1588 4941 1788 5016 λόγους
1816 4941 1918 5013 ἐξι-

275 5035 401 5084 σοῦν
453 5031 762 5103 πράγμασιν
799 5048 811 5061 ·
872 5028 1000 5084 ἀλλ’
1059 5027 1176 5084 οὐδ’
1233 5029 1507 5099 Ἀπελλῆς
1567 5028 1770 5093 ἐκεῖνος
1828 5032 1917 5085 καὶ

278 5119 582 5190 Λύσιππος,
627 5117 680 5173 οἵ
733 5119 1045 5198 χρωμάτων
1109 5118 1295 5194 ἀρίστῃ
1346 5119 1529 5195 κράσει
1578 5121 1676 5189 τήν
1721 5141 1908 5197 γραφι-

2026 4057 2269 4108 ratorem
2302 4065 2494 4106 meum
2529 4042 2838 4120 depinxit?
2888 4047 2972 4098 An
3025 4041 3224 4108 etiam,
3257 4038 3314 4094 id
3358 4037 3510 4109 quod
3545 4034 3683 4090 dili—

2026 4145 2228 4214 gentes
2258 4144 2315 4194 et
2355 4137 2576 4194 laudati
2631 4135 2878 4207 pictores
2907 4132 3144 4200 faciunt,
3176 4127 3399 4184 colores
3432 4125 3684 4194 insuper

2025 4232 2168 4288 alios
2195 4229 2445 4300 adjicere
2475 4243 2621 4297 opus
2651 4229 2740 4281 est
2759 4223 2787 4278 ?
2838 4228 2906 4277 At
2947 4234 3216 4293 quisnam
3248 4216 3420 4272 verba
3450 4219 3677 4300 tantam

2025 4327 2082 4376 et
2111 4298 2293 4376 animi
2329 4323 2387 4375 et
2434 4316 2688 4385 corporis
2739 4311 3241 4385 pulchritudinem
3294 4298 3679 4362 describent?

2025 4413 2138 4484 Ego
2170 4410 2407 4481 quidem
2440 4407 2561 4461 ﬁeri
2589 4405 2645 4460 id
2689 4420 2859 4474 posse
2891 4418 3006 4458 non
3038 4406 3199 4472 puto,
3251 4395 3478 4484 etiamsi
3505 4389 3677 4484 simul

2023 4478 2224 4553 omnes
2279 4496 2339 4550 in
2398 4493 2589 4549 locum
2630 4493 2901 4546 eumdem
2953 4487 3320 4552 conveniant,
3362 4482 3521 4537 Plato
3579 4478 3677 4533 ille

2022 4601 2154 4642 eum
2190 4583 2493 4656 magniﬁca
2520 4589 2578 4636 et
2610 4586 2801 4635 mente
2829 4583 2886 4634 et
2915 4577 3135 4648 lingua,
3169 4579 3226 4629 et
3255 4568 3676 4628 Demosthenes

2023 4691 2156 4731 cum
2186 4692 2254 4731 ea
2283 4690 2416 4747 quae
2447 4669 2692 4727 orationi
2725 4670 2852 4740 ejus
2883 4665 3151 4723 subsidet
3179 4662 3234 4717 vi
3264 4665 3320 4716 et
3349 4661 3630 4730 gravitate
3656 4669 3672 4708 :

2025 4772 2080 4822 et
2110 4761 2479 4835 Thucydides
2535 4765 2594 4815 et
2649 4757 2954 4825 Aristides,
3022 4767 3268 4826 quorum
3326 4747 3473 4804 alter
3532 4760 3666 4798 cum

2025 4856 2279 4927 pondere
2309 4850 2483 4910 verba
2514 4848 2790 4920 proferre,
2841 4844 2985 4902 alter
3013 4859 3077 4899 ea
3115 4839 3459 4905 elocutione,
3493 4847 3671 4904 quam

2024 4924 2242 5000 imitari
2278 4956 2395 4998 non
2449 4941 2542 5007 sit,
2602 4937 2792 4992 dicere
2849 4934 3047 4991 novit:
3103 4930 3336 5000 utrique
3392 4939 3551 4991 sane,
3610 4924 3669 4977 et

2026 5047 2204 5106 prope
2234 5031 2363 5101 soli,
2397 5031 2465 5086 ad
2501 5042 2799 5085 summum
2841 5024 2989 5080 facta
3017 5019 3207 5077 verbis
3236 5023 3670 5106 exsequarepe-

2027 5099 2283 5178 rut-Sed
2341 5099 2529 5190 neque
2563 5115 2790 5187 Apelles
2820 5116 2877 5168 et
2934 5110 3241 5182 Lysippus,
3301 5103 3395 5174 qui
3448 5099 3671 5171 optima

273 5210 375 5276 κήν
403 5208 542 5281 ἦραν
576 5207 651 5270 εἷς
694 5195 848 5280 μέγα,
889 5207 1174 5282 ἐμψύχους
1212 5207 1407 5283 ἀλίγου
1457 5206 1564 5263 δεῖν
1615 5195 1908 5284 ἐργασάμε-

2024 5214 2283 5270 colorum
2314 5213 2706 5282 temperatura
2754 5207 2935 5259 artem
2993 5195 3266 5270 pingendi
3318 5202 3670 5284 magnOpere

273 5319 355 5352 νοι
389 5296 616 5358 πίνακας
644 5314 657 5329 ⁸
693 5297 726 5365 ἢ
758 5302 886 5372 γοῦν
919 5295 1138 5360 Φειδίας
1183 5297 1217 5364 ἢ
1269 5297 1486 5370 Μύρων,
1535 5295 1719 5363 δεινῶς
1769 5297 1917 5372 μάλα

273 5388 494 5463 γράφειν
547 5385 976 5460 ἐξεπιστάμενοι,
1016 5386 1103 5440 καὶ
1156 5383 1352 5458 χαλκῷ
1402 5387 1490 5440 καὶ
1545 5388 1720 5450 λίθοις
1751 5409 1914 5443 κατα-

276 5476 500 5548 μηνύειν
548 5475 683 5541 ἦθος
744 5474 972 5552 ἀνδρῶν,
1022 5475 1117 5528 κάν
1162 5478 1277 5534 ταῖς
1333 5472 1567 5553 γλυφαῖς
1632 5479 1914 5548 ὑποκαθη-

277 5572 441 5643 μένας
497 5572 615 5629 τοῖς
673 5571 864 5631 τύποις
925 5565 1262 5644 συνεκφέρειν
1340 5588 1457 5630 πως
1511 5571 1596 5624 καὶ
1656 5573 1750 5633 τὰς
1807 5578 1914 5626 τῶν

278 5655 672 5733 μορφουμένων
738 5657 929 5732 ἀρετὰς
999 5657 1199 5716 ἱκανῶς
1266 5651 1506 5729 ἔχοντες.
1583 5657 1734 5714 Ἀλλ’
1802 5647 1916 5714 οὐδ’

2027 5301 2378 5369 extulerunt,
2437 5304 2493 5354 et
2551 5311 2725 5368 prope
2755 5292 3046 5348 animatas
3107 5283 3674 5369 proposueruntqtaf

2023 5392 2230 5446 bulas:
2290 5366 2394 5444 nec
2452 5366 2592 5442 sane
2651 5382 2884 5438 Phidias
2960 5383 3061 5434 aut
3136 5375 3359 5444 Myron,
3437 5374 3492 5424 et
3557 5366 3672 5434 ipsi

2024 5481 2278 5537 artiﬁces
2318 5477 2555 5550 egregii,
2615 5473 2711 5545 qui
2765 5487 2875 5527 tere
2927 5474 2983 5524 et
3036 5468 3189 5524 saxis
3248 5476 3440 5520 mores
3471 5464 3528 5514 et
3573 5457 3664 5550 in-

2025 5571 2196 5642 genia
2237 5546 2487 5624 virorum
2545 5563 2823 5631 indicare,
2880 5565 2938 5614 et
2988 5558 3048 5613 in
3107 5550 3423 5626 sculpturis
3480 5546 3670 5618 operi-

2026 5661 2246 5730 busque
2277 5657 2416 5727 suis,
2449 5654 2815 5712 subsidentes
2868 5646 3014 5719 ipsis
3065 5642 3421 5730 imaginibus
3465 5650 3667 5730 eorum

278 5747 426 5804 οὗτοι
478 5744 675 5808 πάντες
723 5745 872 5820 εἷ’περ
901 5746 1034 5817 ἦσαν
1069 5767 1080 5780 -
1135 5742 1230 5799 ε⁹ίτ’
1279 5742 1373 5800 οὖν
1422 5743 1592 5801 εῒκόσι
1649 5749 1739 5806 καὶ
1787 5749 1908 5820 στή-

2029 5723 2278 5823 quorum
2310 5723 2526 5804 formas
2558 5739 3005 5806 adumbrarunt,
3037 5736 3282 5813 virtutes
3310 5724 3489 5790 simul
3519 5723 3664 5783 satis
