4096 6284
308 384 426 446 597

1787 382 2070 448 DEDIGK
2082 383 2234 447 TIO.

3595 381 3714 452 898

309 519 434 585 λοις
479 526 755 596 παρεῖται,
814 521 984 584 ἄλλος
1047 519 1175 595 μάλ’
1227 520 1414 600 ἐφεῦρε
1446 539 1458 552 ·
1521 520 1693 575 πεντα
1748 517 1806 575 δὶ
1861 519 1951 574 καὶ

2071 522 2247 578 nostri
2278 530 2384 591 est,
2419 523 2718 596 sigillatim
2750 523 2852 582 ’res
2909 537 3112 580 omnes
3169 528 3301 581 tuas
3358 539 3713 582 commemo-

308 611 748 687 παραλέλειπται
805 617 918 673 τοῖς
956 617 1083 666 πᾶσι
1132 610 1222 665 καὶ
1273 609 1546 665 λέλεκται.
1582 607 1814 664 Πολλῶν
1850 611 1953 684 γὰρ

309 698 750 773 ἐμϐυθισθέντων
801 708 914 762 τοῖς
975 707 1112 765 σοῖς,
1171 705 1249 772 τῷ
1312 701 1404 771 μὲν
1453 698 1656 768 πολλὰ,
1705 697 1864 771 ἄλλῳ
1900 697 1954 754 δὲ

305 790 567 854 πλεῖστα,
617 796 696 862 τῷ
754 790 799 845 δ’
851 789 1028 865 ἕτερα,
1087 791 1176 845 καὶ
1224 787 1382 861 ἄλλῳ
1406 786 1550 844 ἄλλα
1583 788 1856 864 διαφόρως
1885 786 1955 842 εἴ·

307 885 433 936 πεῖν
490 879 752 956 ἐξεγένετο
788 901 800 914 ·
846 877 1026 936 οὐδενί
1074 900 1134 954 γε
1186 880 1294 952 μήν
1342 877 1586 933 ἁπάντων
1631 877 1706 938 εἷς
1753 879 1957 933 ἅπαντα

304 979 572 1047 χωρῆσαι
620 973 780 1026 τόσον
830 971 1046 1044 τόλμης
1094 969 1350 1041 ἐπῆλθεν,
1390 969 1616 1031 εἲκότως
1666 969 1954 1044 ἀμήχανον

308 1059 485 1114 ἅπασι
517 1065 678 1116 τοῦτο
725 1061 907 1134 κριθὲν
941 1079 955 1092 ·
1007 1059 1082 1121 ὡς
1137 1056 1204 1128 δὴ
1245 1060 1336 1114 κὰὶ
1385 1061 1548 1134 ἡμεῖς
1585 1059 1745 1134 μέρον
1778 1079 1829 1112 τι
1863 1061 1960 1126 τῆς

307 1157 418 1219 σῆς
478 1149 870 1226 φιλανθρώπου
927 1150 1131 1225 ἀρχῆς,
1179 1149 1242 1204 τὸ
1298 1151 1422 1217 περὶ
1477 1152 1578 1220 τήν
1627 1146 1956 1217 Ἐκκλησίαν

311 1244 563 1315 Χριστοῦ
594 1237 1126 1313 κατεσπουδασμένον
1161 1239 1248 1294 καὶ
1305 1236 1534 1309 εὒσεϐὶς,
1577 1237 1755 1314 λέγειν
1786 1237 1955 1312 προό-

308 1330 542 1401 θέμεθα,
584 1331 675 1384 ἅτε
731 1328 797 1399 δή
859 1350 940 1383 σοι
999 1331 1099 1399 τήν
1157 1331 1293 1401 ἡμῖν
1348 1326 1670 1402 προσφάτως
1728 1324 1958 1382 σπουδα-

310 1421 534 1474 σθεῖσαν
587 1413 780 1494 βίϐλον
835 1425 936 1488 τῆς
991 1417 1447 1489 έκκλησιαστικῆς
1508 1419 1747 1492 ἱστορίας
1793 1438 1956 1492 προσ-

312 1515 517 1585 φωνεῖν
575 1509 865 1583 ᾑρημένοι.
916 1509 1028 1564 Τίνι
1078 1509 1182 1584 γὰρ
1233 1509 1295 1563 ἂν
1336 1507 1495 1580 ἄλλῳ
1525 1510 1570 1563 τ’
1603 1507 1776 1583 ἐχρῆν
1809 1534 1824 1576 ς
1861 1506 1958 1562 Καὶ

310 1601 424 1673 γὰρ
485 1597 639 1671 δόξαν
697 1597 840 1654 οὕτω
895 1603 1066 1654 πᾶσαν
1122 1600 1324 1670 ταύτην
1373 1599 1449 1662 εἷς
1495 1595 1550 1653 ἓν
1613 1597 1959 1672 ἀθροίσαντες

308 1689 409 1743 καὶ
471 1686 952 1764 διοργανώσαντες,
1004 1691 1103 1760 τήν
1163 1710 1220 1744 τε
1275 1688 1561 1765 προτέραν,
1605 1689 1694 1743 καὶ
1743 1689 1843 1758 ὅση
1891 1684 1956 1758 δή

308 1776 776 1851 παραλέλειπται,
837 1777 889 1834 ἐν
946 1777 1182 1840 πολλοῖς
1237 1778 1326 1832 καὶ
1385 1775 1667 1855 διαφόροις
1741 1780 1963 1852 ξυγγραο

2070 629 2217 683 rare,
2249 613 2346 671 25
2383 627 2508 685 qua
2539 613 2762 670 dudum
2803 630 2836 672 a
2867 613 3060 672 multis
3090 613 3179 672 vel
3217 616 3341 685 Jam
3395 614 3701 673 celebratas

2066 709 2228 770 sunt,
2259 702 2348 758 vel
2380 703 2572 758 adhuc
2607 703 3076 773 celebrabuntur,
3107 709 3165 760 et
3223 705 3436 762 futuris
3484 705 3713 763 seculis

2065 793 2702 849 commemorabuntur.
2737 794 2802 848 Et
2831 795 3066 865 quidem
3097 811 3221 866 qua
3254 796 3328 850 ab
3385 795 3516 852 aliis
3562 812 3712 868 prae-

2065 882 2342 937 termissa
2372 887 2532 948 sunt,
2555 880 2652 938 alii
2684 883 2951 938 invenere
2976 899 2989 938 :
3025 887 3082 938 et
3113 884 3310 940 omnia
3339 885 3410 940 ab
3441 884 3715 942 omnibus

2066 975 2123 1027 et
2151 971 2437 1042 praterita
2465 976 2523 1028 et
2551 971 2704 1027 dicta
2760 975 2920 1030 sunt.
2954 972 3335 1046 Posteaquam
3402 974 3558 1032 enim
3591 991 3717 1046 per-

2068 1061 2235 1118 multi
2303 1077 2366 1118 se
2423 1060 2496 1118 ad
2545 1076 2636 1118 res
2684 1065 2814 1118 tuas
2861 1063 3422 1132 commemorandas,
3474 1065 3714 1137 perinde

2067 1157 2240 1222 atque
2293 1152 2354 1207 in
2413 1150 2596 1206 altum
2655 1166 2813 1209 mare
2869 1152 3250 1220 demiserunt,
3310 1153 3402 1210 hic
3475 1154 3713 1227 quidem

2067 1240 2272 1307 multa,
2301 1239 2398 1295 ille
2429 1246 2620 1296 autem
2653 1239 2921 1312 plurima,
2946 1242 3184 1313 quidam
3216 1242 3520 1312 nonnulla,
3536 1249 3713 1315 atque

2065 1330 2220 1386 alius
2249 1329 2362 1386 alia
2390 1329 2546 1386 varie
2574 1337 3000 1388 recensuerunt
3025 1348 3040 1388 :
3075 1332 3294 1389 nemini
3324 1333 3559 1406 quidem
3585 1349 3716 1390 om-

2067 1420 2232 1475 nium
2258 1423 2422 1474 tanta
2453 1420 2688 1476 incessit
2716 1420 2977 1488 audacia,
3029 1425 3095 1478 ut
3123 1423 3195 1478 ad
3246 1423 3443 1479 omnia
3498 1424 3715 1480 descri-

2069 1508 2260 1564 benda
2312 1523 2372 1565 se
2418 1508 2724 1579 conferret,
2786 1511 2941 1581 quod
3009 1511 3065 1566 id
3125 1511 3246 1567 ﬁeri
3302 1513 3542 1568 omnino
3598 1529 3712 1569 non

2071 1613 2259 1668 posse,
2292 1601 2444 1654 recte
2473 1598 2545 1654 ab
2602 1599 2876 1655 omnibus
2917 1599 3248 1671 judicatum
3279 1601 3374 1660 sit.
3435 1602 3716 1668 Quemad-

2071 1687 2312 1743 modum
2343 1691 2403 1743 et
2431 1703 2537 1744 nos
2566 1692 2789 1760 partem
2812 1689 3127 1760 quamdam
3161 1691 3506 1761 perhumani
3529 1691 3715 1764 impe-

2071 1777 2142 1831 rii
2172 1777 2278 1844 tui,
2309 1777 2608 1850 egregium
2652 1778 2712 1833 in
2747 1777 3061 1836 Ecclesiam
3105 1779 3316 1838 Christi
3369 1781 3625 1838 studium
3655 1784 3712 1838 et

310 1872 474 1947 φεῦσι
530 1869 620 1923 καὶ
659 1869 1055 1944 πραγματείαις
1109 1866 1460 1942 ἀμωσμέπως
1537 1863 1955 1960 διεσπαρμένην,

2071 1865 2344 1935 pietatem
2421 1872 2606 1936 tuam,
2675 1867 2844 1923 nobis
2902 1868 3209 1926 dicendam
3277 1869 3712 1943 proposuimus,

307 1960 389 2030 τῇ
523 1957 575 2031 γ’
605 1957 798 2032 ἀρίστῃ
835 1959 1002 2034 ψήφῳ
1045 1955 1248 2026 ταύτην
1308 1957 1768 2030 προσανατίθεμεν
1801 1975 1815 1988 ι
1864 1955 1960 2010 κᾶν

318 2055 422 2120 μὲν
453 2046 537 2100 σοὶ
569 2046 779 2120 κριθείη
806 2051 902 2102 τοῦ
933 2045 1106 2101 καλοῦ
1141 2047 1216 2119 μὴ
1249 2043 1586 2120 διαμαρτεῖν,
1620 2043 1676 2099 εὗ
1708 2043 1767 2098 ἂν
1792 2040 1914 2121 ἔχοι
1948 2067 1960 2080 ·

314 2133 449 2191 εἶδ’
501 2133 614 2204 οὖν,
654 2135 728 2197 ὡς
772 2136 817 2191 εἰ
871 2133 1000 2208 μηδ’
1048 2134 1254 2212 ἐγένετο
1299 2136 1425 2210 παρ’
1473 2133 1596 2207 ἕμοὶ
1643 2137 1828 2210 κριτῇ,
1875 2134 1963 2188 καὶ

314 2230 452 2280 πᾶσι
504 2222 724 2299 σχεδὸν,
767 2225 1170 2301 λογισθήσεται.
1224 2225 1391 2280 Δίεισι
1442 2221 1498 2279 δέ
1553 2246 1655 2296 μπι
1711 2225 1773 2279 τὸ
1833 2224 1964 2300 σύγ-

316 2335 579 2390 γραμμα,
613 2314 688 2376 ὡς
746 2312 1046 2391 έγχωροῦν,
1104 2315 1297 2386 προϊὸν
1337 2313 1444 2368 ἀπὸ
1497 2319 1599 2382 τῆς
1649 2314 1697 2383 ἐξ
1731 2314 1965 2386 οὐρανοῦ

317 2401 581 2473 καθόδου,
613 2404 703 2458 καὶ
746 2409 854 2459 τῶν
902 2409 1177 2478 πατρικῶν
1229 2401 1452 2458 κόλπων
1503 2396 1842 2475 ἀμεταϐάτου
1872 2422 1962 2456 κι-

319 2496 533 2564 νήσεως
592 2497 690 2548 τοῦ
737 2494 1076 2569 προαιωνίου
1133 2493 1223 2548 καὶ
1287 2495 1416 2548 Υἱοῦ
1480 2491 1570 2546 καὶ
1629 2487 1800 2564 λόγου
1866 2494 1963 2546 τοῦ

322 2584 564 2658 ἀνάρχου
615 2587 750 2638 Θεοῦ
792 2583 884 2638 καὶ
933 2583 1166 2656 Πατρὸς,
1192 2587 1290 2637 τοῦ
1342 2584 1540 2656 Κυρίου
1587 2582 1678 2635 καὶ
1710 2584 1842 2636 Θεοῦ
1872 2581 1962 2636 καὶ

327 2677 584 2746 Σωτῆρος
645 2673 806 2744 ἡμῶν
863 2673 1042 2741 Ἰησοῦ
1091 2672 1347 2745 Χριστοῦ,
1381 2671 1583 2734 ἱκανοῖς
1619 2668 1671 2724 ἒν
1711 2670 1960 2743 τμήμασι

333 2757 726 2834 διαιρούμενον,
776 2763 993 2816 Κάτεισι
1040 2757 1084 2814 δ’
1134 2759 1187 2822 ές
1251 2759 1373 2814 ὅσον
1438 2760 1700 2829 ἐξικέσθαι
1763 2759 1957 2838 ἐχρῆν,

333 2849 632 2922 ἀρκούντως
680 2849 873 2927 πόῤῥω
922 2873 998 2922 πη
1037 2855 1147 2907 τῶν
1195 2852 1313 2906 καθ’
1360 2852 1507 2923 ἡμᾶς
1558 2851 1773 2926 χρόνων
1827 2851 1960 2906 ὑπο-

334 2945 539 3014 χωροῦν
575 2961 634 2995 σε
681 2942 771 2996 καὶ
826 2941 1216 3015 αἰωρούμενον,
1252 2939 1412 3002 λείως
1455 2941 1546 2996 καὶ
1595 2939 1822 3014 ὁμαλῶς
1858 2941 1959 3012 μά-

327 3027 477 3084 λιστα
534 3033 899 3109 προηγμένεν,
949 3031 1036 3087 καὶ
1086 3033 1159 3093 ὡς
1233 3033 1411 3107 χρεών
1483 3033 1542 3086 τέ
1599 3053 1660 3110 γε
1739 3034 1961 3088 τοιαῦτα

319 3120 562 3197 φράσεώς
599 3143 660 3176 τε
702 3124 790 3176 καὶ
835 3121 1030 3193 λέξεως
1060 3122 1146 3176 καὶ
1199 3123 1471 3192 συνθήκης
1525 3121 1761 3196 μάλιστα
1790 3119 1958 3197 ἔχειν.

317 3213 620 3286 Τοιγαροῦν
650 3213 738 3266 καὶ
789 3211 995 3285 πρόσου
1041 3209 1106 3283 δή
1153 3235 1251 3283 μοι
1295 3214 1395 3281 τὴν
1442 3213 1759 3288 συγγραφήν
1800 3211 1959 3284 εὐμε-

2079 1953 2290 2026 quippe
2319 1955 2414 2026 qui
2445 1954 2848 2012 ecclesiastica
2875 1955 3139 2012 Historia;
3170 1957 3410 2026 librum,
3448 1973 3649 2015 recens
3679 1973 3713 2015 a

2075 2043 2244 2099 nobis
2281 2043 2704 2116 conscriptum,
2735 2045 3123 2103 dedicandum
3153 2046 3258 2103 tibi
3308 2047 3712 2106 statuerimus.

2075 2131 2178 2187 Cui
2207 2132 2359 2188 enim
2391 2131 2488 2188 alii
2537 2149 2670 2190 eum
2719 2134 3242 2192 consecraremus?
3269 2136 3416 2194 Cum
3462 2152 3716 2209 namque

2073 2220 2263 2276 visum
2295 2220 2459 2278 nobis
2488 2227 2658 2292 esset,
2683 2221 2984 2280 historiam
3024 2240 3152 2281 eam
3179 2241 3412 2282 omnem
3443 2225 3500 2281 in
3528 2240 3710 2284 unum

2073 2312 2334 2368 conferre
2361 2312 2640 2380 codicem,
2689 2313 3060 2386 prioremque
3105 2319 3162 2372 et
3215 2331 3342 2372 eam
3377 2315 3554 2373 simul
3587 2333 3714 2389 qua:

2072 2401 2290 2458 omissa
2319 2409 2423 2469 est,
2457 2402 2517 2458 in
2549 2403 2812 2460 ordinem
2840 2419 3025 2460 unum
3066 2404 3395 2477 disponere,
3429 2422 3462 2462 a
3510 2405 3714 2461 multis

2073 2499 2125 2546 et
2145 2491 2323 2547 variis
2354 2491 2734 2564 scriptoribus
2765 2492 2824 2547 in
2856 2493 3132 2564 cperibus
3164 2493 3430 2566 pluribus
3465 2495 3711 2566 sparsim

2072 2581 2504 2654 quodammodo
2561 2585 2886 2651 tractatam,
2946 2582 3166 2640 calculo
3224 2588 3281 2640 et
3337 2584 3560 2656 judicio
3614 2587 3713 2642 tuo

2069 2670 2290 2742 optimo
2321 2686 2446 2728 eam
2507 2672 2896 2728 exhibendam
2946 2672 3258 2740 duximus;
3293 2690 3358 2730 ao
3389 2674 3439 2730 si
3470 2673 3709 2747 quidem

2071 2760 2362 2818 sententia
2390 2764 2491 2816 tua
2516 2761 2887 2834 comprobata
2917 2762 3111 2828 fuerit,
3163 2766 3316 2820 recte
3371 2779 3430 2819 se
3461 2779 3553 2820 res
3605 2763 3712 2820 ha-

2069 2849 2246 2906 bebit.
2278 2850 2380 2906 Sin
2413 2850 2626 2911 minus.
2659 2851 2898 2923 perinde
2928 2856 3101 2924 atque
3157 2868 3461 2924 nunquam
3491 2854 3714 2910 exstite-

2070 2939 2165 3003 rit,
2199 2953 2326 2995 meo
2358 2939 2544 3010 ipsius
2573 2944 2631 2994 et
2659 2939 2922 2996 omnium
2955 2940 3072 2996 fere
3097 2940 3318 3011 judicio
3356 2942 3708 2998 consebitur.

2069 3028 2438 3100 Progreditur
2468 3036 2658 3084 autem
2692 3028 2835 3084 mihi
2894 3045 3040 3101 opus
3101 3029 3225 3098 hoc,
3283 3047 3387 3103 pro
3417 3046 3483 3087 eo
3540 3035 3712 3104 atque

2069 3117 2195 3174 fieri
2225 3117 2429 3189 potuit,
2462 3117 2629 3174 initio
2660 3121 2895 3190 sumpto
2918 3135 2950 3174 a
2980 3119 3261 3175 descensu
3295 3133 3325 3176 e
3355 3119 3514 3176 cmlie
3537 3123 3711 3192 atque

2069 3207 2434 3262 intransitivo
2465 3222 2496 3263 e
2527 3212 2767 3278 paterno
2797 3208 2950 3274 sinu,
2987 3214 3147 3264 motu
3206 3211 3262 3264 et
3317 3213 3564 3265 transitu
3613 3227 3711 3266 an-

313 3275 596 3367 VQC'°'ﬁV,
630 3299 709 3362 ὡς
743 3275 972 3372 εἴρηται,
1212 3275 1372 3374 ψήσῴ
1406 3275 1777 3376 προσαγομέν,
1815 3275 1954 3371 μὲιλ-

2068 3296 2422 3352 ιθεωουιιιιιὶε
2453 3275 2670 3353 θι-Εἱιίἱ
2717 3302 2775 3354 et
2830 3297 3003 3354 Verbi
3052 3299 3251 3355 aeterni
3309 3299 3711 3373 principioque

314 3387 418 3442 λον
472 3386 531 3442 δὶ
579 3392 647 3461 τῇ
689 3393 859 3463 σεμνῇ
908 3390 997 3444 καὶ
1044 3388 1301 3463 βασιλικῇ
1359 3393 1572 3464 κορυφῇ
1627 3391 1759 3462 μετὰ
1800 3386 1952 3452 δέους

312 3479 412 3532 οἶά
453 3498 574 3532 τινα
624 3478 874 3552 στέφανον
921 3479 1253 3554 περιτίθμεν,
1304 3479 1402 3533 οῦκ
1445 3475 1505 3534 ἔκ
1544 3499 1702 3532 τινων
1743 3475 1956 3551 λειμώ-

308 3573 422 3623 νῶν
485 3568 712 3643 ῥεόντων
763 3571 852 3624 καὶ
900 3570 1278 3626 ἂπανθοόντων
1326 3573 1402 3632 ὡς
1455 3570 1709 3645 τάχιστα,
1742 3567 1854 3624 οὐδ’
1904 3569 1954 3640 ἐξ

312 3657 519 3714 ἀνθέων
575 3662 988 3734 μαραινομένων
1043 3665 1204 3716 τοῦτο
1263 3657 1584 3734 δρεψάμενοι
1624 3660 1714 3714 καὶ
1763 3657 1956 3714 συλλέ-

313 3748 514 3818 ξαντες,
573 3751 656 3803 ναί
719 3750 825 3822 μὴν
886 3747 996 3804 οὐδ’
1055 3749 1116 3804 έκ
1163 3749 1330 3804 λίθων
1393 3753 1700 3827 περιφανῶν
1767 3770 1952 3820 τινων,

314 3834 617 3911 διαυγείαις
671 3837 780 3892 τισί
846 3839 934 3893 καὶ
1020 3842 1227 3914 χρυσοῦ
1284 3837 1682 3913 περιλάμψεσιν
1758 3837 1855 3908 ἡδὺ
1902 3860 1953 3894 τι

312 3921 657 3981 στελϐόντων
689 3926 780 3981 καὶ
831 3925 1045 4001 χάρειν,
1073 3931 1262 3982 τοῦτον
1312 3928 1719 4002 σμμπήξαντες,
1763 3929 1951 3984 θᾶττον

316 4016 792 4091 μετακυλιομένων
843 4019 932 4073 καὶ
983 4020 1378 4096 στρεφομένων,
1427 4020 1516 4075 καὶ
1564 4024 1654 4074 νῦν
1709 4022 1802 4094 μὲν
1829 4025 1952 4076 τοῦ·

308 4127 430 4174 τον,
462 4111 553 4162 νῦν
603 4105 648 4162 δ’
706 4108 929 4180 ἐκεῖνον,
989 4110 1227 4184 καθάπερ
1287 4109 1342 4165 έν
1385 4110 1602 4184 ὀνείρῳ,
1650 4112 1955 4186 πρόσκαιρα

310 4195 614 4272 θελγόντων
670 4219 727 4253 τε
781 4198 871 4253 καὶ
929 4198 1340 4270 περισαινόντων
1395 4220 1409 4233 ·
1470 4200 1596 4256 ἀλλ’
1667 4197 1726 4255 ἔκ
1797 4222 1955 4256 τινων

314 4287 603 4362 ἀκηράτων
654 4285 1019 4361 παραδείσων,
1069 4289 1155 4342 καὶ
1219 4289 1486 4344 ἀθανάτων
1547 4289 1744 4344 ἀνθέων
1830 4289 1952 4363 ἐρα-

308 4376 609 4444 νισάμενοι,
671 4375 796 4431 οὕτε
853 4377 1058 4452 χρόνῳ,
1123 4375 1245 4433 οὔτε
1296 4380 1402 4451 μὴν
1463 4381 1607 4456 γήρᾳ
1674 4378 1954 4434 σθινόντων

311 4485 368 4519 τε
416 4465 508 4519 καὶ
558 4465 1016 4540 ἀμαυρουμένωτ,
1057 4466 1184 4523 ἀλλ’
1232 4467 1428 4522 ὡσανεὶ
1483 4469 1617 4542 μετὰ
1666 4475 1766 4538 τῆς
1810 4466 1953 4530 θείας

311 4555 399 4606 καὶ
449 4561 825 4626 πνευματικῆς
870 4557 1258 4630 γεγραμμένων
1327 4553 1526 4630 ὀδμῆς,
1586 4555 1673 4612 καί
1740 4579 1791 4613 τι
1857 4556 1947 4613 καὶ

2068 3389 2318 3443 carentis
2353 3387 2446 3442 Dei
2479 3396 2531 3443 et
2564 3387 2748 3443 Patris
2779 3387 3010 3444 Domini
3067 3394 3124 3444 et
3157 3389 3250 3445 Dei
3301 3394 3359 3446 et
3396 3391 3712 3446 Servatoris

2069 3477 2251 3533 nostri
2288 3478 2422 3532 Jesu
2475 3477 2709 3546 Christi,
2769 3477 2826 3532 in
2905 3478 3100 3550 plures
3160 3480 3411 3535 divisum
3497 3484 3710 3535 tomos.

2066 3566 2329 3622 Procedit
2359 3582 2489 3622 vero
2523 3566 2589 3622 ad
2616 3583 2749 3622 eum
2782 3565 2882 3638 qui
2915 3567 3290 3625 conveniebat
3318 3568 3533 3632 locum.
3566 3569 3710 3626 satis

2066 3654 2237 3727 longe
2267 3659 2398 3710 ante
2430 3661 2628 3710 nostra
2657 3660 2904 3726 tempora
2934 3657 3212 3714 resistens
3265 3663 3435 3728 atque
3475 3674 3716 3730 suspen-

2066 3760 2196 3799 sum
2231 3744 2383 3800 facili
2414 3750 2587 3816 atque
2640 3746 2844 3817 aequali
2879 3747 3130 3802 maxime
3185 3749 3384 3814 ductu,
3417 3748 3578 3820 quali
3610 3747 3712 3803 sci-

2067 3832 2202 3890 licet
2235 3833 2578 3901 elocutione,
2611 3835 2862 3891 dictione
2913 3843 2971 3891 et
3031 3837 3446 3908 compositione
3497 3837 3713 3909 scripta

2064 3923 2345 3992 ejusmodi
2377 3924 2751 3994 potissimum
2816 3926 3084 3996 componi
3142 3927 3321 3982 decet.
3355 3928 3712 3998 Quapropter

2066 4013 2328 4080 admitte,
2380 4029 2605 4084 quasso,
2662 4013 2912 4085 benigne
2941 4014 3011 4070 ad
3068 4019 3124 4071 te
3173 4015 3478 4072 historiam
3509 4017 3708 4073 hanc:

2065 4117 2267 4173 quam,
2299 4100 2469 4158 sicuti
2505 4101 2727 4158 dictum
2777 4105 2884 4170 est,
2915 4103 2986 4159 ad
3033 4103 3321 4162 calculum
3377 4111 3549 4162 tuum
3582 4122 3710 4179 pro-

2065 4191 2354 4262 ducimus,
2387 4209 2453 4250 ac
2494 4193 2686 4265 potius
2723 4195 3051 4252 venerando
3079 4199 3137 4252 et
3187 4196 3478 4270 imperiali
3511 4197 3711 4254 vertici

2063 4284 2168 4337 tuo
2200 4297 2333 4338 cum
2365 4282 2595 4350 timore,
2624 4281 2808 4339 veluti
2838 4285 3152 4355 quamdam
3200 4300 3476 4342 coronam
3521 4286 3712 4358 impo-

2064 4369 2302 4438 nimus;
2335 4385 2449 4427 non
2488 4371 2755 4442 equidem
2789 4373 2848 4428 in
2905 4373 3081 4444 pratis
3129 4373 3424 4448 aliquibus
3453 4374 3626 4432 ﬂuxis
3654 4379 3712 4432 et

2063 4475 2236 4532 quam
2268 4459 2569 4516 celerrime
2598 4461 3137 4531 deﬂoresceutibus,
3159 4479 3345 4534 neque
3367 4480 3435 4520 ex
3464 4463 3708 4521 ﬂoribus

2063 4547 2562 4606 marcescentibus
2593 4549 2948 4622 decerptam,
2979 4567 3169 4624 neque
3207 4553 3383 4609 etiam
3412 4569 3480 4610 ex
3528 4551 3710 4625 pellu-

314 4639 509 4716 δρόσου
557 4649 660 4712 τῆς
689 4641 739 4712 ἒξ
798 4644 1043 4720 ’Δερμὼν
1086 4642 1564 4719 λειϐομένων.ῐ(αί
1591 4667 1650 4720 γε
1702 4643 1768 4714 δὴ
1822 4649 1950 4701 τοῦ-

2066 4638 2204 4694 nidis
2235 4636 2530 4709 lapidibus
2561 4637 2788 4711 fulgore
2843 4641 3097 4712 quodam
3156 4645 3214 4698 et
3242 4642 3370 4698 auri
3400 4641 3708 4714 splendore

309 4752 397 4786 νον
461 4731 884 4806 συμπλέξαντες,
917 4734 991 4796 ὡς
1047 4733 1194 4806 ἐνῆν,
1241 4739 1310 4809 τῇ
1369 4739 1437 4810 σῇ
1490 4735 1757 4813 κορυφὰίᾳ
1785 4737 1946 4812 άκΡῼ·

309 4840 434 4890 τητι
490 4819 904 4900 ἔφαρυμόζομεν
939 4841 953 4854 ·
1012 4824 1071 4878 ὃν
1111 4826 1270 4897 οἶμαι
1299 4826 1390 4880 καὶ
1416 4827 1445 4880 ὁ
1479 4825 1648 4900 μέγαρ
1681 4825 1835 4894 αἰὼν,
1866 4825 1948 4880 αί-

311 4907 519 4973 δεσθείς
549 4911 678 4974 τοὺς
730 4912 855 4975 σοὺς
916 4914 1294 4991 ὑπερμεγέθεις
1359 4914 1577 4985 ἄθλους,
1628 4917 1949 4991 συντηρήσει

310 5001 618 5076 ῃμάραντον
655 5018 667 5033 ·
723 5002 820 5056 κᾶν
879 5024 960 5064 τις
1017 5004 1105 5058 καὶ
1160 5004 1383 5079 γλῶσσα
1432 5004 1566 5066 τέως
1626 5005 1950 5074 ἀκόλαστος,

310 5089 401 5143 καὶ
459 5087 737 5152 παίδευσις
795 5085 1078 5166 ὑϐρίστρια
1128 5093 1217 5148 καὶ
1275 5090 1507 5164 διάνοια,
1538 5095 1600 5149 τὸ
1653 5100 1752 5163 τῆς
1802 5099 1950 5168 Γρα-

311 5185 419 5254 ei:
451 5179 644 5247 εἷ’πεῒν,
678 5181 893 5254 οὐρανῷ
933 5187 1032 5251 τῆς
1090 5183 1190 5251 σῆς
1247 5180 1413 5257 δόψθς
1470 5180 1655 5238 ἕλοιτο
1704 5183 1951 5260 βλασφη-

315 5274 454 5341 μεῖν,
511 5270 600 5324 καὶ
653 5270 787 5343 βέλη
837 5271 972 5344 πρὸς
1027 5271 1157 5347 ἀέρα
1202 5272 1458 5344 πέμπειν,
1492 5271 1689 5348 λόγους
1749 5277 1796 5328 τ’
1833 5273 1954 5326 ἀναο

314 5363 449 5430 σπᾷν
485 5363 612 5428 τκιᾷ
667 5379 794 5425 τινι,
826 5361 889 5414 τὸ
945 5366 1044 5429 τῆς
1105 5359 1438 5436 τραγῳδίας,
1471 5361 1602 5436 ὅπερ
1639 5363 1757 5417 τινὰ
1815 5360 1948 5416 τολ-

315 5455 486 5520 μῆσαι
517 5447 652 5510 τέως
678 5449 780 5503 οὐκ
809 5448 999 5521 ο’ίομαι
1035 5469 1046 5482 ·
1084 5447 1211 5504 ἀλλ’
1248 5452 1388 5526 ὁρῶν
1426 5451 1686 5524 σεξτοότῳ
1717 5449 1783 5520 δὴ
1831 5470 1950 5506 στε-

312 5537 646 5615 φανούμενον
739 5539 829 5593 καὶ
915 5540 1436 5613 κατακροτούμενον,
1523 5541 1952 5620 ἐμφραγήσεται,

310 5628 399 5680 καὶ
431 5625 644 5684 ἀδικίαν
675 5627 750 5690 εἷς
781 5629 843 5683 τὸ
888 5626 1025 5702 ὕψος
1059 5627 1272 5702 ,λαλεῖν
1327 5631 1497 5706 τάχος
1550 5630 1955 5706 ἀπελεγχθήσε-

315 5734 403 5774 ται
440 5736 446 5744 ’
486 5717 662 5792 πηρός
693 5739 750 5773 τε
779 5720 875 5780 τὰς
915 5714 1067 5793 ὄψεις
1107 5720 1390 5796 προέλθοι,
1426 5719 1555 5796 μηδ’
1595 5721 1831 5778 ἀτενίσαι
1876 5723 1957 5792 τῷ

2061 4725 2170 4784 9ο
2191 4744 2366 4784 suave
2419 4729 2700 4800 quiddam
2729 4733 2787 4787 et
2841 4736 3073 4804 gratum
3123 4731 3541 4800 relucentibus,
3575 4748 3710 4789 con-

2059 4821 2276 4874 sertam
2306 4822 2482 4888 atque
2502 4819 2884 4890 compositam
2915 4836 2929 4875 :
2965 4837 3090 4892 qua
3137 4836 3229 4878 res
3285 4821 3546 4878 celeriter
3572 4821 3710 4878 hinc

2058 4911 2116 4964 et
2171 4906 2306 4962 inde
2361 4907 2563 4963 volutas
2627 4909 3084 4980 transferuntur,
3143 4917 3198 4967 et
3251 4927 3409 4968 nunc
3468 4911 3702 4984 quidem

2055 4995 2233 5057 hunc.
2256 5011 2412 5052 nunc
2441 5012 2574 5052 vero
2630 4996 2794 5053 illum
2857 4999 3093 5070 perinde
3130 5005 3307 5073 atque
3363 5001 3423 5057 in
3453 5001 3700 5056 summis

2057 5086 2126 5141 ad
2160 5087 2332 5142 breve
2362 5089 2594 5157 tempus
2644 5087 2935 5144 deliniunt
2976 5099 3148 5160 atque
3189 5089 3522 5146 demulcent
3554 5108 3568 5147 :
3603 5090 3705 5146 sed

2055 5190 2125 5231 ex
2153 5181 2367 5230 asterno
2400 5176 2664 5246 paradiso
2697 5179 2947 5248 quodam
2979 5184 3035 5234 et
3062 5177 3302 5235 ﬂoribus
3348 5179 3705 5236 immortali-

2059 5265 2167 5322 bus
2197 5265 2520 5334 collectam,
2552 5267 2647 5336 qui
2693 5283 2882 5339 neque
2912 5275 3190 5340 tempore,
3226 5286 3413 5342 neque
3453 5287 3590 5327 sane
3621 5286 3704 5327 se-

2058 5355 2156 5411 nio
2179 5355 2297 5410 ullo
2325 5355 2613 5411 intereant
2643 5365 2693 5411 et
2725 5369 3098 5427 evanescant,
3119 5375 3320 5416 verum
3347 5360 3542 5416 divino
3564 5378 3704 5434 quo-

2059 5446 2194 5501 dam
2219 5444 2390 5499 modo
2447 5448 2505 5499 et
2553 5444 2839 5514 spirituali
2874 5447 3048 5502 odore
3099 5449 3235 5520 picti
3276 5455 3450 5520 atque
3491 5451 3703 5506 imbuti

2059 5536 2200 5601 sint,
2222 5540 2280 5590 et
2309 5532 2528 5604 aliquid
2561 5535 2632 5590 de
2675 5536 2934 5593 stillante
2990 5554 3120 5594 rore
3177 5541 3394 5596 montis
3453 5540 3705 5596 Harmon

2059 5621 2457 5680 deiibaverint.
2512 5621 2671 5678 Hanc
2737 5641 3027 5696 coronam,
3059 5643 3164 5700 pro
3229 5644 3296 5686 eo
3347 5633 3524 5702 atque
3581 5628 3705 5685 ﬂeri

2061 5712 2272 5788 potuit,
2303 5715 2648 5779 contextam,
2707 5731 2952 5774 summa
3009 5716 3354 5776 sublimitati
3409 5721 3523 5774 tua
3568 5716 3707 5777 ada-
