4096 6284
360 353 476 414 599

1655 352 2076 413 NU‘EPHORI
2121 349 2470 412 CALLISTI

3645 345 3756 405 600

365 490 595 556 ptamus
629 502 642 540 :
677 500 876 557 quam,
903 490 967 538 ut
989 488 1150 555 puto,
1174 485 1383 554 ingens
1404 487 1579 540 etiam
1601 501 1808 547 avum,
1834 489 2014 541 maxi-

2142 491 2201 556 τῷ
2256 486 2322 552 δὴ
2380 486 2560 556 τούτῳ
2609 486 2824 556 κόσμῳ,
2883 483 2971 535 καὶ
3028 481 3094 554 τῇ
3160 481 3392 534 ἐντεῦθεν
3472 477 3762 551 ἐκπηδώσῃ

366 590 463 628 ma
491 579 592 629 tua
621 577 943 630 certamina
971 578 1028 626 et
1069 574 1298 628 labores
1355 575 1621 641 veritum,
1654 577 2014 630 conservabit

366 663 941 718 immarcescibilem.
976 662 1217 716 Etiamsi
1272 663 1586 732 aliquando
1629 665 1827 735 lingua
1847 682 2011 734 quaa-

367 752 520 820 piam
552 752 864 823 impotens,
919 756 1095 821 atque
1153 753 1454 823 castigatio
1505 761 1559 806 et
1610 768 1776 807 mens
1805 764 2014 808 contu-

366 839 630 908 meliosa,
665 848 726 895 ut
755 841 1059 911 Scriptura
1097 843 1310 910 inquit,
1346 843 1404 895 in
1437 841 1644 896 cmlum
1678 844 1871 913 gloriae
1903 849 2013 898 tua:

366 930 788 1001 blasphemare,
809 936 982 1000 atque
1017 931 1127 984 tela
1156 931 1214 983 in
1251 945 1442 985 aerem
1478 932 1727 996 mittere,
1751 939 1809 985 et
1837 935 2014 988 verba

365 1019 570 1073 umbra
605 1024 892 1089 quedam,
921 1020 1072 1089 quod
1107 1021 1163 1073 in
1224 1021 1508 1089 tragoedia
1535 1027 1642 1086 est,
1679 1021 1878 1076 tollere
1927 1027 2016 1076 at-

368 1124 485 1177 que
517 1109 735 1179 erigere
766 1109 1020 1178 coeperit,
1043 1109 1198 1178 quod
1252 1111 1487 1178 quidem
1537 1111 1732 1164 minus
1761 1111 2014 1181 aliquem

368 1212 624 1266 unquam
658 1212 940 1251 ausurum
974 1213 1100 1251 esse
1131 1204 1268 1267 puto
1302 1212 1315 1252 :
1349 1203 1447 1252 sed
1497 1198 1596 1252 ubi
1625 1199 1836 1254 viderit
1866 1206 1919 1254 te
1948 1216 2016 1254 ea

366 1300 494 1341 esse
523 1290 864 1341 coronatum
897 1291 953 1339 et
981 1296 1342 1350 exornatum,
1376 1303 1440 1342 os
1470 1289 1598 1356 ejus
1627 1289 2016 1354 obturabitur,

367 1379 425 1428 et
454 1374 803 1444 injustitiam
837 1375 892 1428 in
927 1375 1176 1430 sublime
1209 1374 1360 1444 loqui
1396 1377 1519 1444 ipse
1569 1379 1766 1432 statim
1831 1381 2018 1434 redar-

368 1468 540 1535 gutus
572 1465 992 1534 supersedebit,
1044 1471 1363 1535 captusque
1419 1467 1605 1521 oculis
1646 1469 1919 1538 prodibit,
1955 1474 2020 1524 ut

374 1558 473 1625 qui
500 1555 801 1609 intendere
831 1572 930 1610 eos
962 1558 1020 1609 in
1051 1558 1341 1625 ejusmodi
1376 1568 1788 1614 ornamentum
1827 1566 2016 1624 tuum,

372 1653 424 1701 et
446 1661 573 1716 quae
596 1645 728 1698 inde
753 1661 884 1699 rum
926 1647 1112 1714 gratia
1144 1647 1429 1715 prominet
1458 1656 1516 1702 et
1552 1648 1740 1703 lucem
1793 1655 1850 1703 et
1881 1650 2017 1712 vim,

372 1739 639 1803 nequeat.
673 1733 874 1788 Varios
907 1733 1005 1787 illa
1038 1751 1178 1789 sane
1203 1747 1255 1790 et
1292 1737 1635 1807 omnigenos
1667 1737 1872 1792 ﬂorum
1934 1755 2021 1793 co-

2125 577 2257 648 μετᾶ
2323 577 2550 652 χάριτος
2609 571 2780 646 αἵγλῃ
2843 569 3181 643 δυναμενος’
3244 567 3472 623 ποικίλα
3533 570 3625 640 μὲν
3659 569 3760 642 γὰρ

2121 665 2265 736 αυτῷ
2311 665 2402 718 καὶ
2456 669 2682 717 παντοῖα
2729 664 2794 715 τὰ
2925 660 3122 714 ἂνθὶων
3175 654 3468 714 στίλϐοντα
3516 658 3608 712 xui
3659 655 3765 711 διά-

2121 776 2298 829 χρυσα
2357 757 2649 827 χρώματα,
2686 749 2835 805 ε’ίποι
2881 771 2964 811 τις
3015 749 3074 804 ἂν
3116 755 3444 827 προσφόρως
3497 748 3664 820 ἀγροῦ
3703 747 3764 801 τὸ

2120 839 2490 914 παμϐότατον.
2525 839 2774 895 Μάλιστα
2832 837 2888 894 δὲ
2944 839 3151 892 τούτων
3211 839 3504 913 ὑπερφυῶς
3569 837 3768 910 βρίθει,

2125 936 2222 988 ὅσα
2252 954 2310 987 τε
2329 938 2410 1003 τῷ
2442 931 2620 1003 λευκῷ
2667 929 2916 1000 τέθηλεν,
2951 931 3036 991 οἷς
3078 950 3135 982 τε
3181 930 3242 983 τὸ
3292 932 3567 1004 φοινικοῦν
3615 929 3769 999 ἐξαν-

2125 1026 2226 1082 θεῖ.
2260 1023 2347 1076 xui
2398 1023 2473 1075 ὧν
2519 1023 2580 1074 τὸ
2625 1021 2790 1092 μέλαν
2843 1023 2937 1073 τοῦ
2992 1020 3182 1079 ἄνθους
3235 1019 3285 1078 ἐς
3330 1018 3491 1090 βάθος
3529 1015 3768 1088 μάλιστα

2126 1108 2355 1168 στίλϐει.
2387 1111 2475 1166 Εἶν
2511 1109 2558 1164 δ’
2589 1111 2649 1164 ἂν
2691 1114 2878 1172 ταῦτα,
2930 1108 2979 1176 ἐξ
3031 1110 3102 1160 ὧν
3156 1128 3237 1160 σοι
3288 1107 3378 1161 καὶ
3429 1109 3455 1160 ὁ
3509 1108 3767 1182 στέφανος

2126 1203 2199 1262 ὡς
2260 1201 2450 1276 ἄριστα
2513 1200 2757 1278 ὑφανθεὶς
2809 1195 3140 1265 συνεπλάκη,
3200 1196 3234 1265 ἥ
3293 1199 3340 1250 τ’
3400 1194 3451 1265 ἐξ
3516 1195 3769 1271 ἱεραχίας

2127 1290 2296 1359 στολή
2331 1288 2410 1362 τῲ
2462 1291 2566 1363 βίῳ
2609 1289 2740 1362 ὑπὲρ
2770 1287 2930 1356 ἥλιον
2967 1285 3280 1357 λάμπουσα,
3329 1285 3418 1338 καὶ
3473 1289 3580 1338 τῶν
3627 1303 3768 1354 μαρ-

2126 1384 2299 1454 τύρων
2341 1385 2375 1447 ὴ
2427 1379 2642 1447 ἁληθής
2691 1380 2780 1432 καὶ
2832 1378 3000 1448 σεμνὴ
3057 1376 3349 1451 πορφυρὶς,
3400 1375 3595 1433 ἱκανῶς
3653 1379 3767 1434 τοῖς

2128 1469 2403 1545 σφετέροις
2434 1467 2630 1538 α⁸ίμασι
2680 1463 3020 1541 βεϐαμμένη,
3065 1464 3153 1519 καί
3191 1485 3254 1536 γε
3294 1461 3360 1529 δὴ
3412 1457 3771 1536 καταϐεϐρεγ-

2132 1559 2266 1630 μένη
2303 1577 2315 1591 ·
2376 1559 2512 1631 πρός
2573 1555 2630 1611 δὲ
2686 1556 2775 1609 καὶ
2832 1557 2894 1609 τὸ
2943 1557 3122 1627 φωτὸς
3181 1554 3434 1623 πρόξενον
3480 1553 3649 1622 μέλαν
3683 1553 3771 1604 καὶ

2129 1649 2457 1722 θεοὺφαντον
2513 1643 2736 1718 ἔνδυμα,
2795 1651 3076 1717 προσῆκον
3138 1641 3285 1714 μάλα
3340 1647 3454 1701 τοῖς
3509 1642 3645 1713 πρὸς
3683 1641 3773 1693 τὸν

2128 1739 2412 1814 ἀγγελικὸν
2466 1738 2580 1812 βίον
2630 1734 3058 1790 κατασπεύδουσι
3105 1734 3194 1787 καὶ
3248 1731 3618 1806 ἐπειγομένοις
3658 1753 3668 1762 ·
3724 1730 3771 1798 ἐξ

374 1829 678 1877 ruscantes
709 1827 766 1878 et
814 1838 1019 1878 aureos
1078 1824 1251 1878 habet
1309 1824 1549 1886 colores,
1584 1843 1758 1897 quam
1803 1827 2018 1897 aliquis

2142 1830 2206 1881 ὧν
2262 1831 2297 1897 ἡ
2357 1831 2588 1901 Χριστοῦ
2643 1823 2943 1894 Ἐκκλησία
2997 1825 3086 1876 τὸν
3151 1820 3447 1896 διάχρυσον
3532 1819 3775 1888 καθάπαξ

2198 1924 2219 1928 .-
2308 1917 2318 1928 I
2461 1922 2484 1928 -.
2686 1911 2714 1928 ﬂ
2758 1913 2775 1928 ἱ
2879 1912 2889 1928 Ι
3064 1914 3074 1928 Ι
3325 1911 3376 1928 ΡΙ
3610 1909 3622 1928 Ι

374 1911 682 1982 aptissime
714 1913 838 1982 agri
871 1910 1106 1966 hortum
1131 1911 1440 1968 herbarum
1475 1917 1737 1970 omnium
1773 1916 2015 1972 feracem

373 2001 604 2054 dixerit.
658 2001 1030 2054 Potissimum
1089 2017 1221 2056 vero
1273 2002 1389 2056 illis
1443 2005 1680 2060 miriﬁce
1740 2007 2020 2073 abundat,

377 2089 477 2160 qui
510 2088 861 2159 pullulantes
891 2092 1271 2159 candescunt,
1304 2099 1361 2147 et
1415 2096 1516 2163 qui
1575 2109 1864 2165 purpurea
1895 2112 2024 2165 spe-

378 2181 463 2232 cie
517 2175 745 2241 ﬂorent,
795 2181 1006 2250 quique
1059 2181 1239 2235 nitore
1296 2183 1368 2236 ad
1422 2184 1782 2254 nigredinem
1837 2188 2024 2256 magis

378 2273 698 2337 vergentes,
732 2283 902 2336 quam
955 2271 1203 2324 maxime
1230 2270 1508 2326 relucent.
1545 2273 1693 2327 Sunt
1721 2290 1854 2327 vero
1889 2275 1924 2327 ii
1957 2291 2023 2329 ex

378 2355 593 2426 quibus
649 2371 861 2411 corona
919 2358 1018 2411 tibi
1087 2375 1259 2428 quam
1319 2361 1707 2430 pulcherrime
1763 2369 2028 2419 contexta

381 2451 554 2515 atque
586 2456 852 2499 conserta
877 2453 984 2513 est,
1037 2447 1471 2504 hierarcharum
1532 2453 1696 2516 stola,
1729 2453 1852 2506 vitae
1886 2469 2026 2507 san-

382 2539 580 2588 ctitate
607 2550 782 2605 supra
809 2537 989 2590 solem
1022 2539 1217 2607 ipsum
1239 2555 1552 2594 coruscans
1587 2558 1600 2593 :
1632 2550 1684 2595 et
1709 2547 2028 2613 martyrum

384 2640 518 2678 vera
545 2629 602 2678 et
631 2627 960 2679 veneranda
1015 2642 1290 2697 purpura,
1344 2630 1626 2699 sanguine
1661 2645 1863 2685 eorum
1895 2648 2026 2702 pro-

380 2713 490 2768 lixe
521 2717 700 2767 tincta
733 2720 905 2783 atque
936 2714 1124 2786 rigata
1157 2735 1168 2769 :
1197 2720 1436 2788 insuper
1482 2719 1628 2774 lucis
1667 2721 2030 2775 conciliatrix

381 2804 719 2872 nigrescens
758 2809 816 2856 et
837 2804 1116 2858 divinitus
1139 2812 1407 2861 contexta
1437 2809 1632 2875 vestis,
1669 2809 1786 2864 illts
1827 2809 2026 2865 admo-

383 2879 521 2946 dum
555 2907 903 2960 congruens,
935 2892 1032 2962 qui
1083 2896 1153 2948 ad
1202 2896 1377 2949 vitam
1430 2899 1750 2966 angelicam
1799 2906 2034 2954 conten-

381 2983 531 3035 dunt
558 2986 734 3051 atque
769 2983 1048 3050 aspirarit.
1104 2983 1180 3036 Ex
1237 2986 1448 3054 quibus
1497 2986 1705 3040 Christi
1756 2987 2027 3056 Ecclesia,

382 3085 624 3124 aureum
657 3086 891 3140 prorsus
924 3072 1236 3125 virtutibus
1268 3074 1700 3128 circumamicta
1731 3082 2028 3140 ornatum,

2129 1924 2246 1978 ταῖς
2298 1917 2508 1990 ἀρεταῖς
2555 1911 2962 1988 περιϐαλομένη
3015 1914 3241 1981 κόσμον,
3290 1911 3378 1963 οἷά
3423 1930 3506 1970 τις
3566 1909 3777 1983 νύμφη,

2131 2005 2410 2079 πάγκαλόν
2465 2026 2516 2058 τι
2566 2011 2763 2078 χρῆμα
2806 2007 2886 2074 τῷ
2934 2007 3043 2055 τῶν
3095 2000 3239 2054 ὅλων
3303 1997 3623 2072 παρίσταται
3675 1999 3778 2070 βα-

2134 2094 2276 2150 σιλεῖ
2310 2115 2322 2127 ⁸
2356 2095 2429 2147 ὧν
2453 2093 2517 2162 δὴ
2551 2093 2677 2154 τοὺς
2710 2091 2907 2153 ἁθλους
2937 2090 3027 2144 xui
3057 2091 3182 2150 τοὺς
3233 2089 3441 2162 ἀγῶνας
3490 2090 3524 2154 ἡ
3582 2082 3776 2161 βίϐλος

2135 2182 2349 2255 διέξεισι
2386 2203 2398 2214 ·
2434 2180 2502 2236 δι’
2542 2185 2608 2249 ἧς
2649 2182 2722 2240 ὡς
2755 2180 3013 2251 ὁμοτίμῳ
3041 2181 3277 2242 τούτοις,
3311 2178 3398 2231 καὶ
3431 2177 3520 2229 τὸν
3552 2176 3612 2229 ἐκ
3657 2175 3780 2228 τού-

2133 2295 2239 2327 των
2276 2273 2527 2348 ςτέφανον
2565 2270 2905 2344 περιτίθεμεν
2957 2289 3062 2336 σοι,
3095 2271 3173 2336 τῷ
3222 2266 3374 2320 πάντ’
3428 2265 3634 2335 ἀρίστῳ
3689 2263 3779 2317 xui

2139 2363 2409 2436 βασιλικῷ
2456 2363 2554 2429 τήν
2603 2361 2758 2434 φύσιν
2808 2379 2866 2412 τε
2915 2359 3026 2429 ἅμα
3072 2357 3162 2410 καὶ
3205 2357 3302 2422 τήν
3335 2356 3544 2431 ψυχήν,
3575 2353 3778 2422 ταύτην

2134 2455 2578 2529 προσφωνοῦντες
2639 2447 2704 2516 δὴ
2757 2449 2846 2502 καὶ
2906 2446 3258 2514 ἀνατιθέντες,
3316 2445 3405 2498 xui
3480 2447 3648 2497 ταῦτα
3701 2447 3784 2514 τῷ

2135 2548 2236 2607 τῆς
2287 2539 2447 2609 δόξης
2490 2540 2732 2615 στεφάνῳ
2785 2535 2932 2607 μάλα
2972 2534 3458 2606 διακεκοσμημένῳ
3493 2554 3506 2566 ·
3554 2535 3612 2587 ’ὸν
3655 2534 3782 2587 κάν-

2137 2631 2325 2698 ταῦθα,
2387 2630 2505 2683 οἷόν
2564 2629 2666 2681 τιν’
2726 2621 3018 2700 ἀῤῥαϐὦνα
3072 2628 3169 2678 τοῦ
3227 2622 3524 2695 μέλλοντος
3576 2622 3784 2677 ἐκείνου

2136 2721 2224 2776 xui
2275 2720 2648 2788 αἶ’ωνίζοντος,
2699 2718 2789 2771 xui
2837 2716 3134 2790 προοίμιον
3178 2712 3383 2787 ὥσπερ,
3435 2715 3523 2768 xui
3576 2714 3667 2767 τὸν
3696 2717 3786 2766 νῦν

2141 2811 2434 2882 ὑπὲρτιμον
2470 2815 2569 2874 τῆς
2603 2808 2784 2880 ἀρχῆς
2830 2827 2974 2880 φημι
3020 2804 3300 2881 στέφανον,
3330 2808 3438 2856 τῶν
3493 2807 3600 2855 σῶν
3659 2802 3785 2875 ἀρε-

2137 2905 2266 2966 τῶν,
2328 2898 2611 2973 ὑπερφυῷν
2670 2897 2716 2950 τ’
2773 2894 2997 2967 ἀγώνῶν
3061 2894 3151 2946 xui
3207 2890 3389 2946 ἄθλων
3448 2891 3605 2961 οἶμαι
3659 2886 3786 2943 ἔπα-

2141 2988 2292 3057 θλον,
2352 2989 2379 3040 ὁ
2439 2982 2768 3062 στεφοδότης
2838 2985 3070 3056 Χριστὸς
3138 2981 3474 3055 ἐδωρήσατο,
3552 2979 3778 3052 τρόπαια

2140 3077 2398 3147 κράτιστα
2453 3075 2542 3128 xui
2603 3073 2830 3146 λαμπρὰ
2908 3067 3134 3146 βραδεῖα
3209 3071 3365 3139 νίκης
3449 3068 3772 3145 φερωνόμως

384 3161 558 3214 veluti
588 3160 849 3229 quaedam
875 3177 1110 3230 sponsa,
1136 3178 1258 3216 rem
1281 3163 1545 3217 omnium
1579 3165 2030 3233 pulcherrimam

2148 3164 2397 3236 ἀραμένῳ
2418 3164 2506 3217 καὶ
2539 3165 2809 3232 στήσαντι.

387 3250 785 3305 universitatis
818 3252 991 3320 hujus
1041 3253 1272 3306 exhibet
1301 3259 1474 3323 atque
1507 3261 1877 3322 repraesentat
1909 3258 2025 3327 regi
2083 3265 2140 3313 et
2196 3255 2549 3324 imperatori.
2582 3254 2807 3323 .Eorum
2867 3255 3092 3308 labores
3136 3259 3193 3305 et
3257 3252 3577 3304 certamina
3634 3247 3779 3302 liber

383 3339 498 3393 iste
526 3346 948 3395 commemorat
982 3357 994 3393 :
1029 3341 1121 3396 21
1162 3357 1262 3410 per
1290 3357 1464 3410 quem
1500 3342 1600 3397 tibi
1633 3354 1694 3396 ut
1724 3343 1839 3398 illis
1886 3345 2105 3402 honore
2162 3357 2218 3401 et
2275 3346 2552 3415 dignitate
2609 3341 2837 3411 aequali,
2896 3348 2952 3396 et
3011 3345 3159 3396 hanc
3216 3357 3283 3394 ex
3340 3340 3423 3393 eis
3459 3345 3783 3393 consertam

384 3445 655 3484 coronam
685 3429 1064 3500 imponimus,
1098 3432 1196 3502 qui
1231 3434 1405 3487 rebus
1457 3435 1732 3489 omnibus
1791 3437 2048 3506 optimus
2108 3453 2190 3506 es,
2249 3444 2306 3490 et
2347 3442 2554 3490 natura
2604 3435 2781 3488 simul
2813 3439 2982 3501 atque
3012 3433 3209 3486 anima
3261 3431 3454 3501 regius
3502 3436 3558 3484 et
3605 3432 3790 3499 impe-

385 3519 565 3574 rialis.
600 3521 766 3574 Hunc
797 3519 902 3574 tibi
963 3538 1377 3592 nuncupamus
1431 3533 1602 3594 atque
1657 3525 2022 3597 dedicamus,
2083 3542 2215 3581 cum
2278 3526 2510 3596 quidem
2571 3532 2740 3578 antea
2797 3539 3009 3578 corona
3058 3521 3257 3592 glorias
3302 3534 3649 3591 magnopere
3711 3521 3791 3571 sis

386 3622 699 3664 exornatus
730 3625 743 3662 :
780 3626 953 3680 quam
977 3611 1070 3665 hic
1091 3613 1412 3666 etiamnum
1491 3616 1658 3683 quasi
1721 3614 2037 3686 quemdam
2067 3619 2272 3670 futuras
2327 3615 2487 3668 illius
2535 3622 2592 3668 et
2652 3614 3017 3681 sempiternae
3075 3611 3478 3673 arrhabonem,
3515 3618 3568 3662 et
3617 3608 3794 3660 veluti

387 3700 762 3768 prommium,
815 3699 963 3755 hanc
1007 3701 1268 3770 inquam,
1328 3703 1807 3770 pretiosissimam
1868 3707 2096 3777 imperii
2147 3721 2439 3771 coronam,
2494 3704 2874 3758 miriﬁcarum
2931 3697 3654 3768 virtutum,certaminnm
3713 3700 3799 3749 at-

389 3802 500 3856 que
530 3787 797 3844 laborum
860 3795 1119 3859 tuorum,
1181 3791 1416 3859 perinde
1473 3803 1647 3863 atque
1706 3796 1991 3862 bravium,
2042 3811 2388 3851 coronarum
2435 3793 2674 3863 largitor
2733 3793 3003 3846 Christus
3058 3791 3189 3858 tibi,
3246 3790 3343 3859 qui
3401 3785 3800 3858 pulcherrima

391 3885 629 3947 tropea,
689 3884 746 3933 et
803 3879 1187 3950 splendidam,
1248 3889 1348 3937 tuo
1393 3882 1580 3951 ipsius
1636 3888 1994 3955 respondens
2050 3886 2270 3941 nomini
2328 3886 2424 3954 (8),
2483 3883 2732 3937 victorias
2793 3882 3114 3936 mercedem
3173 3879 3358 3934 tulisti
3420 3882 3596 3947 atque
3669 3879 3790 3929 sta-

391 3969 582 4030 tuisti,
625 3968 878 4024 donavit.

465 4058 609 4130 Ergo
657 4075 762 4128 age
800 4069 882 4129 tu,
934 4061 1032 4132 qui
1080 4062 1239 4117 solus
1285 4069 1518 4130 natura,
1557 4065 1711 4120 sicut
1744 4065 1841 4122 ille
1872 4067 2038 4134 dixit,

389 4146 605 4212 omnia,
649 4163 893 4218 quaeque
926 4151 1151 4218 divinae,
1209 4169 1448 4222 quisque
1502 4165 1724 4208 aeternae
1777 4162 1917 4210 sunt
1944 4158 2043 4210 do-

390 4237 614 4304 ctrinae,
649 4241 934 4308 praecipue
983 4257 1117 4294 vero
1167 4248 1398 4311 propter
1437 4245 1716 4299 eximium
1770 4251 1826 4299 et
1875 4249 2044 4301 sedu-

389 4325 512 4381 lum
548 4327 605 4380 in
639 4343 730 4382 res
759 4343 1021 4398 quasque
1071 4332 1496 4400 pulcherrimas
1527 4335 1789 4387 studium
1849 4341 2040 4400 tuum,

2225 4067 2360 4140 ’Ἄγε
2415 4063 2612 4126 τοίνυν,
2669 4060 2713 4114 ὦ
2772 4059 2834 4114 σὺ
2888 4059 3054 4133 μόνος
3109 4063 3217 4136 φυᾷ
3269 4057 3336 4110 τὰ
3403 4056 3576 4110 πάντα
3613 4049 3798 4124 εἰδὼς,

2151 4155 2286 4208 κατὰ
2343 4154 2434 4206 τὸν
2495 4152 2740 4218 εἰπόντα,
2774 4152 2872 4204 ὅσα
2926 4170 2983 4203 τε
3035 4151 3171 4216 θεῖα,
3228 4149 3319 4201 καὶ
3395 4147 3493 4199 ὅσα
3549 4140 3800 4203 παιδείας

2157 4243 2303 4313 μάλα
2330 4250 2428 4311 τῆς
2491 4243 2738 4314 θύραθεν,
2790 4241 2879 4295 xui
2933 4239 3138 4294 τούτων
3193 4236 3293 4291 ὅσα
3353 4233 3568 4306 μαλιστ’
3626 4230 3803 4303 ἀπόβ-

2154 4334 2292 4406 ῥητα
2347 4335 2455 4386 τῶν
2513 4329 2849 4402 μαθημάτων
2909 4329 2997 4382 xui
3074 4324 3408 4399 ὑψηλότερα,
3467 4327 3536 4396 τῇ
3606 4318 3800 4393 πολλῇ

391 4432 515 4483 qua:
550 4417 604 4470 in
639 4416 972 4487 disciplinis
995 4427 1135 4472 sunt
1155 4436 1366 4474 arcana
1390 4422 1574 4491 magis
1601 4426 2030 4491 etsublimiora

2154 4420 2363 4492 σπουδῇ
2413 4419 2502 4474 xui
2550 4423 2628 4488 τῷ
2677 4417 2960 4496 φιλοπόνῳ
2999 4437 3121 4484 περι
3159 4415 3226 4468 τὰ
3255 4412 3540 4477 κάλλιςτα,
3574 4415 3696 4484 χρῶ
3727 4413 3803 4481 τῇ

394 4507 564 4571 nosti,
602 4507 1012 4572 utereingenio
1069 4516 1193 4574 tuo,
1225 4514 1282 4562 et
1342 4510 1642 4564 materiam
1674 4512 1882 4567 adhibe
1926 4513 2047 4583 igni

393 4596 866 4666 incomparabilis
923 4603 1035 4652 tuae
1088 4599 1430 4654 eruditionis
1487 4606 1544 4654 et
1606 4601 1817 4671 judicii
1865 4619 1878 4656 :
1942 4618 2044 4657 seu

393 4684 588 4754 potius
633 4686 704 4740 ad
753 4688 1034 4741 amussim
1088 4698 1243 4742 tuam
1292 4695 1665 4746 accommoda
1711 4701 1765 4746 et
1811 4691 2047 4762 explora

395 4773 849 4830 lucubrationem
883 4777 1077 4830 istam.
1123 4777 1394 4839 Quamvis
1429 4797 1657 4849 sperem
1689 4782 1864 4849 (nam.
1891 4782 2045 4851 quod

397 4869 568 4918 antea
599 4869 752 4920 recte
799 4865 938 4933 dixi,
979 4865 1038 4938 id
1085 4883 1240 4921 nunc
1291 4885 1525 4939 quoque
1573 4886 1605 4923 a
1655 4887 1746 4925 me
1798 4870 2048 4933 dicetur)

397 4952 624 5008 nullum
658 4957 777 5010 fore
808 4960 924 5009 tam
960 4957 1326 5026 praefractam
1358 4966 1414 5013 ct
1444 4961 1746 5026 audacem,
1781 4966 1846 5015 ut
1878 4959 2050 5015 scili-

397 5050 488 5098 cet
517 5050 648 5114 post
675 5062 987 5103 censuram
1018 5056 1199 5115 tuam,
1234 5051 1316 5103 vel
1352 5050 1596 5117 digitum
1645 5053 1860 5121 scripto
1910 5051 2050 5106 huic

399 5133 673 5188 adhibere
703 5137 926 5191 audeat.
961 5138 1263 5207 Improbas
1302 5154 1433 5194 vero
1464 5145 1518 5194 et
1551 5140 1772 5194 invidas
1819 5139 2049 5210 linguas

399 5237 616 5278 veneno
675 5226 971 5294 parricidae
1031 5227 1319 5298 serpentis
1375 5230 1641 5283 consumi
1701 5235 1759 5283 et
1814 5229 2050 5283 interire

401 5313 689 5382 permitte.
721 5315 862 5377 Quis
897 5332 1171 5387 namque,
1204 5332 1359 5386 rogo,
1396 5318 1451 5372 in
1484 5324 1540 5373 te
1569 5319 1743 5374 rebus
1772 5318 2050 5373 omnibus

402 5402 939 5473 incomparabilem,
1010 5410 1163 5477 quod
1254 5410 1644 5476 malediceret,
1708 5408 1963 5463 habuit?
2018 5423 2050 5461 ο

402 5490 599 5547 divina
627 5492 906 5562 vindicta,
966 5503 1022 5551 et
1079 5497 1340 5554 tonitrua
1397 5504 1455 5553 et
1511 5497 1762 5554 fulmina
1820 5497 2050 5554 cmlitu

473 5676 547 5757 (1)
577 5677 893 5738 Andronici
924 5679 1208 5740 videlicet.

2159 4511 2224 4584 σῇ
2285 4512 2458 4587 φύσει,
2491 4511 2581 4564 καὶ
2634 4511 2732 4576 τήν
2785 4507 2921 4576 ὕλην
2983 4507 3225 4581 πρόσαγε
3280 4508 3360 4574 τῷ
3412 4504 3541 4576 πυρὶ
3570 4507 3668 4568 τῆς
3700 4502 3803 4587 σῆς

2158 4585 2550 4674 ἀπαρ-αμίλλου
2607 4598 2860 4673 γνώσεώς
2916 4617 2973 4650 τε
3019 4597 3109 4650 καὶ
3156 4593 3383 4666 κρίσεως
3417 4610 3430 4622 ·
3469 4587 3680 4662 μᾶλλον
3743 4585 3806 4643 δὲ

2157 4696 2225 4764 τῇ
2261 4694 2327 4763 σῇ
2387 4689 2604 4763 βασάνῳ
2653 4681 2950 4763 παράτριϐε
3005 4687 3104 4753 τὴν
3141 4685 3355 4756 γραφὴν
3399 4681 3490 4734 xui
3539 4677 3748 4748 ἐξέταζε
3785 4697 3800 4709 ·

2157 4780 2246 4834 xui
2279 4782 2406 4850 ὅμοι
2441 4777 2699 4851 πρότερον
2739 4769 3126 4847 ἒπιϐαλομὲνῳ
3158 4770 3333 4846 λέγειν
3365 4769 3548 4828 καλῶς
3579 4765 3801 4840 ὲῤῥὲθη,

2157 4872 2246 4924 xxi
2282 4875 2373 4924 νῦν
2425 4869 2696 4942 εἰρήσεται
2733 4887 2745 4900 ’
2797 4863 2972 4927 οὐδεὶς
3023 4864 3199 4924 οὕτως
3247 4860 3486 4931 αὐθάδης
3528 4859 3618 4913 καὶ
3666 4861 3803 4930 θρά-

2160 4981 2283 5021 σους
2335 4958 2538 5033 γέμων,
2601 4957 2737 5010 ὥστε
2799 4955 2929 5028 μετὰ
2975 4955 3203 5025 βάσανον
3261 4947 3395 5018 δῆτα
3442 4949 3539 5016 τὴν
3572 4948 3670 5014 σήν
3694 4945 3800 5002 τολ

2163 5053 2263 5119 μᾷν
2327 5047 2594 5102 δάκτυλον
2654 5045 2803 5105 αὖθις
2831 5048 2947 5104 ταῖς
2998 5046 3231 5119 γραφαῖς
3275 5039 3569 5093 ἐπιθεῖναι·
3615 5037 3712 5089 τὰς
3745 5033 3808 5090 δὲ

2158 5137 2398 5208 πονηρὰς
2429 5136 2518 5189 xui
2563 5136 2861 5209 βασκάνους
2905 5130 3124 5204 γλώσας
3177 5127 3235 5184 ἔα
3287 5132 3366 5198 τῷ
3413 5127 3481 5197 ῑῳ
3537 5128 3633 5179 τοῦ
3691 5145 3805 5178 πα-

2157 5225 2446 5298 τροκτόνου
2497 5221 2930 5278 συνδαπανᾶσθαι
2989 5221 3079 5275 xui
3131 5217 3521 5292 διαφθείρεσθαι
3573 5212 3752 5288 ὄφεως
3785 5231 3800 5244 ·

2158 5317 2237 5376 τίς
2270 5317 2373 5388 γὰρ
2433 5315 2489 5368 σὲ
2531 5315 2622 5367 τὸν
2667 5312 2746 5385 ἐφ’
2799 5314 2991 5366 ἅπασιν
3041 5306 3424 5380 ἀπαράμιλλον
3469 5303 3649 5358 λέλειν
3684 5304 3808 5376 εἶχε

2159 5410 2380 5472 κακῶςς
2417 5403 2461 5456 ὦ
2514 5405 2628 5457 θεία
2688 5399 2834 5471 δίκη,
2886 5401 2976 5454 xui
3033 5397 3305 5473 κεραυνοὶ,
3349 5393 3436 5448 xui
3485 5399 3807 5466 πρηστῆρες

2161 5493 2360 5549 ἄνωθεν
2419 5493 2626 5571 ῥέοντες
2660 5512 2671 5524 ·
2733 5490 2794 5544 οὗ
2844 5494 2924 5564 τῷ
2982 5485 3207 5544 θεοειδεῖ
3253 5487 3342 5540 xui
3395 5480 3812 5559 μεγαλοπρεπεῖ
