4096 6284
222 405 339 468 601

1719 407 2157 474 DEDIGA'I‘IO.

3522 409 3642 472 ϐοὶ

228 546 335 607 τῆς
401 545 612 614 ψυχῆς,
671 543 759 595 καὶ
807 547 888 614 τῷ
937 548 1042 598 τῶν
1090 545 1330 618 πράξεων
1391 547 1478 600 καὶ
1540 547 1754 621 μεγέθει
1793 551 1882 604 καὶ

1998 549 2293 605 cadentia!
2331 554 2406 603 De
2439 564 2574 618 quo,
2617 551 2849 618 propter
2879 544 3136 600 divinam
3182 548 3238 598 et
3267 543 3639 615 magnificam

223 631 406 703 ὄγκῳ,
439 627 557 684 οὐδ’
588 629 872 705 ἐγπώμιον
910 631 1054 702 ἄξιον
1105 636 1194 688 καὶ
1227 644 1508 709 προσῆκου
1554 638 1701 710 μάλα
1739 637 1882 696 ἐστιν

222 719 433 791 εὑρεῖν,
485 719 759 775 πλείστων
818 719 884 790 δη
937 724 1025 776 καὶ
1090 729 1257 778 ταῦτα
1323 725 1533 781 πλεῖστ’
1600 728 1884 798 εἷ’πόντων,

221 811 458 880 πολλήν
486 833 545 866 τε
590 812 679 865 καῖ
727 813 934 883 μακρὰν
968 814 1088 884 περῖ
1141 815 1196 869 σε
1244 819 1670 873 κατατεινάντων
1710 841 1884 876 σπου-

223 899 329 969 δήν
359 920 372 930 ·
430 901 526 954 κᾶν
571 922 765 962 πάντες
815 902 1110 971 ἀνακρᾶτος
1157 907 1355 973 ἥττους
1400 905 1750 982 ἐλέγχωνται,
1782 913 1884 966 οὐ-

222 995 398 1062 ρανοῦ
447 990 763 1062 τολμῶντες
815 990 1162 1067 ἐφάπτεσθαι,
1215 995 1247 1063 ἦ
1298 998 1396 1064 τήν
1432 1001 1682 1073 σφετέραν
1732 1004 1881 1054 σκιὰν

220 1075 567 1134 καταλαϐεῖν
629 1079 994 1154 ἐπειγόμενοι,
1047 1085 1129 1137 ἀεὶ
1184 1091 1579 1159 προχωροῦσαν
1629 1090 1716 1143 καὶ
1768 1089 1886 1144 δια-

224 1170 543 1242 φεύγουσαν
605 1170 833 1224 καθόσον
891 1170 1214 1245 ἐπείγονται.
1274 1175 1329 1228 Τί
1394 1173 1607 1249 λέγεις;
1667 1180 1884 1252 Μέμψιν

222 1264 345 1310 κατ’
381 1258 626 1324 ἐκείνου,
675 1263 770 1313 τοῦ
819 1257 1070 1333 ἄντικρυς
1133 1262 1431 1334 αύτοδόξης
1480 1287 1538 1320 τε
1588 1269 1674 1320 καὶ
1725 1270 1886 1324 αύτο-

222 1353 432 1417 τιμῆς,
465 1347 524 1401 ’ὸν
556 1349 695 1420 τιμὴ
737 1349 824 1401 καὶ
877 1346 1002 1421 δόξα
1053 1350 1289 1421 μάλιστα
1339 1353 1737 1431 δορυφαροῦσαι
1795 1357 1885 1412 δο-

226 1436 486 1507 ξάζονται
520 1437 609 1489 καὶ
642 1438 1021 1508 σεμνύνονται;
1065 1442 1110 1510 ᾧ
1159 1440 1286 1512 μηδ’
1317 1440 1375 1496 ἂν
1419 1444 1446 1496 ὁ
1476 1447 1599 1518 παρ’
1651 1446 1884 1517 Ἕλλησι

225 1526 556 1597 τιμώμενος
616 1524 819 1588 ἐκεῖνος
877 1532 1083 1600 Μῶμος
1142 1532 1281 1596 θεὸς,
1341 1533 1428 1586 καὶ
1507 1540 1614 1588 τῶν
1679 1531 1882 1610 ὕϐρεων

231 1615 465 1686 εὑρετής
498 1637 557 1670 τε
587 1618 675 1669 καὶ
727 1617 972 1692 ἡγεμὼν,
1025 1622 1192 1690 μήτοι
1224 1624 1274 1694 γ’
1314 1621 1472 1697 ἐγγὺς
1521 1624 1717 1689 ἐλθεῖν,
1761 1626 1885 1681 ἀλλ’

231 1699 363 1756 οὐδὲ
424 1698 772 1776 προσϐλέψαι
831 1703 979 1766 ὅλως
1030 1705 1340 1778 ἐτόλμησε;
1393 1710 1605 1780 μᾶλλον
1660 1710 1704 1764 δ’
1759 1711 1886 1766 οὐδὲ

233 1793 456 1862 Μῶμος
493 1791 577 1846 ἐπὶ
631 1797 727 1846 τοῦ
778 1794 994 1862 λοιποῦ,
1053 1797 1274 1874 φθαρεὶς
1323 1798 1410 1852 καὶ
1462 1797 1753 1873 διαρῥυείς,
1797 1803 1886 1855 ἅτε

235 1883 378 1952 μήτι
450 1879 702 1950 δυνηθεὶς
762 1883 927 1937 αὐτοῦ
975 1886 1063 1938 καὶ
1125 1887 1292 1956 μόνου
1349 1885 1564 1956 δηλαδή
1621 1888 1713 1942 κᾶν
1773 1889 1886 1944 οὐδ’
1922 1924 1969 1988 Β

235 1972 499 2025 ὁπωσοῦν
540 1975 1005 2047 προσεφάψασθαι.
1054 1974 1214 2031 Ἀλλ’
1255 1977 1362 2051 ἐγὼ
1418 1979 1510 2048 μὲν
1561 1984 1725 2034 ταῦτα
1751 2000 1762 2012 ο
1799 1982 1887 2034 σὸν

237 2057 284 2112 δ’
331 2060 394 2113 ἂν
459 2059 570 2128 ε’ίη,
629 2061 897 2134 κράτιστε,
957 2073 1320 2138 παραμετρεῖν
1376 2065 1595 2136 ἕκαστα,
1653 2070 1739 2121 καὶ
1790 2071 1888 2136 τὴν

237 2151 339 2218 σήν
399 2153 584 2227 ψῆφον
630 2149 836 2225 ἀρρεπῆ
901 2172 994 2221 μοι
1046 2150 1363 2227 βραϐεύειν·
1413 2160 1544 2210 Θεοῦ
1593 2158 1696 2230 γὰρ
1747 2157 1892 2212 ἄντι-

234 2261 374 2315 κρυς
400 2245 586 2318 ψῆφος
614 2243 648 2309 ἡ
681 2244 772 2311 σή.
804 2248 895 2314 Τῷ
923 2245 1023 2318 γὰρ
1060 2246 1298 2319 μεγίστῳ
1336 2254 1441 2301 τῶν
1497 2248 1677 2304 αθλων
1726 2249 1890 2320 ἐμαυ-

236 2336 330 2387 τὸν
362 2330 681 2406 ἐπιῤῥίψας,
714 2337 804 2386 νῦν
833 2329 1002 2408 ἔγνων
1029 2335 1198 2396 ὅντως
1231 2335 1443 2392 διώκων
1483 2341 1549 2392 τα
1599 2340 1889 2418 φεύγοντα,

238 2423 330 2474 καὶ
363 2423 598 2476 κατόπιν
629 2424 916 2492 ποταμίων
951 2423 1233 2498 ῥευμάτων
1263 2427 1563 2500 ἐρχόμενος
1587 2449 1598 2460 ·
1632 2432 1717 2483 καὶ
1755 2451 1889 2507 συγ-

239 2513 435 2582 γνώμη
491 2515 574 2581 τῷ
613 2512 806 2564 πάθει·
850 2514 878 2566 ὃ
914 2514 1003 2566 καὶ
1050 2519 1150 2575 πᾶς
1202 2517 1283 2583 ἂν,
1332 2521 1510 2589 οἶμαι,
1562 2521 1749 2584 πάθοι,
1801 2520 1888 2574 ἐπὶ

243 2601 400 2654 τόσον
431 2602 615 2672 ἀγῶνα
652 2602 888 2654 καθεῖναι
938 2605 1275 2676 πειρώμενος
1326 2607 1510 2662 ἑαυτόν
1537 2629 1548 2639 ·
1613 2612 1686 2680 μή
1723 2607 1881 2678 δυνη-

249 2691 358 2748 θεὶς
419 2687 464 2742 δ’
523 2691 677 2761 ὅμως
739 2690 1000 2760 ἐξικέσθαι
1066 2699 1144 2762 τῷ
1211 2695 1477 2770 ἀνεφίκτῳ
1542 2696 1737 2771 σχεδὸν
1797 2699 1886 2752 καὶ

255 2777 626 2850 ἀπαραμίλλῳ
673 2784 777 2832 τῶν
820 2781 1082 2855 πράξεων.
1137 2788 1191 2836 Ὁ
1241 2781 1296 2838 δέ
1340 2786 1596 2848 Βασιλεὺς
1643 2793 1750 2842 τῶν
1786 2791 1889 2861 βα-

261 2866 590 2935 σιλευόντων,
639 2869 731 2922 καὶ
773 2869 973 2942 Κύριος
1009 2877 1116 2925 τῶν
1168 2876 1547 2946 κυριευόντων,
1583 2879 1608 2930 ὁ
1641 2883 1720 2949 τῷ
1762 2877 1886 2949 ἰδίῳ

265 2953 446 3025 α’ίματι
476 2959 568 3024 τήν
610 2958 776 3012 αὐτοῦ
829 2959 1156 3030 Ἐκκλησίαν
1205 2960 1575 3036 οἰκοδομήσας
1626 2967 1886 3041 στερῥῶς,

256 3045 308 3098 σὲ
339 3043 393 3098 δὲ
431 3046 519 3100 τὸν
555 3047 690 3100 κατᾶ
733 3049 830 3116 τὴν
883 3048 1082 3104 ἐκείνου
1147 3049 1367 3125 καρδίαν
1432 3056 1740 3127 προστάτην
1795 3057 1885 3111 καὶ

251 3135 570 3210 ὖπὲρμαχον
623 3139 846 3210 γνήσιον
902 3141 1101 3209 ταύτης
1155 3140 1206 3194 ἐν
1254 3139 1503 3216 ἐρυθραῖς
1547 3149 1883 3216 καταστήσας

247 3225 470 3300 βαφαῖς,
527 3222 610 3295 ε’ίη
664 3229 764 3294 τὴν
811 3229 907 3296 σὴν
969 3224 1159 3297 εὐσεϐῆ
1217 3232 1492 3304 βασιλείαν
1551 3234 1627 3298 εἷς
1690 3236 1884 3307 ἄπειρα

1993 646 2268 707 mentem,
2321 639 2732 706 actionumque
2783 635 3239 707 magnitudinem
3291 643 3343 688 et
3389 634 3642 703 pondus,

1995 746 2180 800 neque
2211 729 2537 783 encomium
2575 727 2919 795 laudemque
2957 725 3305 795 condignam
3346 729 3404 778 et
3434 724 3638 778 decen-

1995 829 2106 876 tem
2160 819 2415 874 invenire
2463 816 2618 881 licet,
2671 831 2799 869 cum
2848 813 3077 883 quidem
3122 814 3352 883 plurimi
3387 812 3642 883 plurima

1994 911 2262 978 dixerint,
2316 909 2681 976 multumque
2731 906 2826 958 diu
2858 920 3042 974 operae
3083 908 3138 958 et
3169 903 3341 957 studii
3378 903 3435 956 in
3467 902 3640 957 rebus

1999 999 2110 1054 tuis
2145 998 2473 1070 posuerint:
2525 997 2623 1066 qui
2657 1010 2793 1049 sane
2837 1009 3041 1048 omnes
3076 991 3373 1046 inferiores
3404 993 3486 1045 eis
3519 1006 3644 1046 esse

1995 1095 2134 1143 sunt
2181 1087 2546 1156 deprehensi,
2598 1084 2810 1138 caelum
2861 1082 3146 1152 attingere
3195 1085 3496 1145 conantes,
3540 1083 3646 1134 aut

1996 1196 2163 1234 suam
2212 1179 2471 1247 ipsorum
2535 1174 2797 1227 umbram
2869 1169 3360 1240 comprehendere
3401 1173 3646 1223 conten-

1995 1271 2236 1324 dentes:
2289 1283 2416 1337 que
2449 1280 2562 1334 quo
2612 1261 2799 1331 magis
2847 1260 2894 1314 ei
2940 1259 3334 1328 impendeant,
3375 1273 3440 1312 eo
3481 1257 3642 1311 cedat

1997 1359 2186 1428 magis
2235 1364 2289 1412 et
2331 1354 2615 1424 diﬂ’ugiat.
2664 1351 2809 1415 Quid
2853 1349 2984 1404 ais?
3034 1346 3549 1418 Reprehenderene
3588 1352 3647 1400 et

1999 1465 2234 1518 carpere
2263 1444 2618 1501 constituisti
2667 1458 2798 1496 eum
2834 1439 2933 1510 qui
2965 1456 3034 1493 ex
3065 1441 3189 1508 ipso
3217 1454 3457 1508 prorsus
3491 1437 3641 1491 nati-

1999 1556 2127 1594 vam
2157 1540 2377 1593 obtinet
2408 1533 2653 1605 gloriam
2687 1538 2742 1586 et
2774 1529 3138 1597 dignitatem,
3171 1533 3228 1582 et
3257 1543 3430 1598 quem
3459 1527 3646 1582 honor

1999 1636 2056 1683 et
2085 1626 2407 1694 amplitudo
2459 1625 2710 1678 maxime
2754 1619 3023 1675 satellitio
3055 1619 3308 1692 quodam
3361 1618 3645 1688 stipantes

1999 1719 2294 1772 illustrant
2351 1723 2517 1785 atque
2574 1715 2906 1768 exornant:
2968 1708 3067 1764 28
3125 1708 3195 1761 ad
3236 1722 3406 1778 quem
3460 1722 3647 1776 neque

2001 1807 2098 1862 ille
2123 1807 2216 1874 qui
2251 1806 2404 1876 apud
2455 1803 2682 1858 Graecos
2730 1817 2830 1872 pro
2883 1800 2988 1853 deo
3020 1797 3214 1852 cultus
3243 1800 3331 1852 est
3358 1795 3646 1850 convicio-

2000 1913 2126 1952 rum
2160 1897 2423 1950 inventor
2451 1897 2621 1962 atque
2665 1894 2864 1945 auctor
2899 1892 3146 1952 Momus,
3182 1901 3296 1941 non
3328 1884 3498 1939 modo
3526 1900 3642 1938 non

2006 1985 2245 2057 propius
2293 1983 2586 2044 accedere,
2635 1981 2731 2034 sed
2784 1995 2855 2033 ne
2894 1977 3178 2048 respicere
3207 1974 3440 2046 quidem
3476 1989 3646 2044 pror—

2005 2091 2106 2130 sus
2135 2073 2384 2128 audeat?
2421 2071 2569 2134 Quin
2621 2069 2836 2139 potius.
2871 2067 3100 2122 Momus
3148 2064 3420 2133 deinceps
3453 2061 3644 2117 nullus

2005 2169 2248 2229 exastat,
2281 2167 2344 2216 ut
2391 2161 2488 2230 qui
2548 2159 2829 2214 interierit
2859 2161 3034 2228 atque
3076 2155 3410 2220 difﬂuxerit,
3445 2155 3501 2207 in
3535 2153 3646 2208 hoc

2004 2253 2125 2308 solo
2159 2268 2229 2307 ne
2257 2250 2547 2305 tantillum
2599 2249 2836 2319 quidem
2886 2246 3040 2316 quod
3092 2244 3508 2314 perstringeret
3546 2242 3650 2297 ha-

2005 2344 2162 2397 bens.
2214 2343 2494 2396 Ceterum
2555 2355 2656 2407 ego
2713 2337 2949 2408 quidem
3010 2336 3138 2390 ista.
3196 2333 3385 2388 Tuum
3452 2337 3648 2386 autem

2003 2433 2192 2498 fuerit,
2245 2429 2510 2499 princeps
2548 2427 2777 2496 Optimo,
2833 2429 2894 2478 ut
2943 2425 3266 2477 consideres
3305 2426 3482 2491 atque
3516 2436 3646 2490 per-

2004 2520 2219 2589 pandas
2250 2518 2492 2572 seorsim
2544 2515 2760 2578 omnia,
2808 2520 2864 2568 et
2904 2531 3130 2584 equum
3165 2516 3645 2581 constantemque

1994 2609 2203 2676 judicii
2234 2608 2318 2660 tui
2344 2605 2631 2661 calculum
2667 2603 2806 2658 mihi
2841 2603 3136 2658 adhibeas.
3165 2602 3266 2656 Dei
3299 2600 3449 2656 enim
3475 2599 3646 2669 plane

2002 2704 2097 2752 tua
2135 2698 2308 2751 fuerit
2355 2695 2658 2750 sententia.
2710 2693 2816 2756 Qui
2859 2709 2988 2747 vero
3021 2709 3112 2747 me
3145 2695 3335 2762 ipsum
3371 2691 3428 2744 in
3461 2693 3645 2744 certa-

2002 2803 2134 2841 men
2171 2786 2487 2840 maximum
2521 2782 2891 2853 conjecerim,
2929 2799 3081 2836 nunc
3103 2783 3337 2837 demum
3365 2779 3648 2851 fugientia

2002 2893 2093 2930 me
2142 2875 2429 2948 persequi,
2481 2878 2537 2928 et
2585 2891 2617 2928 a
2665 2881 2824 2945 tergo
2876 2872 3182 2928 ﬂuentium
3230 2885 3510 2940 aquarum
3563 2867 3647 2922 ire

1998 2965 2310 3035 comperio.
2363 2968 2495 3029 Quae
2540 2981 2634 3019 res
2677 2963 2908 3018 veniam
2957 2963 3204 3034 perfecto
3254 2963 3524 3015 meretur.
3582 2961 3647 3011 In

1997 3071 2112 3125 qua
2161 3054 2460 3121 nimirum,
2495 3058 2558 3110 ut
2605 3054 2875 3126 equidem
2911 3059 3066 3122 puto,
3111 3052 3357 3124 quilibet
3387 3049 3646 3113 fallatur,

1999 3146 2094 3214 qui
2126 3146 2344 3201 scilicet
2375 3161 2436 3200 se
2457 3145 2516 3199 in
2548 3149 2843 3199 certamen
2876 3147 3102 3198 tantum
3136 3142 3441 3196 demittere
3471 3155 3644 3194 cone-

1998 3241 2124 3288 tur:
2164 3235 2316 3288 unde
2349 3239 2566 3299 tamen,
2602 3237 2834 3303 propter
2864 3247 2954 3286 res
2981 3246 3161 3301 prope
3191 3226 3644 3299 incomprehen-

238 3313 418 3368 κύκλα
459 3314 674 3367 αἰώνων
720 3315 1083 3390 διαφρουρῶν,
1136 3319 1186 3372 ἐν
1237 3319 1562 3390 ἀκλονήτοις
1604 3325 1886 3395 εὐθυμίαις

1998 3329 2196 3385 sibiles
2245 3334 2414 3395 atque
2465 3323 2968 3397 inexpugnabiles,
3014 3322 3259 3377 evadere
3290 3338 3406 3377 non
3441 3321 3643 3392 possit.

234 3408 342 3457 τῶν
415 3403 732 3476 περικύκλῳ
798 3405 1007 3459 πάντων
1073 3413 1564 3483 κατευμεγεθοῦσαν
1648 3413 1881 3490 ἐγθρῶν,

233 3495 326 3546 καὶ
365 3492 472 3546 ὑπὸ
504 3489 674 3554 πόδας
705 3493 905 3554 πάντας
935 3492 1037 3556 ἕως
1081 3518 1142 3550 ου
1185 3500 1518 3553 παντάπασιν
1567 3489 1884 3577 ἐκτρίϐεἶεν,

230 3582 430 3650 τιθεὶς,
461 3576 538 3634 ἔτι
587 3602 643 3636 τε
690 3582 984 3656 κρατύνων,
1033 3587 1120 3639 καὶ
1172 3584 1326 3656 δόξαν
1366 3589 1450 3642 ἐπὶ
1503 3588 1629 3663 δόξῃ
1668 3594 1886 3664 μείζονα

230 3675 530 3745 χορηγῶν,
565 3673 654 3725 καὶ
705 3673 772 3728 δι’
810 3674 1004 3736 αἰῶνός
1065 3675 1120 3728 σέ
1149 3696 1208 3730 τε
1255 3677 1345 3731 καὶ
1393 3677 1610 3748 παῖδας,
1659 3682 1746 3735 καὶ
1792 3683 1881 3756 γέ-

231 3782 329 3823 νος
391 3762 552 3826 ἅπαν,
600 3761 690 3816 καὶ
736 3761 899 3832 τήνδε
946 3762 1131 3833 πόλιν,
1191 3769 1258 3834 ἧς
1307 3768 1470 3829 αὐτὸς
1520 3771 1608 3824 καὶ
1658 3770 1886 3825 πολιοῦ-

236 3871 347 3926 χος
403 3853 490 3905 καὶ
553 3853 819 3922 οἰκιστὴς,
875 3853 1095 3910 θάλλειν
1157 3853 1338 3920 διδούς
1373 3876 1386 3889 ⁸
1446 3861 1519 3921 ὡς
1571 3861 1629 3915 ἄν
1692 3883 1751 3935 γε
1809 3867 1886 3933 τῷ

239 3939 468 4016 ἄφθόνῳ
514 3945 622 3994 τῶν
681 3942 890 4017 ἀγαθῶν
943 3943 1028 3998 ἐπὶ
1072 3946 1169 4006 τὰς
1220 3947 1633 4022 θρυλλουμὲνας
1682 3956 1885 4026 χρυσᾶς

240 4029 451 4090 ἐκείνας
511 4031 696 4094 Ἐννας
745 4035 1010 4102 Ῥωμαῖοι
1061 4033 1370 4107 ἀνέλθωμεν
1403 4056 1416 4068 ⁸
1472 4041 1605 4110 μετά
1660 4043 1718 4113 γε
1759 4041 1889 4115 χρό-

240 4141 337 4173 νον
360 4121 598 4206 μακρὸν,
662 4121 798 4193 βαθύ
859 4142 916 4176 τε
985 4130 1154 4195 γῆρας
1210 4127 1299 4180 καὶ
1363 4128 1611 4200 λιπαρὸν,
1671 4130 1890 4206 ἀπειρίᾳ

242 4203 444 4281 σχεδὸν
494 4208 992 4281 συνεξεταζόμενον,
1042 4214 1125 4264 κ·ιί
1177 4220 1275 4281 τῆς
1325 4214 1622 4290 ἀδιαδόγου
1677 4223 1767 4273 καί
1801 4203 1892 4294 ἆρ-

239 4305 356 4370 χῆς
417 4298 504 4351 καὶ
565 4297 845 4371 βασιλείας
884 4301 1271 4370 καταξιώσειεο
1323 4305 1418 4358 κάν
1468 4311 1535 4380 τῇ
1581 4308 1688 4361 τῶν
1739 4282 1888 4384 πρῶ-

238 4386 482 4440 τοτόκων
537 4386 832 4459 Ἐκκλησία
879 4387 1054 4462 ἐκείνῃ
1099 4395 1177 4462 τῷ
1226 4398 1326 4460 τῆς
1373 4395 1605 4458 πίστεως
1653 4398 1892 4475 ἀργηγῷ

247 4474 470 4548 βασιλεῖ
509 4474 799 4549 σύνθρονον
850 4478 937 4531 καὶ
987 4477 1266 4552 ἰσάριθμον
1314 4481 1620 4553 ἀναδείξειε,
1662 4466 1892 4562 τὰηγέρα

238 4571 353 4618 τῶν
407 4570 627 4640 μακρῶν
672 4566 878 4636 πόνων,
940 4568 1068 4641 ὑπὲρ
1125 4576 1224 4638 τῆς
1277 4577 1510 4646 Χριστοῦ
1558 4574 1890 4645 Ἐκκλήσίας

240 4653 336 4708 καὶ
378 4655 640 4726 ποίμνης,
694 4657 767 4716 ὡς
822 4658 1000 4730 χρεών
1057 4679 1135 4732 γε,
1195 4662 1313 4715 κατ’
1369 4662 1516 4731 ἂξίαν
1572 4665 1893 4738 καρπούμε-

241 4765 356 4800 νον.

1995 3420 2125 3490 Ipse
2161 3434 2294 3472 vero
2335 3417 2451 3470 Rex
2509 3431 2708 3483 regum
2759 3419 2815 3468 et
2873 3413 3154 3468 Dominus
3214 3412 3645 3467 dominantium

1991 3507 2283 3568 Christus,
2316 3505 2418 3576 qui
2451 3504 2736 3574 sanguine
2767 3518 2872 3557 suo
2893 3502 3206 3556 Ecclesiam
3254 3517 3418 3555 suam
3462 3517 3652 3556 sacra-

1991 3598 2072 3650 vit
2119 3602 2176 3650 et
2225 3595 2469 3650 firmiter
2515 3593 2858 3659 construxit,
2903 3597 2960 3646 et
3005 3596 3062 3646 te
3105 3591 3187 3646 illi
3241 3591 3429 3645 virum
3470 3591 3640 3659 juxta

1993 3702 2090 3742 cor
2121 3701 2294 3740 suum
2347 3681 2751 3737 auxiliatorem
2802 3689 2860 3736 et
2899 3681 3259 3735 defensorem
3293 3695 3634 3749 germanum

1995 3791 2252 3846 purpura
2307 3773 2639 3827 decoratum
2707 3770 3025 3838 constituit,
3096 3769 3257 3840 pium
3327 3769 3638 3840 imperium

1995 3870 2157 3919 tuum
2193 3862 2247 3916 in
2293 3861 2547 3916 inﬁnitos
2570 3860 2671 3914 aavi
2705 3877 2887 3915 annos
2918 3860 3242 3915 custodiat:
3279 3869 3452 3931 atque
3485 3859 3538 3914 id
3575 3859 3635 3914 in

1997 3951 2182 4008 stabili
2218 3956 2273 4006 et
2312 3952 2552 4006 immota
2600 3948 2816 4017 laetitia,
2848 3949 3000 4005 inter
3029 3965 3232 4003 omnes
3259 3950 3356 4019 qui
3388 3948 3639 4003 circum-

1997 4045 2149 4100 circa
2172 4047 2328 4109 sunt,
2364 4043 2546 4097 donec
2578 4057 2814 4112 prorsus
2847 4040 3041 4095 cuncti
3064 4040 3173 4094 sub
3198 4041 3444 4110 pedibus
3468 4039 3641 4110 positi

1998 4137 2375 4187 conterantur
2405 4130 2694 4198 inimicos,
2727 4129 2784 4184 in
2839 4130 3028 4200 majus
3064 4145 3403 4185 excrescens
3436 4134 3643 4195 servet,

2001 4221 2401 4291 majoremque
2439 4219 2611 4274 aliam
2663 4236 2837 4290 super
2878 4218 3051 4273 aliam
3085 4217 3330 4288 gloriam
3364 4218 3650 4273 submini-

2000 4317 2195 4366 strans
2243 4310 2582 4365 confirmet:
2634 4315 2808 4378 atque
2855 4310 2998 4364 adeo
3029 4313 3104 4374 te,
3136 4307 3348 4362 liberos
3379 4313 3435 4362 et
3463 4324 3646 4377 genus

2000 4418 2188 4467 omne,
2249 4401 2556 4470 ipsamque
2614 4399 2763 4453 hanc
2821 4398 3043 4463 urbem,
3090 4398 3260 4467 cujus
3308 4413 3369 4451 es
3404 4401 3561 4452 tutor
3591 4402 3646 4451 et

1925 4479 1970 4539 Ι)
2000 4491 2284 4554 conditor,
2320 4489 2379 4544 in
2413 4494 2749 4559 perpetuum
2802 4487 3006 4542 ﬂorere
3057 4487 3246 4555 faciat,
3301 4491 3363 4540 ut
3406 4487 3642 4540 tandem

2006 4581 2172 4634 bonis
2220 4579 2492 4634 omnibus
2541 4577 2772 4631 abunde
2817 4576 3187 4641 accumulati,
3221 4577 3278 4630 in
3311 4576 3646 4630 decantatas

2001 4669 2131 4724 illas
2189 4684 2390 4723 aureas
2439 4666 2634 4720 Ennas
2693 4665 2938 4719 Romani
2993 4665 3092 4735 (1)
3157 4667 3638 4720 conscendamus.

2000 4759 2134 4813 Post
2164 4756 2568 4828 longum’vero
2621 4764 2872 4826 tempus,
2923 4759 3376 4826 provectumque
3411 4754 3644 4807 demum

241 4843 303 4894 et
363 4839 557 4905 molle,
618 4843 771 4910 quod
831 4844 900 4896 ad
975 4843 1269 4899 infinitum
1349 4861 1523 4920 prape
1585 4851 1894 4920 pertingat,
1955 4850 2211 4916 senium,
2269 4846 2368 4902 illo
2427 4862 2676 4916 quoque,
2736 4847 2919 4917 quod;
2950 4843 3381 4900 successionem
3441 4845 3646 4912 nescit,

246 4928 608 5000 sempiterno
656 4948 835 5002 regno
886 4937 941 4987 et
972 4933 1218 5004 imperio
1269 4941 1322 4990 te
1367 4937 1673 5008 dignetur:
1722 4945 1898 5011 atque
1944 4939 2003 4994 in
2054 4939 2150 4992 illa
2200 4937 2713 5008 primogenitorum
2762 4935 3016 4991 Ecclesia
3055 4937 3110 4988 in
3162 4935 3434 4989 eumdem
3477 4935 3649 4990 thro-

246 5035 390 5074 num
444 5024 502 5074 et
551 5037 861 5076 numerum
912 5040 1043 5078 cum
1087 5025 1213 5080 fidei
1260 5028 1516 5096 principe
1567 5029 1916 5098 imperatore
1955 5029 2190 5094 referat,
2241 5027 2601 5083 diutinornm
2660 5043 2762 5098 pro
2813 5025 3028 5081 Christi
3078 5025 3334 5080 Ecclesia
3382 5033 3435 5079 et
3474 5040 3649 5097 grege

247 5115 653 5180 susceptorum
687 5111 977 5179 laborum,
1011 5115 1091 5170 ita
1122 5122 1183 5170 ut
1214 5118 1398 5185 decet,
1434 5119 1680 5175 honores
1715 5125 1771 5175 et
1807 5121 2022 5176 fructus
2053 5119 2380 5191 condignas
2411 5123 2840 5190 percepturum.

293 5323 401 5412 ’(1)
452 5324 678 5412 1ξῖοιηιαι⁸
728 5332 784 5381 et
830 5328 1122 5412 quales-tem
1146 5332 1526 5412 AJerusaIem.
1587 5337 1693 5412 Est?
1740 5338 1894 5409 apud

247 5394 518 5490 Ciceris
571 5399 794 5490 tinctione
850 5403 1093 5490 Y‘errina
1141 5403 1272 5490 θρίξ
1328 5405 1487 5490 Enna
1529 5394 1806 5490 Oppidum
1838 5412 1896 5465 in

249 5469 528 5524 umbilico
578 5468 786 5526 Siciliae
837 5471 1035 5541 situm,
1086 5473 1192 5529 soli
1242 5468 1692 5537 {utilissimi-et
1731 5482 1803 5537 ob
1837 5483 1894 5538 id

2006 5335 2197 5393 Cereri
2228 5353 2481 5392 sacrum.
2518 5359 2545 5385 ››
2578 5334 2889 5408 Christiani
2913 5351 3083 5404 porro
3107 5334 3178 5388 ad
3202 5349 3406 5390 aureas
3437 5335 3650 5408 Ennas,

2006 5410 2299 5465 cmlestem
2332 5409 2600 5480 patriam,
2635 5407 2986 5480 aspiramus.
