  <div class='ocr_page' id='page_1' title='image "/cluster/home/n/w/nwhite01/storage/ocr_20150623/145/mdp.39015061167048/309.png"; bbox 0 0 4096 6284; ppageno 0'>
   <div class='ocr_carea' id='block_1_1' title="bbox 504 369 621 432">
    <p class='ocr_par' dir='ltr' id='par_1_1' title="bbox 504 369 621 432">
     <span class='ocr_line' id='line_1_1' title="bbox 504 369 621 432; baseline -0.034 0"><span class='ocrx_word' id='word_1_1' title='bbox 504 369 621 432; x_wconf 80' lang='grc'><strong><em>603</em></strong></span> 
     </span>
    </p>
   </div>
   <div class='ocr_carea' id='block_1_2' title="bbox 1793 367 3875 445">
    <p class='ocr_par' dir='ltr' id='par_1_2' title="bbox 1793 367 3875 445">
     <span class='ocr_line' id='line_1_2' title="bbox 1793 367 3875 445; baseline 0.006 -6"><span class='ocrx_word' id='word_1_2' title='bbox 1793 367 2212 444; x_wconf 81' lang='lat' dir='ltr'><strong><em>NICEPHoa&#39;I</em></strong></span> <span class='ocrx_word' id='word_1_3' title='bbox 2255 384 2612 445; x_wconf 85' lang='lat' dir='ltr'><strong><em>CALLISTI</em></strong></span> <span class='ocrx_word' id='word_1_4' title='bbox 3771 383 3875 442; x_wconf 73' lang='grc' dir='ltr'>θοι</span> 
     </span>
    </p>
   </div>
   <div class='ocr_carea' id='block_1_3' title="bbox 513 549 658 558">
    <p class='ocr_par' dir='ltr' id='par_1_3' title="bbox 513 549 658 558">
     <span class='ocr_line' id='line_1_3' title="bbox 513 549 658 558; baseline 0.007 -1"><span class='ocrx_word' id='word_1_5' title='bbox 513 549 658 558; x_wconf 75' lang='lat'><strong><em>—__</em></strong></span> 
     </span>
    </p>
   </div>
   <div class='ocr_carea' id='block_1_4' title="bbox 1601 561 1866 570">
    <p class='ocr_par' dir='ltr' id='par_1_4' title="bbox 1601 561 1866 570">
     <span class='ocr_line' id='line_1_4' title="bbox 1601 561 1866 570; baseline -0.004 0"><span class='ocrx_word' id='word_1_6' title='bbox 1601 561 1866 570; x_wconf 55' lang='lat' dir='ltr'><strong><em>w—o</em></strong></span> 
     </span>
    </p>
   </div>
   <div class='ocr_carea' id='block_1_5' title="bbox 2419 564 3460 572">
    <p class='ocr_par' dir='ltr' id='par_1_5' title="bbox 2419 564 3460 572">
     <span class='ocr_line' id='line_1_5' title="bbox 2419 564 3460 572; baseline 0 -2"><span class='ocrx_word' id='word_1_7' title='bbox 2419 565 3120 572; x_wconf 42' lang='lat'><strong><em>..__._.__.___——._.——_—</em></strong></span> <span class='ocrx_word' id='word_1_8' title='bbox 3145 565 3256 570; x_wconf 43' lang='lat'><strong><em>.3..-</em></strong></span> <span class='ocrx_word' id='word_1_9' title='bbox 3269 564 3460 570; x_wconf 48' lang='grc' dir='ltr'><strong><em>..η-..ἠμ-</em></strong></span> 
     </span>
    </p>
   </div>
   <div class='ocr_carea' id='block_1_6' title="bbox 784 563 3645 880">
    <p class='ocr_par' dir='ltr' id='par_1_6' title="bbox 784 563 3645 880">
     <span class='ocr_line' id='line_1_6' title="bbox 784 563 3645 880; baseline 0.001 -8"><span class='ocrx_word' id='word_1_10' title='bbox 784 563 3645 880; x_wconf 52' lang='grc' dir='ltr'><strong><em>Νιῇιῖἑὸἕόἶὶᾇίίὦέὧιῖ</em></strong></span> 
     </span>
    </p>
   </div>
   <div class='ocr_carea' id='block_1_7' title="bbox 1874 982 2545 1036">
    <p class='ocr_par' dir='ltr' id='par_1_7' title="bbox 1874 982 2545 1036">
     <span class='ocr_line' id='line_1_7' title="bbox 1874 982 2545 1036; baseline 0.001 -3"><span class='ocrx_word' id='word_1_11' title='bbox 1874 983 2000 1036; x_wconf 85' lang='grc' dir='ltr'><strong><em>ΤΟΥ</em></strong></span> <span class='ocrx_word' id='word_1_12' title='bbox 2036 982 2545 1036; x_wconf 77' lang='grc' dir='ltr'><strong><em>ΞΑΝΘΟΠΟΥΔΟΥ</em></strong></span> 
     </span>
    </p>
   </div>
   <div class='ocr_carea' id='block_1_8' title="bbox 972 1158 3457 1290">
    <p class='ocr_par' dir='ltr' id='par_1_8' title="bbox 972 1158 3457 1290">
     <span class='ocr_line' id='line_1_8' title="bbox 972 1158 3457 1290; baseline 0.001 -6"><span class='ocrx_word' id='word_1_13' title='bbox 972 1158 2536 1289; x_wconf 84' lang='grc' dir='ltr'><strong><em>ΕΚΚΑΗΣΙΑΣΤΙΚΗΣ</em></strong></span> <span class='ocrx_word' id='word_1_14' title='bbox 2637 1159 3457 1290; x_wconf 84' lang='grc' dir='ltr'><strong><em>ΙΣΤΟΡΙΑΣ</em></strong></span> 
     </span>
    </p>
   </div>
   <div class='ocr_carea' id='block_1_9' title="bbox 1701 1390 2716 1488">
    <p class='ocr_par' dir='ltr' id='par_1_9' title="bbox 1701 1390 2716 1488">
     <span class='ocr_line' id='line_1_9' title="bbox 1701 1390 2716 1488; baseline 0.001 -3"><span class='ocrx_word' id='word_1_15' title='bbox 1701 1392 2125 1488; x_wconf 84' lang='grc' dir='ltr'><strong><em>ΤΟΜοΣ</em></strong></span> <span class='ocrx_word' id='word_1_16' title='bbox 2212 1390 2716 1488; x_wconf 88' lang='grc' dir='ltr'><strong><em>ΠΡΩΤΟΣ</em></strong></span> 
     </span>
    </p>
   </div>
   <div class='ocr_carea' id='block_1_10' title="bbox 1176 1745 3257 1913">
    <p class='ocr_par' dir='ltr' id='par_1_10' title="bbox 1176 1745 3257 1913">
     <span class='ocr_line' id='line_1_10' title="bbox 1176 1745 3257 1913; baseline 0.002 -5"><span class='ocrx_word' id='word_1_17' title='bbox 1176 1745 2275 1912; x_wconf 82' lang='lat' dir='ltr'><strong><em>NICEPHORI</em></strong></span> <span class='ocrx_word' id='word_1_18' title='bbox 2356 1747 3257 1913; x_wconf 84' lang='lat' dir='ltr'><strong><em>CALLISTI</em></strong></span> 
     </span>
    </p>
   </div>
   <div class='ocr_carea' id='block_1_11' title="bbox 1982 1985 2433 2042">
    <p class='ocr_par' dir='ltr' id='par_1_11' title="bbox 1982 1985 2433 2042">
     <span class='ocr_line' id='line_1_11' title="bbox 1982 1985 2433 2042; baseline 0 -2"><span class='ocrx_word' id='word_1_19' title='bbox 1982 1985 2358 2042; x_wconf 86' lang='lat' dir='ltr'><strong><em>XANTHOPU</em></strong></span> <span class='ocrx_word' id='word_1_20' title='bbox 2371 1987 2433 2041; x_wconf 82' lang='lat' dir='ltr'><strong><em>LI</em></strong></span> 
     </span>
    </p>
   </div>
   <div class='ocr_carea' id='block_1_12' title="bbox 956 2154 3457 2279">
    <p class='ocr_par' dir='ltr' id='par_1_12' title="bbox 956 2154 3457 2279">
     <span class='ocr_line' id='line_1_12' title="bbox 956 2154 3457 2279; baseline 0.002 -5"><span class='ocrx_word' id='word_1_21' title='bbox 956 2154 2384 2279; x_wconf 64' lang='lat' dir='ltr'><strong><em>ECGLESIASTICE</em></strong></span> <span class='ocrx_word' id='word_1_22' title='bbox 2538 2157 3457 2279; x_wconf 73' lang='lat' dir='ltr'><strong><em>HISTORI/E</em></strong></span> 
     </span>
    </p>
   </div>
   <div class='ocr_carea' id='block_1_13' title="bbox 1934 2362 2472 2453">
    <p class='ocr_par' dir='ltr' id='par_1_13' title="bbox 1934 2362 2472 2453">
     <span class='ocr_line' id='line_1_13' title="bbox 1934 2362 2472 2453; baseline -0.022 0"><span class='ocrx_word' id='word_1_23' title='bbox 1934 2362 2334 2453; x_wconf 84' lang='lat' dir='ltr'>TOMUS</span> <span class='ocrx_word' id='word_1_24' title='bbox 2412 2369 2472 2449; x_wconf 85' lang='grc' dir='ltr'><strong><em>Ι.</em></strong></span> 
     </span>
    </p>
   </div>
   <div class='ocr_carea' id='block_1_14' title="bbox 1166 2673 1480 2730">
    <p class='ocr_par' dir='ltr' id='par_1_14' title="bbox 1166 2673 1480 2730">
     <span class='ocr_line' id='line_1_14' title="bbox 1166 2673 1480 2730; baseline 0 -2"><span class='ocrx_word' id='word_1_25' title='bbox 1166 2673 1397 2730; x_wconf 90' lang='lat' dir='ltr'><strong><em>CAPUT</em></strong></span> <span class='ocrx_word' id='word_1_26' title='bbox 1439 2675 1480 2729; x_wconf 91' lang='grc' dir='ltr'><strong>Ι.</strong></span> 
     </span>
    </p>
   </div>
   <div class='ocr_carea' id='block_1_15' title="bbox 499 2798 2158 2869">
    <p class='ocr_par' dir='ltr' id='par_1_15' title="bbox 499 2798 2158 2869">
     <span class='ocr_line' id='line_1_15' title="bbox 499 2798 2158 2869; baseline -0.001 -15"><span class='ocrx_word' id='word_1_27' title='bbox 499 2799 598 2856; x_wconf 71' lang='lat'><strong>88</strong></span> <span class='ocrx_word' id='word_1_28' title='bbox 640 2800 976 2855; x_wconf 69' lang='lat' dir='ltr'><strong><em>Prooemium</em></strong></span> <span class='ocrx_word' id='word_1_29' title='bbox 1023 2802 1279 2867; x_wconf 82' lang='lat' dir='ltr'><strong><em>auctoris,</em></strong></span> <span class='ocrx_word' id='word_1_30' title='bbox 1311 2800 1599 2855; x_wconf 76' lang='lat' dir='ltr'><strong><em>consilium</em></strong></span> <span class='ocrx_word' id='word_1_31' title='bbox 1621 2814 1723 2868; x_wconf 87' lang='lat' dir='ltr'><strong><em>quo</em></strong></span> <span class='ocrx_word' id='word_1_32' title='bbox 1762 2798 1832 2852; x_wconf 87' lang='lat' dir='ltr'><strong><em>ad</em></strong></span> <span class='ocrx_word' id='word_1_33' title='bbox 1852 2814 1987 2869; x_wconf 87' lang='lat' dir='ltr'><strong><em>opus</em></strong></span> <span class='ocrx_word' id='word_1_34' title='bbox 2007 2814 2158 2868; x_wconf 63' lang='lat' dir='ltr'><strong><em>pra-</em></strong></span> 
     </span>
    </p>
   </div>
   <div class='ocr_carea' id='block_1_16' title="bbox 567 2871 2157 2939">
    <p class='ocr_par' dir='ltr' id='par_1_16' title="bbox 567 2871 2157 2939">
     <span class='ocr_line' id='line_1_16' title="bbox 567 2871 2157 2939; baseline 0.001 -15"><span class='ocrx_word' id='word_1_35' title='bbox 567 2887 688 2925; x_wconf 77' lang='lat' dir='ltr'><strong><em>sens</em></strong></span> <span class='ocrx_word' id='word_1_36' title='bbox 737 2871 1190 2926; x_wconf 80' lang='lat' dir='ltr'><strong><em>conscribendam</em></strong></span> <span class='ocrx_word' id='word_1_37' title='bbox 1248 2873 1497 2926; x_wconf 85' lang='lat' dir='ltr'><strong><em>animum</em></strong></span> <span class='ocrx_word' id='word_1_38' title='bbox 1553 2871 1839 2938; x_wconf 72' lang='lat' dir='ltr'><strong><em>adfecerit,</em></strong></span> <span class='ocrx_word' id='word_1_39' title='bbox 1894 2879 2157 2939; x_wconf 73' lang='lat' dir='ltr'><strong><em>praeterea</em></strong></span> 
     </span>
    </p>
   </div>
   <div class='ocr_carea' id='block_1_17' title="bbox 571 2942 2110 3013">
    <p class='ocr_par' dir='ltr' id='par_1_17' title="bbox 571 2942 2110 3013">
     <span class='ocr_line' id='line_1_17' title="bbox 571 2942 2110 3013; baseline -0.001 -18"><span class='ocrx_word' id='word_1_40' title='bbox 571 2942 806 2998; x_wconf 76' lang='lat' dir='ltr'><strong><em>breviter</em></strong></span> <span class='ocrx_word' id='word_1_41' title='bbox 833 2942 999 2998; x_wconf 78' lang='lat' dir='ltr'><strong><em>totius</em></strong></span> <span class='ocrx_word' id='word_1_42' title='bbox 1025 2943 1327 2997; x_wconf 74' lang='lat' dir='ltr'><strong><em>voluminis</em></strong></span> <span class='ocrx_word' id='word_1_43' title='bbox 1357 2948 1744 3011; x_wconf 79' lang='lat' dir='ltr'><strong><em>argumentum</em></strong></span> <span class='ocrx_word' id='word_1_44' title='bbox 1771 2945 2110 3013; x_wconf 80' lang='lat' dir='ltr'><strong><em>perstringit.</em></strong></span> 
     </span>
    </p>
   </div>
   <div class='ocr_carea' id='block_1_18' title="bbox 572 3120 2160 3194">
    <p class='ocr_par' dir='ltr' id='par_1_18' title="bbox 572 3120 2160 3194">
     <span class='ocr_line' id='line_1_18' title="bbox 572 3120 2160 3194; baseline 0.001 -19"><span class='ocrx_word' id='word_1_45' title='bbox 572 3120 933 3194; x_wconf 91' lang='lat' dir='ltr'><strong><em>Nicephorus</em></strong></span> <span class='ocrx_word' id='word_1_46' title='bbox 981 3123 1196 3179; x_wconf 78' lang='lat' dir='ltr'><strong><em>Callisti</em></strong></span> <span class='ocrx_word' id='word_1_47' title='bbox 1249 3123 1405 3180; x_wconf 85' lang='lat' dir='ltr'><strong><em>ﬁlius</em></strong></span> <span class='ocrx_word' id='word_1_48' title='bbox 1473 3124 1926 3180; x_wconf 76' lang='lat' dir='ltr'><strong><em>ecclesiasticam</em></strong></span> <span class='ocrx_word' id='word_1_49' title='bbox 1979 3123 2160 3178; x_wconf 89' lang='lat' dir='ltr'><strong><em>histo-</em></strong></span> 
     </span>
    </p>
   </div>
   <div class='ocr_carea' id='block_1_19' title="bbox 501 3209 2158 3285">
    <p class='ocr_par' dir='ltr' id='par_1_19' title="bbox 501 3209 2158 3285">
     <span class='ocr_line' id='line_1_19' title="bbox 501 3209 2158 3285; baseline 0.002 -21"><span class='ocrx_word' id='word_1_50' title='bbox 501 3209 646 3265; x_wconf 91' lang='lat' dir='ltr'><strong><em>riam</em></strong></span> <span class='ocrx_word' id='word_1_51' title='bbox 701 3214 1048 3282; x_wconf 85' lang='lat' dir='ltr'><strong><em>composuit,</em></strong></span> <span class='ocrx_word' id='word_1_52' title='bbox 1097 3213 1264 3268; x_wconf 91' lang='lat' dir='ltr'><strong><em>initio</em></strong></span> <span class='ocrx_word' id='word_1_53' title='bbox 1310 3215 1380 3268; x_wconf 88' lang='lat' dir='ltr'><strong><em>ab</em></strong></span> <span class='ocrx_word' id='word_1_54' title='bbox 1421 3213 1552 3285; x_wconf 84' lang='lat' dir='ltr'><strong><em>ipsa</em></strong></span> <span class='ocrx_word' id='word_1_55' title='bbox 1585 3215 1781 3268; x_wconf 78' lang='lat' dir='ltr'><strong><em>statim</em></strong></span> <span class='ocrx_word' id='word_1_56' title='bbox 1833 3213 2158 3268; x_wconf 82' lang='lat' dir='ltr'><strong><em>Servatoris</em></strong></span> 
     </span>
    </p>
   </div>
   <div class='ocr_carea' id='block_1_20' title="bbox 497 3300 2154 3374">
    <p class='ocr_par' dir='ltr' id='par_1_20' title="bbox 497 3300 2154 3374">
     <span class='ocr_line' id='line_1_20' title="bbox 497 3300 2154 3374; baseline 0.001 -20"><span class='ocrx_word' id='word_1_57' title='bbox 497 3301 678 3355; x_wconf 91' lang='lat' dir='ltr'><strong><em>nostri</em></strong></span> <span class='ocrx_word' id='word_1_58' title='bbox 711 3300 853 3356; x_wconf 86' lang='lat' dir='ltr'><strong><em>Jesu</em></strong></span> <span class='ocrx_word' id='word_1_59' title='bbox 885 3301 1099 3357; x_wconf 82' lang='lat' dir='ltr'><strong><em>Christi</em></strong></span> <span class='ocrx_word' id='word_1_60' title='bbox 1152 3303 1517 3374; x_wconf 80' lang='lat' dir='ltr'><strong><em>apparitione</em></strong></span> <span class='ocrx_word' id='word_1_61' title='bbox 1563 3303 1619 3356; x_wconf 89' lang='lat' dir='ltr'><strong><em>in</em></strong></span> <span class='ocrx_word' id='word_1_62' title='bbox 1663 3319 1834 3358; x_wconf 86' lang='lat' dir='ltr'><strong><em>carne</em></strong></span> <span class='ocrx_word' id='word_1_63' title='bbox 1877 3311 2103 3372; x_wconf 84' lang='lat' dir='ltr'><strong><em>sumpto</em></strong></span> <span class='ocrx_word' id='word_1_64' title='bbox 2142 3317 2154 3356; x_wconf 92' lang='lat'>:</span> 
     </span>
    </p>
   </div>
   <div class='ocr_carea' id='block_1_21' title="bbox 501 3389 2155 3462">
    <p class='ocr_par' dir='ltr' id='par_1_21' title="bbox 501 3389 2155 3462">
     <span class='ocr_line' id='line_1_21' title="bbox 501 3389 2155 3462; baseline 0 -17"><span class='ocrx_word' id='word_1_65' title='bbox 501 3406 650 3461; x_wconf 88' lang='lat' dir='ltr'><strong><em>opus</em></strong></span> <span class='ocrx_word' id='word_1_66' title='bbox 681 3389 738 3444; x_wconf 93' lang='lat' dir='ltr'><strong><em>id</em></strong></span> <span class='ocrx_word' id='word_1_67' title='bbox 774 3392 1118 3462; x_wconf 62' lang='lat' dir='ltr'><strong><em>praeclarum</em></strong></span> <span class='ocrx_word' id='word_1_68' title='bbox 1167 3397 1222 3446; x_wconf 89' lang='lat' dir='ltr'><strong><em>et</em></strong></span> <span class='ocrx_word' id='word_1_69' title='bbox 1270 3393 1586 3448; x_wconf 84' lang='lat' dir='ltr'><strong><em>lectoribus</em></strong></span> <span class='ocrx_word' id='word_1_70' title='bbox 1636 3396 1863 3461; x_wconf 79' lang='lat' dir='ltr'><strong><em>gratum</em></strong></span> <span class='ocrx_word' id='word_1_71' title='bbox 1917 3392 2035 3446; x_wconf 87' lang='lat' dir='ltr'><strong><em>fore</em></strong></span> <span class='ocrx_word' id='word_1_72' title='bbox 2063 3408 2155 3446; x_wconf 87' lang='lat' dir='ltr'><strong><em>ra-</em></strong></span> 
     </span>
    </p>
   </div>
   <div class='ocr_carea' id='block_1_22' title="bbox 503 3479 2157 3553">
    <p class='ocr_par' dir='ltr' id='par_1_22' title="bbox 503 3479 2157 3553">
     <span class='ocr_line' id='line_1_22' title="bbox 503 3479 2157 3553; baseline 0.001 -19"><span class='ocrx_word' id='word_1_73' title='bbox 503 3483 617 3534; x_wconf 86' lang='lat' dir='ltr'><strong><em>tus.</em></strong></span> <span class='ocrx_word' id='word_1_74' title='bbox 652 3479 811 3543; x_wconf 88' lang='lat' dir='ltr'><strong><em>Quod</em></strong></span> <span class='ocrx_word' id='word_1_75' title='bbox 845 3482 893 3536; x_wconf 91' lang='lat' dir='ltr'><strong><em>si</em></strong></span> <span class='ocrx_word' id='word_1_76' title='bbox 927 3482 1080 3536; x_wconf 90' lang='lat' dir='ltr'><strong><em>enim</em></strong></span> <span class='ocrx_word' id='word_1_77' title='bbox 1126 3499 1239 3536; x_wconf 90' lang='lat' dir='ltr'><strong><em>non</em></strong></span> <span class='ocrx_word' id='word_1_78' title='bbox 1278 3483 1335 3536; x_wconf 90' lang='lat' dir='ltr'><strong><em>in</em></strong></span> <span class='ocrx_word' id='word_1_79' title='bbox 1377 3482 1564 3553; x_wconf 82' lang='lat' dir='ltr'><strong><em>parvis</em></strong></span> <span class='ocrx_word' id='word_1_80' title='bbox 1595 3481 2036 3551; x_wconf 85' lang='lat' dir='ltr'><strong><em>humilibusque</em></strong></span> <span class='ocrx_word' id='word_1_81' title='bbox 2067 3497 2157 3536; x_wconf 89' lang='lat' dir='ltr'><strong><em>re-</em></strong></span> 
     </span>
    </p>
   </div>
   <div class='ocr_carea' id='block_1_23' title="bbox 506 3566 2156 3642">
    <p class='ocr_par' dir='ltr' id='par_1_23' title="bbox 506 3566 2156 3642">
     <span class='ocr_line' id='line_1_23' title="bbox 506 3566 2156 3642; baseline 0.002 -21"><span class='ocrx_word' id='word_1_82' title='bbox 506 3566 621 3623; x_wconf 89' lang='lat' dir='ltr'><strong><em>bus</em></strong></span> <span class='ocrx_word' id='word_1_83' title='bbox 655 3569 919 3637; x_wconf 89' lang='lat' dir='ltr'><strong><em>habetur,</em></strong></span> <span class='ocrx_word' id='word_1_84' title='bbox 951 3573 1089 3642; x_wconf 76' lang='lat' dir='ltr'><strong><em>quin</em></strong></span> <span class='ocrx_word' id='word_1_85' title='bbox 1126 3572 1314 3642; x_wconf 87' lang='lat' dir='ltr'><strong><em>potius</em></strong></span> <span class='ocrx_word' id='word_1_86' title='bbox 1345 3587 1579 3626; x_wconf 89' lang='lat' dir='ltr'><strong><em>summa</em></strong></span> <span class='ocrx_word' id='word_1_87' title='bbox 1617 3569 1786 3625; x_wconf 86' lang='lat' dir='ltr'><strong><em>laude</em></strong></span> <span class='ocrx_word' id='word_1_88' title='bbox 1818 3579 1869 3624; x_wconf 89' lang='lat' dir='ltr'><strong><em>et</em></strong></span> <span class='ocrx_word' id='word_1_89' title='bbox 1910 3585 2156 3624; x_wconf 88' lang='lat' dir='ltr'><strong><em>venera-</em></strong></span> 
     </span>
    </p>
   </div>
   <div class='ocr_carea' id='block_1_24' title="bbox 507 3656 2156 3730">
    <p class='ocr_par' dir='ltr' id='par_1_24' title="bbox 507 3656 2156 3730">
     <span class='ocr_line' id='line_1_24' title="bbox 507 3656 2156 3730; baseline 0.001 -19"><span class='ocrx_word' id='word_1_90' title='bbox 507 3656 663 3712; x_wconf 89' lang='lat' dir='ltr'><strong><em>tione</em></strong></span> <span class='ocrx_word' id='word_1_91' title='bbox 695 3659 938 3730; x_wconf 83' lang='lat' dir='ltr'><strong><em>dignum</em></strong></span> <span class='ocrx_word' id='word_1_92' title='bbox 973 3660 1224 3724; x_wconf 86' lang='lat' dir='ltr'><strong><em>ducitur,</em></strong></span> <span class='ocrx_word' id='word_1_93' title='bbox 1257 3659 1305 3714; x_wconf 82' lang='lat' dir='ltr'><strong><em>si</em></strong></span> <span class='ocrx_word' id='word_1_94' title='bbox 1354 3660 1486 3730; x_wconf 89' lang='lat' dir='ltr'><strong><em>quis</em></strong></span> <span class='ocrx_word' id='word_1_95' title='bbox 1518 3659 1823 3713; x_wconf 89' lang='lat' dir='ltr'><strong><em>historiam</em></strong></span> <span class='ocrx_word' id='word_1_96' title='bbox 1862 3659 2156 3730; x_wconf 86' lang='lat' dir='ltr'><strong><em>profanam</em></strong></span> 
     </span>
    </p>
   </div>
   <div class='ocr_carea' id='block_1_25' title="bbox 508 3748 2159 3820">
    <p class='ocr_par' dir='ltr' id='par_1_25' title="bbox 508 3748 2159 3820">
     <span class='ocr_line' id='line_1_25' title="bbox 508 3748 2159 3820; baseline -0.001 -19"><span class='ocrx_word' id='word_1_97' title='bbox 508 3748 754 3818; x_wconf 89' lang='lat' dir='ltr'><strong><em>pulchro</em></strong></span> <span class='ocrx_word' id='word_1_98' title='bbox 797 3750 1000 3804; x_wconf 86' lang='lat' dir='ltr'><strong><em>ordine</em></strong></span> <span class='ocrx_word' id='word_1_99' title='bbox 1047 3749 1329 3820; x_wconf 83' lang='lat' dir='ltr'><strong><em>colligens</em></strong></span> <span class='ocrx_word' id='word_1_100' title='bbox 1382 3755 1668 3820; x_wconf 86' lang='lat' dir='ltr'><strong><em>proponat</em></strong></span> <span class='ocrx_word' id='word_1_101' title='bbox 1702 3750 2074 3818; x_wconf 88' lang='lat' dir='ltr'><strong><em>fructumque</em></strong></span> <span class='ocrx_word' id='word_1_102' title='bbox 2103 3751 2159 3802; x_wconf 90' lang='lat' dir='ltr'><strong><em>et</em></strong></span> 
     </span>
    </p>
   </div>
   <div class='ocr_carea' id='block_1_26' title="bbox 505 3835 2155 3907">
    <p class='ocr_par' dir='ltr' id='par_1_26' title="bbox 505 3835 2155 3907">
     <span class='ocr_line' id='line_1_26' title="bbox 505 3835 2155 3907; baseline 0.001 -17"><span class='ocrx_word' id='word_1_103' title='bbox 505 3835 814 3892; x_wconf 88' lang='lat' dir='ltr'><strong><em>utilitatem</em></strong></span> <span class='ocrx_word' id='word_1_104' title='bbox 866 3839 994 3907; x_wconf 86' lang='lat' dir='ltr'><strong><em>ejus</em></strong></span> <span class='ocrx_word' id='word_1_105' title='bbox 1044 3838 1220 3892; x_wconf 89' lang='lat' dir='ltr'><strong><em>studii</em></strong></span> <span class='ocrx_word' id='word_1_106' title='bbox 1271 3837 1329 3892; x_wconf 88' lang='lat' dir='ltr'><strong><em>in</em></strong></span> <span class='ocrx_word' id='word_1_107' title='bbox 1382 3837 1640 3893; x_wconf 90' lang='lat' dir='ltr'><strong><em>medium</em></strong></span> <span class='ocrx_word' id='word_1_108' title='bbox 1693 3840 1966 3907; x_wconf 88' lang='lat' dir='ltr'><strong><em>proferat,</em></strong></span> <span class='ocrx_word' id='word_1_109' title='bbox 2028 3853 2155 3891; x_wconf 91' lang='lat' dir='ltr'><strong><em>eam</em></strong></span> 
     </span>
    </p>
   </div>
   <div class='ocr_carea' id='block_1_27' title="bbox 500 3927 2157 3998">
    <p class='ocr_par' dir='ltr' id='par_1_27' title="bbox 500 3927 2157 3998">
     <span class='ocr_line' id='line_1_27' title="bbox 500 3927 2157 3998; baseline 0 -18"><span class='ocrx_word' id='word_1_110' title='bbox 500 3941 851 3996; x_wconf 84' lang='lat' dir='ltr'><strong><em>cognoscere</em></strong></span> <span class='ocrx_word' id='word_1_111' title='bbox 882 3927 1212 3981; x_wconf 80' lang='lat' dir='ltr'><strong><em>volentibus</em></strong></span> <span class='ocrx_word' id='word_1_112' title='bbox 1240 3945 1251 3981; x_wconf 92' lang='lat'><strong>:</strong></span> <span class='ocrx_word' id='word_1_113' title='bbox 1291 3927 1476 3982; x_wconf 90' lang='lat' dir='ltr'><strong><em>multo</em></strong></span> <span class='ocrx_word' id='word_1_114' title='bbox 1511 3927 1770 3998; x_wconf 88' lang='lat' dir='ltr'><strong><em>profecto</em></strong></span> <span class='ocrx_word' id='word_1_115' title='bbox 1804 3927 2157 3982; x_wconf 88' lang='lat' dir='ltr'><strong><em>laudabilius</em></strong></span> 
     </span>
    </p>
   </div>
   <div class='ocr_carea' id='block_1_28' title="bbox 2181 2674 2234 2738">
    <p class='ocr_par' dir='ltr' id='par_1_28' title="bbox 2181 2674 2234 2738">
     <span class='ocr_line' id='line_1_28' title="bbox 2181 2674 2234 2738; baseline 0 0"><span class='ocrx_word' id='word_1_116' title='bbox 2181 2674 2234 2738; x_wconf 82' lang='grc' dir='ltr'><strong>Α</strong></span> 
     </span>
    </p>
   </div>
   <div class='ocr_carea' id='block_1_29' title="bbox 2901 2672 3275 2726">
    <p class='ocr_par' dir='ltr' id='par_1_29' title="bbox 2901 2672 3275 2726">
     <span class='ocr_line' id='line_1_29' title="bbox 2901 2672 3275 2726; baseline -0.005 -1"><span class='ocrx_word' id='word_1_117' title='bbox 2901 2676 3156 2726; x_wconf 79' lang='grc' dir='ltr'><strong><em>ΚΕΦΑΛ.</em></strong></span> <span class='ocrx_word' id='word_1_118' title='bbox 3201 2672 3275 2725; x_wconf 83' lang='grc' dir='ltr'><strong><em>Α’.</em></strong></span> 
     </span>
    </p>
   </div>
   <div class='ocr_carea' id='block_1_30' title="bbox 2270 2795 3886 2873">
    <p class='ocr_par' dir='ltr' id='par_1_30' title="bbox 2270 2795 3886 2873">
     <span class='ocr_line' id='line_1_30' title="bbox 2270 2795 3886 2873; baseline 0.009 -26"><span class='ocrx_word' id='word_1_119' title='bbox 2270 2798 2646 2873; x_wconf 79' lang='grc' dir='ltr'>Προοίμιον</span> <span class='ocrx_word' id='word_1_120' title='bbox 2675 2801 2790 2873; x_wconf 77' lang='grc' dir='ltr'><strong><em>τοῦ</em></strong></span> <span class='ocrx_word' id='word_1_121' title='bbox 2816 2797 3250 2873; x_wconf 73' lang='grc' dir='ltr'><strong><em>συγγραφέως</em></strong></span> <span class='ocrx_word' id='word_1_122' title='bbox 3275 2815 3287 2828; x_wconf 77' lang='grc'>⁸</span> <span class='ocrx_word' id='word_1_123' title='bbox 3323 2795 3504 2857; x_wconf 78' lang='grc' dir='ltr'>ὅπως</span> <span class='ocrx_word' id='word_1_124' title='bbox 3537 2796 3638 2873; x_wconf 61' lang='grc' dir='ltr'><strong><em>ἐπι</em></strong></span> <span class='ocrx_word' id='word_1_125' title='bbox 3665 2799 3886 2873; x_wconf 39' lang='grc' dir='ltr'><strong><em>τῷιςτυρτ·</em></strong></span> 
     </span>
    </p>
   </div>
   <div class='ocr_carea' id='block_1_31' title="bbox 2340 2864 3882 2942">
    <p class='ocr_par' dir='ltr' id='par_1_31' title="bbox 2340 2864 3882 2942">
     <span class='ocr_line' id='line_1_31' title="bbox 2340 2864 3882 2942; baseline -0.001 -21"><span class='ocrx_word' id='word_1_126' title='bbox 2340 2864 2624 2942; x_wconf 38' lang='grc' dir='ltr'>γράφειν.</span> <span class='ocrx_word' id='word_1_127' title='bbox 2681 2864 3170 2942; x_wconf 66' lang='grc' dir='ltr'>τήνπαροῦσάν</span> <span class='ocrx_word' id='word_1_128' title='bbox 3213 2870 3688 2942; x_wconf 75' lang='grc' dir='ltr'>πραγματείαν</span> <span class='ocrx_word' id='word_1_129' title='bbox 3723 2864 3882 2942; x_wconf 30' lang='grc' dir='ltr'><strong><em>⁷ἐλᾼῆυ</em></strong></span> 
     </span>
    </p>
   </div>
   <div class='ocr_carea' id='block_1_32' title="bbox 2338 2935 3878 3012">
    <p class='ocr_par' dir='ltr' id='par_1_32' title="bbox 2338 2935 3878 3012">
     <span class='ocr_line' id='line_1_32' title="bbox 2338 2935 3878 3012; baseline -0.003 -20"><span class='ocrx_word' id='word_1_130' title='bbox 2338 2935 2564 3012; x_wconf 67' lang='grc' dir='ltr'>λυθενο</span> <span class='ocrx_word' id='word_1_131' title='bbox 2599 2936 2736 2994; x_wconf 77' lang='grc' dir='ltr'>ἔστι</span> <span class='ocrx_word' id='word_1_132' title='bbox 2771 2937 2835 2994; x_wconf 73' lang='grc' dir='ltr'>δὲ</span> <span class='ocrx_word' id='word_1_133' title='bbox 2883 2935 3544 3012; x_wconf 15' lang='grc' dir='ltr'>καὶᾲσύντομοςτῆς</span> <span class='ocrx_word' id='word_1_134' title='bbox 3589 2937 3750 3001; x_wconf 82' lang='grc' dir='ltr'>ὅλης</span> <span class='ocrx_word' id='word_1_135' title='bbox 3793 2935 3878 3009; x_wconf 85' lang='grc' dir='ltr'>βί-</span> 
     </span>
    </p>
   </div>
   <div class='ocr_carea' id='block_1_33' title="bbox 2339 3006 3372 3086">
    <p class='ocr_par' dir='ltr' id='par_1_33' title="bbox 2339 3006 3372 3086">
     <span class='ocr_line' id='line_1_33' title="bbox 2339 3006 3372 3086; baseline 0.002 -22"><span class='ocrx_word' id='word_1_136' title='bbox 2339 3006 2504 3064; x_wconf 81' lang='grc' dir='ltr'>ϐλου</span> <span class='ocrx_word' id='word_1_137' title='bbox 2551 3017 2676 3066; x_wconf 82' lang='grc' dir='ltr'>τῶν</span> <span class='ocrx_word' id='word_1_138' title='bbox 2721 3012 2951 3084; x_wconf 83' lang='grc' dir='ltr'>τόμων</span> <span class='ocrx_word' id='word_1_139' title='bbox 2998 3006 3372 3086; x_wconf 72' lang='grc' dir='ltr'>ἐπιδρομή.</span> 
     </span>
    </p>
   </div>
   <div class='ocr_carea' id='block_1_34' title="bbox 2336 3114 3867 3193">
    <p class='ocr_par' dir='ltr' id='par_1_34' title="bbox 2336 3114 3867 3193">
     <span class='ocr_line' id='line_1_34' title="bbox 2336 3114 3867 3193; baseline -0.005 -23"><span class='ocrx_word' id='word_1_140' title='bbox 2336 3119 2652 3193; x_wconf 79' lang='grc' dir='ltr'>Νικηφόρος</span> <span class='ocrx_word' id='word_1_141' title='bbox 2733 3119 2761 3172; x_wconf 86' lang='grc' dir='ltr'>ὁ</span> <span class='ocrx_word' id='word_1_142' title='bbox 2847 3115 3158 3174; x_wconf 79' lang='grc' dir='ltr'>Καλλίστου</span> <span class='ocrx_word' id='word_1_143' title='bbox 3259 3118 3355 3184; x_wconf 76' lang='grc' dir='ltr'>τὴν</span> <span class='ocrx_word' id='word_1_144' title='bbox 3458 3114 3867 3188; x_wconf 76' lang='grc' dir='ltr'>ἐκκλησιαστικήν</span> 
     </span>
    </p>
   </div>
   <div class='ocr_carea' id='block_1_35' title="bbox 2267 3199 3876 3282">
    <p class='ocr_par' dir='ltr' id='par_1_35' title="bbox 2267 3199 3876 3282">
     <span class='ocr_line' id='line_1_35' title="bbox 2267 3199 3876 3282; baseline -0.002 -23"><span class='ocrx_word' id='word_1_145' title='bbox 2267 3205 2508 3274; x_wconf 69' lang='grc' dir='ltr'><strong><em>⁴ἱστορίαν</em></strong></span> <span class='ocrx_word' id='word_1_146' title='bbox 2568 3209 2863 3276; x_wconf 80' lang='grc' dir='ltr'>συνέταξεν,</span> <span class='ocrx_word' id='word_1_147' title='bbox 2913 3207 3212 3282; x_wconf 81' lang='grc' dir='ltr'>ἀρξάμενος</span> <span class='ocrx_word' id='word_1_148' title='bbox 3266 3206 3420 3267; x_wconf 76' lang='grc' dir='ltr'>εὐθὺς</span> <span class='ocrx_word' id='word_1_149' title='bbox 3476 3207 3584 3261; x_wconf 84' lang='grc' dir='ltr'><strong><em>ἀπὸ</em></strong></span> <span class='ocrx_word' id='word_1_150' title='bbox 3631 3213 3722 3275; x_wconf 72' lang='grc' dir='ltr'>τῆς</span> <span class='ocrx_word' id='word_1_151' title='bbox 3763 3199 3876 3257; x_wconf 67' lang='grc' dir='ltr'>κατὰ</span> 
     </span>
    </p>
   </div>
   <div class='ocr_carea' id='block_1_36' title="bbox 2267 3291 3880 3376">
    <p class='ocr_par' dir='ltr' id='par_1_36' title="bbox 2267 3291 3880 3376">
     <span class='ocr_line' id='line_1_36' title="bbox 2267 3291 3880 3376; baseline -0.002 -29"><span class='ocrx_word' id='word_1_152' title='bbox 2267 3297 2434 3369; x_wconf 81' lang='grc' dir='ltr'>σάρκα</span> <span class='ocrx_word' id='word_1_153' title='bbox 2483 3301 2579 3350; x_wconf 76' lang='grc' dir='ltr'><strong><em>τοῦ</em></strong></span> <span class='ocrx_word' id='word_1_154' title='bbox 2638 3305 2895 3370; x_wconf 77' lang='grc' dir='ltr'><strong><em>Σωτῆρος</em></strong></span> <span class='ocrx_word' id='word_1_155' title='bbox 2974 3295 3284 3376; x_wconf 69' lang='grc' dir='ltr'><strong><em>ἐπιφανείας</em></strong></span> <span class='ocrx_word' id='word_1_156' title='bbox 3367 3301 3626 3369; x_wconf 80' lang='grc' dir='ltr'><strong><em>Χριστοῦ,</em></strong></span> <span class='ocrx_word' id='word_1_157' title='bbox 3687 3291 3880 3368; x_wconf 78' lang='grc' dir='ltr'>λογισάο</span> 
     </span>
    </p>
   </div>
   <div class='ocr_carea' id='block_1_37' title="bbox 2270 3381 3877 3458">
    <p class='ocr_par' dir='ltr' id='par_1_37' title="bbox 2270 3381 3877 3458">
     <span class='ocr_line' id='line_1_37' title="bbox 2270 3381 3877 3458; baseline -0.004 -20"><span class='ocrx_word' id='word_1_158' title='bbox 2270 3405 2430 3457; x_wconf 87' lang='grc' dir='ltr'>μενος</span> <span class='ocrx_word' id='word_1_159' title='bbox 2471 3385 2716 3458; x_wconf 81' lang='grc' dir='ltr'><strong><em>γενναίαν</em></strong></span> <span class='ocrx_word' id='word_1_160' title='bbox 2784 3386 2931 3458; x_wconf 80' lang='grc' dir='ltr'>μάλα</span> <span class='ocrx_word' id='word_1_161' title='bbox 2978 3386 3065 3439; x_wconf 79' lang='grc' dir='ltr'><strong><em>καὶ</em></strong></span> <span class='ocrx_word' id='word_1_162' title='bbox 3125 3386 3273 3457; x_wconf 76' lang='grc' dir='ltr'>ἀξίαν</span> <span class='ocrx_word' id='word_1_163' title='bbox 3324 3382 3504 3458; x_wconf 88' lang='grc' dir='ltr'>λόγου</span> <span class='ocrx_word' id='word_1_164' title='bbox 3554 3382 3750 3440; x_wconf 74' lang='grc' dir='ltr'>ἔσεσθαι</span> <span class='ocrx_word' id='word_1_165' title='bbox 3795 3381 3877 3448; x_wconf 74' lang='grc' dir='ltr'>τήν</span> 
     </span>
    </p>
   </div>
   <div class='ocr_carea' id='block_1_38' title="bbox 2267 3471 3882 3551">
    <p class='ocr_par' dir='ltr' id='par_1_38' title="bbox 2267 3471 3882 3551">
     <span class='ocr_line' id='line_1_38' title="bbox 2267 3471 3882 3551; baseline -0.004 -22"><span class='ocrx_word' id='word_1_166' title='bbox 2267 3471 2530 3544; x_wconf 68' lang='grc' dir='ltr'>σπουδήν.</span> <span class='ocrx_word' id='word_1_167' title='bbox 2585 3473 2747 3548; x_wconf 69' lang='grc' dir='ltr'>Είπερ</span> <span class='ocrx_word' id='word_1_168' title='bbox 2804 3478 2902 3551; x_wconf 75' lang='grc' dir='ltr'><strong><em>γάρ</em></strong></span> <span class='ocrx_word' id='word_1_169' title='bbox 2952 3496 3004 3529; x_wconf 91' lang='grc' dir='ltr'><strong><em>τι</em></strong></span> <span class='ocrx_word' id='word_1_170' title='bbox 3052 3480 3158 3530; x_wconf 82' lang='grc' dir='ltr'><strong><em>τῶν</em></strong></span> <span class='ocrx_word' id='word_1_171' title='bbox 3211 3477 3272 3529; x_wconf 80' lang='grc' dir='ltr'>οὐ</span> <span class='ocrx_word' id='word_1_172' title='bbox 3333 3476 3512 3546; x_wconf 82' lang='grc' dir='ltr'>πάντη</span> <span class='ocrx_word' id='word_1_173' title='bbox 3564 3478 3793 3547; x_wconf 81' lang='grc' dir='ltr'>σμικρῶν</span> <span class='ocrx_word' id='word_1_174' title='bbox 3834 3489 3882 3523; x_wconf 87' lang='grc' dir='ltr'><strong><em>τε</em></strong></span> 
     </span>
    </p>
   </div>
   <div class='ocr_carea' id='block_1_39' title="bbox 2265 3563 3882 3639">
    <p class='ocr_par' dir='ltr' id='par_1_39' title="bbox 2265 3563 3882 3639">
     <span class='ocr_line' id='line_1_39' title="bbox 2265 3563 3882 3639; baseline -0.001 -19"><span class='ocrx_word' id='word_1_175' title='bbox 2265 3566 2352 3620; x_wconf 79' lang='grc' dir='ltr'><strong><em>καὶ</em></strong></span> <span class='ocrx_word' id='word_1_176' title='bbox 2385 3565 2640 3639; x_wconf 79' lang='grc' dir='ltr'>ἀγεννῶν,</span> <span class='ocrx_word' id='word_1_177' title='bbox 2692 3565 2896 3636; x_wconf 88' lang='grc' dir='ltr'>κομιδῆ</span> <span class='ocrx_word' id='word_1_178' title='bbox 2953 3567 3047 3639; x_wconf 76' lang='grc' dir='ltr'>μὲν</span> <span class='ocrx_word' id='word_1_179' title='bbox 3099 3563 3186 3619; x_wconf 78' lang='grc' dir='ltr'>οὖν</span> <span class='ocrx_word' id='word_1_180' title='bbox 3224 3565 3313 3619; x_wconf 82' lang='grc' dir='ltr'><strong><em>καὶ</em></strong></span> <span class='ocrx_word' id='word_1_181' title='bbox 3352 3569 3463 3619; x_wconf 81' lang='grc' dir='ltr'><strong><em>τῶν</em></strong></span> <span class='ocrx_word' id='word_1_182' title='bbox 3507 3566 3626 3622; x_wconf 90' lang='grc' dir='ltr'>λίαν</span> <span class='ocrx_word' id='word_1_183' title='bbox 3676 3565 3882 3636; x_wconf 82' lang='grc' dir='ltr'>σεμνῶν,</span> 
     </span>
    </p>
   </div>
   <div class='ocr_carea' id='block_1_40' title="bbox 2265 3653 3882 3732">
    <p class='ocr_par' dir='ltr' id='par_1_40' title="bbox 2265 3653 3882 3732">
     <span class='ocr_line' id='line_1_40' title="bbox 2265 3653 3882 3732; baseline -0.004 -24"><span class='ocrx_word' id='word_1_184' title='bbox 2265 3655 2534 3727; x_wconf 77' lang='grc' dir='ltr'>κοσμικήν</span> <span class='ocrx_word' id='word_1_185' title='bbox 2567 3675 2685 3708; x_wconf 89' lang='grc' dir='ltr'>τινα</span> <span class='ocrx_word' id='word_1_186' title='bbox 2741 3654 2981 3726; x_wconf 78' lang='grc' dir='ltr'><strong><em>ἱστορίαν</em></strong></span> <span class='ocrx_word' id='word_1_187' title='bbox 3029 3654 3419 3726; x_wconf 80' lang='grc' dir='ltr'>ἀναλεξάμενον</span> <span class='ocrx_word' id='word_1_188' title='bbox 3473 3653 3658 3732; x_wconf 61' lang='grc' dir='ltr'>ἐφεξῆς</span> <span class='ocrx_word' id='word_1_189' title='bbox 3688 3653 3882 3723; x_wconf 81' lang='grc' dir='ltr'>προθεῖο</span> 
     </span>
    </p>
   </div>
   <div class='ocr_carea' id='block_1_41' title="bbox 2265 3739 3882 3816">
    <p class='ocr_par' dir='ltr' id='par_1_41' title="bbox 2265 3739 3882 3816">
     <span class='ocr_line' id='line_1_41' title="bbox 2265 3739 3882 3816; baseline -0.002 -21"><span class='ocrx_word' id='word_1_190' title='bbox 2265 3765 2351 3796; x_wconf 83' lang='grc' dir='ltr'><strong><em>ναι</em></strong></span> <span class='ocrx_word' id='word_1_191' title='bbox 2383 3743 2472 3796; x_wconf 85' lang='grc' dir='ltr'><strong><em>καὶ</em></strong></span> <span class='ocrx_word' id='word_1_192' title='bbox 2521 3743 2581 3796; x_wconf 87' lang='grc' dir='ltr'>τὸ</span> <span class='ocrx_word' id='word_1_193' title='bbox 2628 3739 2908 3804; x_wconf 71' lang='grc' dir='ltr'>λυσιτελὲς</span> <span class='ocrx_word' id='word_1_194' title='bbox 2938 3750 3036 3811; x_wconf 80' lang='grc' dir='ltr'><strong><em>τῆς</em></strong></span> <span class='ocrx_word' id='word_1_195' title='bbox 3088 3741 3328 3811; x_wconf 81' lang='grc' dir='ltr'>σπουδῆς</span> <span class='ocrx_word' id='word_1_196' title='bbox 3377 3742 3427 3798; x_wconf 85' lang='grc' dir='ltr'>ἐν</span> <span class='ocrx_word' id='word_1_197' title='bbox 3475 3748 3642 3816; x_wconf 82' lang='grc' dir='ltr'>κοινῷ</span> <span class='ocrx_word' id='word_1_198' title='bbox 3687 3743 3882 3816; x_wconf 81' lang='grc' dir='ltr'>προκεῖ·</span> 
     </span>
    </p>
   </div>
   <div class='ocr_carea' id='block_1_42' title="bbox 2267 3831 3885 3910">
    <p class='ocr_par' dir='ltr' id='par_1_42' title="bbox 2267 3831 3885 3910">
     <span class='ocr_line' id='line_1_42' title="bbox 2267 3831 3885 3910; baseline -0.002 -23"><span class='ocrx_word' id='word_1_199' title='bbox 2267 3835 2387 3888; x_wconf 85' lang='grc' dir='ltr'>σθαι</span> <span class='ocrx_word' id='word_1_200' title='bbox 2419 3835 2816 3910; x_wconf 79' lang='grc' dir='ltr'>παρασκευάσαι</span> <span class='ocrx_word' id='word_1_201' title='bbox 2848 3839 2924 3906; x_wconf 82' lang='grc' dir='ltr'>τῷ</span> <span class='ocrx_word' id='word_1_202' title='bbox 2958 3835 3287 3909; x_wconf 72' lang='grc' dir='ltr'>βουλομένῳ</span> <span class='ocrx_word' id='word_1_203' title='bbox 3323 3855 3334 3866; x_wconf 93' lang='grc'><strong>·</strong></span> <span class='ocrx_word' id='word_1_204' title='bbox 3369 3838 3402 3904; x_wconf 75' lang='grc' dir='ltr'>ἡ</span> <span class='ocrx_word' id='word_1_205' title='bbox 3438 3857 3543 3890; x_wconf 87' lang='grc' dir='ltr'><strong><em>που</em></strong></span> <span class='ocrx_word' id='word_1_206' title='bbox 3597 3837 3730 3909; x_wconf 87' lang='grc' dir='ltr'>μέγα</span> <span class='ocrx_word' id='word_1_207' title='bbox 3766 3831 3885 3886; x_wconf 79' lang='grc' dir='ltr'>πάν-</span> 
     </span>
    </p>
   </div>
   <div class='ocr_carea' id='block_1_43' title="bbox 2267 3917 3884 3998">
    <p class='ocr_par' dir='ltr' id='par_1_43' title="bbox 2267 3917 3884 3998">
     <span class='ocr_line' id='line_1_43' title="bbox 2267 3917 3884 3998; baseline -0.004 -22"><span class='ocrx_word' id='word_1_208' title='bbox 2267 3944 2375 3985; x_wconf 82' lang='grc' dir='ltr'><strong><em>τως</em></strong></span> <span class='ocrx_word' id='word_1_209' title='bbox 2429 3925 2575 3997; x_wconf 74' lang='grc' dir='ltr'>ἱεράν</span> <span class='ocrx_word' id='word_1_210' title='bbox 2637 3945 2756 3979; x_wconf 89' lang='grc' dir='ltr'>τινα</span> <span class='ocrx_word' id='word_1_211' title='bbox 2810 3921 3140 3997; x_wconf 79' lang='grc' dir='ltr'>προθέμενον</span> <span class='ocrx_word' id='word_1_212' title='bbox 3201 3921 3462 3998; x_wconf 78' lang='grc' dir='ltr'>ἱστορίαν,</span> <span class='ocrx_word' id='word_1_213' title='bbox 3528 3925 3687 3978; x_wconf 77' lang='grc' dir='ltr'>ἅπασι</span> <span class='ocrx_word' id='word_1_214' title='bbox 3767 3917 3884 3972; x_wconf 73' lang='grc' dir='ltr'>κατὰ</span> 
     </span>
    </p>
   </div>
   <div class='ocr_carea' id='block_1_44' title="bbox 496 4011 2151 4116">
    <p class='ocr_par' dir='ltr' id='par_1_44' title="bbox 496 4015 2151 4087">
     <span class='ocr_line' id='line_1_44' title="bbox 496 4015 2151 4087; baseline 0.001 -18"><span class='ocrx_word' id='word_1_215' title='bbox 496 4015 723 4070; x_wconf 86' lang='lat' dir='ltr'><strong><em>censeri</em></strong></span> <span class='ocrx_word' id='word_1_216' title='bbox 754 4015 944 4080; x_wconf 88' lang='lat' dir='ltr'><strong><em>debet,</em></strong></span> <span class='ocrx_word' id='word_1_217' title='bbox 998 4032 1089 4070; x_wconf 88' lang='lat' dir='ltr'><strong><em>res</em></strong></span> <span class='ocrx_word' id='word_1_218' title='bbox 1121 4021 1314 4087; x_wconf 85' lang='lat' dir='ltr'><strong><em>gestas</em></strong></span> <span class='ocrx_word' id='word_1_219' title='bbox 1361 4033 1560 4071; x_wconf 89' lang='lat' dir='ltr'><strong><em>sacras</em></strong></span> <span class='ocrx_word' id='word_1_220' title='bbox 1592 4017 1650 4071; x_wconf 90' lang='lat' dir='ltr'><strong><em>in</em></strong></span> <span class='ocrx_word' id='word_1_221' title='bbox 1681 4016 1913 4086; x_wconf 83' lang='lat' dir='ltr'><strong><em>publica</em></strong></span> <span class='ocrx_word' id='word_1_222' title='bbox 1945 4033 2151 4071; x_wconf 88' lang='lat' dir='ltr'><strong><em>monu-</em></strong></span> 
     </span>
    </p>
   </div>
   <div class='ocr_carea' id='block_1_45' title="bbox 2268 4011 3882 4116">
    <p class='ocr_par' dir='ltr' id='par_1_45' title="bbox 2271 4011 3882 4089">
     <span class='ocr_line' id='line_1_45' title="bbox 2271 4011 3882 4089; baseline -0.002 -23"><span class='ocrx_word' id='word_1_223' title='bbox 2271 4014 2431 4086; x_wconf 76' lang='grc' dir='ltr'>μέρος</span> <span class='ocrx_word' id='word_1_224' title='bbox 2494 4013 2803 4088; x_wconf 76' lang='grc' dir='ltr'><strong><em>διεξελθεῖν,</em></strong></span> <span class='ocrx_word' id='word_1_225' title='bbox 2863 4015 3159 4089; x_wconf 85' lang='grc' dir='ltr'>πρόχειρον</span> <span class='ocrx_word' id='word_1_226' title='bbox 3205 4011 3558 4070; x_wconf 80' lang='grc' dir='ltr'>διδασκαλίαν</span> <span class='ocrx_word' id='word_1_227' title='bbox 3605 4017 3697 4068; x_wconf 76' lang='grc' dir='ltr'><strong><em>τοῦ</em></strong></span> <span class='ocrx_word' id='word_1_228' title='bbox 3743 4011 3882 4080; x_wconf 82' lang='grc' dir='ltr'>κοινῇ</span> 
     </span>
    </p>
   </div>
   <div class='ocr_carea' id='block_1_46' title="bbox 497 4106 2153 4177">
    <p class='ocr_par' dir='ltr' id='par_1_46' title="bbox 497 4106 2153 4177">
     <span class='ocr_line' id='line_1_46' title="bbox 497 4106 2153 4177; baseline 0.001 -20"><span class='ocrx_word' id='word_1_229' title='bbox 497 4109 720 4172; x_wconf 88' lang='lat' dir='ltr'><strong><em>menta,</em></strong></span> <span class='ocrx_word' id='word_1_230' title='bbox 773 4121 897 4174; x_wconf 75' lang='lat' dir='ltr'><strong><em>qua:</em></strong></span> <span class='ocrx_word' id='word_1_231' title='bbox 954 4107 1227 4160; x_wconf 87' lang='lat' dir='ltr'><strong><em>omnibus</em></strong></span> <span class='ocrx_word' id='word_1_232' title='bbox 1280 4122 1632 4177; x_wconf 78' lang='lat' dir='ltr'><strong><em>cognoscere</em></strong></span> <span class='ocrx_word' id='word_1_233' title='bbox 1678 4106 1868 4174; x_wconf 89' lang='lat' dir='ltr'><strong><em>liceat,</em></strong></span> <span class='ocrx_word' id='word_1_234' title='bbox 1919 4106 2153 4168; x_wconf 87' lang='lat' dir='ltr'><strong><em>referre,</em></strong></span> 
     </span>
    </p>
   </div>
   <div class='ocr_carea' id='block_1_47' title="bbox 500 4192 2151 4266">
    <p class='ocr_par' dir='ltr' id='par_1_47' title="bbox 500 4192 2151 4266">
     <span class='ocr_line' id='line_1_47' title="bbox 500 4192 2151 4266; baseline 0 -18"><span class='ocrx_word' id='word_1_235' title='bbox 500 4192 942 4265; x_wconf 80' lang='lat' dir='ltr'><strong><em>doctrinamque</em></strong></span> <span class='ocrx_word' id='word_1_236' title='bbox 995 4192 1223 4250; x_wconf 82' lang='lat' dir='ltr'><strong><em>facilem</em></strong></span> <span class='ocrx_word' id='word_1_237' title='bbox 1256 4200 1311 4250; x_wconf 90' lang='lat' dir='ltr'><strong><em>et</em></strong></span> <span class='ocrx_word' id='word_1_238' title='bbox 1351 4195 1645 4251; x_wconf 88' lang='lat' dir='ltr'><strong><em>salubrem</em></strong></span> <span class='ocrx_word' id='word_1_239' title='bbox 1680 4194 1994 4266; x_wconf 81' lang='lat' dir='ltr'><strong><em>publicitus</em></strong></span> <span class='ocrx_word' id='word_1_240' title='bbox 2027 4210 2151 4263; x_wconf 91' lang='lat' dir='ltr'><strong><em>pro-</em></strong></span> 
     </span>
    </p>
   </div>
   <div class='ocr_carea' id='block_1_48' title="bbox 496 4281 2152 4353">
    <p class='ocr_par' dir='ltr' id='par_1_48' title="bbox 496 4281 2152 4353">
     <span class='ocr_line' id='line_1_48' title="bbox 496 4281 2152 4353; baseline -0.001 -18"><span class='ocrx_word' id='word_1_241' title='bbox 496 4281 756 4336; x_wconf 79' lang='lat' dir='ltr'><strong><em>futuram</em></strong></span> <span class='ocrx_word' id='word_1_242' title='bbox 817 4284 1192 4340; x_wconf 86' lang='lat' dir='ltr'><strong><em>constituere.</em></strong></span> <span class='ocrx_word' id='word_1_243' title='bbox 1260 4283 1538 4353; x_wconf 85' lang='lat' dir='ltr'><strong><em>Equidem</em></strong></span> <span class='ocrx_word' id='word_1_244' title='bbox 1599 4285 1915 4341; x_wconf 83' lang='lat' dir='ltr'><strong><em>maximam</em></strong></span> <span class='ocrx_word' id='word_1_245' title='bbox 1959 4282 2152 4340; x_wconf 89' lang='lat' dir='ltr'><strong><em>deberi</em></strong></span> 
     </span>
    </p>
   </div>
   <div class='ocr_carea' id='block_1_49' title="bbox 495 4371 2156 4443">
    <p class='ocr_par' dir='ltr' id='par_1_49' title="bbox 495 4371 2156 4443">
     <span class='ocr_line' id='line_1_49' title="bbox 495 4371 2156 4443; baseline 0.001 -19"><span class='ocrx_word' id='word_1_246' title='bbox 495 4371 747 4442; x_wconf 80' lang='lat' dir='ltr'><strong><em>gratiam</em></strong></span> <span class='ocrx_word' id='word_1_247' title='bbox 782 4371 866 4427; x_wconf 88' lang='lat' dir='ltr'><strong><em>eis</em></strong></span> <span class='ocrx_word' id='word_1_248' title='bbox 889 4373 1178 4439; x_wconf 82' lang='lat' dir='ltr'><strong><em>existimo,</em></strong></span> <span class='ocrx_word' id='word_1_249' title='bbox 1214 4373 1312 4443; x_wconf 91' lang='lat' dir='ltr'><strong><em>qui</em></strong></span> <span class='ocrx_word' id='word_1_250' title='bbox 1344 4371 1621 4428; x_wconf 85' lang='lat' dir='ltr'><strong><em>historias</em></strong></span> <span class='ocrx_word' id='word_1_251' title='bbox 1660 4380 1716 4428; x_wconf 91' lang='lat' dir='ltr'><strong><em>et</em></strong></span> <span class='ocrx_word' id='word_1_252' title='bbox 1745 4391 1837 4429; x_wconf 91' lang='lat' dir='ltr'><strong><em>res</em></strong></span> <span class='ocrx_word' id='word_1_253' title='bbox 1887 4388 2156 4428; x_wconf 88' lang='lat' dir='ltr'><strong><em>commu-</em></strong></span> 
     </span>
    </p>
   </div>
   <div class='ocr_carea' id='block_1_50' title="bbox 497 4462 2153 4532">
    <p class='ocr_par' dir='ltr' id='par_1_50' title="bbox 497 4462 2153 4532">
     <span class='ocr_line' id='line_1_50' title="bbox 497 4462 2153 4532; baseline 0 -16"><span class='ocrx_word' id='word_1_254' title='bbox 497 4477 603 4517; x_wconf 88' lang='lat' dir='ltr'><strong><em>nes</em></strong></span> <span class='ocrx_word' id='word_1_255' title='bbox 635 4462 855 4532; x_wconf 88' lang='lat' dir='ltr'><strong><em>privato</em></strong></span> <span class='ocrx_word' id='word_1_256' title='bbox 889 4479 994 4518; x_wconf 84' lang='lat' dir='ltr'><strong><em>suo</em></strong></span> <span class='ocrx_word' id='word_1_257' title='bbox 1027 4462 1220 4517; x_wconf 87' lang='lat' dir='ltr'><strong><em>labore</em></strong></span> <span class='ocrx_word' id='word_1_258' title='bbox 1252 4463 1364 4518; x_wconf 89' lang='lat' dir='ltr'><strong><em>sibi</em></strong></span> <span class='ocrx_word' id='word_1_259' title='bbox 1395 4464 1849 4520; x_wconf 88' lang='lat' dir='ltr'><strong><em>conscribendas</em></strong></span> <span class='ocrx_word' id='word_1_260' title='bbox 1883 4467 2153 4518; x_wconf 86' lang='lat' dir='ltr'><strong><em>sumunt.</em></strong></span> 
     </span>
    </p>
   </div>
   <div class='ocr_carea' id='block_1_51' title="bbox 496 4550 2150 4623">
    <p class='ocr_par' dir='ltr' id='par_1_51' title="bbox 496 4550 2150 4623">
     <span class='ocr_line' id='line_1_51' title="bbox 496 4550 2150 4623; baseline 0.001 -18"><span class='ocrx_word' id='word_1_261' title='bbox 496 4550 586 4606; x_wconf 93' lang='lat' dir='ltr'><strong><em>Illi</em></strong></span> <span class='ocrx_word' id='word_1_262' title='bbox 623 4551 930 4623; x_wconf 86' lang='lat' dir='ltr'><strong><em>siquidem,</em></strong></span> <span class='ocrx_word' id='word_1_263' title='bbox 982 4554 1134 4623; x_wconf 91' lang='lat' dir='ltr'><strong><em>quod</em></strong></span> <span class='ocrx_word' id='word_1_264' title='bbox 1183 4552 1241 4607; x_wconf 91' lang='lat' dir='ltr'><strong><em>in</em></strong></span> <span class='ocrx_word' id='word_1_265' title='bbox 1290 4554 1372 4608; x_wconf 89' lang='lat' dir='ltr'><strong><em>eis</em></strong></span> <span class='ocrx_word' id='word_1_266' title='bbox 1421 4561 1504 4608; x_wconf 88' lang='lat' dir='ltr'><strong><em>est</em></strong></span> <span class='ocrx_word' id='word_1_267' title='bbox 1546 4553 1684 4609; x_wconf 87' lang='lat' dir='ltr'><strong><em>utile</em></strong></span> <span class='ocrx_word' id='word_1_268' title='bbox 1716 4553 2150 4616; x_wconf 89' lang='lat' dir='ltr'><strong><em>admirandum,</em></strong></span> 
     </span>
    </p>
   </div>
   <div class='ocr_carea' id='block_1_52' title="bbox 500 4640 2154 4713">
    <p class='ocr_par' dir='ltr' id='par_1_52' title="bbox 500 4640 2154 4713">
     <span class='ocr_line' id='line_1_52' title="bbox 500 4640 2154 4713; baseline -0.001 -16"><span class='ocrx_word' id='word_1_269' title='bbox 500 4657 618 4697; x_wconf 91' lang='lat' dir='ltr'><strong><em>non</em></strong></span> <span class='ocrx_word' id='word_1_270' title='bbox 653 4644 804 4712; x_wconf 90' lang='lat' dir='ltr'><strong><em>apud</em></strong></span> <span class='ocrx_word' id='word_1_271' title='bbox 839 4659 900 4698; x_wconf 87' lang='lat' dir='ltr'><strong><em>se</em></strong></span> <span class='ocrx_word' id='word_1_272' title='bbox 939 4648 1216 4713; x_wconf 87' lang='lat' dir='ltr'><strong><em>tanquam</em></strong></span> <span class='ocrx_word' id='word_1_273' title='bbox 1272 4643 1519 4712; x_wconf 88' lang='lat' dir='ltr'><strong><em>privatas</em></strong></span> <span class='ocrx_word' id='word_1_274' title='bbox 1566 4659 1698 4713; x_wconf 87' lang='lat' dir='ltr'><strong><em>opes</em></strong></span> <span class='ocrx_word' id='word_1_275' title='bbox 1748 4643 2020 4709; x_wconf 85' lang='lat' dir='ltr'><strong><em>retinent,</em></strong></span> <span class='ocrx_word' id='word_1_276' title='bbox 2054 4640 2154 4696; x_wconf 89' lang='lat' dir='ltr'><strong><em>sed</em></strong></span> 
     </span>
    </p>
   </div>
   <div class='ocr_carea' id='block_1_53' title="bbox 498 4730 2150 4802">
    <p class='ocr_par' dir='ltr' id='par_1_53' title="bbox 498 4730 2150 4802">
     <span class='ocr_line' id='line_1_53' title="bbox 498 4730 2150 4802; baseline -0.001 -18"><span class='ocrx_word' id='word_1_277' title='bbox 498 4730 746 4802; x_wconf 57' lang='lat' dir='ltr'><strong><em>publica;</em></strong></span> <span class='ocrx_word' id='word_1_278' title='bbox 795 4731 1053 4798; x_wconf 84' lang='lat' dir='ltr'><strong><em>utilitati,</em></strong></span> <span class='ocrx_word' id='word_1_279' title='bbox 1108 4731 1347 4787; x_wconf 86' lang='lat' dir='ltr'><strong><em>edendis</em></strong></span> <span class='ocrx_word' id='word_1_280' title='bbox 1397 4732 1502 4801; x_wconf 89' lang='lat' dir='ltr'><strong><em>eis,</em></strong></span> <span class='ocrx_word' id='word_1_281' title='bbox 1565 4732 1844 4788; x_wconf 82' lang='lat' dir='ltr'><strong><em>inservire</em></strong></span> <span class='ocrx_word' id='word_1_282' title='bbox 1901 4730 2150 4795; x_wconf 89' lang='lat' dir='ltr'><strong><em>malunt,</em></strong></span> 
     </span>
    </p>
   </div>
   <div class='ocr_carea' id='block_1_54' title="bbox 501 4820 2153 4892">
    <p class='ocr_par' dir='ltr' id='par_1_54' title="bbox 501 4820 2153 4892">
     <span class='ocr_line' id='line_1_54' title="bbox 501 4820 2153 4892; baseline 0 -18"><span class='ocrx_word' id='word_1_283' title='bbox 501 4820 874 4876; x_wconf 82' lang='lat' dir='ltr'><strong><em>administro</em></strong></span> <span class='ocrx_word' id='word_1_284' title='bbox 924 4837 1163 4892; x_wconf 86' lang='lat' dir='ltr'><strong><em>prorsus</em></strong></span> <span class='ocrx_word' id='word_1_285' title='bbox 1211 4837 1272 4877; x_wconf 88' lang='lat' dir='ltr'><strong><em>se</em></strong></span> <span class='ocrx_word' id='word_1_286' title='bbox 1321 4821 1524 4877; x_wconf 70' lang='lat' dir='ltr'><strong><em>divinas</em></strong></span> <span class='ocrx_word' id='word_1_287' title='bbox 1576 4822 1944 4892; x_wconf 60' lang='lat' dir='ltr'><strong><em>providentia</em></strong></span> <span class='ocrx_word' id='word_1_288' title='bbox 1990 4820 2153 4877; x_wconf 83' lang='lat' dir='ltr'><strong><em>exhi-</em></strong></span> 
     </span>
    </p>
   </div>
   <div class='ocr_carea' id='block_1_55' title="bbox 495 4911 2149 4984">
    <p class='ocr_par' dir='ltr' id='par_1_55' title="bbox 495 4911 2149 4984">
     <span class='ocr_line' id='line_1_55' title="bbox 495 4911 2149 4984; baseline 0.001 -19"><span class='ocrx_word' id='word_1_289' title='bbox 495 4911 722 4980; x_wconf 85' lang='lat' dir='ltr'><strong><em>bentes,</em></strong></span> <span class='ocrx_word' id='word_1_290' title='bbox 758 4913 854 4980; x_wconf 88' lang='lat' dir='ltr'><strong><em>qui</em></strong></span> <span class='ocrx_word' id='word_1_291' title='bbox 885 4911 943 4968; x_wconf 90' lang='lat' dir='ltr'><strong><em>in</em></strong></span> <span class='ocrx_word' id='word_1_292' title='bbox 979 4930 1095 4970; x_wconf 90' lang='lat' dir='ltr'><strong><em>uno</em></strong></span> <span class='ocrx_word' id='word_1_293' title='bbox 1147 4915 1370 4971; x_wconf 88' lang='lat' dir='ltr'><strong><em>scilicet</em></strong></span> <span class='ocrx_word' id='word_1_294' title='bbox 1416 4929 1588 4984; x_wconf 88' lang='lat' dir='ltr'><strong><em>opere</em></strong></span> <span class='ocrx_word' id='word_1_295' title='bbox 1630 4914 1770 4968; x_wconf 90' lang='lat' dir='ltr'><strong><em>varii</em></strong></span> <span class='ocrx_word' id='word_1_296' title='bbox 1805 4913 2028 4982; x_wconf 82' lang='lat' dir='ltr'><strong><em>generis</em></strong></span> <span class='ocrx_word' id='word_1_297' title='bbox 2059 4927 2149 4966; x_wconf 89' lang='lat' dir='ltr'><strong><em>res</em></strong></span> 
     </span>
    </p>
   </div>
   <div class='ocr_carea' id='block_1_56' title="bbox 495 5000 2148 5075">
    <p class='ocr_par' dir='ltr' id='par_1_56' title="bbox 495 5000 2148 5075">
     <span class='ocr_line' id='line_1_56' title="bbox 495 5000 2148 5075; baseline -0.003 -19"><span class='ocrx_word' id='word_1_298' title='bbox 495 5006 710 5070; x_wconf 80' lang='lat' dir='ltr'><strong><em>gestas,</em></strong></span> <span class='ocrx_word' id='word_1_299' title='bbox 742 5000 980 5072; x_wconf 87' lang='lat' dir='ltr'><strong><em>perinde</em></strong></span> <span class='ocrx_word' id='word_1_300' title='bbox 1010 5005 1265 5074; x_wconf 89' lang='lat' dir='ltr'><strong><em>atquein</em></strong></span> <span class='ocrx_word' id='word_1_301' title='bbox 1292 5003 1521 5075; x_wconf 90' lang='lat' dir='ltr'><strong><em>publico</em></strong></span> <span class='ocrx_word' id='word_1_302' title='bbox 1553 5003 1753 5057; x_wconf 61' lang='lat' dir='ltr'><strong><em>aerario</em></strong></span> <span class='ocrx_word' id='word_1_303' title='bbox 1787 5004 2148 5072; x_wconf 82' lang='lat' dir='ltr'><strong><em>reponentes,</em></strong></span> 
     </span>
    </p>
   </div>
   <div class='ocr_carea' id='block_1_57' title="bbox 496 5087 2151 5164">
    <p class='ocr_par' dir='ltr' id='par_1_57' title="bbox 496 5087 2151 5164">
     <span class='ocr_line' id='line_1_57' title="bbox 496 5087 2151 5164; baseline -0.002 -20"><span class='ocrx_word' id='word_1_304' title='bbox 496 5091 859 5160; x_wconf 88' lang='lat' dir='ltr'><strong><em>perscribant</em></strong></span> <span class='ocrx_word' id='word_1_305' title='bbox 890 5091 992 5146; x_wconf 74' lang='lat'><strong><em>84</em></strong></span> <span class='ocrx_word' id='word_1_306' title='bbox 1041 5092 1229 5147; x_wconf 90' lang='lat' dir='ltr'><strong><em>Facile</em></strong></span> <span class='ocrx_word' id='word_1_307' title='bbox 1277 5093 1491 5164; x_wconf 88' lang='lat' dir='ltr'><strong><em>quippe</em></strong></span> <span class='ocrx_word' id='word_1_308' title='bbox 1539 5091 1720 5146; x_wconf 89' lang='lat' dir='ltr'><strong><em>cuivis</em></strong></span> <span class='ocrx_word' id='word_1_309' title='bbox 1768 5096 1876 5156; x_wconf 88' lang='lat' dir='ltr'><strong><em>est,</em></strong></span> <span class='ocrx_word' id='word_1_310' title='bbox 1920 5103 1992 5143; x_wconf 84' lang='lat' dir='ltr'><strong><em>ex</em></strong></span> <span class='ocrx_word' id='word_1_311' title='bbox 2040 5087 2151 5140; x_wconf 93' lang='lat' dir='ltr'><strong><em>hu-</em></strong></span> 
     </span>
    </p>
   </div>
   <div class='ocr_carea' id='block_1_58' title="bbox 489 5178 2150 5252">
    <p class='ocr_par' dir='ltr' id='par_1_58' title="bbox 489 5178 2150 5252">
     <span class='ocr_line' id='line_1_58' title="bbox 489 5178 2150 5252; baseline 0.001 -20"><span class='ocrx_word' id='word_1_312' title='bbox 489 5178 750 5249; x_wconf 77' lang='lat' dir='ltr'><strong><em>jusmodi</em></strong></span> <span class='ocrx_word' id='word_1_313' title='bbox 773 5180 1003 5252; x_wconf 91' lang='lat' dir='ltr'><strong><em>publico</em></strong></span> <span class='ocrx_word' id='word_1_314' title='bbox 1030 5186 1405 5237; x_wconf 90' lang='lat' dir='ltr'><strong><em>monumento</em></strong></span> <span class='ocrx_word' id='word_1_315' title='bbox 1437 5182 1703 5251; x_wconf 86' lang='lat' dir='ltr'><strong><em>exempla</em></strong></span> <span class='ocrx_word' id='word_1_316' title='bbox 1724 5194 1944 5248; x_wconf 90' lang='lat' dir='ltr'><strong><em>capere,</em></strong></span> <span class='ocrx_word' id='word_1_317' title='bbox 1971 5181 2150 5247; x_wconf 85' lang='lat' dir='ltr'><strong><em>atque</em></strong></span> 
     </span>
    </p>
   </div>
   <div class='ocr_carea' id='block_1_59' title="bbox 497 5267 2148 5340">
    <p class='ocr_par' dir='ltr' id='par_1_59' title="bbox 497 5267 2148 5340">
     <span class='ocr_line' id='line_1_59' title="bbox 497 5267 2148 5340; baseline -0.001 -19"><span class='ocrx_word' id='word_1_318' title='bbox 497 5283 566 5322; x_wconf 82' lang='lat' dir='ltr'><strong><em>ex</em></strong></span> <span class='ocrx_word' id='word_1_319' title='bbox 596 5267 843 5324; x_wconf 86' lang='lat' dir='ltr'><strong><em>aliorum</em></strong></span> <span class='ocrx_word' id='word_1_320' title='bbox 876 5271 1080 5327; x_wconf 90' lang='lat' dir='ltr'><strong><em>erratis</em></strong></span> <span class='ocrx_word' id='word_1_321' title='bbox 1114 5272 1375 5328; x_wconf 87' lang='lat' dir='ltr'><strong><em>actiones</em></strong></span> <span class='ocrx_word' id='word_1_322' title='bbox 1397 5288 1529 5326; x_wconf 88' lang='lat' dir='ltr'><strong><em>suas</em></strong></span> <span class='ocrx_word' id='word_1_323' title='bbox 1562 5270 1736 5340; x_wconf 90' lang='lat' dir='ltr'><strong><em>probe</em></strong></span> <span class='ocrx_word' id='word_1_324' title='bbox 1773 5267 2148 5331; x_wconf 88' lang='lat' dir='ltr'><strong><em>constituere,</em></strong></span> 
     </span>
    </p>
   </div>
   <div class='ocr_carea' id='block_1_60' title="bbox 498 5356 2148 5426">
    <p class='ocr_par' dir='ltr' id='par_1_60' title="bbox 498 5356 2148 5426">
     <span class='ocr_line' id='line_1_60' title="bbox 498 5356 2148 5426; baseline -0.001 -16"><span class='ocrx_word' id='word_1_325' title='bbox 498 5360 556 5411; x_wconf 89' lang='lat' dir='ltr'><strong><em>et</em></strong></span> <span class='ocrx_word' id='word_1_326' title='bbox 587 5359 657 5411; x_wconf 90' lang='lat' dir='ltr'><strong><em>ad</em></strong></span> <span class='ocrx_word' id='word_1_327' title='bbox 689 5359 907 5413; x_wconf 85' lang='lat' dir='ltr'><strong><em>variam</em></strong></span> <span class='ocrx_word' id='word_1_328' title='bbox 940 5375 1131 5414; x_wconf 90' lang='lat' dir='ltr'><strong><em>rerum</em></strong></span> <span class='ocrx_word' id='word_1_329' title='bbox 1184 5360 1569 5415; x_wconf 86' lang='lat' dir='ltr'><strong><em>mutationem</em></strong></span> <span class='ocrx_word' id='word_1_330' title='bbox 1622 5375 1736 5412; x_wconf 90' lang='lat' dir='ltr'><strong><em>non</em></strong></span> <span class='ocrx_word' id='word_1_331' title='bbox 1765 5358 1981 5410; x_wconf 85' lang='lat' dir='ltr'><strong><em>variare</em></strong></span> <span class='ocrx_word' id='word_1_332' title='bbox 2019 5356 2148 5426; x_wconf 86' lang='lat' dir='ltr'><strong><em>opi-</em></strong></span> 
     </span>
    </p>
   </div>
   <div class='ocr_carea' id='block_1_61' title="bbox 498 5424 2220 5520">
    <p class='ocr_par' dir='ltr' id='par_1_61' title="bbox 498 5424 2220 5520">
     <span class='ocr_line' id='line_1_61' title="bbox 498 5424 2220 5520; baseline -0.001 -21"><span class='ocrx_word' id='word_1_333' title='bbox 498 5443 825 5516; x_wconf 87' lang='lat' dir='ltr'><strong><em>nionibus;</em></strong></span> <span class='ocrx_word' id='word_1_334' title='bbox 893 5450 994 5503; x_wconf 88' lang='lat' dir='ltr'><strong><em>sed</em></strong></span> <span class='ocrx_word' id='word_1_335' title='bbox 1066 5449 1280 5520; x_wconf 90' lang='lat' dir='ltr'><strong><em>potius,</em></strong></span> <span class='ocrx_word' id='word_1_336' title='bbox 1342 5451 1526 5520; x_wconf 85' lang='lat' dir='ltr'><strong><em>quoad</em></strong></span> <span class='ocrx_word' id='word_1_337' title='bbox 1581 5449 1710 5518; x_wconf 85' lang='lat' dir='ltr'><strong><em>ejus</em></strong></span> <span class='ocrx_word' id='word_1_338' title='bbox 1768 5445 1890 5501; x_wconf 83' lang='lat' dir='ltr'><strong><em>ﬁeri</em></strong></span> <span class='ocrx_word' id='word_1_339' title='bbox 1951 5424 2144 5515; x_wconf 80' lang='lat' dir='ltr'><strong><em>queat,</em></strong></span> <span class='ocrx_word' id='word_1_340' title='bbox 2178 5424 2220 5491; x_wconf 80' lang='lat' dir='ltr'>C</span> 
     </span>
    </p>
   </div>
   <div class='ocr_carea' id='block_1_62' title="bbox 493 5533 2149 5607">
    <p class='ocr_par' dir='ltr' id='par_1_62' title="bbox 493 5533 2149 5607">
     <span class='ocr_line' id='line_1_62' title="bbox 493 5533 2149 5607; baseline -0.002 -18"><span class='ocrx_word' id='word_1_341' title='bbox 493 5549 693 5590; x_wconf 88' lang='lat' dir='ltr'><strong><em>eorum</em></strong></span> <span class='ocrx_word' id='word_1_342' title='bbox 725 5537 820 5607; x_wconf 90' lang='lat' dir='ltr'><strong><em>qui</em></strong></span> <span class='ocrx_word' id='word_1_343' title='bbox 873 5538 1046 5592; x_wconf 89' lang='lat' dir='ltr'><strong><em>rebus</em></strong></span> <span class='ocrx_word' id='word_1_344' title='bbox 1093 5543 1242 5594; x_wconf 88' lang='lat' dir='ltr'><strong><em>recte</em></strong></span> <span class='ocrx_word' id='word_1_345' title='bbox 1287 5542 1426 5593; x_wconf 85' lang='lat' dir='ltr'><strong><em>sunt</em></strong></span> <span class='ocrx_word' id='word_1_346' title='bbox 1475 5537 1590 5603; x_wconf 86' lang='lat' dir='ltr'><strong><em>usi,</em></strong></span> <span class='ocrx_word' id='word_1_347' title='bbox 1643 5539 1790 5590; x_wconf 86' lang='lat' dir='ltr'><strong><em>facta</em></strong></span> <span class='ocrx_word' id='word_1_348' title='bbox 1843 5533 2056 5588; x_wconf 87' lang='lat' dir='ltr'><strong><em>imitari</em></strong></span> <span class='ocrx_word' id='word_1_349' title='bbox 2093 5539 2149 5587; x_wconf 90' lang='lat' dir='ltr'><strong><em>et</em></strong></span> 
     </span>
    </p>
   </div>
   <div class='ocr_carea' id='block_1_63' title="bbox 491 5622 2146 5683">
    <p class='ocr_par' dir='ltr' id='par_1_63' title="bbox 491 5622 2146 5683">
     <span class='ocr_line' id='line_1_63' title="bbox 491 5622 2146 5683; baseline -0.002 -4"><span class='ocrx_word' id='word_1_350' title='bbox 491 5622 783 5681; x_wconf 86' lang='lat' dir='ltr'><strong><em>virtutem.</em></strong></span> <span class='ocrx_word' id='word_1_351' title='bbox 836 5626 1011 5682; x_wconf 92' lang='lat' dir='ltr'><strong><em>Porro</em></strong></span> <span class='ocrx_word' id='word_1_352' title='bbox 1062 5627 1111 5682; x_wconf 89' lang='lat' dir='ltr'><strong><em>si</em></strong></span> <span class='ocrx_word' id='word_1_353' title='bbox 1165 5628 1225 5683; x_wconf 88' lang='lat' dir='ltr'><strong><em>in</em></strong></span> <span class='ocrx_word' id='word_1_354' title='bbox 1279 5626 1804 5682; x_wconf 85' lang='lat' dir='ltr'><strong><em>consultationibus</em></strong></span> <span class='ocrx_word' id='word_1_355' title='bbox 1847 5623 2146 5678; x_wconf 87' lang='lat' dir='ltr'><strong><em>seniorum</em></strong></span> 
     </span>
    </p>
   </div>
   <div class='ocr_carea' id='block_1_64' title="bbox 493 5715 2148 5788">
    <p class='ocr_par' dir='ltr' id='par_1_64' title="bbox 493 5715 2148 5788">
     <span class='ocr_line' id='line_1_64' title="bbox 493 5715 2148 5788; baseline -0.002 -18"><span class='ocrx_word' id='word_1_356' title='bbox 493 5715 736 5774; x_wconf 72' lang='lat' dir='ltr'><strong><em>consilia</em></strong></span> <span class='ocrx_word' id='word_1_357' title='bbox 793 5717 1097 5787; x_wconf 81' lang='lat' dir='ltr'><strong><em>excellunt,</em></strong></span> <span class='ocrx_word' id='word_1_358' title='bbox 1155 5722 1212 5774; x_wconf 86' lang='lat' dir='ltr'><strong><em>et</em></strong></span> <span class='ocrx_word' id='word_1_359' title='bbox 1263 5717 1626 5788; x_wconf 70' lang='lat' dir='ltr'><strong><em>experientiae</em></strong></span> <span class='ocrx_word' id='word_1_360' title='bbox 1682 5731 1855 5772; x_wconf 88' lang='lat' dir='ltr'><strong><em>usum</em></strong></span> <span class='ocrx_word' id='word_1_361' title='bbox 1915 5717 2148 5783; x_wconf 87' lang='lat' dir='ltr'><strong><em>propter</em></strong></span> 
     </span>
    </p>
   </div>
   <div class='ocr_carea' id='block_1_65' title="bbox 2264 4101 3882 4180">
    <p class='ocr_par' dir='ltr' id='par_1_65' title="bbox 2264 4101 3882 4180">
     <span class='ocr_line' id='line_1_65' title="bbox 2264 4101 3882 4180; baseline -0.001 -25"><span class='ocrx_word' id='word_1_362' title='bbox 2264 4103 2604 4166; x_wconf 87' lang='grc' dir='ltr'>συνοίσοντος</span> <span class='ocrx_word' id='word_1_363' title='bbox 2684 4105 3151 4178; x_wconf 75' lang='grc' dir='ltr'>προστησάμενον,</span> <span class='ocrx_word' id='word_1_364' title='bbox 3227 4106 3434 4180; x_wconf 84' lang='grc' dir='ltr'>Ἕγωγ’</span> <span class='ocrx_word' id='word_1_365' title='bbox 3497 4104 3587 4159; x_wconf 75' lang='grc' dir='ltr'><strong><em>οὖν</em></strong></span> <span class='ocrx_word' id='word_1_366' title='bbox 3645 4101 3882 4178; x_wconf 77' lang='grc' dir='ltr'>μεγίστην</span> 
     </span>
    </p>
   </div>
   <div class='ocr_carea' id='block_1_66' title="bbox 2265 4189 3882 4268">
    <p class='ocr_par' dir='ltr' id='par_1_66' title="bbox 2265 4189 3882 4268">
     <span class='ocr_line' id='line_1_66' title="bbox 2265 4189 3882 4268; baseline -0.006 -19"><span class='ocrx_word' id='word_1_367' title='bbox 2265 4192 2422 4266; x_wconf 80' lang='grc' dir='ltr'>χάριν</span> <span class='ocrx_word' id='word_1_368' title='bbox 2454 4192 2745 4268; x_wconf 84' lang='grc' dir='ltr'>ὁμολογεῖν</span> <span class='ocrx_word' id='word_1_369' title='bbox 2779 4192 2965 4268; x_wconf 69' lang='grc' dir='ltr'>οἳομαι</span> <span class='ocrx_word' id='word_1_370' title='bbox 2993 4193 3100 4249; x_wconf 74' lang='grc' dir='ltr'>δεῖν</span> <span class='ocrx_word' id='word_1_371' title='bbox 3137 4199 3253 4256; x_wconf 86' lang='grc' dir='ltr'>τοῖς</span> <span class='ocrx_word' id='word_1_372' title='bbox 3301 4195 3397 4255; x_wconf 81' lang='grc' dir='ltr'>τὰς</span> <span class='ocrx_word' id='word_1_373' title='bbox 3439 4193 3624 4254; x_wconf 83' lang='grc' dir='ltr'>κοινάς</span> <span class='ocrx_word' id='word_1_374' title='bbox 3662 4189 3882 4259; x_wconf 75' lang='grc' dir='ltr'>ἱστορίας</span> 
     </span>
    </p>
   </div>
   <div class='ocr_carea' id='block_1_67' title="bbox 2263 4280 3882 4357">
    <p class='ocr_par' dir='ltr' id='par_1_67' title="bbox 2263 4280 3882 4357">
     <span class='ocr_line' id='line_1_67' title="bbox 2263 4280 3882 4357; baseline -0.001 -23"><span class='ocrx_word' id='word_1_375' title='bbox 2263 4280 2403 4336; x_wconf 78' lang='grc' dir='ltr'>ἰδίαν</span> <span class='ocrx_word' id='word_1_376' title='bbox 2435 4285 2809 4357; x_wconf 77' lang='grc' dir='ltr'>πραγματείαν</span> <span class='ocrx_word' id='word_1_377' title='bbox 2855 4283 3247 4356; x_wconf 77' lang='grc' dir='ltr'>πεποιημένοις</span> <span class='ocrx_word' id='word_1_378' title='bbox 3280 4302 3291 4314; x_wconf 92' lang='grc'><strong>·</strong></span> <span class='ocrx_word' id='word_1_379' title='bbox 3338 4283 3454 4337; x_wconf 86' lang='grc' dir='ltr'>ἐπεί</span> <span class='ocrx_word' id='word_1_380' title='bbox 3493 4285 3577 4338; x_wconf 90' lang='grc' dir='ltr'><strong><em>τοί</em></strong></span> <span class='ocrx_word' id='word_1_381' title='bbox 3618 4303 3673 4355; x_wconf 89' lang='grc' dir='ltr'><strong><em>γε</em></strong></span> <span class='ocrx_word' id='word_1_382' title='bbox 3718 4281 3774 4333; x_wconf 85' lang='grc' dir='ltr'>τὸ</span> <span class='ocrx_word' id='word_1_383' title='bbox 3808 4298 3882 4353; x_wconf 75' lang='grc' dir='ltr'><strong><em>φι-</em></strong></span> 
     </span>
    </p>
   </div>
   <div class='ocr_carea' id='block_1_68' title="bbox 2264 4368 3880 4450">
    <p class='ocr_par' dir='ltr' id='par_1_68' title="bbox 2264 4368 3880 4450">
     <span class='ocr_line' id='line_1_68' title="bbox 2264 4368 3880 4450; baseline -0.001 -24"><span class='ocrx_word' id='word_1_384' title='bbox 2264 4368 2492 4445; x_wconf 74' lang='grc' dir='ltr'>λότιμον</span> <span class='ocrx_word' id='word_1_385' title='bbox 2525 4373 2585 4427; x_wconf 77' lang='grc' dir='ltr'>οὐ</span> <span class='ocrx_word' id='word_1_386' title='bbox 2635 4375 2751 4428; x_wconf 80' lang='grc' dir='ltr'>καθ’</span> <span class='ocrx_word' id='word_1_387' title='bbox 2795 4374 3014 4436; x_wconf 71' lang='grc' dir='ltr'>ἑαυτοὺς</span> <span class='ocrx_word' id='word_1_388' title='bbox 3061 4371 3230 4450; x_wconf 77' lang='grc' dir='ltr'>ἔχειν,</span> <span class='ocrx_word' id='word_1_389' title='bbox 3271 4372 3419 4429; x_wconf 86' lang='grc' dir='ltr'><strong><em>ἀλλά</em></strong></span> <span class='ocrx_word' id='word_1_390' title='bbox 3458 4377 3610 4445; x_wconf 84' lang='grc' dir='ltr'>κοινῇ</span> <span class='ocrx_word' id='word_1_391' title='bbox 3650 4371 3736 4426; x_wconf 85' lang='grc' dir='ltr'><strong><em>τὸν</em></strong></span> <span class='ocrx_word' id='word_1_392' title='bbox 3778 4369 3880 4443; x_wconf 86' lang='grc' dir='ltr'>βίον</span> 
     </span>
    </p>
   </div>
   <div class='ocr_carea' id='block_1_69' title="bbox 2265 4456 3882 4538">
    <p class='ocr_par' dir='ltr' id='par_1_69' title="bbox 2265 4456 3882 4538">
     <span class='ocr_line' id='line_1_69' title="bbox 2265 4456 3882 4538; baseline 0.001 -26"><span class='ocrx_word' id='word_1_393' title='bbox 2265 4459 2496 4534; x_wconf 77' lang='grc' dir='ltr'>ὠφελεῖν</span> <span class='ocrx_word' id='word_1_394' title='bbox 2555 4461 2899 4536; x_wconf 74' lang='grc' dir='ltr'>ᾑρεθίσαντο,</span> <span class='ocrx_word' id='word_1_395' title='bbox 2962 4463 3222 4538; x_wconf 87' lang='grc' dir='ltr'>ὑπουργοί</span> <span class='ocrx_word' id='word_1_396' title='bbox 3283 4483 3419 4524; x_wconf 86' lang='grc' dir='ltr'>τινες</span> <span class='ocrx_word' id='word_1_397' title='bbox 3469 4465 3546 4533; x_wconf 85' lang='grc' dir='ltr'><strong><em>τῷ</em></strong></span> <span class='ocrx_word' id='word_1_398' title='bbox 3594 4461 3703 4514; x_wconf 86' lang='grc' dir='ltr'>ὄντι</span> <span class='ocrx_word' id='word_1_399' title='bbox 3757 4456 3882 4513; x_wconf 83' lang='grc' dir='ltr'>θείας</span> 
     </span>
    </p>
   </div>
   <div class='ocr_carea' id='block_1_70' title="bbox 2263 4545 3884 4626">
    <p class='ocr_par' dir='ltr' id='par_1_70' title="bbox 2263 4545 3884 4626">
     <span class='ocr_line' id='line_1_70' title="bbox 2263 4545 3884 4626; baseline -0.001 -23"><span class='ocrx_word' id='word_1_400' title='bbox 2263 4550 2521 4623; x_wconf 81' lang='grc' dir='ltr'>προνοίας</span> <span class='ocrx_word' id='word_1_401' title='bbox 2561 4548 3023 4623; x_wconf 73' lang='grc' dir='ltr'>ἀναδεικνύμενοι,</span> <span class='ocrx_word' id='word_1_402' title='bbox 3072 4553 3145 4614; x_wconf 83' lang='grc' dir='ltr'>ὡς</span> <span class='ocrx_word' id='word_1_403' title='bbox 3197 4552 3299 4606; x_wconf 84' lang='grc' dir='ltr'>ὑπὸ</span> <span class='ocrx_word' id='word_1_404' title='bbox 3355 4551 3481 4624; x_wconf 85' lang='grc' dir='ltr'>μίαν</span> <span class='ocrx_word' id='word_1_405' title='bbox 3533 4545 3884 4626; x_wconf 81' lang='grc' dir='ltr'>πραγματείαν</span> 
     </span>
    </p>
   </div>
   <div class='ocr_carea' id='block_1_71' title="bbox 2261 4638 3883 4716">
    <p class='ocr_par' dir='ltr' id='par_1_71' title="bbox 2261 4638 3883 4716">
     <span class='ocr_line' id='line_1_71' title="bbox 2261 4638 3883 4716; baseline -0.004 -23"><span class='ocrx_word' id='word_1_406' title='bbox 2261 4639 2354 4701; x_wconf 73' lang='grc' dir='ltr'><strong><em>τὰς</em></strong></span> <span class='ocrx_word' id='word_1_407' title='bbox 2417 4638 2708 4714; x_wconf 75' lang='grc' dir='ltr'>διαφόρους</span> <span class='ocrx_word' id='word_1_408' title='bbox 2762 4642 2979 4716; x_wconf 78' lang='grc' dir='ltr'>πράξεις</span> <span class='ocrx_word' id='word_1_409' title='bbox 3036 4643 3270 4712; x_wconf 80' lang='grc' dir='ltr'>καθάπερ</span> <span class='ocrx_word' id='word_1_410' title='bbox 3330 4639 3405 4702; x_wconf 74' lang='grc' dir='ltr'>ε’ίς</span> <span class='ocrx_word' id='word_1_411' title='bbox 3471 4663 3522 4694; x_wconf 88' lang='grc' dir='ltr'><strong><em>τι</em></strong></span> <span class='ocrx_word' id='word_1_412' title='bbox 3581 4639 3751 4694; x_wconf 86' lang='grc' dir='ltr'>κοινὸν</span> <span class='ocrx_word' id='word_1_413' title='bbox 3807 4653 3883 4687; x_wconf 88' lang='grc' dir='ltr'>τα-</span> 
     </span>
    </p>
   </div>
   <div class='ocr_carea' id='block_1_72' title="bbox 2266 4726 3880 4806">
    <p class='ocr_par' dir='ltr' id='par_1_72' title="bbox 2266 4726 3880 4806">
     <span class='ocr_line' id='line_1_72' title="bbox 2266 4726 3880 4806; baseline -0.001 -24"><span class='ocrx_word' id='word_1_414' title='bbox 2266 4735 2416 4802; x_wconf 87' lang='grc' dir='ltr'>μεῖον</span> <span class='ocrx_word' id='word_1_415' title='bbox 2467 4729 2937 4804; x_wconf 72' lang='grc' dir='ltr'>ἀπογραψάμενοι.</span> <span class='ocrx_word' id='word_1_416' title='bbox 3001 4730 3096 4784; x_wconf 82' lang='grc' dir='ltr'>Καί</span> <span class='ocrx_word' id='word_1_417' title='bbox 3137 4751 3196 4804; x_wconf 89' lang='grc' dir='ltr'><strong><em>γε</em></strong></span> <span class='ocrx_word' id='word_1_418' title='bbox 3244 4729 3426 4806; x_wconf 76' lang='grc' dir='ltr'>ῥᾴδιον</span> <span class='ocrx_word' id='word_1_419' title='bbox 3478 4728 3710 4784; x_wconf 81' lang='grc' dir='ltr'>ἐντεῦθεν</span> <span class='ocrx_word' id='word_1_420' title='bbox 3754 4726 3880 4797; x_wconf 78' lang='grc' dir='ltr'>ᾑρη-</span> 
     </span>
    </p>
   </div>
   <div class='ocr_carea' id='block_1_73' title="bbox 2267 4806 3879 4894">
    <p class='ocr_par' dir='ltr' id='par_1_73' title="bbox 2267 4806 3879 4894">
     <span class='ocr_line' id='line_1_73' title="bbox 2267 4806 3879 4894; baseline -0.004 -23"><span class='ocrx_word' id='word_1_421' title='bbox 2267 4816 2411 4889; x_wconf 82' lang='grc' dir='ltr'>μένῳ</span> <span class='ocrx_word' id='word_1_422' title='bbox 2443 4819 2623 4886; x_wconf 85' lang='grc' dir='ltr'>παντὶ,</span> <span class='ocrx_word' id='word_1_423' title='bbox 2655 4825 2770 4880; x_wconf 86' lang='grc' dir='ltr'>τοῖς</span> <span class='ocrx_word' id='word_1_424' title='bbox 2799 4823 2904 4873; x_wconf 83' lang='grc' dir='ltr'><strong><em>τῶν</em></strong></span> <span class='ocrx_word' id='word_1_425' title='bbox 2957 4816 3141 4874; x_wconf 76' lang='grc' dir='ltr'>ἄλλων</span> <span class='ocrx_word' id='word_1_426' title='bbox 3195 4821 3498 4894; x_wconf 72' lang='grc' dir='ltr'>ἂγνοήμασι</span> <span class='ocrx_word' id='word_1_427' title='bbox 3537 4819 3604 4872; x_wconf 84' lang='grc' dir='ltr'>τὰ</span> <span class='ocrx_word' id='word_1_428' title='bbox 3641 4816 3803 4870; x_wconf 82' lang='grc' dir='ltr'>οἰκεῖα</span> <span class='ocrx_word' id='word_1_429' title='bbox 3831 4806 3879 4863; x_wconf 77' lang='grc' dir='ltr'>εὖ</span> 
     </span>
    </p>
   </div>
   <div class='ocr_carea' id='block_1_74' title="bbox 2259 4901 3876 4982">
    <p class='ocr_par' dir='ltr' id='par_1_74' title="bbox 2259 4901 3876 4982">
     <span class='ocr_line' id='line_1_74' title="bbox 2259 4901 3876 4982; baseline -0.002 -22"><span class='ocrx_word' id='word_1_430' title='bbox 2259 4907 2520 4972; x_wconf 83' lang='grc' dir='ltr'>τίθεσθαι,</span> <span class='ocrx_word' id='word_1_431' title='bbox 2575 4909 2663 4962; x_wconf 76' lang='grc' dir='ltr'><strong><em>καὶ</em></strong></span> <span class='ocrx_word' id='word_1_432' title='bbox 2720 4909 2855 4982; x_wconf 88' lang='grc' dir='ltr'>πρὸς</span> <span class='ocrx_word' id='word_1_433' title='bbox 2909 4910 3006 4978; x_wconf 70' lang='grc' dir='ltr'>τὴν</span> <span class='ocrx_word' id='word_1_434' title='bbox 3067 4907 3326 4978; x_wconf 78' lang='grc' dir='ltr'>ποικίλην</span> <span class='ocrx_word' id='word_1_435' title='bbox 3387 4913 3493 4962; x_wconf 83' lang='grc' dir='ltr'><strong><em>τῶν</em></strong></span> <span class='ocrx_word' id='word_1_436' title='bbox 3562 4901 3876 4981; x_wconf 83' lang='grc' dir='ltr'>πραγμάτων</span> 
     </span>
    </p>
   </div>
   <div class='ocr_carea' id='block_1_75' title="bbox 2263 4987 3874 5072">
    <p class='ocr_par' dir='ltr' id='par_1_75' title="bbox 2263 4987 3874 5072">
     <span class='ocr_line' id='line_1_75' title="bbox 2263 4987 3874 5072; baseline 0.004 -23"><span class='ocrx_word' id='word_1_437' title='bbox 2263 4995 2564 5072; x_wconf 72' lang='grc' dir='ltr'>ἐξαλλαγήν</span> <span class='ocrx_word' id='word_1_438' title='bbox 2600 4999 2674 5070; x_wconf 78' lang='grc' dir='ltr'>μή</span> <span class='ocrx_word' id='word_1_439' title='bbox 2709 5003 2886 5067; x_wconf 80' lang='grc' dir='ltr'>ζητεῖν</span> <span class='ocrx_word' id='word_1_440' title='bbox 2921 5000 3220 5072; x_wconf 69' lang='grc' dir='ltr'>αἱρεῖσθαι·</span> <span class='ocrx_word' id='word_1_441' title='bbox 3260 5000 3542 5070; x_wconf 88' lang='grc' dir='ltr'>μεμεῖσθαι</span> <span class='ocrx_word' id='word_1_442' title='bbox 3577 4993 3622 5049; x_wconf 84' lang='grc' dir='ltr'>δ’</span> <span class='ocrx_word' id='word_1_443' title='bbox 3653 4995 3726 5054; x_wconf 77' lang='grc' dir='ltr'>ὡς</span> <span class='ocrx_word' id='word_1_444' title='bbox 3773 4987 3874 5044; x_wconf 74' lang='grc' dir='ltr'><strong><em>οἷόν</em></strong></span> 
     </span>
    </p>
   </div>
   <div class='ocr_carea' id='block_1_76' title="bbox 2259 5076 3876 5162">
    <p class='ocr_par' dir='ltr' id='par_1_76' title="bbox 2259 5076 3876 5162">
     <span class='ocr_line' id='line_1_76' title="bbox 2259 5076 3876 5162; baseline -0.002 -24"><span class='ocrx_word' id='word_1_445' title='bbox 2259 5105 2316 5138; x_wconf 80' lang='grc' dir='ltr'><strong><em>τε</em></strong></span> <span class='ocrx_word' id='word_1_446' title='bbox 2347 5090 2451 5139; x_wconf 81' lang='grc' dir='ltr'>τῶν</span> <span class='ocrx_word' id='word_1_447' title='bbox 2502 5084 2689 5148; x_wconf 84' lang='grc' dir='ltr'>καλῶς</span> <span class='ocrx_word' id='word_1_448' title='bbox 2744 5087 3105 5161; x_wconf 76' lang='grc' dir='ltr'>χρησαμένων</span> <span class='ocrx_word' id='word_1_449' title='bbox 3152 5089 3252 5156; x_wconf 74' lang='grc' dir='ltr'><strong><em>τήν</em></strong></span> <span class='ocrx_word' id='word_1_450' title='bbox 3302 5087 3571 5162; x_wconf 82' lang='grc' dir='ltr'>ἐργασίαν.</span> <span class='ocrx_word' id='word_1_451' title='bbox 3607 5083 3663 5139; x_wconf 84' lang='grc' dir='ltr'><strong><em>Εἰ</em></strong></span> <span class='ocrx_word' id='word_1_452' title='bbox 3715 5076 3876 5135; x_wconf 75' lang='grc' dir='ltr'>δὲκαὶ</span> 
     </span>
    </p>
   </div>
   <div class='ocr_carea' id='block_1_77' title="bbox 2260 5171 3875 5251">
    <p class='ocr_par' dir='ltr' id='par_1_77' title="bbox 2260 5171 3875 5251">
     <span class='ocr_line' id='line_1_77' title="bbox 2260 5171 3875 5251; baseline -0.001 -25"><span class='ocrx_word' id='word_1_453' title='bbox 2260 5172 2527 5248; x_wconf 70' lang='grc' dir='ltr'>πηοῦχειν</span> <span class='ocrx_word' id='word_1_454' title='bbox 2557 5173 2608 5228; x_wconf 80' lang='grc' dir='ltr'>ἒν</span> <span class='ocrx_word' id='word_1_455' title='bbox 2647 5176 2872 5250; x_wconf 86' lang='grc' dir='ltr'>βουλαῖς</span> <span class='ocrx_word' id='word_1_456' title='bbox 2905 5178 2971 5231; x_wconf 79' lang='grc' dir='ltr'>τὰ</span> <span class='ocrx_word' id='word_1_457' title='bbox 3009 5181 3116 5232; x_wconf 83' lang='grc' dir='ltr'>τῶν</span> <span class='ocrx_word' id='word_1_458' title='bbox 3162 5173 3553 5251; x_wconf 72' lang='grc' dir='ltr'><strong><em>πρισϐυτέρων⁹</em></strong></span> <span class='ocrx_word' id='word_1_459' title='bbox 3586 5173 3672 5227; x_wconf 78' lang='grc' dir='ltr'><strong><em>καὶ</em></strong></span> <span class='ocrx_word' id='word_1_460' title='bbox 3705 5171 3764 5225; x_wconf 86' lang='grc' dir='ltr'>τὸ</span> <span class='ocrx_word' id='word_1_461' title='bbox 3789 5171 3875 5233; x_wconf 80' lang='grc' dir='ltr'>τῆς</span> 
     </span>
    </p>
   </div>
   <div class='ocr_carea' id='block_1_78' title="bbox 2258 5255 3873 5339">
    <p class='ocr_par' dir='ltr' id='par_1_78' title="bbox 2258 5255 3873 5339">
     <span class='ocr_line' id='line_1_78' title="bbox 2258 5255 3873 5339; baseline -0.001 -22"><span class='ocrx_word' id='word_1_462' title='bbox 2258 5264 2441 5336; x_wconf 83' lang='grc' dir='ltr'>πείρας</span> <span class='ocrx_word' id='word_1_463' title='bbox 2499 5263 2665 5318; x_wconf 83' lang='grc' dir='ltr'>καλὸν</span> <span class='ocrx_word' id='word_1_464' title='bbox 2718 5270 2928 5339; x_wconf 87' lang='grc' dir='ltr'>κρατεῖν</span> <span class='ocrx_word' id='word_1_465' title='bbox 2980 5266 3182 5339; x_wconf 75' lang='grc' dir='ltr'>ἀνάγκη</span> <span class='ocrx_word' id='word_1_466' title='bbox 3219 5264 3306 5320; x_wconf 83' lang='grc' dir='ltr'><strong><em>διά</em></strong></span> <span class='ocrx_word' id='word_1_467' title='bbox 3336 5267 3431 5334; x_wconf 74' lang='grc' dir='ltr'>τὴν</span> <span class='ocrx_word' id='word_1_468' title='bbox 3463 5262 3524 5317; x_wconf 84' lang='grc' dir='ltr'>ἐκ</span> <span class='ocrx_word' id='word_1_469' title='bbox 3551 5265 3647 5317; x_wconf 75' lang='grc' dir='ltr'><strong><em>τοῦ</em></strong></span> <span class='ocrx_word' id='word_1_470' title='bbox 3691 5255 3873 5334; x_wconf 80' lang='grc' dir='ltr'>χρόνου</span> 
     </span>
    </p>
   </div>
   <div class='ocr_carea' id='block_1_79' title="bbox 2259 5347 3872 5430">
    <p class='ocr_par' dir='ltr' id='par_1_79' title="bbox 2259 5347 3872 5430">
     <span class='ocr_line' id='line_1_79' title="bbox 2259 5347 3872 5430; baseline -0.015 -10"><span class='ocrx_word' id='word_1_471' title='bbox 2259 5353 2593 5423; x_wconf 76' lang='grc' dir='ltr'>περιουσίαν,</span> <span class='ocrx_word' id='word_1_472' title='bbox 2652 5355 2736 5407; x_wconf 80' lang='grc' dir='ltr'>καὶ</span> <span class='ocrx_word' id='word_1_473' title='bbox 2797 5355 2868 5411; x_wconf 75' lang='grc' dir='ltr'><strong><em>ὡς</em></strong></span> <span class='ocrx_word' id='word_1_474' title='bbox 2927 5353 3118 5430; x_wconf 84' lang='grc' dir='ltr'>λόγος,</span> <span class='ocrx_word' id='word_1_475' title='bbox 3178 5355 3389 5426; x_wconf 72' lang='grc' dir='ltr'>σύμπαν</span> <span class='ocrx_word' id='word_1_476' title='bbox 3450 5353 3512 5406; x_wconf 86' lang='grc' dir='ltr'>τὸ</span> <span class='ocrx_word' id='word_1_477' title='bbox 3568 5347 3872 5423; x_wconf 76' lang='grc' dir='ltr'>ἀρχαιότητι</span> 
     </span>
    </p>
   </div>
   <div class='ocr_carea' id='block_1_80' title="bbox 2259 5432 3874 5516">
    <p class='ocr_par' dir='ltr' id='par_1_80' title="bbox 2259 5432 3874 5516">
     <span class='ocr_line' id='line_1_80' title="bbox 2259 5432 3874 5516; baseline 0.002 -24"><span class='ocrx_word' id='word_1_478' title='bbox 2259 5438 2508 5516; x_wconf 64' lang='grc' dir='ltr'>διαφέρον</span> <span class='ocrx_word' id='word_1_479' title='bbox 2571 5440 2888 5515; x_wconf 72' lang='grc' dir='ltr'>αἶ’δέσιμοοο</span> <span class='ocrx_word' id='word_1_480' title='bbox 2950 5445 3163 5505; x_wconf 78' lang='grc' dir='ltr'>πάντως</span> <span class='ocrx_word' id='word_1_481' title='bbox 3211 5465 3313 5498; x_wconf 89' lang='grc' dir='ltr'><strong><em>που</em></strong></span> <span class='ocrx_word' id='word_1_482' title='bbox 3362 5444 3457 5510; x_wconf 76' lang='grc' dir='ltr'>τὴν</span> <span class='ocrx_word' id='word_1_483' title='bbox 3509 5439 3765 5514; x_wconf 78' lang='grc' dir='ltr'>ἱστορίαν,</span> <span class='ocrx_word' id='word_1_484' title='bbox 3810 5432 3874 5488; x_wconf 70' lang='grc' dir='ltr'>ὡς</span> 
     </span>
    </p>
   </div>
   <div class='ocr_carea' id='block_1_81' title="bbox 2258 5525 3870 5610">
    <p class='ocr_par' dir='ltr' id='par_1_81' title="bbox 2258 5525 3870 5610">
     <span class='ocr_line' id='line_1_81' title="bbox 2258 5525 3870 5610; baseline -0.004 -29"><span class='ocrx_word' id='word_1_485' title='bbox 2258 5525 2660 5601; x_wconf 74' lang='grc' dir='ltr'>προϐεϐηκυῖαν</span> <span class='ocrx_word' id='word_1_486' title='bbox 2721 5537 2798 5603; x_wconf 78' lang='grc' dir='ltr'>τῷ</span> <span class='ocrx_word' id='word_1_487' title='bbox 2851 5533 3058 5610; x_wconf 84' lang='grc' dir='ltr'>χρόνῳ,</span> <span class='ocrx_word' id='word_1_488' title='bbox 3117 5534 3205 5587; x_wconf 83' lang='grc' dir='ltr'><strong><em>καὶ</em></strong></span> <span class='ocrx_word' id='word_1_489' title='bbox 3263 5538 3341 5605; x_wconf 80' lang='grc' dir='ltr'><strong><em>τῷ</em></strong></span> <span class='ocrx_word' id='word_1_490' title='bbox 3398 5537 3502 5586; x_wconf 83' lang='grc' dir='ltr'><strong><em>τῶν</em></strong></span> <span class='ocrx_word' id='word_1_491' title='bbox 3556 5525 3870 5604; x_wconf 70' lang='grc' dir='ltr'>πραγμάτων</span> 
     </span>
    </p>
   </div>
   <div class='ocr_carea' id='block_1_82' title="bbox 2260 5611 3865 5695">
    <p class='ocr_par' dir='ltr' id='par_1_82' title="bbox 2260 5611 3865 5695">
     <span class='ocr_line' id='line_1_82' title="bbox 2260 5611 3865 5695; baseline 0.002 -25"><span class='ocrx_word' id='word_1_492' title='bbox 2260 5618 2455 5687; x_wconf 79' lang='grc' dir='ltr'>πλήθει</span> <span class='ocrx_word' id='word_1_493' title='bbox 2489 5622 2881 5695; x_wconf 74' lang='grc' dir='ltr'>προτεροῦσαν,</span> <span class='ocrx_word' id='word_1_494' title='bbox 2933 5621 3076 5692; x_wconf 77' lang='grc' dir='ltr'>ἀξίαν</span> <span class='ocrx_word' id='word_1_495' title='bbox 3126 5626 3219 5676; x_wconf 79' lang='grc' dir='ltr'><strong><em>τοῦ</em></strong></span> <span class='ocrx_word' id='word_1_496' title='bbox 3259 5622 3458 5681; x_wconf 84' lang='grc' dir='ltr'>παντὸς</span> <span class='ocrx_word' id='word_1_497' title='bbox 3503 5620 3636 5674; x_wconf 80' lang='grc' dir='ltr'>εἶναι</span> <span class='ocrx_word' id='word_1_498' title='bbox 3681 5611 3865 5686; x_wconf 62' lang='grc' dir='ltr'>κρίνεθ’</span> 
     </span>
    </p>
   </div>
   <div class='ocr_carea' id='block_1_83' title="bbox 2257 5701 3864 5788">
    <p class='ocr_par' dir='ltr' id='par_1_83' title="bbox 2257 5701 3864 5788">
     <span class='ocr_line' id='line_1_83' title="bbox 2257 5701 3864 5788; baseline -0.01 -27"><span class='ocrx_word' id='word_1_499' title='bbox 2257 5709 2346 5761; x_wconf 85' lang='grc' dir='ltr'>καὶ</span> <span class='ocrx_word' id='word_1_500' title='bbox 2381 5707 2594 5781; x_wconf 86' lang='grc' dir='ltr'>μᾶλλον</span> <span class='ocrx_word' id='word_1_501' title='bbox 2622 5712 2720 5780; x_wconf 77' lang='grc' dir='ltr'>τὴν</span> <span class='ocrx_word' id='word_1_502' title='bbox 2773 5710 2940 5785; x_wconf 79' lang='grc' dir='ltr'>ἷέράν,</span> <span class='ocrx_word' id='word_1_503' title='bbox 2993 5711 3065 5772; x_wconf 87' lang='grc' dir='ltr'>ὡς</span> <span class='ocrx_word' id='word_1_504' title='bbox 3107 5712 3169 5766; x_wconf 87' lang='grc' dir='ltr'>τὸ</span> <span class='ocrx_word' id='word_1_505' title='bbox 3219 5713 3496 5788; x_wconf 75' lang='grc' dir='ltr'>χρήσιμον</span> <span class='ocrx_word' id='word_1_506' title='bbox 3543 5712 3632 5762; x_wconf 84' lang='grc' dir='ltr'><strong><em>καῖ</em></strong></span> <span class='ocrx_word' id='word_1_507' title='bbox 3671 5701 3864 5758; x_wconf 81' lang='grc' dir='ltr'>λυσιτε-</span> 
     </span>
    </p>
   </div>
  </div>
