4096 6284
244 380 365 443 605

1264 386 1889 473 ECCLESIASTIG‘A!
1932 386 2325 449 HISTORIIE
2366 387 2513 449 LIB.
2560 386 2607 449 Ι.

3538 384 3655 449 606

251 513 343 574 λὲς
393 515 565 569 ἅπασι
611 518 701 572 καὶ
747 516 1063 588 ἐκκλησίαις
1120 521 1210 574 καὶ
1261 520 1479 593 πράξεσι
1526 523 1897 595 χορηγοῦσαν.

2024 524 2285 590 temporis
2314 522 2752 577 diuturnitatem
2789 528 3061 593 praestare
3084 536 3320 577 necesse
3340 525 3447 588 est,
3481 522 3655 593 quod-

248 608 354 674 Τήν
409 609 513 680 μὲν
560 609 664 682 γὰρ
709 610 896 664 κακίαν
945 611 1017 671 ὡς
1060 609 1238 685 χρεὼν
1307 608 1639 684 πορρωτέρω
1687 609 1902 670 πάντως

245 698 385 766 αὕτη
418 704 612 753 ποιεῖ·
658 697 986 773 λοιδοροῦσα
1014 700 1238 769 ταύτην,
1279 703 1368 754 οἷα
1397 696 1463 769 δὴ
1514 704 1621 753 τῶν
1676 697 1898 778 φαύλων

244 787 336 841 καὶ
368 782 654 841 δυσσεϐὧν
695 790 813 849 τοὺς
844 790 1045 861 ψόγους
1096 787 1365 858 διεξιοῦσα
1388 806 1400 818 ·
1433 788 1561 849 τοὺς
1602 786 1648 842 δ’
1678 788 1744 841 αὑ
1791 808 1899 862 γεν-

245 876 437 938 ναίους
482 876 573 930 καὶ
604 876 840 953 ἀγαθοὺς
890 876 1107 951 ἄνδρας,
1141 879 1230 932 καὶ
1279 878 1403 951 περὶ
1449 878 1517 932 τὰ
1553 882 1745 950 πρῶτα
1790 881 1899 931 τῶν

244 966 365 1019 καθ’
426 967 583 1038 ἡμᾶς
663 965 900 1037 μάλιστα
962 969 1060 1036 τὴν
1132 962 1404 1021 εὐσίϐειάν
1474 987 1535 1038 γε
1618 965 1707 1020 καὶ
1784 965 1901 1039 ἀρε-

246 1057 348 1123 τήν
407 1054 681 1125 πλείστην
724 1051 1237 1129 ηταόεόλημᾶνους
1293 1054 1554 1128 σπουδὴν⁴
1618 1054 1801 1131 λόγοις
1843 1056 1900 1109 εὖ

246 1143 451 1213 ἥκουσι
504 1144 594 1199 καὶ
640 1143 931 1221 ἐγκωμίων
980 1145 1260 1224 στεφάνοις
1306 1146 1649 1215 καταξιοῦσα,
1684 1143 1900 1216 ἀξιολὸ-

248 1254 379 1309 γους
412 1234 705 1307 ἐργάζεται
729 1251 744 1264 ⁸
777 1236 864 1297 οἷς
897 1233 1032 1299 δῆτα
1076 1236 1168 1289 καὶ
1210 1237 1336 1296 τοὺς
1389 1233 1797 1310 ἐπιγενομένους
1845 1231 1902 1286 εὖ

253 1320 404 1394 μάλα
448 1323 836 1397 προτρέπεται,
887 1328 995 1379 τῶν
1040 1322 1352 1379 καλλίστων
1404 1317 1578 1398 ἔργων
1619 1322 1776 1391 καὶ
1808 1322 1897 1374 δο-

249 1412 426 1483 ξάζειν
459 1412 586 1485 περὶ
619 1413 682 1466 τὸ
712 1418 864 1467 Θεῖον
915 1413 1092 1487 χρεὼν
1139 1412 1329 1482 ἐπίσης
1366 1410 1588 1474 ἐκείνοις
1642 1411 1899 1465 ἀνθάπτε-

248 1502 395 1557 σθαι.

247 1592 470 1649 virtute
528 1598 585 1649 et
640 1594 853 1666 pietate
917 1593 1235 1664 plurimum
1293 1593 1470 1650 studii
1554 1594 1892 1663 posuerunt,

2010 626 2123 681 que
2153 611 2386 672 dicitur,
2417 612 2701 682 quidquid
2734 618 3008 667 vetustate
3057 612 3523 677 commendetur,
3559 628 3657 667 ve-

2011 701 2263 756 nerabile
2294 703 2347 755 id
2408 717 2535 757 esse
2593 706 2819 773 oportet
2873 719 2885 755 :
2940 702 3242 758 historiam
3298 703 3557 767 omnino,
3591 707 3655 757 ut

2010 806 2138 861 quae
2168 796 2226 844 et
2254 790 2639 845 diuturnitate
2662 790 2939 862 temporis
2960 795 3018 844 et
3048 791 3434 861 plurimarum
3459 806 3654 846 rerum

2014 894 2119 932 usu
2151 880 2325 944 valet,
2359 879 2593 948 plurimi
2629 879 2953 935 faciendam
2984 896 3113 935 esse
3147 884 3393 943 constat,
3444 880 3503 936 in
3536 879 3658 950 pri—

2013 968 2125 1021 mis
2151 982 2283 1022 vero
2305 984 2557 1033 sacram,
2581 968 2877 1040 ingentem
2902 970 3181 1024 nimirum
3207 969 3457 1024 fructum
3482 974 3658 1039 atque

2011 1055 2318 1111 utilitatem
2369 1058 2643 1112 omnibus
2689 1058 2867 1113 simul
2909 1062 2967 1113 et
2996 1058 3257 1113 ecclesiis
3304 1064 3363 1113 et
3409 1058 3658 1129 negotiis

2012 1146 2503 1218 suppeditantem.
2529 1146 2816 1217 Namque,
2838 1147 2919 1202 ita
2952 1151 3016 1203 ut
3062 1163 3299 1218 mquum
3340 1151 3450 1215 est,
3481 1161 3656 1202 omne

2011 1250 2195 1303 genus
2236 1234 2505 1290 vitiorum
2570 1251 2638 1291 ea
2686 1237 2814 1306 ipsa
2859 1236 3172 1291 traducens
3233 1240 3290 1292 et
3344 1236 3656 1304 damnans,

2013 1341 2187 1395 quam
2221 1324 2558 1391 longissime
2586 1325 2794 1396 rejicit,
2828 1325 3129 1397 malosque
3160 1334 3216 1381 et
3242 1325 3454 1397 impios
3476 1325 3657 1396 justis

2013 1412 2285 1468 conviciis
2313 1419 2663 1481 exsecratur,
2695 1419 2753 1469 et
2785 1428 3029 1486 magnos
3070 1415 3453 1485 laudatasque
3480 1414 3657 1481 viros,

2011 1501 2113 1572 qui
2144 1502 2204 1557 in
2237 1504 2409 1559 rebus
2441 1503 2740 1575 religionis
2773 1509 2983 1559 nostra:
3034 1503 3307 1559 maximis
3357 1502 3660 1560 excellenti

1984 1590 2172 1646 verbis
2252 1592 2634 1663 amplissimis
2703 1592 3060 1665 laudumque
3136 1593 3438 1665 praeconiis
3496 1592 3661 1664 quasi

251 1682 622 1754 quibusdam
664 1683 892 1738 coronis
933 1699 1244 1750 exornans,
1276 1682 1653 1739 admirandos
1714 1679 2152 1748 imitandosque
2209 1680 2339 1736 aliis
2394 1683 2591 1737 efﬁcit.
2623 1681 2849 1745 Quibus
2905 1698 3140 1754 quoque
3197 1683 3372 1738 rebus
3411 1681 3661 1753 posteri-

251 1776 433 1827 tatem
470 1772 657 1843 ipsam
689 1771 1077 1842 pulcherrime
1114 1774 1348 1838 excitat,
1382 1776 1438 1828 et
1469 1769 1863 1828 sanctissimis
1911 1769 2186 1839 operibus
2242 1778 2297 1825 et
2350 1772 2536 1837 factis,
2600 1771 2941 1843 decentique
3006 1777 3064 1827 et
3117 1775 3277 1827 recta
3332 1772 3405 1827 de
3460 1771 3657 1826 divino

250 1856 516 1914 Numine
563 1858 862 1929 opinione,
890 1875 1093 1914 eorum
1115 1860 1371 1915 virorum
1403 1859 1634 1914 laudem
1665 1854 1999 1912 aemulando
2059 1859 2384 1913 consectari
2443 1858 2803 1914 cohortatur.

319 1948 489 2001 Ὅθεν
538 1946 630 2001 καὶ
680 1949 846 2018 ἡμεῖς
889 1944 1097 2010 δικαίας
1141 1947 1419 2021 κρίνοντες
1459 1944 1751 2023 ἀποδοχῆς
1782 1945 1908 2005 τοὺς

2092 1949 2454 2020 Quapropter
2476 1955 2534 2005 et
2557 1966 2662 2005 nos
2694 1949 2920 2020 judicio
2951 1958 3144 2006 nostro
3200 1966 3298 2006 eos
3355 1952 3454 2022 qui
3500 1966 3665 2006 saera

249 2035 524 2104 τοιαύτην
582 2036 814 2109 περὶτᾶ
877 2038 1030 2091 κοινᾶ
1092 2036 1682 2112 πραγματευσαμένους
1750 2055 1914 2089 σπου-

253 2122 378 2194 δὴν,
412 2124 507 2179 ἐπὶ
548 2126 642 2179 τὸν
690 2124 882 2198 ὅμοιον
920 2130 1019 2195 τῆς
1062 2127 1368 2188 ὑποθέσεως
1402 2126 1766 2199 προήχθημεν
1814 2127 1914 2192 ζῆο

254 2211 352 2268 λον
381 2233 397 2247 ·
436 2211 563 2268 οὔτε
604 2215 702 2282 τήν
754 2213 877 2288 περὶ
927 2216 1023 2276 τὰς
1070 2215 1289 2289 πράξεις
1320 2216 1515 2288 ἀρετήν
1548 2210 1916 2287 ἐπιδεδειγμε-

253 2323 364 2370 νοι,
396 2300 528 2359 οὕτε
591 2305 697 2376 μὴν
754 2307 824 2376 τῇ
886 2302 1191 2381 εὐγλωττίςι
1234 2302 1652 2379 τεθαρρηκότες,
1700 2302 1788 2356 καὶ
1843 2304 1912 2374 τῇ

262 2392 426 2468 ῥώμῃ
482 2398 592 2447 τῶν
653 2390 871 2467 λόγωνο
901 2392 1284 2463 ἐπιστήσαντες
1332 2391 1378 2447 δ’
1419 2393 1494 2456 ὡς
1542 2391 1658 2446 οἷόν
1711 2411 1770 2445 τε
1819 2390 1911 2444 τὸν

259 2486 380 2535 νοῦσ
432 2487 552 2544 τοῖς
601 2482 709 2556 πρὸ
756 2485 917 2555 ἡμῶν
958 2484 1025 2536 τά
1071 2484 1206 2536 κατὰ
1244 2483 1343 2551 τὴν
1376 2479 1700 2550 Ἐκκλησίαν
1729 2498 1915 2553 συγγε-

268 2572 523 2647 γραγόσι,
573 2571 675 2638 τὴν
740 2571 835 2644 μὲν
886 2571 1198 2645 προαίρεσιν
1238 2570 1446 2626 τούτων
1500 2568 1738 2642 μάλιστα
1785 2569 1916 2623 πάν.

278 2681 381 2714 των
430 2658 717 2734 ἀποδοχῆς
759 2662 1065 2735 ἠξιώσαμεν
1086 2680 1100 2693 ·
1136 2660 1196 2715 οὐ
1241 2662 1350 2733 μὴν
1380 2660 1469 2714 καί
1499 2660 1634 2734 πρὸς
1664 2659 1727 2714 τὸ
1757 2661 1912 2731 κοινῇ

285 2748 545 2824 συμφέρον
597 2750 933 2804 παντάπασιν
993 2749 1323 2823 ἐξειργάσθαι
1382 2749 1477 2811 τὰς
1538 2750 1715 2804 αὐτῶν
1764 2768 1910 2822 πρα-

291 2837 533 2912 γματείας
588 2836 1009 2912 ἐδοκιμάσαμεν.
1043 2840 1104 2892 Οἱ
1166 2840 1260 2910 μὲν
1302 2838 1405 2914 γὰρ
1462 2839 1660 2904 αὐτῶν,
1712 2838 1789 2909 μὴ
1834 2840 1912 2907 τῷ

294 2925 567 2999 ὑγιαίνοντι
604 2927 760 3002 λόγῳ
798 2922 1195 3000 ξυμϐαίνοντες,
1228 2926 1281 2981 ἐν
1314 2925 1549 2989 πολλοῖς
1602 2925 1726 2981 οὐδὲ
1773 2926 1911 2995 ἄξιοι

286 3013 491 3072 δοκοῦσι
538 3022 647 3073 τῶν
705 3018 850 3094 σφίσι
899 3017 1213 3092 λεγομένων
1247 3015 1511 3091 μάρτυρες
1559 3016 1726 3071 εἶναι’
1769 3010 1913 3070 ἔνθεν

274 3126 356 3161 τοι
423 3106 514 3162 καί
584 3112 702 3171 τοῖς
775 3108 849 3169 ὡς
914 3106 1138 3178 ἀληθῶς
1188 3109 1313 3182 παρ’
1373 3106 1547 3161 αὐτῶν
1601 3105 1912 3181 εἴρημένοις

271 3192 710 3273 ἀμφισϐητοῦσιν
743 3198 795 3251 οἱ
838 3196 1089 3251 πλεῖστοι
1129 3194 1217 3251 διὰ
1261 3196 1323 3250 τὸ
1361 3200 1468 3249 τῶν
1497 3193 1780 3271 δογμάτων
1834 3194 1909 3266 μὴ

2019 2037 2262 2093 historia
2292 2039 2601 2094 scribenda
2630 2040 2698 2094 ad
2737 2039 3028 2111 publicam
3078 2039 3389 2096 utilitatem
3436 2045 3661 2095 tantum

2021 2126 2393 2183 contulerunt
2423 2127 2622 2199 studii,
2667 2130 3135 2199 comprobantes,
3184 2130 3557 2185 aemulatione
3588 2129 3660 2185 ad

2019 2216 2287 2272 eamdem
2361 2217 2664 2271 materiam
2713 2218 3078 2273 tractandam
3112 2217 3370 2289 provecti
3432 2231 3661 2284 sumus,

2021 2320 2137 2360 non
2194 2320 2303 2360 nos
2361 2305 2598 2376 quidem
2656 2308 2887 2378 egregia
2963 2306 3189 2362 virtutis
3241 2311 3453 2362 nostra)
3512 2306 3664 2361 facta

2019 2398 2399 2461 ostentantes,
2483 2410 2672 2465 neque
2734 2396 3122 2465 eloquentiam
3166 2395 3444 2451 orationis
3487 2394 3543 2449 vi
3608 2400 3664 2450 et

2020 2484 2286 2539 ubertate
2316 2483 2446 2539 freti
2467 2484 2805 2554 jactitantes
2837 2502 2850 2540 :
2882 2486 2982 2540 sed
3031 2485 3317 2550 animum,
3376 2493 3660 2556 quantum

2017 2573 2252 2643 quidem
2284 2571 2406 2627 ﬁeri
2440 2574 2645 2643 potuit,
2678 2574 2749 2629 ad
2779 2591 2878 2630 eos
2909 2577 3007 2646 qui
3040 2580 3173 2629 ante
3203 2586 3305 2629 nos
3346 2590 3436 2629 res
3476 2572 3660 2628 eccle-

2018 2661 2285 2717 siasticas
2315 2662 2671 2732 scripserunt
2704 2668 3128 2728 convertentes,
3166 2663 3499 2718 institutum
3540 2661 3661 2733 qui-

2018 2749 2149 2804 dem
2180 2754 2238 2804 et
2261 2752 2623 2821 propositum
2658 2768 2860 2808 eorum
2907 2753 2967 2807 in
3017 2752 3221 2824 primis
3279 2751 3663 2822 complecten-

2017 2839 2157 2893 dum
2189 2838 2463 2894 duximus
2494 2857 2508 2894 :
2541 2842 2639 2896 sed
2674 2857 2789 2896 non
2826 2840 3028 2896 itidem
3080 2843 3296 2911 scripta
3336 2840 3663 2896 earumdem

2019 2928 2218 2983 omnia
2244 2930 2313 2982 ad
2348 2928 2640 2998 publicam
2675 2930 2986 2987 utilitatem
3016 2931 3201 2986 facere
3237 2930 3659 3001 judicavimus.

2019 3015 2261 3080 Quidam
2294 3017 2451 3072 enim
2482 3033 2551 3073 ex
2579 3018 2663 3073 eis
2694 3035 2850 3091 sane:
2890 3020 3164 3076 doctrinae
3204 3035 3319 3074 non
3369 3017 3663 3073 adheren-

2021 3108 2127 3171 tes,
2178 3104 2379 3161 multis
2426 3105 2485 3161 in
2540 3107 2712 3164 rebus
2771 3124 2885 3163 non
2936 3107 3074 3163 satis
3131 3107 3323 3164 idonei
3374 3108 3663 3175 dictorum

2020 3213 2261 3251 suorum
2286 3201 2463 3252 testes
2493 3213 2621 3253 esse
2651 3198 2923 3254 videntur
2962 3216 2975 3254 :
3019 3198 3174 3254 unde
3222 3198 3457 3265 factum,
3507 3195 3663 3268 quod

268 3284 606 3360 ἐῤῥωμένον,
641 3287 692 3340 οἱ
723 3283 781 3340 δὲ
808 3291 888 3357 τῷ
916 3286 1158 3357 καθάπαξ
1192 3280 1536 3362 ὃιενηνέχθαι
1567 3288 1646 3355 τῷ
1673 3291 1775 3352 τῆς
1819 3284 1912 3336 πίο

2024 3302 2199 3355 quam
2262 3287 2498 3357 plurimi
2557 3288 2728 3343 etiam
2781 3303 2848 3343 ea
2903 3305 3030 3361 quae
3064 3290 3136 3343 ab
3183 3286 3300 3343 illis
3346 3302 3480 3341 vere
3528 3289 3668 3340 sunt

268 3395 440 3437 στεως
491 3372 672 3448 λόγῳ,
702 3374 792 3429 καὶ
841 3376 977 3449 πρὸς
1018 3373 1311 3429 ἀντίπαλον
1358 3372 1548 3443 ἐκείνῳ
1585 3379 1911 3440 καταστῆναι

272 3470 476 3538 μοῖραν
505 3483 517 3495 ·
552 3461 650 3518 κᾶν
680 3462 734 3525 ἐς
776 3464 995 3539 ὕστερον
1040 3464 1108 3519 τὰ
1151 3463 1334 3518 εἷ’κότα
1382 3469 1650 3539 φρανῆσαι
1698 3457 1913 3530 ξυνέϐη,

262 3555 336 3624 τῇ
390 3554 531 3628 πρὸς
579 3551 672 3615 οὓς
725 3550 1035 3632 διεφέροντο
1085 3550 1221 3626 ἔριδι
1267 3553 1334 3607 τὰ
1372 3550 1559 3607 πολλὰ
1589 3547 1918 3625 παραλελοι-

267 3642 436 3702 πότες
464 3660 476 3672 ·
507 3638 634 3696 οὐδὲ
663 3640 815 3696 οὗτοι
854 3637 1089 3714 ἔμπεδον
1137 3642 1445 3716 ἀκραιφνῶς
1493 3638 1555 3694 τὸ
1603 3638 1913 3707 ἀξιόπιστον

267 3728 516 3804 ἔχουσιν,
546 3729 726 3784 καίτοι
770 3750 834 3804 γε
873 3728 1084 3793 ἄλλως,
1118 3728 1288 3802 λόγου
1317 3725 1542 3801 δυνάμει
1572 3729 1915 3799 κρατοῦντες,

265 3818 362 3873 καὶ
405 3822 484 3889 τῷ
531 3824 629 3887 τῆς
678 3821 890 3892 γραφῆς
924 3818 1098 3893 βάθει,
1131 3813 1207 3872 ἔτι
1241 3816 1296 3872 δὲ
1325 3817 1512 3887 καὶτῷ
1543 3816 1664 3889 περὶ
1693 3815 1916 3888 Χριστὸν

268 3907 429 3980 πόθῳ
468 3908 558 3961 καὶ
600 3906 779 3980 ζήλῳ,
811 3912 919 3963 τῶν
963 3910 1082 3964 καθ’
1125 3909 1273 3979 ἡμᾶς
1320 3908 1381 3961 τὸ
1426 3911 1694 3978 πρωτεῖον
1741 3906 1915 3982 φερειν

269 3995 706 4071 διενιστάμενοι·
749 3996 941 4052 αὐτίκα
987 3996 1075 4052 καὶ
1123 3998 1227 4071 γὰρ
1255 3998 1283 4051 ὁ
1328 3996 1422 4068 μὲν
1474 3993 1766 4072 Παμφίλου
1820 3992 1917 4046 tit}-

271 4082 455 4148 σέϐιος
513 4086 620 4141 ἀπὸ
676 4090 783 4141 τῶν
837 4087 973 4142 κατὰ
1029 4086 1263 4161 Χριστὸν
1328 4086 1627 4160 ἀρξάμενος
1682 4082 1917 4158 χρόνων,

271 4177 443 4253 μέχρι
505 4181 615 4231 τῶν
670 4180 769 4231 τοῦ
830 4176 1071 4252 μεγάλου
1139 4174 1538 4230 Κωνσταντίνου
1598 4176 1801 4246 καιρῶν
1856 4172 1922 4226 τά

270 4261 562 4339 συμϐάντα
585 4269 703 4328 ταῖς
733 4263 1046 4335 ἐκκλησίαις
1079 4262 1384 4339 διέρχεται·
1419 4261 1477 4317 ἐκ
1526 4268 1631 4317 τῶν
1666 4262 1920 4323 Φίλωνός

267 4376 331 4410 τε
368 4356 457 4409 καὶ
494 4354 787 4423 Ἰωσήπου,
821 4352 1139 4426 Κλήμεντὸς
1188 4373 1245 4408 τε
1300 4355 1397 4407 τοῦ
1445 4351 1806 4423 στρωματέως
1832 4350 1921 4404 καὶ

274 4445 646 4520 Ἡγηρίππου,
683 4442 1010 4501 Ἱππολύτου
1041 4465 1098 4500 τε
1127 4442 1216 4497 καὶ
1255 4442 1452 4510 Παπία,
1482 4442 1570 4496 καὶ
1619 4441 1728 4497 τῶν
1774 4441 1924 4494 καθε-

275 4534 373 4603 ξῆς
404 4535 565 4606 ἱερῶν
599 4529 963 4605 διδασκάλων,
992 4534 1089 4601 τήν
1132 4530 1369 4606 ἱστορίαν
1417 4529 1798 4606 ἐρανισάμενος
1826 4547 1837 4560 ·
1874 4526 1925 4582 ἐν

276 4624 317 4693 ἦ
342 4624 404 4677 τό
443 4643 503 4677 τε
531 4624 798 4693 κακόηθες
827 4629 926 4692 τῆς
975 4621 1139 4677 αὐτοῦ
1180 4623 1434 4695 α’ρὲσεως
1486 4617 1794 4697 ὑποφαίνει,
1826 4618 1922 4671 κάν

280 4733 423 4768 τισιν
453 4711 631 4786 ὀρθῶς
677 4710 914 4782 δοξάζειν
948 4708 1081 4785 δοκῇ
1115 4709 1555 4783 διατεινομένοις,
1586 4712 1653 4782 τῇ
1684 4728 1743 4762 τε
1771 4708 1926 4781 πρώ-

1955 4679 2008 4743 D

2025 3376 2201 3440 dicta,
2243 3380 2476 3446 propter
2506 3376 2745 3431 minime
2775 3393 2951 3433 sanas
2992 3392 3193 3433 eorum
3231 3376 3554 3446 Opiniones,
3605 3375 3664 3427 in

2026 3463 2270 3519 dubium
2340 3474 2564 3520 vocant.
2602 3464 2880 3520 Nonnulli
2937 3472 3153 3532 autem,
3215 3481 3348 3519 cum
3398 3463 3574 3518 semel
3636 3479 3668 3516 a

2024 3552 2197 3608 verbo
2230 3552 2361 3607 fidei
2394 3553 2821 3621 discessissent,
2853 3564 2906 3611 et
2937 3557 3006 3610 ad
3039 3557 3310 3611 adversas
3358 3552 3409 3609 ei
3469 3556 3665 3623 partes

2028 3641 2396 3709 defecissent,
2452 3643 2681 3698 etiamsi
2724 3651 2920 3714 postea
2975 3660 3076 3700 eos
3114 3659 3281 3715 aequa
3318 3646 3374 3698 et
3404 3641 3668 3696 decentia

2028 3746 2231 3800 sapere
2288 3731 2611 3802 contigerit,
2648 3733 2989 3789 adversandi
3021 3738 3213 3789 tamen
3243 3733 3348 3799 eis,
3383 3749 3416 3787 a
3455 3732 3669 3803 quibus

2028 3819 2342 3891 aliquando
2373 3820 2790 3887 dissenserant,
2821 3825 3035 3893 studio,
3060 3823 3423 3896 permultain
3440 3821 3670 3891 scriptis

2029 3914 2154 3964 suis
2184 3910 2707 3979 pratermittentes,
2739 3913 2835 3969 85
2873 3930 2985 3969 non
3018 3928 3256 3983 prorsus
3300 3915 3669 3968 constantem

2028 4006 2084 4053 et
2113 3998 2356 4053 solidam
2395 3999 2701 4055 obtinuere
2747 4003 2904 4072 apud
2943 4005 3185 4059 lectores
3242 4003 3439 4069 fidem,
3489 4015 3671 4072 quan-

2029 4086 2249 4142 tumvis
2296 4087 2517 4143 viribus
2564 4087 2911 4159 eloquentiae
2958 4097 3015 4147 et
3061 4090 3352 4147 scribendi
3400 4091 3671 4145 acumine

2030 4173 2395 4243 excellentes,
2426 4183 2601 4248 atque
2630 4179 2859 4249 egregio
2888 4196 3022 4250 erga
3052 4180 3346 4236 Christum
3379 4193 3578 4234 amore
3618 4181 3675 4233 et

2029 4264 2254 4331 ardore,
2316 4266 2464 4322 inter
2522 4269 2707 4323 nostri
2768 4271 3022 4326 nominis
3094 4270 3384 4335 homines,
3455 4269 3673 4339 primae

2032 4356 2181 4410 ferre
2240 4357 2672 4415 contendentes.
2741 4359 2961 4415 Etenim
3034 4360 3314 4415 Eusebius
3384 4357 3674 4429 Pamphili

2032 4443 2230 4499 statim
2264 4461 2296 4499 a
2325 4444 2536 4501 Christi
2567 4448 2924 4517 temporibus
2964 4464 3149 4520 usque
3193 4452 3261 4503 ad
3311 4446 3673 4503 Constantini

2032 4533 2225 4605 Magni
2260 4541 2539 4606 tempore,
2576 4554 2702 4609 quae
2734 4540 2791 4594 in
2843 4540 3114 4597 Ecclesiis
3160 4544 3287 4595 acta
3340 4542 3495 4605 sunt,
3545 4552 3673 4606 pro-

2038 4622 2319 4691 sequitur,
2351 4640 2419 4678 ex
2449 4625 2712 4692 Philone,
2742 4626 3014 4698 Josepho,
3041 4628 3336 4685 Clemente
3367 4625 3678 4697 στρωματεῖ

2038 4710 2171 4782 (hoc
2201 4717 2311 4775 est,
2343 4719 2696 4783 coniectore),
2731 4718 3074 4790 Hegesippo,
3118 4715 3441 4787 Hippolyto,
3480 4712 3677 4783 Papia.

280 4823 352 4876 τῃ
420 4801 510 4856 καὶ
575 4800 734 4856 αὐτὸν
796 4797 1000 4874 συνόδῳ
1051 4805 1323 4875 παρεῖναι,
1372 4800 1461 4853 καὶ
1516 4803 1594 4869 τῷ
1650 4795 1929 4869 ὁμοουσίῳ

286 4894 552 4965 στοιχεῖν,
583 4890 671 4945 καὶ
736 4890 1028 4964 σκώμμασι
1084 4886 1240 4960 δῆθεν
1308 4886 1533 4964 βάλλειν
1571 4885 1699 4947 τοὺς
1730 4883 1930 4957 κτίσμα

283 4981 377 5037 τὸν
419 4979 540 5035 rte»
595 4983 692 5034 τοῦ
743 4984 878 5035 Θεοῦ
936 4977 1378 5054 δογματίζοντας.
1412 4976 1664 5051 Ἑρμείας
1719 4973 1813 5047 μὲν
1845 4993 1928 5027 τοι

290 5071 641 5143 Σωζόμενος,
670 5069 696 5123 ὁ
754 5069 845 5124 καὶ
892 5067 1253 5141 Σαλαμίνιος,
1284 5068 1373 5122 καὶ
1423 5068 1451 5120 ὁ
1499 5067 1598 5135 τὴν
1654 5067 1927 5137 Κυριστῶι

289 5156 650 5234 προεδρεῦσας
709 5158 874 5232 σοφὸς
942 5154 1319 5232 Θεοδώρητος,
1381 5159 1449 5230 τῇ
1508 5154 1662 5229 τρίτῃ
1720 5149 1930 5222 συνόδῳ

287 5248 423 5323 πρὸς
461 5248 647 5322 μάχην
683 5247 819 5301 ἰών·
868 5245 947 5301 ἔτι
993 5244 1047 5301 δὲ
1090 5248 1177 5300 καὶ
1223 5248 1249 5299 ὁ
1299 5246 1561 5319 θεομισὴς
1619 5238 1928 5314 Φιλοστόρ·

286 5355 440 5415 γιος’
474 5338 610 5409 πρὸς
642 5334 700 5391 δὲ
728 5337 814 5391 καὶ
852 5338 879 5391 ὁ
920 5337 1017 5405 τὴν
1068 5335 1460 5411 προσηγορίαν,
1493 5332 1554 5388 οὐ
1605 5333 1713 5405 μὴν
1765 5327 1822 5385 δὲ
1870 5350 1932 5405 γε

288 5428 376 5483 καὶ
432 5428 534 5496 τὴν
596 5427 904 5504 προαίρεσιν
964 5426 1195 5501 καθαρὸς
1269 5425 1589 5499 Σωκράτης,
1648 5423 1709 5477 τὸ
1766 5419 1928 5493 πέρας

287 5517 492 5573 ἐκείνου
522 5516 703 5592 ἀρχὴν
754 5520 862 5572 τῶν
909 5515 1058 5572 ἰδίων
1104 5513 1468 5589 πεποιημένοι
1518 5515 1929 5589 πραγματειῶν,

291 5608 423 5687 ἄχρι
483 5605 552 5676 δή
611 5609 697 5662 καὶ
743 5612 851 5662 τῶν
895 5607 1109 5683 χρόνων
1166 5602 1455 5662 Θεοδοσίου
1502 5607 1598 5658 τοῦ
1654 5604 1776 5657 νὲου
1833 5601 1931 5669 τήν

291 5696 532 5773 ἱστορίαν
574 5694 957 5767 καθείλκυσαν,
1001 5696 1247 5752 ὑπόθεσιν
1308 5694 1428 5770 μίαν
1486 5694 1587 5749 οὐκ
1645 5689 1745 5747 οἶδ’
1780 5690 1928 5751 ὅπως

2039 4804 2097 4856 et
2126 4801 2254 4856 aliis
2275 4802 2476 4858 ordine
2507 4806 2915 4862 ecclesiasticis
2937 4806 3336 4878 scriptoribus,
3371 4801 3676 4858 historiam

2040 4894 2363 4947 mutuatus.
2394 4894 2455 4947 In
2489 4909 2600 4963 qua
2633 4894 2871 4951 historia
2895 4896 3199 4952 cacoethes
3243 4895 3526 4948 hereseos
3561 4906 3678 4946 suae

2040 4979 2252 5050 prodit,
2285 4981 2547 5050 quamvis
2577 4984 2925 5053 quibusdam
2958 4990 3110 5039 recte
3138 4982 3358 5039 sentire
3396 4981 3679 5046 videatur,

2039 5081 2105 5121 ex
2137 5082 2203 5121 eo
2229 5067 2285 5122 id
2319 5071 2810 5137 asseverantibus,
2833 5073 2987 5143 quod
3020 5078 3076 5127 et
3096 5073 3220 5141 ipse
3241 5071 3439 5141 prima:
3459 5068 3681 5141 synodo

2040 5155 2387 5223 interfuerit,
2434 5164 2489 5213 et
2537 5161 2614 5228 τῷ
2661 5158 2943 5232 ὁμοουσίῳ
2991 5162 3124 5232 (hoc
3171 5164 3281 5225 est,
3330 5157 3683 5214 consubstan-

2039 5242 2191 5316 tiali)
2223 5247 2581 5304 consenserit
2613 5266 2626 5305 :
2661 5251 2933 5321 quodque
2947 5249 3223 5304 conviciis
3255 5247 3681 5316 reprehendens

2040 5331 2340 5389 incesserit
2377 5351 2492 5403 eos,
2519 5336 2617 5406 qui
2653 5336 2854 5394 Filium
2887 5337 2989 5393 Dei
3028 5346 3353 5393 creaturam
3395 5351 3523 5392 esse
3551 5335 3681 5406 opi-

2041 5430 2272 5479 nantur.
2309 5426 2573 5483 Hermias
2604 5444 2771 5499 porro
2804 5429 3178 5498 Sozomenus,
3212 5429 3313 5499 qui
3344 5432 3400 5483 et
3428 5425 3679 5483 Salami-

2041 5512 2171 5567 nius
2201 5514 2416 5571 dicitur
2444 5534 2463 5571 :
2491 5518 2630 5572 item
2658 5519 2758 5589 qui
2778 5517 2948 5590 Cypri
2978 5518 3285 5589 episcopus
3310 5518 3415 5572 fuit
3441 5514 3678 5587 sapiens

2040 5600 2443 5673 Theodoritus,
2477 5606 2693 5677 quique
2724 5607 2875 5662 idem
2900 5608 3124 5663 tertiam
3149 5605 3681 5678 impugnavitsyno-

2041 5692 2179 5747 dum
2215 5708 2230 5747 :
2263 5694 2400 5752 item
2451 5698 2566 5754 Deo
2612 5697 2836 5754 invisus
2883 5696 3305 5769 Philostorgius
3349 5713 3363 5752 :
3407 5702 3677 5767 presteres
