4096 6284
437 393 549 455 607

1733 391 2152 458 NICEPHORI
2197 399 2542 461 CALLISTI

3719 403 3835 463 608

439 528 786 598 cognomine
815 526 1076 595 quidem,
1108 525 1206 581 sed
1243 525 1438 581 animo
1484 528 1679 582 minus
1720 529 1975 601 καθαρὸς,
2000 531 2074 598 (id

2194 533 2418 592 ἅπαντες
2464 532 2928 605 προστησάμενοι.
2981 532 3046 587 Οἳ
3099 531 3186 584 καὶ
3253 532 3386 605 πρὸς
3449 530 3737 601 ἀλλήλους
3784 530 3838 587 ἓν

439 626 543 676 est,
579 615 781 686 purus)
813 615 1096 680 Socrates,
1131 615 1304 669 ﬁnem
1349 614 1507 670 illius
1555 616 1784 672 initium
1839 635 2078 673 suorum

439 706 714 760 facientes
773 720 1036 773 operum,
1101 721 1282 775 usque
1340 707 1406 758 ad
1461 710 1724 776 tempora
1771 707 2081 762 Theodosii

433 794 679 862 junioris
713 792 1016 846 historiam
1071 796 1463 863 produxerunt
1507 811 1519 846 :
1571 796 1814 850 materia
1853 798 2080 866 eadem,

438 884 633 937 n‘escio
692 900 806 953 quo
865 882 1129 946 consilio,
1194 900 1394 937 omnes
1456 885 1567 939 sibi
1625 888 1939 956 proposita.
1975 889 2081 952 Qui

437 972 673 1041 quidem
707 971 763 1024 in
798 971 971 1025 rebus
1002 971 1357 1042 quibusdam
1394 973 1548 1027 varie
1589 974 1735 1029 inter
1768 993 1830 1030 se
1859 978 2084 1030 dissen-

435 1060 611 1124 tiunt,
671 1064 724 1115 et
773 1061 1178 1130 episcoporum
1237 1060 1388 1116 inter
1446 1062 1604 1132 ipsos
1655 1066 2079 1121 contentiones.

435 1167 539 1220 pro
592 1165 658 1204 eo
707 1156 880 1220 atque
924 1151 1132 1220 cuique
1189 1153 1374 1205 visum
1434 1160 1544 1216 est,
1602 1167 2080 1224 commemorant,

435 1239 650 1294 Omnes
681 1239 856 1295 etiam
891 1241 989 1295 isti
1020 1241 1208 1294 varias
1240 1242 1525 1310 quasdam
1557 1248 1613 1297 et
1645 1261 1825 1300 novas
1864 1262 1977 1310 res,
2009 1248 2081 1301 ab

435 1327 566 1383 aliis
620 1328 860 1384 minime
923 1329 1130 1396 dictas,
1191 1330 1450 1386 historiis
1514 1333 1639 1386 suis
1691 1333 2077 1390 inseruerunt.

434 1417 717 1486 Deinceps
765 1434 896 1472 vero
964 1417 1323 1487 Theodorus,
1391 1421 1570 1474 lector
1645 1422 1975 1492 Byzantius,
2026 1433 2082 1478 et

436 1515 686 1570 Basilius
715 1516 884 1583 Cilix,
917 1521 972 1570 et
997 1518 1368 1587 expraet'ectus
1395 1519 1690 1589 Evagrius.
1714 1523 2080 1592 superiorum

437 1609 569 1658 ante
602 1605 756 1672 ipsos
791 1611 1113 1674 temporum
1149 1623 1238 1660 res
1278 1610 1692 1678 praetergressi,
1727 1618 1778 1665 et
1823 1615 2085 1683 tempora

436 1709 542 1747 sua
576 1693 723 1764 stylo
775 1694 1084 1764 prosecuti,
1146 1711 1345 1749 eorum
1406 1713 1550 1767 quos
1602 1699 1772 1753 modo
1832 1700 2084 1755 diximus

436 1780 718 1850 historiis,
773 1799 910 1837 suas
951 1785 1400 1852 conjunxerunt,
1450 1788 1638 1854 cperis
1681 1788 2081 1845 difﬁcultatem

2190 642 2328 674 τισιν
2379 618 2519 674 ἔστιν
2589 620 2727 674 ὅπου
2790 618 3140 694 διαφωνοῦσι,
3185 622 3278 682 τὰς
3346 623 3480 696 πρὸς
3548 621 3838 691 ἀλλήλους

2193 707 2436 782 ὃιενέξεις
2492 715 2599 764 τῶν
2657 708 2961 763 ἐπισκόπων
3018 711 3152 783 πρὸς
3227 711 3289 763 τὸ
3360 710 3564 782 ἑκάστῳ
3642 708 3836 764 δοκοῦν

2192 797 2442 867 διιόντες,
2491 799 2578 853 καί
2638 795 2856 853 ἕκαστοι
2903 804 3023 862 ταῖς
3081 804 3226 876 σφῶν
3285 799 3548 872 ἱστορίαις
3606 797 3841 877 διάφορά

2192 909 2306 941 τινα
2350 888 2440 941 καὶ
2489 889 2608 955 ξένα
2661 889 2734 958 μὴ
2783 892 2898 947 τοῖς
2947 885 3141 948 ἄλλοις
3175 885 3432 960 εἰρημένα
3462 887 3838 962 προσεπιγρά-

2197 999 2403 1050 εόντες,
2463 979 2732 1032 Ἐντεῦθεν
2783 975 2947 1030 πάλιν
3026 977 3053 1029 ὁ
3133 977 3421 1045 Βυζάντιος
3488 977 3842 1050 ἀναγνώστης

2192 1041 2492 1140 έδεόδωρος,
2523 1066 2665 1120 καὶὸ
2698 1063 2896 1134 Κλίλιξ
2930 1041 3239 1133 Βασίλῦιος,
3263 1068 3352 1118 καὶ
3384 1068 3411 1120 ὁ
3445 1069 3549 1121 ἀπὸ
3583 1041 3842 1141 έπάρχων

2195 1156 2479 1231 Εὑάγριος,
2510 1157 2574 1210 τὰ
2631 1160 2738 1209 τῶν
2798 1153 3053 1227 ἀνωτέρω
3091 1155 3307 1228 χρόνων
3364 1155 3454 1209 καὶ
3505 1157 3612 1230 πρὸ
3660 1154 3839 1210 αὑτῶν

2195 1240 2542 1318 ὑπερϐάντες,
2577 1245 2628 1298 οἱ
2681 1246 2775 1316 μὲν
2822 1246 2948 1306 τοὺς
2996 1244 3237 1306 οἰκείους
3279 1245 3510 1322 χρόνους
3557 1251 3677 1306 τοῖς
3708 1243 3844 1298 ἐκεί-

2189 1357 2294 1388 νων
2371 1335 2717 1408 παρέζευξαν,
2796 1335 2857 1388 τὸ
2938 1341 3037 1402 τῆς
3120 1333 3491 1406 πραγματείας
3577 1333 3839 1411 δυσχερὲς

2193 1421 2693 1496 ὑπολογισάμενοι·
2727 1420 2894 1477 ἄλλοι
2926 1420 2982 1476 δὲ
3029 1423 3116 1476 καὶ
3168 1422 3257 1475 τὸν
3312 1422 3426 1495 βίον
3471 1427 3551 1493 τῷ
3594 1423 3829 1497 συγγρά-

2191 1534 2305 1586 φειν
2344 1511 2852 1580 ἀπολιπόντες,τὴν
2907 1518 3005 1580 τῆς
3065 1507 3332 1578 ἐπιϐολῆς
3371 1512 3660 1566 ὑπόστασιν
3714 1511 3841 1580 ἥκι-

2190 1622 2289 1655 στα
2343 1599 2722 1655 συνετέλεσαν·
2789 1601 2818 1654 ὅ
2873 1621 2933 1674 γε
2991 1602 3100 1673 μὴν
3175 1601 3436 1675 Εὑάγριος
3487 1602 3515 1655 ὁ
3571 1600 3840 1677 ἐπιφανής

2188 1690 2276 1744 καὶ
2339 1689 2506 1766 μέχρι
2561 1689 2996 1745 τῶνἺουστίνου
3058 1687 3124 1758 δὴ
3184 1691 3394 1765 χρόνων
3436 1691 3532 1758 τήν
3591 1691 3840 1763 ἱστορίαν

2187 1774 2562 1848 καταϐιϐάζει,
2621 1783 2698 1849 τῷ
2757 1778 2998 1850 πλείστῳ
3058 1779 3206 1852 μέρει
3264 1779 3485 1853 πράξεσι
3545 1776 3840 1848 διατρίϐων

438 1871 884 1927 reformidantes
920 1889 932 1925 :
968 1873 1232 1928 nonnulli
1281 1874 1454 1930 etiam
1505 1895 1534 1930 e
1580 1877 1693 1930 vita
1739 1878 1886 1933 inter
1931 1881 2079 1933 scri-

2190 1874 2306 1930 ταῖς
2338 1873 2649 1941 κοσμικαῖς,
2682 1866 2741 1920 ἔκ
2787 1872 2892 1922 τῶν
2936 1867 3233 1922 Εὑσταθίου
3283 1871 3379 1921 τοῦ
3431 1869 3629 1939 Σύρου,
3662 1868 3843 1921 Ζωσί-

437 1959 694 2015 bendum
725 1962 1089 2029 excedentes,
1124 1962 1457 2018 institutum
1488 1981 1631 2036 Opus
1664 1967 2082 2023 minimccom—

436 2047 754 2120 pleverunt.
792 2051 920 2121 Ipse
954 2053 1188 2122 quidem
1225 2053 1494 2124 Evagrius
1540 2053 1755 2110 illustri
1802 2058 2084 2128 dignitate

435 2139 726 2209 praeditus,
757 2139 1060 2194 historiam
1097 2158 1282 2212 usque
1333 2143 1402 2196 ad
1461 2143 1672 2199 Justini
1717 2151 1946 2201 aetatem
1979 2148 2081 2203 de-

438 2228 618 2291 ducit,
671 2228 919 2283 maxime
983 2244 1048 2285 ex
1100 2236 1261 2299 parte
1305 2247 1394 2286 res
1453 2234 1724 2302 profanas
1773 2239 2076 2292 tractans:

439 2333 688 2388 quarum
722 2324 1066 2388 argumenta
1097 2327 1149 2374 et
1182 2322 1476 2376 materiam
1495 2338 1562 2376 ex
1603 2324 1897 2380 Eusthatio
1919 2326 2077 2396 Syro,

433 2406 680 2472 Zosimo,
758 2409 974 2475 Prisco,
1043 2409 1288 2478 Joanne,
1367 2411 1642 2482 Procopio
1718 2415 2077 2482 Cassariensi,

433 2497 700 2567 Agathia,
725 2498 823 2568 qui
860 2497 974 2554 illis
1007 2501 1367 2571 temporibus
1406 2503 1606 2557 ordine
1641 2503 1897 2573 insignes
1923 2506 2080 2562 fuere

435 2590 710 2656 oratores,
742 2585 852 2642 36
890 2593 945 2643 et
978 2595 1242 2658 praeterea
1265 2608 1332 2646 ex
1383 2590 1510 2647 aliis
1559 2610 1675 2648 non
1725 2596 2079 2665 pmuitendis

435 2673 732 2731 historicis
782 2678 1084 2748 decerpsit.
1151 2680 1428 2736 Caeterum
1488 2699 1688 2738 omnes
1746 2684 1842 2739 isti
1897 2685 2081 2743 multa

435 2781 548 2817 non
580 2765 719 2819 satis
753 2765 956 2820 idonea
987 2771 1043 2821 et
1073 2771 1381 2824 commoda
1401 2770 1737 2841 importune
1759 2779 2078 2830 recensent:

439 2869 558 2907 non
587 2870 772 2925 pauca
791 2871 948 2923 vero,
980 2873 1106 2927 quas
1157 2857 1483 2914 necessario
1532 2861 1844 2916 scribenda
1891 2868 2078 2930 erant,

432 2943 884 3011 praetermittunt
930 2962 943 2999 :
998 2946 1116 3000 sive
1162 2947 1216 3000 id
1260 2946 1524 3001 consulto
1579 2949 1878 3004 affectibus
1923 2953 2077 3006 ducti

436 3031 721 3100 fecerunt,
751 3049 853 3088 seu
885 3036 1038 3105 quod
1074 3051 1186 3091 non
1213 3038 1410 3091 omnia
1429 3038 1705 3110 attingere
1745 3047 2076 3110 potuerunt,

433 3121 638 3176 timore
691 3123 942 3192 quodam
1011 3128 1067 3178 et
1117 3126 1459 3196 indignitate
1531 3144 1723 3183 rerum
1776 3130 2076 3202 perculsi:

435 3213 708 3283 quodque
743 3212 982 3269 fortasse
1014 3215 1098 3269 eis
1140 3232 1254 3270 non
1312 3217 1548 3287 perinde
1590 3221 1737 3291 stylo
1780 3221 2080 3293 indulgere

433 3301 503 3355 de
535 3301 709 3356 rebus
738 3311 887 3356 recte
916 3303 1253 3361 constitutis
1289 3305 1473 3374 licuit,
1518 3313 1692 3379 atque
1732 3326 1908 3378 nunc,
1943 3328 2075 3367 cum

435 3392 692 3447 Ecclesia
723 3393 1088 3464 amplissime
1118 3396 1350 3451 dicendi
1384 3403 1440 3453 et
1478 3401 1768 3455 scribendi
1817 3401 2082 3460 libertate

433 3481 617 3536 utitur
650 3497 663 3536 :
700 3497 876 3554 quam
911 3501 1050 3540 sane
1080 3484 1397 3542 libertatem
1429 3488 1486 3542 in
1521 3495 1720 3544 nostro
1771 3491 1878 3547 hoc
1908 3509 2082 3564 opere

435 3571 493 3625 in
527 3571 735 3642 primis
795 3576 1231 3645 usurpabimus.
1279 3578 1587 3635 Enimvero
1625 3580 1909 3638 Eusebius
1963 3589 2082 3639 tre-

436 3666 632 3716 centos
670 3667 727 3716 et
756 3662 978 3734 aliquot
1028 3670 1305 3736 praeterea
1349 3685 1532 3723 annos
1581 3674 1670 3725 est
1721 3673 2078 3744 complexus,

437 3751 704 3807 Socrates
736 3762 927 3808 autem
959 3759 1016 3808 et
1052 3755 1456 3826 Theodoritus,
1507 3775 1609 3814 nec
1661 3761 1858 3817 minus
1908 3763 2079 3818 Sozo-

442 3855 668 3905 manus,
701 3846 936 3897 centum
968 3843 1083 3898 fere
1113 3849 1169 3899 et
1199 3848 1605 3917 quadraginta,
1647 3865 1680 3903 a
1729 3851 1915 3920 primo
1965 3854 2082 3908 sci-

440 3929 574 3985 licet
613 3929 976 3985 Constantini
1037 3935 1223 4003 Magni
1273 3952 1445 4002 anno,
1479 3953 1610 3992 cum
1643 3937 1694 3993 is
1749 3940 1938 3995 Caesar
1993 3947 2082 3997 est

442 4019 828 4089 renuntiatus,
855 4039 1038 4093 usque
1082 4025 1150 4078 ad
1200 4025 1492 4081 decimum
1539 4030 1853 4100 septimum
1893 4032 2082 4088 Theo-

441 4106 589 4161 dosii
647 4107 906 4164 Junioris
980 4128 1216 4167 annum.
1285 4114 1562 4186 Deinceps
1620 4133 1789 4186 porro
1848 4124 1905 4174 et
1956 4120 2081 4192 ipse

437 4197 716 4268 Evagrius
771 4207 999 4272 tempus
1078 4203 1450 4272 prosequitur
1511 4221 1800 4262 annorum
1853 4209 2083 4264 circiter

437 4293 666 4341 centum
708 4291 764 4342 et
795 4288 1181 4359 quadraginta
1209 4310 1220 4345 :
1257 4297 1319 4347 ut
1351 4293 1590 4350 historia
1615 4313 1647 4350 a
1680 4297 1905 4353 Christo
1948 4304 2080 4355 nato

435 4375 646 4442 omnis,
681 4392 854 4447 quam
885 4377 923 4432 ii
957 4395 1103 4449 quos
1146 4383 1576 4440 nominavimus
1628 4386 1882 4443 historici
1945 4405 2083 4445 con-

435 4463 817 4536 scripserunt,
847 4468 1102 4523 simulet
1123 4472 1368 4526 seorsim
1404 4490 1513 4528 non
1559 4475 1754 4531 minus
1803 4480 2082 4550 temporis

436 4570 614 4624 quam
647 4557 1118 4628 sexingentorum
1163 4578 1447 4617 annorum
1497 4565 1936 4637 complectatur.
1971 4571 2081 4624 Eo—

2201 1981 2303 2032 μου
2335 1979 2393 2013 τε
2421 1959 2510 2012 καὶ
2561 1957 2799 2033 Πρίσκου
2845 1957 2934 2012 καὶ
2968 1958 3242 2026 Ἰωάννου,
3275 1957 3593 2030 Προκοπίου
3637 1978 3695 2012 τε
3743 1961 3840 2010 τοῦ

2197 2047 2527 2122 Καισαρέως,
2576 2043 2653 2102 ἔτι
2694 2045 2751 2102 δὲ
2799 2049 2888 2101 καὶ
2934 2045 3204 2121 ’Δγαθίου,
3245 2051 3354 2101 τῶν
3412 2047 3546 2101 κατὰ
3601 2048 3700 2114 τήν
3729 2051 3839 2100 τῶν

2195 2139 2409 2211 χρόνων
2440 2136 2657 2192 ἐκείνων
2699 2134 2964 2211 διαδοχὴν
2998 2136 3268 2212 ῥητόρων,
3294 2136 3383 2191 καὶ
3414 2137 3612 2209 ἑτέρων
3648 2134 3835 2189 ἄλλων

2193 2227 2290 2280 οὑκ
2332 2226 2568 2301 ἀγεννῶν
2622 2226 2988 2303 συγγραφέων,
3030 2227 3123 2286 τὰς
3183 2226 3315 2288 ὕλας
3376 2229 3474 2290 τῆς
3532 2225 3842 2287 ὑποθέσεως

2190 2317 2672 2390 ποριζόμενος.οἳ
2724 2313 2790 2384 δὴ
2841 2315 3030 2377 πάντες
3082 2316 3229 2368 οὗτοι
3279 2313 3464 2369 πολλά
3509 2318 3706 2369 τετῶν
3761 2316 3838 2384 μή

2189 2405 2412 2479 καιρίων
2461 2405 2848 2481 ἀναγράφουσι,
2915 2406 3001 2459 καὶ
3061 2409 3168 2458 τῶν
3241 2404 3543 2478 ἀναγκαίων
3624 2401 3683 2457 δὲ
3743 2403 3842 2458 οὐκ

2191 2495 2353 2570 ὀλίγα
2397 2494 2935 2569 παραλιμπάνουσιν,
2968 2495 3059 2548 εἴθ’
3113 2495 3320 2554 ἑκόντες
3366 2497 3526 2548 τοῦτο
3576 2493 3841 2554 παθόντες

2188 2591 2268 2656 τῷ
2315 2587 2670 2658 προσπαθεῖν,
2724 2585 2830 2639 εἶ’τε
2877 2589 2954 2656 τῷ
3005 2586 3078 2656 μὴ
3131 2590 3289 2637 πᾶσιν
3345 2580 3617 2660 ἐφικέσθαι
3665 2580 3840 2652 δυνη-

2191 2677 2365 2743 θῆναι,
2402 2671 2507 2728 δέει
2559 2672 2625 2742 δή
2683 2695 2790 2727 τινι
2848 2676 2934 2727 καί
2986 2672 3328 2746 ἀνελευθερίᾳ
3368 2673 3710 2746 πραγμάτων
3742 2694 3842 2727 πε-

2192 2765 2563 2838 ρισχεθέντες·
2616 2764 2703 2818 καὶ
2760 2767 2839 2833 τῷ
2900 2764 2974 2834 μή
3035 2760 3246 2836 θαρῥεῖν
3309 2760 3440 2824 ἴσως
3491 2765 3607 2821 τοῖς
3649 2760 3841 2823 καλῶς

2192 2850 2540 2930 δεδογμένοις
2623 2847 2999 2922 ἐνδιατρίϐειν,
3059 2849 3240 2925 ὥσπερ
3323 2855 3415 2904 νῦν
3485 2850 3560 2911 εἷς
3627 2850 3839 2913 πλάτος

2191 2944 2332 2997 οὕτω
2362 2950 2460 3011 τῆς
2489 2941 2817 3011 Ἐκκλησίας
2849 2939 3390 3014 παρρησιαζομένης,
3422 2941 3553 3014 ὅπερ
3593 2944 3663 3012 τῇ
3697 2962 3833 3014 παρ-

2191 3034 2322 3105 ούσῃ
2371 3030 2518 3103 μάλα
2584 3032 2930 3104 πραγματείᾳ
2986 3028 3363 3098 σπουδάζεται.
3427 3025 3684 3088 Εὑσέϐιος
3734 3031 3826 3099 μὲν

2190 3124 2290 3195 γὰρ
2348 3121 2669 3194 τριακοσίων
2719 3121 2807 3174 καὶ
2873 3122 3064 3193 μικρόν
3125 3141 3176 3172 τι
3241 3120 3376 3190 πρὸς
3428 3119 3560 3172 ἐτῶν
3606 3118 3822 3192 ἀριθμὸν

2191 3213 2584 3286 ἀναγράφεται·
2620 3212 2669 3265 οἱ
2711 3207 2766 3263 δὲ
2813 3211 2934 3284 περὶ
2988 3211 3282 3282 Σωκράτην
3335 3209 3424 3262 καὶ
3476 3205 3826 3281 Θεοδώρητον

2188 3302 2374 3356 ἑκατόν
2409 3323 2511 3355 που
2543 3303 2631 3356 καὶ
2671 3302 3067 3374 τεσσαράκοντα
3119 3299 3224 3352 ἀπὸ
3272 3303 3369 3352 τοῦ
3417 3299 3639 3371 πρώτου
3681 3292 3832 3358 ἔτους

2189 3394 2286 3460 τῆς
2315 3395 2411 3445 τοῦ
2454 3391 2693 3465 μεγάλου
2744 3390 3156 3444 Κωνσταντίνου
3205 3387 3625 3464 ἀναγορεύσεως,
3660 3385 3837 3456 δηλα-

2191 3481 2258 3550 δή
2314 3481 2419 3543 ἕως
2477 3479 2931 3536 ἑπτακαιδεκάτου
2980 3474 3131 3541 ἔτους
3189 3482 3286 3533 τοῦ
3343 3478 3464 3533 νέου
3522 3475 3836 3534 Θεοδοσίου.

2189 3579 2310 3634 Τοῖς
2355 3570 2402 3626 δ’
2457 3571 2648 3648 ἐφεξῆς
2715 3570 2977 3644 Εὑάγριος
3038 3567 3226 3623 δίεισιν
3295 3568 3421 3622 ὡσεὶ
3490 3568 3691 3642 χρόνον
3742 3568 3832 3620 καὶ

2192 3663 2351 3724 αὑτὸς
2381 3661 2512 3718 ἐτῶν
2553 3663 2737 3717 ἑκατὸν
2788 3662 3220 3735 τεσσαράκοντα·
3268 3660 3341 3720 ὡς
3391 3659 3526 3714 εἶναι
3572 3661 3671 3727 τὴν
3727 3657 3834 3710 ἀπὸ

2192 3756 2423 3827 Χριστοῦ
2470 3751 2709 3826 ἱστορίαν
2755 3755 2927 3805 πᾶσαν
2965 3751 3026 3818 ἣν
3065 3751 3116 3804 οἱ
3164 3749 3555 3823 προειρημένοι
3588 3767 3834 3822 συγγρα-

2191 3848 2306 3921 φεῖς
2357 3841 2719 3914 ἀνεγράψαντο
2780 3839 2889 3910 ἰδία
2944 3861 3001 3895 τε
3057 3841 3145 3894 καὶ
3203 3843 3419 3905 κοινῶς,
3464 3837 3662 3911 χρόνον
3723 3834 3836 3909 οὐχ

2188 3936 2348 4001 ἦττον
2490 3931 2777 4002 ἑξακοσίων
2836 3929 2990 3984 ἐτῶν.
3042 3933 3159 3984 Τῶν
3216 3925 3273 3982 δὲ
3326 3927 3550 3997 καθεξῆς
3607 3924 3798 4003 χρόνω

2188 4024 2282 4084 τὰς
2339 4023 2486 4096 ἱερὰς
2541 4023 2754 4094 πράξεις
2813 4019 2945 4098 ἄχρι
3005 4017 3070 4088 δὴ
3131 4020 3220 4073 καὶ
3277 4018 3328 4078 ές
3397 4014 3575 4090 δεῦρο,
3631 4015 3830 4088 καίπερ

2189 4111 2402 4173 πολλὰς
2451 4111 2539 4164 καὶ
2595 4110 2827 4183 μεγάλας
2876 4109 3036 4172 οῧσας
3083 4108 3172 4163 καὶ
3213 4105 3323 4185 οὑχ
3349 4109 3509 4175 ἦττον
3542 4104 3576 4173 ἢ
3609 4103 3831 4171 ἐκεῖναι,

2191 4200 2368 4257 οὐδενί
2416 4225 2502 4258 πω
2546 4208 2653 4257 τῶν
2703 4201 2758 4256 εὖ
2808 4203 3040 4275 ἱστορεῖν
3090 4197 3313 4254 εἰδότων
3356 4198 3429 4259 εἷς
3461 4201 3586 4251 νοῦν
3621 4194 3830 4271 ἐγένετο

2194 4299 2291 4365 μιᾷ
2344 4297 2651 4369 περιγραφῇ
2729 4293 3018 4361 συντάξεως
3092 4289 3294 4351 ἐκείνας
3355 4308 3411 4341 τε
3467 4287 3554 4341 καὶ
3629 4284 3830 4346 ταύτας

2192 4383 2275 4459 ὑφ’
2304 4383 2359 4437 ἓν
2409 4381 2957 4457 πραγματεύσασθαι·
3010 4377 3107 4433 οὐκ
3157 4376 3275 4432 οἶδα
3325 4376 3431 4431 εἷ’τε
3463 4373 3707 4451 ῥᾳστώνῃ
3756 4371 3827 4443 δή

2189 4497 2289 4530 τινι
2331 4471 2724 4546 παραλιπόντες
2751 4478 2851 4540 τῆς
2881 4470 3112 4546 φύσεως,
3146 4467 3250 4522 εἴτε
3298 4468 3388 4520 καὶ
3437 4466 3571 4536 πρὸς
3614 4465 3674 4518 τὸ
3729 4465 3832 4536 μέ-

2187 4567 2340 4640 γεθος
2390 4571 2488 4631 τῆς
2541 4562 2845 4622 ὑποθέσεως
2893 4560 3309 4628 ἀποκνήσαντες.
3355 4556 3450 4610 Καί
3508 4575 3569 4629 γε
3618 4552 3682 4622 δὴ
3733 4554 3831 4608 τὸν

437 4658 565 4698 rum
593 4648 787 4699 autem
817 4663 941 4716 quae
973 4652 1176 4719 postea
1206 4651 1520 4708 subsecuta
1559 4660 1698 4710 sunt
1747 4659 2076 4729 temporum

2190 4639 2398 4729 χρόνων
2429 4652 2518 4707 καὶ
2561 4656 2665 4706 τῶν
2710 4651 2952 4725 πράξεων
3002 4650 3065 4702 ἒκ
3104 4651 3198 4702 τοῦ
3242 4648 3582 4720 παρήκοντος
3634 4640 3834 4715 ἐβριμ-

436 4747 527 4787 res
577 4733 1018 4805 ecclesiasticas,
1065 4738 1134 4792 ad
1211 4739 1361 4796 hanc
1405 4759 1591 4814 usque
1649 4749 1901 4814 aetatem,
1948 4765 2080 4804 cum

436 4837 540 4877 nsc
573 4823 897 4894 pauciores,
930 4842 1033 4881 nec
1065 4827 1314 4884 minores
1349 4848 1520 4901 quam
1567 4833 1676 4888 illas
1725 4842 1939 4903 essent,
1992 4854 2083 4893 ne-

437 4908 579 4964 mini
606 4912 704 4967 uni
731 4928 931 4968 eorum
966 4915 1064 4985 qui
1097 4915 1402 4973 historiam
1437 4921 1690 4977 scribere
1741 4930 2077 4996 potuerunt,

433 5000 492 5053 in
526 5005 780 5057 mentem
815 5004 992 5070 venit,
1029 5006 1200 5062 unius
1231 5009 1421 5079 operis
1473 5012 1762 5069 volumine
1813 5015 1903 5084 his
1946 5033 2078 5072 cum

432 5087 547 5145 illis
576 5093 922 5163 coniunctis,
974 5097 1276 5168 complecti
1319 5103 1488 5168 atque
1538 5104 2029 5175 comprehendere
2064 5125 2075 5162 :

433 5178 627 5234 nescio
661 5183 1001 5240 socordiane
1027 5190 1085 5241 et
1116 5186 1516 5244 imbecillitate
1548 5191 1761 5263 ingenii
1795 5211 1915 5249 rem
1953 5199 2079 5250 tan-

431 5271 548 5322 tam
591 5271 904 5340 omittenti,
955 5291 1025 5329 an
1086 5291 1119 5330 a
1171 5278 1571 5348 magnitudine
1618 5286 1672 5336 et
1733 5283 2080 5340 difficultate

431 5361 758 5428 argumenti
807 5362 1166 5420 abhorrenti.
1221 5368 1446 5439 Quippe
1513 5378 1838 5441 temporum
1901 5374 2076 5429 simul

433 5462 744 5519 rerumque
793 5449 1052 5507 historiis
1110 5455 1355 5526 carptim
1396 5461 1452 5512 et
1508 5458 1690 5514 obiter
1747 5461 1806 5515 in
1859 5464 2078 5518 multos

431 5534 736 5608 variosque
766 5539 1075 5610 scriptores
1115 5547 1172 5598 et
1219 5543 1511 5601 volumina
1560 5548 1857 5620 conjectis,
1895 5552 2080 5607 ardua

432 5628 490 5681 et
511 5623 763 5682 difﬁcilis
792 5643 992 5684 earum
1045 5636 1134 5688 est
1190 5633 1443 5704 cognitio
1492 5640 1549 5689 et
1590 5640 1888 5706 memoria,
1951 5639 2076 5696 aliis

431 5712 651 5772 scilicet
708 5714 820 5772 alio
882 5716 1005 5777 loco
1063 5721 1237 5777 rebus
1296 5721 1672 5781 multifariam
1719 5732 1776 5783 et
1821 5729 2075 5799 sparsim

2194 4743 2360 4816 μένων
2411 4740 2462 4796 ἓν
2523 4739 2760 4801 πολλοῖς
2821 4739 2910 4793 καὶ
2974 4735 3254 4813 διαφόροις
3313 4736 3667 4808 συγγραφεῶι
3735 4731 3833 4784 καὶ

2187 4832 2604 4907 πραγματείαις,
2664 4828 2936 4903 δυσχερὴς
3011 4826 3207 4899 ἒσάγαν
3283 4823 3369 4879 καὶ
3430 4820 3742 4891 δύσληπτος
3790 4823 3830 4889 ἡ

2191 4925 2377 4994 μνήμη
2434 4925 2540 4976 τῶν
2589 4918 2966 4996 γεγενημένων
3013 4915 3322 4981 καθίστατο,
3357 4910 3534 4982 ἄλλης
3567 4909 3834 4983 ἀλλαχοῦ

2188 5009 2578 5084 διεσπαρμένης
2666 5005 3008 5084 ἀμωσγέπως
3101 5009 3207 5059 τῶν
3294 5000 3556 5074 πράξεων.
3633 5002 3830 5084 Ἡμεῖς

2185 5083 2550 5170 τοίνυνπόνῳ
2581 5096 2778 5169 πολλῴ
2809 5097 2898 5151 καὶ
2935 5097 3123 5174 χρόνῳ
3153 5095 3251 5162 τὴν
3285 5091 3364 5164 ἐφ’
3397 5090 3604 5160 ἑκάστῳ
3653 5083 3835 5140 διάθε·

2187 5211 2265 5243 σιν
2316 5189 2670 5260 ἐξετάσαντες,
2731 5185 2839 5242 δεῖν
2885 5186 3148 5257 ᾠήθημεν
3197 5180 3444 5237 ὑπόθεσιν
3498 5177 3619 5250 μίαν
3669 5175 3834 5228 ἱστο-

2187 5280 2341 5352 ρικῆν
2400 5283 2498 5345 τῆς
2557 5275 2795 5332 καθόλου
2842 5271 3161 5339 Ἐκκλησίας
3225 5271 3312 5346 ὑφ’
3357 5265 3834 5366 ὁδηγοῦντιυθεῷ

2185 5366 2696 5442 πραγματεόασθαι-
2744 5364 2832 5418 καὶ
2873 5368 3062 5438 πρῶτα
3095 5363 3188 5434 μὲν
3235 5359 3299 5413 τὰ
3348 5360 3453 5411 τῶν
3505 5355 3610 5428 πρὸ
3659 5353 3830 5423 ἡμων

2189 5455 2314 5527 ἰδίᾳ,
2351 5454 2423 5516 ὥς
2465 5456 2516 5530 γ’
2568 5455 2706 5524 ἐνὸν,
2741 5458 2930 5530 φράσει
2977 5450 3066 5506 καὶ
3123 5443 3827 5543 συντετμημένηπειράσοὶ

2189 5567 2283 5618 μαι
2324 5542 2576 5612 διελθεῖν,
2610 5544 2670 5597 τό
2701 5540 3036 5617 τεπεριττὸν
3066 5538 3153 5594 καὶ
3184 5542 3261 5610 τῷ
3291 5533 3475 5614 χρόνῳ
3508 5530 3716 5586 εἰκαῖον
3752 5548 3825 5598 τῃ

2185 5637 2432 5690 ὑποθέσει
2499 5632 2654 5704 δόξαν
2729 5631 3086 5707 παραλιπεῖν·
3149 5627 3211 5681 τὸ
3269 5623 3315 5680 δ’
3371 5623 3677 5725 ἀναγκαῖοέ⁹
3719 5624 3822 5684 τῆς

2184 5727 2386 5788 εννοίας
2435 5725 2571 5781 κατὰ
2618 5724 2806 5799 χώραν
2869 5726 3037 5796 μένειν
3089 5717 3277 5773 ἐᾶσαι·
3321 5715 3410 5769 καὶ
3461 5712 3526 5767 τὰ
3572 5709 3823 5764 ἐνδέοντα
