4096 6284
268 360 382 421 609

263 495 677 567 προσεπιθεῖναι
733 498 847 555 τοῖς
908 492 1124 549 ἓκείνων
1184 493 1596 569 συγγράμμασιν
1631 513 1646 528 ·

264 578 493 641 ’ἕκαστος
552 579 815 656 ἀναγκαῖα
870 586 978 637 τῶν
1036 581 1223 638 ἄλλων
1283 581 1701 656 παραλιπόντων
1761 582 1915 637 ἱστό-

268 690 423 742 ρησε.
496 676 575 742 τῷ
640 672 1021 747 συγγράμματι
1075 672 1325 748 ὲξυφῆναι
1373 692 1385 703 ·
1444 673 1542 733 τάς
1586 673 1634 726 τ’
1700 671 1915 727 ἐκείνων

265 758 565 836 διαφωνίας
593 763 729 833 πρὸς
760 762 821 815 τὸ
874 760 1058 834 χρόνῳ
1106 764 1376 831 κρατῆσαν
1423 757 1545 822 ἔθος
1578 766 1647 835 τῇ
1679 762 1915 831 Ἐκκλη-

266 851 355 922 σία
416 849 758 920 διευθετῆσαί
812 874 871 907 τε
926 854 1014 906 καὶ
1074 852 1354 927 ῥυθμίσαι,
1424 851 1550 907 ὅσον
1616 853 1769 907 νόθον
1825 853 1914 907 καὶ

263 936 539 1010 κίϐδηλον
575 938 969 1014 διωθούμενον,
1001 938 1224 1015 γλώττη
1259 939 1317 996 δὲ
1345 945 1652 1016 περιτράνῳ
1672 943 1734 995 τὸ
1754 942 1912 1015 ὀρθὸν

263 1048 320 1081 τε
364 1027 458 1081 καὶ
509 1027 654 1103 ὑγιὲς
703 1035 804 1096 τῆς
861 1029 1094 1091 πίστεως
1168 1028 1678 1103 παρρησιαζόμενον
1722 1047 1734 1060 ·
1807 1028 1917 1081 εἶτα

263 1113 353 1168 καὶ
388 1113 491 1167 ὅσα
519 1118 596 1183 τῷ
625 1114 761 1186 μετὰ
809 1119 975 1169 ταῦτα
1026 1113 1456 1188 παραλέλειπται
1487 1115 1693 1188 χρόνῳ,
1743 1132 1915 1188 προσ-

263 1204 438 1257 θεῖναι
511 1201 660 1274 μάλα
729 1203 1012 1276 βιάσομαι,
1097 1205 1287 1276 μικρὸν
1371 1204 1571 1257 ἄνωθεν
1638 1206 1735 1257 τοῦ
1800 1203 1916 1255 καθ’

261 1294 416 1363 ἡμᾶς
462 1290 591 1365 βίου
638 1292 736 1359 τὴν
784 1291 1020 1359 ἱστορίαν
1074 1290 1429 1366 διαπεραίνων
1459 1313 1471 1325 ·
1506 1292 1540 1360 ἢ
1592 1288 1683 1361 δὴ,
1734 1290 1808 1352 ὥς
1855 1311 1916 1365 γε

264 1382 451 1452 οἶμαι,
511 1386 603 1434 καῖ
665 1378 812 1451 μάλα
868 1380 1098 1436 πλεῖστα
1157 1382 1252 1452 μὲν
1307 1380 1590 1456 ὠφελῆσαι
1658 1378 1913 1449 δυνηθείη

264 1470 396 1531 τοὺς
429 1470 876 1545 ἐτι-τυγχάνοντας,
911 1469 1178 1546 ἐλάχιστα
1209 1468 1256 1526 δ’
1286 1470 1582 1545 ἐνοχλήσει
1627 1476 1743 1532 τοῖς
1792 1470 1915 1543 περὶ

266 1560 437 1627 αὐτὴν
473 1558 760 1632 ἑλομένοις
807 1558 952 1633 ἔχειν
1004 1555 1307 1635 διατριϐήν.
1361 1562 1597 1631 Ἐξέσται
1640 1562 1743 1635 γὰρ
1792 1560 1913 1613 ἑκά-

266 1670 381 1721 στῳ
436 1649 642 1719 ταύτης
702 1650 776 1711 ὡς
840 1648 898 1704 ἐκ
969 1649 1216 1723 μεγάλης
1277 1658 1455 1724 πηγῆς
1510 1651 1572 1704 τὸ
1637 1652 1915 1724 χρήσιμον

266 1739 408 1793 ἅπαν
438 1738 719 1813 ἀρύεσθαι.
765 1736 1096 1812 Συνοίδαμεν
1126 1740 1226 1815 γάρ
1266 1760 1382 1800 πως
1430 1740 1507 1811 μὴ
1558 1737 1747 1813 ῥᾴδιον
1781 1739 1915 1792 εἶναι

264 1826 545 1902 σποράδας
595 1827 758 1890 οῧσας
813 1834 922 1883 τῶν
978 1828 1248 1883 τοσούτων
1296 1830 1639 1905 ξυγγραφέων
1687 1830 1779 1889 τὰς
1832 1827 1912 1902 βία

263 1913 438 1977 ὅλους
509 1917 809 1989 εὐπορῆσαι
865 1939 1004 1983 τινα,
1062 1920 1160 1983 τήν
1220 1918 1366 1991 ἱερὰν
1431 1917 1671 1990 ἱστορίαν
1739 1921 1908 1970 πᾶσαν

261 2008 607 2079 πειρώμενον
676 2003 1060 2081 διεξέρχεσθαι.
1116 2008 1336 2061 Ἔπειτα
1384 2008 1472 2060 καὶ
1528 2008 1588 2060 τὸ
1650 2004 1906 2082 διάφορον

258 2102 360 2165 τῆς
395 2097 671 2169 φράσεως,
702 2098 837 2168 πρὸς
890 2096 948 2149 δὲ
994 2096 1083 2150 καὶ
1113 2097 1176 2150 τὸ
1215 2095 1431 2163 πλῆθος
1478 2101 1587 2151 τῶν
1637 2117 1911 2172 συγγραμ-

266 2187 477 2257 μάτων,
540 2182 854 2262 δυσέφικτον
928 2186 1063 2239 πάνυ
1140 2185 1230 2239 καὶ
1301 2183 1747 2254 δυσκατάληπτον
1813 2187 1910 2253 τήν

264 2273 544 2346 ἀνάληψιν
603 2272 775 2327 ἐποίει
825 2278 931 2327 τῶν
997 2275 1257 2347 πράξεων.
1319 2280 1387 2328 ’Ἢ
1442 2295 1502 2349 γε
1561 2277 1669 2347 μὴν
1724 2275 1775 2329 ἐν
1818 2279 1915 2348 μιᾷ

269 2365 569 2433 συντάξεως
640 2368 946 2440 περιγραφῇ
1020 2362 1390 2439 πραγματεία,
1467 2364 1529 2418 τὸ
1604 2362 1910 2437 ἐρῥωμένον

270 2453 346 2531 ἐφ’
416 2452 584 2507 ἅπασι
644 2447 1067 2525 προϐαλλομένη
1132 2457 1236 2506 τῶν
1299 2450 1625 2525 διηγήσεων,
1703 2451 1763 2506 ἐκ
1819 2457 1915 2507 τοῦ

274 2544 472 2616 ῥᾴστου
500 2548 618 2603 τοῖς
672 2542 1031 2616 βουλομένοις
1079 2543 1304 2613 ἑτοίμην
1354 2543 1447 2615 μὲν
1488 2541 1782 2617 παρέχεται
1813 2544 1914 2611 τὴν

277 2631 578 2704 ἀνάγνωσιν
604 2649 620 2665 ο
662 2632 762 2698 τήν
800 2628 857 2685 δὲ
905 2632 1238 2704 κατάληψιν,
1280 2630 1336 2686 εὖ
1389 2631 1538 2704 μάλα
1578 2631 1912 2707 ἐφεπομένην

281 2722 375 2787 τῆς
402 2723 644 2794 φράσεως
688 2725 768 2790 τῷ
810 2725 1012 2792 ταυτῷ,
1063 2721 1177 2775 οἷόν
1227 2742 1341 2774 τινα
1388 2723 1564 2794 σειρὰν
1597 2726 1756 2775 πᾶσιν
1789 2722 1915 2797 ἐφε-

291 2808 381 2876 ξῆς
422 2808 815 2881 ἁρμοζομένην,
871 2809 1186 2880 θαυμασίως
1234 2829 1290 2863 τε
1339 2807 1775 2881 ἑπιπλεκομένην
1824 2810 1914 2863 καὶ

293 2892 685 2970 διανρέχουσαν,
745 2901 1014 2952 Τοσοῦτον
1076 2895 1122 2951 δ’
1190 2898 1470 2972 ὑπερέχειν
1526 2895 1696 2972 ἔγωγε
1758 2901 1913 2970 οἶμαι

284 2987 475 3057 ταύτην
520 2992 631 3042 τῶν
679 2985 884 3055 ἄλλων,
936 2986 1048 3059 ὅσῳ
1093 2989 1513 3062 χρησιμώτερον
1559 2989 1620 3042 τὸ
1668 2994 1768 3042 πᾶν
1816 2994 1912 3043 τοῦ

277 3075 492 3149 μέρους,
552 3078 641 3131 καὶ
698 3082 794 3132 τοῦ
854 3074 1186 3151 διῃρημένου
1235 3078 1296 3133 τὸ
1343 3078 1590 3155 συνεχές.
1650 3078 1805 3132 Οὕτω
1856 3075 1913 3132 δὲ

271 3167 706 3241 χρησιμωτάτης
784 3165 950 3236 οὔσης
1023 3173 1122 3235 τῆς
1180 3166 1508 3234 ὑποθέσεως,
1575 3170 1736 3239 ἡμεῖς
1804 3167 1913 3241 οὐχ

263 3256 483 3320 ἁπλῶς,
516 3255 661 3310 ἀλλὰ
690 3255 779 3309 καὶ
822 3255 973 3327 πόνῳ
1009 3253 1148 3324 δῆτα
1195 3256 1395 3327 πολλῷ
1440 3256 1640 3325 ταύτην
1690 3258 1906 3311 συνελε-

260 3344 492 3417 ξάμεθα,
521 3348 602 3414 τῷ
635 3342 864 3418 μεγάλῳ
894 3349 999 3417 νεῷ
1028 3351 1126 3412 τῆς
1169 3350 1269 3398 τοῦ
1310 3348 1444 3399 Θεοῦ
1494 3343 1673 3419 Λόγου
1708 3345 1907 3420 Σοφίας

258 3434 397 3505 ἐξέτι
451 3435 574 3489 νέου
623 3436 822 3496 ἱκανῶς
873 3433 1318 3509 παρεδρεύοντες,
1357 3435 1445 3490 καῖ
1499 3435 1556 3490 ἐκ
1611 3440 1719 3490 τῶν
1765 3436 1909 3507 παρὰ

254 3525 468 3593 ταύτης
529 3524 940 3597 ὑπομνημάτων
996 3525 1064 3580 τοὶ
1137 3523 1315 3579 πλείω
1400 3525 1788 3600 ἐρανιζόμενοι.
1848 3526 1906 3579 Τί

256 3614 362 3688 γὰρ
423 3611 487 3666 ἂν
549 3613 684 3685 αὐτῇ
744 3615 1134 3691 χαρισαίμεθα,
1200 3612 1431 3668 πολλῶν
1489 3614 1578 3668 καὶ
1640 3612 1908 3688 μεγίστων

256 3705 400 3775 ἡμῖν
449 3699 697 3775 δαψιλῶς
748 3700 1056 3776 μεταδοόσῃ
1090 3707 1369 3777 χρηστῶν,
1420 3702 1509 3757 καὶ
1547 3706 1644 3758 τοῦ
1674 3723 1736 3778 γε
1774 3702 1910 3757 κάλ-

257 3789 396 3853 λους
427 3789 595 3858 αὐτῆς
628 3790 885 3867 έντρυφᾷν
915 3790 1123 3864 ἀνείσῃ,
1163 3791 1253 3846 καὶ
1294 3789 1499 3846 δίαιταν
1544 3789 1600 3845 δὲ
1647 3791 1736 3845 καὶ
1778 3811 1908 3845 κατ-

254 3880 488 3953 αγωγήν
524 3878 575 3932 ἐν
607 3878 742 3952 αὐτῇ
794 3877 998 3950 πολλῷ
1026 3884 1104 3951 τῷ
1155 3882 1304 3953 μέσῳ
1349 3881 1535 3953 χρόνῳ
1589 3877 1909 3954 δωρησαμέ-

252 3992 348 4039 νη,
409 3969 604 4023 ὡσανεὶ
661 3970 749 4022 καὶ
810 3969 1194 4042 μαιευσαμένῃ,
1253 3970 1340 4024 καὶ
1389 3969 1443 4032 ἐς
1492 3967 1616 4024 τόδε
1691 3969 1911 4038 ἡλικίας

252 4059 410 4128 ἡμᾶς
443 4056 534 4110 καὶ
569 4058 735 4131 λόγου
767 4058 1180 4132 προαγαγούσῃ,
1211 4060 1245 4127 ἢ
1274 4058 1336 4112 τὸ
1367 4058 1433 4112 τὰ
1466 4056 1633 4125 αὐτῆς
1681 4057 1908 4122 ἅπαντα,

247 4143 377 4200 ’ἴσον
410 4143 459 4198 δ’
511 4145 679 4201 εἰπεῖν
729 4146 818 4201 καὶ
871 4144 938 4200 τὰ
985 4153 1086 4214 τῆς
1134 4148 1375 4201 καθόλου
1435 4145 1786 4217 Ἐκκλησίας,
1837 4146 1911 4206 ὡς

251 4233 375 4290 ἐνόν
408 4256 493 4309 γε⁹
542 4232 711 4310 ἄρδην
780 4231 1081 4302 διαλαϐεῖν,
1141 4237 1228 4291 καὶ
1280 4240 1394 4297 τοῖς
1450 4235 1806 4309 βουλομένοις
1858 4236 1909 4296 ἐς

255 4327 454 4393 κοινὴν
481 4326 763 4397 προθεῖναι
811 4325 1106 4397 ἀκρόασινς
1160 4324 1220 4379 οὐ
1272 4325 1516 4399 φράσεως
1550 4322 1735 4398 ὄγκον,
1786 4323 1913 4380 οὐδὲ

256 4414 445 4487 λόγων
506 4414 835 4487 κομψότητα
888 4415 1006 4487 περὶ
1068 4412 1329 4469 πλείστου
1401 4411 1467 4480 δὴ
1526 4414 1910 4485 ποιουμένους,

257 4501 390 4559 ἀλλ’
424 4500 617 4564 ἁπλῶς
652 4500 796 4557 οὕτω
826 4505 1008 4578 γυμνὰ
1036 4509 1152 4564 τοῖς
1183 4508 1310 4558 πᾶσι
1355 4504 1638 4577 προθεῖναι
1668 4503 1733 4557 τὰ
1778 4505 1915 4557 κατὰ

1297 358 1921 422 EGCLESIASTICE
1961 359 2351 425 HISTORIA!
2391 363 2538 423 LIB.
2586 363 2636 423 Ι.

1721 491 1820 548 ὅσα
1865 494 1911 548 θ’
1943 500 1993 565 Α
2027 496 2351 567 descriptis.
2419 498 2532 567 Ego
2595 513 2727 552 vero
2776 496 2971 552 labore
3026 500 3084 551 et
3136 499 3397 566 tempore
3457 496 3667 567 multo,

1944 1874 1991 1938 Β

3554 360 3673 422 610

2025 585 2324 641 affectione
2362 591 2418 640 et
2464 585 2753 640 sententia
2794 585 3082 656 cujusque
3111 584 3412 655 inquisita,
3446 585 3667 642 facien-

2023 676 2164 731 dum
2216 675 2358 731 mihi
2410 676 2624 746 putavi,
2675 679 2740 730 ut
2787 678 3195 746 argumentum
3247 680 3305 730 et
3361 676 3663 732 materiam

2024 781 2281 831 omnem,
2315 781 2488 821 unam
2534 764 2836 822 historiam
2885 764 3181 821 catholicae
3224 766 3491 822 Ecclesiae
3522 764 3672 821 mihi

2026 870 2426 927 proponerem,
2456 858 2532 920 et,
2566 854 2681 910 Deo
2730 854 2872 910 bene
2917 855 3177 924 juvante,
3227 871 3355 910 eam
3397 856 3454 909 in
3484 871 3666 912 unum

2025 960 2174 1014 opus
2206 944 2548 1015 redigerem.
2580 944 2653 999 Et
2677 944 2931 1014 primum
2963 960 3031 999 ea
3063 960 3194 1014 quas
3225 943 3296 998 ab
3330 944 3398 998 iis
3421 945 3665 1014 scripto-

2026 1031 2211 1099 ribus,
2239 1032 2335 1102 qui
2383 1036 2515 1087 ante
2565 1048 2669 1086 nos
2720 1031 2976 1096 fuerunt,
3022 1032 3230 1086 tradita
3278 1036 3437 1095 sunt,
3489 1031 3663 1105 stylo,

2025 1129 2310 1191 quantum
2344 1120 2466 1174 fieri
2498 1120 2726 1192 poterit,
2750 1124 2949 1175 nostro
2983 1119 3246 1191 persequi
3281 1120 3658 1176 conabimur:

2026 1216 2083 1266 at
2114 1212 2162 1265 si
2188 1210 2323 1280 quid
2358 1209 2722 1281 superﬂuum
2755 1214 2812 1263 et
2830 1210 3256 1279 vetustatejam
3282 1211 3665 1280 praesentibus

2024 1300 2387 1371 temporibus
2437 1308 2488 1354 el
2532 1298 2643 1370 ipsi
2696 1298 2945 1353 materias
2991 1298 3196 1354 inutile
3242 1300 3435 1355 visum
3471 1302 3666 1365 fuerit,

2025 1390 2081 1443 id
2107 1388 2604 1460 praetermittemus
2628 1404 2641 1442 :
2674 1405 2805 1459 quae
2824 1404 2956 1444 vero
2979 1388 3281 1444 sententias
3304 1396 3358 1443 et
3388 1388 3667 1444 doctrina:

2026 1479 2368 1533 necessaria:
2414 1483 2574 1544 sunt,
2629 1493 2726 1534 eas
2773 1494 2877 1533 suo
2925 1477 3050 1534 loco
3081 1477 3519 1533 collocabimus.
3554 1476 3658 1533 η

2022 1569 2302 1623 Praterea
2326 1584 2454 1638 quae
2484 1568 2683 1622 deesse
2708 1566 3127 1635 judicabimus,
3165 1567 3398 1637 scriptis
3430 1566 3661 1621 illorum

2023 1658 2303 1713 addemus
2338 1674 2350 1709 :
2385 1666 2438 1710 et
2468 1672 2835 1727 quascunque
2878 1656 3209 1727 cognitione
3253 1656 3432 1728 digna
3461 1672 3664 1711 eorum

2024 1747 2361 1817 quisquam,
2421 1746 2550 1801 aliis
2625 1744 3055 1810 omittentibus,
3123 1745 3447 1813 adnotavit,
3503 1744 3658 1816 operi

2024 1840 2224 1890 nostro
2251 1834 2596 1890 intsxsmus.
2630 1833 2909 1889 Dabimus
2952 1834 3127 1889 etiam
3157 1849 3409 1905 operam,
3442 1837 3507 1889 ut
3535 1834 3666 1889 dis-

2020 1927 2333 1982 sentientes
2390 1925 2626 1980 illorum
2689 1922 2992 1994 opiniones
3046 1925 3115 1979 ad
3177 1923 3663 1979 consuetudinem

2023 2013 2306 2080 Ecclesia,
2359 2030 2487 2084 quas
2537 2022 2863 2081 temporum
2918 2011 3347 2083 praescriptione
3394 2011 3661 2080 invaluit,

2022 2102 2343 2172 dirigamus
2375 2105 2549 2171 atque
2581 2101 3108 2156 accommodemus.
3149 2099 3442 2171 Quidquid
3475 2100 3662 2154 insin-

2021 2205 2214 2247 cerum
2263 2191 2773 2260 adulterinumque
2839 2190 3028 2254 fuerit,
3090 2189 3547 2259 repudiabimus,
3606 2193 3663 2245 et

2023 2295 2286 2335 sermone
2313 2279 2561 2349 simplici
2611 2287 2665 2333 et
2695 2282 2892 2347 aperto
2922 2282 3142 2333 rectam
3176 2294 3495 2348 sanamqus
3524 2278 3657 2334 fidei

2023 2370 2344 2425 doctrinam
2395 2384 2529 2425 cum
2602 2368 2862 2439 legitima
2918 2367 3182 2424 libertate
3238 2367 3658 2436 proﬁtebimur.

2025 2459 2304 2529 Deinceps
2333 2464 2391 2513 et
2417 2475 2484 2513 ea
2506 2474 2633 2529 quae
2663 2458 3156 2528 consequentibus
3180 2458 3466 2529 praeterita
3487 2459 3662 2512 omis-

2025 2566 2204 2619 saque
2235 2557 2372 2603 sunt
2419 2547 2800 2617 temporibus,
2843 2546 3095 2619 adjicere
3124 2546 3510 2614 studebimus,
3545 2563 3659 2601 non

2022 2639 2106 2693 ita
2139 2641 2305 2707 longe
2335 2642 2469 2693 ante
2490 2636 2679 2692 atatis
2709 2641 2919 2692 nostras
2950 2640 3179 2706 tempus
3202 2635 3456 2691 historias
3487 2635 3662 2690 ﬁnem

2022 2725 2373 2796 imposituri.
2408 2728 2486 2780 Ea
2534 2740 2689 2791 vero,
2736 2729 2798 2779 ut
2841 2724 3113 2796 equidem
3150 2729 3310 2793 puto,
3343 2722 3660 2794 plurimum

2024 2815 2338 2870 lectoribus
2371 2814 2648 2885 prodesse
2700 2813 2913 2885 poterit
2944 2829 2958 2867 :
3004 2812 3315 2867 minimum
3348 2820 3499 2867 certe
3531 2828 3667 2866 mo-

2023 2906 2201 2961 lestiae
2234 2919 2460 2958 versare
2490 2918 2616 2957 eam
2648 2902 2977 2957 volentibus
3024 2900 3241 2956 aﬂ‘eret.
3285 2899 3479 2955 Cuivis
3508 2900 3666 2955 enim

2023 3011 2094 3049 ex
2121 3010 2209 3058 ea,
2252 2999 2527 3063 tanquam
2576 3008 2643 3047 ex
2688 2994 2841 3047 fonte
2873 2991 3154 3055 uberiore,
3191 2992 3481 3061 ingentem
3514 2990 3669 3045 utili-

2024 3088 2202 3139 tatem
2264 3082 2497 3138 haurire
2555 3081 2768 3136 licebit.
2830 3080 2981 3136 Satis
3038 3080 3193 3135 enim
3239 3083 3485 3146 constat,
3531 3095 3666 3134 cum

2031 3171 2226 3243 plures
2265 3171 2384 3225 sint
2412 3170 2938 3226 ecclesiasticarum
2974 3166 3380 3224 historicorum
3413 3167 3667 3238 sparsim

1941 3234 1984 3300 ο
2022 3234 2220 3330 scripti
2281 3260 2432 3326 libri,
2495 3276 2609 3315 non
2668 3258 2833 3314 facile
2888 3272 3019 3313 esse
3068 3272 3164 3312 eos
3220 3234 3552 3327 comparare
3613 3261 3671 3312 et

2024 3352 2323 3422 consequi,
2365 3351 2417 3405 ei
2465 3351 2565 3420 qui
2609 3365 2837 3405 sacram
2868 3349 3175 3404 historiam
3208 3364 3441 3404 omnem
3474 3347 3665 3419 perle-

2017 3457 2152 3513 gere
2202 3446 2261 3496 et
2309 3455 2658 3509 cognoscere
2703 3440 2859 3495 velit.
2913 3438 3193 3493 Praeterea
3236 3437 3480 3492 varietas
3526 3436 3664 3507 styti

2017 3539 2072 3585 et
2101 3530 2470 3591 elocutionis,
2502 3533 2629 3582 tum
2653 3529 2826 3582 etiam
2860 3526 3139 3582 librorum
3175 3525 3510 3592 multitudo,
3543 3524 3667 3580 efﬁ-

2019 3620 2184 3674 ciunt
2215 3624 2279 3673 ut
2324 3618 2509 3671 ardua
2555 3617 2874 3671 admodum
2923 3620 2982 3669 st
3029 3613 3284 3670 difficilis
3335 3612 3667 3684 legentibus

2018 3708 2249 3764 eveniat
2299 3722 2490 3762 rerum
2546 3706 2818 3775 cognitio.
2875 3704 3033 3773 Opus
3104 3719 3229 3759 rero
3300 3706 3663 3774 perpetuum,

2022 3811 2253 3866 unoque
2283 3794 2591 3864 Scriptum
2624 3796 2896 3848 contextu
2921 3789 3334 3862 compositum,
3362 3805 3451 3845 res
3476 3793 3665 3845 certas

2021 3884 2406 3953 undequaque
2471 3880 2904 3936 narrationibus
2970 3880 3237 3933 dilucidis
3307 3894 3664 3933 commemo-

2019 3990 2175 4039 rans,
2206 3973 2428 4028 facilem
2459 3971 2730 4027 omnibus
2760 3976 2818 4025 et
2853 3973 3180 4040 promptam
3212 3968 3441 4025 exhibet
3465 3968 3632 4023 lectio
3652 4000 3664 4011 υ

2021 4077 2154 4118 nem
2202 4079 2214 4116 :
2273 4067 2329 4117 et
2386 4067 2616 4132 propter
2663 4059 2933 4115 eumdem
2986 4057 3331 4114 elocutionis
3380 4062 3663 4126 tenorem,

2018 4156 2474 4223 consequentem
2532 4165 2763 4221 quoque
2808 4164 3002 4205 rerum
3055 4149 3313 4219 ipsarum
3375 4147 3666 4219 cognitio-

2021 4258 2175 4308 nem,
2208 4247 2490 4312 tanquam
2524 4238 2834 4309 quamdam
2892 4242 3152 4295 catenam
3200 4238 3359 4293 omni
3402 4252 3472 4291 ex
3501 4241 3666 4306 parte

2020 4332 2220 4386 ordine
2251 4347 2357 4386 suo
2390 4337 2737 4401 coeptatam,
2764 4326 3227 4397 mirabiliterque
3256 4326 3409 4381 inter
3438 4341 3500 4382 se
3530 4340 3668 4381 con-

2023 4425 2258 4487 textam,
2309 4424 2367 4474 et
2410 4419 2588 4473 veluti
2637 4421 3096 4490 procurrentem.
3148 4415 3405 4483 Denique
3434 4417 3663 4469 tantum

2025 4513 2285 4563 nostram
2317 4507 2467 4562 hanc
2498 4506 2803 4561 historiam
2834 4504 2966 4558 aliis
2989 4517 3258 4575 praestare
3292 4507 3451 4574 puto,
3484 4517 3668 4572 quan-

257 4594 359 4654 τὰς
421 4589 717 4661 ἐκκλησίας
769 4576 1004 4667 ἔξαρχῆς
1056 4576 1669 4669 γεγενημέναίδιελθεῖν
1720 4612 1912 4665 πειρω-

2024 4602 2150 4651 tum
2184 4597 2329 4666 parti
2361 4602 2550 4651 totum
2584 4598 2842 4665 praestat,
2864 4604 2915 4648 et
2938 4591 3288 4662 interpolato
3319 4591 3663 4645 continuum

263 4681 487 4755 μένους,
543 4682 609 4735 τὰ
656 4685 785 4755 παρ’
838 4684 1084 4745 ἑκάστοις
1158 4682 1519 4757 ἱστορούμενα
1574 4683 1713 4738 κατὰ
1784 4683 1910 4743 τοὺς

262 4771 540 4845 ἀρχαίους
574 4772 830 4845 χρόνους,
864 4770 945 4848 ἐφ’
978 4773 1103 4826 ὅσον
1135 4774 1270 4843 ἡμῖν
1299 4774 1333 4840 ἡ
1365 4774 1489 4845 περὶ
1521 4771 1718 4845 λόγους
1751 4768 1910 4824 δύνα-

267 4871 364 4934 μις
404 4861 646 4935 εὐπορεῖ,
690 4859 875 4923 καλῶς
923 4862 1015 4916 καὶ
1070 4862 1145 4924 ὡς
1194 4868 1476 4935 προσῆκον
1504 4861 1593 4929 ἦν,
1643 4859 1915 4930 ἐξετάσαν-

264 4971 383 5014 τας.
414 4951 565 5005 Ἐπεὶ
618 4949 665 5003 δ’
712 4953 848 5021 ἡμῖν
896 4950 1146 5014 ὑπόθεσις
1193 4950 1353 5020 αὕτη,
1404 4949 1487 5005 δεῖ
1534 4947 1590 5005 δὲ
1635 4948 1913 5028 σαφρνείας

268 5042 434 5113 χάριν
464 5039 554 5093 καί
583 5060 699 5093 τινα
755 5041 877 5113 περὶ
934 5044 1033 5104 τῆς
1091 5039 1229 5109 ὅλης
1270 5038 1640 5114 πραγματείας
1687 5036 1916 5113 προδιο-

269 5129 451 5204 ρίσαι’
517 5129 711 5200 ἰστέον,
758 5130 834 5191 ὡς
892 5133 926 5199 ἡ
984 5131 1079 5202 μὲν
1149 5128 1343 5202 βίϐλος
1391 5135 1533 5185 πᾶσα
1590 5129 1665 5192 εἷς
1713 5130 1919 5201 τόμους

264 5221 402 5291 ἡμῖν
436 5215 694 5293 διῄρηται
733 5220 822 5287 ιη’.

2027 4701 2193 4756 opus.
2226 4685 2516 4754 Quidquid
2568 4689 2760 4738 autem
2810 4687 2900 4738 est
2926 4688 3043 4737 tam
3079 4680 3234 4736 utilis
3266 4680 3418 4743 libri,
3449 4679 3505 4732 id
3549 4694 3664 4733 non

2026 4775 2108 4828 ita
2154 4773 2342 4838 facile,
2397 4774 2497 4827 sed
2549 4774 2734 4827 multo
2785 4787 2924 4827 sane
2974 4786 3106 4826 cum
3141 4768 3355 4834 labore,
3391 4781 3521 4822 cum
3555 4770 3665 4820 ad-

2025 4865 2142 4919 huc
2189 4880 2222 4917 a
2262 4863 2339 4934 (ι)
2392 4861 2584 4930 pueris
2628 4862 2700 4916 ad
2746 4869 3061 4931 augustum
3106 4857 3295 4927 ipsius
3344 4857 3445 4911 Dei
3498 4854 3667 4910 Verbi

2027 4953 2336 5023 Sapientiae
2391 4953 2673 5022 templum
2724 4966 3011 5013 essemus,
3068 4952 3125 5003 et
3182 4946 3428 5015 plurima
3472 4960 3540 4998 ex
3584 4945 3668 4999 eis

2028 5058 2160 5112 quae
2189 5042 2267 5095 ibi
2301 5047 2460 5107 sunt,
2491 5039 2885 5096 voluminibus
2907 5044 2964 5093 et
2985 5035 3419 5090 commentariis
3452 5040 3670 5103 petere-

2028 5147 2161 5186 mus
2220 5130 2583 5201 collegimus.
2636 5130 2813 5192 Quam
2870 5142 3002 5181 vero
3051 5124 3220 5179 aliam
3284 5124 3391 5193 ipsi
3443 5126 3669 5177 internas

2028 5220 2335 5292 Sapientiae
2368 5221 2715 5275 referremus
2748 5218 3019 5287 gratiam,
3044 5231 3170 5285 quas
3195 5212 3448 5269 maxima
3469 5213 3527 5268 in
3561 5229 3669 5270 nos

265 5312 488 5385 prolixe
544 5313 789 5368 contulit
831 5312 1128 5379 beneﬁcia,
1178 5318 1234 5367 et
1283 5328 1386 5368 nos
1435 5311 1769 5368 ammnitate
1820 5310 2158 5382 deliciisque
2216 5312 2340 5365 suis
2388 5310 2610 5381 perfrui
2660 5312 2749 5364 est
2802 5322 2997 5378 passa,
3056 5302 3418 5359 domicilium
3479 5303 3556 5358 ibi
3612 5306 3669 5359 et

267 5405 635 5459 mansionem
694 5402 870 5460 mullo
914 5409 1174 5474 tempore
1230 5403 1401 5460 nobis
1448 5403 1736 5474 prabens,
1783 5401 1884 5458 88
1932 5407 1990 5458 et
2039 5402 2312 5474 pietatem
2361 5400 2525 5470 quasi
2576 5399 2883 5470 cujusdam
2943 5395 3275 5451 obstetricis
3320 5404 3373 5450 et
3422 5393 3669 5450 nutricis

340 5604 416 5676 (1)
468 5601 754 5677 Yolumen
813 5603 960 5657 istud
1016 5601 1374 5677 Nicephorus
1431 5601 1926 5677 Constantinopoli
1987 5603 2057 5658 ad
2118 5603 2403 5677 templum
2460 5604 2708 5674 Sophim,
2760 5602 2859 5657 ubi
2914 5600 3263 5658 bibliotheca
3310 5600 3560 5676 insignis
3607 5604 3664 5657 et

268 5674 691 5732 menacborum
730 5677 1072 5731 asceterium
1100 5675 1231 5742 fuit,
1265 5675 1612 5747 composuit.
