4096 6284
417 384 532 447 611
1704 386 1750 443 Ν
1760 383 2077 443 [ΟΕΡΗΟΕ

2197 377 2515 441 lALLISTI
3693 385 3810 444 612

422 526 728 591 praestans,
779 527 950 589 atque
999 519 1068 572 ad
1120 518 1173 572 id
1223 534 1324 573 nos
1368 520 1554 573 aetatis
1599 525 1655 572 et
1704 518 1993 584 profectus
2043 517 2349 577 deducens,
2408 528 2574 580 quam
2626 517 2692 567 ut
2744 528 2834 568 res
2883 513 3029 583 ejus,
3081 512 3322 570 fortasse
3372 517 3573 572 autem
3617 515 3814 572 dicen-

423 615 563 668 dum
619 611 908 665 catholicae
966 607 1254 672 Ecclesiae,
1306 624 1528 674 omnes,
1592 612 1876 678 quantum
1939 607 2061 661 fieri
2122 604 2321 676 possit,
2390 620 2505 658 uno
2576 601 2870 658 volumine
2935 604 3584 675 comprehenderemus,
3646 609 3702 660 et
3757 605 3816 660 id

421 701 652 773 publice
710 699 985 754 omnibus
1041 698 1099 751 in
1145 713 1509 753 communem
1571 714 1744 751 usum
1802 698 2084 751 utendum
2143 694 2560 750 collocaremus
2597 693 2624 748 7
2685 693 3028 749 elocutionis
3090 695 3332 763 pondus,
3395 697 3821 768 verborumque

420 795 756 847 ornamenta
786 789 982 842 minus
1013 792 1456 842 consectautes:
1500 788 1596 841 sed
1645 787 1904 841 oratione
1954 803 2118 855 pura,
2174 800 2266 840 res
2319 787 2565 854 apertas,
2609 788 2671 838 ut
2717 784 2787 838 ab
2839 783 3003 838 initio
3053 784 3112 839 in
3163 784 3421 840 ecclesiis
3452 793 3588 840 sunt
3618 792 3817 857 gestis,

423 880 606 936 cuivis
663 893 944 946 exponere
995 884 1289 932 conantes.
1349 877 1510 939 Quod
1570 881 1634 930 ut
1691 875 1874 930 facere
1933 891 2256 944 possemus,
2332 878 2614 943 quantum
2692 873 3037 928 eruditionis
3113 879 3321 928 nostris
3381 874 3628 929 tenuitas
3686 891 3822 946 per-

424 970 604 1033 misit,
641 984 775 1023 cum
816 984 952 1022 cura
1009 971 1067 1021 et
1114 967 1248 1036 ﬁde,
1300 983 1426 1036 quis
1475 967 1544 1020 de
1591 967 1763 1021 rebus
1811 970 2071 1021 veterum
2121 969 2451 1036 temporum
2503 964 2561 1018 in
2613 970 2998 1018 monumenta
3037 969 3170 1019 sunt
3223 964 3422 1033 relata,
3475 965 3824 1035 perquisivi-

423 1075 575 1115 mus.
607 1057 822 1112 Verum
854 1057 1144 1112 enimvero
1194 1071 1328 1110 cum
1375 1072 1440 1110 ea
1489 1056 1652 1110 nobis
1698 1057 1774 1109 sit
1821 1055 2118 1124 proposita
2167 1053 2459 1108 scribendi
2514 1053 2774 1118 materia,
2810 1058 2873 1108 ut
2904 1052 3216 1108 dilucidior
3247 1070 3335 1108 res
3365 1055 3557 1111 omnis
3587 1055 3710 1123 ﬁat,
3753 1058 3826 1110 de

421 1156 538 1203 toto
582 1163 753 1220 opere
803 1146 1271 1215 praemittendum
1323 1144 1534 1214 aliquid
1589 1144 1886 1198 duximus.
1938 1144 2253 1199 Sciendum
2304 1143 2519 1213 itaque,
2571 1147 2752 1197 totum
2805 1141 2913 1198 hoc
2962 1141 3230 1198 volumen
3280 1143 3454 1199 nobis
3511 1143 3570 1197 in
3621 1145 3824 1200 decem

423 1244 480 1294 et
511 1245 638 1292 octo
669 1243 858 1292 tomos
890 1252 1016 1291 esse
1048 1237 1320 1290 divisum.

495 1328 711 1383 Horum
781 1326 1006 1396 primus
1081 1341 1174 1379 res

424 1415 640 1472 Christi
662 1418 794 1471 Jesu
827 1415 1264 1485 complectetur,
1289 1423 1355 1469 ut
1386 1415 1609 1470 scilicet
1645 1416 1743 1469 ille
1772 1431 1804 1468 a
1836 1415 2064 1484 proprio

426 1505 636 1560 throno
664 1505 1027 1560 intransitive
1057 1505 1302 1568 excitus,
1339 1514 1571 1573 propter
1591 1503 2065 1571 incomparabilis

426 1595 703 1652 bonitatis
737 1593 1100 1648 ati'ectionem
1133 1597 1187 1646 et
1236 1592 1717 1657 misericordiam,
1761 1597 2066 1660 assumpta

423 1700 489 1738 ex
540 1682 720 1736 Maria
773 1681 998 1749 virgine
1060 1695 1254 1746 carne,
1321 1684 1376 1732 et
1431 1687 1653 1733 terreno
1704 1680 1834 1733 vitae
1890 1695 2065 1733 cursu

424 1788 602 1843 quam
648 1769 869 1840 optime
917 1769 1195 1836 confecto,
1243 1784 1343 1838 per
1385 1768 1699 1822 salutarem
1737 1767 2065 1836 passionem

423 1866 598 1929 atque
647 1864 918 1912 naturam
966 1873 1199 1912 omnem
1257 1862 1634 1926 superantem
1692 1856 2067 1912 resurrectio-

423 1965 579 2015 nem,
613 1949 680 2001 ad
718 1947 1026 2002 Paternum
1078 1962 1282 2000 rursus
1334 1945 1661 2000 ascenderit
1709 1945 1945 2010 solium,
1979 1961 2067 2000 re-

425 2035 803 2092 concilatione
834 2042 1033 2088 nostra
1063 2050 1168 2088 suo
1216 2034 1402 2102 ipsius
1439 2035 1589 2090 Patri
1615 2036 1870 2105 perfecta
1897 2040 2070 2104 atque

427 2126 722 2181 absoluta.

501 2213 801 2269 Secundus
851 2228 917 2267 ea
966 2229 1092 2283 quas
1148 2213 1218 2266 ad
1271 2213 1546 2282 Spiritum
1590 2217 1858 2267 sanetum
1892 2214 2067 2283 perti-

433 2310 573 2360 nent
626 2302 1094 2371 comprehendet.
1154 2303 1306 2366 Quas
1382 2302 1480 2356 ille
1549 2302 1768 2357 scilicet
1830 2319 1921 2357 res
1970 2319 2071 2373 per

429 2409 627 2450 saeros
672 2392 961 2461 apostolos
1012 2393 1338 2460 peregerit:
1383 2392 1711 2463 quibusque
1763 2391 1845 2445 illi
1896 2393 2068 2446 rebus

429 2482 628 2553 gestis,
660 2481 887 2552 qualem
920 2480 1093 2535 tinem
1146 2481 1274 2534 vitae
1321 2484 1567 2551 quisque
1603 2497 1802 2536 eorum
1836 2482 2067 2550 ceperit,

431 2575 804 2626 sacrosancta
852 2571 1018 2624 nobis
1074 2570 1288 2640 scripta
1346 2569 1758 2640 relinquentes.
1819 2572 1954 2632 Quae
2006 2587 2069 2624 ea

1249 1328 1441 1396 gestas
1501 1323 1818 1380 Servatoris
1876 1325 2059 1378 nostri
2089 1326 2138 1391 Α

2242 1321 2454 1374 Τούτων
2498 1321 2524 1374 ὁ
2587 1321 2678 1392 μὲν
2725 1324 2942 1393 πρῶτος
2992 1321 3057 1375 τὰ
3108 1322 3244 1375 κατά
3292 1322 3383 1375 τὸν
3434 1328 3666 1396 Σωτῆρα
3731 1321 3822 1376 καὶ

2176 1412 2369 1483 Κύριον
2400 1412 2559 1480 ἡμῶν
2600 1409 2830 1483 περιέξει
2862 1412 3125 1484 Χριστὸν,
3159 1412 3234 1471 ὡς
3276 1414 3382 1464 τῶν
3423 1410 3637 1465 οἷκείων
3694 1408 3825 1483 θρό-

2174 1520 2278 1552 νων
2315 1494 2668 1570 ἀμεταϐάτως
2717 1499 3053 1576 ἀφορμηθεὶς
3107 1497 3276 1571 οἷ’κτῳ
3319 1501 3628 1554 ἀνεικάστου
3672 1521 3821 1575 χρη-

2178 1585 2460 1656 στότητος,
2495 1586 2581 1640 καί
2617 1589 2784 1660 σάρκα
2815 1586 2874 1640 ἐκ
2908 1589 3177 1659 Παρθένου
3228 1587 3559 1666 ἀνειληφὼς,
3592 1589 3682 1643 καῖ
3717 1592 3816 1657 τήν

2176 1678 2450 1751 περίγειον
2484 1674 2649 1729 αἶ)τοῦ
2697 1675 2978 1730 πολιτείαν
3009 1676 3244 1750 ἀρίστως
3295 1675 3566 1746 διηνυκὼς
3599 1676 3689 1732 διὰ
3727 1682 3822 1732 τοῦ

2177 1764 2450 1838 σωτηρίου
2517 1765 2720 1825 πάθους
2787 1767 2875 1818 καὶ
2946 1772 3049 1833 τῆς
3114 1766 3382 1842 ὑπερφοῢς
3457 1767 3822 1839 ἀναστάσεως,

2176 1856 2311 1924 πρὸς
2342 1856 2430 1908 τὸν
2465 1857 2718 1926 Πατρῷον
2751 1852 2900 1914 αὖθις
2933 1854 3083 1925 ἀνῄει
3118 1857 3347 1928 θρόνων,
3387 1858 3485 1925 τήν
3539 1856 3824 1911 καταλλα-

2173 1946 2274 2017 γὴν
2305 1946 2464 2014 ἡμῶν
2495 1948 2574 2014 τῷ
2603 1942 2795 1996 ἑαυτοῦ
2829 1951 2996 2017 Πατρι
3034 1947 3424 2017 ποιησάμενος.

2251 2212 2310 2268 Ὁ
2381 2209 2624 2287 δεύτερος
2691 2212 2756 2265 τὰ
2821 2215 2918 2265 τοῦ
2982 2214 3247 2288 παναγίου
3320 2233 3415 2285 μοι
3491 2210 3824 2287 διαλήψεται

2180 2304 2518 2376 Πνεύματος,
2579 2304 2675 2356 ὅσα
2741 2299 2878 2366 δῆτα
2936 2299 3024 2356 διὰ
3098 2307 3205 2357 τῶν
3264 2305 3422 2376 ἱερῶν
3495 2303 3824 2359 ἀποστόλων

2177 2392 2446 2466 ίνήργησε
2474 2411 2487 2424 ⁸
2529 2391 2647 2446 τίνα
2687 2412 2743 2446 τε
2792 2392 2944 2452 αὗθις
2995 2391 3145 2446 οὗτοι
3192 2390 3638 2467 διαπραξάμενοι,
3681 2393 3826 2448 τέλει

2177 2485 2272 2536 τοῦ
2335 2483 2455 2554 βίου
2502 2480 2808 2558 ἐχρήσαντο
2865 2478 3112 2548 ἕκαστος,
3156 2482 3222 2534 τὰ
3269 2482 3387 2554 ἱερὰ
3432 2483 3640 2536 τούτων
3697 2503 3832 2557 συγ-

2177 2573 2473 2648 γράμματα
2533 2570 2996 2632 καταλελοιπότες
3054 2574 3188 2642 ἡμῖν
3225 2591 3237 2602 ·
3300 2573 3388 2626 καὶ
3461 2572 3579 2627 τίνα
3635 2578 3832 2641 ταῦτα,

429 2661 550 2715 sint
582 2659 821 2729 scripta,
854 2665 912 2713 et
941 2673 1070 2729 quae
1117 2659 1178 2713 in
1226 2657 1310 2713 eis
1355 2675 1504 2726 vera,
1539 2659 1766 2714 sincera
1797 2665 1852 2714 et
1881 2664 2065 2714 testa-

2197 2664 2267 2717 ιαὶ
2300 2661 2396 2716 ὅσα
2428 2661 2624 2735 γνήσιά
2652 2681 2709 2714 τε
2739 2660 2828 2713 καὶ
2859 2658 3167 2730 ένδιάθηκα.

431 2749 740 2805 mentaria.

499 2840 727 2896 Tertius
778 2837 992 2909 primos
1035 2837 1426 2908 apostolorum
1483 2853 1854 2894 successores
1901 2856 2073 2909 expo—

430 2937 550 2995 net,
583 2929 683 2983 ubi
713 2932 771 2983 et
801 2928 1090 2999 quomodo
1140 2928 1412 2983 salutaris
1453 2929 1709 2982 doctrina
1743 2945 1841 2998 per
1871 2930 2070 2983 orbem

433 3020 764 3074 universum
797 3018 1121 3088 peragravit
1164 3033 1176 3069 :
1213 3034 1356 3087 quas
1405 3018 1764 3072 calamitates
1795 3025 1852 3072 et
1877 3017 2071 3072 clades

431 3109 827 3178 Hierosolyma
851 3114 1083 3177 propter
1102 3107 1317 3160 ccedam
1343 3108 1666 3160 Servatoris
1685 3108 1895 3161 Christi
1929 3107 2070 3161 Jesu

435 3194 778 3266 pertulerint
809 3209 822 3247 :
856 3211 1003 3265 quos
1052 3210 1253 3248 rursus
1296 3203 1572 3262 tanquam
1605 3194 1862 3248 hacredes
1895 3195 2068 3248 mini-

433 3284 592 3340 sterii
624 3284 738 3343 sui,
769 3300 891 3352 quae
919 3282 1052 3337 item
1078 3283 1401 3337 litterarum
1438 3289 1812 3338 monumenta
1842 3293 2072 3354 aposto-

434 3375 618 3430 lorum
651 3388 1014 3428 successores
1047 3378 1178 3443 post
1224 3389 1286 3428 se
1333 3373 1749 3443 relinquentes,
1797 3374 2072 3446 martyrio

436 3481 537 3536 pro
569 3463 780 3520 Christi
808 3462 1044 3518 nomine
1074 3462 1190 3517 sint
1220 3464 1496 3517 coronati.
1542 3469 1606 3519 Et
1635 3481 1761 3535 qua:
1788 3466 1910 3532 jam
1945 3470 2070 3518 tum

433 3555 692 3627 primum
722 3552 1068 3607 emerserint
1096 3550 1370 3606 adversus
1402 3556 1715 3609 salutarem
1745 3553 2070 3610 doctrinam

432 3644 701 3700 haereses.

506 3731 708 3797 Quarti
742 3731 885 3786 tomi
939 3740 1346 3800 argumentum
1397 3734 1523 3800 erit,
1567 3733 1807 3803 quinam
1840 3733 1989 3789 falsae
2020 3737 2078 3788 et

433 3820 767 3878 adulterinae
828 3820 1104 3875 doctrinae
1176 3820 1498 3876 exstiterint
1553 3823 1755 3886 duces,
1814 3837 2077 3892 quosque

436 3917 637 3966 contra
663 3927 759 3965 eos
783 3910 880 3964 39
914 3909 1337 3965 ecclesiasticos
1361 3912 1672 3981 scriptores
1705 3917 1762 3965 et
1791 3914 2076 3979 doctores,

437 4014 564 4068 quae
595 3997 791 4050 omnia
823 3998 966 4050 bene
1011 3997 1267 4066 disponit
1311 4002 1367 4050 et
1416 3997 1608 4068 dirigit
1659 3997 1854 4052 divina
1888 3998 2080 4053 Provi-

2253 2845 2307 2892 ‘O
2355 2838 2536 2912 τρίτος
2583 2838 2676 2900 τὰς
2735 2839 2953 2912 πρώτας
3011 2839 3238 2911 περιέξει
3291 2860 3383 2912 μοι
3433 2844 3540 2894 τῶν
3589 2840 3834 2894 ἀποστόο

2183 2932 2295 2987 λων
2345 2928 2630 3008 διαδοχὰς,
2689 2929 2794 2999 ὅπη
2847 2951 2904 2983 τε
2951 2931 3042 2984 καὶ
3093 2929 3241 2991 ὅπως
3277 2932 3304 2984 6
3338 2933 3611 3005 σωτήριος
3667 2931 3830 3006 λόγος

2179 3030 2278 3090 τήν
2333 3020 2657 3091 οἰκουμένην
2700 3016 2955 3091 διέδραμε
2989 3039 3001 3050 ·
3044 3019 3161 3072 τίνα
3206 3040 3263 3073 τε
3311 3023 3377 3092 τῇ
3421 3018 3819 3094 Ἰεροσολύμων

2181 3115 2278 3173 τῆς
2340 3108 2762 3183 Χριστοκτονίας
2812 3109 2974 3183 χάριν
3033 3106 3238 3176 ἐπῆλθε
3297 3105 3485 3162 δεινά·
3548 3108 3641 3162 καὶ
3692 3107 3826 3167 τίνας

2182 3196 2336 3259 αὖθις
2392 3195 2771 3268 κληρονόμους
2824 3201 2923 3264 τῆς
2975 3199 3118 3272 σφῶν
3168 3194 3444 3256 διακονίας
3493 3194 3829 3250 καταλιπόν-

2180 3306 2264 3345 τες
2297 3285 2348 3338 οἱ
2378 3288 2482 3337 τῶν
2530 3283 2850 3337 ἀποστόλων
2899 3281 3191 3357 διάδοχοι·
3244 3283 3333 3338 καὶ
3385 3284 3526 3338 πόσα
3570 3288 3659 3338 καί
3710 3283 3829 3337 τίνα

2181 3380 2286 3429 τῶν
2363 3372 2806 3450 συγγραμμάτων
2879 3377 2954 3444 τῷ
3032 3374 3162 3445 ὑπὲρ
3241 3375 3474 3446 Χριστοῦ
3547 3373 3832 3447 μαρτυρίῳ

2182 3465 2667 3536 κατεκοσμήθησαν
2699 3480 2711 3492 ·
2763 3464 2852 3516 καὶ
2901 3462 3022 3535 περὶ
3069 3468 3177 3516 τῶν
3224 3461 3345 3535 ἄρτι
3414 3464 3647 3536 πρώτως
3701 3462 3840 3516 ἀνα-

2185 3558 2413 3630 φυεισῶν
2447 3557 2528 3624 τῷ
2559 3552 2814 3626 σωτηρίῳ
2843 3550 2996 3624 λόγῳ
3023 3552 3304 3626 αἱρέσεων.

2257 3737 2364 3790 Τοῦ
2410 3752 2470 3805 γε
2522 3733 2629 3801 μὴν
2677 3732 2938 3801 τετάρτου
2988 3732 3022 3799 ἡ
3056 3733 3292 3806 περιοχή
3344 3724 3510 3799 ἔσται,
3563 3729 3680 3784 ὅσοι
3734 3737 3836 3799 τῆς

2187 3819 2544 3896 ψευδωνὸμου
2601 3822 2853 3892 γνώσεως
2932 3819 3172 3894 ἐγένοντο
3238 3819 3502 3896 ἀρχηγοὶ,
3565 3821 3718 3880 ὅπως
3779 3841 3837 3874 τε

2190 3913 2222 3979 ἡ
2256 3911 2425 3963 πάντα
2454 3908 2638 3970 καλῶς
2692 3907 3006 3984 διεξάγουσα
3058 3909 3294 3982 Πρόνοια
3345 3907 3837 3978 ἐκκλησιαστικοὺς

2189 3997 2384 4073 ἄνδρας
2444 4004 2769 4075 συγγραφεῖς
2829 3999 2918 4052 καὶ
2979 3995 3337 4059 διδασκάλους
3418 3998 3645 4057 ἐκείνοις
3697 3997 3844 4051 ἀνθί-

438 4085 656 4154 dentia,
679 4084 959 4151 excitarit,
985 4083 1316 4155 apostolicis
1341 4086 1511 4140 donis
1532 4085 1877 4141 excellentes
1903 4088 2077 4154 viros,

2197 4110 2400 4156 στησιν,
2461 4087 2848 4148 ἀποστολικοῖς
2909 4088 3212 4161 χαρίσμασι
3275 4084 3695 4160 διαπρέποντας,
3749 4086 3841 4139 καὶ

440 4174 732 4243 simulque
790 4178 846 4228 et
897 4173 1014 4228 vita
1060 4177 1117 4228 et
1161 4174 1422 4228 doctrina
1471 4174 1702 4230 illorum
1755 4181 2081 4231 avertentes

439 4263 673 4318 insanas
719 4262 1040 4332 opiniones.
1088 4262 1194 4324 Qui
1249 4263 1345 4317 isti
1395 4263 1630 4328 fuerint,
1678 4268 1735 4318 et
1782 4281 1908 4334 quae
1960 4273 2081 4319 tum

441 4354 510 4408 de
559 4353 878 4423 quastione
926 4351 1256 4406 celebrandi
1308 4352 1613 4407 Paschatis
1667 4355 1784 4408 sint
1841 4354 2086 4409 dissidia

442 4445 656 4498 exorta.

513 4529 711 4596 Quinti
744 4529 992 4584 materia
1021 4530 1130 4585 erit
1160 4531 1266 4585 sub
1301 4530 1509 4586 Severo
1552 4539 1605 4586 et
1637 4531 1805 4586 Decio
1837 4531 2083 4602 impera-

443 4621 664 4678 toribus
694 4619 1091 4676 Ecclesiarum
1126 4622 1472 4691 persecutio.
1497 4620 1780 4675 Praeterea
1810 4622 1906 4692 qui
1943 4623 2088 4676 inul-

441 4717 568 4767 tum
601 4710 887 4780 sapientia
917 4709 1095 4764 valuit
1151 4712 1274 4782 ipse
1324 4711 1619 4780 Origenes,
1652 4729 1776 4782 quae
1817 4713 1944 4781 ejus
1975 4715 2090 4767 vita

444 4801 638 4866 fuerit,
672 4817 802 4872 quae
832 4801 1068 4870 scripta.
1104 4800 1253 4856 Tum
1287 4801 1384 4871 qui
1437 4803 1493 4855 in
1527 4801 1758 4856 Oriente
1805 4808 1862 4856 et
1885 4803 1948 4856 in
1982 4805 2088 4856 Oc-

443 4891 669 4948 cidente
722 4889 1422 4962 sanctissimi'martyres
1485 4897 1918 4946 sacrosanctum
1988 4908 2086 4961 pro

442 4981 670 5036 Christo
703 4987 994 5035 certamen
1045 4979 1263 5034 fortiter
1309 4979 1674 5049 pertulerint.
1711 4980 1852 5034 Item
1886 4981 1956 5035 de
1986 4980 2090 5050 Cy-

443 5070 645 5143 priano
696 5069 898 5124 Africae
960 5068 1250 5138 episcOpo.
1315 5069 1452 5123 Item
1512 5068 1581 5123 de
1639 5067 1932 5140 Dionysio,
1989 5070 2089 5139 qui

443 5159 847 5215 Alexandrinas
872 5159 1101 5228 prefuit
1131 5157 1420 5213 Ecclesiae.
1456 5160 1596 5214 Item
1627 5160 1698 5213 de
1718 5157 2087 5225 Christianis,

446 5248 545 5319 qui
580 5248 637 5302 in
672 5247 1072 5318 persecutione
1095 5247 1204 5303 sub
1226 5249 1393 5302 Decio
1419 5247 1686 5317 pietatem
1721 5248 2088 5317 abjurarunt,

449 5337 753 5392 historiam
786 5342 955 5394 texet.

519 5427 732 5481 Sextus
765 5429 1249 5483 oommemorabit
1297 5428 1544 5482 haereses
1591 5427 1800 5494 varias,
1835 5444 2082 5498 quarum
2116 5447 2162 5510 D

449 5521 717 5572 auctores
767 5517 928 5572 fuere
979 5518 1197 5588 impius
1246 5523 1465 5586 Manes,
1511 5519 1776 5587 impurus
1806 5517 2082 5584 Novatus,

449 5604 796 5676 Apollinaris
817 5616 869 5663 et
895 5607 1304 5664 Samosatenus
1325 5607 1562 5664 Paulus.
1594 5607 1889 5664 Describet
1911 5607 2085 5663 etiam

2195 4178 2299 4251 βίῳ
2355 4179 2445 4232 καὶ
2497 4178 2644 4251 λόγῳ
2692 4177 2758 4230 τά
2814 4175 3028 4230 ἐκείνων
3089 4176 3483 4251 ἂνατρέποντας
3543 4174 3840 4250 δόγματα·

2189 4269 2282 4321 καὶ
2329 4267 2463 4327 τίνες
2513 4267 2664 4319 οὗτοι
2697 4283 2710 4294 ⁸
2761 4265 2848 4319 καὶ
2901 4263 2997 4319 ὅσα
3048 4269 3346 4333 τηνικαῦτα
3403 4263 3525 4336 περὶ
3585 4270 3685 4332 τῆς
3743 4267 3842 4318 τοῦ

2191 4362 2230 4410 Π
2242 4357 2382 4430 ἀσχα
2416 4357 2692 4425 ζητήσεως
2726 4353 3058 4426 ἐπεγένοντο.

2263 4539 2349 4606 Τῷ
2430 4531 2485 4588 δὲ
2562 4533 2792 4606 πέμπτῳ
2863 4534 2891 4587 6
2957 4533 3091 4586 κατὰ
3168 4531 3410 4602 Σεύηρον
3487 4532 3576 4583 καὶ
3656 4530 3843 4584 Δέκιον

2197 4620 2446 4697 διωγμὸς
2489 4622 2739 4682 ὑπόθεσις
2789 4618 2932 4674 ἕσται
2963 4642 2973 4654 ·
3024 4617 3103 4675 ἔτι
3141 4619 3195 4674 δὲ
3226 4622 3251 4674 ὁ
3285 4622 3384 4688 τήν
3426 4620 3618 4696 σοφίαν
3669 4618 3848 4682 πολὺς

2196 4713 2490 4786 Ὡριγένης,
2547 4712 2633 4765 καὶ
2694 4713 2728 4780 ἡ
2787 4712 2905 4765 κατ’
2973 4711 3131 4764 αὐτὸν
3212 4709 3463 4764 πολιτεία
3549 4709 3638 4761 καὶ
3718 4730 3849 4784 συγ-

2194 4803 2374 4878 γραφή
2413 4822 2424 4832 ·
2489 4801 2605 4854 ὅσοι
2654 4821 2712 4854 τε
2769 4801 2819 4853 ἐν
2877 4800 3074 4870 ἑσπέρᾳ
3132 4799 3220 4852 καὶ
3279 4797 3353 4870 ἕῳ
3408 4803 3514 4850 τῶν
3575 4800 3847 4871 θεοφιλῶν

2201 4891 2484 4964 μαρτύρων
2539 4891 2626 4942 τὸν
2677 4889 2806 4961 ὑπὲρ
2868 4889 3103 4962 Χριστοῦ
3160 4888 3346 4961 ἀγῶνα
3405 4886 3668 4960 γενναίως
3733 4884 3847 4956 διή-

2195 5000 2419 5054 νεγκαν⁶
2477 4979 2598 5053 περί
2644 4999 2702 5033 τε
2743 4983 3052 5052 Κυπριανοῦ
3100 4982 3196 5030 τοῦ
3245 4979 3454 5053 Ἄφρων
3521 4975 3843 5044 ἐπισκόπου,

2196 5071 2285 5124 καὶ
2315 5074 2411 5123 τοῦ
2458 5077 2556 5138 τῆς
2620 5065 2974 5142 Ἀλεξάνδρου
3036 5067 3318 5120 Διονυσίου
3351 5085 3361 5096 ·

2195 5160 2257 5213 τὸ
2317 5154 2475 5218 σέϐας
2534 5154 2944 5230 ἐξομοσαμένων
3004 5159 3346 5230 Χριστιανῶν
3415 5152 3466 5207 ἐν
3524 5159 3641 5214 τοῖς
3712 5153 3848 5209 κατά

2199 5245 2379 5302 Δέκιον
2408 5247 2699 5322 διωγμοῖς.

3423 5065 3513 5119 καὶ
3562 5063 3685 5138 περὶ
3740 5069 3846 5118 τῶν

2265 5432 2320 5479 Ὁ
2369 5426 2522 5487 ἓκτος
2575 5427 2639 5480 τὰ
2683 5427 2815 5480 κατὰ
2873 5425 2965 5479 τὸν
3015 5419 3249 5492 δυσσεϐῆ
3303 5422 3567 5486 Μάνεντα,
3618 5421 3712 5474 καὶ
3762 5422 3850 5475 τὸν

2200 5517 2494 5590 ἀκάθαρτον
2553 5522 2838 5583 Ναυᾶτον,
2923 5513 2999 5568 ἔτι
3081 5511 3135 5567 δὲ
3222 5509 3680 5584 ’Δπολλινάριον,
3761 5512 3849 5564 καὶ

2238 5607 2248 5620 ι
2625 5611 2631 5623 .
2757 5603 2780 5622 κ
2873 5605 2909 5620 ,ς
3343 5607 3365 5616 η
3644 5599 3658 5618 ι
3831 5600 3846 5617 ι

2199 5627 2288 5660 τον
2360 5613 2676 5678 Σαμοσατεα
2754 5607 3017 5675 διεξέλθοι
3079 5625 3170 5676 μοι
3257 5599 3507 5658 Παυλον’
3567 5622 3659 5655 και
3727 5619 3848 5675 περι

2923 5513 2999 5568 ἔτι
3081 5511 3135 5567 δὲ
