4096 6284
227 397 340 459 613

225 535 320 588 τοῦ
379 529 798 606 ’Δλεξανδρείας
838 530 990 593 αὖθις
1043 531 1328 587 Διονυσίου
1371 548 1384 561 ·

226 620 490 698 μεγάλων
552 620 811 698 πρόεδροι
863 620 1077 677 πόλεων
1134 621 1268 694 ἄχρι
1323 620 1410 675 καὶ
1479 625 1579 683 τῆς
1632 622 1741 674 τῶν
1788 616 1874 672 ἐκ·

224 710 479 779 κλησιῶν
565 709 887 785 πολιορκίας
974 707 1242 783 διέμειναν
1286 726 1299 739 ·
1386 708 1477 763 καὶ
1556 707 1680 782 περὶ
1764 710 1870 761 τῶν

224 797 487 869 τηνικάδε
586 797 938 872 ἀκμασᾶντων
1046 796 1511 868 ἐκκλησιαστικῶν
1627 816 1870 871 συγγρα·

226 887 396 966 φέων,
462 889 551 943 καὶ
604 886 792 951 ἄλλως
840 887 928 943 ἐπὶ
977 889 1139 964 σοφίᾳ
1208 888 1325 959 θείᾳ
1394 881 1738 961 περιϐοήτων
1795 886 1874 941 ἇνο

228 976 399 1054 δρῶν.

294 1068 360 1125 Ὁ
419 1061 661 1141 ἕϐδομος
718 1068 783 1123 τὰ
838 1066 959 1143 περὶ
1016 1074 1116 1137 τῆς
1166 1061 1344 1144 ἔριδος
1396 1071 1504 1122 τῶν
1558 1068 1675 1122 καθ’
1725 1068 1870 1139 ἤμᾶς

229 1154 565 1230 διαλήψεται
611 1156 919 1213 ἐπισκόπων
978 1200 991 1213 .
1051 1155 1170 1212 ὅθεν
1228 1157 1317 1210 καὶ
1364 1164 1465 1225 τῆς
1505 1156 1648 1218 θείας
1706 1156 1873 1228 ἀμοι-

229 1247 494 1319 ρήσαντες
555 1246 785 1321 χάριτος
846 1246 982 1320 πρὸς
1037 1248 1245 1321 καιρὸν,
1278 1244 1471 1308 δεινοῖς
1503 1248 1820 1321 περιέπεσον
1853 1264 1865 1281 ⁸

230 1329 305 1391 ἔτι
340 1332 400 1390 δὲ
424 1336 517 1390 καὶ
556 1335 678 1410 περῖ
727 1340 834 1391 τῶν
876 1334 1181 1409 ἄλιτηρίων
1224 1337 1492 1409 τυράννων
1543 1336 1877 1405 Διοκλητια-

229 1428 324 1479 νοῦ
373 1424 469 1481 καὶ
531 1425 891 1496 Μαξιμιανοῦ,
951 1423 1244 1497 Μαξεντίου
1302 1445 1360 1480 τε
1405 1424 1495 1479 καὶ
1546 1425 1871 1498 Μαξιμίνου,

228 1513 317 1567 καὶ
381 1514 656 1582 Λικινίου,
705 1512 802 1567 ὅσα
848 1513 982 1569 κατὰ
1021 1521 1122 1583 τῆς
1168 1515 1404 1586 Χριστοῦ
1450 1514 1692 1585 ποίμνης
1748 1510 1875 1587 δρά-

230 1623 443 1671 σαντες,
511 1600 875 1680 διεφθάρησαν
935 1622 947 1635 °
1017 1604 1104 1657 καὶ
1158 1603 1231 1664 ὡς
1281 1605 1310 1657 ὁ
1352 1601 1518 1678 μέγας
1551 1604 1642 1657 καὶ
1681 1601 1875 1657 ἰσαπόσ-

228 1690 431 1755 στολυς
500 1695 919 1758 Κωνσταντῖνος,
978 1694 1183 1747 τούτων
1252 1692 1369 1762 θείᾳ
1426 1689 1707 1762 δυναστείᾳ
1780 1711 1874 1746 πε-

231 1782 607 1857 ριγενόμενος,
692 1779 912 1855 εἰρήνην
998 1787 1117 1843 ταῖς
1191 1778 1513 1857 ἐκκληφίαις
1612 1782 1872 1859 παρέσχε,

227 1872 318 1925 καὶ
383 1874 603 1945 πρῶτος
652 1874 986 1940 Χριστιανῶν
1044 1869 1302 1944 βασιλεὺς
1351 1871 1742 1946 ἀναγορευθεὶς,
1776 1873 1874 1939 τὴν

228 1959 521 2032 ἐπώνυμον
564 1959 713 2030 ᾳύτῷ
741 1958 904 2014 πόλιν
933 1964 1235 2038 περιφανῶς
1268 1960 1474 2030 ἀνιστᾷ.

300 2050 405 2105 Τὸν
470 2046 517 2102 δ’
572 2043 766 2126 ὄγδοον
823 2049 915 2104 καὶ
966 2049 1123 2103 αὐτὸν
1173 2050 1201 2104 ὁ
1254 2049 1613 2111 ίσαπόστολος
1648 2052 1878 2124 περιέξει

234 2160 333 2212 μοι
395 2141 812 2207 Κωνσταντῖνος,
862 2138 951 2193 καὶ
1006 2140 1073 2193 τὰ
1124 2138 1205 2194 ἐπ’
1263 2140 1433 2194 αὐτοῦ
1490 2145 1608 2199 ταῖς
1678 2138 1878 2209 ἐκκλη-

233 2228 378 2290 σίαις
449 2221 750 2300 συμϐάντα,
808 2228 873 2282 τά
938 2248 996 2282 τε
1051 2228 1185 2282 κατᾶ
1232 2230 1323 2283 τὸν
1375 2224 1604 2297 δυσσεϐῆ
1640 2234 1880 2302 Ἄρειον,

240 2318 338 2371 καὶ
403 2316 506 2384 τήν
558 2316 781 2389 πρώτην
840 2314 891 2371 ἐν
953 2316 1144 2388 Νικαίᾳ
1200 2314 1423 2372 σύνοδον
1485 2337 1497 2349 ·
1556 2318 1643 2372 καὶ
1692 2318 1767 2380 ὡς
1821 2319 1886 2373 τὰ

229 2409 571 2481 Χριστιανῶν
629 2404 704 2467 εἷς
763 2403 1003 2461 ἐπίδοσιν
1059 2406 1208 2481 ἤχθη
1246 2427 1258 2438 ·
1320 2408 1408 2461 καὶ
1464 2410 1587 2482 περὶ
1636 2414 1737 2476 τῆς
1773 2412 1882 2461 τῶν

240 2499 503 2573 μοναχῶν
562 2492 855 2570 ἀγγελικῆς
915 2494 1224 2565 πολιτείας,
1290 2496 1405 2550 ὅθεν
1481 2495 1704 2571 ἤρξατο,
1791 2496 1879 2550 καὶ

237 2584 387 2646 τίνας
445 2578 605 2659 ἔσχεν
656 2583 940 2662 ἀρχηγοὺς
981 2604 993 2616 '
1056 2583 1154 2639 ὅσα
1200 2606 1257 2639 τε
1304 2585 1407 2641 ὑπὸ
1442 2591 1549 2641 τῶν
1594 2588 1878 2661 ’Δρειανῶν

238 2678 351 2734 τοῖς
381 2668 618 2728 εὐσεϐεῖν
670 2672 970 2747 ᾑρημένοις
1021 2672 1294 2749 ἐπράχθη,
1339 2677 1427 2729 καὶ
1480 2675 1692 2747 μᾶλλον
1722 2677 1881 2731 Ἀθα-

248 2764 418 2834 νασίῳ
471 2767 549 2835 τῷ
586 2763 836 2836 μεγάλῳ,
866 2762 1110 2834 καὶπερὶ
1167 2771 1266 2832 τῆς
1327 2765 1595 2839 μακαρίας
1637 2766 1883 2835 Ἑλένης,

255 2852 343 2905 καὶ
370 2855 476 2904 τῶν
503 2851 700 2922 ταύτης
731 2852 1000 2929 θεοφιλῶν
1040 2850 1212 2929 ἔργων
1250 2873 1262 2886 ·
1296 2855 1384 2907 καὶ
1430 2855 1504 2916 ὡς
1550 2854 1693 2911 τέλει
1743 2874 1881 2930 χρη-

260 2939 457 3010 σαμένη
502 2944 598 2995 τοῦ
648 2939 793 3013 βίου,
825 2941 917 2995 σὺν
942 2944 1024 3013 τῷ
1072 2942 1175 3011 υἱῷ
1218 2943 1600 3015 Κωνσταντίνῳ
1638 2947 1706 3015 τῇ
1737 2941 1883 2998 ἕπω-

253 3029 396 3102 νύμῳ
425 3030 589 3085 αὐτοῦ
620 3030 972 3101 κατετέθησαν
1004 3031 1184 3089 πόλει.

308 3214 366 3266 Ὀ
398 3210 448 3266 δ’
495 3206 716 3273 ἔννατος
760 3213 829 3267 τὰ
876 3210 964 3266 ἐπὶ
1013 3217 1119 3267 τῶν
1164 3209 1372 3268 παίδων
1418 3212 1756 3292 ὀφηγήσεται
1785 3218 1882 3268 τοῦ

1252 391 1876 457 ECCLESIAST-ICJE
1917 393 2313 457 HISTORI/E
2355 392 2501 453 LIB.
2545 391 2596 452 I.

3504 388 3624 449 6H

1445 530 1536 583 καὶ
1584 528 1702 583 ὅσοι
1766 533 1872 583 τῶν

1998 545 2079 585 res
2104 529 2359 601 Dionysii
2381 524 2737 583 Alexandriae
2756 522 3031 594 episcOpi.
3055 524 3124 580 Et
3153 524 3255 594 qui
3277 539 3626 595 magnarum

1986 619 2221 675 urbium
2242 633 2421 689 usque
2440 617 2511 671 ad
2545 614 2932 671 Ecclesiarum
2969 613 3464 685 oppugnationem
3498 629 3624 682 per-

1987 709 2312 765 manserint
2340 705 2612 778 episcopi.
2636 704 2917 760 Ostendet
2931 718 3184 775 quoque,
3209 703 3310 774 qui
3328 709 3453 759 tum
3477 708 3627 758 tem-

1987 798 2144 871 poris
2199 794 2576 853 ecclesiastici
2633 793 2963 865 scriptores,
3013 797 3072 850 et
3119 791 3288 848 aliter
3333 792 3391 847 in
3426 791 3625 850 divina

1988 886 2271 958 sapientia
2300 884 2442 941 clari
2468 884 2574 939 viri
2607 883 2931 939 ﬂoruerint.

2059 1067 2351 1140 Septimus
2378 1065 2809 1122 contentionem
2832 1067 2889 1118 et
2919 1062 3073 1119 rixas
3102 1068 3434 1119 nostrorum
3456 1078 3630 1136 expe-

1988 1158 2106 1214 diet
2132 1157 2559 1228 episcoporum,
2612 1154 2767 1209 unde
2822 1152 2907 1208 illi
2960 1169 2995 1208 a
3042 1151 3238 1206 divina
3280 1152 3354 1208 ad
3393 1156 3630 1224 tempus

1988 1249 2317 1303 excidentes
2365 1245 2569 1317 gratia,
2620 1244 2680 1298 in
2724 1257 2930 1312 magna
2976 1241 3308 1297 inciderunt
3351 1240 3628 1313 pericula.

1988 1337 2205 1392 Deinde
2225 1336 2297 1391 de
2321 1334 2655 1391 exitialibus
2678 1330 2963 1404 tyrannis,
2984 1330 3343 1387 Diocletiano
3376 1334 3433 1386 et
3464 1331 3631 1388 Masi-

1990 1427 2203 1493 miano,
2251 1424 2535 1480 Maxentio
2583 1427 2638 1477 et
2691 1420 3029 1489 Maximino,
3084 1424 3141 1475 et
3185 1419 3422 1489 Licinio,
3454 1437 3629 1491 quam

1986 1514 2297 1572 crudeliter
2326 1512 2409 1569 illi
2442 1513 2497 1567 in
2528 1526 2764 1583 gregem
2813 1508 3026 1566 Christi
3070 1508 3380 1574 saevierint,
3413 1514 3632 1566 tracta-

1990 1606 2093 1662 bit.
2126 1609 2450 1667 Postremo,
2483 1602 2764 1673 quomodo
2798 1616 3041 1671 magnus
3090 1610 3147 1655 et
3176 1598 3453 1671 apostolis
3483 1600 3629 1671 ipsis

1990 1712 2094 1769 par
2123 1694 2559 1760 Constantinus,
2609 1691 2809 1747 divina
2853 1706 2960 1762 ope
3000 1689 3071 1746 ab
3103 1690 3173 1745 iis
3203 1688 3502 1746 victoriam
3532 1707 3629 1747 re-

1992 1790 2252 1858 portans,
2312 1796 2515 1854 pacem
2569 1780 2841 1837 Ecclesiis
2898 1779 3244 1847 conciliarit,
3292 1787 3347 1835 et
3404 1778 3627 1850 primu

1989 1872 2453 1930 Christianorum
2487 1871 2801 1941 imperator
2822 1874 3071 1936 creatus,
3096 1867 3400 1940 magniﬁce
3421 1883 3631 1940 cogno-

1990 1962 2206 2019 minem
2237 1960 2349 2017 sibi
2381 1959 2585 2015 urbem
2614 1958 3022 2014 construxerit.

2060 2055 2337 2109 Octavum
2380 2055 2607 2105 tomum
2650 2049 2766 2104 sibi
2804 2046 3124 2104 vindicabit
3151 2046 3307 2102 idem
3340 2047 3463 2119 ipse
3491 2063 3630 2118 apo-

1989 2142 2152 2199 stolis
2198 2159 2314 2198 non
2345 2140 2586 2197 inferior
2613 2145 2670 2195 et
2698 2139 3117 2195 Constantinus
3150 2154 3163 2193 :
3195 2142 3253 2193 et
3285 2153 3376 2193 res
3408 2154 3536 2209 quae
3566 2153 3632 2193 eo

1988 2233 2315 2303 imperante
2359 2229 2617 2288 ecclesiis
2672 2228 3028 2283 acciderunt.
3089 2226 3201 2283 Res
3268 2227 3407 2282 item
3463 2226 3632 2298 impii

1990 2323 2111 2380 Arii
2144 2339 2156 2376 :
2190 2328 2246 2378 et
2276 2321 2523 2393 primam
2571 2334 2696 2389 quae
2742 2315 2942 2373 Nicaa:
2992 2325 3078 2372 est
3125 2315 3411 2373 celebrata
3453 2333 3631 2388 syno-

1990 2414 2150 2468 dum.
2183 2411 2251 2466 Et
2280 2408 2773 2481 quemadmodum
2811 2422 2901 2462 res
2932 2405 3277 2461 Christianas
3303 2405 3629 2462 incremen-

1990 2506 2118 2557 tum
2148 2500 2424 2569 ceperint.
2458 2500 2596 2553 Item
2629 2498 2703 2551 de
2750 2494 3011 2566 angelica
3041 2494 3456 2550 monachorum
3487 2495 3629 2559 vita,

1992 2593 2146 2648 unde
2176 2591 2406 2647 initium
2437 2589 2776 2660 sumpserit,
2799 2594 2857 2644 et
2877 2603 3023 2659 quos
3047 2586 3315 2642 habuerit
3344 2594 3628 2643 auctores.

1993 2685 2134 2739 Item
2167 2698 2293 2753 quas
2324 2680 2520 2735 Ariani
2549 2682 2751 2735 contra
2775 2693 2922 2733 verte
2954 2675 3186 2747 pietatis
3219 2682 3552 2744 sectatores,
3573 2681 3632 2731 et

1993 2772 2241 2827 maxime
2270 2771 2551 2825 adversus
2583 2782 2863 2837 magnum
2894 2765 3280 2821 Athanasium
3311 2766 3414 2820 40
3445 2764 3627 2821 moliti

1991 2862 2107 2917 sint
2135 2868 2190 2915 et
2220 2859 2478 2915 fecerint.
2516 2858 2795 2912 Preterea
2834 2856 2911 2910 de.
2947 2855 3112 2910 beata
3141 2854 3377 2922 Helena,
3427 2858 3484 2910 et
3515 2854 3626 2925 piis

1990 2951 2251 3021 ejusdem
2282 2948 2511 3016 Deoque
2539 2945 2720 3018 gratis
2750 2944 3023 3016 operibus
3055 2960 3069 2998 :
3115 2948 3171 2999 et
3201 2951 3262 2999 ut
3289 2943 3457 2999 finita
3485 2945 3626 3010 vita,

1992 3056 2110 3095 una
2139 3054 2270 3093 cum
2305 3036 2421 3091 ﬁlio
2446 3034 2847 3100 Constantino,
2893 3032 2951 3088 in
3001 3032 3350 3105 cognomine
3390 3032 3443 3087 ei
3488 3032 3630 3089 urbe

1992 3128 2071 3183 sit
2103 3127 2351 3198 sepulta,
2383 3124 2539 3179 idem
2571 3122 2851 3179 narrabit.

2063 3220 2263 3271 Nonus
2303 3230 2392 3270 res
2441 3212 2689 3268 ﬁliorum
2740 3211 3094 3267 sacrosancti
3142 3209 3527 3279 Constantini,
3572 3214 3629 3267 et

233 3302 381 3375 ἱεροῦ
444 3302 868 3369 Κωνσταντίνου,
919 3300 1010 3356 καὶ
1077 3300 1292 3372 μᾶλλον
1346 3302 1413 3356 τὰ
1458 3300 1546 3357 ἕπὶ
1597 3310 1879 3358 Κωνσταν-

1998 3308 2048 3362 in
2080 3305 2280 3376 primis
2310 3320 2379 3359 ea
2425 3319 2552 3374 quas
2602 3300 2863 3357 ecclesiis
2903 3300 3015 3357 sub
3043 3300 3381 3356 Constantio
3410 3316 3624 3355 evene-

234 3411 349 3444 τιου
407 3394 529 3449 ταῖς
582 3386 900 3458 ἐκκλησίαις
954 3388 1304 3464 γεγενημένα,
1380 3392 1468 3444 καὶ
1550 3396 1662 3459 τῶν
1753 3392 1878 3447 τότε

232 3479 597 3550 ἀκμασάντων
655 3477 744 3533 ἐπὶ
811 3481 993 3551 ’τε-τῇ
1066 3480 1201 3553 ὀρθῇ
1288 3479 1378 3534 καὶ
1473 3477 1878 3555 διεστραμμένη

228 3567 359 3642 δόξῃ
397 3585 412 3597 ⁶
472 3567 612 3628 τίνες
669 3588 727 3623 τε
781 3569 833 3622 οἱ
890 3573 959 3642 τῇ
1042 3573 1319 3643 μοναχικῇ
1390 3575 1685 3639 τηνικαῦτα
1759 3569 1874 3626 δια-

226 3662 459 3731 πρεπεῖς
506 3656 760 3727 πολιτείᾳ
815 3657 914 3712 ἀνά
968 3677 1027 3712 τε
1106 3657 1470 3729 Παλαιστίνην
1545 3661 1634 3714 καὶ
1714 3661 1875 3735 Δί’γυ-

226 3768 365 3802 πτον
430 3764 442 3776 ·
505 3748 595 3799 καί
652 3746 774 3818 περὶ
833 3743 1107 3822 διαφόρων
1168 3745 1401 3803 συνόδων
1470 3750 1560 3803 καὶ
1616 3749 1872 3805 ἐκθέσεων

226 3835 488 3897 πίστεως.

306 3923 432 3979 Ἐπὶ
462 3922 682 3984 τούτοις
714 3923 742 3977 ὁ
773 3921 996 3987 δέκατος
1045 3925 1112 3980 τὰ
1159 3926 1294 3981 κατὰ
1341 3927 1431 3982 τὸν
1481 3929 1709 4001 θεομισῆ
1762 3926 1876 3984 διαο

232 4013 480 4087 λήψεται
531 4012 844 4079 ’[ουλιανὸν,
886 4014 959 4075 ὡς
1010 4015 1084 4075 εἷς
1139 4016 1233 4069 τὸν
1309 4015 1673 4089 Ἐλληνισμὸν
1742 4020 1875 4074 ἀπο-

230 4100 424 4163 κλίνας
479 4098 540 4155 ἒκ
592 4108 692 4170 τῆς
749 4102 919 4176 ἆρθῆς
978 4102 1233 4167 πίστεως,
1290 4103 1557 4168 ποικίλως
1615 4108 1707 4162 τὸν
1765 4109 1882 4162 καθ’

229 4193 399 4262 ἡμῶν
450 4187 764 4265 ἆνερρίπισε
821 4191 1067 4265 διωγμόν
1131 4212 1143 4224 ·
1201 4193 1289 4248 καί
1350 4196 1424 4255 ὡς
1495 4191 1762 4251 εἰσϐαλὼν
1813 4200 1881 4268 τῇ

233 4276 485 4353 Περσίδι,
536 4284 715 4341 κακῶς
773 4277 1057 4359 διεφθάρη.
1088 4284 1172 4337 Ἐν
1227 4285 1375 4357 μέρει
1425 4283 1599 4340 δὲκαὶ
1637 4290 1703 4341 τὰ
1750 4288 1884 4342 κατὰ

231 4370 331 4424 τὸν
406 4362 788 4425 εὐσεϐέστατον
864 4365 1126 4425 Ἰοϐιανὸν
1209 4373 1463 4445 περιέξει,
1549 4375 1698 4436 ὅπως
1783 4383 1883 4444 τῆς

233 4459 408 4532 ὀρθῆς
469 4455 628 4529 δόξης
681 4457 936 4532 γενναίως
1028 4458 1177 4531 μάλα
1259 4462 1705 4535 ὑπεριστάμενος,
1782 4465 1886 4518 ἀπ-

234 4543 393 4604 εὸίω.

1989 3400 2147 3459 runt,
2183 3396 2584 3466 persequetur.
2638 3394 2781 3447 Item
2831 3390 2931 3462 qui
2981 3390 3089 3445 viri
3127 3395 3251 3445 tum
3283 3393 3339 3445 et
3376 3388 3435 3444 in
3468 3393 3624 3445 recta

1988 3489 2046 3540 et
2075 3485 2134 3539 in
2167 3498 2435 3554 perversa
2462 3479 2725 3535 doctrina
2772 3479 3042 3535 ﬂorentes
3082 3479 3313 3535 iuerint.
3348 3479 3489 3533 Item
3522 3477 3625 3549 qui

1985 3587 2051 3626 eo
2082 3575 2340 3640 tempore
2365 3569 2688 3623 monastlca
2716 3566 2834 3621 vita
2867 3582 2966 3635 per
2995 3565 3358 3621 Palaestinam
3383 3573 3435 3620 et
3456 3565 3620 3637 IEgy-

1986 3667 2148 3734 ptum
2181 3658 2575 3716 excelluerint.
2612 3658 2752 3714 Item
2792 3658 2863 3712 de
2901 3657 3140 3713 diversis
3178 3656 3414 3728 synodis
3444 3660 3503 3710 et
3531 3672 3629 3711 va-

1987 3751 2088 3806 riis
2139 3748 2517 3821 professionis
2566 3746 2694 3802 ﬁdei
2744 3744 3203 3817 expositionibus
3249 3753 3303 3800 et
3361 3743 3629 3801 formulis

1988 3838 2282 3896 tractabit.

2060 3928 2330 3984 Decimus
2362 3942 2531 3998 porro
2583 3924 3005 3996 complectetur
3052 3940 3143 3980 res
3174 3923 3290 3979 Deo
3322 3923 3488 3980 invisi
3520 3927 3633 3979 Ju-

1990 4018 2150 4077 liani,
2184 4021 2249 4071 ut
2278 4015 2374 4071 ille
2404 4033 2435 4070 a
2464 4019 2620 4070 recta
2651 4015 2861 4084 pietate
2890 4013 3245 4082 desciscens,
3282 4016 3338 4069 et
3368 4014 3439 4069 ad
3473 4012 3633 4069 Gre-

1990 4122 2190 4164 corum
2220 4104 2605 4161 idololatriam
2639 4102 2933 4168 deﬁciens,
2965 4103 3137 4159 variis
3158 4103 3408 4159 subinde
3439 4103 3631 4158 modis

1992 4197 2451 4267 persecutionem
2501 4197 2703 4248 contra
2752 4209 2857 4248 nos
2906 4193 3232 4260 concitarit,
3278 4201 3335 4247 et
3376 4196 3438 4247 ut
3478 4192 3629 4248 bello

1993 4286 2182 4341 Persis
2228 4284 2405 4348 illato,
2460 4283 2649 4338 malus
2702 4282 2853 4337 male
2904 4282 3156 4352 perierit.
3208 4281 3413 4351 Aliqua
3453 4282 3629 4336 etiam

1993 4378 2043 4430 is
2069 4379 2266 4430 tomus
2297 4389 2365 4428 ex
2396 4377 2557 4443 parte
2595 4388 2687 4426 res
2732 4370 2975 4441 piissimi
3010 4371 3375 4441 imperatoris
3405 4371 3638 4426 Joviani

1997 4462 2465 4534 comprehendet,
2536 4461 2829 4532 quomodo
2900 4459 3119 4515 scilicet
3177 4475 3384 4529 magno
3441 4459 3634 4514 animo

1999 4556 2216 4608 rectam
2249 4551 2568 4605 doctrinam
2604 4565 2956 4620 propagans,
2987 4549 3161 4604 vitam
3195 4547 3427 4603 finierit.

310 4637 369 4693 Ὀ
421 4632 479 4692 δὲ
531 4636 668 4709 μετὰ
710 4639 903 4691 τοῦτον
974 4634 1254 4703 ἑνδέκατος
1311 4638 1577 4711 διεξέλθοι
1626 4641 1879 4718 ἆρίστως,

2067 4640 2238 4694 Porro
2271 4639 2370 4709 qui
2402 4638 2558 4693 hunc
2603 4646 2993 4708 consequetur
3041 4637 3388 4691 undecimus
3419 4643 3633 4702 tomus,

235 4726 341 4781 ὅσα
387 4724 476 4780 ἐπὶ
522 4722 969 4782 Ούαλεντινιανοῦ
1023 4729 1114 4783 καὶ
1162 4733 1260 4783 τοῦ
1308 4727 1598 4793 δυσσεϐοῦς
1647 4732 1888 4789 Οὐάλεν-

232 4835 333 4876 τος
392 4819 512 4875 ταῖς
569 4812 890 4884 ἐκκλησίαις
955 4813 1244 4885 ἐπισυνέϐη
1282 4838 1294 4851 ⁸
1356 4820 1479 4893 περί
1534 4841 1591 4876 τε
1632 4825 1740 4877 τῶν
1770 4825 1886 4877 καθ’

239 4907 391 4976 ἡμᾶς
452 4901 701 4978 μεγάλων
749 4911 849 4973 τῆς
883 4904 1206 4976 Ἐκκλησίας
1266 4911 1592 4983 φωστήρων,
1645 4909 1735 4965 καὶ
1781 4915 1889 4966 τῶν

240 4995 319 5056 εἷς
354 4993 654 5050 ἀντίπαλον
700 4993 926 5058 ἐκείνοις
971 4998 1347 5053 καταστάντων
1408 5006 1647 5074 μοῖραν-ι
1692 5002 1780 5057 καὶ
1813 5003 1887 5063 ὡς

238 5084 308 5138 τὰ
345 5087 443 5137 τοῦ
495 5087 801 5158 μοναχικοῦ
855 5084 930 5146 εἰς
994 5085 1131 5161 μέγα
1181 5085 1474 5145 έπιδέδωκε
1535 5092 1821 5166 σχήματος
1871 5112 1884 5125 ·

242 5171 387 5228 πόσα
414 5191 474 5226 τε
502 5175 609 5225 τῶν
651 5171 817 5227 ἐθνῶν
864 5174 955 5228 τὸν
1010 5177 1435 5249 Χριστιανισμὸν
1480 5176 1838 5252 παρεδέξαντο
1871 5200 1883 5213 ·

240 5260 334 5316 καὶ
364 5260 438 5322 ὡς
486 5257 748 5336 διεφθάρη
799 5262 1044 5332 Οὐάλης,
1091 5266 1260 5338 πυρὸς
1310 5265 1601 5341 γενόμενος
1648 5269 1889 5343 παρανά-

243 5347 431 5421 λωμα.

313 5442 398 5508 Τῷ
451 5435 742 5511 δωδεκάτῳ
790 5437 987 5495 ἐσεῖται
1048 5438 1396 5518 διηγουμένῳ
1443 5445 1509 5499 τὰ
1557 5447 1693 5501 κατὰ
1754 5452 1889 5522 Γρα-

244 5526 418 5581 τιανὸν
486 5528 575 5581 καὶ
644 5528 1034 5585 Οὐαλεντιανὸν
1087 5532 1179 5586 τὸν
1240 5534 1378 5601 νέον,
1432 5533 1521 5589 καὶ
1566 5536 1658 5589 τὸν
1710 5536 1759 5605 ἐξ
1819 5537 1885 5593 Ἰ·

245 5616 470 5677 σπανίας
534 5614 786 5689 μέγιστον
857 5617 1164 5689 Θετδόσιον,
1212 5624 1311 5691 τήν
1386 5644 1442 5677 τε
1510 5624 1888 5696 οἰκουμενικήν

242 5707 332 5760 καί
389 5702 641 5781 δευτέραν
698 5706 853 5784 ἁγίαν
913 5708 1130 5766 σύνοδον
1167 5730 1179 5745 ·
1239 5711 1328 5767 καὶ
1377 5711 1449 5775 ὡς
1508 5710 1595 5769 έπί
1645 5714 1707 5771 τὸ
1768 5719 1886 5790 μεῖ-

1998 4727 2227 4796 copiose
2258 4727 2587 4792 testabitur,
2621 4742 2749 4797 qua
2792 4725 3061 4781 Ecclesiae
3091 4724 3199 4780 sub
3229 4723 3635 4780 Valentiniano

1998 4821 2053 4871 et
2082 4817 2262 4886 impio
2302 4814 2529 4869 valente
2563 4815 2920 4885 pertulerint.
2946 4817 3086 4870 Item
3110 4814 3178 4867 de
3200 4813 3426 4883 magnis
3446 4811 3634 4867 Eccle-

1998 4906 2095 4960 siae
2143 4905 2473 4960 orthodoxa:
2521 4903 2931 4970 luminaribus,
2992 4908 3052 4959 et
3109 4902 3210 4974 qui
3268 4918 3336 4956 ex
3392 4902 3634 4956 adverso

1998 4995 2218 5051 eisdem
2275 4994 2600 5049 exstiterint
2654 4996 3098 5063 oppugnatores.
3159 4990 3443 5045 ostendet.
3491 4988 3638 5044 Prte-

1999 5090 2158 5139 terea
2189 5088 2253 5137 ut
2282 5083 2420 5138 ordo
2471 5082 2824 5138 monasticus
2874 5081 2930 5135 in
2981 5083 3335 5136 immensum
3376 5079 3636 5134 creverit.

2000 5173 2144 5229 Item
2202 5188 2325 5243 quae
2391 5175 2592 5242 gentes
2648 5169 3165 5225 Christianismum
3237 5168 3634 5239 susceperint;

1999 5268 2315 5334 postremo,
2348 5268 2414 5315 ut
2446 5261 2652 5316 Valens
2680 5260 2949 5316 incendio
2982 5259 3231 5329 perierit.

2071 5445 2422 5501 Duodecimo
2443 5449 2598 5501 tomo
2618 5441 3023 5499 describantur
3049 5443 3305 5498 Gratiani
3337 5446 3394 5498 et
3423 5442 3635 5498 Valen-

1999 5536 2201 5591 tiniani
2251 5534 2523 5604 junioris,
2574 5538 2631 5589 et
2680 5549 2748 5589 ex
2797 5532 3074 5602 Hispania
3121 5532 3353 5588 oriundi
3402 5532 3635 5587 Maximi

1997 5623 2306 5679 Theodosii
2344 5638 2455 5678 res.
2488 5623 2631 5679 Item
2662 5622 2979 5677 secundum
3013 5621 3337 5681 universale
3368 5627 3632 5677 sanctum

1996 5710 2302 5772 concilium
2341 5702 2465 5770 :iet
2510 5716 2576 5768 ut
2620 5710 2802 5783 pietas
2848 5710 3180 5769 Christiana
3220 5711 3283 5768 in
3332 5710 3521 5782 majus
3548 5710 3626 5767 sit
