4096 6284
237 423 350 482 617

1264 413 1888 478 ECCLESIASTICE
1931 414 2322 478 HISTORIA:
2367 416 2511 476 LIB.
2560 415 2606 475 Ι.

3514 418 3634 478 618

340 553 441 609 42
471 551 841 607 Posteriorum
891 552 1131 622 quinque
1177 557 1448 607 tomorum
1497 559 1820 621 argumenta
1865 553 2018 607 alius
2066 554 2306 608 auctori:
2351 567 2461 608 esse
2500 551 2772 606 videntur.
2817 552 2924 619 Qui
2971 552 3105 607 tomi
3146 555 3202 607 in
3244 553 3344 609 hoc
3371 568 3530 625 opere

1740 643 1848 681 non
1888 632 2130 680 exstant.

308 733 365 786 (Ο
425 727 470 784 ὃ,

240 841 296 875 τε
354 817 552 878 παῖδας
611 820 698 872 καὶ
761 816 1014 892 ἒγγόνους
1070 816 1233 871 αὐτοῦ
1291 818 1378 871 καὶ
1437 818 1504 871 τὰ
1563 818 1644 872 ἐπ’
1701 818 1889 880 αὐτοῖς

241 911 505 985 γενόμενα
559 905 828 982 περιέξει’
892 908 959 960 τά
1040 927 1097 961 τε
1157 912 1256 974 τῆς
1335 911 1551 981 Περσῶν
1626 910 1894 976 κινήσεως

242 999 360 1052 καθ’
407 995 591 1070 ἡμῶν,
623 1000 720 1050 τοῦ
774 1016 834 1050 τε
882 994 1170 1050 ἀκαθίστου
1226 997 1454 1066 Ὕμνου,
1505 995 1594 1049 καὶ
1638 1002 1738 1062 τῆς
1796 997 1895 1050 Ἱε-

247 1085 576 1161 ροσολύμων
635 1084 931 1142 ἁλώσεως·
988 1083 1077 1138 καὶ
1137 1084 1210 1144 ὡς
1255 1085 1282 1137 6
1318 1085 1554 1156 μυσαρὸς
1598 1089 1894 1154 τηνικαῦτα

245 1177 479 1254 ἆνεφάνη
530 1175 770 1246 Μωάμεθ
801 1194 814 1206 ο
865 1170 944 1227 ἔτι
999 1170 1056 1226 δὲ
1099 1173 1188 1226 καὶ
1236 1173 1302 1226 τὰ
1346 1173 1466 1244 περῖ
1508 1175 1605 1240 τῆς
1637 1174 1894 1247 αἱρέσεως

243 1270 351 1319 τῶν
416 1261 836 1332 Μονοθελητῶν,
892 1261 980 1316 καὶ
1049 1264 1157 1315 τῶν
1219 1261 1302 1315 ἐπ’
1371 1260 1507 1325 αὖτῆ
1566 1263 1893 1334 γενομένων,

247 1351 484 1428 Σεργίου
547 1373 604 1406 τε
661 1353 747 1405 καὶ
811 1349 1052 1425 Πύῤῥου,
1115 1347 1333 1404 Παύλου
1391 1371 1447 1404 τε
1502 1351 1589 1404 κοὶ
1669 1351 1895 1424 Πέτρου,

247 1440 503 1511 Μαξίμου
572 1461 631 1494 τε
697 1443 794 1494 τοῦ
862 1437 1005 1492 θείου
1062 1437 1153 1492 καὶ
1213 1436 1564 1512 ὁμολογητοῦ
1598 1457 1611 1471 ·
1663 1439 1787 1511 περί
1841 1459 1900 1492 τε

245 1537 348 1598 τῆς
410 1524 662 1589 εὐσεϐοῦς
728 1526 1003 1601 βασιλείας
1067 1527 1474 1581 Κωνσταντίνου
1544 1531 1640 1580 τοῦ
1701 1533 1900 1601 ἰῐωγω-

250 1617 458 1672 νάτου·
521 1617 609 1671 καὶ
666 1616 733 1670 τὰ
792 1618 926 1669 κατὰ
972 1617 1070 1682 τήν
1125 1613 1275 1690 ἁγίαν
1325 1612 1489 1684 ἕκτην
1521 1615 1611 1669 καὶ
1644 1614 1904 1686 οῗκουμε-

247 1707 410 1774 νικήν
477 1702 718 1771 σύνοδον,
778 1702 866 1758 καὶ
923 1703 990 1758 τά
1067 1702 1118 1757 ἐν
1194 1702 1330 1775 αὐτῇ

257 1797 372 1870 μετ’
460 1795 650 1864 αὐτὴν,
711 1793 797 1848 ἐπὶ

251 1887 347 1940 καὶ
424 1889 534 1938 τῶν
604 1884 830 1952 καθεξῆς
903 1881 1195 1955 βασιλέων,
1255 1879 1384 1955 ἄχρι
1462 1878 1528 1950 δὴ
1589 1882 1676 1936 καὶ
1736 1882 1906 1948 αὐτῆς

253 1974 399 2044 ὅλης
430 1973 613 2047 ἀρχῆς
645 1973 1001 2026 Ἀναστασίου
1047 1974 1145 2024 τοῦ
1196 1971 1430 2043 Δικόρου
1478 1971 1569 2024 καὶ
1619 1967 1907 2024 Θεοδοσίου

251 2067 357 2119 τοῦ
391 2065 807 2136 ’Δτραμυτηνοῦ
837 2060 947 2114 τῶν
978 2060 1409 2133 αὐτοκρατόρων.

330 2154 394 2208 Ἡ
462 2153 647 2224 μέντοι
702 2151 942 2226 περιοχὴ
1018 2153 1116 2203 τοῦ
1193 2149 1440 2203 εἰκοστοῦ
1511 2148 1686 2222 τόμου
1763 2147 1910 2204 ἔσται

262 2246 416 2301 Λέων
472 2242 652 2297 Κόνων
701 2243 728 2296 6
758 2243 1004 2314 Ἴσαυρος
1069 2240 1155 2294 καὶ
1222 2239 1601 2314 Εἷκονομάχος
1630 2258 1642 2270 °
1695 2239 1810 2294 ὅθεν
1855 2259 1913 2293 τε

254 2336 291 2403 ἡ
343 2337 454 2386 τῶν
510 2329 902 2402 Εἰκονομάχων
954 2325 1162 2401 α’ίρεσις
1220 2327 1465 2399 ἀνεφύη·
1517 2328 1654 2400 πρὸς
1711 2325 1766 2381 δὲ
1823 2326 1911 2381 καὶ

264 2425 293 2478 6
347 2421 725 2496 Κοπρώνυμος
769 2424 1190 2484 Κωνσταντῖνος,
1239 2419 1326 2472 καί
1371 2417 1438 2472 τὰ
1489 2415 1559 2471 δι’
1606 2417 1770 2472 αὐτοῦ
1819 2438 1917 2491 γε-

855 2508 908 2563 ἐν
965 2513 1145 2578 ταυτῷ
1204 2505 1260 2561 δὲ
1317 2507 1406 2561 καὶ
1470 2511 1769 2580 Γερμανοῦ,
1828 2507 1914 2561 καὶ

253 2606 357 2657 τοῦ
415 2601 758 2672 Δαμασκόθεν
812 2598 1084 2666 Ἰωάννου,
1153 2597 1426 2669 Στεφάνου
1483 2616 1540 2650 τε
1614 2600 1711 2650 τοῦ
1775 2595 1914 2661 νέου,

261 2690 354 2743 καὶ
412 2692 519 2741 τῶν
585 2685 800 2741 λοιπῶν
857 2687 1128 2757 θεομισῶν
1184 2684 1350 2739 αὐτοῦ
1407 2682 1601 2759 ἔργων,
1637 2685 1914 2756 μεμνήσε-

265 2797 393 2833 ται·
441 2776 530 2830 καὶ
582 2776 654 2836 ὡς
703 2773 965 2852 διεφθάρη
1010 2774 1171 2834 αὐτός
1223 2794 1280 2826 τε
1329 2774 1418 2826 καὶ
1452 2774 1480 2826 6
1532 2778 1658 2834 παῖς
1693 2775 1846 2826 Λέων
1892 2772 1919 2824 6

267 2868 329 2923 ἐκ
382 2873 482 2935 τῆς
565 2863 815 2939 Χαζάρας
898 2865 996 2931 τὴν
1079 2862 1391 2934 ἐπωνυμίαν
1478 2862 1919 2935 κεκληρωμένος.

267 2959 390 3013 ’Ἐτι
424 2951 850 3026 συνδιαλήψεται
905 2952 996 3006 καὶ
1051 2951 1118 3005 τά
1172 2951 1296 3025 περὶ
1352 2957 1454 3020 τῆς
1504 2945 1756 3011 εὐσεϐοῦς
1817 2951 1921 3022 βα-

274 3043 481 3104 σιλείας
542 3041 944 3098 Κωνσταντίνου
1020 3041 1110 3094 καὶ
1168 3039 1409 3110 Εἰρήνης
1447 3059 1458 3070 ’
1521 3041 1610 3093 καὶ
1669 3039 1735 3093 τά
1789 3039 1923 3093 κατὰ

273 3135 375 3202 τήν
433 3130 590 3208 ἁγίαν
651 3126 895 3204 ἑϐδόμην
953 3129 1043 3184 καὶ
1105 3129 1489 3201 οἶκουμενικήν
1523 3125 1788 3182 σύιοδονο
1835 3127 1924 3181 καὶ

1424 1704 1761 1777 πραχθέντα,
1815 1703 1904 1756 καὶ

886 1796 1265 1848 Ἰουστινιανοῦ
1349 1797 1446 1846 τοῦ
1527 1794 1904 1865 Ῥινοτμήτου,

252 2534 384 2589 γενη
397 2512 524 2585 μένα
582 2510 754 2571 ἀθέως
783 2528 795 2540 ·

276 3226 375 3290 τῆς
431 3227 540 3277 τῶν
602 3220 767 3295 ἁγίων
827 3219 1045 3274 εἰκόνων
1096 3225 1302 3290 τιμῆς·
1354 3219 1490 3292 πρὸς
1551 3215 1608 3271 6‘s
1659 3215 1925 3289 Ταρασίου

277 3312 368 3366 καὶ
400 3309 750 3385 Νικηφόρου·
785 3303 862 3362 ἔτι
919 3305 976 3362 δέ
1024 3305 1317 3368 Πλάτωνος
1349 3306 1438 3360 καὶ
1489 3303 1774 3378 Θεοδώρου
1834 3309 1929 3359 τοῦ

283 3396 623 3455 Στουδίτου·
669 3397 759 3451 καὶ
817 3394 925 3450 τῶν
979 3395 1284 3471 γεγονότων
1341 3396 1391 3449 έν
1441 3395 1659 3455 τούτοις
1693 3395 1929 3467 σχισμά-

279 3509 430 3546 των·
491 3489 579 3542 καὶ
635 3488 708 3548 ὡς
768 3487 796 3541 6
853 3485 959 3541 ἀπὸ
1013 3489 1236 3558 γενικῶν
1298 3483 1633 3557 Νικηφόρος,
1693 3482 1934 3553 Σταυρά-

281 3579 403 3639 κιός
444 3597 504 3630 τε
552 3576 641 3629 καὶ
693 3575 720 3628 6
761 3568 1027 3646 Ῥαγκαϐὲ
1083 3571 1339 3646 Μιχαὴλ,
1395 3573 1486 3626 τὸν
1550 3571 1666 3644 βίον
1721 3568 1932 3644 μετήλ-

287 3669 478 3738 λαξαν.

357 3757 416 3808 Ὃ
471 3753 903 3826 εἷκοστόπρωτος
962 3751 1029 3806 τὰ
1085 3750 1220 3805 κατὰ
1288 3751 1378 3804 τὸν
1441 3744 1671 3816 δυσσεϐῆ
1733 3749 1937 3802 Λέοντα

283 3847 382 3900 τὸν
434 3842 715 3917 ’Δρμένιον
773 3839 1126 3916 διηγήσεται’
1182 3841 1332 3902 ὅπως
1392 3859 1452 3894 τε
1500 3841 1532 3908 ἡ
1581 3835 1802 3912 δευτέρα
1849 3838 1933 3913 γέ-

286 3953 438 4009 γονεν
491 3930 884 4008 εἷκονομαχία·
944 3929 1032 3983 καὶ
1089 3928 1170 3990 τίς
1222 3929 1250 3982 6
1308 3929 1508 3996 ταύτης
1568 3929 1787 3999 πατήρ·
1849 3927 1936 3980 καὶ

290 4023 368 4086 ὡς
426 4021 715 4096 ὑπερόριος
772 4017 859 4073 διά
913 4019 1111 4087 ταύτην
1151 4019 1179 4072 6
1218 4017 1564 4091 πατριάρχης
1625 4015 1938 4092 Νικηφόρος

291 4108 639 4185 ἐγένετο,καὶ
696 4109 722 4161 6
776 4103 1075 4175 Στουδίτης
1121 4104 1428 4179 Θεόδωρος,
1457 4106 1547 4160 καὶ
1602 4104 1748 4159 ἄλλα
1776 4103 1940 4159 πλεῖ-

291 4222 409 4258 στοι
454 4219 468 4233 ⁸
529 4199 653 4273 περί
726 4219 785 4252 τε
861 4204 962 4266 τῆς
1022 4195 1302 4270 βασιλείας
1361 4199 1456 4250 τοῦ
1512 4197 1775 4268 Ἀμορέου
1833 4201 1940 4250 Μι-

285 4287 469 4366 χαὴλ,
519 4287 611 4342 καὶ
661 4289 783 4359 περὶ
837 4285 1108 4342 Μεθοδίου
1151 4290 1249 4340 τοῦ
1302 4286 1681 4358 πατριάρχου·
1732 4285 1818 4338 καὶ
1875 4285 1941 4338 τά

292 4378 345 4434 ἐν
404 4381 474 4450 τῇ
534 4374 788 4450 βασιλείᾳ
827 4375 1097 4448 Θεοφίλου
1154 4376 1503 4450 πραχθέντα·
1530 4375 1620 4428 καὶ
1669 4381 1766 4442 τῆς
1801 4371 1940 4446 παῤ-

295 4467 490 4541 ρησίας
566 4469 672 4520 τῶν
742 4469 1041 4534 τηνικαῦτα
1108 4464 1272 4538 άγίων
1343 4461 1573 4537 ἀνδρῶν,
1633 4468 1739 4517 τῶν
1804 4484 1940 4537 γρα-

296 4561 446 4612 πτῶν
509 4553 768 4628 μάλιστα,
825 4555 916 4608 καὶ
975 4551 1244 4609 Μεθοδίου
1298 4557 1395 4608 τοῦ
1445 4553 1613 4628 ἱεροῦ,
1672 4552 1761 4606 καὶ
1824 4553 1945 4606 Ἰω-

299 4647 406 4724 σήςρ
463 4648 561 4699 τοῦ
623 4643 1014 4720 ὑμνογράφου·
1075 4643 1164 4697 καὶ
1225 4643 1298 4704 ὼς
1371 4641 1422 4696 ἐν
1507 4641 1651 4696 τέλει
1718 4640 1943 4715 ὃενόμε-

296 4755 383 4796 νος
421 4735 450 4788 6
481 4731 773 4810 Θεόφιλος,
804 4737 921 4792 ταῖς
947 4732 1118 4804 ἱεραῖς
1145 4730 1316 4785 εἰκόσι
1345 4732 1656 4804 προσέθετο.

369 4830 455 4897 Τῷ
514 4821 572 4878 δὲ
632 4823 861 4893 εἴκοστῷ
919 4820 1150 4896 δευτέρῳ
1218 4820 1363 4876 ἔσται
1425 4819 1791 4896 διηγουμένῳ,
1851 4823 1949 4876 ὅσα
1983 4817 2025 4879 D

302 4914 386 4970 ἒπὶ
439 4911 676 4986 Μιχαὴλ
721 4912 809 4966 καὶ
856 4908 1136 4986 Θεοδώρας
1187 4918 1286 4978 τῆς
1329 4911 1483 4984 ἁγίας
1529 4911 1695 4964 αὐτοῦ
1747 4911 1954 4984 μητρὸς

300 5008 367 5076 τῇ
420 5000 725 5070 Ἐκκλησία
807 4999 1096 5074 ἐπράχθη’
1157 5001 1246 5054 καὶ
1305 5001 1338 5068 ἡ
1403 4998 1782 5070 ἀναστήλωσις
1847 5000 1953 5052 τῶν

303 5093 472 5168 ἁγίων
540 5089 762 5144 εἰκόνων
829 5087 1039 5161 ἐγένετο
1086 5110 1098 5121 ο
1150 5090 1274 5162 περί
1342 5109 1399 5142 τε

307 5179 576 5257 μεγάλου,
636 5178 725 5232 καὶ
799 5183 902 5245 τῆς
974 5173 1292 5249 διακρίσεως
1366 5175 1657 5242 Μεθοδίου,
1709 5177 1794 5229 καὶ
1856 5183 1954 5244 τῆς

303 5273 408 5324 τῶν
493 5266 717 5340 ἀνιέρων
789 5263 1152 5339 καθαιρέσεως
1228 5265 1436 5338 ἱερέων,
1493 5265 1582 5318 καὶ
1649 5269 1756 5318 τῶν
1835 5265 1957 5319 τότε

304 5352 666 5434 σχισμάτων·
727 5353 852 5426 περί
908 5371 966 5406 τε
1041 5355 1358 5420 Λιζικιανῶν
1435 5352 1526 5405 καὶ
1595 5351 1952 5424 Μανιχαίων·

302 5445 391 5499 καὶ
453 5444 529 5505 ὡς
579 5441 642 5495 τὸ
699 5444 808 5495 τῶν
871 5438 1198 5516 Βουλγάρων
1253 5436 1399 5502 ἔθνος
1470 5441 1560 5495 τὸν
1637 5441 1954 5514 Χριστιανι-

305 5533 442 5606 σμὸν
496 5527 856 5602 προσεδέξατο
895 5545 907 5558 ⁶
969 5525 1048 5582 ἔτι
1108 5524 1164 5582 δὲ
1221 5528 1310 5581 καὶ
1363 5529 1486 5602 περῖ
1545 5526 1808 5603 Ἰγνατίου
1865 5527 1952 5581 καὶ

307 5620 528 5674 Φωτίου
567 5621 674 5672 τῶν
733 5618 1123 5691 πατριαρχών·
1184 5617 1274 5670 καὶ
1331 5617 1396 5670 τὰ
1452 5615 1646 5689 μεταξὺ
1705 5619 1810 5670 τῶν
1859 5613 1953 5670 δύο

307 5708 517 5768 τούτων
575 5700 896 5778 συμϐάντα·
957 5707 1047 5759 καὶ
1102 5707 1169 5760 τὰ
1228 5706 1392 5778 μέσον
1449 5706 1671 5761 Φωτίου
1716 5705 1803 5759 καὶ
1859 5711 1954 5761 Νι-

636 5810 895 5868 ΡΑτιιοι..
941 5810 1056 5868 Gs.
1101 5805 1321 5868 CXLV.

1473 5088 1804 5142 Ἰωαννικίου
1859 5091 1956 5140 τοῦ

529 725 1001 790 ἐννεακαιδέκατος
1058 727 1220 782 αὐτόν
1271 748 1328 781 τε
1385 728 1732 801 Ἡράκλειον,
1763 729 1888 791 τούς
1919 734 1972 800 Α

1963 3451 2012 3514 C

2073 733 2135 787 In
2187 732 2408 786 decimo
2461 747 2612 785 nono
2663 735 2818 786 tomo
2850 735 3053 802 agetur
3099 733 3169 788 de
3200 733 3326 804 ipsa
3358 733 3639 802 Heraclio,

1998 820 2316 890 liberisque
2339 829 2389 874 et
2422 819 2729 889 nepotibus
2751 821 2898 890 ejus,
2923 830 2974 875 et
2999 823 3170 877 rebus
3203 823 3312 877 sub
3335 822 3417 878 eis
3437 823 3637 894 gestis.

1999 913 2212 976 Agetur
2243 914 2514 979 praeterea
2546 911 2613 964 de
2646 909 2950 964 Persarum
2975 911 3251 965 adversus
3277 910 3640 966 Christianos

2001 1002 2183 1052 motu.
2216 997 2354 1051 Item
2407 997 2478 1050 de
2527 1001 2887 1052 sacrosancto
2943 997 3176 1068 hymno,
3228 1003 3283 1052 et
3316 997 3640 1067 Hierosoly-

2004 1103 2229 1141 morum
2273 1084 2618 1154 captivitate.
2679 1085 2746 1139 Et
2790 1089 2851 1139 ut
2896 1086 3266 1142 exsecrabilis
3316 1091 3371 1141 et
3423 1087 3643 1141 abomi-

2003 1175 2228 1230 nandus
2258 1189 2324 1228 ea
2355 1178 2518 1228 aetate
2548 1173 2950 1228 Mabomethus
3005 1179 3235 1230 coortus
3267 1175 3363 1230 sit.
3398 1175 3540 1230 Item
3573 1176 3643 1231 de

2005 1264 2204 1318 haeresi
2258 1262 2784 1326 Monothelitarum,
2833 1268 2890 1317 et
2942 1265 3039 1332 qui
3083 1279 3208 1318 eam
3257 1265 3453 1320 sectati
3484 1271 3640 1324 sunt.

2005 1352 2226 1422 Sergio,
2263 1351 2500 1420 Pyrrho,
2557 1351 2734 1405 Paulo
2765 1356 2819 1404 et
2853 1353 3055 1418 Petro;
3087 1353 3224 1407 item
3267 1353 3337 1407 de
3368 1353 3641 1418 Maximo,

2006 1441 2200 1495 divino
2230 1441 2560 1496 contessore
2585 1455 2598 1505 ;
2623 1442 2760 1494 item
2793 1441 2864 1494 de
2897 1440 2988 1510 pio
3020 1441 3266 1512 imperio
3289 1441 3646 1497 Constantini

2009 1530 2278 1594 Pogonati
2328 1530 2444 1582 sive
2496 1529 2763 1594 Barbati;
2805 1529 2941 1583 item
2976 1531 3046 1584 de
3075 1536 3275 1585 sancto
3323 1536 3482 1586 sexto
3514 1529 3648 1585 uni-

2007 1617 2217 1673 versali
2251 1618 2514 1683 concilio,
2550 1617 2838 1688 rebusque
2883 1619 2939 1672 in
2984 1634 3050 1672 eo
3099 1624 3154 1673 et
3203 1624 3329 1689 post
3358 1619 3415 1674 id
3446 1619 3648 1690 gestis,

2010 1713 2273 1778 tempore
2319 1706 2630 1761 Justiniani
2685 1705 3066 1772 Rhinotmeti,
3115 1711 3172 1762 et
3219 1708 3648 1764 succedentium

2015 1796 2460 1866 imperatorum,
2495 1811 2679 1864 usque
2721 1797 2790 1849 ad
2832 1795 3124 1865 integrum
3159 1796 3466 1868 imperium
3501 1805 3654 1852 Ana-

2015 1885 2177 1940 stasii
2238 1884 2444 1951 Dicori,
2505 1887 2560 1938 et
2614 1884 2922 1939 Theodosii
2983 1886 3342 1957 Alramyteni
3403 1886 3657 1956 impera-

2019 1975 2181 2030 toris.

2091 2153 2363 2211 Vicesimi
2413 2154 2551 2210 tomi
2601 2155 2839 2210 materia
2877 2155 2987 2209 erit
3038 2155 3147 2210 Leo
3178 2157 3372 2211 Conon
3404 2157 3658 2223 Isaurus,

2021 2246 2347 2316 imaginum
2381 2242 2733 2298 debellator:
2771 2245 2922 2298 unde
2953 2245 3125 2300 etiam
3162 2244 3398 2300 haeresis
3430 2250 3665 2301 etsecta

2023 2334 2308 2402 imagines
2353 2331 2764 2388 debellantium
2813 2337 2902 2388 est
2953 2337 3171 2387 exorta.
3205 2333 3486 2389 Praeterea
3516 2336 3662 2389 Con-

2025 2427 2323 2481 stantinus
2355 2426 2773 2496 COpronymus,
2821 2427 2879 2480 et
2928 2440 3051 2496 quae
3102 2425 3172 2480 ab
3217 2442 3283 2480 eo
3327 2425 3504 2496 impie
3549 2425 3669 2479 sint

2026 2515 2189 2572 facta.
2231 2516 2290 2569 In
2309 2515 2508 2569 eodem
2542 2520 2700 2569 tomo
2733 2514 2948 2569 mentio
2970 2529 3201 2586 quoque
3243 2514 3341 2568 ﬂet
3370 2513 3666 2577 Germani,

2026 2601 2270 2658 Joannis
2301 2601 2667 2668 Damasceni,
2719 2605 2776 2656 et
2819 2601 3095 2670 Stephani
3139 2600 3413 2670 junioris,
3447 2604 3502 2654 et
3531 2600 3669 2654 item

2030 2691 2386 2760 reliquorum
2425 2690 2542 2744 Deo
2575 2690 2892 2744 invisorum
2927 2689 3203 2745 factorum
3236 2689 3494 2759 ejusdem
3529 2689 3674 2743 Con-

2031 2780 2273 2835 stantini
2305 2795 2318 2832 :
2351 2783 2407 2834 et
2438 2783 2502 2832 ut
2534 2779 2676 2848 ipse,
2719 2778 2996 2849 filiusque
3026 2779 3153 2847 ejus
3189 2778 3320 2844 Leo,
3353 2793 3672 2845 cognomen

2033 2887 2064 2924 a
2095 2869 2368 2934 Chazara,
2401 2868 2520 2922 sive
2557 2883 2812 2933 secessu,
2840 2868 3101 2938 adeptus,
3125 2867 3467 2922 interierint.
3501 2866 3675 2921 Com-

2035 2958 2312 3028 plectelur
2342 2955 2490 3009 idem
2516 2959 2709 3010 tomus
2731 2971 2820 3010 res
2842 2959 3039 3024 gestas
3061 2954 3138 3026 pii
3163 2954 3678 3026 imperliConstan-

2039 3047 2139 3100 tini
2174 3051 2232 3098 et
2273 3044 2474 3107 lrenas,
2497 3053 2548 3098 et
2580 3048 2790 3099 sanctae
2821 3043 3076 3112 septimis
3102 3043 3442 3098 universalis
3473 3041 3678 3114 synodi

2037 3140 2185 3190 acta.
2218 3140 2275 3187 et
2304 3133 2601 3188 restitutos
2633 3132 2812 3187 sacris
2846 3131 3204 3203 imaginibus
3234 3132 3502 3187 honores.
3534 3133 3676 3199 Age-

2040 3233 2129 3276 tur
2161 3237 2389 3291 quoque
2421 3221 2491 3276 de
2521 3221 2752 3276 Tarasio
2801 3224 2860 3274 et
2906 3219 3246 3290 Nicephoro,
3286 3219 3426 3274 item
3459 3219 3530 3273 de
3561 3219 3683 3274 Pla-

2042 3318 2194 3376 tone,
2215 3313 2271 3364 et
2291 3310 2589 3366 Theodoro
2614 3311 2862 3375 Studita,
2887 3314 2944 3363 et
2965 3326 3091 3381 quae
3119 3309 3323 3364 horum
3355 3314 3679 3380 temporum

2043 3399 2258 3454 fuerint
2305 3399 2622 3453 schismata
2670 3404 2726 3452 et
2767 3399 3046 3463 dissidis;
3098 3404 3152 3453 et
3196 3397 3486 3468 quomodo
3517 3394 3684 3453 Nice-

2045 3490 2260 3559 phorus
2311 3487 2546 3552 nobilis,
2596 3487 2954 3555 Stauracius,
3001 3490 3057 3543 et
3103 3485 3345 3541 Michael
3405 3485 3682 3540 Rancaba:

2045 3578 2220 3630 vilam
2255 3575 2526 3632 finierint.

2120 3757 2445 3812 Vicesimus
2498 3756 2722 3819 primus
2769 3762 2960 3812 tomus
3008 3757 3167 3826 impii
3205 3757 3404 3812 Leonis
3433 3757 3690 3812 Armenii

2048 3853 2211 3918 gesta
2245 3863 2257 3900 :
2293 3850 2349 3900 et
2380 3847 2668 3915 quomodo
2700 3846 3019 3901 secundum
3073 3845 3431 3918 imaginibus
3476 3845 3691 3902 bellum

2049 3938 2118 3990 sit
2151 3935 2396 4000 illatum,
2434 3935 2565 4005 quis
2596 3936 2719 4004 ejus
2745 3933 2879 3989 belli
2903 3941 3143 4002 auctor;
3177 3940 3234 3990 et
3254 3941 3314 3990 ut
3335 3952 3401 3991 ea
3431 3937 3501 3991 de
3524 3953 3698 3992 causa

2050 4025 2406 4093 Nicephorus
2484 4023 2830 4094 patriarcha,
2905 4024 3241 4080 Theodorus
3309 4025 3585 4089 Studites,
3641 4033 3695 4080 et

2051 4112 2378 4183 complures
2427 4112 2523 4166 alii
2574 4112 2630 4166 in
2681 4113 2948 4167 exsilium
3000 4113 3116 4167 sint
3166 4115 3299 4182 acti,
3347 4115 3690 4170 recensebit.

2049 4200 2474 4271 Complectetur
2493 4219 2724 4272 quoque
2747 4201 3057 4273 imperium
3092 4202 3391 4259 Michaelis
3423 4203 3691 4274 Amoraei,

2049 4297 2103 4345 et
2138 4307 2224 4346 res
2257 4289 2528 4344 Methodii
2563 4290 2921 4360 patriarchas.
2975 4290 3112 4345 ltem
3167 4307 3256 4346 res
3309 4293 3420 4346 sub
3452 4293 3696 4363 imperio

2049 4377 2356 4448 Theophili
2393 4384 2605 4448 gestas.
2641 4379 2784 4433 Item
2827 4377 3054 4432 dicendi
3106 4379 3429 4434 libertatem
3475 4385 3695 4435 8311060.

2052 4484 2181 4522 rum
2216 4483 2281 4521 eo
2331 4475 2584 4538 tempore
2628 4468 2900 4533 virorum,
2935 4467 3223 4537 praecipue
3257 4470 3310 4521 in
3353 4468 3523 4538 pictis
3555 4469 3696 4524 ima-

2058 4555 2294 4623 ginibus
2323 4555 2723 4609 defendendis.
2755 4559 2974 4625 Agatur
2997 4556 3134 4610 item
3161 4557 3229 4610 de
3260 4561 3461 4612 sancto
3485 4557 3696 4611 Metho-

2061 4646 2176 4709 dio,
2219 4648 2276 4697 et
2304 4643 2556 4712 Josepho
2587 4644 2936 4714 hymnorum
2965 4644 3248 4714 scriptore
3275 4663 3287 4704 ;
3321 4654 3374 4699 et
3407 4649 3470 4699 ut
3497 4646 3552 4698 in
3586 4646 3700 4701 {ine

2062 4750 2235 4803 prope
2258 4733 2382 4786 vitae
2404 4731 2760 4804 Theophilus
2801 4749 2991 4788 sacras
3025 4733 3310 4803 imagines
3344 4733 3694 4804 approbarit.

2132 4824 2191 4876 ln
2251 4821 2522 4875 vicesimo
2583 4823 2832 4876 secundo
2893 4822 3368 4886 recensebantur,
3419 4838 3544 4892 qua
3590 4824 3700 4878 sub

2068 4909 2310 4980 imperio
2360 4909 2674 4975 Michaelis,
2725 4915 2779 4963 et
2815 4910 3128 4965 Theodorae
3163 4912 3363 4964 matris
3396 4913 3540 4980 ejus,
3574 4930 3704 4967 san-

2068 5004 2171 5052 eta:
2206 4999 2454 5067 feminae,
2507 4999 2770 5052 Ecclesiae
2822 5000 3158 5063 acciderint,
3191 5003 3247 5052 et
3279 5000 3565 5054 restitutio
3605 5018 3705 5056 sa-

2067 5105 2295 5142 crarum
2346 5089 2690 5158 imaginum.
2748 5089 2974 5142 Dicetur
3024 5104 3252 5158 quoque
3303 5090 3371 5142 de.
3401 5088 3704 5143 Joannicio

2067 5176 2293 5246 Magno,
2323 5176 2393 5230 de
2439 5177 2916 5230 meditationibus
2968 5176 3262 5243 Methodii,
3296 5176 3366 5229 de
3398 5175 3704 5247 impiorum

2067 5265 2436 5334 abrogatione
2467 5267 2830 5320 sacerdotum
2860 5281 2872 5318 :
2899 5266 2965 5319 de
2996 5266 3123 5334 ejus
3156 5265 3433 5335 temporis
3456 5265 3710 5319 dissidiis

2066 5359 2122 5408 et
2170 5353 2604 5422 schismatibus,
2657 5354 2940 5424 praecipue
2997 5369 3126 5408 vero
3177 5355 3247 5407 de
3299 5353 3599 5409 Lizicianis
3657 5360 3712 5409 et

2068 5441 2427 5508 Manichaais,
2464 5445 2526 5495 ut
2577 5457 2719 5512 gens
2771 5441 3146 5512 Bulgarorum
3198 5442 3710 5498 Christianismum

2065 5529 2389 5600 susceperit
2433 5545 2445 5583 :
2501 5529 2570 5584 de
2626 5531 2851 5600 lgnatio
2895 5537 2949 5583 et
2996 5529 3196 5584 Pholio
3247 5530 3607 5600 patriarchis,
3659 5535 3714 5586 et

2072 5635 2202 5691 qua
2253 5618 2446 5672 medio
2489 5617 2639 5672 inter
2687 5618 2829 5673 istos
2887 5622 3147 5689 tempore
3196 5619 3530 5674 acciderint.
3571 5621 3713 5674 Item

2069 5725 2197 5778 quae
2230 5707 2379 5762 inter
2410 5706 2684 5763 Pbotium
2735 5711 2788 5762 et
2838 5706 3137 5762 Nicolaum
3171 5723 3379 5778 papam
3416 5708 3531 5762 sint
3565 5713 3718 5763 acta-

3320 5806 3400 5863 20
