4096 6284
426 327 548 390 619

1723 328 2144 394 NICEPHORI
2187 332 2538 395 CALLISTI

3707 343 3820 404 620

429 456 496 513 Et
541 465 602 515 ut
648 459 865 518 Bardas
895 461 1097 530 Caesar,
1143 464 1202 517 et
1248 461 1560 550 imperator
1605 459 1806 516 Michel
1856 460 1931 515 sit
1977 477 2070 516 oc-

2205 461 2392 550 ιολᾴου
2484 467 2582 518 τοῦ
2651 465 2806 519 πάπα
2889 464 3219 542 γεγενημένα
3250 484 3264 499 ⁸
3322 467 3414 522 καὶ
3480 467 3556 530 ὡς
3628 468 3822 547 ἐσφάγη

431 549 609 606 cisus.

504 739 768 794 Vicesimi
821 738 974 795 tertii
1021 738 1175 793 comi
1225 739 1635 807 argumentum
1686 737 1798 794 erit
1828 736 2078 794 Basilius

429 827 687 898 Macedo,
721 835 779 884 et
812 827 912 882 ﬁlii
948 827 1090 896 eius,
1141 826 1252 881 Leo
1286 826 1532 892 Sapiens
1562 831 1618 882 et
1647 825 1990 894 Alexander,
2021 829 2078 882 et

429 933 554 988 quae
603 916 710 972 sub
760 917 854 972 his
905 915 1175 972 Ecclesia
1225 916 1537 972 evenerint.
1587 915 1658 970 Et
1700 930 1936 970 rursum
1988 931 2078 971 res

431 1007 615 1062 Photii
665 1011 722 1064 et
769 1006 998 1078 Ignatii.
1047 1008 1188 1062 Item
1237 1009 1368 1062 acta
1410 1006 1539 1074 ejus
1596 1021 1722 1076 quae
1781 1005 1935 1060 dicta
1991 1008 2082 1061 est

429 1100 623 1151 actava
668 1094 1012 1151 universalis
1060 1094 1340 1167 synodus.
1391 1093 1670 1150 Praaterea
1718 1092 1994 1150 scandala
2022 1097 2081 1150 et

437 1183 809 1254 offendicula,
868 1199 992 1256 quin
1051 1191 1172 1238 tum
1235 1199 1338 1255 per
1396 1183 1657 1239 Photium
1693 1183 2077 1252 texstiterunt.

435 1276 579 1330 Item
605 1277 669 1328 ut
697 1289 839 1346 gens
862 1273 1260 1329 Rhutenorum
1288 1271 1364 1328 sit
1385 1271 1718 1328 Christiana
1741 1271 1913 1328 facta.
1941 1273 2080 1327 Item

431 1363 503 1419 de
533 1361 864 1433 patriarcha
906 1362 1222 1433 Stephano,
1274 1361 1375 1433 qui
1421 1361 1625 1416 Photio
1670 1360 1973 1426 successit,
2024 1363 2083 1416 et

432 1451 748 1508 schismate
795 1455 1026 1520 propter
1073 1450 1269 1520 ipsum
1315 1447 1674 1520 Stephanum
1723 1457 1942 1504 exorto.
1987 1448 2079 1503 In-

433 1555 609 1610 super
647 1539 719 1595 de
749 1543 1001 1612 quatuor
1031 1537 1320 1609 coniugiis
1352 1536 1718 1608 imperatoris
1749 1536 1956 1592 Leonis
1977 1537 2084 1592 Sa-

432 1631 664 1700 pientis,
706 1633 762 1685 et
805 1629 1229 1684 schismatibus
1270 1627 1626 1698 synodisque
1671 1643 1738 1682 ea
1786 1627 1857 1682 de
1907 1643 2086 1682 causa

433 1719 674 1775 habitis.
727 1721 868 1775 Item
919 1719 990 1774 de
1037 1716 1273 1773 Nicolao
1305 1722 1362 1772 et
1401 1717 1708 1788 Euthymio
1740 1716 2086 1788 patriarchis

2182 549 2390 626 Βάρδας
2469 553 2496 606 ὁ
2575 557 2801 628 Καῖσαρ,
2869 553 2958 608 καὶ
3035 556 3063 609 ὁ

2183 640 2444 716 Μιχαήλ.

3145 555 3491 632 αὐτοκράτωρ
3567 558 3827 634 ἀνῄρηται

2253 734 2356 784 Τοῦ
2403 727 2460 783 δε
2515 729 2764 786 εἷκοστοῦ
2818 731 3004 807 τρίτου
3059 733 3094 802 ἡ
3145 733 3446 809 περίληψις
3489 730 3642 792 ἔσται
3678 735 3828 792 Βασί-

2183 817 2331 881 λειος
2382 820 2412 874 ὁ
2457 817 2720 876 Μακεδὼν
2771 821 2861 875 καὶ
2913 823 2964 876 οἱ
3011 820 3202 884 παῖδες
3251 823 3441 894 αὐτοῦ,
3476 825 3625 881 Λέων
3669 827 3697 881 ὁ
3729 833 3829 882 Σο-

2183 907 2282 986 se;
2343 905 2432 961 καὶ
2492 906 2890 983 Ἀλέξανδρος·
2944 910 3033 964 καὶ
3091 911 3160 964 τὰ
3215 909 3302 968 ἐπὶ
3351 911 3558 967 τούτων
3599 919 3670 988 τῇ
3724 915 3834 970 Ἐκ-

2181 995 2389 1066 κλησίᾳ
2454 992 2776 1070 συμϐάντα·
2835 999 2926 1054 καὶ
3009 997 3162 1061 αὖθις
3242 1002 3377 1054 κατὰ
3457 1002 3677 1058 Φώτιον
3749 1002 3832 1058 καὶ

2184 1085 2486 1160 Ἰγνάτιον·
2540 1086 2631 1140 καὶ
2685 1087 2751 1142 τὰ
2801 1087 2927 1163 περὶ
2982 1091 3082 1154 τῆς
3145 1086 3454 1165 λεγομένης
3500 1089 3708 1168 ὀγδόης
3757 1092 3832 1148 οἷ-

2183 1181 2515 1246 κουμενικῆς
2571 1172 2820 1248 συνόδου,
2872 1173 2964 1231 καί
3047 1181 3154 1232 τῶν
3231 1184 3530 1248 τηνικαῦτα
3612 1178 3834 1236 σκανδά-

2185 1259 2296 1317 λων
2329 1259 2417 1318 διὰ
2444 1264 2535 1318 τὸν
2571 1263 2786 1320 Φώτιον
2814 1284 2826 1296 ⁸
2860 1267 2949 1320 καὶ
2980 1267 3130 1328 ὅπως
3162 1267 3224 1322 τὸ
3254 1264 3406 1332 ἔθνος
3431 1273 3540 1324 τῶν
3570 1269 3708 1332 Ῥῶς
3739 1271 3827 1326 τὸν

2184 1351 2604 1425 Χριστιανισμὸν
2656 1351 3022 1428 παρεδέξατο·
3069 1355 3157 1410 καὶ
3227 1355 3352 1430 περὶ
3399 1361 3495 1412 τοῦ
3559 1359 3699 1431 μετὰ
3751 1359 3838 1414 τὸν

2187 1441 2402 1497 Φώτιον
2463 1446 2810 1518 πατριάρχου
2869 1445 3164 1522 Στεφάνου,
3229 1447 3320 1500 καὶ
3389 1444 3488 1502 τοῖ’)
3561 1444 3637 1503 δι’
3678 1447 3839 1504 αὐτοῦ

2187 1527 2526 1606 σχίσματος·
2561 1528 2638 1586 ἔτι
2693 1529 2749 1586 δὲ
2801 1534 2892 1588 καὶ
2958 1541 3058 1603 τῆς
3116 1537 3485 1610 τετραγαμίας
3540 1541 3642 1592 τοῦ
3687 1537 3839 1611 βασι-

2189 1619 2331 1680 λέως
2362 1621 2590 1684 Λέοντος
2623 1627 2720 1676 τοῦ
2772 1627 2974 1702 Σοφοῦ,
3013 1625 3104 1679 καὶ
3152 1629 3259 1680 τῶν
3300 1623 3370 1681 δι’
3402 1626 3570 1696 αὐτήν
3621 1631 3840 1703 γενομέυ

2189 1730 2296 1763 νων
2349 1711 2670 1784 σχισμάτων
2720 1733 2778 1766 τε
2826 1713 2918 1766 καὶ
2970 1711 3208 1769 συνόδων
3237 1734 3249 1748 '
3284 1715 3409 1792 περί
3454 1737 3512 1771 τε
3560 1717 3843 1774 Νικολάου

434 1806 1107 1884 Constantinppolitanis,
1160 1807 1450 1877 rebusque
1489 1807 1600 1861 sub
1649 1806 1734 1861 eis
1781 1806 1947 1861 actis.
1982 1807 2084 1862 Po-

2205 1798 2278 1852 ιαὶ
2347 1799 2610 1871 Είθυμίου
2663 1804 2769 1854 τῶν
2828 1804 2927 1866 τῆς
2986 1805 3384 1858 Κωνσταντίνου
3445 1811 3843 1882 πατριαρχῶνο

435 1903 674 1964 stremo,
709 1901 776 1952 ut
819 1899 922 1953 Leo
969 1895 1433 1968 sapientissimus
1475 1895 1788 1967 imperator
1817 1895 1896 1952 sit
1930 1911 2082 1952 mor-

438 1992 598 2042 tuus.

509 2076 579 2130 Et
610 2074 732 2131 hac
762 2074 996 2148 quidem
1037 2072 1366 2130 accuratius
1409 2073 1740 2145 clariusque
1780 2075 1887 2130 toti
1926 2073 2084 2146 operi

440 2164 786 2236 praemittere
815 2163 1133 2231 voluimus,
1163 2179 1229 2220 eo
1261 2161 1524 2230 consilio,
1574 2167 1638 2218 ut
1667 2163 1878 2218 animis
1907 2163 2085 2219 lecto-

351 2284 356 2290 ~
440 2271 570 2309 rum
605 2253 970 2326 pr0positum
1002 2259 1407 2324 argumentum
1430 2268 1496 2308 eo
1530 2253 1881 2324 perspectius
1909 2256 2084 2308 esset.

440 2348 524 2398 Ne
555 2344 646 2397 cui
677 2348 866 2398 autem
903 2341 1202 2398 historiam
1235 2349 1493 2397 nostram
1526 2342 1837 2412 depravere
1867 2341 1968 2396 48
2001 2341 2088 2396 ta-

441 2434 549 2489 cile
579 2437 732 2487 esset
764 2431 1219 2504 (consueverunt
1249 2431 1406 2486 enim
1441 2430 1612 2486 multi
1639 2430 1842 2499 :aliena
1873 2429 2088 2500 scripta

441 2539 509 2577 ex
542 2521 778 2576 arbitrio
809 2536 936 2587 suo,
973 2527 1144 2592 prout
1176 2520 1259 2575 eis
1287 2527 1371 2575 est
1401 2519 1610 2585 visum,
1635 2519 1894 2590 digerere
1916 2528 2088 2590 atque

443 2609 773 2682 disponere)
810 2609 1027 2680 primas
1067 2608 1184 2664 sive
1212 2607 1489 2680 capitales
1520 2608 1746 2663 litteras
1773 2612 2086 2676 tomorum,

444 2700 542 2772 qui
577 2698 814 2770 quidem
847 2696 994 2752 tomi
1021 2713 1310 2752 annorum
1344 2712 1582 2752 suorum
1606 2712 1910 2752 numerum
1933 2697 2090 2766 quis-

449 2803 562 2858 que
587 2802 923 2859 expressum
948 2785 1266 2851 continent,
1289 2784 1371 2840 ita
1393 2785 1718 2856 posuimus,
1745 2791 1806 2840 ut
1827 2784 2089 2840 certioris

445 2875 578 2930 ﬁdei
609 2875 793 2945 gratia
825 2889 1035 2929 nomen
1086 2878 1142 2928 et
1170 2877 1508 2944 “cognomen
1540 2877 1805 2928 nostrum
1840 2874 2092 2928 referant

443 2970 614 3033 atque
645 2963 1126 3034 complectantur.
1178 2962 1564 3027 Quamobrem
1608 2966 1758 3033 peto,
1812 2962 1861 3017 si
1900 2978 2025 3034 quae
2055 2979 2090 3018 a

445 3053 615 3108 nobis
649 3069 751 3124 per
781 3057 965 3108 totum
1016 3052 1123 3106 hoc
1171 3067 1318 3124 cpus
1349 3055 1504 3106 recte
1545 3055 1687 3106 sunt
1717 3051 1994 3120 exposita,
2023 3055 2090 3107 ut

443 3158 511 3197 ea
537 3145 697 3197 extra
728 3141 1004 3196 invidiam
1038 3141 1157 3196 sint
1195 3141 1497 3206 collocata,
1528 3156 1655 3211 quas
1686 3139 1925 3210 optimis
1957 3141 2087 3210 qui-

443 3233 674 3303 busque
722 3231 896 3286 rebus
947 3229 1230 3301 praecipue
1275 3229 1583 3284 imminere
1631 3229 1950 3284 consuevit.
1983 3229 2085 3284 Sin

439 3335 578 3376 vero
608 3321 666 3374 in
699 3319 998 3390 aliquibus
1026 3317 1348 3390 ignorantia
1379 3317 1524 3389 lapsi
1554 3333 1785 3385 sumus,
1821 3331 1884 3372 ea
1917 3322 1980 3372 ut
2017 3317 2088 3373 ah

443 3409 574 3464 aliis
623 3408 722 3480 qui
754 3413 811 3464 et
859 3407 1131 3464 doctrinm
1185 3411 1241 3462 et
1287 3405 1649 3478 eloquentiae,
1697 3409 1870 3476 atque
1913 3405 2087 3462 etiam

442 3496 811 3569 experientiae
856 3496 1064 3551 virtute
1112 3495 1352 3568 pollent,
1403 3495 1782 3564 corrigantur.
1830 3493 1891 3549 In
1917 3495 2089 3565 juve-

443 3585 547 3642 nili
594 3585 752 3640 enim
785 3588 952 3639 etate
983 3600 1126 3654 opus
1173 3583 1281 3638 hoc
1308 3582 1674 3638 conscribere
1706 3582 1966 3654 aggressi
1998 3599 2092 3636 su-

442 3691 594 3742 mus,
627 3673 900 3746 idemque
945 3673 1202 3728 nondum
1251 3680 1468 3727 sextum
1500 3675 1556 3726 et
1598 3671 1962 3726 tricesimum
1990 3687 2092 3725 an-

443 3780 582 3818 num
643 3763 855 3831 egressi
925 3762 1292 3834 perfecimus.
1354 3759 1833 3831 Quandoquidem
1893 3762 2090 3814 autem

441 3852 670 3906 abunde
700 3850 897 3906 omnia
918 3866 986 3906 ea
1015 3866 1146 3922 qua:
1167 3866 1315 3921 opus
1347 3865 1468 3904 esse
1500 3847 1850 3920 putavimus,
1885 3846 2096 3902 hucus-

2194 1886 2282 1940 καὶ
2326 1887 2392 1942 τὰ
2438 1887 2526 1942 ἐπὶ
2572 1887 2790 1952 τούτοις
2823 1908 2834 1920 ·
2883 1891 2974 1945 καὶ
3025 1892 3100 1954 ὡς
3144 1887 3352 1947 ἀπεϐίω
3401 1894 3552 1948 Λέων
3598 1895 3628 1949 ὁ
3662 1895 3845 1971 σοφώ-

2192 1995 2359 2039 τατος
2391 1976 2672 2050 βασιλεύς.

2263 2068 2438 2119 Ταῦτα
2493 2067 2587 2138 μὶν
2642 2065 2695 2129 ές
2754 2071 2814 2122 τὸ
2869 2063 3088 2142 ἀκριϐὲς
3145 2068 3660 2145 προδιωρισάμεθα,
3703 2073 3848 2148 ἠρη-

2199 2153 2349 2228 μένοι
2407 2157 2504 2224 τὴν
2582 2161 2690 2212 τῶν
2765 2160 3240 2235 ἀναγινωσκόντων
3317 2159 3557 2218 διάνοιαν
3638 2165 3701 2220 ἐκ
3750 2167 3844 2220 τοῦ

2196 2243 2392 2318 σχεδὸν
2449 2247 2547 2314 τὴν
2623 2245 2719 2311 τῆς
2797 2249 3100 2312 ὑποθέσεως
3177 2251 3430 2326 πρόθεσιν
3507 2252 3844 2309 εὖσύνοπτου

2197 2331 2343 2408 ἔχειν
2369 2351 2383 2365 ⁸
2415 2331 2509 2389 ἵνα
2540 2331 2596 2390 δὲ
2641 2338 2716 2408 μή
2750 2357 2853 2391 τινι
3025 2337 3379 2412 λυμαίνεσθαι
3432 2345 3510 2414 τῷ
3565 2344 3848 2418 συγγράμ-

2200 2442 2328 2496 ματι
2353 2441 2370 2460 ο
2405 2423 2624 2478 εἰώθασι
2673 2425 2776 2498 γὰρ
2827 2427 2880 2480 οἱ
2913 2425 3164 2482 πλεῖστοι
3211 2429 3306 2491 τὰς
3337 2428 3644 2506 ἀλλοτρίας
3672 2453 3844 2509 πραγ-

2201 2512 2418 2584 ματείας
2463 2509 2823 2584 διασκευάζειν
2872 2517 3005 2590 πρὸς
3047 2518 3110 2572 τὸ
3161 2515 3394 2573 δοκοῦν·
3427 2519 3522 2581 τὰς
3576 2521 3676 2594 μὲν
3737 2525 3850 2576 τῶν

2195 2602 2384 2672 τόμων
2433 2601 2821 2681 ἀκροστιχίδας
2868 2607 2948 2676 τῷ
2997 2605 3116 2678 ἐμῷ
3164 2607 3678 2686 προησφαλισοὶμην
3730 2609 3849 2665 ὀνό-

2203 2690 2331 2762 ματί
2376 2710 2433 2744 τε
2479 2690 2571 2745 καί
2619 2691 2894 2766 ἐπωνύμῳ
2920 2698 3017 2766 (ί),
3052 2693 3141 2749 διὰ
3191 2695 3406 2751 πάντων
3467 2698 3677 2774 χρόνον
3720 2699 3850 2754 ἐτῶν

2199 2778 2618 2854 συγκλειόντων.
2653 2782 2756 2836 Καὶ
2805 2783 2986 2836 τοίνυν
3043 2782 3200 2854 αίτῶ,
3241 2785 3274 2838 ’ἁ
3326 2787 3420 2858 μὲν
3475 2784 3668 2850 καλῶς
3718 2789 3852 2858 ὑπη-

2199 2869 2452 2944 γόρευται
2509 2876 2634 2946 παρ’
2687 2869 2823 2942 ὅλην
2881 2873 2980 2940 τὴν
3038 2876 3380 2952 συγγραφήν,
3435 2876 3510 2949 μὴ
3567 2878 3848 2953 μετεχέτω

2199 2958 2424 3033 φθόνου,
2455 2958 2513 3020 ὃς
2569 2963 2686 3021 τοῖς
2743 2959 2940 3022 καλοῖς
2989 2961 3095 3036 πρὸ
3135 2966 3242 3017 τῶν
3290 2961 3479 3019 ἄλλων
3523 2964 3848 3041 ἐπιφῦεσθαι

2201 3045 2380 3100 εἷ’ωθεν
2409 3065 2420 3078 ·
2469 3046 2502 3100 ἃ
2550 3043 2608 3102 δὲ
2644 3047 2915 3123 ἀγνοῆσαι
2973 3049 3242 3118 συνέπεσε,
3276 3054 3421 3128 παρὰ
3475 3057 3589 3108 τῶν
3643 3058 3730 3119 οἷς
3763 3053 3850 3110 λό-

2199 3156 2296 3212 γου
2342 3132 2565 3208 δύναμις
2609 3137 2698 3191 καὶ
2748 3138 2957 3214 πείρας,
2991 3135 3356 3214 διορθωτέον·
3387 3140 3497 3196 νέοι
3543 3145 3653 3218 γὰρ
3707 3142 3850 3206 ὄντες

2200 3226 2362 3295 ἡμεῖς
2409 3223 2498 3278 καὶ
2555 3227 2724 3296 μήπω
2768 3222 2929 3282 ἕκτου
2973 3227 3062 3282 καὶ
3109 3233 3435 3302 τριακοστοῢ
3485 3237 3590 3300 τῆς
3625 3231 3850 3301 ἡλικίας

2199 3307 2480 3374 ἒπιϐάντες
2533 3313 2803 3382 ἐνιαυτοῦ,
2862 3317 3027 3385 ⁴ἡνίκα
3079 3321 3148 3392 τῇ
3214 3319 3560 3392 πραγματείᾳ
3629 3319 3851 3382 ἑαυτοὺς

2200 3398 2596 3474 ἐκδεδώκαμεν,
2645 3403 2708 3457 τὸ
2764 3403 3122 3478 προκείμενον
3183 3403 3532 3480 διηνῦσαμεν,
3594 3409 3748 3464 Ἐπεὶ
3808 3405 3853 3463 δ’

2201 3489 2575 3564 ἀποχρώντως
2607 3491 2705 3546 ὅσα
2734 3512 2798 3567 γε
2825 3499 3102 3566 προσῆκον
3142 3493 3274 3548 εἶναι
3320 3491 3644 3570 λελόγισται
3692 3517 3856 3572 προε·

2201 3579 2418 3651 θὲμεθα,
2479 3581 2578 3648 τῆς
2644 3581 2788 3643 θείας
2865 3583 3174 3654 ἡγουμένης
3253 3583 3450 3657 ῥοπῆς,
3510 3586 3854 3664 κατάρξομαί

2199 3687 2258 3740 γε
2307 3675 2407 3736 τῆς
2465 3668 2767 3732 ὑποθέσεως
2817 3669 2936 3724 ὅθεν
2987 3668 3248 3750 ἄρχεσθαι
3287 3671 3530 3744 ἄμεινον,
3565 3676 3677 3751 πρὸ
3729 3677 3859 3732 πάν-

2199 3777 2306 3810 των
2365 3757 2427 3811 τὸ
2483 3764 2584 3826 τῆς
2641 3759 2887 3833 ἱστορίας
2962 3765 3140 3832 τιμῶν
3219 3759 3474 3838 ἀσφαλὲς,
3535 3765 3640 3834 τήν
3718 3765 3858 3836 ἀλή-

2205 3856 2368 3908 θειαν.

443 3956 555 4011 que
587 3939 806 4012 praefati
837 3955 1062 4006 sumus,
1107 3938 1351 4008 agedum
1401 3937 1577 3992 divini
1625 3937 1898 3992 Numinis
1945 3937 2115 3992 ductu
2159 3952 2278 3991 rem
2328 3936 2538 4008 ipsam,
2583 3939 2736 3994 unde
2785 3940 3036 3996 maxime
3084 3941 3370 4012 convenit,
3411 3941 3714 3999 ordiamur
3749 3961 3762 3999 :
3796 3944 3855 4001 in

445 4027 652 4101 primis
683 4027 938 4084 historia
971 4028 1139 4084 nobis
1170 4027 1622 4094 ﬁrmamentum,
1653 4026 1840 4096 ipsam
1872 4025 2096 4082 scilicet
2124 4025 2448 4093 veritatem,
2481 4028 2924 4084 consectandam
2953 4033 3362 4101 proponentes.

1093 4152 1327 4208 CAPUT
1369 4151 1440 4206 II.

444 4261 518 4314 De
551 4263 804 4314 vetustate
833 4264 1029 4314 nostra:
1060 4257 1389 4330 Christianae
1421 4258 1730 4330 religionis,
1762 4257 1905 4330 etde
1937 4256 2088 4312 divi-

458 4375 472 4386 .
516 4331 689 4402 nitate
723 4338 886 4402 atque
927 4329 1243 4388 aeternitate
1273 4329 1408 4386 Fitii
1425 4348 1446 4394 ,-
1477 4328 1541 4384 εί
1567 4337 1623 4384 ut
1645 4332 1780 4402 ante
1811 4328 2006 4402 legem,
2038 4335 2091 4383 et

509 4405 631 4473 post
655 4399 842 4473 Alegein
871 4403 1067 4467 tatam,
1113 4404 1320 4457 sancti:
1367 4405 1418 4456 et
1462 4403 1568 4472 piis
1599 4401 1734 4456 viris
1760 4399 2090 4472 mysterium

515 4471 579 4528 ile
605 4471 896 4528 divinitate
927 4473 1133 4530 Christi
1158 4471 1500 4546 perspectum
1521 4473 1719 4542 fuerit.

517 4653 631 4708 Res
659 4651 1123 4708 Christianorum
1153 4669 1185 4706 a
1215 4653 1398 4724 prima
1431 4669 1539 4708 sua
1565 4651 1790 4722 origine
1817 4655 2091 4723 repetere,

445 4743 544 4814 qui
594 4741 732 4811 sint,
773 4741 947 4809 unde,
1000 4747 1056 4796 et
1086 4743 1378 4814 quomodo
1408 4746 1572 4797 tanta
1612 4739 2094 4812 ceperintincre-

445 4837 657 4898 menta,
691 4847 874 4904 eoque
906 4833 1327 4902 magnitudinis
1373 4837 1430 4888 et
1475 4831 1674 4904 gloriae
1705 4829 2095 4903 pervenerint,

445 4921 939 4992 intempestivum,
962 4925 1134 4992 atque
1153 4923 1294 4977 adeo
1316 4937 1744 4992 supervacuum
1775 4935 1903 4976 esse
1937 4921 2093 4990 puto,

447 5016 513 5065 ut
543 5010 599 5064 in
633 5009 940 5081 praesentia
967 5009 1038 5064 de
1063 5010 1146 5065 eis
1173 5011 1584 5082 perquiratur:
1619 5024 1750 5066 cum
1785 5023 1953 5064 sacra
1975 5022 2093 5062 ora-

447 5098 580 5153 cula
608 5103 665 5153 et
693 5103 840 5164 acta,
873 5098 1449 5168 innumerabilesque
1481 5097 1604 5153 alia;
1644 5113 1712 5153 ex
1743 5097 1947 5152 ordine
1978 5110 2092 5162 res,

449 5191 644 5258 aperte
665 5187 809 5243 satis
839 5190 896 5242 et
925 5191 1192 5242 accurate
1221 5187 1534 5255 declarent,
1573 5186 1916 5258 longissime
1942 5191 2094 5253 ante,

449 5279 506 5329 et
535 5273 604 5327 ab
637 5274 822 5341 initio,
853 5290 1101 5345 cumque
1121 5275 1262 5346 ipsis
1284 5275 1498 5330 conditi
1535 5275 1741 5329 mundi
1768 5272 2094 5344 principiis,

451 5364 660 5434 dogma
690 5367 952 5420 nostrum
985 5380 1102 5421 una
1131 5381 1259 5422 esse
1283 5365 1506 5436 jactum
1533 5367 1591 5420 et
1623 5365 1956 5433 fundatum,
1990 5379 2094 5421 seu

2124 4153 2170 4218 D

2833 4157 3092 4212 ΚΕΦΑΛ.
3133 4155 3206 4214 Β’.

2203 4255 2359 4328 Περὶ
2424 4263 2544 4326 τῆς
2606 4257 3062 4333 ἀρχαιότητος
3127 4263 3252 4333 τοῦ.
3301 4261 3448 4316 καθ’
3494 4263 3677 4333 ἡμᾶς
3729 4265 3854 4319 τῶν

2274 4327 3112 4410 Χρκστιιανῶνδόγμ-ατος,
3139 4330 3259 4410 καὶ
3298 4333 3452 4410 περὶ
3492 4327 3858 4410 θεολογίας

2274 4396 2383 4480 κάξ
2423 4396 2971 4480 &'€§t61n105'1:06
3012 4396 3202 4480 Ῑίξιοῦς
3241 4396 3486 4480 καὶ-’ὡς
3536 4409 3689 4480 τρῖς
3720 4396 3857 4480 ’πρρ

2273 4471 2650 4552 τοίλνόμου
2697 4472 2817 4552 ’καὶ
2876 4471 2954 4552 έν.
2991 4478 3081 4545 τῷ
3134 4474 3318 4547 νόμῳ
3369 4472 3724 4552 θεοφιλέσι
3785 4471 3856 4531 τὸ

2275 4542 2438 4596 κατὰ
2476 4542 2758 4612 Χριστὸν
2800 4542 3233 4620 προέγνωστο
3268 4542 3662 4620 μυστήριον.

2274 4653 2344 4705 Τὸ
2405 4650 2500 4723 μὲν
2556 4651 2646 4706 οὖν
2699 4652 2766 4707 τὰ
2821 4656 3160 4728 Χριστιανῶν
3235 4652 3648 4730 ἀρχαιολογεῖν,
3712 4655 3855 4718 τίνες

2203 4737 2372 4807 ὄντες,
2401 4741 2492 4795 καὶ
2540 4740 2678 4810 ὅθεν,
2710 4742 2800 4798 καὶ
2845 4742 2996 4804 ὅπως
3048 4743 3136 4798 ἐπὶ
3176 4745 3332 4800 τόσον
3385 4745 3448 4800 τὸ
3503 4746 3623 4800 κατ’
3655 4745 3852 4808 αὐτοὺς

2203 4827 2519 4898 ἐπιδέδωκε,
2558 4832 2648 4886 καὶ
2693 4831 2770 4894 εἷς
2817 4830 2944 4888 τόδε
2987 4832 3335 4908 προελήλυθε
3391 4831 3574 4906 δόξης,
3623 4833 3854 4911 ἄκαιρόν

2202 4938 2262 4972 τε
2311 4919 2401 4972 καὶ
2450 4918 2641 4980 ἄλλως
2691 4922 2941 4996 περιττὸν
2999 4922 3153 4995 οἶμαι
3202 4925 3283 4994 τῷ
3329 4923 3556 4997 παρόντι
3592 4919 3856 4998 διερευνᾶ-

2205 5009 2346 5078 σθαι,
2377 5012 2484 5063 τῶν
2541 5009 2700 5084 ἰερῶν
2762 5008 2968 5086 λογίων
3027 5011 3114 5066 καὶ
3172 5011 3436 5084 πράξεων,
3487 5011 3576 5066 καὶ
3638 5013 3852 5086 μυρίων

2206 5093 2392 5151 ἄλλων
2451 5101 2558 5153 τῶν
2615 5099 2865 5170 καθεξῆς,
2924 5096 3224 5176 διαῤῥηδην
3282 5103 3450 5155 ταῦτα
3527 5102 3646 5172 μετ’
3703 5100 3857 5176 ἀκρι-

2209 5180 2357 5247 ϐείας
2415 5184 2744 5258 διεξιόντων,
2801 5189 2876 5251 ὡς
2928 5187 3126 5243 ἄνωθέν
3188 5209 3246 5244 τε
3302 5188 3393 5244 καὶ
3450 5186 3713 5264 ἔξαρχῆς,
3764 5189 3855 5244 καὶ

2207 5277 2349 5349 ὁμοῦ
2391 5283 2512 5339 ταῖς
2557 5282 2654 5332 τοῦ
2709 5278 2922 5352 κόσμου
2977 5283 3228 5354 κρηπῖσι,
3259 5279 3321 5334 τὸ
3378 5279 3644 5352 ἡμέτερον
3675 5276 3856 5353 δόγμα

2208 5360 2624 5439 συγκατεϐλήθη
2653 5385 2666 5400 ·
2723 5365 2935 5441 μᾶλλον
2983 5364 3040 5423 δέ
3091 5369 3180 5422 καὶ
3230 5366 3432 5442 χρόνου
3471 5365 3718 5424 ἐπέκεινα
3765 5366 3854 5422 καὶ

524 5566 600 5636 (1)
631 5564 832 5643 Prinne
862 5569 1058 5643 decem
1091 5575 1138 5624 el
1172 5573 1298 5625 octo
1346 5565 1927 5643 tomorum‘istorum
1961 5564 2191 5635 littere,
2224 5563 2604 5641 ακροστιχίδες
2635 5571 2990 5643 compositae,
3044 5586 3253 5628 nomen
3286 5570 3538 5628 auctoris
3566 5570 3625 5626 in
3659 5570 3851 5628 Graeco

453 5634 766 5711 9xémpluri
795 5641 1144 5711 exprimunt,
1178 5639 1500 5714 Νικηφόρου
1535 5634 1860 5693 Καλλίστου.
