4096 6284
291 441 408 502 621

291 571 492 636 αἰῶνος
535 575 604 644 ἦν
641 591 656 608 ⁸

289 686 456 729 στεως
507 669 676 740 ἡμῶν
726 668 928 745 ἆφορᾷν
981 672 1108 725 Θεὸν
1159 670 1352 746 Λόγον,
1395 672 1484 726 τὸν
1540 671 1734 746 Κύριον
1782 674 1941 744 ἡμῶν

289 757 502 827 Ἰησοῦν
557 757 812 832 Χριστόν.
864 763 1060 814 Διττοῦ
1107 759 1213 834 γὰρ
1263 758 1418 824 ὄντος
1461 765 1558 816 τοῦ
1615 762 1731 816 κατ’
1785 762 1944 817 αὑτὸν

293 845 626 920 μυστηρίου,
710 845 799 902 καὶ
881 851 980 902 τοῦ
1053 849 1148 920 μὲν
1230 849 1398 904 οἱονεί
1480 870 1623 910 τινος
1701 850 1942 929 κεφαλῆς

290 933 662 1009 ἐγνωσμένου,
723 933 821 990 ὅσα
877 957 940 1011 γε
994 936 1119 1012 περὶ
1177 938 1277 1006 τήν
1336 937 1578 1014 ἄναρχον
1635 939 1802 994 αὐτοῦ
1851 941 1940 995 καὶ

287 1022 630 1097 προαιώνιον
677 1023 927 1100 γέννησιν
977 1026 1309 1102 ἀνατρέχει·
1363 1031 1460 1082 τοῦ
1512 1025 1590 1094 δὲ,
1623 1027 1698 1090 ὡς
1747 1027 1806 1083 ἄν
1857 1049 1942 1092 τις

287 1111 457 1181 εἴποι,
507 1113 735 1189 ὑστέρου
782 1115 872 1170 καὶ
917 1113 1255 1186 τελευταίου,
1306 1115 1406 1171 ὅσα
1459 1117 1584 1192 περὶ
1639 1119 1737 1187 τήν
1790 1119 1938 1174 κάτω

284 1201 377 1256 καὶ
430 1200 484 1256 ἑν
538 1203 747 1277 ὑστέρῳ
793 1207 904 1257 τῶν
955 1205 1170 1278 χρόνων
1220 1203 1282 1260 ἐκ
1327 1207 1593 1280 παρθένου
1643 1208 1936 1278 σαρκωσιν,

284 1288 566 1364 περίγειόν
595 1310 655 1344 τε
705 1289 989 1346 πολιτείαν
1019 1291 1111 1345 καὶ
1161 1292 1383 1367 ἀγωγήν
1421 1313 1434 1326 ’
1482 1294 1549 1348 τὰ
1599 1293 1694 1366 μὲν
1746 1298 1938 1368 πρῶτα

284 1377 460 1452 λέγειν
511 1399 570 1434 τε
617 1380 708 1434 καὶ
758 1375 1307 1455 ὂιακριῦολογεῖσθαι
1363 1381 1560 1450 ἣκιστά
1613 1403 1675 1457 γε
1727 1389 1936 1454 προσῆ-

277 1490 373 1524 κον
435 1467 677 1543 παρέστη
713 1489 728 1502 '
787 1470 912 1542 περὶ
971 1472 1077 1546 γὰρ
1137 1469 1351 1526 ἰκείνων
1399 1470 1454 1527 εἴ
1489 1492 1573 1534 τις
1623 1472 1846 1545 ἐπεξίοι,
1905 1475 1933 1528 ὁ

279 1558 450 1634 λόγος
511 1556 778 1633 πάρεργον
840 1559 939 1628 ὢν,
993 1559 1161 1616 πλέον
1219 1559 1280 1615 ἃν
1336 1557 1499 1636 ἔργον
1557 1562 1592 1632 ἢ
1648 1562 1722 1616 ὧν
1779 1559 1934 1618 ἓνεκα

276 1645 455 1723 λέγειν
515 1645 787 1722 προῦθετο
844 1651 1145 1728 παράσχοι.
1209 1650 1357 1706 Ἐπεὶ
1415 1649 1520 1726 γὰρ
1577 1650 1638 1705 οὗ
1718 1651 1930 1726 χρόνῳ,

274 1735 408 1792 ἀλλ’
467 1733 586 1791 οὐδ’
644 1738 800 1792 αἱῶνι
865 1739 1059 1812 μεσίτῃ
1118 1738 1344 1800 ἐκείνοις
1403 1741 1648 1813 γενέσθαι
1722 1740 1932 1810 ξυνέπε-

275 1845 383 1894 σεν,
437 1823 565 1879 οὐδέ
610 1846 718 1879 τινι
762 1831 1012 1899 παρεῖναι
1062 1825 1151 1880 καὶ
1215 1827 1433 1881 θεᾶσθαι
1481 1826 1569 1880 καὶ
1620 1823 1930 1902 διηγεῖσθαι

273 1915 600 1992 ὶξεχωρήθη
629 1915 698 1971 τὰ
744 1916 877 1992 ὓπερ
917 1912 1126 1972 ἔννοιαν
1175 1915 1446 1992 δρώμενα,
1479 1922 1646 1972 ταῦτα
1697 1919 1791 1992 μὲν
1843 1923 1924 1991 τῷ

271 2001 546 2076 ἀκινδύνῳ
594 2011 696 2070 τῆς
754 2009 966 2075 σιωπῆς
1021 2011 1184 2076 τιμᾷν
1241 2005 1592 2082 ἐπαφήσομεν
1625 2023 1640 2036 ⁵
1705 2006 1918 2078 μᾶλλον

271 2091 332 2148 δὲ
395 2090 542 2166 μηδὲ
597 2091 1078 2170 πολυπραγμονεῖν
1137 2100 1257 2156 ταῖς
1332 2095 1562 2156 ἐννοίαις
1621 2097 1782 2169 ἡμῶν
1851 2097 1916 2151 τὰ

270 2188 502 2238 τοιαῦτα
533 2182 784 2262 σφοδρῶς
829 2183 1177 2258 ἐπιτάξομεν,
1209 2180 1304 2242 ἅτε
1331 2189 1425 2240 νοῦ
1473 2184 1563 2240 καὶ
1615 2184 1780 2260 λόγου
1825 2185 1916 2240 καὶ

271 2269 522 2336 διανοίας
579 2273 840 2346 ὑπέρτερα
871 2291 886 2304 ⁸
945 2277 1080 2348 ἡμῖν
1137 2273 1185 2330 δ’
1251 2277 1473 2354 ἀπόχρη
1537 2277 1676 2348 μόνα
1738 2276 1804 2330 τὰ
1859 2277 1919 2332 ἐκ

267 2366 379 2416 τῶν
412 2363 573 2416 θείων
617 2363 880 2438 παράγειν
911 2368 1138 2438 Γραφῶν
1169 2381 1182 2396 ⁸
1216 2365 1313 2434 ὡς,
1367 2367 1464 2421 Ἐν
1521 2365 1697 2440 ἀρχῇ
1753 2367 1828 2434 ἦν
1888 2367 1916 2420 6

270 2447 507 2524 Λόγος·
541 2450 649 2503 καὶ
690 2449 897 2524 Λόγος
936 2451 1014 2520 ἦν
1053 2453 1213 2527 πρὸς
1251 2453 1360 2507 τὸν
1402 2453 1580 2508 Θεόν·
1613 2455 1720 2508 καὶ
1759 2454 1919 2518 Θεὸς

270 2538 349 2607 ἦν
411 2539 439 2592 6
498 2538 727 2612 Λόγος.
789 2540 1006 2596 Πάντα
1063 2538 1141 2594 δι’
1198 2540 1400 2596 αὐτοῦ
1457 2540 1768 2616 ἐγένετο·
1809 2545 1917 2598 καὶ

271 2627 495 2702 χωρὶς
533 2628 738 2683 αὐτοῦ
796 2629 1055 2705 ἐγένετο
1095 2629 1247 2686 οὐδὲ
1284 2630 1371 2700 ἓν,
1431 2631 1460 2686 ’ὸ
1500 2633 1733 2708 γέγονε
1766 2654 1778 2665 -
1829 2633 1917 2688 καὶ

271 2716 347 2777 ὡς
397 2712 472 2770 ὢν
524 2717 606 2771 ἀεὶ
652 2717 806 2784 Θεὸς,
851 2719 879 2772 6
930 2717 1170 2794 ἄναρχός
1212 2739 1269 2774 τε
1317 2721 1409 2774 καὶ
1455 2721 1813 2794 προαιώνιος,
1845 2721 1919 2782 ὡς

271 2805 463 2880 ἐκείνῳ
497 2806 648 2880 μόνῳ
675 2809 940 2882 γνωστὸν,
971 2810 1078 2884 πρὸ
1105 2814 1214 2864 τῶν
1238 2809 1450 2865 αἰώνων
1479 2815 1633 2886 γεννᾷ
1677 2813 1767 2866 τὸν
1801 2810 1921 2866 ἐαυ-

269 2898 367 2950 τοῦ
399 2895 524 2948 nev
579 2897 672 2950 τὸν
705 2896 888 2966 ἀληθῆ
941 2898 1069 2952 Θεὸν
1103 2900 1282 2976 Λόγον
1316 2902 1678 2970 ἀνεννοῆτως,
1720 2899 1920 2954 ἀκατα-

275 2984 526 3055 λήπτως,
561 2985 694 3062 ὑπὲρ
743 2989 918 3042 πάντα
957 2991 1084 3043 νοῦν
1127 2987 1216 3042 καὶ
1263 2985 1502 3044 διάνοιαν
1539 3007 1552 3021 ·
1604 2990 1817 3063 σύναμα
1864 2986 1920 3044 δὲ

271 3073 360 3126 καὶ
391 3074 454 3128 τὸ
502 3075 759 3148 πανάγιον
787 3075 957 3131 αὐτοῦ
1007 3080 1222 3148 Πνεῦμα
1267 3072 1606 3152 προϐάλλεδ⁶
1641 3075 1703 3131 οὒ
1736 3097 1920 3152 γεννη-

273 3182 404 3229 τως,
438 3161 565 3218 ἀλλ’
596 3162 934 3239 έκπορευτῶς
969 3183 983 3198 ’
1016 3165 1144 3221 Θεὸν
1176 3166 1268 3220 καὶ
1319 3166 1454 3222 αὐτὸ
1482 3164 1692 3220 τέλειον
1722 3165 1921 3238 ὁμοδό-

279 3254 396 3307 σιόν
425 3273 485 3306 τε
512 3254 728 3316 τούτοις
779 3254 869 3309 καὶ
899 3251 1306 3328 ταυτοδύναμον
1341 3273 1354 3288 ⁸
1403 3255 1470 3310 τὰ
1515 3256 1640 3328 τρία
1667 3254 1721 3310 ’ἐν
1753 3273 1767 3286 ·
1821 3255 1920 3328 μία

1319 444 1954 512 ECCLESIASTICIE
1994 445 2386 508 HISTOBLE
2427 447 2576 508 LIB.
2625 445 2674 507 Ι.

3589 445 3710 510 622

717 575 770 630 εἷ’
819 596 880 649 γε
937 577 1049 652 γρή
1083 577 1218 654 πρὸς
1268 579 1358 633 τὸν
1419 581 1666 655 ἀρχηγὸν
1708 587 1809 650 τῆς
1855 581 1930 635 πί·

2061 584 2250 654 potius
2281 583 2434 640 ultra
2462 588 2726 655 tempora
2748 585 2805 638 et
2835 582 3052 639 saecula
3079 583 3279 640 omnia
3307 584 3365 641 id
3387 586 3705 654 exstitisse,

2053 673 2102 727 si
2133 671 2370 744 quidem
2416 673 2485 726 ad
2543 675 2836 728 auctorem
2889 675 2946 728 et
2995 671 3199 729 ducem
3242 675 3620 746 professionis
3649 679 3708 732 et

2051 761 2185 816 ﬁdei
2220 767 2430 818 nostra
2461 761 2648 818 Deum
2680 762 2936 816 Verbum
2967 762 3280 818 Dominum
3313 768 3577 820 nostrum
3606 763 3708 821 Je-

2051 867 2184 906 sum
2215 849 2518 907 Christum
2552 851 2840 921 respicere
2887 855 3168 922 oporteat.
3221 851 3706 924 Quandoquidem

2047 939 2206 994 enim
2251 939 2462 1011 duplex
2501 940 2988 996 considerandum
3033 940 3189 996 venit
3230 941 3600 1014 mysterium,
3644 947 3704 999 et

2049 1033 2295 1086 alterum
2337 1031 2574 1104 quidem
2604 1036 2886 1102 tanquam
2901 1031 3198 1102 quoddam
3230 1036 3404 1102 caput
3435 1037 3698 1087 contem-

2047 1119 2302 1191 plemur,
2333 1120 2483 1189 quod
2514 1119 2736 1175 scilicet
2766 1121 2836 1174 ad
2869 1123 3168 1187 aeternam,
3191 1120 3476 1191 principio
3497 1136 3701 1177 caren-

2046 1215 2184 1275 tem,
2217 1209 2545 1280 sesculaque
2574 1208 2768 1264 omnia
2812 1209 3231 1279 praecedentem
3263 1209 3698 1280 generationem

2046 1300 2321 1365 refertur;
2351 1297 2599 1353 alterum
2641 1301 2831 1353 autem
2862 1297 3032 1368 quasi
3067 1298 3358 1369 posterius
3398 1298 3699 1369 quiddam,

2046 1392 2106 1443 ut
2137 1388 2212 1442 ita
2245 1388 2458 1453 dicam,
2507 1391 2564 1440 et
2609 1384 2880 1440 ultimum
2932 1391 3287 1456 spectamus,
3338 1387 3490 1457 quod
3524 1386 3699 1442 nimi-

2042 1491 2170 1530 rum
2196 1477 2262 1529 ad
2308 1474 2640 1529 interiorem
2683 1473 2832 1530 banc
2874 1479 2930 1530 et
2981 1475 3290 1546 postremis
3333 1476 3697 1547 temporibus

2042 1567 2146 1619 44
2176 1580 2244 1619 ex
2275 1562 2514 1635 Virgine
2540 1563 2998 1620 incarnationem
3032 1564 3264 1630 factam,
3289 1571 3694 1636 terrenamque

2039 1654 2540 1709 conversationem
2598 1657 2656 1708 et
2709 1651 2886 1707 vitam
2945 1651 3198 1722 pertinet
3248 1669 3261 1706 :
3321 1653 3482 1724 prius
3537 1651 3683 1708 illud

2039 1757 2344 1813 exponere,
2387 1747 2442 1798 et
2472 1741 2806 1798 accurotius
2835 1740 3092 1796 oratione
3124 1741 3394 1813 persequi
3454 1741 3695 1798 minime

2037 1832 2300 1886 omnium
2353 1831 2637 1886 convenit.
2689 1829 2769 1886 De
2815 1847 2882 1885 eo
2933 1831 3088 1886 enim
3134 1832 3184 1886 si
3233 1831 3366 1902 quis
3407 1830 3692 1886 disserere

2036 1919 2325 1987 instituat,
2380 1936 2513 1975 cum
2545 1920 2726 1975 oratio
2775 1918 2910 1973 talis
2941 1923 3103 1974 extra
3151 1919 3508 1990 propositum
3541 1934 3690 1990 opus

2034 2009 2132 2074 sit,
2168 2017 2287 2065 tum
2322 2007 2454 2081 plus
2485 2024 2669 2078 operae
2701 2013 2760 2064 et
2799 2008 3013 2080 negotii
3042 2025 3216 2080 quam
3270 2025 3417 2079 opus
3468 2009 3686 2080 ipsum.

2028 2105 2086 2154 et
2116 2116 2184 2154 ca
2211 2099 2279 2153 de
2329 2097 2546 2169 quibus
2595 2101 2840 2153 tractare
2887 2099 3341 2164 decreverimus,
3389 2097 3682 2170 exhibeat.

2028 2187 2350 2259 Siquidem,
2383 2201 2518 2242 cum
2563 2202 2755 2257 neque
2798 2190 3050 2257 tempus,
3086 2202 3273 2258 neque
3303 2187 3584 2243 saeculum
3627 2188 3679 2243 ei

2029 2276 2304 2349 mysterio
2355 2275 2770 2342 intercesserit,
2819 2279 2876 2329 et
2933 2275 3174 2345 proinde
3237 2291 3421 2347 neque
3475 2276 3678 2332 adesse

2027 2365 2133 2430 illi,
2169 2380 2358 2436 neque
2388 2362 2770 2434 contemplari
2800 2367 2859 2417 et
2886 2361 3080 2433 eloqui
3112 2362 3169 2418 id
3201 2364 3358 2433 quod
3383 2379 3554 2434 supra
3585 2363 3677 2418 in-

2028 2453 2408 2526 telligentiam
2441 2454 2696 2508 nostram
2729 2453 2838 2517 est,
2870 2466 3212 2506 concessum
3255 2452 3354 2519 sit,
3396 2451 3679 2523 quidquid

2029 2543 2083 2596 id
2113 2547 2221 2610 est,
2245 2544 2372 2596 tuto
2426 2537 2642 2596 silentii
2687 2538 2926 2610 premio
2958 2539 3402 2610 permittemus:
3455 2554 3520 2594 ac
3569 2555 3678 2612 po-

2031 2633 2146 2685 tius
2178 2629 2428 2702 ingeniis
2461 2629 2698 2696 nostris,
2733 2645 2804 2683 ne
2836 2627 2894 2683 in
2926 2627 3142 2684 talibus
3175 2629 3350 2683 rebus
3372 2627 3676 2684 curiosita-

2031 2729 2142 2775 tem
2169 2718 2412 2774 nimium
2445 2725 2765 2784 exerceant,
2786 2716 3230 2788 imperabimus,
3255 2721 3451 2788 utpote
3473 2732 3674 2782 sensu,

2029 2810 2273 2878 ratione,
2305 2812 2363 2864 et
2409 2807 2681 2864 acumine
2730 2806 2942 2862 mentis
2975 2811 3184 2862 nostra
3217 2805 3388 2878 longe
3416 2806 3681 2878 superio-

2028 2899 2215 2955 ribus.
2247 2897 2426 2953 Nobis
2477 2911 2608 2952 vero
2655 2895 2798 2950 satis
2848 2895 3022 2951 fuerit
3068 2895 3195 2950 sola
3225 2910 3254 2950 e
3290 2894 3500 2951 divinls
3529 2894 3678 2951 Scri-

2031 2989 2220 3060 pturis
2269 2985 2558 3043 adducere
2605 2983 2982 3052 testimonia;
3019 2988 3118 3040 ut:
3156 2985 3218 3040 In
3247 2985 3524 3056 principio
3559 2990 3679 3042 erat

2038 3078 2288 3142 Verbum,
2334 3081 2388 3130 et
2441 3073 2682 3128 Verbum
2727 3077 2846 3128 erat
2893 3072 3040 3145 apud
3084 3073 3272 3141 Deum,
3303 3076 3354 3129 et
3393 3073 3530 3130 Deus
3559 3088 3682 3142 erat

2041 3167 2296 3221 Verbum.
2339 3163 2536 3221 Omnia
2591 3178 2688 3232 per
2733 3164 2912 3233 ipsum
2958 3162 3108 3230 facta
3151 3171 3300 3232 sunt,
3331 3167 3384 3218 et
3411 3163 3534 3218 sine
3563 3163 3680 3235 ipso

2033 3261 2243 3318 [actum
2276 3259 2354 3309 est
2375 3252 2549 3320 nihil,
2573 3251 2711 3324 quod
2729 3253 2948 3321 factum
2967 3259 3045 3307 est
3066 3250 3119 3318 ις
3155 3255 3212 3306 et
3233 3251 3472 3323 insuper
3507 3251 3678 3318 scire,

281 3341 442 3416 φύσις
470 3341 560 3396 καὶ
591 3341 746 3398 οὐσία
775 3343 865 3398 καὶ
906 3340 1133 3416 δύναμις
1167 3362 1181 3377 ·
1235 3345 1351 3418 μεθ’
1382 3345 1454 3398 ὧν
1487 3345 1576 3399 καὶ
1608 3341 1680 3399 δι’
1725 3345 1798 3398 ὧν
1825 3346 1920 3406 τάς

2040 3347 2192 3417 quod
2226 3345 2378 3399 Deus
2409 3358 2638 3413 semper
2668 3341 2980 3406 exsistens,
3023 3341 3426 3412 principioque
3456 3357 3681 3407 carens,

279 3451 340 3486 τε
395 3429 687 3506 ἀγγελικᾶς
738 3429 991 3505 δυνάμεις
1037 3433 1126 3488 καὶ
1175 3422 1268 3488 τὸν
1317 3434 1527 3506 κόσμον
1578 3437 1767 3488 τοῦτον
1827 3454 1926 3488 πα-

2040 3446 2087 3490 rt
2117 3433 2332 3490 szecula
2363 3431 2714 3504 praecedens,
2747 3430 2827 3484 ita
2853 3434 2917 3484 ut
2947 3428 3058 3500 ipsi
3105 3429 3214 3485 soli
3243 3429 3542 3500 cognitum
3573 3433 3683 3498 est,

283 3517 435 3596 ράγει
483 3541 541 3575 τε
596 3521 688 3575 καὶ
748 3519 1082 3600 δημιουργεῖ
1140 3525 1215 3596 μὴ
1275 3525 1541 3599 πρότερον
1598 3519 1772 3579 ὄνταο
1836 3525 1925 3579 καὶ

2040 3529 2167 3579 ante
2201 3522 2327 3593 ipsa
2357 3518 2570 3575 saecula
2599 3518 2783 3589 gignit
2813 3533 2981 3573 suum
3013 3516 3200 3588 ipsius
3230 3516 3462 3583 Filium,
3484 3531 3684 3572 verum

281 3609 344 3664 τὸ
390 3609 694 3682 ὁριώμενον
744 3610 959 3684 σύμπαν
995 3631 1008 3644 ·
1057 3613 1122 3667 τό
1170 3633 1229 3668 τε
1278 3615 1434 3690 ψυχῇ
1488 3612 1577 3668 καὶ
1642 3615 1717 3685 μή
1774 3613 1926 3690 χρώ-

2040 3616 2218 3669 Deum
2250 3610 2528 3673 Verbum,
2552 3622 2732 3679 supra
2752 3605 2942 3661 omnis
2973 3605 3371 3677 intelligentiae
3401 3609 3457 3660 et
3486 3606 3684 3676 depre-

287 3718 470 3772 μενον.
2038 3699 2339 3758 hensionis
2369 3700 2624 3767 captum,
2664 3700 2722 3750 et
2751 3711 2926 3764 supra
2978 3693 3190 3750 mentis
3229 3709 3469 3750 sensum
3500 3697 3556 3749 et
3583 3706 3688 3749 co-

285 3791 653 3862 gitationem,
701 3793 1210 3866 cognitionemque
1273 3810 1541 3850 omnem:
1596 3794 1886 3866 simulque
1935 3791 2376 3852 sanctissimum
2426 3801 2602 3843 suum
2647 3786 2861 3857 profert
2910 3783 3212 3855 Spiritum,
3266 3800 3382 3840 non
3433 3788 3497 3839 ut
3525 3782 3688 3855 geni-

284 3885 406 3936 tum
441 3879 634 3948 illum,
665 3881 768 3937 sed
796 3888 861 3938 ut
894 3885 1345 3955 procedentem:
1399 3884 1580 3940 Deum
1625 3889 1682 3940 et
1728 3885 1926 3956 ipsum
1977 3884 2298 3957 perfectum
2347 3881 2517 3948 atque
2558 3873 3113 3932 consubstantialem
3145 3873 3306 3942 illiis,
3338 3881 3392 3930 et
3427 3873 3688 3944 ejusdem

286 3968 459 4040 plane
487 3969 720 4026 virtutis
748 3975 805 4026 et
843 3973 1171 4043 potestatis.
1204 3973 1274 4028 Et
1312 3975 1465 4045 quod
1515 3979 1632 4029 tres
1657 3973 1752 4029 isti
1795 3989 1975 4028 unum
2026 3980 2182 4039 sunt,
2215 3985 2332 4025 una
2362 3970 2573 4021 natura
2601 3967 2660 4020 et
2688 3962 2942 4020 essentia
2972 3966 3028 4019 et
3068 3966 3348 4034 potestas,
3381 3978 3514 4018 cum
3544 3963 3686 4034 qui-

287 4058 394 4114 bus
424 4063 484 4114 et
521 4075 622 4132 per
653 4077 799 4132 quos
829 4061 1007 4118 simul
1055 4067 1112 4118 et
1141 4063 1429 4134 angelicas
1480 4067 1797 4134 potestates
1847 4067 1904 4119 et
1933 4062 2223 4117 mundum
2273 4057 2432 4112 hunc
2481 4054 2815 4109 universum
2849 4053 3122 4124 produxit
3149 4055 3208 4108 et
3236 4051 3524 4118 condidit,
3555 4067 3689 4108 cum

289 4148 339 4202 is
367 4152 540 4204 antea
590 4166 730 4217 non,
770 4151 1096 4221 exstiterit;
1145 4158 1204 4208 et
1255 4158 1528 4224 preterca
1575 4153 1631 4208 id
1667 4156 1816 4226 quod
1868 4152 1925 4207 in
1967 4151 2158 4206 visum
2208 4147 2362 4204 cadit
2407 4143 2879 4216 conspiciturque
2927 4158 3120 4210 omne,
3173 4142 3446 4214 quodque
3492 4141 3690 4197 anima

287 4239 567 4310 agitatur,
613 4243 671 4296 et
699 4241 853 4312 quod
885 4243 1083 4298 anima
1113 4246 1271 4298 caret
1302 4243 1402 4315 (1).

358 4325 490 4398 Περὶ
553 4328 648 4400 μὶν
709 4325 776 4398 δὴ
831 4333 926 4384 τοῦ
982 4329 1091 4385 ἄνω
1147 4327 1334 4404 γένους
1392 4334 1629 4404 Χριστοῦ
1676 4334 1773 4385 τοῦ
1824 4335 1923 4400 τῆς

2105 4331 2290 4400 Atque
2319 4325 2440 4382 hinc
2489 4323 2723 4397 quidem
2785 4323 2855 4378 de
2888 4336 3143 4392 superno
3183 4321 3418 4390 Christi,
3461 4337 3692 4393 persua-

284 4413 520 4478 πίστεως
569 4419 730 4490 ἡμῶν
779 4416 1054 4494 ἀρχηγοῦ,
1106 4419 1197 4474 καὶ
1244 4426 1344 4488 τῆς
1390 4419 1536 4490 ἀξίας
1592 4419 1790 4475 τούτου
1838 4420 1926 4473 καὶ

287 4503 520 4582 φύσεως,
568 4505 804 4562 τοσαῦτά
852 4527 948 4579 μοι
993 4505 1268 4584 λελέχθω.
1317 4509 1408 4570 Τίς
1463 4509 1562 4582 γὰρ
1622 4507 1682 4562 ἂν
1737 4508 1926 4581 αὐτάρ·

285 4613 386 4662 κης
416 4591 650 4655 ἐκείνοις
677 4596 892 4671 γένοιτο
927 4595 1113 4669 λόγος,
1145 4598 1286 4652 καθᾶ
1333 4595 1398 4668 δή
1433 4617 1537 4651 που
1588 4598 1674 4651 καὶ
1707 4597 1734 4651 6
1782 4598 1925 4656 θεῖος

289 4681 569 4760 ὑποφαίνει
601 4683 879 4758 χρησμὸς,
918 4685 1044 4752 Τήν
1093 4681 1160 4738 δὲ
1205 4685 1431 4758 γενεὰν
1477 4685 1696 4755 αὐτοῦ,
1727 4682 1922 4759 λέγων,

286 4769 384 4832 τίς
435 4767 882 4846 διηγήσεται;
933 4769 1070 4827 Ούδὶ
1114 4775 1215 4848 γᾶρ
1261 4793 1345 4834 τις
1390 4773 1484 4829 τὸν
1543 4774 1752 4846 Πατέρα
1809 4775 1924 4828 κατ’

360 4947 376 4980 ¹
405 4945 578 5002 Joau.
613 4963 653 5015 ι,
689 4948 742 5015 1,
769 4949 824 5003 3.

358 5125 441 5194 (l)
468 5124 650 5180 Totus
681 5129 738 5180 et
787 5124 986 5195 lingua
1032 5129 1092 5180 et
1116 5128 1309 5196 mente
1337 5128 1395 5180 et
1422 5124 1773 5196 cogitatione
1802 5123 1937 5178 bor-

292 5211 412 5262 reo,
464 5196 697 5266 quando
742 5197 812 5252 de
859 5197 974 5252 Deo
1014 5195 1190 5252 verba
1235 5198 1401 5253 facio.
1461 5195 1542 5252 De
1593 5196 1706 5253 Deo
1746 5200 1940 5252 autem

291 5281 421 5322 cum
457 5269 606 5322 dico.
642 5283 824 5322 unum
858 5284 957 5322 vos
987 5267 1426 5322 circumfulueat
1468 5269 1766 5322 lumen.et
1806 5267 1939 5321 tria.

291 5282 421 5322 cum
457 5282 606 5334 uico,
642 5283 824 5323 unum
858 5284 957 5322 vos
987 5282 1426 5338 circumlulgeat
1469 5282 1766 5334 lumen,et
1806 5282 1939 5321 tria.

289 5337 424 5393 Tria
455 5339 714 5409 quidem,
740 5339 910 5410 juxta
950 5339 1333 5411 proprietates
1373 5343 1494 5422 sive
1531 5337 1945 5422 subsistentias

291 5425 394 5464 seu
451 5425 790 5480 personas:
845 5426 1021 5464 unum
1074 5426 1230 5475 vero,
1279 5411 1603 5466 secundum
1658 5411 1941 5464 rationem

291 5481 564 5552 essentia:
596 5483 714 5536 sive
751 5481 1002 5536 deitatis.
1039 5481 1426 5552 Distinguitur
1455 5482 1610 5536 enim
1645 5481 1947 5551 insepara-

291 5551 572 5635 biliter,”
593 5555 1034 5635 coagmentetur
1053 5551 1674 5635 separabiliterﬂnum
1701 5565 1948 5635 namque

288 5622 348 5695 i_u
379 5621 572 5695 tribus
613 5621 808 5679 Deitas
839 5623 981 5695 ipsa,
1017 5627 1074 5678 et
1114 5621 1242 5694 ipsa
1273 5624 1380 5679 tria
1409 5639 1616 5690 unum,
1647 5624 1705 5678 in
1739 5621 1948 5695 quibus

287 5693 526 5774 Deitas,
558 5708 658 5750 seu
707 5711 833 5774 quas
862 5690 1081 5752 'Deitas
1129 5690 1286 5750 sunt.
1329 5699 1350 5765 (
1379 5690 1946 5774 Greg__'l‘beologu_s.)

287 5763 454 5828 Unus
483 5763 662 5835 Deus,
711 5763 834 5822 fres
882 5779 1158 5836 persons,
1211 5763 1638 5836 una‘essentia,
1672 5763 1946 5838 potentia,

2040 4419 2219 4473 sionis
2250 4421 2308 4472 et
2339 4414 2469 4470 ﬁdei
2504 4415 2714 4468 nostrae
2764 4409 3064 4482 principis,
3116 4425 3349 4482 genere,
3395 4410 3694 4482 ipsiusque

2036 4505 2277 4562 sublimi
2333 4501 2616 4575 dignitate
2647 4505 2703 4556 et
2723 4507 2952 4568 natura,
2981 4497 3151 4554 nobis
3184 4498 3340 4554 dicta
3373 4498 3694 4567 sufﬁciant,

2037 4599 2170 4662 Quae
2202 4593 2358 4650 enim
2405 4592 2580 4648 rebus
2623 4589 2800 4645 tantis
2845 4588 3203 4660 explicandis
3234 4587 3444 4644 idonea
3474 4603 3696 4657 suppe-

2037 4687 2179 4740 ditet
2209 4681 2435 4738 oratio?
2486 4696 2590 4752 pro
2619 4693 2686 4734 eo
2725 4682 2897 4749 atque
2945 4677 3210 4732 divinum
3251 4676 3306 4730 id
3349 4690 3576 4745 quoque
3607 4690 3695 4729 os-

2035 4772 2222 4828 tendit
2252 4769 2556 4826 oraculum
2585 4784 2598 4824 :
2627 4768 3044 4825 Generationem
3064 4781 3185 4821 vero
3215 4764 3352 4836 ejus,
3396 4763 3692 4834 inquiens,

2050 5118 2358 5190 sapientla,
2408 5115 2658 5190 bonitas,
2699 5130 2817 5190 una
2856 5119 2911 5190 et
2939 5109 3486 5190 indivisa_Trinitas.
3517 5108 3694 5177 Deus,

2056 5183 2354 5256 Dominus,
2387 5186 2735 5252 Paracletus,
2772 5185 3030 5244 Genitor,
3070 5183 3694 5256 genitus,regenerans.

2053 5265 2137 5318 Ab
2171 5277 2284 5318 uno
2311 5253 2527 5316 omnia.
2578 5260 2623 5314 A
2652 5273 2789 5329 quo,
2837 5264 2936 5326 per
2983 5253 3180 5329 quem,
3223 5253 3284 5308 in
3316 5269 3427 5329 quo
3475 5253 3693 5329 omnia.

2057 5335 2270 5390 Unusa
2322 5348 2402 5398 se,
2449 5347 2604 5386 unus
2654 5321 2724 5383 ad
2769 5321 2905 5395 uno,
2938 5321 3204 5398 unusiab
3231 5325 3538 5398 ambobus,
3574 5321 3699 5398 Eva

2055 5421 2136 5468 se,
2165 5402 2225 5458 ὃν
2269 5406 2340 5458 ab
2373 5395 2573 5466 altero,
2650 5403 2724 5455 ab
2775 5403 3038 5469 utroque.
3089 5397 3276 5460 Pater,
3319 5396 3523 5469 Filius,
3568 5395 3699 5465 Spi-

2055 5462 2203 5532 ritus
2233 5475 2500 5530 Sanctus.
2554 5462 2680 5527 Una
2736 5462 3165 5542 putem-A6199
3201 5462 3694 5542 Παρακλητοςιιὰθ,

2055 5547 2330 5611 essentia,
2378 5561 2487 5600 una
2527 5543 2736 5608 virtus,
2789 5557 2908 5596 una
2957 5540 3259 5611 beatitudo
3296 5553 3309 5592 :
3361 5556 3393 5592 a
3435 5553 3570 5608 quo,
3600 5550 3700 5607 per

2058 5633 2258 5688 quem,
2299 5609 2356 5670 et
2404 5616 2476 5688 in
2503 5630 2616 5684 quo
2658 5611 2841 5688 beata
2883 5615 3024 5666 sunt
3069 5609 3288 5676 omnia,
3337 5621 3700 5678 quascunque

2057 5683 2400 5744 beata'sunt
2430 5683 2856 5759 (Augustinus).
