4096 6284
407 314 528 375 623

1703 308 2123 371 NICEPHORI
2169 308 2519 371 CALLISTI

3695 310 3803 375 624

403 449 527 520 quis
581 445 965 502 enarrabit’?
1011 444 1207 515 Neque
1264 442 1419 498 enim
1452 442 1742 515 quispiam
1802 443 2050 509 Patrem,

2172 440 2313 511 ἀξίαν
2346 442 2501 515 γνοίη
2536 442 2581 495 εἰ
2623 442 2699 514 μή
2733 442 2761 495 ὁ
2805 441 2929 503 Υἱός
2964 460 2977 473 ⁸
3025 439 3156 496 ἀλλ’
3184 439 3313 497 οὐδὲ
3342 442 3432 497 τὸν
3483 441 3614 496 Υἱὸν
3648 442 3810 511 αὖθις,

405 552 511 608 pro
541 553 607 591 eo
639 542 810 607 atque
859 535 1046 599 decet,
1082 533 1226 588 satis
1255 532 1607 603 cognoverit,
1665 538 2054 603 praaterquam

408 623 586 678 Filius
632 640 819 693 neque
894 639 1128 678 rursum
1198 621 1430 688 Filium,
1492 627 1875 693 praeterquam
1956 620 2058 692 qui

405 711 573 767 illum
603 712 808 783 genuit
840 716 1019 766 Pater.
1057 710 1142 765 Ad
1178 727 1375 781 quem,
1411 714 1475 764 ut
1504 711 1773 782 estIapud
1808 715 2055 765 veterem

406 802 628 869 Mosen,
663 803 904 872 loquens
936 803 1104 857 Pater
1138 803 1195 856 in
1226 802 1515 857 creatione
1547 800 1800 856 universi
1833 801 2010 871 hujus
2043 818 2057 856 :

401 893 712 958 Faciamus,
739 891 944 961 inquit,
981 890 1254 945 hominem
1280 890 1350 945 ad
1389 891 1692 962 imaginem
1732 898 1982 945 nostram
2010 892 2062 944 et

402 978 841 1036 similitudinem
862 981 903 1036 ³.
950 980 1115 1035 Hunc
1160 981 1353 1051 ipsum
1385 995 1545 1051 sane,
1577 980 1913 1050 quicunque
1943 978 2061 1033 vir-

404 1074 524 1125 tute
555 1077 607 1124 et
631 1068 687 1123 in
723 1068 908 1124 Deum
942 1068 1156 1141 pietate
1186 1067 1316 1123 aliis
1351 1076 1622 1140 praestare
1670 1067 1879 1139 primis
1910 1072 2059 1122 tem-

404 1159 646 1229 poribus
678 1157 816 1212 dicti
848 1162 1009 1227 sunt,
1042 1162 1105 1213 ut
1157 1157 1449 1213 Abraham
1506 1162 1563 1213 et
1612 1157 1811 1225 Moses,
1871 1156 1973 1212 45
2007 1160 2062 1212 et

401 1246 643 1318 insuper
674 1245 1002 1317 quicunque
1030 1250 1163 1302 ante
1194 1254 1250 1303 et
1308 1252 1439 1319 post
1494 1263 1592 1303 eos
1631 1248 1781 1318 justi
1822 1261 2058 1317 morum

405 1336 735 1391 mutatione
765 1335 1001 1390 fuerunt
1033 1336 1347 1407 prepbetee,
1382 1340 1438 1390 et
1466 1335 1563 1392 alii
1596 1337 1708 1391 Deo
1758 1336 1952 1407 placiti
2006 1338 2063 1389 et

403 1424 552 1496 grati
572 1423 863 1491 homines,
899 1424 1111 1479 mentis
1142 1424 1327 1481 oculis
1355 1426 1579 1481 sincere
1610 1430 1668 1480 et
1719 1423 1872 1480 clare
1911 1441 2060 1480 con-

402 1513 689 1585 templati,
718 1513 932 1583 prolixe
954 1520 1365 1585 cognoverunt,
1392 1519 1449 1569 et
1471 1519 1750 1585 tanquam
1783 1529 2063 1585 germano

406 1602 505 1656 Dei
536 1602 678 1656 Ftlio
709 1602 1261 1673 prasstantissimum
1299 1603 1526 1673 pietatis
1558 1604 1837 1659 honorem
1871 1602 2063 1657 tribu-

409 1695 602 1746 erunt.
638 1690 738 1745 Ille
768 1708 936 1761 porro
969 1692 1405 1762 persuasionem
1442 1693 1734 1763 fidemque
1774 1691 2063 1762 ejusmodi

419 1794 822 1845 remunerans,
852 1785 909 1834 et
939 1780 1128 1836 Patris
1159 1786 1216 1836 et
1273 1782 1364 1836 sui
1425 1781 1815 1853 cognitionem
1876 1780 2061 1852 perfe-
2100 1806 2143 1870 Β

412 1869 652 1925 ctiorem
687 1869 1227 1942 absolutioremque
1256 1871 1375 1927 illis
1426 1872 1682 1928 adauxit.
1716 1871 1817 1926 Est
1847 1870 2064 1943 quippe

408 1964 577 2014 vetus
608 1958 903 2016 oraculare
949 1961 1208 2028 verbum,
1243 1961 1536 2017 neminem
1594 1978 1792 2018 eorum
1825 1962 1925 2033 qui
1964 1978 2061 2016 an-

403 2047 652 2118 tiquitus
710 2048 824 2102 Deo
870 2048 1234 2120 placuerunt,
1284 2050 1408 2106 sine
1466 2050 1579 2107 fide
1644 2051 1703 2106 in
1763 2049 2059 2106 Christum

404 2135 580 2191 ﬁnem
634 2137 759 2192 vite
810 2148 1184 2194 consecutum
1224 2156 1373 2195 esse.
1428 2140 1728 2210 Siquidem
1772 2155 1876 2211 per
1929 2154 2064 2194 con-

401 2224 688 2293 jecturam
716 2225 774 2280 id
798 2225 1068 2297 colligere
1097 2226 1255 2296 licet,
1305 2245 1373 2283 ex
1424 2228 1800 2284 multifariam
1830 2226 2064 2283 visioni-

401 2316 512 2369 bus
544 2331 717 2385 quam
752 2316 897 2372 alias
928 2317 1057 2373 aliis
1080 2318 1500 2385 accumulavit,
1536 2336 1638 2391 pro
1660 2336 1725 2375 eo
1758 2323 1933 2390 atque
1965 2334 2062 2376 eas

400 2404 650 2474 quisque
681 2404 829 2459 ferre
860 2405 1065 2476 potuit.
1120 2408 1307 2478 Atque
1358 2406 1636 2478 equidem
1689 2408 1747 2462 in
1806 2405 2063 2462 hominis

405 2494 598 2560 specie
645 2493 756 2563 ipsi
804 2493 1043 2547 Abrahae
1094 2494 1476 2566 frequentius,
1524 2495 1951 2566 progenitisque
1982 2510 2047 2549 ex

404 2594 471 2634 eo
503 2579 847 2649 apparuisse
895 2582 1170 2649 creditur,
1204 2585 1553 2655 quandoque
1597 2600 1698 2655 per
1730 2600 1791 2639 se
1840 2584 2060 2656 ipsum,

399 2673 748 2744 quandoque
780 2688 879 2743 per
909 2674 1290 2730 administros
1322 2691 1454 2731 suos
1515 2674 1774 2746 angelos,
1807 2673 2059 2729 oraculis

406 2777 505 2817 eos
537 2763 887 2830 admonens,
921 2769 978 2817 et
1009 2764 1222 2819 docens
1255 2764 1325 2818 de
1366 2764 1541 2819 rebus
1599 2763 1858 2836 optimis.
1895 2763 2058 2827 Quod

402 2847 637 2923 quidem
667 2851 851 2907 cuivis
883 2851 970 2906 vel
1005 2852 1139 2908 inde
1171 2851 1336 2907 facile
1368 2860 1452 2908 est
1483 2852 1820 2908 existimare
1851 2856 1907 2907 et
1935 2868 2062 2908 cre-

401 2941 552 2994 dere.
587 2940 871 3011 Angelum
917 2941 1073 2996 enim
1130 2940 1462 3010 Dominum,
1512 2940 1603 2997 vel
1649 2941 1825 2997 etiam
1876 2942 2059 2998 Deum

403 3028 718 3099 appellare,
764 3030 1123 3085 consuetudo
1174 3031 1483 3101 Scriptura:
1526 3047 1636 3086 non
1685 3034 1774 3085 est
1804 3048 1817 3086 :
1846 3031 1949 3086 sed
1982 3031 2060 3086 ita

401 3116 762 3187 simpliciter,
794 3119 948 3173 nudo
980 3118 1199 3175 scilicet
1231 3118 1485 3186 nomine,
1517 3118 1790 3191 angelum
1825 3136 1837 3172 :
1888 3119 2056 3175 illum

399 3220 534 3261 vero
566 3221 798 3277 semper
828 3205 1153 3278 insignibus
1194 3213 1249 3262 et
1277 3208 1695 3264 excellentibus
1736 3207 1957 3263 extollit
2004 3213 2060 3263 et

399 3292 658 3350 celebrat
689 3295 1045 3362 nominibus,
1079 3295 1381 3368 Deumque
1403 3300 1460 3352 et
1490 3296 1806 3353 Dominum
1858 3300 2057 3368 aperte

399 3388 457 3440 et
487 3384 641 3441 clare
672 3389 858 3442 vocat.
894 3385 1092 3457 Itaque
1120 3385 1397 3457 Verbum,
1456 3388 1607 3459 quod
1675 3388 1925 3444 colimus
1954 3388 2055 3461 (1),

2167 528 2324 601 εἰμὴ
2358 530 2385 583 ὁ
2435 531 2696 605 γεννήσας
2752 531 2941 605 Πατήρ
2974 549 2988 563 ο
3042 530 3179 604 πρὸς
3220 530 3279 585 δν
3324 531 3461 586 κατᾶ
3506 531 3601 586 τὸν
3653 529 3815 586 πάλαι

2169 617 2367 674 Μωσέα
2414 617 2911 694 κοινολογούμενος
2943 620 2971 673 ὁ
3026 622 3216 695 Πατὴρ
3264 624 3334 693 τῇ
3382 623 3689 697 παραγωγῇ
3727 620 3818 675 τοῦ

2170 708 2371 769 παντὸς
2400 706 2581 779 τοῦδε,
2616 710 3039 782 Ποιήσωμεν,
3072 710 3256 785 φησὶν,
3296 706 3651 784 ἄνθρωπον
3691 706 3818 766 κατ’

2168 795 2398 851 εἰκόνα
2428 797 2764 871 ἡμετέραν
2795 798 2902 852 καὶ
2933 798 3073 852 καθ’
3104 797 3457 870 ὁμοίωσιν.
3490 801 3694 853 Τοῦτον
3728 808 3817 871 μὲν

2170 885 2261 941 οὖν
2308 886 2399 941 καὶ
2450 885 2568 941 ὅσοι
2626 887 2792 961 ἀρετῇ
2842 886 2934 941 καὶ
2980 882 3255 959 θεοσεϐείᾳ
3310 892 3417 942 τῶν
3479 886 3669 942 ἄλλων
3727 887 3822 943 διε-

2167 981 2374 1050 νεγκεῖν
2437 973 2683 1050 λέγονται
2740 974 2962 1046 ἄνωθεν,
3019 975 3071 1030 ο⁹ί
3127 997 3186 1031 τε
3242 977 3367 1051 περὶ
3426 977 3516 1032 τὸν
3572 971 3822 1052 ’Δϐραὰμ

2171 1086 2316 1142 φημι
2348 1064 2439 1119 καὶ
2494 1064 2711 1135 Μωσέα,
2741 1064 2832 1119 καὶ
2877 1063 2994 1119 ὅσοι
3041 1086 3100 1140 γε
3148 1066 3253 1138 πρὸ
3299 1064 3521 1120 ἐκείνων
3563 1065 3656 1120 καὶ
3711 1069 3822 1138 μετ’

2173 1151 2411 1214 ἐκείνους
2463 1150 2662 1207 δίκαιοι
2712 1156 2790 1225 τῷ
2820 1150 3216 1226 ἐξηλλαγμένῳ
3258 1158 3367 1209 τῶν
3416 1152 3635 1227 τρόπων
3675 1155 3822 1231 γεγί-

2169 1263 2380 1314 νηνται,
2440 1249 2716 1319 προφῆται
2798 1242 2886 1295 καὶ
2963 1241 3150 1305 ἄλλως
3229 1242 3529 1317 εὐάρεστοι,
3612 1242 3824 1317 ὄμμασι

2171 1329 2410 1393 διανοίας
2479 1334 2787 1410 ἀκραιφνῶς
2851 1333 3258 1408 φαντασθέντες,
3318 1331 3590 1407 λαμπρῶς
3668 1328 3829 1408 ἔγνω-

2172 1440 2310 1475 σανο
2370 1421 2461 1476 καὶ
2522 1424 2610 1476 οἷα
2668 1424 2803 1475 Θεοῦ
2856 1418 3011 1476 παιδὶ
3071 1421 3309 1496 γνησίῳ,
3368 1421 3529 1498 γέρας
3595 1421 3826 1495 ἐξαίσιον

2172 1504 2448 1572 εὐσεϐείας
2502 1509 2810 1583 ἀπένειμαν.
2862 1510 2925 1567 Ὀ
2984 1507 3031 1564 δ’
3090 1508 3157 1563 αὖ
3216 1515 3321 1578 τῆς
3378 1510 3610 1573 πίστεως
3672 1513 3828 1584 ἀμει-

2176 1594 2411 1670 ϐόμενος
2438 1600 2538 1668 τὴν
2592 1601 2867 1672 Πατρικγςν
2914 1619 2974 1653 τε
3020 1598 3111 1652 καὶ
3160 1598 3325 1653 αὐτοῦ
3373 1604 3596 1675 γνῶσιν,
3629 1601 3829 1658 ὡσανεὶ

2173 1686 2571 1761 ἐντελεστέραν,
2621 1689 2936 1763 προστιθεὶς
2978 1689 3044 1757 ἦν
3081 1707 3093 1719 ·
3135 1687 3221 1743 καί
3269 1709 3332 1763 γε
3379 1688 3542 1765 λόγος
3590 1690 3828 1766 ἀρχαῖος

2171 1777 2315 1850 αἱρεῖ
2367 1772 2577 1849 μηδένα
2622 1780 2731 1830 τῶν
2781 1775 2981 1829 ἀνωθεν
3029 1774 3476 1849 εύηρεστηκότων
3530 1781 3648 1847 Θεῷ
3694 1776 3829 1852 δίχα

2174 1872 2275 1936 τῆς
2327 1866 2404 1928 εἰς
2456 1867 2689 1941 Χριστὸν
2740 1865 2972 1928 πίστεως
3019 1866 3082 1920 τὸ
3125 1870 3222 1921 τοῦ
3280 1867 3404 1940 βίου
3461 1867 3629 1942 πέρας
3677 1869 3828 1939 κλη-

2174 1955 2494 2030 ρώσασθαι·
2556 1953 2608 2009 εἷ’
2678 1976 2737 2029 γε
2809 1958 2971 2009 τοῦτο
3041 1954 3521 2031 τεκμηριώσασθαι
3599 1954 3825 2030 ἔξεστιν,

2172 2046 2263 2099 oio
2311 2042 2603 2117 διαφόρους
2655 2041 2945 2114 πληθύνων
2997 2044 3231 2119 ὁράσεις,
3273 2045 3409 2119 πρὸς
3459 2045 3593 2118 ὅπερ
3642 2046 3825 2124 φέρειν

2170 2131 2395 2194 ἕκαστος
2478 2133 2595 2193 οἷός
2647 2151 2704 2185 τε
2774 2132 2863 2201 ἦν,
2923 2130 3012 2186 καὶ
3088 2130 3139 2185 ἐν
3206 2133 3493 2208 ἀνθρώπου
3568 2136 3825 2209 σχήματι

2173 2220 2351 2300 ὦφθαι
2400 2225 2479 2292 τῷ
2530 2242 2587 2274 τε
2638 2216 2890 2296 Ἀϐραὰμ
2938 2218 3211 2298 διαφόρως
3267 2222 3357 2275 καὶ
3412 2226 3529 2284 τοῖς
3586 2222 3638 2293 ἐξ
3692 2223 3829 2279 ἐκεί-

2171 2331 2267 2365 νου
2318 2307 2644 2373 πιστεύεται,
2689 2310 2779 2363 καὶ
2838 2311 2974 2363 ποτε
3036 2310 3130 2382 μὶν
3178 2307 3250 2363 δι’
3307 2311 3518 2379 ἑαυτοῦ,
3570 2312 3706 2367 ποτὲ
3765 2310 3826 2367 δὲ

2174 2396 2264 2453 διὰ
2292 2401 2398 2453 τῶν
2452 2396 2790 2474 λειτολργῶν
2834 2397 2996 2451 αὐτοῦ
3046 2398 3286 2473 ἀγγέλων
3340 2402 3705 2474 χρηματίζων
3758 2401 3827 2457 τὰ

2170 2488 2471 2561 κρείττονα.
2519 2491 2607 2547 Ὡς
2658 2483 2841 2559 ῥᾴδιον
2886 2487 3016 2540 εἶναι
3071 2487 3231 2542 παντί
3278 2509 3359 2560 τῳ
3396 2489 3485 2543 καὶ
3528 2494 3696 2545 τοῦτο
3746 2488 3828 2546 ἒν-

2170 2579 2349 2631 τεῦθεν
2398 2577 2789 2629 πιστώσασθαι.
2832 2577 2935 2630 Τὸν
2990 2576 3084 2647 μὲν
3141 2577 3243 2650 γὰρ
3292 2574 3528 2653 ἄγγελον
3603 2579 3665 2633 ού
3721 2580 3826 2635 Κύ-

2174 2687 2310 2739 ριον,
2355 2662 2480 2719 οὐδὲ
2541 2666 2649 2736 μὴν
2711 2665 2840 2719 Θεὸν
2896 2664 3319 2739 προσαγορεύειν
3377 2664 3495 2728 ἔθος
3548 2667 3661 2722 ἐστὶ
3719 2676 3825 2739 τῆς

2172 2760 2391 2831 Γραφῆς
2426 2772 2439 2786 ⁶
2474 2752 2602 2809 ἀλλ’
2650 2752 2841 2817 ἁπλῶς
2866 2753 3037 2814 οὕτως
3089 2753 3317 2828 ἄγγελον
3359 2754 3509 2829 ψιλῷ
3538 2757 3704 2812 καλεῖ
3743 2764 3823 2832 τῷ

2172 2843 2400 2918 ὀνόματι
2434 2863 2447 2876 ’
2503 2843 2706 2898 ἐκεῖνον
2750 2840 2798 2897 δ’
2847 2844 2927 2898 ἀεὶ
2978 2849 3197 2916 σεμνοῖς
3242 2845 3331 2899 καὶ
3383 2841 3818 2920 ὑπερϐεϐηκόσιν

2172 2933 2366 3009 ἐξαίρει
2424 2933 2676 3007 ὀνόμασι,
2743 2933 2831 2987 καὶ
2904 2933 3032 2987 Θεὸν
3088 2933 3176 2987 καὶ
3254 2932 3453 3008 Κύριον
3531 2933 3821 3009 ἀριδήλως

2170 3022 2637 3096 κατονομάκουσα.
2675 3026 2765 3083 Ὡς
2800 3022 2893 3094 μὲν
2937 3020 3028 3075 οὖν
3079 3023 3412 3096 προαιώνιος
3443 3024 3471 3077 ὁ
3500 3025 3622 3078 καθ’
3670 3027 3821 3099 ἡμᾶς

2173 3112 2370 3188 Λόγος,
2402 3110 2492 3166 καὶ
2537 3114 2643 3164 τῶν
2678 3110 2890 3164 αἰώνων
2938 3111 3155 3165 πάντων
3181 3111 3271 3166 καὶ
3315 3112 3533 3186 χρόνων
3581 3113 3817 3189 ἀρχαιό-

2168 3222 2345 3276 τερος,
2407 3199 2496 3253 καὶ
2555 3200 2628 3261 ὡς
2684 3200 2793 3253 τισὶ
2864 3202 2973 3254 τῶν
3048 3198 3390 3274 παλαιτέρων
3466 3202 3810 3273 μυστικώτε-

2170 3312 2257 3366 ρον
2318 3288 2498 3367 ὤφθη,
2568 3288 2611 3342 εἷ
2681 3288 2771 3342 καὶ
2850 3290 2925 3361 μή
3007 3287 3300 3361 σύμπασιν,
3358 3288 3639 3366 αὐτάρκως
3723 3292 3805 3346 εἰ·

2170 3382 2382 3458 ρήσθω.

398 3477 701 3543 teternum,
752 3480 809 3531 et
850 3476 1079 3532 saeculis
1130 3476 1608 3549 temporibusque
1659 3477 1946 3534 universis
1993 3473 2293 3547 antiquius
2342 3469 2543 3537 fuisse,
2592 3477 2645 3524 et
2692 3468 2981 3524 veteribus
3019 3470 3181 3537 olim,
3212 3470 3320 3525 etsi
3355 3487 3466 3526 non
3500 3472 3800 3542 omnibus,

400 3566 751 3635 quibusdam
787 3570 1002 3633 tamen,
1035 3567 1093 3622 in
1124 3568 1400 3641 mysterio
1458 3570 1829 3640 apparuisse,
1865 3566 2067 3646 paucis
2098 3563 2260 3619 hisce
2291 3559 2508 3614 dictum
2543 3575 2668 3614 esse
2701 3561 2847 3613 satis
2878 3559 2972 3614 sit.

1040 3695 1273 3752 CAPUT
1313 3697 1410 3753 IIl.

404 3802 577 3863 Quam
607 3800 669 3855 ob
708 3817 927 3856 causam
960 3818 1068 3857 non
1096 3803 1231 3857 olim
1284 3803 1535 3860 Salvator
1575 3806 1842 3870 Christus,
1874 3804 1963 3859 sed
1992 3805 2051 3858 in

472 3877 743 3947 postrema
771 3878 1075 3943 temporum
1104 3879 1285 3940 xta-te,
1318 3875 1596 3931 hominem
1643 3876 2003 3947 assumpserit
2030 3891 2051 3929 :

474 3944 611 3997 etde
628 3953 882 4014 perpetuo
910 3949 964 4000 et
991 3949 1318 4017 sempiterno
1346 3948 1463 4017 eius
1492 3964 1680 4015 regno.

478 4123 711 4179 Minime
740 4139 872 4180 vero
900 4124 1098 4179 mirari
1143 4130 1386 4195 oportet,
1429 4142 1546 4181 non
1577 4127 1799 4183 dudum
1858 4132 2051 4196 antea,

408 4213 485 4268 ita
520 4221 577 4267 ut
610 4229 791 4278 nunc,
816 4213 1092 4269 omnibus
1124 4214 1463 4269 hominibus
1492 4220 1548 4271 et
1576 4217 1847 4287 gentibus
1888 4218 2053 4273 Chri-

407 4307 565 4356 stum
611 4300 958 4358 innotuisse.
992 4300 1267 4358 Doctrina
1325 4305 1479 4359 enim
1529 4303 1741 4360 Christi
1790 4308 2048 4362 omnium

2797 3690 3056 3743 ΚΕΦΑΛ.
3100 3688 3171 3745 Γ’.

2161 3796 2250 3851 Δι’
2287 3796 2364 3862 ἣν
2405 3792 2747 3869 αἰτίαν-μή
2786 3793 3031 3869 ἄνωθεν
3075 3795 3103 3848 ὁ
3137 3796 3420 3869 Χριστὸς
3464 3795 3801 3869 ἐνηνθρώ-

2231 3886 2456 3943 πη-σεν,
2499 3863 2743 3943 ᾀλλ”ἐν
2779 3865 3029 3943 ὑστέρῳ
3070 3863 3207 3943 τῶν
3234 3868 3496 3943 χρόνω-ν
3535 3863 3749 3943 καιρῷ
3783 3889 3796 3901 ·

2233 3934 2340 4028 καὶ
2379 3937 2677 4010 περὶτῆς
2717 3934 2950 3991 ἀϊδίου
2982 3934 3089 3992 καὶ
3123 3934 3400 3993 αἰωνίου
3443 3934 3801 4014 βασιλείας

2237 4028 2463 4063 αυτου.

2230 4132 2464 4185 "Emam
2510 4127 2566 4184 δὲ
2624 4131 2918 4203 θαυμάζειν
2968 4131 3104 4206 χρὴ.
3154 4132 3237 4186 ὅτι
3299 4133 3376 4206 μὴ
3439 4130 3622 4208 ὥσπερ
3681 4139 3802 4205 ὤν’

2163 4218 2224 4275 ἐκ
2251 4217 2467 4275 πολλοῦ
2517 4221 2821 4297 ἀνθρώποις
2870 4225 2999 4276 πᾶσι
3047 4224 3133 4276 καὶ
3180 4218 3383 4278 ἔθνεσιν
3431 4223 3751 4298 ἐγνώρίζετο
3785 4245 3800 4259 ·

2161 4310 2196 4378 ἡ
2256 4310 2359 4386 γὰρ
2417 4309 2595 4377 πάσης
2649 4306 2926 4384 ἀκριϐείας
2982 4311 3071 4365 καὶ
3126 4309 3474 4381 τελειότητος
3523 4314 3803 4392 πάνσοφος

406 4390 984 4445 consummatissima
1041 4394 1216 4460 atque
1274 4392 1716 4463 perfectissima,
1775 4394 2055 4467 omnique

2172 4400 2255 4452 καὶ
2301 4400 2594 4471 πανάρετος
2644 4403 2740 4453 τοῦ
2788 4405 3026 4474 Χριστοῦ
3077 4397 3400 4456 διδασκαλία
3447 4401 3557 4476 οὐχ
3606 4401 3700 4458 οἵα
3748 4425 3806 4459 τε

409 4479 704 4549 sapientiae
764 4487 818 4533 et
878 4478 1111 4534 virtutis
1168 4496 1380 4550 genere
1434 4481 1889 4550 absolutissima,
1939 4500 2055 4540 non

410 4569 512 4623 ΔΘ
544 4571 703 4639 apta,
726 4570 1054 4637 opportuna
1074 4574 1131 4622 et
1160 4584 1487 4639 congruens
1527 4572 1767 4627 omnino
1798 4578 2055 4629 veterum

405 4656 712 4712 hominum
746 4656 871 4712 vitae
923 4662 980 4711 et
1028 4657 1285 4713 moribus
1329 4659 1455 4714 fuit.
1512 4660 1990 4731 Quandoquidem
2024 4679 2059 4718 a

406 4746 607 4817 primis
646 4745 848 4801 statim
880 4744 1087 4813 initiis,
1121 4746 1219 4816 qui
1254 4748 1751 4819 incorruptibilem
1794 4752 2056 4823 seniique

406 4842 696 4904 expertem
728 4839 785 4889 et
811 4834 1035 4889 beatam
1067 4834 1242 4888 vitam
1303 4846 1620 4907 acceperat,
1652 4840 1877 4909 primus
1910 4841 2059 4896 vide-

402 4920 537 4978 licet
569 4923 763 4989 homo,
823 4928 881 4977 et
944 4923 1171 4994 generis
1232 4926 1413 4980 nostri
1473 4932 1693 4995 auctor,
1742 4929 2055 4985 minimum

403 5011 519 5065 dati
558 5011 823 5082 praecepti
857 5027 1101 5072 memor,
1146 5012 1530 5068 immortalem
1582 5015 1735 5070 fatali
1792 5033 2053 5074 commu-

402 5100 549 5155 tavit
602 5098 737 5154 vita.
767 5099 875 5164 Qui
935 5116 1072 5156 vero
1120 5116 1186 5155 ex
1247 5117 1313 5157 eo
1362 5106 1502 5158 sunt
1531 5105 1844 5175 progeniti,
1886 5106 2057 5179 longe

403 5188 738 5255 deteriores,
799 5204 916 5244 uno
963 5193 1140 5258 atque
1198 5189 1376 5245 altero
1436 5197 1696 5262 excepto,
1766 5200 2053 5266 agrestem

407 5276 744 5346 quamdam.
780 5276 960 5331 feram
993 5280 1050 5331 et
1072 5293 1250 5349 prope
1282 5277 1604 5336 belluinam
1627 5297 1854 5350 omnes,
1887 5301 2056 5357 appe-

402 5364 678 5420 titionum
737 5379 982 5418 suarum
1038 5365 1258 5435 impetu
1317 5368 1495 5436 ducti,
1554 5378 1799 5439 egerunt
1856 5371 2051 5430 vitam.

402 5451 529 5509 Non
559 5451 757 5522 itaque
786 5451 868 5507 illi
913 5454 1089 5508 urbes
1149 5455 1466 5526 incoluere,
1524 5474 1639 5513 non
1684 5460 1906 5516 artibus
1957 5470 2057 5518 aut

476 5569 497 5604 ³
530 5570 642 5625 Isa.
674 5583 794 5635 LIII,
824 5567 879 5621 8.
950 5567 972 5602 ³
1004 5569 1146 5625 Geu.
1189 5587 1229 5641 ι,
1261 5572 1351 5626 26.

2164 4488 2231 4557 ἦν
2279 4493 2358 4559 τῷ
2403 4488 2573 4543 πάλαι
2620 4494 2731 4542 τῶν
2780 4488 3082 4563 ἀνθρώπων
3133 4490 3263 4564 βίῳ,
3313 4491 3401 4545 καὶ
3449 4490 3688 4565 μάλιστά
3738 4515 3802 4569 γε

2164 4580 2516 4652 προσήκουσα
2551 4598 2563 4610 ·
2614 4579 2704 4632 καὶ
2752 4579 2854 4652 γὰρ
2903 4577 2964 4633 ἐκ
3009 4580 3318 4654 προοιμίων
3376 4580 3553 4651 εὐθύς,
3613 4584 3641 4637 ὁ
3696 4585 3796 4651 τήν

2163 4667 2353 4741 ἀγήρω
2399 4667 2489 4721 καὶ
2542 4667 2804 4741 μακαρίαν
2838 4670 2985 4738 ζωὴν
3031 4669 3299 4748 εἰληφὼς,
3346 4672 3375 4724 ὁ
3425 4675 3642 4745 πρῶτος
3693 4670 3802 4743 δη·-

2164 4752 2305 4825 λαδὴ
2340 4754 2641 4829 ἅνθρωπος,
2673 4757 2762 4810 καὶ
2801 4762 2900 4811 τοῦ
2948 4757 3133 4832 γένους
3163 4761 3323 4832 ἡμῶν
3369 4759 3641 4838 ἀρχηγὸς,
3675 4759 3803 4817 ἐλά-

2164 4864 2329 4922 χιστα
2378 4851 2478 4913 τῆς
2538 4841 2835 4916 δεδομένης
2893 4843 3122 4915 ἐντολῆς
3181 4847 3485 4923 φροντίσας,
3534 4848 3649 4904 ἀντὶ
3704 4857 3804 4920 τῆς

2165 4933 2428 4987 ἀθανάτου
2478 4934 2579 5001 τήν
2629 4931 2890 5007 ἐπίκηρον
2941 4933 3218 5005 ἠλλάξατο
3270 4936 3479 5011 βιοτήν.
3510 4937 3611 4992 Καί
3660 4959 3724 5013 γε
3754 4940 3804 4993 οἱ

2162 5018 2211 5089 ἐξ
2263 5020 2469 5075 ἐκείνου
2516 5018 2660 5076 πολὺ
2708 5021 2930 5095 χείρους
2979 5023 3285 5097 γενόμενοι,
3334 5024 3480 5093 πλὴν
3529 5024 3646 5088 ἑνός
3700 5047 3804 5083 που

2161 5111 2252 5163 καί
2297 5106 2418 5178 δύο,
2476 5108 2660 5182 ἄγριόν
2715 5129 2836 5164 τινα
2891 5111 2983 5166 καὶ
3040 5109 3289 5187 θηριώδη
3357 5109 3553 5186 σχεδὸν
3610 5116 3805 5177 πάντες

2162 5195 2505 5273 ἐπανῄρηντο
2560 5199 2701 5272 βίον,
2754 5198 2959 5275 οἷ’στρῳ
3001 5204 3112 5254 τῶν
3171 5196 3322 5254 ἰδίων
3368 5198 3594 5274 ὀρέξεων
3650 5200 3805 5281 ἐκφε-

2163 5285 2404 5361 ρόμενοι.
2458 5286 2533 5341 Ού
2590 5285 2771 5343 τοίνυν
2822 5287 3013 5350 πόλεις
3072 5286 3269 5361 ᾤκουν,
3318 5288 3383 5343 οὐ
3431 5286 3657 5363 τέχνην,
3710 5292 3807 5347 οὐκ

2162 5371 2469 5448 ἐπιστήμας
2524 5375 2791 5449 μετῄεσαν
2826 5397 2838 5408 ·
2888 5375 3104 5433 πολλὸῦ
3151 5397 3212 5452 γε
3259 5378 3367 5452 μὴν
3417 5375 3644 5441 ἐκείνοις
3700 5375 3804 5435 ἔδει

2159 5463 2345 5537 νόμων
2399 5485 2458 5520 τε
2513 5466 2603 5520 καὶ
2661 5466 2819 5521 θείων
2882 5464 3288 5541 δικαιωμάτων.
3346 5469 3545 5545 ’Δρετή
3602 5489 3661 5523 τε
3716 5469 3805 5524 καὶ

474 5686 554 5761 (1)
586 5684 701 5740 Ηοο
731 5683 1015 5754 exquisite
1038 5692 1093 5742 et
1122 5686 1444 5744 luculenter
1473 5691 1531 5746 in
1564 5692 1875 5763 Tryphones
1903 5710 2009 5752 suo
2039 5700 2247 5756 tractat
2274 5697 2331 5755 S.
2373 5699 2659 5759 Justinus.
