4096 6284
324 437 452 498 625

1361 445 1980 522 ΕΟΟΙΕΞΙΑΞΤΙΟᾸΕ
2022 449 2422 512 HISTORUE
2467 448 2616 508 LIB.
2663 447 2712 508 Ι.

3621 448 3740 509 626

325 570 629 646 φιλοσοφία
659 575 787 646 παρ’
819 573 1002 649 αὐτρῖς
1057 573 1182 633 ουδὲ
1217 578 1415 653 μέχρις
1453 581 1720 652 ὀνόματος
1753 580 1964 657 ἐγνωρίι

2092 583 2372 641 doctrinis
2449 581 2818 652 scientiisque
2891 581 3121 649 ingenia
3205 581 3525 649 excoluere,
3574 581 3742 652 longe

327 665 471 728 ζετο.
506 660 764 735 Νομάδες
793 662 848 718 δέ
892 685 1034 724 τινες
1077 666 1162 720 ἐπ’
1215 667 1448 741 ἐρημίας
1501 666 1716 745 διῆγον,
1765 673 1831 726 τὰ
1883 673 1976 744 μὲν

322 748 658 823 ἐνσπαρέντα
714 755 782 824 τῇ
850 753 1002 830 φύσει
1062 752 1262 828 λογικᾶ
1321 755 1602 831 σπέρματα
1669 757 1980 831 διαφθείον-

324 859 438 905 τες,
499 839 688 894 κακίαν
751 839 807 895 δὲ
884 848 1054 897 πᾶσαν
1110 842 1162 912 ἐξ
1228 843 1685 921 αὐτοπροαιρέτου
1753 853 1981 923 γνώμης

325 929 821 1002 ἁναπλαττόμενοι,
894 934 1134 1004 σΰμπαν,
1194 932 1323 1006 ὅπερ
1399 937 1679 1009 χείριστον
1767 941 1976 1008 αὐτοῖς,

324 1014 500 1077 ἀδεῶς
561 1014 947 1091 διεπράττοντο
993 1042 1004 1053 ·
1065 1022 1138 1082 ὡς
1195 1023 1326 1076 ποτὶ
1387 1025 1480 1096 μὲν
1529 1027 1753 1101 φθοραῖς
1801 1029 1977 1082 τεκαὶ

325 1107 514 1183 φόνοις
542 1111 659 1168 τοῖς
690 1111 806 1162 κατ’
855 1107 1122 1178 ἀλλήλων
1176 1110 1510 1183 ὁπλίζεσθαι,
1541 1116 1629 1169 ὁτὲ
1662 1115 1717 1169 δὲ
1774 1119 1978 1190 θεομα-

326 1201 449 1267 χεῖν
486 1195 778 1270 αἱρεῖσθαι,
809 1199 894 1252 καὶ
928 1197 1140 1272 τολμᾷν
1190 1199 1538 1275 ἐπιτειχίζειν
1589 1211 1690 1277 γῆν
1741 1204 1976 1280 οὐρανῷ,

325 1283 566 1355 κάκείνῳ
614 1287 1004 1358 προσαράσσειν
1049 1289 1148 1356 τὴν
1198 1289 1440 1365 κεφαλήν
1480 1311 1490 1322 ·
1544 1293 1634 1346 καὶ
1683 1292 1774 1348 ἐπὶ
1816 1294 1976 1351 τόσον

326 1375 448 1426 κατ’
499 1373 675 1428 αὐτῶν
726 1373 950 1450 ἐγείρειν
999 1377 1098 1444 τήν
1131 1376 1362 1456 ξᾶμαχον
1411 1377 1638 1454 δύναμιν
1685 1389 1972 1452 μετιοῦσαν

324 1461 392 1514 τὸ
437 1458 662 1525 αὕθαδές
707 1483 765 1516 τε
820 1463 908 1518 καὶ
959 1462 1220 1538 ἄκαρπον,
1254 1469 1390 1521 καθά
1437 1490 1550 1522 τινα
1601 1469 1737 1540 ὕλην
1789 1472 1973 1547 ἀγρίαν

323 1551 466 1603 κατὰ
506 1551 682 1620 πάσης
731 1553 1038 1626 κεχυμένην
1084 1562 1183 1623 τῆς
1233 1562 1336 1629 γῆς
1372 1575 1382 1585 ·
1437 1558 1512 1620 ὡς
1543 1559 1672 1613 ποτὲ
1717 1561 1810 1632 μὲν
1845 1562 1974 1617 Θεὸν

327 1634 663 1709 ὑπερϐολαῖς
719 1637 924 1694 ὑδάτων
991 1642 1215 1706 τούτους
1274 1645 1590 1716 ἀμύνεσθαι,
1660 1647 1862 1703 ἄλλοτε
1920 1647 1978 1704 δὲ

327 1726 501 1798 πυρὸς
545 1727 762 1801 ὀχετοῖς
809 1729 898 1782 καὶ
947 1735 1222 1803 κεραυνῶν
1269 1733 1564 1806 ἀνημέροις
1615 1735 1805 1807 βολαῖς
1855 1737 1978 1791 ἀνα-

328 1812 579 1869 στέλλειν
631 1818 914 1889 πειρᾶσθαι
965 1820 1062 1887 τὴν
1112 1818 1327 1874 ἐκείνων
1371 1829 1468 1890 τῆς
1519 1824 1704 1886 κακίας
1744 1824 1972 1898 ἄσχετον

2088 677 2260 731 etiam
2296 673 2574 745 alegibus
2606 672 2944 742 devinisque
2993 672 3250 728 cultibus
3283 677 3337 726 et
3365 672 3746 742 justiﬁcatio—

2089 762 2261 816 nibus
2295 761 2549 816 abfuere.
2585 759 2783 813 Virtus
2811 776 2977 830 porro
3041 764 3096 813 et
3148 759 3522 830 philosophia
3574 775 3643 814 ne
3675 761 3746 816 de

2089 849 2323 906 nomine
2353 849 2586 918 quidem
2620 848 2773 919 apud
2807 864 2904 902 eos
2938 855 3080 902 nota:
3108 848 3263 902 fuere
3297 865 3310 901 :
3353 849 3452 902 sed
3505 849 3744 918 perinde

2087 942 2260 1010 atque
2321 937 2557 1008 quidam
2620 936 2921 1002 nomadas,
2981 935 3243 1007 palantes
3295 935 3352 989 in
3405 935 3547 991 solis
3599 937 3742 993 locis

2085 1029 2295 1088 vixere.
2332 1033 2388 1083 et
2421 1027 2597 1082 insita
2627 1026 2736 1081 sibi
2769 1042 2802 1080 a
2837 1031 3041 1080 natura
3073 1027 3318 1082 rationis
3350 1027 3575 1081 semina
3607 1044 3742 1082 cor-

2088 1121 2446 1188 rumpentes,
2474 1132 2538 1169 ac
2570 1115 2941 1170 vitiositatem
2974 1114 3377 1185 malitiamque
3409 1131 3637 1170 omnem
3673 1132 3741 1170 ex

2085 1207 2248 1262 liberi
2286 1205 2505 1260 arbitrii
2547 1205 2831 1259 sententia
2863 1205 3234 1275 refingentes,
3268 1204 3551 1274 quidquid
3585 1209 3743 1259 esset

2087 1297 2431 1367 pessimum,
2463 1292 2672 1348 timore
2703 1292 2966 1364 deposito
3000 1305 3266 1363 peregere
3301 1308 3312 1345 :
3354 1308 3546 1362 usque
3578 1294 3741 1358 adeo,

2087 1388 2146 1438 ut
2182 1381 2531 1454 quandoque
2578 1380 2813 1450 quidem
2847 1378 2922 1435 ad
2954 1383 3188 1434 mutuas
3230 1379 3412 1434 caedes
3459 1383 3514 1433 et
3545 1379 3737 1435 homi-

2086 1472 2235 1527 cidia
2267 1471 2416 1525 inter
2445 1486 2502 1524 se
2534 1469 2738 1524 armati
2788 1477 3221 1539 consurgerent,
3253 1467 3566 1538 aliquando
3605 1486 3738 1524 vero

2089 1563 2199 1616 Deo
2253 1560 2468 1615 bellum
2521 1559 2730 1623 inferre
2777 1551 3122 1628 inciperent,
3184 1575 3475 1631 superque
3524 1565 3734 1614 terram

2087 1650 2446 1706 munitiones
2477 1652 2533 1702 et
2585 1665 2782 1702 muros
2831 1651 3167 1702 construere
3223 1649 3498 1703 adversus
3529 1648 3734 1703 coelum

2085 1743 2140 1794 et
2160 1744 2336 1810 caput
2367 1739 2438 1793 ad
2492 1737 2547 1792 id
2582 1736 2827 1801 illidere,
2861 1752 2925 1789 ac
2977 1736 3037 1790 in
3092 1740 3316 1791 tantum
3368 1737 3614 1808 denique
3653 1739 3740 1791 in-

2083 1825 2530 1900 expugnabilem
2564 1827 2678 1881 vim
2734 1829 2790 1878 et
2846 1824 3160 1895 potentiam
3219 1825 3279 1878 in
3314 1840 3375 1879 se
3429 1840 3736 1896 provocare

329 1902 534 1975 ῥύμην,
593 1906 782 1976 λιμοῖς
824 1926 881 1960 τε
947 1907 1088 1978 ὁμοῦ
1141 1907 1230 1962 καὶ
1283 1907 1525 1981 λοιμοῖς,
1559 1910 1726 1966 ε’ίδεσί
1765 1935 1823 1968 τε
1854 1912 1964 1968 δια-

384 1990 400 2013 !
421 2011 430 2013 _
639 1990 659 2013 Ἴ
684 1994 694 2012 Ι
963 1996 975 2011 \
1109 1998 1122 2012 ε
1253 2003 1275 2012 ψ
1477 2004 1501 2013 ι.
1604 2001 1616 2013 ο
1674 2001 1711 2013 ιι
1934 2006 1943 2013 .

2089 1920 2258 1988 atque
2289 1917 2537 1970 excitare
2568 1915 2866 1980 auderent,
2904 1916 2966 1967 ut
3012 1914 3080 1966 ad
3114 1914 3489 1969 coercendam
3533 1929 3734 1968 eorum

330 1990 514 2068 φόρων
562 1990 846 2065 πολέμων,
882 1996 1014 2069 πρὸς
1063 1998 1162 2064 τὴν
1210 2003 1316 2052 τῶν
1365 2004 1542 2054 κακῶν
1595 2001 1860 2076 ἀνάλογον
1890 2006 1979 2058 κί-

327 2102 486 2150 νησιν
538 2083 852 2156 χρώμενον,
911 2083 999 2136 καὶ
1051 2086 1125 2146 ὡς
1185 2087 1302 2141 οἷον
1379 2088 1573 2158 αἰπεῖν,
1631 2092 1730 2158 τὴν
1806 2091 1976 2154 οὕτως

329 2170 553 2238 ἀπηνῶς
598 2171 994 2245 ἐπινεμομένην
1045 2178 1150 2228 τῶν
1205 2180 1396 2250 ψυχῶν
1446 2179 1621 2246 νόσον,
1654 2180 1741 2233 καὶ
1789 2177 1976 2242 δεινῶς

324 2255 623 2334 ἕρπονδσαν,
688 2258 1142 2336 δραστικωτέροις
1218 2263 1608 2339 κολαστηρίοις
1692 2267 1974 2323 ἀνακαθαί-

330 2367 508 2421 ροντα.

2090 2006 2263 2061 simul
2299 2011 2354 2060 et
2385 2004 2745 2075 praefractam
2780 2002 3188 2069 temeritatem,
3221 2010 3272 2057 et
3304 2003 3476 2058 inane
3508 2003 3736 2057 inutile-

2088 2113 2200 2167 que
2233 2100 2508 2167 ccaptum,
2544 2099 2809 2162 tanquam
2844 2093 3225 2164 perniciosam
3262 2093 3521 2149 nocentis
3545 2093 3737 2148 herbae

2086 2184 2304 2256 sylvam
2339 2200 2439 2255 per
2467 2183 2799 2238 universam
2832 2187 3046 2236 terram
3096 2183 3361 2248 effusam,
3398 2181 3548 2236 Deus
3581 2198 3737 2238 nunc

2085 2272 2390 2328 immensis
2431 2288 2716 2342 aquarum
2769 2270 3001 2325 diluviis
3048 2270 3362 2337 vindicare,
3397 2287 3552 2325 nunc
3602 2271 3734 2324 hor-

2085 2361 2279 2418 rendis
2339 2362 2491 2432 ignis
2549 2360 2835 2415 imbribus
2894 2375 3280 2430 compescere,
3324 2363 3379 2414 et
3421 2359 3733 2414 violentum

325 2440 710 2513 malignitatis
739 2459 938 2498 eorum
977 2444 1257 2515 impetum
1295 2449 1600 2517 reprimere
1632 2451 2040 2520 aggrederetur
2074 2468 2086 2505 :
2131 2457 2185 2506 et
2217 2456 2491 2523 praeterea
2523 2452 2674 2505 fame
2721 2449 2891 2504 simul
2925 2453 2982 2503 et
3030 2453 3213 2519 peste,
3246 2453 3302 2502 et
3330 2447 3506 2502 variis
3537 2447 3727 2503 bello—

327 2547 456 2585 rum
489 2531 801 2602 generibus
833 2534 902 2587 ad
937 2534 1300 2590 indecentem
1335 2543 1388 2591 et
1423 2538 1812 2608 importunam
1849 2541 2130 2596 malorum
2167 2541 2524 2596 molitionem
2558 2540 2870 2594 tollendam
2904 2541 3160 2593 uteretur
3194 2554 3206 2590 :
3240 2541 3577 2608 tantamque
3607 2538 3728 2592 ani-

325 2635 550 2675 morum
585 2625 670 2689 (ut
700 2621 780 2676 ita
810 2623 1023 2692 dicam)
1057 2624 1210 2680 luem
1246 2627 1480 2696 impune
1514 2628 1705 2682 omnia
1739 2629 2170 2701 depascentem,
2201 2630 2561 2703 graviterque
2588 2630 3052 2694 invalescenlem,
3076 2626 3497 2683 efﬁcacioribus
3531 2643 3728 2698 repur-

322 2713 486 2779 garet
518 2712 788 2765 remediis
821 2716 876 2766 et
909 2713 1113 2782 pmnis.

394 2798 664 2868 Ὀπηνίκα
691 2799 871 2854 τοίνυν
903 2803 932 2856 ’ὸ
962 2806 1224 2864 τοσοῦτος
1257 2811 1357 2872 τῆς
1403 2807 1592 2864 κακίας
1639 2807 1803 2880 κάρος
1834 2807 1970 2861 κατᾶ

323 2887 535 2941 πάντων
588 2885 785 2966 σχεδὸν
834 2888 1084 2964 ἐπεχεῖτο
1143 2894 1236 2946 οἷα
1297 2915 1378 2954 τις
1441 2893 1575 2964 μέθη
1646 2892 1817 2963 δεινὴ,
1875 2898 1970 2957 τὰς

329 2981 470 3051 σφῶν
533 2977 898 3034 ἐπισκοτοῦσα
953 2984 1160 3056 ψυχὰς,
1220 2983 1380 3045 αὐτὸς
1441 2985 1468 3037 ὁ
1516 2986 1822 3060 πανάγαθος
1872 2991 1968 3040 τοῦ

324 3071 456 3119 Θεοῦ
498 3067 681 3142 Λάγος
730 3064 1057 3139 ὑπερϐολαῖς
1105 3078 1205 3139 τῆς
1244 3072 1440 3135 οἰκείας
1473 3075 1778 3145 ἡττημένος
1811 3096 1965 3152 χρη-

324 3154 717 3228 στότητος,τῷ
772 3178 830 3212 τε
882 3163 1092 3234 φυσικῷ
1138 3157 1315 3232 νόμῳ,
1372 3158 1573 3216 ἄλλοτε
1624 3161 1671 3216 δ’
1718 3163 1968 3240 ἀγγέλων

323 3241 684 3313 ἐπιστασίαις,
719 3245 806 3299 ὁτὲ
866 3243 922 3300 δὲ
979 3248 1068 3301 καὶ
1129 3245 1200 3302 δι’
1248 3250 1439 3305 ἑαυτοῦ
1494 3257 1778 3322 μυστικαῖς
1826 3275 1966 3307 τισιν

322 3331 656 3417 ἐπιφανείαις
686 3337 792 3387 τῶν
834 3334 1007 3389 πάλαι
1069 3332 1414 3411 περιϐοήτων
1476 3337 1526 3392 έν
1583 3339 1832 3417 θεοφιλίᾳ
1864 3343 1964 3395 ἀν-

322 3415 460 3491 δρῶν
525 3420 737 3495 ὀλίγοις
806 3443 910 3476 που
995 3423 1330 3503 ἐπεφαίνετο,
1387 3415 1697 3500 ἀνθρώπου.
1748 3430 1962 3507 μορφὴν

319 3507 524 3594 ὑπιῴν·
558 3509 641 3562 ὅτι
700 3531 761 3583 γε
818 3514 947 3582 μητ’
997 3511 1184 3573 ἄλλως
1215 3514 1280 3582 ἧν
1331 3516 1456 3588 ὁρᾷν
1514 3517 1698 3580 αὐτοῖς
1729 3517 1959 3594 ἐφικτόν.

316 3599 402 3656 Ὠς
436 3593 482 3649 δ’
522 3596 834 3670 ἀρκούντως
896 3599 1037 3654 οὕτω
1097 3600 1187 3656 δια
1241 3607 1348 3656 τῶν
1411 3605 1568 3658 θείων
1608 3605 1824 3661 ἐκείνων
1872 3608 1959 3661 ἀν-

315 3678 458 3757 δρῶν
514 3687 580 3738 τὰ
646 3690 745 3750 τῆς
806 3684 1106 3750 θεοσεϐείας
1165 3689 1238 3752 εἷς
1307 3691 1553 3754 πολλοὺς
1626 3691 1957 3750 κατεϐάλετο

317 3776 606 3846 σπάρματα
640 3797 652 3809 ⁸
708 3772 853 3839 ἔθνος
901 3800 959 3832 τε
1016 3776 1294 3853 θεοσεϐείᾳ
1348 3783 1714 3858 προσανέχον,
1747 3785 1805 3839 ἐκ
1859 3790 1958 3840 τοῦ

311 3863 446 3916 κατά
489 3864 669 3938 βραχὺ
725 3863 1037 3938 ὁλόκληρον
1099 3869 1298 3939 ὑπέστη
1352 3872 1438 3925 καὶ
1485 3873 1802 3947 ἐγνωρίζετο
1837 3897 1848 3908 ο
1884 3876 1957 3935 ὡς

314 3950 389 4012 εἷς
422 3951 575 4025 ῥίζαν
624 3953 885 4030 ἀναφέρον
931 3954 1173 4029 βλάστης
1221 3960 1313 4013 τὸν
1362 3956 1634 4034 ’Λϐραὰμ,
1664 3966 1952 4036 τοῦτομὲν

312 4040 505 4094 ὡσανεῖ
547 4046 666 4102 ταῖς
716 4043 886 4098 πάλαι
929 4049 1017 4099 καί
1067 4047 1172 4119 πρὸ
1224 4049 1458 4124 βραχέος
1513 4048 1742 4112 διαίταις
1775 4052 1959 4117 καλῶς

312 4127 767 4204 ἐντεθραμμένον,
821 4135 975 4206 νόμῳ
1020 4135 1100 4206 τῷ
1150 4135 1238 4191 διὰ
1287 4143 1523 4202 Μωσέως
1557 4143 1650 4196 οἷά
1696 4165 1801 4196 τινι
1832 4163 1958 4218 χει-

311 4224 551 4294 ραγωγῷ
600 4222 736 4294 πρὸς
791 4222 1011 4293 μείζονα
1059 4221 1362 4280 θεοσέϐειαν
1414 4228 1703 4304 ἐγχειρίζει
1757 4252 1767 4262 ·
1823 4233 1956 4305 σύμ-

312 4305 455 4364 ϐολά
507 4331 564 4365 τε
620 4311 708 4365 καὶ
759 4311 965 4375 εἰκόνας
1016 4311 1304 4372 Σαϐϐέτου
1349 4321 1434 4373 καὶ
1489 4330 1814 4395 περιτομῆς,
1865 4326 1956 4378 καί

307 4420 455 4462 τινας
515 4399 697 4473 ἐτέρας
771 4402 1072 4476 εἰσαγωγὰς
1145 4407 1428 4480 θειοτέρων
1506 4412 1795 4481 νοημάτων
1864 4415 1954 4466 καὶ

311 4486 698 4562 μυσταγωγίας
775 4489 1168 4564 παραδεικνύει,
1240 4494 1336 4550 οὐκ
1421 4495 1659 4572 ἐναργεῖς
1751 4501 1952 4572 μέντοι,

306 4573 434 4628 ἀλλ’
485 4573 733 4650 ἀμυδράς
780 4598 838 4631 τε
887 4579 975 4632 καὶ
1033 4579 1280 4644 σκιώδεις
1329 4585 1416 4638 καὶ
1468 4587 1665 4647 ταύτας
1725 4587 1952 4660 παραδι-

308 4657 455 4723 δούς.
504 4667 591 4724 Ὠς
645 4661 692 4717 δ’
742 4662 981 4722 ἐντεῦθεν
1049 4671 1380 4746 πανταχόθεν
1445 4675 1640 4728 τούτου
1689 4657 1955 4730 διαδοθέν-

1994 3389 2044 3452 C

2153 2811 2536 2881 Posteaquam
2562 2810 2736 2881 igitur
2767 2812 2929 2863 tanta
2961 2807 3314 2877 malignitas,
3339 2806 3728 2877 vitiorumque

2082 2900 2345 2952 omnium
2379 2899 2648 2969 gravedo,
2673 2897 2908 2968 perinde
2937 2900 3111 2965 atque
3143 2897 3428 2949 damnosa
3457 2895 3722 2965 quaedam

2079 2988 2348 3051 ebrietas,
2384 3004 2484 3059 per
2513 3003 2716 3041 omnes
2745 2986 2860 3040 fere
2890 2990 2976 3040 est
3005 2983 3724 3056 grassata,caliginemque

2078 3093 2278 3132 eorum
2338 3076 2549 3131 animis
2604 3075 2826 3140 offudit,
2880 3074 3070 3145 ipsum
3126 3073 3386 3128 omnium
3433 3072 3720 3142 optimum

2080 3167 2192 3222 Deo
2241 3165 2520 3232 Verbum,
2557 3164 2956 3234 magnitudine
3006 3162 3280 3218 bonitatis
3329 3161 3571 3232 propriae
3620 3178 3719 3216 co-

2077 3262 2292 3318 actum,
2328 3269 2482 3308 nunc
2516 3270 2616 3325 per
2648 3257 2862 3307 natura;
2897 3253 3104 3322 legem,
3143 3266 3296 3305 nunc
3346 3266 3444 3321 per
3485 3249 3724 3322 angelo-

2078 3360 2203 3398 rum
2247 3343 2560 3398 adventum
2604 3345 2660 3398 et
2719 3340 3108 3410 praesentiam,
3159 3340 3500 3411 quandoque
3550 3340 3720 3394 etiam

2076 3449 2174 3504 per
2201 3449 2260 3487 se
2292 3432 2486 3502 ipsum
2521 3429 2781 3502 mysticis
2813 3428 3156 3499 quibusdam
3192 3431 3249 3482 et
3277 3427 3503 3482 arcanis
3534 3444 3722 3498 appa—

2071 3520 2402 3579 ritionibus,
2438 3520 2638 3588 paucis
2687 3519 3038 3589 quibusdam
3072 3517 3169 3586 qui
3232 3515 3567 3584 antiquibus
3601 3515 3724 3586 pie-

2071 3613 2186 3664 tate
2218 3614 2274 3663 et
2304 3624 2501 3663 amore
2537 3607 2630 3662 Dei
2664 3607 2802 3661 clari
2837 3607 3181 3661 exstiterunt
3225 3603 3382 3670 viris,
3414 3603 3626 3658 alicubi
3654 3620 3717 3659 se

2068 3697 2350 3763 exhibuit,
2383 3696 2637 3750 hominis
2670 3696 2857 3750 forma
2887 3697 3192 3762 assumpta
3226 3709 3239 3747 :
3275 3693 3425 3763 quod
3470 3691 3573 3747 47
3613 3692 3720 3746 ali-

2068 3797 2153 3844 ter
2181 3789 2236 3844 id
2271 3789 2410 3859 ipsis
2469 3787 2724 3858 aspicere
2783 3801 3129 3841 concessum
3186 3801 3298 3838 non
3358 3787 3534 3838 esset.
3568 3783 3713 3838 Cum

2069 3896 2238 3949 porro
2269 3878 2412 3932 satis
2440 3877 2510 3930 ad
2543 3891 2672 3930 eum
2727 3875 2966 3929 modum
3008 3890 3108 3944 per
3139 3872 3366 3928 divinos
3397 3871 3530 3927 illos
3561 3873 3715 3928 viros

2066 3969 2124 4022 in
2161 3967 2371 4022 multos
2418 3965 2684 4020 homines
2737 3964 2965 4035 pietatis
3007 3962 3325 4033 cultusque
3368 3961 3465 4016 Dei
3514 3963 3712 4029 conje-

2067 4058 2241 4112 cisset
2267 4056 2514 4123 semina,
2546 4059 2602 4109 et
2632 4069 2773 4124 gens
2807 4052 2902 4106 tali
2953 4051 3133 4106 cultui
3187 4051 3382 4105 dedita
3436 4049 3713 4119 paulatim

2064 4147 2120 4201 in
2157 4147 2279 4200 dies
2312 4145 2497 4215 magis
2530 4144 2826 4214 magisque
2879 4143 2936 4195 in
2970 4157 3153 4196 unum
3207 4139 3549 4195 coalesceret
3589 4155 3714 4194 cor-

2066 4253 2196 4307 pus,
2226 4238 2281 4289 et
2310 4234 2475 4304 quasi
2527 4249 2760 4305 germen
2794 4231 3084 4302 quoddam
3135 4229 3326 4284 radice
3372 4245 3498 4294 sua,
3529 4228 3707 4284 Abra-

2066 4324 2240 4379 bamo
2272 4323 2380 4377 niti
2412 4326 2858 4393 cognosceretur
2892 4336 2904 4373 :
2939 4319 2986 4373 ei
3019 4318 3176 4389 genti
3210 4334 3336 4387 quae
3369 4321 3425 4371 et
3457 4316 3711 4386 antiqui-

2065 4417 2178 4480 tus,
2211 4416 2266 4466 et
2298 4429 2410 4466 non
2443 4413 2523 4465 ita
2556 4411 2779 4480 pridem
2825 4409 2942 4464 vita
2972 4411 3028 4463 et
3059 4407 3316 4462 moribus
3347 4406 3451 4459 rite
3481 4405 3711 4460 exculta

2064 4506 2240 4567 esset,
2271 4501 2452 4570 legem
2507 4517 2607 4571 per
2651 4499 2870 4564 Mosen,
2906 4497 3142 4569 perinde
3183 4500 3355 4566 atque
3400 4495 3709 4564 quemdam

2064 4590 2266 4645 ducem
2315 4593 2372 4644 et
2415 4588 2916 4653 manuductorem,
2949 4586 3022 4641 ad
3073 4582 3494 4655 presentiorem
3534 4582 3712 4651 pieta-

2065 4686 2205 4746 tem,
2246 4677 2465 4748 Deique
2513 4676 2733 4731 cultum
2783 4674 3064 4729 tradidit:
3113 4671 3368 4743 symbola
3413 4677 3468 4725 et
3516 4670 3709 4740 signa,

309 4772 423 4820 τος,
453 4755 516 4806 ἐκ
565 4757 661 4806 τοῦ
701 4755 942 4824 ἀπηνοῦς
993 4757 1193 4813 ἐκείνου
1243 4762 1329 4815 καὶ
1373 4761 1567 4834 ἀγρίου
1611 4764 1732 4837 βίου
1773 4766 1952 4840 ἡρέμα

2076 4769 2389 4839 igurasque
2419 4774 2475 4822 et
2502 4767 2785 4836 imagines
2826 4765 3061 4820 Sabbati
3117 4767 3173 4818 et
3222 4760 3708 4827 circumcisionis,

312 4839 824 4929 μετεῤῥυθμίζοντο,
879 4845 1196 4924 φιλοσοφεῖν
1241 4870 1300 4904 τε
1351 4847 1633 4919 ἐπέϐαλον,
1682 4854 1771 4908 καὶ
1818 4839 1954 4929 πρὸς

306 4927 593 5017 ἀλλήλους
625 4933 812 5006 φιλίας
843 4954 900 4988 τε
943 4937 1032 4989 καὶ
1086 4938 1356 5010 ἐπιμιξίας
1388 4937 1532 5012 ἔχειν
1561 4927 1903 5017 κατήρχοντο
1937 4964 1948 4975 ·

303 5022 380 5089 τῷ
435 5016 779 5104 παιδαγωγῷ
828 5023 984 5095 νόμῳ
1043 5026 1132 5079 οἷά
1168 5047 1271 5080 τινι
1326 5028 1509 5082 κανόνι
1552 5032 1830 5104 χρώμενοι
1863 5034 1953 5087 καὶ

306 5102 751 5180 ἐκπαιδευὸμενοι
788 5129 800 5142 ⁶
853 5112 943 5166 καὶ
1003 5114 1108 5186 πρό
1154 5136 1216 5190 γε
1258 5117 1472 5171 πάντων
1512 5102 1744 5190 ἔμπεδος
1790 5124 1822 5190 ἡ
1856 5125 1952 5175 τοῦ

306 5199 438 5250 Θεοῦ
473 5198 680 5268 [ἰατρὸς
712 5204 908 5272 γνῶσις
957 5199 1181 5264 ἐκείνοις
1220 5204 1600 5281 κατεῤῥιζοῦτο
1636 5253 1649 5266 ,
1701 5207 1862 5279 δεξιοί
1894 5231 1954 5266 τε

306 5283 394 5338 καί
426 5282 729 5354 ἐπιτήδειοι
779 5289 870 5342 καὶ
914 5291 1050 5364 πρὸς
1109 5290 1428 5367 παραδοχὴν
1493 5298 1748 5367 μειξόνων
1792 5319 1951 5373 σπερ·

309 5373 492 5443 μάτων
544 5374 876 5446 θεογνωσίας
926 5378 1116 5434 ὡσανεί
1172 5381 1346 5449 ἦσαν·
1391 5389 1681 5451 τηνικαῦτα
1725 5386 1752 5439 ὁ
1792 5385 1952 5448 αὐτὸς

304 5460 467 5515 πάλιν
503 5465 613 5515 τῶν
646 5465 880 5536 πρώτων
937 5474 1036 5535 τῆς
1096 5469 1288 5541 ἀρετῆς
1348 5473 1670 5545 σπερμάτων
1725 5471 1953 5530 καταϐο-

307 5547 452 5620 hoc,
486 5550 514 5604 ὁ
542 5555 639 5637 τοῦ
672 5558 804 5608 Θεοῦ
838 5557 1008 5630 Λόγος
1042 5559 1070 5612 ὁ
1101 5555 1340 5634 ἅναρχός
1372 5582 1429 5616 τε
1458 5564 1544 5617 καὶ
1598 5565 1949 5637 προαιώνιος·

307 5637 419 5694 ἐπεὶ
455 5636 587 5710 μηδ’
621 5637 810 5704 ἄλλως
841 5645 905 5713 ἦν
940 5645 1222 5721 ἐγχωροῦν
1270 5650 1332 5704 τὸ
1383 5636 1647 5725 ἡμέτερον
1691 5657 1790 5718 τῆς
1839 5653 1955 5708 ἐπι·-

308 5730 614 5804 κεχυμένης
672 5734 919 5808 καθάπαξ
970 5735 1360 5812 ἀπαλλαγῆναι
1417 5740 1547 5816 ἁρᾶς
1600 5763 1612 5778 ·
1656 5741 1746 5798 καὶ
1818 5743 1955 5820 πρὸς

2064 4861 2120 4910 et
2149 4855 2259 4910 alia
2289 4857 2550 4924 quaedam
2578 4855 2862 4909 elementa
2911 4869 3010 4907 seu
3045 4849 3330 4922 principia
3377 4848 3708 4902 divinorum

2064 4945 2438 4999 consiliorum
2461 4949 2516 4999 et
2547 4941 3132 5012 contemplationum,
3160 4938 3552 5009 mysticasque
3576 4952 3711 5006 prae-

2062 5037 2217 5088 terea
2248 5032 2645 5098 caeremonias,
2679 5047 2791 5086 non
2824 5034 3051 5100 apertas
3091 5027 3221 5081 illas
3265 5031 3321 5080 et
3369 5023 3573 5090 claras,
3607 5023 3707 5078 sed

2062 5122 2362 5187 obscuras,
2387 5125 2591 5177 tenues
2635 5126 2692 5176 et
2740 5117 3081 5174 umbratiles
3131 5115 3244 5170 illis
3292 5114 3624 5175 ostendens,
3658 5118 3712 5166 et

2065 5210 2349 5280 praebens.
2389 5211 2459 5264 At
2513 5207 2610 5263 ubi
2645 5208 2914 5277 deinceps
2976 5206 3100 5278 lege
3131 5204 3348 5274 ubique
3395 5199 3708 5271 divulgata,

2061 5314 2128 5352 ex
2159 5299 2304 5352 dura
2333 5296 2433 5351 illa
2472 5300 2528 5351 et
2567 5295 2781 5366 agresti
2829 5297 2948 5350 vita
3001 5293 3260 5349 homines
3307 5288 3586 5360 paulatim
3637 5288 3710 5342 ad

2063 5387 2483 5441 humanitatem
2516 5392 2652 5439 sunt
2698 5383 2908 5438 exculti
2957 5391 3012 5438 et
3062 5383 3128 5436 ad
3183 5377 3706 5451 philosophandum

2060 5477 2320 5531 animum
2363 5475 2722 5542 adjecerunt,
2759 5473 3112 5540 invicemque
3162 5467 3449 5525 amicitias
3498 5465 3705 5531 colere,

2062 5570 2118 5619 et
2147 5563 2622 5620 consuetudinem
2654 5562 2806 5617 inter
2855 5576 2917 5615 se
2968 5560 3177 5615 habere
3232 5558 3532 5629 cmperunt
3577 5554 3706 5624 (pae-

2063 5654 2280 5724 dagogo
2319 5662 2376 5708 et
2419 5653 2654 5708 doctore
2704 5650 2824 5721 lege
2874 5648 3042 5720 quasi
3093 5645 3287 5720 regula
3332 5647 3582 5710 utentes,
3616 5657 3707 5696 se-

2064 5759 2176 5816 que
2205 5742 2556 5814 erudientes)
2589 5743 2764 5812 atque
2801 5739 2862 5796 in
2892 5737 3100 5811 primis
3147 5735 3370 5792 ﬁrmior
3415 5729 3708 5790 stabilior-
