4096 6284
387 329 506 388 627

1684 324 2101 387 NICEPHORI
2139 324 2494 389 GALLISTI

3667 323 3781 387 628

391 480 505 537 que
532 462 637 520 Dei
669 460 854 517 Patris
890 458 1096 516 notitia
1123 458 1274 531 apud
1314 474 1412 514 eos
1452 458 1673 515 radices
1704 460 1840 531 egit,
1875 459 2018 532 apti-

2140 456 2241 528 τὴν
2270 458 2463 533 ἀγήρω
2501 457 2590 511 καὶ
2625 459 2889 531 μακαρίαν
2936 456 3146 529 εκείνην
3185 457 3498 516 ἐπανελθεῖν
3548 460 3737 536 βιοτήν
3767 468 3783 490 ⁸

389 572 501 627 que
526 555 642 623 jam
675 556 731 607 et
759 549 948 605 idonei
982 552 1259 619 tanquam
1290 548 1362 602 ad
1410 546 1638 602 semina
1679 550 1903 620 majora
1934 550 2033 604 Dei

391 641 735 715 cognitionis
767 638 1133 710 suscipienda
1186 637 1422 692 fuerunt
1463 654 1475 692 :
1528 648 1652 691 tum
1703 638 1855 693 idem
1889 639 2032 693 illud

391 748 651 800 rursum,
684 730 827 802 quod
873 732 1041 782 antea
1085 726 1316 781 virtutis
1381 727 1605 781 semina
1650 732 1891 796 severat,
1939 728 2033 783 Dei

389 823 647 878 Verbum
698 817 968 891 principii
1026 832 1253 886 expers,
1304 816 1632 886 saeculaque
1681 818 2031 888 praecedens,

390 906 859 982 quandoquidem
893 904 1060 960 aliter
1090 902 1213 957 fieri
1242 920 1358 958 non
1399 904 1602 973 potuit,
1637 909 1702 959 ut
1731 905 2032 962 hominum

388 1015 571 1072 genus
630 996 858 1052 tandem
919 1009 1160 1065 prorsus
1217 994 1286 1047 ab
1346 993 1539 1047 infusa
1583 993 1635 1048 ei
1691 992 2035 1051 liberaretur

388 1086 777 1143 exsecratione
805 1087 862 1139 et
908 1082 1185 1154 pernicie,
1215 1085 1274 1137 et
1311 1081 1385 1136 ad
1432 1081 1820 1138 immortalem
1871 1083 2033 1138 illam

390 1182 566 1248 atque
612 1176 835 1231 beatam
887 1173 1263 1228 reduceretur
1306 1172 1506 1239 vitam,
1541 1173 1847 1242 postremis
1902 1181 2036 1229 tem-

386 1265 648 1338 poribus,
710 1263 1105 1319 Romanorum
1164 1261 1407 1331 imperio
1459 1261 1657 1316 orbem
1717 1261 2034 1325 obtinente,

387 1360 596 1411 natura
639 1357 695 1410 et
741 1351 1074 1422 conditione
1116 1353 1317 1405 nostra
1366 1354 1620 1420 accepta,
1673 1351 1834 1431 nulla
1894 1369 1954 1407 re
2004 1369 2037 1407 a

385 1448 587 1500 nostra
634 1441 929 1514 (fatalibus
977 1441 1258 1495 duntaxat
1306 1440 1525 1510 peccati
1576 1440 2034 1510 inquinamentis

381 1532 655 1602 exceptis)
684 1530 1002 1597 diti‘erente,
1032 1544 1101 1583 ea
1146 1532 1205 1582 et
1254 1527 1387 1583 fecit
1428 1532 1485 1581 et
1525 1543 1865 1598 perpessum
1912 1535 2021 1599 est,

384 1637 512 1692 quae
542 1634 778 1692 aequum
801 1622 924 1673 erat
951 1623 1131 1672 Deum
1158 1616 1342 1671 facere
1373 1632 1629 1686 corpore,
1660 1618 1717 1671 in
1750 1617 1859 1673 hac
1889 1619 2026 1685 vita,

384 1724 622 1781 peregre
661 1717 1008 1762 versantem.
1042 1706 1105 1760 In
1157 1721 1273 1775 qua
1318 1704 1416 1758 ille
1466 1705 1819 1761 nativitatem
1871 1707 2035 1762 miri-

383 1799 571 1865 ﬁcam,
602 1797 1056 1868 opinionemque
1087 1810 1316 1850 omnem
1357 1794 1753 1856 excellentem.
1789 1813 2024 1852 conver-
2055 1818 2099 1882 Β

383 1888 784 1955 sationemque
812 1884 1125 1947 insolitam.
1159 1889 1215 1940 et
1243 1884 1569 1939 doctrinam
1601 1901 1807 1940 novam
1840 1886 2024 1941 omni-

383 1990 496 2047 que
544 1978 761 2030 naturae
811 1973 1088 2029 miraculo
1136 1972 1494 2044 superiorem
1540 1976 1782 2029 mortem
1831 1979 1887 2029 et
1926 1990 2025 2030 se—

382 2063 677 2136 pulturam
727 2065 785 2117 et
832 2063 1312 2117 resurrectionem
1367 2062 1685 2116 redivivam
1737 2062 2018 2119 exhibuit.

380 2156 515 2218 Quae
545 2153 740 2207 omnia
769 2151 1069 2223 sigillatim
1100 2149 1389 2206 vaticiniis
1421 2150 1831 2221 prophetarum
1876 2168 2018 2222 pras-

381 2244 537 2298 dicta
594 2241 820 2297 fuerant
878 2244 935 2295 et
992 2238 1378 2311 promulgata.
1411 2238 1907 2303 Quemadmodum
1966 2246 2024 2294 et

381 2347 627 2399 regnum
658 2331 783 2400 ejus
816 2331 870 2385 in
914 2330 1027 2384 fine
1057 2329 1250 2384 saeculi
1302 2327 1533 2383 divinus
1568 2327 1764 2383 Daniel
1812 2329 2017 2399 spiritu

378 2420 645 2477 liberiore
674 2425 732 2475 et
778 2420 1007 2492 puriore
1056 2418 1369 2490 perspexit,
1399 2423 1456 2472 et
1486 2416 1642 2472 hisce
1693 2417 1884 2473 verbis
1918 2418 2020 2473 bu-

377 2527 553 2567 mano
584 2527 745 2566 more
781 2509 1064 2564 visionem
1115 2524 1241 2563 eam
1300 2506 1655 2578 descripsit:
1702 2507 2025 2577 Spectabam

375 2599 670 2673 inquiens,
702 2599 870 2655 donec
900 2598 1084 2653 throni
1128 2600 1484 2666 ponerentur,
1514 2604 1568 2650 et
1612 2596 1881 2668 Antiquus
1910 2595 2025 2652 die-

378 2706 505 2745 rum
560 2687 871 2745 consedit‘.
906 2688 975 2742 Et
1013 2702 1482 2742 commemorans
1537 2702 1628 2740 res
1685 2685 1812 2756 ipse
1867 2702 2022 2751 suas,

380 2778 489 2836 48
521 2779 694 2834 infert
723 2793 927 2832 rursus
961 2794 972 2831 :
1007 2776 1277 2833 Judicium
1308 2774 1563 2843 consedit,
1594 2781 1650 2829 et
1682 2775 1819 2831 libri
1846 2775 2026 2846 aperti

2140 546 2226 603 ἐπ’
2279 547 2525 622 ἐσχάτων
2573 552 2681 602 τῶν
2719 549 2965 622 ἡμερῶν,
3015 552 3113 615 τῆς
3163 550 3455 624 Ῥωμαίων
3505 548 3783 626 βασιλείας

2140 634 2476 709 ἀρχομένης,
2535 637 2637 704 τὴν
2700 636 2970 711 ἡμετέραν
3028 637 3185 717 φύσιν
3260 634 3566 709 ἀναλαϐὼν,
3650 638 3787 692 κατά

2143 722 2312 799 μηδὶν
2348 723 2779 781 διαλλάττουσαν
2811 730 2917 779 τῶν
2953 725 3230 801 ἐπικήρων
3263 725 3529 797 κηλίδων,
3564 731 3787 782 τοιαῦτα

2138 809 2327 890 ἕδρασέ
2375 836 2434 870 τε
2481 815 2571 870 καὶ
2617 812 2831 884 ἔπαθεν,
2883 815 2980 870 ὅσα
3028 818 3096 885 ἦν
3144 816 3285 880 εἰκὸς
3326 818 3457 873 Θεὸν
3487 817 3618 892 δρᾷν
3654 821 3788 889 μετᾶ

2140 905 2498 977 σώματοςτῷ
2544 904 2649 979 βίῳ
2697 902 3110 978 ἐπιδημήσαντα
3141 923 3156 937 ⁸
3206 905 3453 981 γέννησιν
3499 927 3560 962 τε
3610 907 3785 981 παρά-

2143 990 2295 1066 δοξον
2354 988 2835 1067 προϐαλλόμενον,
2893 994 3036 1065 ἀήθη
3096 1015 3155 1049 τε
3215 995 3404 1071 βιοτὴν
3461 996 3553 1050 καὶ
3628 997 3784 1069 ξένην

2140 1078 2509 1151 διδασκαλίαν,
2562 1083 2804 1159 ὑπερφυᾶ
2850 1102 2911 1136 τε
2967 1080 3117 1146 αὖθις
3189 1080 3449 1158 νέκρωσιν
3524 1083 3616 1139 καὶ
3690 1104 3788 1139 τα-

2139 1173 2246 1244 φὴν
2289 1172 2380 1225 καὶ
2426 1170 2712 1225 ἀνάστασιν
2749 1190 2763 1203 θ
2816 1171 2849 1225 ἃ
2898 1167 2964 1239 δὴ
3006 1169 3176 1242 πάντα
3229 1173 3367 1241 κατὰ
3416 1172 3583 1247 μέρος
3615 1173 3789 1229 πάλαι

2136 1264 2257 1323 ταῖς
2303 1258 2661 1333 προφητείαις
2710 1257 3100 1333 ἀνεκηρύττετο
3134 1279 3147 1294 ο
3200 1261 3275 1323 ὡς
3324 1258 3391 1331 δὴ
3441 1263 3529 1318 καὶ
3570 1264 3672 1332 τὴν
3702 1264 3792 1318 ἐπὶ

2141 1348 2290 1405 τέλει
2324 1349 2601 1425 βασιλείαν
2634 1349 2797 1404 οὖτοῦ
2846 1350 2874 1404 6
2927 1349 3201 1413 θειὸτατος
3250 1351 3453 1421 Δανιὴλ
3490 1356 3571 1424 τῷ
3615 1359 3792 1427 νοερῷ

2141 1441 2409 1512 πνεύματι
2457 1436 2718 1506 κατιδὼν,
2763 1438 2972 1494 οὑτωσί
3021 1461 3137 1501 πως
3168 1442 3270 1509 τήν
3315 1440 3545 1516 Θεωρίαν
3576 1441 3793 1518 ἀνθρω-

2137 1530 2437 1604 πικώτερον
2499 1528 2827 1605 ὑπογράφει,
2860 1530 3255 1603 Ἐθεώρουν,
3305 1526 3503 1605 λέγων,
3544 1527 3671 1593 ἕως
3720 1531 3791 1586 οὗ

2138 1618 2363 1687 θρόνοι
2395 1616 2730 1687 ἐτέθησαν·
2758 1617 2865 1672 καὶ
2891 1614 3188 1680 Παλαιὸς
3211 1620 3478 1692 ἡμερῶν
3501 1618 3787 1675 ἐκάθισε.

2138 1708 2240 1763 Καὶ
2264 1704 2473 1776 διεξιὼν
2497 1705 2563 1761 τὰ
2585 1706 2706 1780 περὶ
2733 1704 2920 1773 αὐτοῦ,
2945 1705 3186 1784 ἐπιφέρει
3208 1705 3385 1778 αὖθις,
3410 1713 3499 1781 Κρ
3519 1710 3621 1779 ιτή
3642 1728 3670 1781 ρ
3690 1730 3787 1763 ιον

2136 1794 2431 1862 ἐκάθισε,
2461 1794 2571 1849 καὶ
2607 1789 3328 1870 βίϐλοιὴνεῲχθησαν.
3351 1796 3451 1851 Καὶ
3475 1797 3623 1867 ἑξῆς,
3648 1799 3792 1853 Ἐθ·

2134 1884 2620 1961 εώρουν,φησῖ,
2664 1883 2771 1938 καὶ
2820 1881 2965 1938 ἰδοὺ
3001 1886 3160 1956 μετά
3187 1890 3314 1939 τῶν
3344 1884 3640 1962 νεφελῶν
3671 1887 3786 1942 τοῦ

2134 1974 2433 2047 οὐρανοῦ,
2459 1971 3073 2046 ὡςυίὸςάνθρώπου
3105 1972 3632 2048 ἐρχόμενοςοκαὶ
3661 1969 3829 2039 ἕως

2126 2066 2241 2117 τοῦ
2272 2059 2570 2116 Παλαιοῦ
2599 2065 2722 2115 τῶν
2757 2063 3024 2135 ἡμερῶν
3057 2058 3319 2137 ἔφθασε·
3352 2065 3459 2119 καὶ
3490 2063 3779 2119 ἐνώπιον

2129 2148 2327 2205 αὑτοῦ
2361 2144 2960 2227 προσηνέχθηοκαὶ
2985 2148 3384 2221 «stateem,
3415 2152 3644 2227 ἡάρχὴ
3665 2152 3779 2208 καὶ

2128 2240 2164 2307 ἡ
2195 2239 2357 2310 τιμὴ
2387 2236 2547 2307 καὶὴ
2577 2237 2895 2310 βασιλεία
2933 2237 3339 2302 ’καὶπάντες
3372 2241 3433 2294 o't
3462 2240 3779 2320 λαοὶ,φυ-

2131 2328 2264 2394 λαὶ,
2296 2325 2623 2400 γλῶσσαι,
2672 2326 2849 2399 αὐτῷ
2880 2324 3395 2383 δουλεύσουσιν⁸
3431 2332 3466 2398 ἡ
3511 2330 3780 2402 ἐξουσία

2128 2415 2609 2489 αὐτοῦέξουσία
2640 2414 2799 2470 αἶ’ών
2821 2436 2938 2486 ιος,
2962 2417 3111 2485 ἥτις
3134 2418 3207 2471 οὐ
3228 2416 3728 2492 παρελεύσεται
3761 2441 3776 2455 ’

2128 2507 2234 2561 καὶ
2265 2509 2299 2574 ἡ
2338 2503 2651 2578 βασιλεία
2684 2504 2887 2561 αὐτοῦ
2917 2506 2991 2560 οὗ
3025 2503 3706 2584 διαφθαρήσεται.Τίνι
3731 2494 3784 2565 δ’

2130 2594 2189 2650 ἂν
2237 2592 2397 2668 ἄλλῳ
2449 2595 2598 2648 ταῦτ’
2636 2593 2989 2673 ἐφαρμόσειεν
3034 2595 3069 2665 ἢ
3128 2597 3345 2658 πάντως
3381 2602 3464 2669 τῷ
3523 2600 3781 2673 ἡμετέρῳ

2135 2692 2355 2758 Σωτῆρι
2410 2686 2654 2757 Χριστῷ,
2709 2684 2994 2757 ἀνθρώπου
3053 2687 3158 2758 υἱφ
3215 2685 3305 2741 διὰ
3360 2689 3461 2758 τὴν
3545 2689 3782 2760 ὑπάτην

2134 2775 2303 2829 αὐτοῦ
2334 2772 2738 2848 ἐνανθρώπησιν
2787 2774 3193 2849 χρηματίσαντι
3227 2793 3241 2844 ;

378 2875 531 2925 sunt:
559 2858 626 2922 Et
657 2868 928 2937 deinceps
965 2882 977 2919 :
1010 2864 1352 2936 Spectabam,
1386 2863 1593 2935 inquit,
1624 2870 1674 2918 et
1702 2879 1823 2919 ecce
1868 2880 1991 2919 cum
2024 2864 2260 2919 nubibus
2305 2865 2429 2919 rceli
2475 2872 2741 2936 tanquam
2776 2865 2928 2935 ﬁlius
2974 2866 3213 2922 hominis
3261 2868 3502 2930 veniens.
3526 2873 3581 2926 et
3609 2886 3784 2941 usque

380 2957 450 3015 ad
478 2957 781 3027 Antiquam
809 2955 1022 3010 dierum
1050 2953 1320 3025 pervenit,
1351 2961 1403 3008 et
1432 2955 1489 3007 in
1519 2967 1856 3024 conspectum
1883 2955 2000 3021 eius
2028 2954 2290 3010 adductus
2318 2962 2419 3021 est,
2448 2962 2499 3008 et
2520 2953 2631 3025 ipsi
2659 2955 2908 3010 traditus
2937 2963 3014 3010 est
3059 2958 3407 3027 principatus
3435 2966 3487 3014 et
3527 2962 3699 3015 robur
3728 2967 3785 3016 et

378 3063 630 3119 regnum,
661 3052 712 3100 et
743 3059 926 3099 omnes
964 3044 1160 3115 populi
1190 3043 1364 3098 tribus
1394 3053 1445 3098 et
1473 3042 1686 3110 lingua:
1712 3041 1947 3099 servient
1970 3045 2081 3114 ipsi
2104 3044 2366 3098 .Potestas
2394 3044 2515 3113 ejus
2532 3050 2765 3114 potestas
2792 3044 3145 3114 sempiterna.
3167 3062 3286 3117 qua
3316 3062 3426 3101 non
3453 3050 3780 3118 praeteribit,

376 3142 430 3195 et
458 3154 691 3208 regnum
720 3137 838 3205 eius
867 3151 976 3190 non
1003 3140 1385 3205 corrumpetur
1407 3133 1448 3187 ⁸.
1483 3134 1540 3187 in
1573 3149 1747 3203 quem
1777 3149 1912 3188 vera
1942 3133 2120 3187 alium
2152 3133 2271 3188 hac
2304 3134 2614 3203 quadrent,
2646 3149 2823 3204 quam
2857 3150 3098 3205 prorsus
3141 3135 3200 3190 in
3249 3140 3611 3195 Bervatorem
3644 3156 3774 3195 nos-

377 3232 532 3284 trum
564 3225 877 3291 Christum,
910 3223 1167 3278 hominis
1199 3223 1406 3288 tilium,
1440 3226 1671 3292 propter
1720 3230 2072 3292 postremam
2122 3222 2309 3294 ipsius
2341 3239 2441 3294 per
2496 3226 2859 3294 assumptam
2899 3238 3131 3279 carnem
3189 3224 3644 3298 humanitatem,
3677 3244 3779 3300 per

376 3317 674 3375 oraculum
706 3315 1111 3390 propheticum
1145 3312 1561 3369 nominatum?

1012 3440 1241 3497 CAPUT
1288 3442 1380 3496 IV.

374 3552 523 3621 Quod
552 3552 780 3606 nomina
803 3549 918 3617 Dei,
937 3548 1277 3621 ejusdemque
1308 3546 1547 3621 hominis
1581 3544 1755 3611 Verbi,
1781 3545 2021 3621 Christus

441 3623 645 3679 scilicet
690 3631 740 3678 et
783 3618 969 3688 Jews,
996 3623 1149 3691 longe
1188 3618 1360 3691 antea
1405 3620 1473 3673 ab
1504 3621 1624 3691 ipso
1669 3632 1839 3689 usque
1885 3618 2022 3673 Mose

440 3696 762 3764 symbolice,
792 3698 840 3750 et
862 3693 961 3749 sub
993 3690 1156 3748 certis
1181 3690 1403 3764 indiciis
1435 3691 1493 3743 in
1520 3690 1745 3764 rhonore
1769 3698 1819 3744 et
1845 3691 2019 3759 pretio

440 3760 653 3834 fuerint
680 3784 699 3820 :
726 3772 1023 3837 propterea
1069 3771 1123 3818 et
1164 3762 1462 3837 sacerdotes
1505 3760 1632 3830 ipsi,
1665 3766 1716 3815 et
1760 3776 1933 3837 reges,
1968 3768 2018 3815 et

439 3833 737 3907 prophetae,
784 3836 1012 3902 Christi,
1047 3851 1141 3907 per
1195 3834 1673 3889 adumbrationem
1719 3833 2018 3902 quamdam

439 3914 570 3963 sunt
598 3908 750 3963 dicti.

440 4013 751 4084 Reliquum
782 4019 869 4069 est
899 4019 963 4068 ut
993 4014 1487 4077 demonstremus,
1510 4011 1703 4082 ipsum
1735 4015 2012 4065 aeternum

367 4102 775 4175 principioque
805 4107 1092 4158 carentem
1135 4103 1315 4156 Deum
1367 4101 1611 4157 Verbum
1660 4116 1777 4155 non
1826 4099 2011 4156 solum

367 4192 694 4263 antiquitus
734 4192 868 4264 piis,
901 4196 1131 4261 Deoque
1186 4190 1377 4245 charis
1436 4189 1772 4243 hominibus
1821 4188 2015 4258 cogni-

367 4285 517 4345 tum,
550 4296 773 4351 suoque
804 4283 1063 4351 tempore
1114 4279 1268 4349 apud
1321 4296 1426 4333 nos
1470 4277 1861 4346 corporaliter,
1897 4287 2012 4334 tan-

366 4386 539 4441 quam
574 4370 941 4441 peregrinum
975 4372 1265 4424 versatum
1318 4368 1498 4423 fuisse
1534 4382 1548 4421 :
1595 4384 1796 4422 verum
1837 4369 2007 4422 etiarn

361 4459 586 4515 divinas
616 4460 741 4528 ejus
771 4457 1209 4530 appellationes,
1241 4457 1373 4513 Jesu
1415 4455 1651 4520 scilicet,
1685 4460 1743 4511 et
1771 4456 2008 4524 Christi,

360 4563 477 4602 non
546 4548 714 4603 nobis
773 4545 933 4612 solis,
975 4546 1072 4599 sed
1133 4550 1191 4600 et
1246 4545 1539 4600 veteribus
1592 4544 1889 4615 prophetis
1947 4544 2005 4598 in

359 4637 615 4691 maximo
657 4636 884 4690 habitas
941 4650 1067 4689 esse
1122 4635 1361 4690 honore.
1396 4635 1655 4688 Primum
1713 4633 2000 4704 siquidem

361 4742 611 4797 magnus
642 4723 738 4779 ille
769 4726 866 4780 Dei
898 4729 1189 4796 spectator
1219 4725 1432 4789 Moses,
1462 4739 1592 4778 eum
1635 4723 1915 4794 imagines
1945 4726 2002 4777 et

2760 3438 3018 3494 ΚΕΦΔΛ.
3068 3444 3139 3497 Δ’.

2123 3541 3425 3619 “Ott.x1i_ai’_xitiﬁce_tcroB_Qeav8ptbno_u
3463 3548 3701 3619 Λόγου,
3735 3553 3770 3618 ἢ

2194 3615 2477 3686 Χριστὸς
2512 3612 2840 3686 δηλονότμι
2872 3615 2981 3669 καὶ
3016 3612 3313 3686 Ἰησοῦς,
3362 3612 3607 3677 ἄνωθεν
3646 3612 3772 3676 ἀπῦ

2192 3681 2308 3739 τοῦ
2340 3681 3549 3760 Μ-ῳσέωςᾳσυρὸομλικῶςἿέσεμνύνοντο
3571 3691 3682 3745 καὶ
3711 3691 3773 3746 ἐν

2191 3764 2351 3836 τιμῇ
2383 3758 2542 3836 ἦσαν
2579 3754 2882 3836 ’.διὸκαὶ
2928 3758 2987 3811 οἱ
3017 3754 3272 3836 εἱερεῖς,
3305 3761 3412 3813 καὶ
3464 3762 3525 3815 oi
3572 3763 3774 3836 βασι-

2199 3810 2506 3919 λεῖςλξιιαί
2568 3829 2628 3882 o't
2684 3814 3046 3904 προφῆταί,
3106 3810 3384 3905 ’Χριστοὶ
3465 3810 3771 3897 σκιῗυδῶς

2191 3906 2658 3973 ὠνομάζοντο.

2190 4009 2345 4076 Ἑξῆς
2404 4004 2452 4061 δ’
2509 4007 2569 4061 ἃν
2631 4006 2712 4073 εἷή
2759 4004 3052 4072 ὃεικνυναι,
3085 4008 3160 4068 ὡς
3218 4009 3280 4063 οὐ
3326 4010 3490 4080 μόνον
3540 4011 3705 4075 αὐτὸς
3738 4015 3767 4069 ὁ

2118 4096 2467 4173 προάναρχος
2500 4096 2630 4157 Θεὸς
2663 4096 2839 4171 Λόγος
2873 4101 2991 4156 τοῖς
3039 4095 3210 4152 πάλαι
3259 4098 3566 4177 θεοφιλέσιν
3593 4099 3765 4175 ἔγνω-

2116 4204 2231 4251 στο,
2265 4185 2352 4238 καὶ
2397 4183 2486 4239 ὅτε
2540 4186 2831 4258 προσήκων
2889 4185 3077 4256 καιρὸς
3131 4186 3220 4241 καὶ
3280 4192 3398 4249 τοῖς
3446 4190 3567 4243 καθ’
3614 4192 3761 4263 ἡμᾶς

2117 4277 2446 4345 σωματικῶς
2490 4271 2832 4344 ἐπεδήμησεν
2868 4290 2881 4304 ⁶
2932 4273 3061 4329 ἀλλ’
3111 4275 3297 4350 ὃτιπερ
3339 4278 3431 4331 καὶ
3471 4279 3527 4331 αἱ
3557 4279 3763 4334 θειότε-

2116 4381 2203 4430 ραι
2235 4360 2459 4431 κλήσεις
2480 4362 2668 4429 αὐτοῦ,
2700 4362 2735 4430 ἤ
2767 4382 2825 4416 τε
2878 4362 3147 4430 Ἰησοῦς
3195 4360 3434 4435 δηλαδὴ,
3465 4366 3557 4421 καὶ
3605 4374 3762 4441 Χρι-

2113 4450 2292 4521 στὸς,
2324 4450 2429 4525 οὐχ
2465 4453 2602 4522 ἡμῖν
2656 4452 2870 4521 μόνοις,
2925 4449 3071 4506 ἀλλὰ
3116 4453 3209 4507 καὶ
3249 4457 3367 4514 τοῖς
3417 4453 3478 4509 ἔκ
3520 4455 3760 4512 παλαιοῦ

2113 4541 2417 4618 προφήταις
2457 4536 2547 4594 δίά
2574 4539 2837 4610 πλείστης
2886 4538 3094 4614 ἤγοντο
3142 4545 3243 4606 τῆς
3287 4545 3476 4615 τιμῆς.
3532 4550 3757 4619 Πρῶτος

2113 4629 2293 4682 τοίνυν
2341 4629 2498 4689 αὐτὸς
2541 4629 2569 4682 ὁ
2615 4629 3048 4690 θεοπτικώτατος
3098 4631 3362 4700 Μωϋσῆς,
3415 4632 3623 4696 εἰκόνας
3667 4637 3756 4690 καὶ

2114 4737 2235 4773 τινα
2266 4712 2518 4789 σύμϐολα
2581 4718 2868 4791 καινὸτρρα
2923 4718 3013 4772 καὶ
3071 4719 3358 4794 ἀπόκρυφα
3404 4720 3757 4796 παραδιδοὺς,

358 4812 626 4886 symbola
664 4815 948 4886 signaque
977 4815 1239 4885 quedam
1290 4829 1501 4867 arcana
1537 4821 1590 4867 et
1638 4828 1805 4877 nova,
1836 4812 2005 4880 juxta

2134 4806 2248 4862 ιατά
2297 4809 2423 4869 τοὺς
2477 4806 2699 4873 τύπους,
2748 4805 2839 4867 οὓς
2890 4805 2944 4862 ἒν
2992 4809 3071 4879 τῷ
3101 4804 3213 4881 ὄρει
3252 4811 3281 4863 ὁ
3339 4810 3755 4887 χρησμῷδήσας

355 4906 559 4976 typum
594 4907 650 4959 et
682 4904 895 4974 figuras
925 4920 1052 4975 quas
1083 4904 1131 4958 ei
1164 4904 1222 4956 in
1277 4907 1472 4957 monte
1501 4902 1761 4957 divinum
1803 4905 2001 4955 osten-

357 4992 521 5047 derat
549 4993 875 5061 oraculum,
898 4994 1246 5061 institueret,
1274 4991 1600 5062 pontiﬁcem
1639 4989 1732 5045 Dei
1766 4990 2000 5044 fratrem

358 5098 530 5137 suum
588 5084 873 5138 Aaronem
933 5082 1287 5140 renuntiavit
1335 5098 1348 5136 :
1409 5079 1899 5149 excellentemque
1949 5078 1998 5133 ei

354 5170 658 5237 honorem,
720 5173 1241 5243 prieeminentiam,
1300 5176 1357 5226 et
1421 5170 1661 5245 gloriam
1720 5170 1998 5237 tribuens,

354 5260 640 5315 Christum
674 5266 729 5315 et
761 5266 999 5317 unctum
1057 5262 1278 5318 Domini
1332 5260 1725 5332 pronuntiavit
1759 5276 1771 5313 :
1804 5268 1854 5314 et
1906 5276 2003 5313 no-

356 5364 487 5403 men
523 5350 578 5403 id
612 5349 693 5404 illi
734 5354 1215 5416 accommodavit,
1251 5368 1457 5409 arcane
1507 5368 1610 5422 per
1657 5350 1996 5421 mysterium

352 5438 650 5494 celebrans
679 5446 736 5495 et
766 5441 1156 5499 cohonestans
1187 5441 1638 5515 appellationem
1670 5438 2003 5507 eam,illud'

423 5639 446 5673 ⁸
473 5638 619 5695 Dan.
651 5653 753 5703 vn,
774 5637 830 5695 9.
907 5639 1099 5701 ‘Ibid.
1124 5641 1209 5707 13,
1242 5641 1329 5699 ﬂ.

2117 4896 2358 4964 ὑπέθετο,
2419 4895 2680 4974 ἀρχιερέα
2732 4899 2865 4951 Θεοῦ
2917 4897 3003 4950 νὸν
3060 4893 3295 4973 ἀδελφὸν
3366 4899 3580 4973 Ἀαρὼν
3634 4902 3755 4957 ἀνα·

2112 4981 2402 5055 δείκνυσιν,
2479 4981 2927 5055 ὑπερϐάλλουσάν
2990 5005 3050 5039 τε
3131 4988 3300 5058 τιμὴν
3386 4986 3570 5060 ἐκείνῳ
3664 4991 3754 5046 καὶ

2111 5071 2397 5147 προεδρίαν
2444 5074 2531 5128 καὶ
2594 5073 2751 5143 δόξαν
2810 5071 3220 5146 διαταξάμενος,
3264 5076 3495 5148 Χριστὸν
3555 5080 3754 5149 Κυρίου

2110 5164 2418 5238 ἀναγορεύει
2454 5181 2467 5195 ·
2512 5165 2600 5218 καὶ
2647 5168 2808 5219 τοῦτο
2849 5163 3025 5236 ὄνομα
3070 5165 3221 5236 αὐτῷ
3277 5166 3608 5239 περιτίθησι,
3657 5192 3755 5238 μυ-

2112 5259 2307 5316 στικῶς
2370 5255 2641 5326 σεμνύνων
2695 5256 2794 5323 τὴν
2852 5253 3072 5324 κλῆσιν,
3156 5257 3245 5310 καὶ
3327 5254 3752 5337 προδιαγράφων

2112 5345 2305 5405 ἐκεῖνο,
2337 5342 2411 5406 ὥς
2442 5365 2492 5398 τι
2542 5350 2678 5398 εεῖον
2729 5344 2818 5399 καὶ
2851 5342 3040 5418 ἔξοχον
3080 5351 3276 5420 ’χρῆμα
3309 5346 3643 5420 ἡγούμενοτ.
3676 5351 3755 5407 Οὖ

2115 5435 2223 5505 μὴν
2278 5431 2336 5488 δὲ
2392 5432 2538 5487 ἀλλά
2593 5433 2683 5487 καὶ
2740 5434 2841 5500 τήν
2901 5434 3083 5504 Ἰησυῦ
3140 5434 3538 5509 προσηγορίαν,
3595 5440 3757 5502 αὐτὸς
