  <div class='ocr_page' id='page_1' title='image "/cluster/home/n/w/nwhite01/storage/ocr_20150623/145/mdp.39015061167048/322.png"; bbox 0 0 4096 6284; ppageno 0'>
   <div class='ocr_carea' id='block_1_1' title="bbox 281 397 403 457">
    <p class='ocr_par' dir='ltr' id='par_1_1' title="bbox 281 397 403 457">
     <span class='ocr_line' id='line_1_1' title="bbox 281 397 403 457; baseline 0.008 -1"><span class='ocrx_word' id='word_1_1' title='bbox 281 397 403 457; x_wconf 76' lang='grc'><strong>629</strong></span> 
     </span>
    </p>
   </div>
   <div class='ocr_carea' id='block_1_2' title="bbox 1311 395 2662 464">
    <p class='ocr_par' dir='ltr' id='par_1_2' title="bbox 1311 395 2662 464">
     <span class='ocr_line' id='line_1_2' title="bbox 1311 395 2662 464; baseline 0.001 -6"><span class='ocrx_word' id='word_1_2' title='bbox 1311 395 1946 462; x_wconf 76' lang='lat' dir='ltr'><strong>ECCLESIASTIC/E</strong></span> <span class='ocrx_word' id='word_1_3' title='bbox 1991 402 2383 464; x_wconf 65' lang='lat' dir='ltr'><strong>HISTORIE</strong></span> <span class='ocrx_word' id='word_1_4' title='bbox 2426 401 2568 464; x_wconf 83' lang='lat' dir='ltr'><strong>LIB.</strong></span> <span class='ocrx_word' id='word_1_5' title='bbox 2615 402 2662 462; x_wconf 92' lang='grc' dir='ltr'><strong>Ι.</strong></span> 
     </span>
    </p>
   </div>
   <div class='ocr_carea' id='block_1_3' title="bbox 3572 398 3692 464">
    <p class='ocr_par' dir='ltr' id='par_1_3' title="bbox 3572 398 3692 464">
     <span class='ocr_line' id='line_1_3' title="bbox 3572 398 3692 464; baseline 0.008 -2"><span class='ocrx_word' id='word_1_6' title='bbox 3572 398 3692 464; x_wconf 86' lang='grc'><strong>630</strong></span> 
     </span>
    </p>
   </div>
   <div class='ocr_carea' id='block_1_4' title="bbox 286 508 1938 606">
    <p class='ocr_par' dir='ltr' id='par_1_4' title="bbox 286 508 1932 603">
     <span class='ocr_line' id='line_1_4' title="bbox 286 508 1932 603; baseline 0.003 -22"><span class='ocrx_word' id='word_1_7' title='bbox 286 523 439 586; x_wconf 73' lang='grc' dir='ltr'>αὖθις</span> <span class='ocrx_word' id='word_1_8' title='bbox 495 527 718 602; x_wconf 85' lang='grc' dir='ltr'>πρῶτος</span> <span class='ocrx_word' id='word_1_9' title='bbox 787 523 915 599; x_wconf 87' lang='grc' dir='ltr'>θείῳ</span> <span class='ocrx_word' id='word_1_10' title='bbox 988 527 1256 599; x_wconf 76' lang='grc' dir='ltr'>Πνεύματι</span> <span class='ocrx_word' id='word_1_11' title='bbox 1327 508 1700 601; x_wconf 81' lang='grc' dir='ltr'>έμπνευσθεὶς,</span> <span class='ocrx_word' id='word_1_12' title='bbox 1763 532 1932 603; x_wconf 88' lang='grc' dir='ltr'>μήπω</span> 
     </span>
    </p>
   </div>
   <div class='ocr_carea' id='block_1_5' title="bbox 2046 508 3691 606">
    <p class='ocr_par' dir='ltr' id='par_1_5' title="bbox 2046 531 3691 606">
     <span class='ocr_line' id='line_1_5' title="bbox 2046 531 3691 606; baseline 0 -18"><span class='ocrx_word' id='word_1_13' title='bbox 2046 547 2160 606; x_wconf 91' lang='lat' dir='ltr'><strong>que</strong></span> <span class='ocrx_word' id='word_1_14' title='bbox 2205 533 2522 590; x_wconf 87' lang='lat' dir='ltr'><strong>divinando</strong></span> <span class='ocrx_word' id='word_1_15' title='bbox 2568 531 2946 598; x_wconf 86' lang='lat' dir='ltr'><strong>adumbrans,</strong></span> <span class='ocrx_word' id='word_1_16' title='bbox 2995 531 3255 588; x_wconf 87' lang='lat' dir='ltr'><strong>divinum</strong></span> <span class='ocrx_word' id='word_1_17' title='bbox 3308 531 3584 604; x_wconf 76' lang='lat' dir='ltr'><strong>quiddam</strong></span> <span class='ocrx_word' id='word_1_18' title='bbox 3633 536 3691 588; x_wconf 91' lang='lat' dir='ltr'><strong>et</strong></span> 
     </span>
    </p>
   </div>
   <div class='ocr_carea' id='block_1_6' title="bbox 285 610 1932 692">
    <p class='ocr_par' dir='ltr' id='par_1_6' title="bbox 285 610 1932 692">
     <span class='ocr_line' id='line_1_6' title="bbox 285 610 1932 692; baseline 0.003 -22"><span class='ocrx_word' id='word_1_19' title='bbox 285 614 553 689; x_wconf 86' lang='grc' dir='ltr'>πρότερον</span> <span class='ocrx_word' id='word_1_20' title='bbox 599 617 748 670; x_wconf 85' lang='grc' dir='ltr'>τοῦτ’</span> <span class='ocrx_word' id='word_1_21' title='bbox 793 615 1053 670; x_wconf 66' lang='grc' dir='ltr'>ἀκουσθέν</span> <span class='ocrx_word' id='word_1_22' title='bbox 1104 610 1297 689; x_wconf 84' lang='grc' dir='ltr'>ὄνομα,</span> <span class='ocrx_word' id='word_1_23' title='bbox 1326 620 1408 688; x_wconf 78' lang='grc' dir='ltr'>τῷ</span> <span class='ocrx_word' id='word_1_24' title='bbox 1443 622 1539 672; x_wconf 81' lang='grc' dir='ltr'><strong>τοῦ</strong></span> <span class='ocrx_word' id='word_1_25' title='bbox 1585 621 1741 688; x_wconf 83' lang='grc' dir='ltr'>Ναυῆ</span> <span class='ocrx_word' id='word_1_26' title='bbox 1786 619 1932 692; x_wconf 86' lang='grc' dir='ltr'><strong>μόνῳ</strong></span> 
     </span>
    </p>
   </div>
   <div class='ocr_carea' id='block_1_7' title="bbox 287 702 1931 780">
    <p class='ocr_par' dir='ltr' id='par_1_7' title="bbox 287 702 1931 780">
     <span class='ocr_line' id='line_1_7' title="bbox 287 702 1931 780; baseline 0.003 -21"><span class='ocrx_word' id='word_1_27' title='bbox 287 708 470 778; x_wconf 80' lang='grc' dir='ltr'>σοφῶς</span> <span class='ocrx_word' id='word_1_28' title='bbox 525 702 856 778; x_wconf 79' lang='grc' dir='ltr'><strong>περιτίθησι,</strong></span> <span class='ocrx_word' id='word_1_29' title='bbox 911 705 1072 778; x_wconf 89' lang='grc' dir='ltr'>γέρας</span> <span class='ocrx_word' id='word_1_30' title='bbox 1133 705 1327 760; x_wconf 86' lang='grc' dir='ltr'>ὡσανεί</span> <span class='ocrx_word' id='word_1_31' title='bbox 1384 726 1436 761; x_wconf 90' lang='grc' dir='ltr'><strong>τι</strong></span> <span class='ocrx_word' id='word_1_32' title='bbox 1495 704 1784 780; x_wconf 65' lang='grc' dir='ltr'>ἐξαίρετον,</span> <span class='ocrx_word' id='word_1_33' title='bbox 1842 711 1931 764; x_wconf 79' lang='grc' dir='ltr'><strong>καὶ</strong></span> 
     </span>
    </p>
   </div>
   <div class='ocr_carea' id='block_1_8' title="bbox 291 789 1934 873">
    <p class='ocr_par' dir='ltr' id='par_1_8' title="bbox 291 789 1934 873">
     <span class='ocr_line' id='line_1_8' title="bbox 291 789 1934 873; baseline 0.003 -25"><span class='ocrx_word' id='word_1_34' title='bbox 291 790 585 869; x_wconf 73' lang='grc' dir='ltr'><strong>βασιλικοῦ</strong></span> <span class='ocrx_word' id='word_1_35' title='bbox 641 789 978 865; x_wconf 70' lang='grc' dir='ltr'><strong>διαδήματος</strong></span> <span class='ocrx_word' id='word_1_36' title='bbox 1037 792 1421 867; x_wconf 85' lang='grc' dir='ltr'>έντελέστερον,</span> <span class='ocrx_word' id='word_1_37' title='bbox 1485 795 1666 869; x_wconf 86' lang='grc' dir='ltr'>τούτῳ</span> <span class='ocrx_word' id='word_1_38' title='bbox 1730 795 1934 873; x_wconf 86' lang='grc' dir='ltr'>δωρού-</span> 
     </span>
    </p>
   </div>
   <div class='ocr_carea' id='block_1_9' title="bbox 293 878 1936 958">
    <p class='ocr_par' dir='ltr' id='par_1_9' title="bbox 293 878 1936 958">
     <span class='ocr_line' id='line_1_9' title="bbox 293 878 1936 958; baseline 0.002 -20"><span class='ocrx_word' id='word_1_39' title='bbox 293 903 456 957; x_wconf 87' lang='grc' dir='ltr'>μενος</span> <span class='ocrx_word' id='word_1_40' title='bbox 515 883 576 938; x_wconf 85' lang='grc' dir='ltr'><strong>’ὸν</strong></span> <span class='ocrx_word' id='word_1_41' title='bbox 625 878 978 956; x_wconf 75' lang='grc' dir='ltr'>συμϐολικῶς</span> <span class='ocrx_word' id='word_1_42' title='bbox 1018 881 1152 958; x_wconf 84' lang='grc' dir='ltr'><strong>ἔγνω</strong></span> <span class='ocrx_word' id='word_1_43' title='bbox 1199 885 1333 954; x_wconf 76' lang='grc' dir='ltr'>μετὰ</span> <span class='ocrx_word' id='word_1_44' title='bbox 1376 887 1476 956; x_wconf 78' lang='grc' dir='ltr'><strong>τήν</strong></span> <span class='ocrx_word' id='word_1_45' title='bbox 1516 883 1724 942; x_wconf 70' lang='grc' dir='ltr'>ἐκείνου</span> <span class='ocrx_word' id='word_1_46' title='bbox 1751 887 1936 944; x_wconf 88' lang='grc' dir='ltr'>τελευ-</span> 
     </span>
    </p>
   </div>
   <div class='ocr_carea' id='block_1_10' title="bbox 290 971 1938 1048">
    <p class='ocr_par' dir='ltr' id='par_1_10' title="bbox 290 971 1938 1048">
     <span class='ocr_line' id='line_1_10' title="bbox 290 971 1938 1048; baseline 0.004 -23"><span class='ocrx_word' id='word_1_47' title='bbox 290 974 416 1043; x_wconf 79' lang='grc' dir='ltr'>τῆν,</span> <span class='ocrx_word' id='word_1_48' title='bbox 463 973 564 1040; x_wconf 72' lang='grc' dir='ltr'><strong>τὴν</strong></span> <span class='ocrx_word' id='word_1_49' title='bbox 615 973 750 1026; x_wconf 73' lang='grc' dir='ltr'>κατὰ</span> <span class='ocrx_word' id='word_1_50' title='bbox 803 973 1018 1027; x_wconf 83' lang='grc' dir='ltr'>πάντων</span> <span class='ocrx_word' id='word_1_51' title='bbox 1074 973 1254 1048; x_wconf 73' lang='grc' dir='ltr'>ἀρχὴν</span> <span class='ocrx_word' id='word_1_52' title='bbox 1313 971 1676 1048; x_wconf 82' lang='grc' dir='ltr'>ἐκδείόμενον.</span> <span class='ocrx_word' id='word_1_53' title='bbox 1735 976 1938 1032; x_wconf 79' lang='grc' dir='ltr'>Εἰκόνα</span> 
     </span>
    </p>
   </div>
   <div class='ocr_carea' id='block_1_11' title="bbox 289 1060 1934 1136">
    <p class='ocr_par' dir='ltr' id='par_1_11' title="bbox 289 1060 1934 1136">
     <span class='ocr_line' id='line_1_11' title="bbox 289 1060 1934 1136; baseline 0.026 -51"><span class='ocrx_word' id='word_1_54' title='bbox 289 1061 383 1116; x_wconf 63' lang='grc' dir='ltr'><strong>καὶ</strong></span> <span class='ocrx_word' id='word_1_55' title='bbox 414 1063 516 1136; x_wconf 60' lang='grc' dir='ltr'><strong>γὰρ</strong></span> <span class='ocrx_word' id='word_1_56' title='bbox 545 1061 720 1135; x_wconf 65' lang='grc' dir='ltr'>φέρων</span> <span class='ocrx_word' id='word_1_57' title='bbox 749 1060 818 1130; x_wconf 66' lang='grc' dir='ltr'>ἦν</span> <span class='ocrx_word' id='word_1_58' title='bbox 855 1063 883 1116; x_wconf 75' lang='grc' dir='ltr'>ὁ</span> <span class='ocrx_word' id='word_1_59' title='bbox 926 1066 1023 1116; x_wconf 70' lang='grc' dir='ltr'>τοῦ</span> <span class='ocrx_word' id='word_1_60' title='bbox 1070 1068 1226 1130; x_wconf 78' lang='grc' dir='ltr'>Ναυῆ</span> <span class='ocrx_word' id='word_1_61' title='bbox 1259 1063 1468 1132; x_wconf 85' lang='grc' dir='ltr'>Ἰησοῦς</span> <span class='ocrx_word' id='word_1_62' title='bbox 1519 1069 1615 1120; x_wconf 88' lang='grc' dir='ltr'><strong>τοῦ</strong></span> <span class='ocrx_word' id='word_1_63' title='bbox 1675 1072 1934 1136; x_wconf 80' lang='grc' dir='ltr'>Σωτῆρος</span> 
     </span>
    </p>
   </div>
   <div class='ocr_carea' id='block_1_12' title="bbox 291 1150 1936 1230">
    <p class='ocr_par' dir='ltr' id='par_1_12' title="bbox 291 1150 1936 1230">
     <span class='ocr_line' id='line_1_12' title="bbox 291 1150 1936 1230; baseline 0.004 -25"><span class='ocrx_word' id='word_1_64' title='bbox 291 1153 493 1224; x_wconf 78' lang='grc' dir='ltr'>ἡμῶν·</span> <span class='ocrx_word' id='word_1_65' title='bbox 549 1150 610 1213; x_wconf 85' lang='grc' dir='ltr'><strong>’ὸς</strong></span> <span class='ocrx_word' id='word_1_66' title='bbox 670 1151 838 1224; x_wconf 80' lang='grc' dir='ltr'>μόνος</span> <span class='ocrx_word' id='word_1_67' title='bbox 894 1150 1028 1224; x_wconf 83' lang='grc' dir='ltr'>μετὰ</span> <span class='ocrx_word' id='word_1_68' title='bbox 1084 1150 1280 1206; x_wconf 80' lang='grc' dir='ltr'>Μωσέα</span> <span class='ocrx_word' id='word_1_69' title='bbox 1321 1151 1410 1208; x_wconf 84' lang='grc' dir='ltr'>καί</span> <span class='ocrx_word' id='word_1_70' title='bbox 1465 1153 1528 1209; x_wconf 86' lang='grc' dir='ltr'>τὸ</span> <span class='ocrx_word' id='word_1_71' title='bbox 1576 1155 1936 1230; x_wconf 76' lang='grc' dir='ltr'><strong>συμπέρασμα</strong></span> 
     </span>
    </p>
   </div>
   <div class='ocr_carea' id='block_1_13' title="bbox 289 1235 1935 1320">
    <p class='ocr_par' dir='ltr' id='par_1_13' title="bbox 289 1235 1935 1320">
     <span class='ocr_line' id='line_1_13' title="bbox 289 1235 1935 1320; baseline 0.004 -26"><span class='ocrx_word' id='word_1_72' title='bbox 289 1243 390 1310; x_wconf 83' lang='grc' dir='ltr'><strong>τῆς</strong></span> <span class='ocrx_word' id='word_1_73' title='bbox 424 1237 494 1294; x_wconf 85' lang='grc' dir='ltr'><strong>δι’</strong></span> <span class='ocrx_word' id='word_1_74' title='bbox 524 1239 730 1295; x_wconf 78' lang='grc' dir='ltr'>ἐκείνου</span> <span class='ocrx_word' id='word_1_75' title='bbox 777 1235 1122 1314; x_wconf 67' lang='grc' dir='ltr'>ωμϐολικῆς</span> <span class='ocrx_word' id='word_1_76' title='bbox 1171 1241 1420 1316; x_wconf 79' lang='grc' dir='ltr'>λατρείας</span> <span class='ocrx_word' id='word_1_77' title='bbox 1467 1244 1567 1312; x_wconf 75' lang='grc' dir='ltr'><strong>τῆν</strong></span> <span class='ocrx_word' id='word_1_78' title='bbox 1613 1245 1790 1320; x_wconf 74' lang='grc' dir='ltr'>ἀρχὴν</span> <span class='ocrx_word' id='word_1_79' title='bbox 1836 1251 1935 1314; x_wconf 86' lang='grc' dir='ltr'><strong>τῆς</strong></span> 
     </span>
    </p>
   </div>
   <div class='ocr_carea' id='block_1_14' title="bbox 292 1326 1934 1407">
    <p class='ocr_par' dir='ltr' id='par_1_14' title="bbox 292 1326 1934 1407">
     <span class='ocr_line' id='line_1_14' title="bbox 292 1326 1934 1407; baseline 0.001 -21"><span class='ocrx_word' id='word_1_80' title='bbox 292 1329 533 1400; x_wconf 76' lang='grc' dir='ltr'>ἀληθοῦς</span> <span class='ocrx_word' id='word_1_81' title='bbox 589 1329 680 1384; x_wconf 83' lang='grc' dir='ltr'><strong>καὶ</strong></span> <span class='ocrx_word' id='word_1_82' title='bbox 755 1326 1012 1406; x_wconf 78' lang='grc' dir='ltr'>διαυγοῦς</span> <span class='ocrx_word' id='word_1_83' title='bbox 1069 1327 1340 1393; x_wconf 76' lang='grc' dir='ltr'>εὐσεϐείας</span> <span class='ocrx_word' id='word_1_84' title='bbox 1401 1336 1584 1404; x_wconf 82' lang='grc' dir='ltr'>σαφῶς</span> <span class='ocrx_word' id='word_1_85' title='bbox 1643 1331 1934 1407; x_wconf 80' lang='grc' dir='ltr'>διεδέξατο.</span> 
     </span>
    </p>
   </div>
   <div class='ocr_carea' id='block_1_15' title="bbox 289 1415 1933 1496">
    <p class='ocr_par' dir='ltr' id='par_1_15' title="bbox 289 1415 1933 1496">
     <span class='ocr_line' id='line_1_15' title="bbox 289 1415 1933 1496; baseline 0.002 -22"><span class='ocrx_word' id='word_1_86' title='bbox 289 1422 350 1474; x_wconf 89' lang='grc' dir='ltr'><strong>Ὅ</strong></span> <span class='ocrx_word' id='word_1_87' title='bbox 382 1421 478 1491; x_wconf 75' lang='grc' dir='ltr'>μὲν</span> <span class='ocrx_word' id='word_1_88' title='bbox 522 1415 612 1473; x_wconf 79' lang='grc' dir='ltr'><strong>οῦν</strong></span> <span class='ocrx_word' id='word_1_89' title='bbox 675 1425 900 1488; x_wconf 76' lang='grc' dir='ltr'>Μωσῆς,</span> <span class='ocrx_word' id='word_1_90' title='bbox 933 1417 1074 1494; x_wconf 77' lang='grc' dir='ltr'>ᾗπέρ</span> <span class='ocrx_word' id='word_1_91' title='bbox 1133 1440 1226 1491; x_wconf 86' lang='grc' dir='ltr'><strong>μοι</strong></span> <span class='ocrx_word' id='word_1_92' title='bbox 1285 1418 1514 1493; x_wconf 70' lang='grc' dir='ltr'>εἴρηται,</span> <span class='ocrx_word' id='word_1_93' title='bbox 1545 1419 1676 1496; x_wconf 85' lang='grc' dir='ltr'>διχῆ</span> <span class='ocrx_word' id='word_1_94' title='bbox 1738 1419 1933 1478; x_wconf 88' lang='grc' dir='ltr'>διελὼν</span> 
     </span>
    </p>
   </div>
   <div class='ocr_carea' id='block_1_16' title="bbox 288 1506 1936 1586">
    <p class='ocr_par' dir='ltr' id='par_1_16' title="bbox 288 1506 1936 1586">
     <span class='ocr_line' id='line_1_16' title="bbox 288 1506 1936 1586; baseline 0.002 -24"><span class='ocrx_word' id='word_1_95' title='bbox 288 1509 384 1569; x_wconf 77' lang='grc' dir='ltr'><strong>τὰς</strong></span> <span class='ocrx_word' id='word_1_96' title='bbox 444 1511 543 1562; x_wconf 90' lang='grc' dir='ltr'><strong>τοῦ</strong></span> <span class='ocrx_word' id='word_1_97' title='bbox 585 1511 845 1580; x_wconf 78' lang='grc' dir='ltr'><strong>Σωτῆρος</strong></span> <span class='ocrx_word' id='word_1_98' title='bbox 902 1509 1068 1580; x_wconf 80' lang='grc' dir='ltr'>ἡμῶν</span> <span class='ocrx_word' id='word_1_99' title='bbox 1120 1506 1368 1578; x_wconf 88' lang='grc' dir='ltr'>κλήσεις,</span> <span class='ocrx_word' id='word_1_100' title='bbox 1394 1513 1510 1570; x_wconf 86' lang='grc' dir='ltr'>τοῖς</span> <span class='ocrx_word' id='word_1_101' title='bbox 1554 1508 1760 1586; x_wconf 78' lang='grc' dir='ltr'>ἐξόχως</span> <span class='ocrx_word' id='word_1_102' title='bbox 1797 1516 1936 1585; x_wconf 79' lang='grc' dir='ltr'>τιμῇ</span> 
     </span>
    </p>
   </div>
   <div class='ocr_carea' id='block_1_17' title="bbox 289 1593 1938 1674">
    <p class='ocr_par' dir='ltr' id='par_1_17' title="bbox 289 1593 1938 1674">
     <span class='ocr_line' id='line_1_17' title="bbox 289 1593 1938 1674; baseline 0.001 -23"><span class='ocrx_word' id='word_1_103' title='bbox 289 1597 382 1651; x_wconf 80' lang='grc' dir='ltr'><strong>καὶ</strong></span> <span class='ocrx_word' id='word_1_104' title='bbox 443 1593 571 1670; x_wconf 79' lang='grc' dir='ltr'>δόξῃ</span> <span class='ocrx_word' id='word_1_105' title='bbox 640 1596 766 1670; x_wconf 89' lang='grc' dir='ltr'>παρ’</span> <span class='ocrx_word' id='word_1_106' title='bbox 814 1597 966 1668; x_wconf 78' lang='grc' dir='ltr'>αὐτῷ</span> <span class='ocrx_word' id='word_1_107' title='bbox 1022 1595 1344 1667; x_wconf 79' lang='grc' dir='ltr'>δοξασθεῖσι,</span> <span class='ocrx_word' id='word_1_108' title='bbox 1401 1602 1481 1670; x_wconf 81' lang='grc' dir='ltr'><strong>τῷ</strong></span> <span class='ocrx_word' id='word_1_109' title='bbox 1539 1599 1632 1670; x_wconf 75' lang='grc' dir='ltr'>μὶν</span> <span class='ocrx_word' id='word_1_110' title='bbox 1690 1601 1938 1674; x_wconf 83' lang='grc' dir='ltr'><strong>ἀρχιερεῖ</strong></span> 
     </span>
    </p>
   </div>
   <div class='ocr_carea' id='block_1_18' title="bbox 291 1683 1936 1762">
    <p class='ocr_par' dir='ltr' id='par_1_18' title="bbox 291 1683 1936 1762">
     <span class='ocr_line' id='line_1_18' title="bbox 291 1683 1936 1762; baseline 0.002 -24"><span class='ocrx_word' id='word_1_111' title='bbox 291 1686 393 1753; x_wconf 80' lang='grc' dir='ltr'><strong>τήν</strong></span> <span class='ocrx_word' id='word_1_112' title='bbox 451 1685 876 1760; x_wconf 85' lang='grc' dir='ltr'>Χριστὸς,τῷ</span> <span class='ocrx_word' id='word_1_113' title='bbox 935 1683 992 1739; x_wconf 75' lang='grc' dir='ltr'>δὲ</span> <span class='ocrx_word' id='word_1_114' title='bbox 1052 1686 1166 1759; x_wconf 86' lang='grc' dir='ltr'>μετ’</span> <span class='ocrx_word' id='word_1_115' title='bbox 1223 1685 1383 1740; x_wconf 81' lang='grc' dir='ltr'>αὐτὸν</span> <span class='ocrx_word' id='word_1_116' title='bbox 1438 1689 1778 1762; x_wconf 80' lang='grc' dir='ltr'>ἡγησομενῳ</span> <span class='ocrx_word' id='word_1_117' title='bbox 1835 1690 1936 1758; x_wconf 75' lang='grc' dir='ltr'><strong>τήν</strong></span> 
     </span>
    </p>
   </div>
   <div class='ocr_carea' id='block_1_19' title="bbox 293 1771 1935 1852">
    <p class='ocr_par' dir='ltr' id='par_1_19' title="bbox 293 1771 1935 1852">
     <span class='ocr_line' id='line_1_19' title="bbox 293 1771 1935 1852; baseline 0.001 -22"><span class='ocrx_word' id='word_1_118' title='bbox 293 1773 563 1842; x_wconf 84' lang='grc' dir='ltr'>Ἰησοῦς</span> <span class='ocrx_word' id='word_1_119' title='bbox 631 1773 920 1852; x_wconf 79' lang='grc' dir='ltr'>ὑπερφυῶς</span> <span class='ocrx_word' id='word_1_120' title='bbox 979 1772 1276 1848; x_wconf 83' lang='grc' dir='ltr'>σεμνύνων,</span> <span class='ocrx_word' id='word_1_121' title='bbox 1337 1771 1691 1848; x_wconf 77' lang='grc' dir='ltr'>συμϐολικῶς</span> <span class='ocrx_word' id='word_1_122' title='bbox 1752 1777 1935 1839; x_wconf 81' lang='grc' dir='ltr'>αὐτοῖς</span> 
     </span>
    </p>
   </div>
   <div class='ocr_carea' id='block_1_20' title="bbox 289 1858 1934 1938">
    <p class='ocr_par' dir='ltr' id='par_1_20' title="bbox 289 1858 1934 1938">
     <span class='ocr_line' id='line_1_20' title="bbox 289 1858 1934 1938; baseline 0.002 -23"><span class='ocrx_word' id='word_1_123' title='bbox 289 1861 604 1934; x_wconf 76' lang='grc' dir='ltr'>περιέθηκε.</span> <span class='ocrx_word' id='word_1_124' title='bbox 639 1860 738 1914; x_wconf 80' lang='grc' dir='ltr'><strong>Καὶ</strong></span> <span class='ocrx_word' id='word_1_125' title='bbox 785 1858 953 1917; x_wconf 78' lang='grc' dir='ltr'>ἄλλοι</span> <span class='ocrx_word' id='word_1_126' title='bbox 1011 1858 1066 1916; x_wconf 76' lang='grc' dir='ltr'>δὲ</span> <span class='ocrx_word' id='word_1_127' title='bbox 1125 1863 1240 1934; x_wconf 87' lang='grc' dir='ltr'>μετ’</span> <span class='ocrx_word' id='word_1_128' title='bbox 1272 1861 1431 1916; x_wconf 83' lang='grc' dir='ltr'>αὐτὸν</span> <span class='ocrx_word' id='word_1_129' title='bbox 1489 1861 1769 1938; x_wconf 83' lang='grc' dir='ltr'>ἀριδήλως</span> <span class='ocrx_word' id='word_1_130' title='bbox 1826 1869 1934 1920; x_wconf 90' lang='grc' dir='ltr'><strong>τῶν</strong></span> 
     </span>
    </p>
   </div>
   <div class='ocr_carea' id='block_1_21' title="bbox 289 1945 1934 2024">
    <p class='ocr_par' dir='ltr' id='par_1_21' title="bbox 289 1945 1934 2024">
     <span class='ocr_line' id='line_1_21' title="bbox 289 1945 1934 2024; baseline 0.002 -23"><span class='ocrx_word' id='word_1_131' title='bbox 289 1950 594 2024; x_wconf 73' lang='grc' dir='ltr'>προφητῶν</span> <span class='ocrx_word' id='word_1_132' title='bbox 624 1945 860 2020; x_wconf 81' lang='grc' dir='ltr'>Χριστὸν</span> <span class='ocrx_word' id='word_1_133' title='bbox 900 1947 992 2001; x_wconf 88' lang='grc' dir='ltr'>τὸν</span> <span class='ocrx_word' id='word_1_134' title='bbox 1040 1950 1273 2019; x_wconf 79' lang='grc' dir='ltr'>Σωτῆρα</span> <span class='ocrx_word' id='word_1_135' title='bbox 1321 1947 1630 2017; x_wconf 87' lang='grc' dir='ltr'>ὠνόμασαν.</span> <span class='ocrx_word' id='word_1_136' title='bbox 1675 1954 1934 2023; x_wconf 87' lang='grc' dir='ltr'>Πνεῦμα</span> 
     </span>
    </p>
   </div>
   <div class='ocr_carea' id='block_1_22' title="bbox 285 2033 1936 2115">
    <p class='ocr_par' dir='ltr' id='par_1_22' title="bbox 285 2033 1936 2115">
     <span class='ocr_line' id='line_1_22' title="bbox 285 2033 1936 2115; baseline 0.002 -27"><span class='ocrx_word' id='word_1_137' title='bbox 285 2035 431 2110; x_wconf 76' lang='grc' dir='ltr'>γὰρ,</span> <span class='ocrx_word' id='word_1_138' title='bbox 465 2035 630 2109; x_wconf 81' lang='grc' dir='ltr'>φησὶν</span> <span class='ocrx_word' id='word_1_139' title='bbox 660 2033 942 2108; x_wconf 82' lang='grc' dir='ltr'>Ἱερεμίας,</span> <span class='ocrx_word' id='word_1_140' title='bbox 966 2035 1089 2110; x_wconf 87' lang='grc' dir='ltr'>πρὸ</span> <span class='ocrx_word' id='word_1_141' title='bbox 1126 2037 1486 2111; x_wconf 87' lang='grc' dir='ltr'>προσώπου</span> <span class='ocrx_word' id='word_1_142' title='bbox 1527 2040 1714 2110; x_wconf 86' lang='grc' dir='ltr'>ἡμῶν</span> <span class='ocrx_word' id='word_1_143' title='bbox 1743 2058 1756 2070; x_wconf 83' lang='grc'><strong>·</strong></span> <span class='ocrx_word' id='word_1_144' title='bbox 1793 2043 1936 2115; x_wconf 83' lang='grc' dir='ltr'>Χρι-</span> 
     </span>
    </p>
   </div>
   <div class='ocr_carea' id='block_1_23' title="bbox 289 2123 1934 2205">
    <p class='ocr_par' dir='ltr' id='par_1_23' title="bbox 289 2123 1934 2205">
     <span class='ocr_line' id='line_1_23' title="bbox 289 2123 1934 2205; baseline 0.002 -27"><span class='ocrx_word' id='word_1_145' title='bbox 289 2124 440 2185; x_wconf 86' lang='grc' dir='ltr'>στὸς</span> <span class='ocrx_word' id='word_1_146' title='bbox 495 2125 738 2196; x_wconf 78' lang='grc' dir='ltr'>Κύριος</span> <span class='ocrx_word' id='word_1_147' title='bbox 794 2124 1174 2204; x_wconf 74' lang='grc' dir='ltr'>συνελήφθη</span> <span class='ocrx_word' id='word_1_148' title='bbox 1230 2123 1292 2180; x_wconf 81' lang='grc' dir='ltr'>ἐν</span> <span class='ocrx_word' id='word_1_149' title='bbox 1347 2131 1494 2189; x_wconf 85' lang='grc' dir='ltr'>ταῖς</span> <span class='ocrx_word' id='word_1_150' title='bbox 1535 2124 1934 2205; x_wconf 78' lang='grc' dir='ltr'>διαφθοραῖς</span> 
     </span>
    </p>
   </div>
   <div class='ocr_carea' id='block_1_24' title="bbox 285 2205 1934 2288">
    <p class='ocr_par' dir='ltr' id='par_1_24' title="bbox 285 2205 1934 2288">
     <span class='ocr_line' id='line_1_24' title="bbox 285 2205 1934 2288; baseline 0.001 -22"><span class='ocrx_word' id='word_1_151' title='bbox 285 2210 522 2266; x_wconf 76' lang='grc' dir='ltr'>αὐτῶν.</span> <span class='ocrx_word' id='word_1_152' title='bbox 551 2209 650 2264; x_wconf 84' lang='grc' dir='ltr'>Καὶ</span> <span class='ocrx_word' id='word_1_153' title='bbox 686 2205 852 2265; x_wconf 78' lang='grc' dir='ltr'>Δαϐὶδ</span> <span class='ocrx_word' id='word_1_154' title='bbox 898 2209 953 2266; x_wconf 86' lang='grc' dir='ltr'><strong>δέ</strong></span> <span class='ocrx_word' id='word_1_155' title='bbox 984 2233 1137 2288; x_wconf 86' lang='grc' dir='ltr'>φησι,</span> <span class='ocrx_word' id='word_1_156' title='bbox 1166 2212 1591 2286; x_wconf 88' lang='grc' dir='ltr'>Παρέστησαν</span> <span class='ocrx_word' id='word_1_157' title='bbox 1644 2215 1704 2268; x_wconf 81' lang='grc' dir='ltr'>οἱ</span> <span class='ocrx_word' id='word_1_158' title='bbox 1753 2217 1934 2287; x_wconf 88' lang='grc' dir='ltr'>βασι-</span> 
     </span>
    </p>
   </div>
   <div class='ocr_carea' id='block_1_25' title="bbox 287 2300 1936 2380">
    <p class='ocr_par' dir='ltr' id='par_1_25' title="bbox 287 2300 1936 2380">
     <span class='ocr_line' id='line_1_25' title="bbox 287 2300 1936 2380; baseline -0.001 -20"><span class='ocrx_word' id='word_1_159' title='bbox 287 2304 432 2366; x_wconf 84' lang='grc' dir='ltr'>λεῖς</span> <span class='ocrx_word' id='word_1_160' title='bbox 488 2310 606 2374; x_wconf 83' lang='grc' dir='ltr'><strong>τῆς</strong></span> <span class='ocrx_word' id='word_1_161' title='bbox 672 2309 819 2380; x_wconf 83' lang='grc' dir='ltr'>γῆς,</span> <span class='ocrx_word' id='word_1_162' title='bbox 857 2303 966 2357; x_wconf 86' lang='grc' dir='ltr'>καὶ</span> <span class='ocrx_word' id='word_1_163' title='bbox 1005 2303 1066 2356; x_wconf 74' lang='grc' dir='ltr'>οἱ</span> <span class='ocrx_word' id='word_1_164' title='bbox 1123 2300 1448 2377; x_wconf 79' lang='grc' dir='ltr'>ἄρχοντες</span> <span class='ocrx_word' id='word_1_165' title='bbox 1505 2305 1936 2378; x_wconf 84' lang='grc' dir='ltr'>συνήχθησαν</span> 
     </span>
    </p>
   </div>
   <div class='ocr_carea' id='block_1_26' title="bbox 287 2390 1936 2468">
    <p class='ocr_par' dir='ltr' id='par_1_26' title="bbox 287 2390 1936 2468">
     <span class='ocr_line' id='line_1_26' title="bbox 287 2390 1936 2468; baseline -0.001 -19"><span class='ocrx_word' id='word_1_166' title='bbox 287 2392 677 2468; x_wconf 77' lang='grc' dir='ltr'>έπιτραυτὸ,</span> <span class='ocrx_word' id='word_1_167' title='bbox 707 2390 868 2446; x_wconf 85' lang='grc' dir='ltr'>κατὰ</span> <span class='ocrx_word' id='word_1_168' title='bbox 905 2395 1020 2446; x_wconf 89' lang='grc' dir='ltr'><strong>τοῦ</strong></span> <span class='ocrx_word' id='word_1_169' title='bbox 1053 2390 1296 2465; x_wconf 77' lang='grc' dir='ltr'>Κυρίου</span> <span class='ocrx_word' id='word_1_170' title='bbox 1327 2391 1625 2447; x_wconf 79' lang='grc' dir='ltr'>καὶκατὰ</span> <span class='ocrx_word' id='word_1_171' title='bbox 1651 2397 1936 2462; x_wconf 78' lang='grc' dir='ltr'>Χριστοῦ</span> 
     </span>
    </p>
   </div>
   <div class='ocr_carea' id='block_1_27' title="bbox 287 2480 1934 2559">
    <p class='ocr_par' dir='ltr' id='par_1_27' title="bbox 287 2480 1934 2559">
     <span class='ocr_line' id='line_1_27' title="bbox 287 2480 1934 2559; baseline 0 -21"><span class='ocrx_word' id='word_1_172' title='bbox 287 2483 512 2540; x_wconf 79' lang='grc' dir='ltr'>αὐτοῦ.</span> <span class='ocrx_word' id='word_1_173' title='bbox 545 2483 642 2546; x_wconf 83' lang='grc' dir='ltr'>Οἷς</span> <span class='ocrx_word' id='word_1_174' title='bbox 673 2483 797 2554; x_wconf 71' lang='grc' dir='ltr'>ἑξῆς</span> <span class='ocrx_word' id='word_1_175' title='bbox 828 2480 1068 2559; x_wconf 73' lang='grc' dir='ltr'>ἐπιφέρει</span> <span class='ocrx_word' id='word_1_176' title='bbox 1100 2481 1296 2557; x_wconf 76' lang='grc' dir='ltr'>λέγων,</span> <span class='ocrx_word' id='word_1_177' title='bbox 1322 2480 1402 2536; x_wconf 80' lang='grc' dir='ltr'>Κύ</span> <span class='ocrx_word' id='word_1_178' title='bbox 1423 2501 1562 2556; x_wconf 84' lang='grc' dir='ltr'>ριος</span> <span class='ocrx_word' id='word_1_179' title='bbox 1603 2483 1742 2538; x_wconf 78' lang='grc' dir='ltr'>εἶπε</span> <span class='ocrx_word' id='word_1_180' title='bbox 1773 2483 1934 2556; x_wconf 88' lang='grc' dir='ltr'>πρός</span> 
     </span>
    </p>
   </div>
   <div class='ocr_carea' id='block_1_28' title="bbox 294 2562 1939 2648">
    <p class='ocr_par' dir='ltr' id='par_1_28' title="bbox 294 2562 1939 2648">
     <span class='ocr_line' id='line_1_28' title="bbox 294 2562 1939 2648; baseline -0.001 -21"><span class='ocrx_word' id='word_1_181' title='bbox 294 2562 393 2646; x_wconf 75' lang='grc' dir='ltr'><strong>με,</strong></span> <span class='ocrx_word' id='word_1_182' title='bbox 429 2571 580 2634; x_wconf 77' lang='grc' dir='ltr'>Υἱός</span> <span class='ocrx_word' id='word_1_183' title='bbox 623 2592 746 2645; x_wconf 92' lang='grc' dir='ltr'><strong>μου</strong></span> <span class='ocrx_word' id='word_1_184' title='bbox 795 2571 854 2625; x_wconf 83' lang='grc' dir='ltr'>εἶ</span> <span class='ocrx_word' id='word_1_185' title='bbox 901 2571 1006 2624; x_wconf 91' lang='grc' dir='ltr'>σύ·</span> <span class='ocrx_word' id='word_1_186' title='bbox 1049 2567 1177 2646; x_wconf 71' lang='grc' dir='ltr'><strong>ἐγὼ</strong></span> <span class='ocrx_word' id='word_1_187' title='bbox 1227 2572 1520 2644; x_wconf 86' lang='grc' dir='ltr'>σήμερον</span> <span class='ocrx_word' id='word_1_188' title='bbox 1573 2573 1939 2648; x_wconf 84' lang='grc' dir='ltr'>γεγέννηκά</span> 
     </span>
    </p>
   </div>
   <div class='ocr_carea' id='block_1_29' title="bbox 292 2656 1935 2736">
    <p class='ocr_par' dir='ltr' id='par_1_29' title="bbox 292 2656 1935 2736">
     <span class='ocr_line' id='line_1_29' title="bbox 292 2656 1935 2736; baseline -0.001 -18"><span class='ocrx_word' id='word_1_189' title='bbox 292 2684 376 2718; x_wconf 86' lang='grc' dir='ltr'>σε.</span> <span class='ocrx_word' id='word_1_190' title='bbox 399 2663 554 2718; x_wconf 85' lang='grc' dir='ltr'>Ταῦτ’</span> <span class='ocrx_word' id='word_1_191' title='bbox 575 2658 677 2736; x_wconf 75' lang='grc' dir='ltr'><strong>ἄρα</strong></span> <span class='ocrx_word' id='word_1_192' title='bbox 703 2661 768 2718; x_wconf 88' lang='grc' dir='ltr'>τὸ</span> <span class='ocrx_word' id='word_1_193' title='bbox 794 2665 890 2717; x_wconf 86' lang='grc' dir='ltr'><strong>τοῦ</strong></span> <span class='ocrx_word' id='word_1_194' title='bbox 920 2665 1154 2730; x_wconf 81' lang='grc' dir='ltr'>Χριστοῦ</span> <span class='ocrx_word' id='word_1_195' title='bbox 1183 2656 1474 2732; x_wconf 75' lang='grc' dir='ltr'>σεϐάσμιον</span> <span class='ocrx_word' id='word_1_196' title='bbox 1509 2657 1683 2734; x_wconf 78' lang='grc' dir='ltr'>ὄνομα</span> <span class='ocrx_word' id='word_1_197' title='bbox 1716 2661 1776 2717; x_wconf 84' lang='grc' dir='ltr'>οὐ</span> <span class='ocrx_word' id='word_1_198' title='bbox 1809 2664 1935 2725; x_wconf 78' lang='grc' dir='ltr'>τοὺς</span> 
     </span>
    </p>
   </div>
   <div class='ocr_carea' id='block_1_30' title="bbox 291 2749 1936 2825">
    <p class='ocr_par' dir='ltr' id='par_1_30' title="bbox 291 2749 1936 2825">
     <span class='ocr_line' id='line_1_30' title="bbox 291 2749 1936 2825; baseline -0.001 -19"><span class='ocrx_word' id='word_1_199' title='bbox 291 2752 562 2825; x_wconf 73' lang='grc' dir='ltr'>ἱερωσύνῃ</span> <span class='ocrx_word' id='word_1_200' title='bbox 592 2750 757 2822; x_wconf 86' lang='grc' dir='ltr'>μόνον</span> <span class='ocrx_word' id='word_1_201' title='bbox 788 2749 1278 2824; x_wconf 85' lang='grc' dir='ltr'>τετιμημένουςτῷ</span> <span class='ocrx_word' id='word_1_202' title='bbox 1309 2754 1584 2822; x_wconf 88' lang='grc' dir='ltr'>σκευαστῷ</span> <span class='ocrx_word' id='word_1_203' title='bbox 1613 2751 1936 2823; x_wconf 87' lang='grc' dir='ltr'>κατεκόσμει</span> 
     </span>
    </p>
   </div>
   <div class='ocr_carea' id='block_1_31' title="bbox 291 2833 1934 2915">
    <p class='ocr_par' dir='ltr' id='par_1_31' title="bbox 291 2833 1934 2915">
     <span class='ocr_line' id='line_1_31' title="bbox 291 2833 1934 2915; baseline -0.001 -20"><span class='ocrx_word' id='word_1_204' title='bbox 291 2839 467 2912; x_wconf 80' lang='grc' dir='ltr'>ἐλαίῳ</span> <span class='ocrx_word' id='word_1_205' title='bbox 516 2833 894 2913; x_wconf 78' lang='grc' dir='ltr'>συμϐολικῶς,</span> <span class='ocrx_word' id='word_1_206' title='bbox 927 2836 1072 2894; x_wconf 84' lang='grc' dir='ltr'><strong>ἀλλά</strong></span> <span class='ocrx_word' id='word_1_207' title='bbox 1118 2839 1208 2894; x_wconf 79' lang='grc' dir='ltr'><strong>καὶ</strong></span> <span class='ocrx_word' id='word_1_208' title='bbox 1250 2839 1378 2900; x_wconf 83' lang='grc' dir='ltr'>τοὺς</span> <span class='ocrx_word' id='word_1_209' title='bbox 1431 2839 1675 2915; x_wconf 84' lang='grc' dir='ltr'>βασιλεῖς</span> <span class='ocrx_word' id='word_1_210' title='bbox 1721 2840 1934 2902; x_wconf 84' lang='grc' dir='ltr'>αὐτούς.</span> 
     </span>
    </p>
   </div>
   <div class='ocr_carea' id='block_1_32' title="bbox 295 2926 1939 3005">
    <p class='ocr_par' dir='ltr' id='par_1_32' title="bbox 295 2926 1939 3005">
     <span class='ocr_line' id='line_1_32' title="bbox 295 2926 1939 3005; baseline -0.001 -20"><span class='ocrx_word' id='word_1_211' title='bbox 295 2929 430 3000; x_wconf 84' lang='grc' dir='ltr'>Θείῳ</span> <span class='ocrx_word' id='word_1_212' title='bbox 457 2930 561 3005; x_wconf 81' lang='grc' dir='ltr'><strong>γὰρ</strong></span> <span class='ocrx_word' id='word_1_213' title='bbox 591 2927 816 2990; x_wconf 81' lang='grc' dir='ltr'>τούτους</span> <span class='ocrx_word' id='word_1_214' title='bbox 845 2926 1097 3003; x_wconf 86' lang='grc' dir='ltr'>χρίοντες</span> <span class='ocrx_word' id='word_1_215' title='bbox 1138 2928 1409 3000; x_wconf 85' lang='grc' dir='ltr'>Πνεύματι</span> <span class='ocrx_word' id='word_1_216' title='bbox 1455 2930 1542 2991; x_wconf 81' lang='grc' dir='ltr'>οἷς</span> <span class='ocrx_word' id='word_1_217' title='bbox 1588 2931 1734 2984; x_wconf 89' lang='grc' dir='ltr'>τοῦτ’</span> <span class='ocrx_word' id='word_1_218' title='bbox 1764 2927 1939 2984; x_wconf 73' lang='grc' dir='ltr'>ἐπιτέ-</span> 
     </span>
    </p>
   </div>
   <div class='ocr_carea' id='block_1_33' title="bbox 286 3015 1936 3093">
    <p class='ocr_par' dir='ltr' id='par_1_33' title="bbox 286 3015 1936 3093">
     <span class='ocr_line' id='line_1_33' title="bbox 286 3015 1936 3093; baseline -0.001 -19"><span class='ocrx_word' id='word_1_219' title='bbox 286 3039 516 3093; x_wconf 84' lang='grc' dir='ltr'>τραπτο,</span> <span class='ocrx_word' id='word_1_220' title='bbox 565 3015 830 3092; x_wconf 79' lang='grc' dir='ltr'>Χριστοῦς</span> <span class='ocrx_word' id='word_1_221' title='bbox 886 3017 1002 3071; x_wconf 88' lang='grc' dir='ltr'>κατ’</span> <span class='ocrx_word' id='word_1_222' title='bbox 1059 3015 1240 3072; x_wconf 83' lang='grc' dir='ltr'>εἰκόνα</span> <span class='ocrx_word' id='word_1_223' title='bbox 1291 3017 1602 3092; x_wconf 77' lang='grc' dir='ltr'>εἰργάζοντο</span> <span class='ocrx_word' id='word_1_224' title='bbox 1655 3019 1745 3072; x_wconf 84' lang='grc' dir='ltr'><strong>καὶ</strong></span> <span class='ocrx_word' id='word_1_225' title='bbox 1803 3019 1936 3074; x_wconf 83' lang='grc' dir='ltr'>ὠνό·</span> 
     </span>
    </p>
   </div>
   <div class='ocr_carea' id='block_1_34' title="bbox 299 3103 1936 3180">
    <p class='ocr_par' dir='ltr' id='par_1_34' title="bbox 299 3103 1936 3180">
     <span class='ocr_line' id='line_1_34' title="bbox 299 3103 1936 3180; baseline 0 -19"><span class='ocrx_word' id='word_1_226' title='bbox 299 3112 492 3180; x_wconf 77' lang='grc' dir='ltr'>μαζον.</span> <span class='ocrx_word' id='word_1_227' title='bbox 541 3105 692 3162; x_wconf 90' lang='grc' dir='ltr'>Ἐπεί</span> <span class='ocrx_word' id='word_1_228' title='bbox 739 3103 822 3159; x_wconf 91' lang='grc' dir='ltr'><strong>τοί</strong></span> <span class='ocrx_word' id='word_1_229' title='bbox 865 3125 927 3180; x_wconf 88' lang='grc' dir='ltr'><strong>γε</strong></span> <span class='ocrx_word' id='word_1_230' title='bbox 980 3105 1071 3159; x_wconf 85' lang='grc' dir='ltr'><strong>καὶ</strong></span> <span class='ocrx_word' id='word_1_231' title='bbox 1123 3105 1314 3166; x_wconf 84' lang='grc' dir='ltr'>αὐτοῖς</span> <span class='ocrx_word' id='word_1_232' title='bbox 1357 3107 1576 3168; x_wconf 82' lang='grc' dir='ltr'>πάντως</span> <span class='ocrx_word' id='word_1_233' title='bbox 1623 3127 1726 3160; x_wconf 91' lang='grc' dir='ltr'><strong>ποο</strong></span> <span class='ocrx_word' id='word_1_234' title='bbox 1775 3107 1936 3162; x_wconf 87' lang='grc' dir='ltr'>τύποι</span> 
     </span>
    </p>
   </div>
   <div class='ocr_carea' id='block_1_35' title="bbox 291 3194 1936 3270">
    <p class='ocr_par' dir='ltr' id='par_1_35' title="bbox 291 3194 1936 3270">
     <span class='ocr_line' id='line_1_35' title="bbox 291 3194 1936 3270; baseline 0 -18"><span class='ocrx_word' id='word_1_235' title='bbox 291 3198 436 3259; x_wconf 75' lang='grc' dir='ltr'>τινὲς</span> <span class='ocrx_word' id='word_1_236' title='bbox 470 3194 662 3265; x_wconf 80' lang='grc' dir='ltr'>ἐνῆσαν</span> <span class='ocrx_word' id='word_1_237' title='bbox 709 3201 809 3265; x_wconf 85' lang='grc' dir='ltr'><strong>τῆς</strong></span> <span class='ocrx_word' id='word_1_238' title='bbox 865 3195 1003 3250; x_wconf 85' lang='grc' dir='ltr'><strong>κατά</strong></span> <span class='ocrx_word' id='word_1_239' title='bbox 1056 3196 1270 3250; x_wconf 85' lang='grc' dir='ltr'>πάντων</span> <span class='ocrx_word' id='word_1_240' title='bbox 1329 3195 1568 3265; x_wconf 78' lang='grc' dir='ltr'>ἀληθοῦς</span> <span class='ocrx_word' id='word_1_241' title='bbox 1627 3197 1806 3270; x_wconf 77' lang='grc' dir='ltr'>ἀρχῆς</span> <span class='ocrx_word' id='word_1_242' title='bbox 1845 3196 1936 3252; x_wconf 87' lang='grc' dir='ltr'>καὶ</span> 
     </span>
    </p>
   </div>
   <div class='ocr_carea' id='block_1_36' title="bbox 289 3268 2010 3358">
    <p class='ocr_par' dir='ltr' id='par_1_36' title="bbox 289 3268 2010 3358">
     <span class='ocr_line' id='line_1_36' title="bbox 289 3268 2010 3358; baseline -0.003 -19"><span class='ocrx_word' id='word_1_243' title='bbox 289 3283 536 3358; x_wconf 68' lang='grc' dir='ltr'>ἐξουσίας</span> <span class='ocrx_word' id='word_1_244' title='bbox 590 3286 688 3338; x_wconf 90' lang='grc' dir='ltr'><strong>τοῦ</strong></span> <span class='ocrx_word' id='word_1_245' title='bbox 748 3287 1011 3354; x_wconf 86' lang='grc' dir='ltr'>Σωτῆρος</span> <span class='ocrx_word' id='word_1_246' title='bbox 1064 3284 1226 3353; x_wconf 85' lang='grc' dir='ltr'>ἡμῶν</span> <span class='ocrx_word' id='word_1_247' title='bbox 1284 3281 1467 3352; x_wconf 90' lang='grc' dir='ltr'>Ἰησοῦ</span> <span class='ocrx_word' id='word_1_248' title='bbox 1519 3268 1773 3356; x_wconf 78' lang='grc' dir='ltr'>Χριστοῦ.</span> <span class='ocrx_word' id='word_1_249' title='bbox 1835 3281 1934 3337; x_wconf 84' lang='grc' dir='ltr'>Ναὶ</span> <span class='ocrx_word' id='word_1_250' title='bbox 1967 3268 2010 3333; x_wconf 87' lang='lat' dir='ltr'><strong>C</strong></span> 
     </span>
    </p>
   </div>
   <div class='ocr_carea' id='block_1_37' title="bbox 295 3369 1938 3448">
    <p class='ocr_par' dir='ltr' id='par_1_37' title="bbox 295 3369 1938 3448">
     <span class='ocr_line' id='line_1_37' title="bbox 295 3369 1938 3448; baseline -0.002 -20"><span class='ocrx_word' id='word_1_251' title='bbox 295 3375 405 3446; x_wconf 72' lang='grc' dir='ltr'>μὴν</span> <span class='ocrx_word' id='word_1_252' title='bbox 434 3372 663 3428; x_wconf 78' lang='grc' dir='ltr'>καὶτῶν</span> <span class='ocrx_word' id='word_1_253' title='bbox 714 3374 1015 3448; x_wconf 77' lang='grc' dir='ltr'>προφητῶν</span> <span class='ocrx_word' id='word_1_254' title='bbox 1060 3371 1210 3432; x_wconf 76' lang='grc' dir='ltr'>τινας</span> <span class='ocrx_word' id='word_1_255' title='bbox 1262 3369 1527 3437; x_wconf 85' lang='grc' dir='ltr'>Χριστούς</span> <span class='ocrx_word' id='word_1_256' title='bbox 1571 3391 1631 3446; x_wconf 87' lang='grc' dir='ltr'><strong>γε</strong></span> <span class='ocrx_word' id='word_1_257' title='bbox 1679 3371 1812 3425; x_wconf 77' lang='grc' dir='ltr'>εἶναι</span> <span class='ocrx_word' id='word_1_258' title='bbox 1860 3376 1938 3440; x_wconf 89' lang='grc' dir='ltr'>τῷ</span> 
     </span>
    </p>
   </div>
   <div class='ocr_carea' id='block_1_38' title="bbox 292 3459 1937 3536">
    <p class='ocr_par' dir='ltr' id='par_1_38' title="bbox 292 3459 1937 3536">
     <span class='ocr_line' id='line_1_38' title="bbox 292 3459 1937 3536; baseline -0.002 -18"><span class='ocrx_word' id='word_1_259' title='bbox 292 3462 422 3534; x_wconf 85' lang='grc' dir='ltr'>θείῳ</span> <span class='ocrx_word' id='word_1_260' title='bbox 482 3460 759 3534; x_wconf 86' lang='grc' dir='ltr'>Πνεύματι</span> <span class='ocrx_word' id='word_1_261' title='bbox 808 3459 1236 3534; x_wconf 78' lang='grc' dir='ltr'>κατειλήφαμεν.</span> <span class='ocrx_word' id='word_1_262' title='bbox 1288 3461 1394 3516; x_wconf 88' lang='grc' dir='ltr'><strong>Καὶ</strong></span> <span class='ocrx_word' id='word_1_263' title='bbox 1453 3461 1556 3536; x_wconf 80' lang='grc' dir='ltr'><strong>γάρ</strong></span> <span class='ocrx_word' id='word_1_264' title='bbox 1614 3480 1731 3522; x_wconf 89' lang='grc' dir='ltr'><strong>πως</strong></span> <span class='ocrx_word' id='word_1_265' title='bbox 1787 3461 1937 3514; x_wconf 76' lang='grc' dir='ltr'>οὗτοι</span> 
     </span>
    </p>
   </div>
   <div class='ocr_carea' id='block_1_39' title="bbox 292 3548 1941 3626">
    <p class='ocr_par' dir='ltr' id='par_1_39' title="bbox 292 3548 1941 3626">
     <span class='ocr_line' id='line_1_39' title="bbox 292 3548 1941 3626; baseline -0.003 -17"><span class='ocrx_word' id='word_1_266' title='bbox 292 3555 494 3613; x_wconf 80' lang='grc' dir='ltr'>πάντες</span> <span class='ocrx_word' id='word_1_267' title='bbox 523 3551 662 3626; x_wconf 83' lang='grc' dir='ltr'>πρὸς</span> <span class='ocrx_word' id='word_1_268' title='bbox 705 3551 797 3606; x_wconf 86' lang='grc' dir='ltr'>τὸν</span> <span class='ocrx_word' id='word_1_269' title='bbox 847 3551 1012 3624; x_wconf 89' lang='grc' dir='ltr'>μόνον</span> <span class='ocrx_word' id='word_1_270' title='bbox 1057 3548 1316 3624; x_wconf 76' lang='grc' dir='ltr'>ἀρχιερέα</span> <span class='ocrx_word' id='word_1_271' title='bbox 1361 3553 1470 3604; x_wconf 88' lang='grc' dir='ltr'><strong>τῶν</strong></span> <span class='ocrx_word' id='word_1_272' title='bbox 1520 3549 1664 3606; x_wconf 80' lang='grc' dir='ltr'>ὅλων</span> <span class='ocrx_word' id='word_1_273' title='bbox 1713 3551 1803 3605; x_wconf 84' lang='grc' dir='ltr'>καὶ</span> <span class='ocrx_word' id='word_1_274' title='bbox 1832 3551 1941 3605; x_wconf 71' lang='grc' dir='ltr'>πά-</span> 
     </span>
    </p>
   </div>
   <div class='ocr_carea' id='block_1_40' title="bbox 299 3637 1936 3716">
    <p class='ocr_par' dir='ltr' id='par_1_40' title="bbox 299 3637 1936 3716">
     <span class='ocr_line' id='line_1_40' title="bbox 299 3637 1936 3716; baseline -0.002 -20"><span class='ocrx_word' id='word_1_275' title='bbox 299 3662 401 3712; x_wconf 89' lang='grc' dir='ltr'><strong>σης</strong></span> <span class='ocrx_word' id='word_1_276' title='bbox 432 3639 663 3700; x_wconf 87' lang='grc' dir='ltr'>κτίσεως</span> <span class='ocrx_word' id='word_1_277' title='bbox 712 3637 960 3712; x_wconf 75' lang='grc' dir='ltr'>βασιλέα,</span> <span class='ocrx_word' id='word_1_278' title='bbox 992 3638 1082 3693; x_wconf 85' lang='grc' dir='ltr'><strong>καὶ</strong></span> <span class='ocrx_word' id='word_1_279' title='bbox 1133 3639 1298 3712; x_wconf 88' lang='grc' dir='ltr'>μόνον</span> <span class='ocrx_word' id='word_1_280' title='bbox 1331 3641 1619 3716; x_wconf 80' lang='grc' dir='ltr'>προφήτην</span> <span class='ocrx_word' id='word_1_281' title='bbox 1659 3639 1784 3694; x_wconf 84' lang='grc' dir='ltr'>ὐντα</span> <span class='ocrx_word' id='word_1_282' title='bbox 1827 3643 1936 3694; x_wconf 89' lang='grc' dir='ltr'><strong>τῶν</strong></span> 
     </span>
    </p>
   </div>
   <div class='ocr_carea' id='block_1_41' title="bbox 298 3727 1940 3807">
    <p class='ocr_par' dir='ltr' id='par_1_41' title="bbox 298 3727 1940 3807">
     <span class='ocr_line' id='line_1_41' title="bbox 298 3727 1940 3807; baseline -0.002 -22"><span class='ocrx_word' id='word_1_283' title='bbox 298 3733 626 3807; x_wconf 81' lang='grc' dir='ltr'>προφητῶν,</span> <span class='ocrx_word' id='word_1_284' title='bbox 685 3727 778 3783; x_wconf 83' lang='grc' dir='ltr'><strong>τὸν</strong></span> <span class='ocrx_word' id='word_1_285' title='bbox 864 3730 1098 3803; x_wconf 82' lang='grc' dir='ltr'>Σωτῆρα</span> <span class='ocrx_word' id='word_1_286' title='bbox 1171 3728 1430 3800; x_wconf 83' lang='grc' dir='ltr'>Χριστὸν,</span> <span class='ocrx_word' id='word_1_287' title='bbox 1494 3729 1594 3797; x_wconf 79' lang='grc' dir='ltr'>τὴν</span> <span class='ocrx_word' id='word_1_288' title='bbox 1665 3727 1940 3807; x_wconf 83' lang='grc' dir='ltr'>ἀναφορὰν</span> 
     </span>
    </p>
   </div>
   <div class='ocr_carea' id='block_1_42' title="bbox 301 3812 1941 3897">
    <p class='ocr_par' dir='ltr' id='par_1_42' title="bbox 301 3812 1941 3897">
     <span class='ocr_line' id='line_1_42' title="bbox 301 3812 1941 3897; baseline -0.001 -23"><span class='ocrx_word' id='word_1_289' title='bbox 301 3820 476 3897; x_wconf 81' lang='grc' dir='ltr'>εἶχον.</span> <span class='ocrx_word' id='word_1_290' title='bbox 520 3813 822 3886; x_wconf 77' lang='grc' dir='ltr'>’Δπόδειξις</span> <span class='ocrx_word' id='word_1_291' title='bbox 855 3812 902 3870; x_wconf 86' lang='grc' dir='ltr'>δ’</span> <span class='ocrx_word' id='word_1_292' title='bbox 939 3815 1172 3892; x_wconf 72' lang='grc' dir='ltr'>ἐναργὴς</span> <span class='ocrx_word' id='word_1_293' title='bbox 1219 3815 1281 3872; x_wconf 84' lang='grc' dir='ltr'>τὸ</span> <span class='ocrx_word' id='word_1_294' title='bbox 1315 3816 1392 3889; x_wconf 82' lang='grc' dir='ltr'>μὴ</span> <span class='ocrx_word' id='word_1_295' title='bbox 1441 3837 1548 3872; x_wconf 90' lang='grc' dir='ltr'>τινι</span> <span class='ocrx_word' id='word_1_296' title='bbox 1591 3820 1700 3872; x_wconf 88' lang='grc' dir='ltr'><strong>τῶν</strong></span> <span class='ocrx_word' id='word_1_297' title='bbox 1749 3818 1941 3892; x_wconf 82' lang='grc' dir='ltr'>ἀρχιε-</span> 
     </span>
    </p>
   </div>
   <div class='ocr_carea' id='block_1_43' title="bbox 302 3901 1940 3982">
    <p class='ocr_par' dir='ltr' id='par_1_43' title="bbox 302 3901 1940 3982">
     <span class='ocr_line' id='line_1_43' title="bbox 302 3901 1940 3982; baseline -0.001 -20"><span class='ocrx_word' id='word_1_298' title='bbox 302 3907 436 3982; x_wconf 81' lang='grc' dir='ltr'>ρέων</span> <span class='ocrx_word' id='word_1_299' title='bbox 486 3907 579 3962; x_wconf 78' lang='grc' dir='ltr'><strong>καὶ</strong></span> <span class='ocrx_word' id='word_1_300' title='bbox 615 3903 884 3980; x_wconf 86' lang='grc' dir='ltr'>βασιλέων</span> <span class='ocrx_word' id='word_1_301' title='bbox 931 3903 1020 3960; x_wconf 87' lang='grc' dir='ltr'>καί</span> <span class='ocrx_word' id='word_1_302' title='bbox 1068 3910 1386 3982; x_wconf 80' lang='grc' dir='ltr'>προφητῶν,</span> <span class='ocrx_word' id='word_1_303' title='bbox 1423 3911 1532 3962; x_wconf 84' lang='grc' dir='ltr'><strong>τῶν</strong></span> <span class='ocrx_word' id='word_1_304' title='bbox 1584 3901 1940 3979; x_wconf 75' lang='grc' dir='ltr'>συμϐολικῶς</span> 
     </span>
    </p>
   </div>
   <div class='ocr_carea' id='block_1_44' title="bbox 297 3991 1942 4072">
    <p class='ocr_par' dir='ltr' id='par_1_44' title="bbox 297 3991 1942 4072">
     <span class='ocr_line' id='line_1_44' title="bbox 297 3991 1942 4072; baseline -0.001 -20"><span class='ocrx_word' id='word_1_305' title='bbox 297 3994 678 4072; x_wconf 80' lang='grc' dir='ltr'>κεχρισμένων</span> <span class='ocrx_word' id='word_1_306' title='bbox 707 3997 786 4065; x_wconf 83' lang='grc' dir='ltr'><strong>τῷ</strong></span> <span class='ocrx_word' id='word_1_307' title='bbox 835 3991 1042 4049; x_wconf 89' lang='grc' dir='ltr'>τούτου</span> <span class='ocrx_word' id='word_1_308' title='bbox 1095 3993 1349 4066; x_wconf 85' lang='grc' dir='ltr'>ὀνόματι,</span> <span class='ocrx_word' id='word_1_309' title='bbox 1401 3995 1668 4064; x_wconf 73' lang='grc' dir='ltr'>τοσαύτην</span> <span class='ocrx_word' id='word_1_310' title='bbox 1717 4015 1942 4070; x_wconf 87' lang='grc' dir='ltr'>προσγε-</span> 
     </span>
    </p>
   </div>
   <div class='ocr_carea' id='block_1_45' title="bbox 299 4078 1940 4157">
    <p class='ocr_par' dir='ltr' id='par_1_45' title="bbox 299 4078 1940 4157">
     <span class='ocr_line' id='line_1_45' title="bbox 299 4078 1940 4157; baseline -0.001 -17"><span class='ocrx_word' id='word_1_311' title='bbox 299 4086 474 4140; x_wconf 76' lang='grc' dir='ltr'>νέσθαι</span> <span class='ocrx_word' id='word_1_312' title='bbox 509 4081 738 4156; x_wconf 85' lang='grc' dir='ltr'>δύναμιν</span> <span class='ocrx_word' id='word_1_313' title='bbox 769 4078 1040 4144; x_wconf 86' lang='grc' dir='ltr'>θεοειδοῦς</span> <span class='ocrx_word' id='word_1_314' title='bbox 1069 4081 1287 4156; x_wconf 81' lang='grc' dir='ltr'>ἀρετῆς,</span> <span class='ocrx_word' id='word_1_315' title='bbox 1339 4081 1470 4151; x_wconf 77' lang='grc' dir='ltr'>ὅσην</span> <span class='ocrx_word' id='word_1_316' title='bbox 1517 4081 1654 4152; x_wconf 83' lang='grc' dir='ltr'>δῆτα</span> <span class='ocrx_word' id='word_1_317' title='bbox 1685 4083 1713 4138; x_wconf 87' lang='grc' dir='ltr'><strong>ὁ</strong></span> <span class='ocrx_word' id='word_1_318' title='bbox 1747 4083 1940 4157; x_wconf 84' lang='grc' dir='ltr'>Κύριος</span> 
     </span>
    </p>
   </div>
   <div class='ocr_carea' id='block_1_46' title="bbox 298 4167 1943 4247">
    <p class='ocr_par' dir='ltr' id='par_1_46' title="bbox 298 4167 1943 4247">
     <span class='ocr_line' id='line_1_46' title="bbox 298 4167 1943 4247; baseline -0.001 -19"><span class='ocrx_word' id='word_1_319' title='bbox 298 4174 458 4247; x_wconf 68' lang='grc' dir='ltr'>ἡμῶν</span> <span class='ocrx_word' id='word_1_320' title='bbox 529 4173 742 4242; x_wconf 82' lang='grc' dir='ltr'>Ἰησοῦς</span> <span class='ocrx_word' id='word_1_321' title='bbox 797 4169 890 4225; x_wconf 87' lang='grc' dir='ltr'><strong>καὶ</strong></span> <span class='ocrx_word' id='word_1_322' title='bbox 947 4175 1065 4224; x_wconf 65' lang='grc' dir='ltr'><strong>ταῖς⁹</strong></span> <span class='ocrx_word' id='word_1_323' title='bbox 1125 4169 1406 4240; x_wconf 85' lang='grc' dir='ltr'>ἀληθείαις</span> <span class='ocrx_word' id='word_1_324' title='bbox 1462 4167 1632 4234; x_wconf 76' lang='grc' dir='ltr'>ὅντως</span> <span class='ocrx_word' id='word_1_325' title='bbox 1704 4173 1943 4243; x_wconf 83' lang='grc' dir='ltr'>Χριστὸς</span> 
     </span>
    </p>
   </div>
   <div class='ocr_carea' id='block_1_47' title="bbox 299 4252 1940 4333">
    <p class='ocr_par' dir='ltr' id='par_1_47' title="bbox 299 4252 1940 4333">
     <span class='ocr_line' id='line_1_47' title="bbox 299 4252 1940 4333; baseline -0.001 -17"><span class='ocrx_word' id='word_1_326' title='bbox 299 4259 634 4332; x_wconf 76' lang='grc' dir='ltr'>ἐπεδείξατο,</span> <span class='ocrx_word' id='word_1_327' title='bbox 667 4255 878 4313; x_wconf 69' lang='grc' dir='ltr'>θ’ίκοθεν</span> <span class='ocrx_word' id='word_1_328' title='bbox 910 4252 1078 4333; x_wconf 78' lang='grc' dir='ltr'>ἔχων.</span> <span class='ocrx_word' id='word_1_329' title='bbox 1113 4257 1275 4314; x_wconf 85' lang='grc' dir='ltr'>Ἀλλ’</span> <span class='ocrx_word' id='word_1_330' title='bbox 1321 4255 1448 4314; x_wconf 80' lang='grc' dir='ltr'>οὐδέ</span> <span class='ocrx_word' id='word_1_331' title='bbox 1476 4280 1584 4314; x_wconf 89' lang='grc' dir='ltr'>τινι</span> <span class='ocrx_word' id='word_1_332' title='bbox 1631 4263 1738 4314; x_wconf 89' lang='grc' dir='ltr'><strong>τῶν</strong></span> <span class='ocrx_word' id='word_1_333' title='bbox 1772 4261 1940 4314; x_wconf 80' lang='grc' dir='ltr'>ἀπάν-</span> 
     </span>
    </p>
   </div>
   <div class='ocr_carea' id='block_1_48' title="bbox 297 4345 1941 4424">
    <p class='ocr_par' dir='ltr' id='par_1_48' title="bbox 297 4345 1941 4424">
     <span class='ocr_line' id='line_1_48' title="bbox 297 4345 1941 4424; baseline -0.003 -17"><span class='ocrx_word' id='word_1_334' title='bbox 297 4373 405 4407; x_wconf 90' lang='grc' dir='ltr'><strong>των</strong></span> <span class='ocrx_word' id='word_1_335' title='bbox 437 4349 650 4424; x_wconf 83' lang='grc' dir='ltr'>έγένετο</span> <span class='ocrx_word' id='word_1_336' title='bbox 687 4349 816 4408; x_wconf 88' lang='grc' dir='ltr'>τοὺς</span> <span class='ocrx_word' id='word_1_337' title='bbox 865 4347 915 4416; x_wconf 78' lang='grc' dir='ltr'>ἐξ</span> <span class='ocrx_word' id='word_1_338' title='bbox 961 4345 1168 4402; x_wconf 85' lang='grc' dir='ltr'>ἐκείνου</span> <span class='ocrx_word' id='word_1_339' title='bbox 1222 4346 1298 4409; x_wconf 72' lang='grc' dir='ltr'>εἷς</span> <span class='ocrx_word' id='word_1_340' title='bbox 1351 4347 1594 4418; x_wconf 80' lang='grc' dir='ltr'>ὑπήκοον</span> <span class='ocrx_word' id='word_1_341' title='bbox 1641 4349 1941 4404; x_wconf 80' lang='grc' dir='ltr'>καταστάνο</span> 
     </span>
    </p>
   </div>
   <div class='ocr_carea' id='block_1_49' title="bbox 296 4435 1942 4513">
    <p class='ocr_par' dir='ltr' id='par_1_49' title="bbox 296 4435 1942 4513">
     <span class='ocr_line' id='line_1_49' title="bbox 296 4435 1942 4513; baseline -0.001 -21"><span class='ocrx_word' id='word_1_342' title='bbox 296 4461 389 4502; x_wconf 82' lang='grc' dir='ltr'><strong>τας</strong></span> <span class='ocrx_word' id='word_1_343' title='bbox 456 4437 517 4492; x_wconf 83' lang='grc' dir='ltr'><strong>έκ</strong></span> <span class='ocrx_word' id='word_1_344' title='bbox 571 4443 674 4506; x_wconf 87' lang='grc' dir='ltr'><strong>τῆς</strong></span> <span class='ocrx_word' id='word_1_345' title='bbox 766 4435 1038 4504; x_wconf 82' lang='grc' dir='ltr'>εἶκονικῆς</span> <span class='ocrx_word' id='word_1_346' title='bbox 1139 4435 1431 4508; x_wconf 85' lang='grc' dir='ltr'>ὀνομασίας</span> <span class='ocrx_word' id='word_1_347' title='bbox 1515 4442 1942 4513; x_wconf 84' lang='grc' dir='ltr'>προσαγορεῦσαι</span> 
     </span>
    </p>
   </div>
   <div class='ocr_carea' id='block_1_50' title="bbox 303 4522 1944 4604">
    <p class='ocr_par' dir='ltr' id='par_1_50' title="bbox 303 4522 1944 4604">
     <span class='ocr_line' id='line_1_50' title="bbox 303 4522 1944 4604; baseline -0.002 -22"><span class='ocrx_word' id='word_1_348' title='bbox 303 4524 697 4604; x_wconf 75' lang='grc' dir='ltr'>Χριστιανοὺς,</span> <span class='ocrx_word' id='word_1_349' title='bbox 728 4525 820 4580; x_wconf 86' lang='grc' dir='ltr'><strong>καί</strong></span> <span class='ocrx_word' id='word_1_350' title='bbox 860 4525 1008 4579; x_wconf 88' lang='grc' dir='ltr'>ταῦτ’</span> <span class='ocrx_word' id='word_1_351' title='bbox 1056 4522 1293 4580; x_wconf 77' lang='grc' dir='ltr'>ἐπιπολὺ</span> <span class='ocrx_word' id='word_1_352' title='bbox 1342 4523 1502 4596; x_wconf 78' lang='grc' dir='ltr'>δόξης</span> <span class='ocrx_word' id='word_1_353' title='bbox 1540 4545 1599 4580; x_wconf 87' lang='grc' dir='ltr'><strong>τε</strong></span> <span class='ocrx_word' id='word_1_354' title='bbox 1644 4528 1734 4580; x_wconf 81' lang='grc' dir='ltr'>καὶ</span> <span class='ocrx_word' id='word_1_355' title='bbox 1777 4533 1944 4600; x_wconf 82' lang='grc' dir='ltr'>τιμῆς</span> 
     </span>
    </p>
   </div>
   <div class='ocr_carea' id='block_1_51' title="bbox 2043 618 3689 690">
    <p class='ocr_par' dir='ltr' id='par_1_51' title="bbox 2043 618 3689 690">
     <span class='ocr_line' id='line_1_51' title="bbox 2043 618 3689 690; baseline -0.001 -14"><span class='ocrx_word' id='word_1_356' title='bbox 2043 621 2326 678; x_wconf 91' lang='lat' dir='ltr'><strong>excellens</strong></span> <span class='ocrx_word' id='word_1_357' title='bbox 2382 637 2511 677; x_wconf 84' lang='lat' dir='ltr'><strong>esse</strong></span> <span class='ocrx_word' id='word_1_358' title='bbox 2561 621 2768 676; x_wconf 88' lang='lat' dir='ltr'><strong>ducem</strong></span> <span class='ocrx_word' id='word_1_359' title='bbox 2820 623 2878 674; x_wconf 90' lang='lat' dir='ltr'><strong>et</strong></span> <span class='ocrx_word' id='word_1_360' title='bbox 2927 618 3273 690; x_wconf 76' lang='lat' dir='ltr'><strong>principem.</strong></span> <span class='ocrx_word' id='word_1_361' title='bbox 3325 622 3503 675; x_wconf 91' lang='lat' dir='ltr'><strong>Porro</strong></span> <span class='ocrx_word' id='word_1_362' title='bbox 3549 618 3689 676; x_wconf 86' lang='lat' dir='ltr'><strong>Jesu</strong></span> 
     </span>
    </p>
   </div>
   <div class='ocr_carea' id='block_1_52' title="bbox 2043 709 3692 784">
    <p class='ocr_par' dir='ltr' id='par_1_52' title="bbox 2043 709 3692 784">
     <span class='ocr_line' id='line_1_52' title="bbox 2043 709 3692 784; baseline -0.001 -19"><span class='ocrx_word' id='word_1_363' title='bbox 2043 726 2276 782; x_wconf 90' lang='lat' dir='ltr'><strong>quoque</strong></span> <span class='ocrx_word' id='word_1_364' title='bbox 2306 710 2872 784; x_wconf 86' lang='lat' dir='ltr'><strong>cognominationem</strong></span> <span class='ocrx_word' id='word_1_365' title='bbox 2905 709 3026 780; x_wconf 89' lang='lat' dir='ltr'><strong>ipse</strong></span> <span class='ocrx_word' id='word_1_366' title='bbox 3048 711 3276 780; x_wconf 87' lang='lat' dir='ltr'><strong>primus</strong></span> <span class='ocrx_word' id='word_1_367' title='bbox 3306 710 3498 766; x_wconf 90' lang='lat' dir='ltr'><strong>divino</strong></span> <span class='ocrx_word' id='word_1_368' title='bbox 3529 709 3692 764; x_wconf 80' lang='lat' dir='ltr'><strong>afﬂa-</strong></span> 
     </span>
    </p>
   </div>
   <div class='ocr_carea' id='block_1_53' title="bbox 2039 797 3692 870">
    <p class='ocr_par' dir='ltr' id='par_1_53' title="bbox 2039 797 3692 870">
     <span class='ocr_line' id='line_1_53' title="bbox 2039 797 3692 870; baseline 0.001 -17"><span class='ocrx_word' id='word_1_369' title='bbox 2039 801 2139 856; x_wconf 83' lang='lat' dir='ltr'><strong>tus</strong></span> <span class='ocrx_word' id='word_1_370' title='bbox 2169 799 2440 869; x_wconf 89' lang='lat' dir='ltr'><strong>Spiritus,</strong></span> <span class='ocrx_word' id='word_1_371' title='bbox 2471 815 2604 856; x_wconf 89' lang='lat' dir='ltr'><strong>cum</strong></span> <span class='ocrx_word' id='word_1_372' title='bbox 2638 813 2938 870; x_wconf 79' lang='lat' dir='ltr'><strong>nunquam</strong></span> <span class='ocrx_word' id='word_1_373' title='bbox 2981 801 3152 853; x_wconf 86' lang='lat' dir='ltr'><strong>antea</strong></span> <span class='ocrx_word' id='word_1_374' title='bbox 3198 797 3310 852; x_wconf 89' lang='lat' dir='ltr'><strong>hoc</strong></span> <span class='ocrx_word' id='word_1_375' title='bbox 3343 813 3556 854; x_wconf 87' lang='lat' dir='ltr'><strong>nomen</strong></span> <span class='ocrx_word' id='word_1_376' title='bbox 3585 815 3692 854; x_wconf 83' lang='lat' dir='ltr'><strong>au-</strong></span> 
     </span>
    </p>
   </div>
   <div class='ocr_carea' id='block_1_54' title="bbox 2043 883 3683 955">
    <p class='ocr_par' dir='ltr' id='par_1_54' title="bbox 2043 883 3683 955">
     <span class='ocr_line' id='line_1_54' title="bbox 2043 883 3683 955; baseline 0 -15"><span class='ocrx_word' id='word_1_377' title='bbox 2043 884 2234 941; x_wconf 89' lang='lat' dir='ltr'><strong>ditum</strong></span> <span class='ocrx_word' id='word_1_378' title='bbox 2281 886 2509 955; x_wconf 75' lang='lat' dir='ltr'><strong>fuisset,</strong></span> <span class='ocrx_word' id='word_1_379' title='bbox 2573 885 2688 941; x_wconf 81' lang='lat' dir='ltr'><strong>lilio</strong></span> <span class='ocrx_word' id='word_1_380' title='bbox 2746 885 2901 940; x_wconf 85' lang='lat' dir='ltr'><strong>Nave</strong></span> <span class='ocrx_word' id='word_1_381' title='bbox 2953 885 3064 940; x_wconf 89' lang='lat' dir='ltr'><strong>soli</strong></span> <span class='ocrx_word' id='word_1_382' title='bbox 3107 883 3397 955; x_wconf 83' lang='lat' dir='ltr'><strong>sapienter</strong></span> <span class='ocrx_word' id='word_1_383' title='bbox 3429 885 3683 940; x_wconf 78' lang='lat' dir='ltr'><strong>indidit:</strong></span> 
     </span>
    </p>
   </div>
   <div class='ocr_carea' id='block_1_55' title="bbox 2042 973 3690 1046">
    <p class='ocr_par' dir='ltr' id='par_1_55' title="bbox 2042 973 3690 1046">
     <span class='ocr_line' id='line_1_55' title="bbox 2042 973 3690 1046; baseline 0.001 -17"><span class='ocrx_word' id='word_1_384' title='bbox 2042 974 2221 1030; x_wconf 88' lang='lat' dir='ltr'><strong>veluti</strong></span> <span class='ocrx_word' id='word_1_385' title='bbox 2259 976 2636 1046; x_wconf 69' lang='lat' dir='ltr'><strong>praecipuum,</strong></span> <span class='ocrx_word' id='word_1_386' title='bbox 2668 979 2728 1030; x_wconf 89' lang='lat' dir='ltr'><strong>et</strong></span> <span class='ocrx_word' id='word_1_387' title='bbox 2758 973 2917 1046; x_wconf 91' lang='lat' dir='ltr'><strong>regio</strong></span> <span class='ocrx_word' id='word_1_388' title='bbox 2958 973 3288 1029; x_wconf 76' lang='lat' dir='ltr'><strong>diademate</strong></span> <span class='ocrx_word' id='word_1_389' title='bbox 3329 975 3690 1043; x_wconf 72' lang='lat' dir='ltr'><strong>praestantio-</strong></span> 
     </span>
    </p>
   </div>
   <div class='ocr_carea' id='block_1_56' title="bbox 2045 1059 3688 1134">
    <p class='ocr_par' dir='ltr' id='par_1_56' title="bbox 2045 1059 3688 1134">
     <span class='ocr_line' id='line_1_56' title="bbox 2045 1059 3688 1134; baseline 0.001 -17"><span class='ocrx_word' id='word_1_390' title='bbox 2045 1078 2166 1118; x_wconf 88' lang='lat' dir='ltr'><strong>rem</strong></span> <span class='ocrx_word' id='word_1_391' title='bbox 2223 1063 2739 1134; x_wconf 82' lang='lat' dir='ltr'><strong>perfectioremque</strong></span> <span class='ocrx_word' id='word_1_392' title='bbox 2797 1062 3076 1118; x_wconf 82' lang='lat' dir='ltr'><strong>honorem</strong></span> <span class='ocrx_word' id='word_1_393' title='bbox 3133 1059 3219 1116; x_wconf 88' lang='lat' dir='ltr'><strong>illi</strong></span> <span class='ocrx_word' id='word_1_394' title='bbox 3276 1061 3518 1130; x_wconf 89' lang='lat' dir='ltr'><strong>habens,</strong></span> <span class='ocrx_word' id='word_1_395' title='bbox 3582 1061 3688 1120; x_wconf 72' lang='lat'><strong>49</strong></span> 
     </span>
    </p>
   </div>
   <div class='ocr_carea' id='block_1_57' title="bbox 2045 1149 3686 1224">
    <p class='ocr_par' dir='ltr' id='par_1_57' title="bbox 2045 1149 3686 1224">
     <span class='ocr_line' id='line_1_57' title="bbox 2045 1149 3686 1224; baseline 0.001 -18"><span class='ocrx_word' id='word_1_396' title='bbox 2045 1166 2219 1220; x_wconf 86' lang='lat' dir='ltr'><strong>quem</strong></span> <span class='ocrx_word' id='word_1_397' title='bbox 2251 1167 2354 1224; x_wconf 90' lang='lat' dir='ltr'><strong>per</strong></span> <span class='ocrx_word' id='word_1_398' title='bbox 2379 1151 2639 1224; x_wconf 78' lang='lat' dir='ltr'><strong>symbols</strong></span> <span class='ocrx_word' id='word_1_399' title='bbox 2667 1154 3032 1222; x_wconf 90' lang='lat' dir='ltr'><strong>cognoverat,</strong></span> <span class='ocrx_word' id='word_1_400' title='bbox 3075 1153 3204 1220; x_wconf 89' lang='lat' dir='ltr'><strong>post</strong></span> <span class='ocrx_word' id='word_1_401' title='bbox 3251 1149 3476 1206; x_wconf 90' lang='lat' dir='ltr'><strong>obitum</strong></span> <span class='ocrx_word' id='word_1_402' title='bbox 3511 1167 3686 1207; x_wconf 88' lang='lat' dir='ltr'><strong>suum</strong></span> 
     </span>
    </p>
   </div>
   <div class='ocr_carea' id='block_1_58' title="bbox 2045 1238 3688 1310">
    <p class='ocr_par' dir='ltr' id='par_1_58' title="bbox 2045 1238 3688 1310">
     <span class='ocr_line' id='line_1_58' title="bbox 2045 1238 3688 1310; baseline 0.001 -17"><span class='ocrx_word' id='word_1_403' title='bbox 2045 1238 2354 1310; x_wconf 89' lang='lat' dir='ltr'><strong>imperium</strong></span> <span class='ocrx_word' id='word_1_404' title='bbox 2400 1239 2461 1295; x_wconf 89' lang='lat' dir='ltr'><strong>in</strong></span> <span class='ocrx_word' id='word_1_405' title='bbox 2509 1255 2714 1296; x_wconf 86' lang='lat' dir='ltr'><strong>omnes</strong></span> <span class='ocrx_word' id='word_1_406' title='bbox 2743 1246 3151 1310; x_wconf 88' lang='lat' dir='ltr'><strong>suscepturum</strong></span> <span class='ocrx_word' id='word_1_407' title='bbox 3186 1253 3335 1294; x_wconf 87' lang='lat' dir='ltr'><strong>esse.</strong></span> <span class='ocrx_word' id='word_1_408' title='bbox 3369 1239 3688 1310; x_wconf 84' lang='lat' dir='ltr'><strong>imaginem</strong></span> 
     </span>
    </p>
   </div>
   <div class='ocr_carea' id='block_1_59' title="bbox 2043 1325 3688 1382">
    <p class='ocr_par' dir='ltr' id='par_1_59' title="bbox 2043 1325 3688 1382">
     <span class='ocr_line' id='line_1_59' title="bbox 2043 1325 3688 1382; baseline 0 -2"><span class='ocrx_word' id='word_1_409' title='bbox 2043 1326 2203 1382; x_wconf 87' lang='lat' dir='ltr'><strong>enim</strong></span> <span class='ocrx_word' id='word_1_410' title='bbox 2249 1326 2418 1382; x_wconf 87' lang='lat' dir='ltr'><strong>Jesus</strong></span> <span class='ocrx_word' id='word_1_411' title='bbox 2465 1327 2622 1382; x_wconf 83' lang='lat' dir='ltr'><strong>Nave</strong></span> <span class='ocrx_word' id='word_1_412' title='bbox 2667 1325 2823 1382; x_wconf 87' lang='lat' dir='ltr'><strong>ﬁlius</strong></span> <span class='ocrx_word' id='word_1_413' title='bbox 2863 1325 3182 1382; x_wconf 84' lang='lat' dir='ltr'><strong>Servatoris</strong></span> <span class='ocrx_word' id='word_1_414' title='bbox 3213 1327 3393 1382; x_wconf 81' lang='lat' dir='ltr'><strong>nostri</strong></span> <span class='ocrx_word' id='word_1_415' title='bbox 3423 1326 3642 1382; x_wconf 83' lang='lat' dir='ltr'><strong>ferebat</strong></span> <span class='ocrx_word' id='word_1_416' title='bbox 3675 1343 3688 1380; x_wconf 92' lang='lat'>:</span> 
     </span>
    </p>
   </div>
   <div class='ocr_carea' id='block_1_60' title="bbox 2046 1415 3684 1488">
    <p class='ocr_par' dir='ltr' id='par_1_60' title="bbox 2046 1415 3684 1488">
     <span class='ocr_line' id='line_1_60' title="bbox 2046 1415 3684 1488; baseline -0.001 -17"><span class='ocrx_word' id='word_1_417' title='bbox 2046 1415 2144 1487; x_wconf 88' lang='lat' dir='ltr'><strong>qui</strong></span> <span class='ocrx_word' id='word_1_418' title='bbox 2198 1431 2354 1471; x_wconf 92' lang='lat' dir='ltr'><strong>unus</strong></span> <span class='ocrx_word' id='word_1_419' title='bbox 2383 1421 2514 1488; x_wconf 90' lang='lat' dir='ltr'><strong>post</strong></span> <span class='ocrx_word' id='word_1_420' title='bbox 2543 1417 2742 1473; x_wconf 82' lang='lat' dir='ltr'><strong>Mosen</strong></span> <span class='ocrx_word' id='word_1_421' title='bbox 2775 1419 2949 1486; x_wconf 88' lang='lat' dir='ltr'><strong>atque</strong></span> <span class='ocrx_word' id='word_1_422' title='bbox 2975 1415 3488 1472; x_wconf 86' lang='lat' dir='ltr'><strong>consumationem</strong></span> <span class='ocrx_word' id='word_1_423' title='bbox 3521 1433 3684 1488; x_wconf 80' lang='lat' dir='ltr'><strong>sym—</strong></span> 
     </span>
    </p>
   </div>
   <div class='ocr_carea' id='block_1_61' title="bbox 2047 1503 3692 1576">
    <p class='ocr_par' dir='ltr' id='par_1_61' title="bbox 2047 1503 3692 1576">
     <span class='ocr_line' id='line_1_61' title="bbox 2047 1503 3692 1576; baseline -0.002 -14"><span class='ocrx_word' id='word_1_424' title='bbox 2047 1505 2218 1562; x_wconf 84' lang='lat' dir='ltr'><strong>bolioi</strong></span> <span class='ocrx_word' id='word_1_425' title='bbox 2268 1505 2713 1576; x_wconf 89' lang='lat' dir='ltr'><strong>umbratilisque</strong></span> <span class='ocrx_word' id='word_1_426' title='bbox 2761 1505 2952 1561; x_wconf 88' lang='lat' dir='ltr'><strong>cultus</strong></span> <span class='ocrx_word' id='word_1_427' title='bbox 2990 1503 3148 1560; x_wconf 89' lang='lat' dir='ltr'><strong>illius</strong></span> <span class='ocrx_word' id='word_1_428' title='bbox 3181 1519 3426 1576; x_wconf 83' lang='lat' dir='ltr'><strong>regnum</strong></span> <span class='ocrx_word' id='word_1_429' title='bbox 3459 1520 3605 1560; x_wconf 63' lang='lat' dir='ltr'><strong>verm</strong></span> <span class='ocrx_word' id='word_1_430' title='bbox 3634 1509 3692 1560; x_wconf 89' lang='lat' dir='ltr'><strong>et</strong></span> 
     </span>
    </p>
   </div>
   <div class='ocr_carea' id='block_1_62' title="bbox 2047 1593 3689 1666">
    <p class='ocr_par' dir='ltr' id='par_1_62' title="bbox 2047 1593 3689 1666">
     <span class='ocr_line' id='line_1_62' title="bbox 2047 1593 3689 1666; baseline 0 -17"><span class='ocrx_word' id='word_1_431' title='bbox 2047 1593 2292 1650; x_wconf 87' lang='lat' dir='ltr'><strong>illustris</strong></span> <span class='ocrx_word' id='word_1_432' title='bbox 2340 1593 2571 1666; x_wconf 89' lang='lat' dir='ltr'><strong>pietatis</strong></span> <span class='ocrx_word' id='word_1_433' title='bbox 2612 1593 2922 1650; x_wconf 83' lang='lat' dir='ltr'><strong>manifesto</strong></span> <span class='ocrx_word' id='word_1_434' title='bbox 2951 1593 3226 1666; x_wconf 87' lang='lat' dir='ltr'><strong>suscepit.</strong></span> <span class='ocrx_word' id='word_1_435' title='bbox 3256 1593 3443 1650; x_wconf 86' lang='lat' dir='ltr'><strong>Moses</strong></span> <span class='ocrx_word' id='word_1_436' title='bbox 3474 1595 3689 1666; x_wconf 82' lang='lat' dir='ltr'><strong>itaque,</strong></span> 
     </span>
    </p>
   </div>
   <div class='ocr_carea' id='block_1_63' title="bbox 2049 1681 3692 1754">
    <p class='ocr_par' dir='ltr' id='par_1_63' title="bbox 2049 1681 3692 1754">
     <span class='ocr_line' id='line_1_63' title="bbox 2049 1681 3692 1754; baseline -0.001 -14"><span class='ocrx_word' id='word_1_437' title='bbox 2049 1691 2111 1740; x_wconf 89' lang='lat' dir='ltr'><strong>ut</strong></span> <span class='ocrx_word' id='word_1_438' title='bbox 2139 1683 2279 1744; x_wconf 85' lang='lat' dir='ltr'><strong>dixi.</strong></span> <span class='ocrx_word' id='word_1_439' title='bbox 2311 1683 2602 1740; x_wconf 84' lang='lat' dir='ltr'><strong>distinctis</strong></span> <span class='ocrx_word' id='word_1_440' title='bbox 2639 1683 2960 1738; x_wconf 88' lang='lat' dir='ltr'><strong>Servatoris</strong></span> <span class='ocrx_word' id='word_1_441' title='bbox 2993 1681 3173 1738; x_wconf 85' lang='lat' dir='ltr'><strong>nostri</strong></span> <span class='ocrx_word' id='word_1_442' title='bbox 3205 1681 3692 1754; x_wconf 84' lang='lat' dir='ltr'><strong>appellationibus</strong></span> 
     </span>
    </p>
   </div>
   <div class='ocr_carea' id='block_1_64' title="bbox 2049 1769 3693 1844">
    <p class='ocr_par' dir='ltr' id='par_1_64' title="bbox 2049 1769 3693 1844">
     <span class='ocr_line' id='line_1_64' title="bbox 2049 1769 3693 1844; baseline -0.002 -15"><span class='ocrx_word' id='word_1_443' title='bbox 2049 1788 2196 1844; x_wconf 85' lang='lat' dir='ltr'><strong>quas</strong></span> <span class='ocrx_word' id='word_1_444' title='bbox 2244 1789 2473 1829; x_wconf 88' lang='lat' dir='ltr'><strong>summo</strong></span> <span class='ocrx_word' id='word_1_445' title='bbox 2523 1771 2742 1828; x_wconf 90' lang='lat' dir='ltr'><strong>honore</strong></span> <span class='ocrx_word' id='word_1_446' title='bbox 2789 1775 2846 1828; x_wconf 91' lang='lat' dir='ltr'><strong>et</strong></span> <span class='ocrx_word' id='word_1_447' title='bbox 2873 1770 3056 1838; x_wconf 80' lang='lat' dir='ltr'><strong>gloria</strong></span> <span class='ocrx_word' id='word_1_448' title='bbox 3084 1769 3290 1826; x_wconf 86' lang='lat' dir='ltr'><strong>extulit</strong></span> <span class='ocrx_word' id='word_1_449' title='bbox 3320 1775 3377 1826; x_wconf 90' lang='lat' dir='ltr'><strong>et</strong></span> <span class='ocrx_word' id='word_1_450' title='bbox 3405 1771 3693 1826; x_wconf 87' lang='lat' dir='ltr'><strong>condeco—</strong></span> 
     </span>
    </p>
   </div>
   <div class='ocr_carea' id='block_1_65' title="bbox 2048 1859 3690 1934">
    <p class='ocr_par' dir='ltr' id='par_1_65' title="bbox 2048 1859 3690 1934">
     <span class='ocr_line' id='line_1_65' title="bbox 2048 1859 3690 1934; baseline -0.002 -16"><span class='ocrx_word' id='word_1_451' title='bbox 2048 1863 2214 1930; x_wconf 87' lang='lat' dir='ltr'><strong>ravit,</strong></span> <span class='ocrx_word' id='word_1_452' title='bbox 2267 1861 2522 1934; x_wconf 81' lang='lat' dir='ltr'><strong>pontiﬁci</strong></span> <span class='ocrx_word' id='word_1_453' title='bbox 2577 1862 2832 1933; x_wconf 85' lang='lat' dir='ltr'><strong>quidem,</strong></span> <span class='ocrx_word' id='word_1_454' title='bbox 2886 1859 3136 1926; x_wconf 85' lang='lat' dir='ltr'><strong>Christi;</strong></span> <span class='ocrx_word' id='word_1_455' title='bbox 3185 1859 3508 1916; x_wconf 81' lang='lat' dir='ltr'><strong>successori</strong></span> <span class='ocrx_word' id='word_1_456' title='bbox 3556 1875 3690 1915; x_wconf 90' lang='lat' dir='ltr'><strong>vero</strong></span> 
     </span>
    </p>
   </div>
   <div class='ocr_carea' id='block_1_66' title="bbox 2045 1948 3690 2020">
    <p class='ocr_par' dir='ltr' id='par_1_66' title="bbox 2045 1948 3690 2020">
     <span class='ocr_line' id='line_1_66' title="bbox 2045 1948 3690 2020; baseline -0.003 -13"><span class='ocrx_word' id='word_1_457' title='bbox 2045 1967 2152 2008; x_wconf 91' lang='lat' dir='ltr'><strong>suo</strong></span> <span class='ocrx_word' id='word_1_458' title='bbox 2185 1951 2336 2018; x_wconf 90' lang='lat' dir='ltr'><strong>duci,</strong></span> <span class='ocrx_word' id='word_1_459' title='bbox 2366 1951 2506 2006; x_wconf 86' lang='lat' dir='ltr'><strong>Jesu</strong></span> <span class='ocrx_word' id='word_1_460' title='bbox 2543 1967 2755 2006; x_wconf 90' lang='lat' dir='ltr'><strong>nomen</strong></span> <span class='ocrx_word' id='word_1_461' title='bbox 2787 1948 3392 2020; x_wconf 80' lang='lat' dir='ltr'><strong>magniﬁcentissime,</strong></span> <span class='ocrx_word' id='word_1_462' title='bbox 3425 1965 3538 2004; x_wconf 89' lang='lat' dir='ltr'><strong>non</strong></span> <span class='ocrx_word' id='word_1_463' title='bbox 3565 1948 3690 2004; x_wconf 89' lang='lat' dir='ltr'><strong>sine</strong></span> 
     </span>
    </p>
   </div>
   <div class='ocr_carea' id='block_1_67' title="bbox 2043 2037 3693 2112">
    <p class='ocr_par' dir='ltr' id='par_1_67' title="bbox 2043 2037 3693 2112">
     <span class='ocr_line' id='line_1_67' title="bbox 2043 2037 3693 2112; baseline -0.003 -15"><span class='ocrx_word' id='word_1_464' title='bbox 2043 2056 2252 2098; x_wconf 84' lang='lat' dir='ltr'><strong>arcano</strong></span> <span class='ocrx_word' id='word_1_465' title='bbox 2300 2045 2358 2095; x_wconf 90' lang='lat' dir='ltr'><strong>et</strong></span> <span class='ocrx_word' id='word_1_466' title='bbox 2403 2039 2628 2110; x_wconf 86' lang='lat' dir='ltr'><strong>ingenti</strong></span> <span class='ocrx_word' id='word_1_467' title='bbox 2677 2039 2982 2112; x_wconf 85' lang='lat' dir='ltr'><strong>mysterio,</strong></span> <span class='ocrx_word' id='word_1_468' title='bbox 3033 2037 3259 2094; x_wconf 87' lang='lat' dir='ltr'><strong>tribuit.</strong></span> <span class='ocrx_word' id='word_1_469' title='bbox 3293 2037 3444 2104; x_wconf 88' lang='lat' dir='ltr'><strong>Quin</strong></span> <span class='ocrx_word' id='word_1_470' title='bbox 3493 2045 3548 2092; x_wconf 91' lang='lat' dir='ltr'><strong>et</strong></span> <span class='ocrx_word' id='word_1_471' title='bbox 3594 2037 3693 2092; x_wconf 83' lang='lat' dir='ltr'><strong>alii</strong></span> 
     </span>
    </p>
   </div>
   <div class='ocr_carea' id='block_1_68' title="bbox 2042 2126 3697 2201">
    <p class='ocr_par' dir='ltr' id='par_1_68' title="bbox 2042 2126 3697 2201">
     <span class='ocr_line' id='line_1_68' title="bbox 2042 2126 3697 2201; baseline -0.001 -17"><span class='ocrx_word' id='word_1_472' title='bbox 2042 2133 2171 2201; x_wconf 85' lang='lat' dir='ltr'><strong>post</strong></span> <span class='ocrx_word' id='word_1_473' title='bbox 2197 2128 2366 2183; x_wconf 90' lang='lat' dir='ltr'><strong>illum</strong></span> <span class='ocrx_word' id='word_1_474' title='bbox 2400 2127 2713 2200; x_wconf 60' lang='lat' dir='ltr'><strong>propheta),</strong></span> <span class='ocrx_word' id='word_1_475' title='bbox 2747 2133 2946 2198; x_wconf 88' lang='lat' dir='ltr'><strong>aperte</strong></span> <span class='ocrx_word' id='word_1_476' title='bbox 2973 2135 3028 2183; x_wconf 88' lang='lat' dir='ltr'><strong>et</strong></span> <span class='ocrx_word' id='word_1_477' title='bbox 3057 2126 3460 2199; x_wconf 85' lang='lat' dir='ltr'><strong>signiﬁcanter</strong></span> <span class='ocrx_word' id='word_1_478' title='bbox 3492 2129 3697 2183; x_wconf 82' lang='lat' dir='ltr'><strong>admo-</strong></span> 
     </span>
    </p>
   </div>
   <div class='ocr_carea' id='block_1_69' title="bbox 2042 2215 3692 2286">
    <p class='ocr_par' dir='ltr' id='par_1_69' title="bbox 2042 2215 3692 2286">
     <span class='ocr_line' id='line_1_69' title="bbox 2042 2215 3692 2286; baseline -0.002 -13"><span class='ocrx_word' id='word_1_479' title='bbox 2042 2218 2203 2284; x_wconf 90' lang='lat' dir='ltr'><strong>dum,</strong></span> <span class='ocrx_word' id='word_1_480' title='bbox 2251 2218 2615 2274; x_wconf 89' lang='lat' dir='ltr'><strong>Servatorem</strong></span> <span class='ocrx_word' id='word_1_481' title='bbox 2665 2216 2963 2272; x_wconf 82' lang='lat' dir='ltr'><strong>Christum</strong></span> <span class='ocrx_word' id='word_1_482' title='bbox 3014 2217 3412 2274; x_wconf 87' lang='lat' dir='ltr'><strong>nominarunt.</strong></span> <span class='ocrx_word' id='word_1_483' title='bbox 3448 2215 3692 2286; x_wconf 74' lang='lat' dir='ltr'><strong>Spiritus</strong></span> 
     </span>
    </p>
   </div>
   <div class='ocr_carea' id='block_1_70' title="bbox 2041 2304 3689 2377">
    <p class='ocr_par' dir='ltr' id='par_1_70' title="bbox 2041 2304 3689 2377">
     <span class='ocr_line' id='line_1_70' title="bbox 2041 2304 3689 2377; baseline -0.002 -15"><span class='ocrx_word' id='word_1_484' title='bbox 2041 2306 2212 2373; x_wconf 69' lang='lat' dir='ltr'><strong>enim,</strong></span> <span class='ocrx_word' id='word_1_485' title='bbox 2243 2306 2439 2377; x_wconf 88' lang='lat' dir='ltr'><strong>inquit</strong></span> <span class='ocrx_word' id='word_1_486' title='bbox 2465 2305 2773 2374; x_wconf 89' lang='lat' dir='ltr'><strong>Jeremias,</strong></span> <span class='ocrx_word' id='word_1_487' title='bbox 2803 2314 2932 2360; x_wconf 76' lang='lat' dir='ltr'><strong>ante</strong></span> <span class='ocrx_word' id='word_1_488' title='bbox 2957 2305 3159 2375; x_wconf 81' lang='lat' dir='ltr'><strong>faciem</strong></span> <span class='ocrx_word' id='word_1_489' title='bbox 3202 2308 3443 2360; x_wconf 80' lang='lat' dir='ltr'><strong>nostram</strong></span> <span class='ocrx_word' id='word_1_490' title='bbox 3474 2321 3494 2360; x_wconf 89' lang='lat'><strong><em>:</em></strong></span> <span class='ocrx_word' id='word_1_491' title='bbox 3527 2304 3689 2360; x_wconf 83' lang='lat' dir='ltr'><strong>Chri-</strong></span> 
     </span>
    </p>
   </div>
   <div class='ocr_carea' id='block_1_71' title="bbox 2040 2393 3692 2466">
    <p class='ocr_par' dir='ltr' id='par_1_71' title="bbox 2040 2393 3692 2466">
     <span class='ocr_line' id='line_1_71' title="bbox 2040 2393 3692 2466; baseline -0.001 -15"><span class='ocrx_word' id='word_1_492' title='bbox 2040 2402 2154 2452; x_wconf 79' lang='lat' dir='ltr'><strong>stus</strong></span> <span class='ocrx_word' id='word_1_493' title='bbox 2209 2396 2479 2452; x_wconf 67' lang='lat' dir='ltr'><strong>Dominus</strong></span> <span class='ocrx_word' id='word_1_494' title='bbox 2530 2393 2948 2466; x_wconf 75' lang='lat' dir='ltr'><strong>comprehensus</strong></span> <span class='ocrx_word' id='word_1_495' title='bbox 3009 2400 3089 2449; x_wconf 74' lang='lat' dir='ltr'><strong>est</strong></span> <span class='ocrx_word' id='word_1_496' title='bbox 3132 2395 3196 2448; x_wconf 78' lang='lat' dir='ltr'><strong>in</strong></span> <span class='ocrx_word' id='word_1_497' title='bbox 3251 2394 3692 2460; x_wconf 77' lang='lat' dir='ltr'><strong>corruptionibus</strong></span> 
     </span>
    </p>
   </div>
   <div class='ocr_carea' id='block_1_72' title="bbox 2040 2482 3694 2552">
    <p class='ocr_par' dir='ltr' id='par_1_72' title="bbox 2040 2482 3694 2552">
     <span class='ocr_line' id='line_1_72' title="bbox 2040 2482 3694 2552; baseline -0.001 -10"><span class='ocrx_word' id='word_1_498' title='bbox 2040 2501 2231 2542; x_wconf 81' lang='lat' dir='ltr'><strong>eorum</strong></span> <span class='ocrx_word' id='word_1_499' title='bbox 2255 2484 2297 2542; x_wconf 67' lang='grc' dir='ltr'><strong>δ.</strong></span> <span class='ocrx_word' id='word_1_500' title='bbox 2328 2489 2394 2539; x_wconf 82' lang='grc' dir='ltr'>Ει</span> <span class='ocrx_word' id='word_1_501' title='bbox 2440 2483 2621 2540; x_wconf 88' lang='lat' dir='ltr'><strong>David</strong></span> <span class='ocrx_word' id='word_1_502' title='bbox 2661 2501 2676 2543; x_wconf 88' lang='lat'><strong>:</strong></span> <span class='ocrx_word' id='word_1_503' title='bbox 2709 2485 3043 2551; x_wconf 75' lang='lat' dir='ltr'><strong>Astiterunt,</strong></span> <span class='ocrx_word' id='word_1_504' title='bbox 3084 2482 3186 2550; x_wconf 83' lang='lat' dir='ltr'><strong>ait,</strong></span> <span class='ocrx_word' id='word_1_505' title='bbox 3220 2498 3372 2552; x_wconf 78' lang='lat' dir='ltr'><strong>reges</strong></span> <span class='ocrx_word' id='word_1_506' title='bbox 3421 2486 3605 2548; x_wconf 66' lang='lat' dir='ltr'><strong>terrae,</strong></span> <span class='ocrx_word' id='word_1_507' title='bbox 3639 2491 3694 2540; x_wconf 80' lang='lat' dir='ltr'><strong>et</strong></span> 
     </span>
    </p>
   </div>
   <div class='ocr_carea' id='block_1_73' title="bbox 2044 2571 3690 2645">
    <p class='ocr_par' dir='ltr' id='par_1_73' title="bbox 2044 2571 3690 2645">
     <span class='ocr_line' id='line_1_73' title="bbox 2044 2571 3690 2645; baseline -0.002 -16"><span class='ocrx_word' id='word_1_508' title='bbox 2044 2576 2315 2645; x_wconf 70' lang='lat' dir='ltr'><strong>principes</strong></span> <span class='ocrx_word' id='word_1_509' title='bbox 2359 2580 2730 2630; x_wconf 73' lang='lat' dir='ltr'><strong>convenerunt</strong></span> <span class='ocrx_word' id='word_1_510' title='bbox 2758 2573 2819 2628; x_wconf 85' lang='lat' dir='ltr'><strong>in</strong></span> <span class='ocrx_word' id='word_1_511' title='bbox 2851 2589 3042 2639; x_wconf 86' lang='lat' dir='ltr'><strong>unum,</strong></span> <span class='ocrx_word' id='word_1_512' title='bbox 3076 2571 3338 2628; x_wconf 78' lang='lat' dir='ltr'><strong>adversus</strong></span> <span class='ocrx_word' id='word_1_513' title='bbox 3377 2572 3690 2635; x_wconf 85' lang='lat' dir='ltr'><strong>Dominum,</strong></span> 
     </span>
    </p>
   </div>
   <div class='ocr_carea' id='block_1_74' title="bbox 2043 2659 3694 2729">
    <p class='ocr_par' dir='ltr' id='par_1_74' title="bbox 2043 2659 3694 2729">
     <span class='ocr_line' id='line_1_74' title="bbox 2043 2659 3694 2729; baseline -0.002 -12"><span class='ocrx_word' id='word_1_514' title='bbox 2043 2665 2094 2718; x_wconf 75' lang='lat' dir='ltr'><strong>et</strong></span> <span class='ocrx_word' id='word_1_515' title='bbox 2143 2661 2399 2717; x_wconf 75' lang='lat' dir='ltr'><strong>adversus</strong></span> <span class='ocrx_word' id='word_1_516' title='bbox 2448 2660 2724 2717; x_wconf 73' lang='lat' dir='ltr'><strong>Christum</strong></span> <span class='ocrx_word' id='word_1_517' title='bbox 2768 2664 2890 2729; x_wconf 76' lang='lat' dir='ltr'><strong>eius</strong></span> <span class='ocrx_word' id='word_1_518' title='bbox 2919 2661 2958 2716; x_wconf 90' lang='lat'><strong>&quot;.</strong></span> <span class='ocrx_word' id='word_1_519' title='bbox 3012 2660 3232 2724; x_wconf 88' lang='lat' dir='ltr'><strong>Quibus</strong></span> <span class='ocrx_word' id='word_1_520' title='bbox 3288 2660 3479 2716; x_wconf 86' lang='lat' dir='ltr'><strong>verbis</strong></span> <span class='ocrx_word' id='word_1_521' title='bbox 3525 2659 3694 2714; x_wconf 90' lang='lat' dir='ltr'><strong>dein-</strong></span> 
     </span>
    </p>
   </div>
   <div class='ocr_carea' id='block_1_75' title="bbox 2044 2751 3692 2824">
    <p class='ocr_par' dir='ltr' id='par_1_75' title="bbox 2044 2751 3692 2824">
     <span class='ocr_line' id='line_1_75' title="bbox 2044 2751 3692 2824; baseline -0.002 -15"><span class='ocrx_word' id='word_1_522' title='bbox 2044 2769 2179 2824; x_wconf 89' lang='lat' dir='ltr'><strong>ceps</strong></span> <span class='ocrx_word' id='word_1_523' title='bbox 2229 2751 2331 2809; x_wconf 91' lang='lat' dir='ltr'><strong>illa</strong></span> <span class='ocrx_word' id='word_1_524' title='bbox 2359 2752 2570 2808; x_wconf 77' lang='lat' dir='ltr'><strong>infert:</strong></span> <span class='ocrx_word' id='word_1_525' title='bbox 2606 2753 2868 2809; x_wconf 77' lang='lat' dir='ltr'><strong>Dominus</strong></span> <span class='ocrx_word' id='word_1_526' title='bbox 2910 2752 3059 2808; x_wconf 72' lang='lat' dir='ltr'><strong>dixit</strong></span> <span class='ocrx_word' id='word_1_527' title='bbox 3089 2751 3160 2807; x_wconf 84' lang='lat' dir='ltr'><strong>ad</strong></span> <span class='ocrx_word' id='word_1_528' title='bbox 3188 2767 3293 2818; x_wconf 78' lang='lat' dir='ltr'><strong>me,</strong></span> <span class='ocrx_word' id='word_1_529' title='bbox 3327 2753 3500 2807; x_wconf 77' lang='lat' dir='ltr'><strong>Filius</strong></span> <span class='ocrx_word' id='word_1_530' title='bbox 3536 2767 3692 2806; x_wconf 80' lang='lat' dir='ltr'><strong>meus</strong></span> 
     </span>
    </p>
   </div>
   <div class='ocr_carea' id='block_1_76' title="bbox 2041 2839 3691 2912">
    <p class='ocr_par' dir='ltr' id='par_1_76' title="bbox 2041 2839 3691 2912">
     <span class='ocr_line' id='line_1_76' title="bbox 2041 2839 3691 2912; baseline -0.002 -13"><span class='ocrx_word' id='word_1_531' title='bbox 2041 2858 2096 2900; x_wconf 76' lang='lat' dir='ltr'><strong>es</strong></span> <span class='ocrx_word' id='word_1_532' title='bbox 2124 2848 2203 2911; x_wconf 76' lang='lat' dir='ltr'><strong>tu,</strong></span> <span class='ocrx_word' id='word_1_533' title='bbox 2235 2857 2332 2912; x_wconf 83' lang='lat' dir='ltr'><strong>ego</strong></span> <span class='ocrx_word' id='word_1_534' title='bbox 2359 2841 2520 2898; x_wconf 80' lang='lat' dir='ltr'><strong>hodie</strong></span> <span class='ocrx_word' id='word_1_535' title='bbox 2547 2841 2718 2910; x_wconf 79' lang='lat' dir='ltr'><strong>genui</strong></span> <span class='ocrx_word' id='word_1_536' title='bbox 2747 2851 2800 2896; x_wconf 78' lang='lat' dir='ltr'><strong>te</strong></span> <span class='ocrx_word' id='word_1_537' title='bbox 2822 2841 2863 2896; x_wconf 80' lang='grc'><strong>⁸.</strong></span> <span class='ocrx_word' id='word_1_538' title='bbox 2890 2840 3005 2896; x_wconf 85' lang='lat' dir='ltr'><strong>Hoc</strong></span> <span class='ocrx_word' id='word_1_539' title='bbox 3043 2840 3237 2911; x_wconf 87' lang='lat' dir='ltr'><strong>ipsum</strong></span> <span class='ocrx_word' id='word_1_540' title='bbox 3271 2855 3443 2911; x_wconf 91' lang='lat' dir='ltr'><strong>porro</strong></span> <span class='ocrx_word' id='word_1_541' title='bbox 3472 2839 3691 2895; x_wconf 88' lang='lat' dir='ltr'><strong>Christi</strong></span> 
     </span>
    </p>
   </div>
   <div class='ocr_carea' id='block_1_77' title="bbox 2042 2929 3688 3002">
    <p class='ocr_par' dir='ltr' id='par_1_77' title="bbox 2042 2929 3688 3002">
     <span class='ocr_line' id='line_1_77' title="bbox 2042 2929 3688 3002; baseline -0.001 -17"><span class='ocrx_word' id='word_1_542' title='bbox 2042 2931 2412 2988; x_wconf 84' lang='lat' dir='ltr'><strong>veneratione</strong></span> <span class='ocrx_word' id='word_1_543' title='bbox 2429 2931 2675 3002; x_wconf 87' lang='lat' dir='ltr'><strong>dignum</strong></span> <span class='ocrx_word' id='word_1_544' title='bbox 2709 2946 2940 2997; x_wconf 88' lang='lat' dir='ltr'><strong>nomen,</strong></span> <span class='ocrx_word' id='word_1_545' title='bbox 2966 2946 3078 2986; x_wconf 92' lang='lat' dir='ltr'><strong>non</strong></span> <span class='ocrx_word' id='word_1_546' title='bbox 3111 2929 3300 2986; x_wconf 90' lang='lat' dir='ltr'><strong>solum</strong></span> <span class='ocrx_word' id='word_1_547' title='bbox 3331 2945 3430 2985; x_wconf 90' lang='lat' dir='ltr'><strong>eos</strong></span> <span class='ocrx_word' id='word_1_548' title='bbox 3461 2929 3562 3002; x_wconf 91' lang='lat' dir='ltr'><strong>qui</strong></span> <span class='ocrx_word' id='word_1_549' title='bbox 3593 2945 3688 2984; x_wconf 51' lang='lat' dir='ltr'><strong>sa.</strong></span> 
     </span>
    </p>
   </div>
   <div class='ocr_carea' id='block_1_78' title="bbox 2043 3016 3688 3089">
    <p class='ocr_par' dir='ltr' id='par_1_78' title="bbox 2043 3016 3688 3089">
     <span class='ocr_line' id='line_1_78' title="bbox 2043 3016 3688 3089; baseline 0 -15"><span class='ocrx_word' id='word_1_550' title='bbox 2043 3021 2302 3076; x_wconf 90' lang='lat' dir='ltr'><strong>cordotio</strong></span> <span class='ocrx_word' id='word_1_551' title='bbox 2331 3020 2689 3076; x_wconf 85' lang='lat' dir='ltr'><strong>cohonestati</strong></span> <span class='ocrx_word' id='word_1_552' title='bbox 2720 3024 2936 3089; x_wconf 89' lang='lat' dir='ltr'><strong>essent,</strong></span> <span class='ocrx_word' id='word_1_553' title='bbox 2961 3019 3180 3076; x_wconf 86' lang='lat' dir='ltr'><strong>factitio</strong></span> <span class='ocrx_word' id='word_1_554' title='bbox 3211 3019 3511 3075; x_wconf 86' lang='lat' dir='ltr'><strong>exornavit</strong></span> <span class='ocrx_word' id='word_1_555' title='bbox 3540 3016 3688 3085; x_wconf 88' lang='lat' dir='ltr'><strong>oleo,</strong></span> 
     </span>
    </p>
   </div>
   <div class='ocr_carea' id='block_1_79' title="bbox 2043 3106 3691 3181">
    <p class='ocr_par' dir='ltr' id='par_1_79' title="bbox 2043 3106 3691 3181">
     <span class='ocr_line' id='line_1_79' title="bbox 2043 3106 3691 3181; baseline -0.002 -18"><span class='ocrx_word' id='word_1_556' title='bbox 2043 3107 2222 3180; x_wconf 89' lang='lat' dir='ltr'><strong>idque</strong></span> <span class='ocrx_word' id='word_1_557' title='bbox 2269 3124 2374 3180; x_wconf 87' lang='lat' dir='ltr'><strong>per</strong></span> <span class='ocrx_word' id='word_1_558' title='bbox 2419 3107 2776 3181; x_wconf 84' lang='lat' dir='ltr'><strong>symbolum,</strong></span> <span class='ocrx_word' id='word_1_559' title='bbox 2807 3109 2905 3165; x_wconf 90' lang='lat' dir='ltr'><strong>sed</strong></span> <span class='ocrx_word' id='word_1_560' title='bbox 2957 3113 3013 3165; x_wconf 91' lang='lat' dir='ltr'><strong>et</strong></span> <span class='ocrx_word' id='word_1_561' title='bbox 3063 3123 3226 3180; x_wconf 81' lang='lat' dir='ltr'><strong>reges</strong></span> <span class='ocrx_word' id='word_1_562' title='bbox 3275 3107 3450 3180; x_wconf 89' lang='lat' dir='ltr'><strong>ipsos.</strong></span> <span class='ocrx_word' id='word_1_563' title='bbox 3489 3106 3691 3162; x_wconf 89' lang='lat' dir='ltr'><strong>Divino</strong></span> 
     </span>
    </p>
   </div>
   <div class='ocr_carea' id='block_1_80' title="bbox 2044 3196 3693 3270">
    <p class='ocr_par' dir='ltr' id='par_1_80' title="bbox 2044 3196 3693 3270">
     <span class='ocr_line' id='line_1_80' title="bbox 2044 3196 3693 3270; baseline -0.001 -18"><span class='ocrx_word' id='word_1_564' title='bbox 2044 3199 2200 3254; x_wconf 89' lang='lat' dir='ltr'><strong>enim</strong></span> <span class='ocrx_word' id='word_1_565' title='bbox 2250 3197 2422 3254; x_wconf 89' lang='lat' dir='ltr'><strong>hosce</strong></span> <span class='ocrx_word' id='word_1_566' title='bbox 2471 3199 2820 3270; x_wconf 87' lang='lat' dir='ltr'><strong>inungentes</strong></span> <span class='ocrx_word' id='word_1_567' title='bbox 2865 3197 3112 3270; x_wconf 88' lang='lat' dir='ltr'><strong>Spiritu,</strong></span> <span class='ocrx_word' id='word_1_568' title='bbox 3145 3197 3362 3270; x_wconf 88' lang='lat' dir='ltr'><strong>quibus</strong></span> <span class='ocrx_word' id='word_1_569' title='bbox 3410 3196 3466 3252; x_wconf 91' lang='lat' dir='ltr'><strong>id</strong></span> <span class='ocrx_word' id='word_1_570' title='bbox 3500 3196 3693 3252; x_wconf 81' lang='lat' dir='ltr'><strong>fuerat</strong></span> 
     </span>
    </p>
   </div>
   <div class='ocr_carea' id='block_1_81' title="bbox 2043 3285 3689 3360">
    <p class='ocr_par' dir='ltr' id='par_1_81' title="bbox 2043 3285 3689 3360">
     <span class='ocr_line' id='line_1_81' title="bbox 2043 3285 3689 3360; baseline -0.002 -17"><span class='ocrx_word' id='word_1_571' title='bbox 2043 3288 2442 3356; x_wconf 88' lang='lat' dir='ltr'><strong>commissum,</strong></span> <span class='ocrx_word' id='word_1_572' title='bbox 2472 3288 2730 3346; x_wconf 87' lang='lat' dir='ltr'><strong>Christos</strong></span> <span class='ocrx_word' id='word_1_573' title='bbox 2779 3303 2882 3360; x_wconf 93' lang='lat' dir='ltr'><strong>per</strong></span> <span class='ocrx_word' id='word_1_574' title='bbox 2927 3287 3244 3359; x_wconf 86' lang='lat' dir='ltr'><strong>imaginem</strong></span> <span class='ocrx_word' id='word_1_575' title='bbox 3292 3291 3349 3341; x_wconf 93' lang='lat' dir='ltr'><strong>et</strong></span> <span class='ocrx_word' id='word_1_576' title='bbox 3379 3285 3689 3354; x_wconf 86' lang='lat' dir='ltr'><strong>faciebant,</strong></span> 
     </span>
    </p>
   </div>
   <div class='ocr_carea' id='block_1_82' title="bbox 2041 3375 3690 3448">
    <p class='ocr_par' dir='ltr' id='par_1_82' title="bbox 2041 3375 3690 3448">
     <span class='ocr_line' id='line_1_82' title="bbox 2041 3375 3690 3448; baseline -0.002 -16"><span class='ocrx_word' id='word_1_577' title='bbox 2041 3380 2101 3432; x_wconf 90' lang='lat' dir='ltr'><strong>et</strong></span> <span class='ocrx_word' id='word_1_578' title='bbox 2147 3377 2458 3448; x_wconf 87' lang='lat' dir='ltr'><strong>ungebant.</strong></span> <span class='ocrx_word' id='word_1_579' title='bbox 2515 3375 2996 3448; x_wconf 82' lang='lat' dir='ltr'><strong>Quandoquidem</strong></span> <span class='ocrx_word' id='word_1_580' title='bbox 3054 3381 3111 3431; x_wconf 91' lang='lat' dir='ltr'><strong>et</strong></span> <span class='ocrx_word' id='word_1_581' title='bbox 3163 3375 3398 3447; x_wconf 86' lang='lat' dir='ltr'><strong>regibus</strong></span> <span class='ocrx_word' id='word_1_582' title='bbox 3452 3375 3690 3430; x_wconf 86' lang='lat' dir='ltr'><strong>omnino</strong></span> 
     </span>
    </p>
   </div>
   <div class='ocr_carea' id='block_1_83' title="bbox 2044 3463 3689 3538">
    <p class='ocr_par' dir='ltr' id='par_1_83' title="bbox 2044 3463 3689 3538">
     <span class='ocr_line' id='line_1_83' title="bbox 2044 3463 3689 3538; baseline -0.001 -18"><span class='ocrx_word' id='word_1_583' title='bbox 2044 3463 2164 3536; x_wconf 83' lang='lat' dir='ltr'><strong>typi</strong></span> <span class='ocrx_word' id='word_1_584' title='bbox 2211 3466 2448 3536; x_wconf 87' lang='lat' dir='ltr'><strong>quidam</strong></span> <span class='ocrx_word' id='word_1_585' title='bbox 2502 3473 2555 3522; x_wconf 90' lang='lat' dir='ltr'><strong>et</strong></span> <span class='ocrx_word' id='word_1_586' title='bbox 2604 3465 2796 3538; x_wconf 73' lang='lat' dir='ltr'><strong>ﬁguras</strong></span> <span class='ocrx_word' id='word_1_587' title='bbox 2845 3465 3097 3532; x_wconf 88' lang='lat' dir='ltr'><strong>inerant,</strong></span> <span class='ocrx_word' id='word_1_588' title='bbox 3128 3464 3245 3519; x_wconf 89' lang='lat' dir='ltr'><strong>veri</strong></span> <span class='ocrx_word' id='word_1_589' title='bbox 3295 3463 3456 3535; x_wconf 86' lang='lat' dir='ltr'><strong>regni</strong></span> <span class='ocrx_word' id='word_1_590' title='bbox 3503 3466 3560 3517; x_wconf 92' lang='lat' dir='ltr'><strong>et</strong></span> <span class='ocrx_word' id='word_1_591' title='bbox 3589 3477 3689 3534; x_wconf 90' lang='lat' dir='ltr'><strong>po-</strong></span> 
     </span>
    </p>
   </div>
   <div class='ocr_carea' id='block_1_84' title="bbox 2047 3549 3690 3609">
    <p class='ocr_par' dir='ltr' id='par_1_84' title="bbox 2047 3549 3690 3609">
     <span class='ocr_line' id='line_1_84' title="bbox 2047 3549 3690 3609; baseline -0.002 -3"><span class='ocrx_word' id='word_1_592' title='bbox 2047 3554 2264 3608; x_wconf 89' lang='lat' dir='ltr'><strong>testatis</strong></span> <span class='ocrx_word' id='word_1_593' title='bbox 2308 3553 2624 3609; x_wconf 85' lang='lat' dir='ltr'><strong>Servatoris</strong></span> <span class='ocrx_word' id='word_1_594' title='bbox 2674 3551 2857 3609; x_wconf 86' lang='lat' dir='ltr'><strong>nostri</strong></span> <span class='ocrx_word' id='word_1_595' title='bbox 2904 3552 3042 3608; x_wconf 88' lang='lat' dir='ltr'><strong>Jesu</strong></span> <span class='ocrx_word' id='word_1_596' title='bbox 3093 3551 3309 3606; x_wconf 84' lang='lat' dir='ltr'><strong>Christi</strong></span> <span class='ocrx_word' id='word_1_597' title='bbox 3359 3549 3418 3604; x_wconf 92' lang='lat' dir='ltr'><strong>in</strong></span> <span class='ocrx_word' id='word_1_598' title='bbox 3462 3564 3690 3605; x_wconf 89' lang='lat' dir='ltr'><strong>omnes.</strong></span> 
     </span>
    </p>
   </div>
   <div class='ocr_carea' id='block_1_85' title="bbox 2045 3637 3692 3713">
    <p class='ocr_par' dir='ltr' id='par_1_85' title="bbox 2045 3637 3692 3713">
     <span class='ocr_line' id='line_1_85' title="bbox 2045 3637 3692 3713; baseline -0.003 -17"><span class='ocrx_word' id='word_1_599' title='bbox 2045 3640 2326 3696; x_wconf 70' lang='lat' dir='ltr'><strong>Ceterum</strong></span> <span class='ocrx_word' id='word_1_600' title='bbox 2359 3646 2416 3696; x_wconf 91' lang='lat' dir='ltr'><strong>et</strong></span> <span class='ocrx_word' id='word_1_601' title='bbox 2446 3641 2757 3713; x_wconf 87' lang='lat' dir='ltr'><strong>prophetas</strong></span> <span class='ocrx_word' id='word_1_602' title='bbox 2805 3642 3089 3713; x_wconf 87' lang='lat' dir='ltr'><strong>quosdam</strong></span> <span class='ocrx_word' id='word_1_603' title='bbox 3130 3639 3389 3696; x_wconf 86' lang='lat' dir='ltr'><strong>Christos</strong></span> <span class='ocrx_word' id='word_1_604' title='bbox 3426 3653 3577 3707; x_wconf 83' lang='lat' dir='ltr'><strong>esse,</strong></span> <span class='ocrx_word' id='word_1_605' title='bbox 3608 3637 3692 3692; x_wconf 90' lang='lat' dir='ltr'><strong>di-</strong></span> 
     </span>
    </p>
   </div>
   <div class='ocr_carea' id='block_1_86' title="bbox 2044 3725 3692 3801">
    <p class='ocr_par' dir='ltr' id='par_1_86' title="bbox 2044 3725 3692 3801">
     <span class='ocr_line' id='line_1_86' title="bbox 2044 3725 3692 3801; baseline -0.002 -17"><span class='ocrx_word' id='word_1_606' title='bbox 2044 3729 2164 3784; x_wconf 90' lang='lat' dir='ltr'><strong>vini</strong></span> <span class='ocrx_word' id='word_1_607' title='bbox 2229 3730 2478 3800; x_wconf 84' lang='lat' dir='ltr'><strong>Spiritus</strong></span> <span class='ocrx_word' id='word_1_608' title='bbox 2545 3731 2827 3786; x_wconf 89' lang='lat' dir='ltr'><strong>instinctu</strong></span> <span class='ocrx_word' id='word_1_609' title='bbox 2911 3729 3293 3801; x_wconf 87' lang='lat' dir='ltr'><strong>percepimus.</strong></span> <span class='ocrx_word' id='word_1_610' title='bbox 3350 3726 3579 3784; x_wconf 88' lang='lat' dir='ltr'><strong>Etenim</strong></span> <span class='ocrx_word' id='word_1_611' title='bbox 3649 3725 3692 3780; x_wconf 90' lang='lat' dir='ltr'><strong>ii</strong></span> 
     </span>
    </p>
   </div>
   <div class='ocr_carea' id='block_1_87' title="bbox 2044 3817 3689 3888">
    <p class='ocr_par' dir='ltr' id='par_1_87' title="bbox 2044 3817 3689 3888">
     <span class='ocr_line' id='line_1_87' title="bbox 2044 3817 3689 3888; baseline -0.003 -13"><span class='ocrx_word' id='word_1_612' title='bbox 2044 3833 2270 3888; x_wconf 87' lang='lat' dir='ltr'><strong>omnes,</strong></span> <span class='ocrx_word' id='word_1_613' title='bbox 2295 3819 2364 3873; x_wconf 85' lang='lat' dir='ltr'><strong>ad</strong></span> <span class='ocrx_word' id='word_1_614' title='bbox 2390 3819 2629 3876; x_wconf 87' lang='lat' dir='ltr'><strong>unicum</strong></span> <span class='ocrx_word' id='word_1_615' title='bbox 2665 3819 3003 3875; x_wconf 84' lang='lat' dir='ltr'><strong>Pontiﬁoem</strong></span> <span class='ocrx_word' id='word_1_616' title='bbox 3027 3817 3312 3885; x_wconf 89' lang='lat' dir='ltr'><strong>omnium,</strong></span> <span class='ocrx_word' id='word_1_617' title='bbox 3334 3820 3391 3872; x_wconf 90' lang='lat' dir='ltr'><strong>et</strong></span> <span class='ocrx_word' id='word_1_618' title='bbox 3409 3819 3689 3872; x_wconf 79' lang='lat' dir='ltr'><strong>creaturas</strong></span> 
     </span>
    </p>
   </div>
   <div class='ocr_carea' id='block_1_88' title="bbox 2045 3907 3692 3982">
    <p class='ocr_par' dir='ltr' id='par_1_88' title="bbox 2045 3907 3692 3982">
     <span class='ocr_line' id='line_1_88' title="bbox 2045 3907 3692 3982; baseline -0.003 -16"><span class='ocrx_word' id='word_1_619' title='bbox 2045 3909 2241 3966; x_wconf 89' lang='lat' dir='ltr'><strong>omnis</strong></span> <span class='ocrx_word' id='word_1_620' title='bbox 2271 3925 2486 3981; x_wconf 87' lang='lat' dir='ltr'><strong>regem,</strong></span> <span class='ocrx_word' id='word_1_621' title='bbox 2519 3909 2827 3982; x_wconf 89' lang='lat' dir='ltr'><strong>solumque</strong></span> <span class='ocrx_word' id='word_1_622' title='bbox 2861 3910 3272 3980; x_wconf 90' lang='lat' dir='ltr'><strong>prophetarum</strong></span> <span class='ocrx_word' id='word_1_623' title='bbox 3320 3907 3692 3980; x_wconf 88' lang='lat' dir='ltr'><strong>Prophetam,</strong></span> 
     </span>
    </p>
   </div>
   <div class='ocr_carea' id='block_1_89' title="bbox 2047 3995 3692 4068">
    <p class='ocr_par' dir='ltr' id='par_1_89' title="bbox 2047 3995 3692 4068">
     <span class='ocr_line' id='line_1_89' title="bbox 2047 3995 3692 4068; baseline -0.001 -16"><span class='ocrx_word' id='word_1_624' title='bbox 2047 3996 2399 4053; x_wconf 78' lang='lat' dir='ltr'><strong>Servatorem</strong></span> <span class='ocrx_word' id='word_1_625' title='bbox 2430 3999 2750 4066; x_wconf 87' lang='lat' dir='ltr'><strong>Christum,</strong></span> <span class='ocrx_word' id='word_1_626' title='bbox 2775 4003 3101 4068; x_wconf 87' lang='lat' dir='ltr'><strong>respectum</strong></span> <span class='ocrx_word' id='word_1_627' title='bbox 3131 4013 3306 4053; x_wconf 89' lang='lat' dir='ltr'><strong>suum</strong></span> <span class='ocrx_word' id='word_1_628' title='bbox 3339 3995 3692 4052; x_wconf 88' lang='lat' dir='ltr'><strong>habuerunt.</strong></span> 
     </span>
    </p>
   </div>
   <div class='ocr_carea' id='block_1_90' title="bbox 2047 4085 3695 4158">
    <p class='ocr_par' dir='ltr' id='par_1_90' title="bbox 2047 4085 3695 4158">
     <span class='ocr_line' id='line_1_90' title="bbox 2047 4085 3695 4158; baseline 0 -16"><span class='ocrx_word' id='word_1_629' title='bbox 2047 4085 2110 4142; x_wconf 88' lang='lat' dir='ltr'><strong>Id</strong></span> <span class='ocrx_word' id='word_1_630' title='bbox 2159 4085 2304 4142; x_wconf 91' lang='lat' dir='ltr'><strong>illud</strong></span> <span class='ocrx_word' id='word_1_631' title='bbox 2353 4086 2675 4144; x_wconf 86' lang='lat' dir='ltr'><strong>clarissime</strong></span> <span class='ocrx_word' id='word_1_632' title='bbox 2721 4087 2994 4156; x_wconf 88' lang='lat' dir='ltr'><strong>ostendit,</strong></span> <span class='ocrx_word' id='word_1_633' title='bbox 3027 4089 3178 4158; x_wconf 90' lang='lat' dir='ltr'><strong>quod</strong></span> <span class='ocrx_word' id='word_1_634' title='bbox 3235 4085 3380 4142; x_wconf 85' lang='lat' dir='ltr'><strong>nulli</strong></span> <span class='ocrx_word' id='word_1_635' title='bbox 3429 4085 3695 4142; x_wconf 88' lang='lat' dir='ltr'><strong>omnium</strong></span> 
     </span>
    </p>
   </div>
   <div class='ocr_carea' id='block_1_91' title="bbox 2047 4171 3695 4247">
    <p class='ocr_par' dir='ltr' id='par_1_91' title="bbox 2047 4171 3695 4247">
     <span class='ocr_line' id='line_1_91' title="bbox 2047 4171 3695 4247; baseline -0.002 -17"><span class='ocrx_word' id='word_1_636' title='bbox 2047 4173 2408 4246; x_wconf 85' lang='lat' dir='ltr'><strong>pontificum,</strong></span> <span class='ocrx_word' id='word_1_637' title='bbox 2441 4191 2666 4247; x_wconf 82' lang='lat' dir='ltr'><strong>regum,</strong></span> <span class='ocrx_word' id='word_1_638' title='bbox 2699 4181 2756 4232; x_wconf 87' lang='lat' dir='ltr'><strong>et</strong></span> <span class='ocrx_word' id='word_1_639' title='bbox 2787 4175 3222 4247; x_wconf 87' lang='lat' dir='ltr'><strong>prophetarum,</strong></span> <span class='ocrx_word' id='word_1_640' title='bbox 3245 4175 3346 4247; x_wconf 89' lang='lat' dir='ltr'><strong>qui</strong></span> <span class='ocrx_word' id='word_1_641' title='bbox 3376 4171 3695 4246; x_wconf 87' lang='lat' dir='ltr'><strong>symbolice</strong></span> 
     </span>
    </p>
   </div>
   <div class='ocr_carea' id='block_1_92' title="bbox 2048 4261 3698 4336">
    <p class='ocr_par' dir='ltr' id='par_1_92' title="bbox 2048 4261 3698 4336">
     <span class='ocr_line' id='line_1_92' title="bbox 2048 4261 3698 4336; baseline -0.001 -18"><span class='ocrx_word' id='word_1_642' title='bbox 2048 4261 2230 4333; x_wconf 88' lang='lat' dir='ltr'><strong>hujus</strong></span> <span class='ocrx_word' id='word_1_643' title='bbox 2277 4265 2514 4320; x_wconf 90' lang='lat' dir='ltr'><strong>nomine</strong></span> <span class='ocrx_word' id='word_1_644' title='bbox 2558 4265 2710 4322; x_wconf 88' lang='lat' dir='ltr'><strong>uncti</strong></span> <span class='ocrx_word' id='word_1_645' title='bbox 2762 4265 3148 4336; x_wconf 89' lang='lat' dir='ltr'><strong>honoratique</strong></span> <span class='ocrx_word' id='word_1_646' title='bbox 3188 4272 3347 4330; x_wconf 88' lang='lat' dir='ltr'><strong>sunt,</strong></span> <span class='ocrx_word' id='word_1_647' title='bbox 3379 4267 3545 4318; x_wconf 85' lang='lat' dir='ltr'><strong>tanta</strong></span> <span class='ocrx_word' id='word_1_648' title='bbox 3599 4261 3698 4317; x_wconf 90' lang='lat' dir='ltr'><strong>di-</strong></span> 
     </span>
    </p>
   </div>
   <div class='ocr_carea' id='block_1_93' title="bbox 2049 4349 3696 4426">
    <p class='ocr_par' dir='ltr' id='par_1_93' title="bbox 2049 4349 3696 4426">
     <span class='ocr_line' id='line_1_93' title="bbox 2049 4349 3696 4426; baseline -0.001 -21"><span class='ocrx_word' id='word_1_649' title='bbox 2049 4351 2198 4407; x_wconf 65' lang='lat' dir='ltr'><strong>vina</strong></span> <span class='ocrx_word' id='word_1_650' title='bbox 2229 4351 2456 4408; x_wconf 85' lang='lat' dir='ltr'><strong>virtutis</strong></span> <span class='ocrx_word' id='word_1_651' title='bbox 2503 4354 2590 4410; x_wconf 89' lang='lat' dir='ltr'><strong>vis</strong></span> <span class='ocrx_word' id='word_1_652' title='bbox 2635 4353 2743 4409; x_wconf 85' lang='lat' dir='ltr'><strong>fuit</strong></span> <span class='ocrx_word' id='word_1_653' title='bbox 2773 4357 2832 4410; x_wconf 90' lang='lat' dir='ltr'><strong>et</strong></span> <span class='ocrx_word' id='word_1_654' title='bbox 2861 4357 3130 4426; x_wconf 85' lang='lat' dir='ltr'><strong>potestas,</strong></span> <span class='ocrx_word' id='word_1_655' title='bbox 3163 4356 3444 4424; x_wconf 88' lang='lat' dir='ltr'><strong>quantam</strong></span> <span class='ocrx_word' id='word_1_656' title='bbox 3475 4349 3696 4406; x_wconf 88' lang='lat' dir='ltr'><strong>scilicet</strong></span> 
     </span>
    </p>
   </div>
   <div class='ocr_carea' id='block_1_94' title="bbox 2052 4438 3696 4514">
    <p class='ocr_par' dir='ltr' id='par_1_94' title="bbox 2052 4438 3696 4514">
     <span class='ocr_line' id='line_1_94' title="bbox 2052 4438 3696 4514; baseline -0.001 -20"><span class='ocrx_word' id='word_1_657' title='bbox 2052 4438 2335 4496; x_wconf 89' lang='lat' dir='ltr'><strong>Dominus</strong></span> <span class='ocrx_word' id='word_1_658' title='bbox 2384 4447 2586 4498; x_wconf 86' lang='lat' dir='ltr'><strong>noster</strong></span> <span class='ocrx_word' id='word_1_659' title='bbox 2630 4443 2820 4509; x_wconf 89' lang='lat' dir='ltr'><strong>Jesus,</strong></span> <span class='ocrx_word' id='word_1_660' title='bbox 2871 4446 2928 4498; x_wconf 90' lang='lat' dir='ltr'><strong>et</strong></span> <span class='ocrx_word' id='word_1_661' title='bbox 2973 4441 3168 4514; x_wconf 86' lang='lat' dir='ltr'><strong>reipsa</strong></span> <span class='ocrx_word' id='word_1_662' title='bbox 3216 4456 3347 4497; x_wconf 90' lang='lat' dir='ltr'><strong>vere</strong></span> <span class='ocrx_word' id='word_1_663' title='bbox 3403 4440 3696 4506; x_wconf 90' lang='lat' dir='ltr'><strong>Christus,</strong></span> 
     </span>
    </p>
   </div>
   <div class='ocr_carea' id='block_1_95' title="bbox 2051 4529 3696 4604">
    <p class='ocr_par' dir='ltr' id='par_1_95' title="bbox 2051 4529 3696 4604">
     <span class='ocr_line' id='line_1_95' title="bbox 2051 4529 3696 4604; baseline -0.003 -18"><span class='ocrx_word' id='word_1_664' title='bbox 2051 4529 2308 4586; x_wconf 88' lang='lat' dir='ltr'><strong>nativam</strong></span> <span class='ocrx_word' id='word_1_665' title='bbox 2358 4534 2415 4585; x_wconf 89' lang='lat' dir='ltr'><strong>et</strong></span> <span class='ocrx_word' id='word_1_666' title='bbox 2445 4531 2741 4604; x_wconf 82' lang='lat' dir='ltr'><strong>propriam</strong></span> <span class='ocrx_word' id='word_1_667' title='bbox 2790 4547 2916 4587; x_wconf 85' lang='lat' dir='ltr'><strong>eam</strong></span> <span class='ocrx_word' id='word_1_668' title='bbox 2952 4531 3194 4598; x_wconf 87' lang='lat' dir='ltr'><strong>habens,</strong></span> <span class='ocrx_word' id='word_1_669' title='bbox 3226 4530 3476 4587; x_wconf 86' lang='lat' dir='ltr'><strong>ostendit</strong></span> <span class='ocrx_word' id='word_1_670' title='bbox 3524 4531 3696 4598; x_wconf 89' lang='lat' dir='ltr'><strong>atque</strong></span> 
     </span>
    </p>
   </div>
   <div class='ocr_carea' id='block_1_96' title="bbox 300 4611 1938 4702">
    <p class='ocr_par' dir='ltr' id='par_1_96' title="bbox 300 4611 1938 4702">
     <span class='ocr_line' id='line_1_96' title="bbox 300 4611 1938 4702; baseline -0.003 -28"><span class='ocrx_word' id='word_1_671' title='bbox 300 4615 706 4702; x_wconf 75' lang='grc' dir='ltr'>προελθόντων.</span> <span class='ocrx_word' id='word_1_672' title='bbox 759 4611 898 4672; x_wconf 82' lang='grc' dir='ltr'><strong>Οὐδέ</strong></span> <span class='ocrx_word' id='word_1_673' title='bbox 925 4615 1159 4684; x_wconf 83' lang='grc' dir='ltr'>τοσαύτη</span> <span class='ocrx_word' id='word_1_674' title='bbox 1202 4611 1363 4686; x_wconf 75' lang='grc' dir='ltr'>ἄλλῳ</span> <span class='ocrx_word' id='word_1_675' title='bbox 1392 4634 1452 4689; x_wconf 89' lang='grc' dir='ltr'><strong>γε</strong></span> <span class='ocrx_word' id='word_1_676' title='bbox 1499 4617 1774 4688; x_wconf 87' lang='grc' dir='ltr'>περιήφθη</span> <span class='ocrx_word' id='word_1_677' title='bbox 1805 4617 1938 4688; x_wconf 74' lang='grc' dir='ltr'>τιμή</span> 
     </span>
    </p>
   </div>
   <div class='ocr_carea' id='block_1_97' title="bbox 2046 4611 3695 4702">
    <p class='ocr_par' dir='ltr' id='par_1_97' title="bbox 2053 4614 3695 4687">
     <span class='ocr_line' id='line_1_97' title="bbox 2053 4614 3695 4687; baseline -0.001 -16"><span class='ocrx_word' id='word_1_678' title='bbox 2053 4616 2334 4672; x_wconf 84' lang='lat' dir='ltr'><strong>exhibuit.</strong></span> <span class='ocrx_word' id='word_1_679' title='bbox 2369 4619 2480 4675; x_wconf 88' lang='lat' dir='ltr'><strong>Sed</strong></span> <span class='ocrx_word' id='word_1_680' title='bbox 2515 4619 2653 4675; x_wconf 88' lang='lat' dir='ltr'><strong>nulli</strong></span> <span class='ocrx_word' id='word_1_681' title='bbox 2687 4619 2863 4676; x_wconf 87' lang='lat' dir='ltr'><strong>etiam</strong></span> <span class='ocrx_word' id='word_1_682' title='bbox 2893 4635 2963 4676; x_wconf 86' lang='lat' dir='ltr'><strong>ex</strong></span> <span class='ocrx_word' id='word_1_683' title='bbox 2991 4619 3265 4676; x_wconf 90' lang='lat' dir='ltr'><strong>omnibus</strong></span> <span class='ocrx_word' id='word_1_684' title='bbox 3293 4617 3402 4674; x_wconf 88' lang='lat' dir='ltr'><strong>hoc</strong></span> <span class='ocrx_word' id='word_1_685' title='bbox 3429 4614 3695 4687; x_wconf 88' lang='lat' dir='ltr'><strong>contigit,</strong></span> 
     </span>
    </p>
   </div>
   <div class='ocr_carea' id='block_1_98' title="bbox 301 4699 1944 4778">
    <p class='ocr_par' dir='ltr' id='par_1_98' title="bbox 301 4699 1944 4778">
     <span class='ocr_line' id='line_1_98' title="bbox 301 4699 1944 4778; baseline -0.002 -18"><span class='ocrx_word' id='word_1_686' title='bbox 301 4710 397 4761; x_wconf 88' lang='grc' dir='ltr'><strong>τοῦ</strong></span> <span class='ocrx_word' id='word_1_687' title='bbox 428 4699 772 4774; x_wconf 76' lang='grc' dir='ltr'>σεϐάσματος</span> <span class='ocrx_word' id='word_1_688' title='bbox 803 4703 892 4756; x_wconf 79' lang='grc' dir='ltr'><strong>καὶ</strong></span> <span class='ocrx_word' id='word_1_689' title='bbox 947 4701 1082 4775; x_wconf 77' lang='grc' dir='ltr'>μετὰ</span> <span class='ocrx_word' id='word_1_690' title='bbox 1127 4702 1226 4770; x_wconf 83' lang='grc' dir='ltr'><strong>τῆν</strong></span> <span class='ocrx_word' id='word_1_691' title='bbox 1261 4699 1538 4771; x_wconf 78' lang='grc' dir='ltr'>τελευτὴν,</span> <span class='ocrx_word' id='word_1_692' title='bbox 1585 4701 1660 4764; x_wconf 82' lang='grc' dir='ltr'>ὡς</span> <span class='ocrx_word' id='word_1_693' title='bbox 1690 4702 1779 4756; x_wconf 83' lang='grc' dir='ltr'>καὶ</span> <span class='ocrx_word' id='word_1_694' title='bbox 1811 4703 1944 4778; x_wconf 70' lang='grc' dir='ltr'>ὑπὲρ</span> 
     </span>
    </p>
   </div>
   <div class='ocr_carea' id='block_1_99' title="bbox 303 4787 1942 4864">
    <p class='ocr_par' dir='ltr' id='par_1_99' title="bbox 303 4787 1942 4864">
     <span class='ocr_line' id='line_1_99' title="bbox 303 4787 1942 4864; baseline 0 -15"><span class='ocrx_word' id='word_1_695' title='bbox 303 4794 470 4850; x_wconf 78' lang='grc' dir='ltr'>αὐτοῦ</span> <span class='ocrx_word' id='word_1_696' title='bbox 498 4791 650 4855; x_wconf 76' lang='grc' dir='ltr'>τινας</span> <span class='ocrx_word' id='word_1_697' title='bbox 679 4791 742 4846; x_wconf 83' lang='grc' dir='ltr'>τὸ</span> <span class='ocrx_word' id='word_1_698' title='bbox 790 4793 887 4864; x_wconf 77' lang='grc' dir='ltr'><strong>ζῇν</strong></span> <span class='ocrx_word' id='word_1_699' title='bbox 939 4788 1000 4844; x_wconf 81' lang='grc' dir='ltr'>ἐκ</span> <span class='ocrx_word' id='word_1_700' title='bbox 1045 4793 1143 4844; x_wconf 90' lang='grc' dir='ltr'><strong>τοῦ</strong></span> <span class='ocrx_word' id='word_1_701' title='bbox 1195 4787 1392 4864; x_wconf 81' lang='grc' dir='ltr'>ῥᾴστου</span> <span class='ocrx_word' id='word_1_702' title='bbox 1441 4788 1586 4864; x_wconf 84' lang='grc' dir='ltr'>ἔχειν</span> <span class='ocrx_word' id='word_1_703' title='bbox 1635 4789 1942 4862; x_wconf 70' lang='grc' dir='ltr'>προΐεσθαι.</span> 
     </span>
    </p>
   </div>
   <div class='ocr_carea' id='block_1_100' title="bbox 301 4876 1944 4954">
    <p class='ocr_par' dir='ltr' id='par_1_100' title="bbox 301 4876 1944 4954">
     <span class='ocr_line' id='line_1_100' title="bbox 301 4876 1944 4954; baseline -0.003 -14"><span class='ocrx_word' id='word_1_704' title='bbox 301 4882 461 4940; x_wconf 85' lang='grc' dir='ltr'>Ἀλλ’</span> <span class='ocrx_word' id='word_1_705' title='bbox 491 4878 620 4936; x_wconf 68' lang='grc' dir='ltr'>οὐδὲ</span> <span class='ocrx_word' id='word_1_706' title='bbox 648 4879 872 4950; x_wconf 85' lang='grc' dir='ltr'>σεισμός</span> <span class='ocrx_word' id='word_1_707' title='bbox 915 4898 1000 4940; x_wconf 91' lang='grc' dir='ltr'><strong>τις</strong></span> <span class='ocrx_word' id='word_1_708' title='bbox 1049 4876 1380 4950; x_wconf 73' lang='grc' dir='ltr'>οἰκουμένης</span> <span class='ocrx_word' id='word_1_709' title='bbox 1427 4877 1518 4932; x_wconf 83' lang='grc' dir='ltr'><strong>καὶ</strong></span> <span class='ocrx_word' id='word_1_710' title='bbox 1561 4879 1775 4948; x_wconf 89' lang='grc' dir='ltr'>κίνησις</span> <span class='ocrx_word' id='word_1_711' title='bbox 1819 4880 1944 4954; x_wconf 86' lang='grc' dir='ltr'>περί</span> 
     </span>
    </p>
   </div>
   <div class='ocr_carea' id='block_1_101' title="bbox 301 4963 1947 5042">
    <p class='ocr_par' dir='ltr' id='par_1_101' title="bbox 301 4963 1947 5042">
     <span class='ocr_line' id='line_1_101' title="bbox 301 4963 1947 5042; baseline -0.009 -15"><span class='ocrx_word' id='word_1_712' title='bbox 301 4991 437 5026; x_wconf 86' lang='grc' dir='ltr'>κατα</span> <span class='ocrx_word' id='word_1_713' title='bbox 473 4973 584 5024; x_wconf 86' lang='grc' dir='ltr'><strong>τῶν</strong></span> <span class='ocrx_word' id='word_1_714' title='bbox 615 4966 666 5038; x_wconf 73' lang='grc' dir='ltr'><strong>ἐξ</strong></span> <span class='ocrx_word' id='word_1_715' title='bbox 708 4967 906 5028; x_wconf 76' lang='grc' dir='ltr'>αἰῶνος</span> <span class='ocrx_word' id='word_1_716' title='bbox 953 4963 1184 5035; x_wconf 85' lang='grc' dir='ltr'>τοσαύνη</span> <span class='ocrx_word' id='word_1_717' title='bbox 1241 4963 1468 5038; x_wconf 76' lang='grc' dir='ltr'>ἐγένετο,</span> <span class='ocrx_word' id='word_1_718' title='bbox 1529 4965 1626 5036; x_wconf 75' lang='grc' dir='ltr'><strong>ὅση</strong></span> <span class='ocrx_word' id='word_1_719' title='bbox 1675 4967 1797 5042; x_wconf 84' lang='grc' dir='ltr'>περὶ</span> <span class='ocrx_word' id='word_1_720' title='bbox 1856 4969 1947 5023; x_wconf 70' lang='grc' dir='ltr'><strong>αὖ.</strong></span> 
     </span>
    </p>
   </div>
   <div class='ocr_carea' id='block_1_102' title="bbox 299 5053 1944 5132">
    <p class='ocr_par' dir='ltr' id='par_1_102' title="bbox 299 5053 1944 5132">
     <span class='ocr_line' id='line_1_102' title="bbox 299 5053 1944 5132; baseline -0.002 -15"><span class='ocrx_word' id='word_1_721' title='bbox 299 5061 392 5117; x_wconf 83' lang='grc' dir='ltr'><strong>τόν</strong></span> <span class='ocrx_word' id='word_1_722' title='bbox 419 5079 431 5092; x_wconf 90' lang='grc'><strong>·</strong></span> <span class='ocrx_word' id='word_1_723' title='bbox 469 5061 552 5114; x_wconf 79' lang='grc' dir='ltr'><strong>ὅτι</strong></span> <span class='ocrx_word' id='word_1_724' title='bbox 585 5077 649 5132; x_wconf 86' lang='grc' dir='ltr'><strong>γε</strong></span> <span class='ocrx_word' id='word_1_725' title='bbox 681 5053 823 5130; x_wconf 79' lang='grc' dir='ltr'>μηδὲ</span> <span class='ocrx_word' id='word_1_726' title='bbox 869 5057 1057 5124; x_wconf 79' lang='grc' dir='ltr'>ἱκανὴν</span> <span class='ocrx_word' id='word_1_727' title='bbox 1107 5054 1238 5110; x_wconf 81' lang='grc' dir='ltr'>εἶναι</span> <span class='ocrx_word' id='word_1_728' title='bbox 1277 5058 1375 5109; x_wconf 92' lang='grc' dir='ltr'><strong>τοῦ</strong></span> <span class='ocrx_word' id='word_1_729' title='bbox 1421 5054 1594 5111; x_wconf 89' lang='grc' dir='ltr'>τύπου</span> <span class='ocrx_word' id='word_1_730' title='bbox 1641 5058 1740 5126; x_wconf 77' lang='grc' dir='ltr'>τὴν</span> <span class='ocrx_word' id='word_1_731' title='bbox 1787 5055 1944 5114; x_wconf 85' lang='grc' dir='ltr'>δύνα-</span> 
     </span>
    </p>
   </div>
   <div class='ocr_carea' id='block_1_103' title="bbox 306 5141 1943 5222">
    <p class='ocr_par' dir='ltr' id='par_1_103' title="bbox 306 5141 1943 5222">
     <span class='ocr_line' id='line_1_103' title="bbox 306 5141 1943 5222; baseline -0.001 -18"><span class='ocrx_word' id='word_1_732' title='bbox 306 5169 399 5222; x_wconf 92' lang='grc' dir='ltr'><strong>μιν</strong></span> <span class='ocrx_word' id='word_1_733' title='bbox 427 5147 653 5204; x_wconf 88' lang='grc' dir='ltr'>τοσαῦτ’</span> <span class='ocrx_word' id='word_1_734' title='bbox 682 5143 939 5220; x_wconf 73' lang='grc' dir='ltr'>ἐνεργεῖν,</span> <span class='ocrx_word' id='word_1_735' title='bbox 971 5142 1071 5198; x_wconf 79' lang='grc' dir='ltr'><strong>ὅσα</strong></span> <span class='ocrx_word' id='word_1_736' title='bbox 1101 5141 1239 5211; x_wconf 84' lang='grc' dir='ltr'>δῆτα</span> <span class='ocrx_word' id='word_1_737' title='bbox 1285 5144 1374 5198; x_wconf 82' lang='grc' dir='ltr'><strong>καὶ</strong></span> <span class='ocrx_word' id='word_1_738' title='bbox 1405 5145 1504 5214; x_wconf 81' lang='grc' dir='ltr'>τὴν</span> <span class='ocrx_word' id='word_1_739' title='bbox 1548 5151 1648 5214; x_wconf 87' lang='grc' dir='ltr'><strong>τῆς</strong></span> <span class='ocrx_word' id='word_1_740' title='bbox 1681 5145 1943 5216; x_wconf 85' lang='grc' dir='ltr'>ἀληθείας</span> 
     </span>
    </p>
   </div>
   <div class='ocr_carea' id='block_1_104' title="bbox 301 5231 1943 5313">
    <p class='ocr_par' dir='ltr' id='par_1_104' title="bbox 301 5231 1943 5313">
     <span class='ocr_line' id='line_1_104' title="bbox 301 5231 1943 5313; baseline -0.003 -19"><span class='ocrx_word' id='word_1_741' title='bbox 301 5239 662 5313; x_wconf 82' lang='grc' dir='ltr'>παράστασιν,</span> <span class='ocrx_word' id='word_1_742' title='bbox 721 5233 757 5302; x_wconf 77' lang='grc' dir='ltr'><strong>ἢ</strong></span> <span class='ocrx_word' id='word_1_743' title='bbox 816 5231 905 5288; x_wconf 80' lang='grc' dir='ltr'><strong>διὰ</strong></span> <span class='ocrx_word' id='word_1_744' title='bbox 959 5235 1056 5286; x_wconf 87' lang='grc' dir='ltr'><strong>τοῦ</strong></span> <span class='ocrx_word' id='word_1_745' title='bbox 1115 5239 1374 5306; x_wconf 87' lang='grc' dir='ltr'>Σωτῆρος</span> <span class='ocrx_word' id='word_1_746' title='bbox 1447 5235 1608 5305; x_wconf 77' lang='grc' dir='ltr'>ἡμῶν</span> <span class='ocrx_word' id='word_1_747' title='bbox 1663 5231 1943 5307; x_wconf 87' lang='grc' dir='ltr'>ἀριδήλως</span> 
     </span>
    </p>
   </div>
   <div class='ocr_carea' id='block_1_105' title="bbox 299 5319 1945 5396">
    <p class='ocr_par' dir='ltr' id='par_1_105' title="bbox 299 5319 1945 5396">
     <span class='ocr_line' id='line_1_105' title="bbox 299 5319 1945 5396; baseline -0.001 -15"><span class='ocrx_word' id='word_1_748' title='bbox 299 5324 574 5382; x_wconf 72' lang='grc' dir='ltr'>ἐδείκνυτο</span> <span class='ocrx_word' id='word_1_749' title='bbox 598 5343 612 5356; x_wconf 86' lang='lat'><strong><em>°</em></strong></span> <span class='ocrx_word' id='word_1_750' title='bbox 657 5323 716 5386; x_wconf 78' lang='grc' dir='ltr'>ὃς</span> <span class='ocrx_word' id='word_1_751' title='bbox 745 5343 804 5396; x_wconf 85' lang='grc' dir='ltr'><strong>γε</strong></span> <span class='ocrx_word' id='word_1_752' title='bbox 835 5319 959 5376; x_wconf 77' lang='grc' dir='ltr'>οὐδέ</span> <span class='ocrx_word' id='word_1_753' title='bbox 980 5341 1034 5376; x_wconf 91' lang='grc' dir='ltr'><strong>τι</strong></span> <span class='ocrx_word' id='word_1_754' title='bbox 1063 5325 1168 5375; x_wconf 89' lang='grc' dir='ltr'><strong>τῶν</strong></span> <span class='ocrx_word' id='word_1_755' title='bbox 1221 5320 1321 5375; x_wconf 80' lang='grc' dir='ltr'><strong>ὅσα</strong></span> <span class='ocrx_word' id='word_1_756' title='bbox 1368 5321 1538 5394; x_wconf 72' lang='grc' dir='ltr'>σεμνά</span> <span class='ocrx_word' id='word_1_757' title='bbox 1565 5342 1623 5376; x_wconf 90' lang='grc' dir='ltr'><strong>τε</strong></span> <span class='ocrx_word' id='word_1_758' title='bbox 1652 5325 1738 5377; x_wconf 84' lang='grc' dir='ltr'><strong>καὶ</strong></span> <span class='ocrx_word' id='word_1_759' title='bbox 1788 5323 1945 5396; x_wconf 88' lang='grc' dir='ltr'>τίμια</span> 
     </span>
    </p>
   </div>
   <div class='ocr_carea' id='block_1_106' title="bbox 297 5406 1945 5490">
    <p class='ocr_par' dir='ltr' id='par_1_106' title="bbox 297 5406 1945 5490">
     <span class='ocr_line' id='line_1_106' title="bbox 297 5406 1945 5490; baseline -0.001 -20"><span class='ocrx_word' id='word_1_760' title='bbox 297 5416 442 5490; x_wconf 86' lang='grc' dir='ltr'>παρά</span> <span class='ocrx_word' id='word_1_761' title='bbox 469 5435 567 5470; x_wconf 88' lang='grc' dir='ltr'><strong>του</strong></span> <span class='ocrx_word' id='word_1_762' title='bbox 611 5408 819 5480; x_wconf 80' lang='grc' dir='ltr'>λαϐὼν,</span> <span class='ocrx_word' id='word_1_763' title='bbox 869 5409 997 5465; x_wconf 83' lang='grc' dir='ltr'>ἀλλ’</span> <span class='ocrx_word' id='word_1_764' title='bbox 1038 5406 1164 5464; x_wconf 74' lang='grc' dir='ltr'>οὐδὲ</span> <span class='ocrx_word' id='word_1_765' title='bbox 1201 5409 1263 5463; x_wconf 84' lang='grc' dir='ltr'>τὸ</span> <span class='ocrx_word' id='word_1_766' title='bbox 1300 5411 1449 5486; x_wconf 87' lang='grc' dir='ltr'>γένος</span> <span class='ocrx_word' id='word_1_767' title='bbox 1488 5409 1538 5483; x_wconf 77' lang='grc' dir='ltr'>ἐξ</span> <span class='ocrx_word' id='word_1_768' title='bbox 1573 5409 1757 5482; x_wconf 75' lang='grc' dir='ltr'>ἱερέων</span> <span class='ocrx_word' id='word_1_769' title='bbox 1800 5413 1945 5487; x_wconf 81' lang='grc' dir='ltr'>τάχα</span> 
     </span>
    </p>
   </div>
   <div class='ocr_carea' id='block_1_107' title="bbox 298 5496 1941 5579">
    <p class='ocr_par' dir='ltr' id='par_1_107' title="bbox 298 5496 1941 5579">
     <span class='ocr_line' id='line_1_107' title="bbox 298 5496 1941 5579; baseline -0.002 -17"><span class='ocrx_word' id='word_1_770' title='bbox 298 5505 588 5579; x_wconf 69' lang='grc' dir='ltr'>κατάγωνο</span> <span class='ocrx_word' id='word_1_771' title='bbox 649 5499 775 5558; x_wconf 84' lang='grc' dir='ltr'>ούδέ</span> <span class='ocrx_word' id='word_1_772' title='bbox 826 5520 936 5556; x_wconf 88' lang='grc' dir='ltr'>τισι</span> <span class='ocrx_word' id='word_1_773' title='bbox 995 5496 1324 5562; x_wconf 84' lang='grc' dir='ltr'>δυναστείαις</span> <span class='ocrx_word' id='word_1_774' title='bbox 1375 5498 1464 5554; x_wconf 81' lang='grc' dir='ltr'>ἐπὶ</span> <span class='ocrx_word' id='word_1_775' title='bbox 1510 5500 1610 5568; x_wconf 81' lang='grc' dir='ltr'><strong>τήν</strong></span> <span class='ocrx_word' id='word_1_776' title='bbox 1665 5500 1941 5574; x_wconf 88' lang='grc' dir='ltr'>βασιλείαν</span> 
     </span>
    </p>
   </div>
   <div class='ocr_carea' id='block_1_108' title="bbox 381 5677 1635 5755">
    <p class='ocr_par' dir='ltr' id='par_1_108' title="bbox 381 5677 1635 5755">
     <span class='ocr_line' id='line_1_108' title="bbox 381 5677 1635 5755; baseline -0.007 -11"><span class='ocrx_word' id='word_1_777' title='bbox 381 5685 404 5718; x_wconf 82' lang='grc'><strong>⁸</strong></span> <span class='ocrx_word' id='word_1_778' title='bbox 433 5684 654 5744; x_wconf 84' lang='lat' dir='ltr'><strong>Thran.</strong></span> <span class='ocrx_word' id='word_1_779' title='bbox 685 5697 764 5750; x_wconf 73' lang='grc' dir='ltr'><strong>ιν,</strong></span> <span class='ocrx_word' id='word_1_780' title='bbox 791 5680 885 5742; x_wconf 79' lang='grc'><strong>20.</strong></span> <span class='ocrx_word' id='word_1_781' title='bbox 909 5681 930 5717; x_wconf 73' lang='grc' dir='ltr'><strong><em>τ</em></strong></span> <span class='ocrx_word' id='word_1_782' title='bbox 958 5678 1119 5740; x_wconf 85' lang='lat' dir='ltr'><strong>Pssl.</strong></span> <span class='ocrx_word' id='word_1_783' title='bbox 1148 5693 1212 5745; x_wconf 78' lang='grc' dir='ltr'>ιι.</span> <span class='ocrx_word' id='word_1_784' title='bbox 1240 5678 1299 5755; x_wconf 87' lang='lat'><strong>2,</strong></span> <span class='ocrx_word' id='word_1_785' title='bbox 1326 5677 1354 5716; x_wconf 84' lang='grc'>⁸</span> <span class='ocrx_word' id='word_1_786' title='bbox 1373 5678 1517 5738; x_wconf 87' lang='lat' dir='ltr'><strong>ibid.</strong></span> <span class='ocrx_word' id='word_1_787' title='bbox 1543 5679 1635 5738; x_wconf 87' lang='lat'><strong>20.</strong></span> 
     </span>
    </p>
   </div>
   <div class='ocr_carea' id='block_1_109' title="bbox 2058 4703 3696 4780">
    <p class='ocr_par' dir='ltr' id='par_1_109' title="bbox 2058 4703 3696 4780">
     <span class='ocr_line' id='line_1_109' title="bbox 2058 4703 3696 4780; baseline -0.002 -19"><span class='ocrx_word' id='word_1_788' title='bbox 2058 4711 2122 4761; x_wconf 91' lang='lat' dir='ltr'><strong>ut</strong></span> <span class='ocrx_word' id='word_1_789' title='bbox 2151 4723 2248 4762; x_wconf 85' lang='lat' dir='ltr'><strong>eos</strong></span> <span class='ocrx_word' id='word_1_790' title='bbox 2279 4707 2374 4779; x_wconf 89' lang='lat' dir='ltr'><strong>qui</strong></span> <span class='ocrx_word' id='word_1_791' title='bbox 2431 4726 2493 4764; x_wconf 90' lang='lat' dir='ltr'><strong>se</strong></span> <span class='ocrx_word' id='word_1_792' title='bbox 2522 4709 2639 4764; x_wconf 89' lang='lat' dir='ltr'><strong>illis</strong></span> <span class='ocrx_word' id='word_1_793' title='bbox 2672 4715 2735 4764; x_wconf 92' lang='lat' dir='ltr'><strong>ut</strong></span> <span class='ocrx_word' id='word_1_794' title='bbox 2764 4710 3027 4766; x_wconf 86' lang='lat' dir='ltr'><strong>subditos</strong></span> <span class='ocrx_word' id='word_1_795' title='bbox 3064 4710 3458 4780; x_wconf 66' lang='lat' dir='ltr'><strong>sulijecerunt,</strong></span> <span class='ocrx_word' id='word_1_796' title='bbox 3489 4703 3696 4776; x_wconf 84' lang='lat' dir='ltr'><strong>imagi-</strong></span> 
     </span>
    </p>
   </div>
   <div class='ocr_carea' id='block_1_110' title="bbox 2056 4797 3728 4867">
    <p class='ocr_par' dir='ltr' id='par_1_110' title="bbox 2056 4797 3728 4867">
     <span class='ocr_line' id='line_1_110' title="bbox 2056 4797 3728 4867; baseline -0.002 -14"><span class='ocrx_word' id='word_1_797' title='bbox 2056 4798 2219 4853; x_wconf 83' lang='lat' dir='ltr'><strong>nario</strong></span> <span class='ocrx_word' id='word_1_798' title='bbox 2249 4803 2306 4854; x_wconf 91' lang='lat' dir='ltr'><strong>et</strong></span> <span class='ocrx_word' id='word_1_799' title='bbox 2339 4801 2637 4858; x_wconf 84' lang='lat' dir='ltr'><strong>umbratili</strong></span> <span class='ocrx_word' id='word_1_800' title='bbox 2668 4801 2904 4858; x_wconf 87' lang='lat' dir='ltr'><strong>nomine</strong></span> <span class='ocrx_word' id='word_1_801' title='bbox 2943 4800 3299 4858; x_wconf 89' lang='lat' dir='ltr'><strong>Christianos</strong></span> <span class='ocrx_word' id='word_1_802' title='bbox 3330 4797 3728 4867; x_wconf 83' lang='lat' dir='ltr'><strong>cognomina--</strong></span> 
     </span>
    </p>
   </div>
   <div class='ocr_carea' id='block_1_111' title="bbox 2051 4885 3698 4958">
    <p class='ocr_par' dir='ltr' id='par_1_111' title="bbox 2051 4885 3698 4958">
     <span class='ocr_line' id='line_1_111' title="bbox 2051 4885 3698 4958; baseline -0.002 -16"><span class='ocrx_word' id='word_1_803' title='bbox 2051 4891 2180 4942; x_wconf 84' lang='lat' dir='ltr'><strong>rent</strong></span> <span class='ocrx_word' id='word_1_804' title='bbox 2214 4903 2228 4942; x_wconf 93' lang='lat'>:</span> <span class='ocrx_word' id='word_1_805' title='bbox 2264 4887 2374 4945; x_wconf 72' lang='lat'><strong>50</strong></span> <span class='ocrx_word' id='word_1_806' title='bbox 2405 4906 2539 4946; x_wconf 91' lang='lat' dir='ltr'><strong>cum</strong></span> <span class='ocrx_word' id='word_1_807' title='bbox 2587 4890 2672 4946; x_wconf 89' lang='lat' dir='ltr'><strong>illi</strong></span> <span class='ocrx_word' id='word_1_808' title='bbox 2717 4899 2909 4946; x_wconf 89' lang='lat' dir='ltr'><strong>tamen</strong></span> <span class='ocrx_word' id='word_1_809' title='bbox 2942 4891 3012 4946; x_wconf 88' lang='lat' dir='ltr'><strong>ad</strong></span> <span class='ocrx_word' id='word_1_810' title='bbox 3044 4889 3337 4958; x_wconf 85' lang='lat' dir='ltr'><strong>ingentem</strong></span> <span class='ocrx_word' id='word_1_811' title='bbox 3368 4885 3610 4958; x_wconf 88' lang='lat' dir='ltr'><strong>gloriam</strong></span> <span class='ocrx_word' id='word_1_812' title='bbox 3641 4888 3698 4940; x_wconf 92' lang='lat' dir='ltr'><strong>et</strong></span> 
     </span>
    </p>
   </div>
   <div class='ocr_carea' id='block_1_112' title="bbox 2051 4973 3699 5050">
    <p class='ocr_par' dir='ltr' id='par_1_112' title="bbox 2051 4973 3699 5050">
     <span class='ocr_line' id='line_1_112' title="bbox 2051 4973 3699 5050; baseline -0.001 -20"><span class='ocrx_word' id='word_1_813' title='bbox 2051 4973 2330 5033; x_wconf 89' lang='lat' dir='ltr'><strong>honorem</strong></span> <span class='ocrx_word' id='word_1_814' title='bbox 2381 4979 2818 5050; x_wconf 89' lang='lat' dir='ltr'><strong>processissent.</strong></span> <span class='ocrx_word' id='word_1_815' title='bbox 2850 4983 2976 5035; x_wconf 91' lang='lat' dir='ltr'><strong>Jam</strong></span> <span class='ocrx_word' id='word_1_816' title='bbox 3026 4993 3131 5033; x_wconf 89' lang='lat' dir='ltr'><strong>nec</strong></span> <span class='ocrx_word' id='word_1_817' title='bbox 3159 4976 3258 5032; x_wconf 91' lang='lat' dir='ltr'><strong>alii</strong></span> <span class='ocrx_word' id='word_1_818' title='bbox 3287 4973 3540 5046; x_wconf 88' lang='lat' dir='ltr'><strong>cuipiam</strong></span> <span class='ocrx_word' id='word_1_819' title='bbox 3573 4977 3699 5030; x_wconf 90' lang='lat' dir='ltr'><strong>tan-</strong></span> 
     </span>
    </p>
   </div>
   <div class='ocr_carea' id='block_1_113' title="bbox 2051 5063 3699 5138">
    <p class='ocr_par' dir='ltr' id='par_1_113' title="bbox 2051 5063 3699 5138">
     <span class='ocr_line' id='line_1_113' title="bbox 2051 5063 3699 5138; baseline 0 -20"><span class='ocrx_word' id='word_1_820' title='bbox 2051 5065 2151 5118; x_wconf 90' lang='lat' dir='ltr'><strong>tus</strong></span> <span class='ocrx_word' id='word_1_821' title='bbox 2180 5065 2357 5122; x_wconf 90' lang='lat' dir='ltr'><strong>etiam</strong></span> <span class='ocrx_word' id='word_1_822' title='bbox 2389 5072 2522 5138; x_wconf 90' lang='lat' dir='ltr'><strong>post</strong></span> <span class='ocrx_word' id='word_1_823' title='bbox 2547 5067 2772 5124; x_wconf 90' lang='lat' dir='ltr'><strong>obitum</strong></span> <span class='ocrx_word' id='word_1_824' title='bbox 2805 5067 3123 5124; x_wconf 85' lang='lat' dir='ltr'><strong>attributus</strong></span> <span class='ocrx_word' id='word_1_825' title='bbox 3152 5069 3242 5121; x_wconf 89' lang='lat' dir='ltr'><strong>est</strong></span> <span class='ocrx_word' id='word_1_826' title='bbox 3269 5063 3482 5124; x_wconf 90' lang='lat' dir='ltr'><strong>cultus.</strong></span> <span class='ocrx_word' id='word_1_827' title='bbox 3515 5070 3570 5119; x_wconf 89' lang='lat' dir='ltr'><strong>et</strong></span> <span class='ocrx_word' id='word_1_828' title='bbox 3596 5077 3699 5119; x_wconf 89' lang='lat' dir='ltr'><strong>ve-</strong></span> 
     </span>
    </p>
   </div>
   <div class='ocr_carea' id='block_1_114' title="bbox 2053 5152 3698 5228">
    <p class='ocr_par' dir='ltr' id='par_1_114' title="bbox 2053 5152 3698 5228">
     <span class='ocr_line' id='line_1_114' title="bbox 2053 5152 3698 5228; baseline -0.001 -19"><span class='ocrx_word' id='word_1_829' title='bbox 2053 5153 2370 5212; x_wconf 89' lang='lat' dir='ltr'><strong>nerationis</strong></span> <span class='ocrx_word' id='word_1_830' title='bbox 2413 5157 2618 5225; x_wconf 90' lang='lat' dir='ltr'><strong>honor,</strong></span> <span class='ocrx_word' id='word_1_831' title='bbox 2654 5162 2717 5212; x_wconf 91' lang='lat' dir='ltr'><strong>ut</strong></span> <span class='ocrx_word' id='word_1_832' title='bbox 2749 5173 2849 5228; x_wconf 91' lang='lat' dir='ltr'><strong>pro</strong></span> <span class='ocrx_word' id='word_1_833' title='bbox 2893 5157 3019 5226; x_wconf 86' lang='lat' dir='ltr'><strong>ejus</strong></span> <span class='ocrx_word' id='word_1_834' title='bbox 3070 5155 3306 5211; x_wconf 88' lang='lat' dir='ltr'><strong>nomine</strong></span> <span class='ocrx_word' id='word_1_835' title='bbox 3331 5152 3522 5224; x_wconf 89' lang='lat' dir='ltr'><strong>ipsam</strong></span> <span class='ocrx_word' id='word_1_836' title='bbox 3553 5167 3698 5224; x_wconf 87' lang='lat' dir='ltr'><strong>quo-</strong></span> 
     </span>
    </p>
   </div>
   <div class='ocr_carea' id='block_1_115' title="bbox 2051 5241 3699 5318">
    <p class='ocr_par' dir='ltr' id='par_1_115' title="bbox 2051 5241 3699 5318">
     <span class='ocr_line' id='line_1_115' title="bbox 2051 5241 3699 5318; baseline -0.002 -20"><span class='ocrx_word' id='word_1_837' title='bbox 2051 5258 2160 5313; x_wconf 89' lang='lat' dir='ltr'><strong>que</strong></span> <span class='ocrx_word' id='word_1_838' title='bbox 2218 5243 2394 5301; x_wconf 86' lang='lat' dir='ltr'><strong>vitam</strong></span> <span class='ocrx_word' id='word_1_839' title='bbox 2444 5246 2622 5318; x_wconf 87' lang='lat' dir='ltr'><strong>aliqui</strong></span> <span class='ocrx_word' id='word_1_840' title='bbox 2673 5261 2789 5301; x_wconf 86' lang='lat' dir='ltr'><strong>non</strong></span> <span class='ocrx_word' id='word_1_841' title='bbox 2842 5249 3075 5316; x_wconf 82' lang='lat' dir='ltr'><strong>gravate</strong></span> <span class='ocrx_word' id='word_1_842' title='bbox 3129 5242 3298 5298; x_wconf 90' lang='lat' dir='ltr'><strong>vilem</strong></span> <span class='ocrx_word' id='word_1_843' title='bbox 3359 5241 3699 5308; x_wconf 86' lang='lat' dir='ltr'><strong>habuerint,</strong></span> 
     </span>
    </p>
   </div>
   <div class='ocr_carea' id='block_1_116' title="bbox 2052 5331 3702 5405">
    <p class='ocr_par' dir='ltr' id='par_1_116' title="bbox 2052 5331 3702 5405">
     <span class='ocr_line' id='line_1_116' title="bbox 2052 5331 3702 5405; baseline -0.001 -19"><span class='ocrx_word' id='word_1_844' title='bbox 2052 5331 2490 5405; x_wconf 88' lang='lat' dir='ltr'><strong>amiserintque.</strong></span> <span class='ocrx_word' id='word_1_845' title='bbox 2530 5334 2773 5404; x_wconf 80' lang='lat' dir='ltr'><strong>Insuper</strong></span> <span class='ocrx_word' id='word_1_846' title='bbox 2823 5348 3004 5404; x_wconf 89' lang='lat' dir='ltr'><strong>neque</strong></span> <span class='ocrx_word' id='word_1_847' title='bbox 3057 5333 3207 5388; x_wconf 87' lang='lat' dir='ltr'><strong>circa</strong></span> <span class='ocrx_word' id='word_1_848' title='bbox 3256 5346 3616 5402; x_wconf 80' lang='lat' dir='ltr'><strong>quamquam</strong></span> <span class='ocrx_word' id='word_1_849' title='bbox 3668 5345 3702 5384; x_wconf 86' lang='lat' dir='ltr'><strong>a</strong></span> 
     </span>
    </p>
   </div>
   <div class='ocr_carea' id='block_1_117' title="bbox 2052 5418 3704 5491">
    <p class='ocr_par' dir='ltr' id='par_1_117' title="bbox 2052 5418 3704 5491">
     <span class='ocr_line' id='line_1_117' title="bbox 2052 5418 3704 5491; baseline -0.002 -14"><span class='ocrx_word' id='word_1_850' title='bbox 2052 5422 2272 5478; x_wconf 89' lang='lat' dir='ltr'><strong>mundo</strong></span> <span class='ocrx_word' id='word_1_851' title='bbox 2302 5423 2554 5491; x_wconf 90' lang='lat' dir='ltr'><strong>condito,</strong></span> <span class='ocrx_word' id='word_1_852' title='bbox 2588 5427 2790 5479; x_wconf 89' lang='lat' dir='ltr'><strong>tantus</strong></span> <span class='ocrx_word' id='word_1_853' title='bbox 2821 5425 3013 5478; x_wconf 86' lang='lat' dir='ltr'><strong>motus</strong></span> <span class='ocrx_word' id='word_1_854' title='bbox 3042 5427 3098 5476; x_wconf 91' lang='lat' dir='ltr'><strong>et</strong></span> <span class='ocrx_word' id='word_1_855' title='bbox 3127 5418 3436 5478; x_wconf 86' lang='lat' dir='ltr'><strong>concussio</strong></span> <span class='ocrx_word' id='word_1_856' title='bbox 3467 5418 3704 5476; x_wconf 88' lang='lat' dir='ltr'><strong>habita-</strong></span> 
     </span>
    </p>
   </div>
   <div class='ocr_carea' id='block_1_118' title="bbox 2050 5507 3702 5584">
    <p class='ocr_par' dir='ltr' id='par_1_118' title="bbox 2050 5507 3702 5584">
     <span class='ocr_line' id='line_1_118' title="bbox 2050 5507 3702 5584; baseline 0.001 -21"><span class='ocrx_word' id='word_1_857' title='bbox 2050 5507 2190 5566; x_wconf 90' lang='lat' dir='ltr'><strong>bilis</strong></span> <span class='ocrx_word' id='word_1_858' title='bbox 2250 5514 2438 5579; x_wconf 70' lang='lat' dir='ltr'><strong>terra,</strong></span> <span class='ocrx_word' id='word_1_859' title='bbox 2491 5515 2748 5584; x_wconf 87' lang='lat' dir='ltr'><strong>quantus</strong></span> <span class='ocrx_word' id='word_1_860' title='bbox 2805 5511 2957 5568; x_wconf 86' lang='lat' dir='ltr'><strong>circa</strong></span> <span class='ocrx_word' id='word_1_861' title='bbox 3012 5524 3168 5573; x_wconf 85' lang='lat' dir='ltr'><strong>cum,</strong></span> <span class='ocrx_word' id='word_1_862' title='bbox 3215 5507 3344 5565; x_wconf 85' lang='lat' dir='ltr'><strong>fuit.</strong></span> <span class='ocrx_word' id='word_1_863' title='bbox 3399 5507 3702 5566; x_wconf 84' lang='lat' dir='ltr'><strong>Enimvero</strong></span> 
     </span>
    </p>
   </div>
  </div>
