4096 6284
375 341 488 406 631

1685 350 2110 413 NICEPHORI
2155 312 2535 415 CALLISTI'

3671 350 3778 413 632

377 482 503 540 fieri
558 484 902 556 neutiquam
955 499 1139 551 posse,
1174 486 1237 538 ut
1275 481 1362 539 vis
1391 490 1446 539 et
1484 483 1669 540 virtus
1700 485 1821 557 typi
1852 489 2028 559 atque

2161 486 2355 559 ἱχθεὲς,
2391 483 2512 541 οὔτε
2547 487 2652 560 μὴν
2703 488 2992 564 προφήτης
3037 487 3111 548 ὡς
3156 485 3210 540 οἳ
3257 482 3428 539 πάλαι
3474 485 3783 557 γενόμενος,

378 572 631 644 maginis
681 577 913 627 tantum
969 572 1257 642 perﬁciat,
1289 578 1576 644 quantum
1627 574 1904 630 nimirum
1947 593 2041 632 ve-

381 645 592 718 iritatis
623 662 807 731 ipsius
838 663 1266 732 representatio
1296 666 1352 716 et
1381 663 1679 729 exhibitio,
1711 680 1775 719 ea
1824 681 1952 736 qua
1985 666 2041 721 in

383 753 686 807 Servatore
742 755 938 805 nostro
1004 755 1092 806 est
1160 757 1459 823 perspecta
1523 757 1802 824 potestas,
1861 755 2044 810 mani-

381 841 673 896 festisime
704 840 1038 910 comprobat
1067 850 1123 896 et
1173 841 1449 896 declarat.
1485 843 1594 910 Qui
1637 844 1874 914 quidem
1907 861 2041 899 cum

390 929 536 984 nihil
565 945 762 984 eorum
796 945 924 998 quae
964 930 1273 1000 magnifica
1301 935 1354 985 et
1381 932 1730 1002 praestabilis
1755 933 2045 988 habentur

388 1037 422 1074 a
456 1019 728 1090 quopiam
762 1019 1083 1090 accepisset
1107 1037 1118 1073 :
1140 1021 1238 1074 sed
1273 1038 1463 1091 neque
1493 1037 1678 1092 genus
1713 1025 1954 1078 fortasse
1973 1040 2042 1080 ex

397 1109 764 1164 sacerdotum
811 1110 1012 1164 ordine
1046 1111 1324 1177 duxisset,
1361 1126 1546 1182 neque
1587 1112 1796 1182 opibus
1829 1112 2041 1184 aliqui—

389 1197 502 1252 bus
532 1199 602 1252 ad
641 1213 884 1269 regnum
915 1203 1144 1254 evectus
1173 1204 1329 1255 esset
1363 1215 1375 1254 :
1411 1216 1596 1270 neque
1629 1218 1728 1270 pro
1761 1203 2043 1272 propheta

393 1290 458 1341 ut
493 1291 707 1341 veteres
737 1286 842 1351 illi,
877 1303 940 1342 se
973 1288 1267 1358 gessisset,
1303 1305 1490 1360 neque
1537 1291 1818 1362 dignitate
1848 1292 2043 1364 aliqua

391 1394 424 1432 a
469 1377 690 1432 Judais
738 1386 941 1433 auctus
972 1383 1124 1433 esset
1159 1399 1172 1447 ;
1208 1380 1474 1451 quamvis
1508 1397 1607 1449 per
1635 1398 1696 1437 se
1728 1383 1923 1453 ipsum
1960 1401 2041 1439 re-

393 1485 528 1523 vera
557 1469 753 1523 omnia
783 1486 817 1524 a
840 1469 1025 1535 Patre,
1050 1473 1106 1524 et
1132 1485 1248 1524 non
1283 1487 1383 1540 per
1403 1472 1666 1542 symbola
1698 1478 1797 1528 aut
1831 1473 2044 1542 ﬁguras

396 1557 633 1613 haberet
656 1574 668 1614 :
691 1557 956 1614 Christus
985 1562 1178 1614 tamen
1215 1575 1325 1629 pra:
1357 1560 1627 1616 omnibus
1650 1561 1764 1616 illis
1797 1564 2045 1618 maxime

397 1650 487 1701 est
535 1646 922 1713 renuntiatus,
957 1651 1130 1717 atque
1183 1646 1557 1703 declaratus:
1605 1654 1661 1704 et
1725 1666 1852 1704 cum
1909 1652 2046 1706 orbe

398 1735 707 1791 habitabili
741 1736 1011 1792 universo
1050 1752 1368 1808 cognonem
1418 1739 1592 1793 simul
1644 1756 1839 1804 suum,
1875 1739 2044 1795 simul

2153 575 2278 631 ἀλλ’
2310 573 2434 630 ούδέ
2458 596 2606 636 τινος
2657 576 2804 648 ἀξίας
2851 577 2996 649 παρά
3043 572 3337 635 Ἰουδαίοις
3388 573 3786 647 ένευπορήσας’

2153 665 2247 719 κάν
2275 671 2394 725 ταῖς
2427 664 2711 736 ἀληθείαις
2761 667 2934 719 πάντα
2984 665 3104 740 εἶχε
3152 664 3443 737 πατρόθεν,
3490 661 3537 716 εἰ
3589 664 3675 718 καὶ
3721 663 3790 735 μῆ

2153 750 2530 825 συμϐολικῶς,
2581 755 2818 828 Χριστὸς
2867 751 3081 825 μᾶλλον
3131 752 3348 806 ἐκείνων
3401 751 3623 806 πάντων
3674 752 3793 820 ἀνη-

2150 843 2436 918 γορεύθη·
2504 843 2593 897 καὶ
2655 842 2798 917 πάσῃ
2869 845 2938 916 τῇ
3009 841 3301 915 οἷκουμένῃ
3380 847 3480 908 τῆς
3543 840 3790 918 σφετέρας

2152 932 2523 1008 προσηγορίας
2569 932 2657 987 καὶ
2709 935 2804 1000 τῆς
2855 938 3058 1003 σεμνῆς
3107 929 3392 989 πολιτείας
3449 925 3748 1002 μετέδωκεν
3779 949 3791 960 ·

2153 1021 2214 1075 οὗ
2267 1023 2418 1084 σκιὰς
2472 1021 2558 1074 καὶ
2609 1021 2814 1082 τύπους
2865 1019 2955 1074 καὶ
3006 1017 3237 1084 εἷκόνας,
3287 1019 3361 1078 ὡς
3418 1017 3638 1091 τοπρίν,
3694 1020 3794 1070 τῶν

2151 1109 2358 1180 καλῶν,
2409 1109 2536 1165 ἀλλ’
2586 1109 2749 1171 αὐτάς
2797 1110 3005 1185 γυμνάς
3062 1108 3156 1169 τὰς
3206 1107 3397 1182 ἀρετάς
3455 1106 3794 1181 παρασχώνσ

2156 1199 2269 1273 βίον
2308 1199 2364 1254 τέ
2411 1220 2531 1254 τινα
2575 1198 2865 1273 διηρμένον
2911 1197 3000 1252 καὶ
3054 1195 3306 1269 οὐράνιον
3357 1195 3491 1268 μετᾶ
3540 1199 3649 1249 τῶν
3700 1201 3800 1262 τῆς

2152 1287 2411 1356 ἀληθείας
2473 1285 2764 1363 δογμάτων
2813 1291 2928 1348 τοῖς
2979 1287 3269 1346 θιασώταις
3320 1282 3662 1350 καταλιπὼν,
3711 1281 3799 1337 ἅτε

2152 1375 2226 1431 ὢν
2260 1378 2422 1438 αὐτὸς
2453 1383 2571 1438 ταῖς
2623 1376 2907 1446 ἀληθείαις
2953 1376 3207 1450 Χριστὸς,
3258 1375 3285 1428 6
3333 1377 3430 1428 τοῦ
3478 1376 3612 1428 Θεοῦ
3665 1392 3800 1424 παν.

2151 1465 2359 1528 τέλειος
2411 1466 2612 1540 Λόγος,
2646 1467 2672 1519 6
2708 1467 2784 1538 μὴ
2830 1469 2908 1536 τῷ
2948 1467 3243 1534 αευαστῷ,
3295 1461 3478 1535 ὥσπερ
3525 1459 3662 1530 δῆτα
3711 1461 3798 1514 καὶ

2154 1555 2204 1609 οἱ
2238 1554 2445 1622 λοιποὶ,
2477 1551 2626 1608 ἀλλᾶ
2652 1558 2731 1625 τῷ
2761 1552 2889 1624 θείῳ
2938 1557 3158 1631 φυσικῷ
3212 1551 3455 1626 χρισθεῖς
3497 1547 3800 1620 Πνεύματι·

2157 1643 2306 1714 εἷ’περ
2359 1643 2527 1698 ἐκεῖνο
2574 1647 2670 1698 τοῦ
2725 1641 2945 1697 Ἡσαΐου
2987 1642 3087 1710 τῆν
3141 1638 3439 1715 μαρτυρίαν
3505 1637 3804 1711 παρέχεται

2157 1732 2466 1804 ἀξιόπιστόν
2503 1752 2514 1766 ·
2553 1736 2818 1805 Πνεῦμα
2850 1731 3100 1804 Κυρίου
3131 1729 3230 1785 ἐπ’
3261 1728 3405 1802 ἐμὲ,
3449 1725 3522 1781 οῦ
3555 1724 3806 1781 ε’ίνεκεν

400 1829 460 1881 et
511 1825 834 1880 veneranda
876 1831 933 1880 et
981 1803 1180 1880 sancta
1229 1827 1500 1882 instituta
1552 1845 1858 1900 moresque
1906 1846 2045 1885 suos

2161 1818 2390 1900 ἕχρισέ
2442 1842 2548 1893 με,
2601 1821 2794 1874 καὶτὰ
2839 1819 3000 1889 ἑξῆς·
3058 1818 3144 1872 xui
3194 1819 3256 1872 τὸ
3305 1821 3404 1872 τοῦ
3451 1815 3599 1870 θείου
3644 1811 3808 1870 πάλιν

403 1913 856 1970 communicavit
888 1930 901 1969 :
936 1931 1049 1969 non
1084 1915 1343 1982 umbras,
1374 1919 1539 1986 typos
1569 1922 1625 1971 et
1655 1916 1962 1989 imagines,
1983 1923 2048 1972 ut

403 2010 571 2058 antea
619 2003 836 2057 factum
891 2003 1094 2071 fuerat,
1129 2019 1322 2059 rerum
1370 2004 1911 2076 pulcherrimarum,
1943 2008 2045 2062 sed

405 2091 741 2147 manifestas
771 2093 922 2160 ipsas
951 2099 1004 2147 et
1043 2108 1197 2147 veras
1229 2095 1474 2149 virtutes
1505 2094 1807 2164 exhibens,
1842 2097 2050 2150 vitam-

405 2195 516 2251 que
559 2181 871 2249 quamdam
925 2181 1238 2236 sublimem
1289 2187 1344 2236 et
1391 2181 1703 2252 caelestem,
1754 2201 1870 2239 una
1919 2201 2046 2239 cum

405 2269 662 2325 veritatis
711 2270 1100 2340 dogmatibus,
1133 2271 1218 2326 eis
1259 2271 1401 2340 ipsis
1434 2272 1534 2343 qui
1567 2274 1744 2328 sacris
1775 2274 1900 2342 eius
1932 2273 2050 2327 ini-

404 2359 529 2414 tiati
580 2364 793 2427 essent,
827 2359 1184 2431 relinquens,
1219 2361 1550 2429 ipsissimus
1605 2361 1828 2417 scilicet
1869 2372 1922 2418 et
1971 2381 2054 2418 ve-

406 2447 675 2504 rissimus
731 2449 1018 2516 Christus,
1076 2450 1566 2519 perfectissimum
1626 2451 1725 2506 Dei
1772 2452 2052 2522 Verbum,

406 2537 505 2607 qui
561 2553 676 2592 non
731 2537 946 2593 factitio
986 2539 1224 2611 perinde
1255 2543 1430 2610 atque
1461 2539 1690 2610 reliqui,
1723 2541 1824 2595 sed
1857 2541 2052 2597 divino

408 2625 744 2681 naturaliter
795 2631 1011 2682 unctus
1062 2634 1218 2682 esset
1249 2628 1487 2699 Spiritu.
1515 2629 1696 2698 Cujus
1730 2629 1809 2684 rei
1849 2631 2054 2686 certis-

408 2713 613 2770 simam
667 2715 838 2770 fidem
891 2714 1026 2771 facit
1077 2715 1222 2771 illud
1275 2717 1432 2773 Isaias
1481 2717 1765 2773 verbum:
1817 2718 2055 2790 Spiritus

409 2801 629 2858 Domini
656 2819 818 2874 super
846 2819 948 2873 me,
979 2809 1266 2876 prapterea
1309 2806 1452 2877 quod
1482 2807 1642 2860 unxit
1688 2823 1792 2873 me,
1826 2811 1884 2862 et
1927 2824 2054 2878 quae

409 2896 735 2961 sequuntur
755 2889 798 2947 9.
824 2891 1048 2947 Rursus
1080 2891 1221 2947 illud
1253 2894 1432 2947 divini
1463 2893 1734 2950 Davidis:
1765 2899 2053 2964 Propterea

407 2981 571 3034 unxit
599 2985 650 3034 te
683 2981 842 3046 Deus,
875 2981 1012 3036 Deus
1043 2987 1190 3049 tuus,
1217 2983 1332 3037 oleo
1361 2983 1764 3050 exsultationis,
1797 2999 1910 3053 pra:
1939 2999 2056 3038 con-

406 3067 637 3124 sortibus
681 3071 790 3123 tuis
824 3069 884 3121 ¹⁰.
924 3069 1029 3124 Ubi
1081 3070 1136 3124 id
1186 3070 1359 3125 etiam
1393 3073 1546 3140 quod
1602 3071 1941 3142 longissime
1972 3073 2055 3127 eis

409 3163 658 3228 praestet,
711 3158 808 3228 qui
858 3159 1148 3228 quondam
1203 3159 1545 3230 imaginarie
1595 3161 1754 3216 uncti
1809 3162 2054 3228 fuerant,

409 3245 553 3302 satis
585 3246 917 3301 subindicat
947 3253 1003 3302 et
1033 3248 1327 3302 describit.
1362 3250 1517 3304 Idem
1551 3250 1726 3305 David
1761 3251 1897 3304 alibi
1928 3269 2061 3322 quo-

408 3350 522 3405 que
555 3353 568 3390 :
608 3337 682 3390 Tu
709 3351 763 3390 es
791 3335 1036 3391 sacerdos
1067 3337 1126 3391 in
1174 3347 1443 3392 aeternum
1482 3339 1778 3394 secundum
1809 3341 2058 3395 ordinem

408 3423 788 3481 Melchisedech
823 3428 886 3479 ιι.
921 3426 1028 3490 Qui
1080 3427 1482 3495 introducitur,
1519 3444 1629 3482 non
1663 3429 1894 3483 facticio
1935 3430 2059 3484 oleo

409 3514 478 3569 ad
508 3530 810 3569 sacrorum
845 3514 1234 3570 ministerium
1273 3521 1506 3585 unctus,
1531 3533 1713 3587 neque
1735 3520 2056 3589 quidquam

409 3603 481 3659 ad
509 3603 883 3659 Hebraeorum
918 3605 1306 3660 sacerdotium
1355 3608 1653 3675 pertinens
1689 3624 1700 3660 :
1733 3609 1831 3678 qui
1864 3608 1920 3661 in
1955 3625 2058 3662 ca-

406 3693 668 3765 talogum
718 3700 775 3749 et
817 3696 1044 3765 generis
1093 3700 1524 3751 concatenatam
1557 3697 2054 3752 continuationem

410 3782 751 3838 solemniter
781 3784 1304 3853 perscribebantur.
1339 3788 1698 3857 QuaprOpter
1729 3787 2050 3841 secundum

409 3871 597 3942 ipsius
628 3872 917 3937 ordinem,
941 3890 1051 3928 non
1084 3881 1275 3929 autern
1303 3876 1470 3944 juxta
1503 3877 1741 3929 aliorum
1781 3876 1875 3945 qui
1909 3893 2057 3948 sym-

410 3958 560 4023 bola,
594 3966 758 4030 typos
808 3966 862 4015 et
913 3962 1130 4032 tiguras
1160 3969 1521 4034 acceperant,
1558 3965 1758 4033 ritum,
1793 3965 2059 4020 Christus

408 4051 466 4102 et
514 4048 777 4103 Pontifex
825 4055 1051 4120 recepto
1090 4051 1489 4120 jurejurando,
1541 4053 1803 4107 Servator
1855 4059 2052 4108 noster

408 4139 499 4190 est
547 4136 963 4207 promulgatus.
1000 4137 1102 4194 51
1149 4139 1309 4193 Unde
1361 4140 1526 4194 illum
1571 4157 1754 4211 neque
1785 4157 2054 4213 corpora-

413 4225 544 4278 liter
565 4230 824 4291 unctum,
849 4243 1036 4298 neque
1058 4244 1124 4281 ex
1155 4228 1494 4283 sacerdotali
1526 4230 1676 4283 tribu
1703 4235 1928 4294 natum,
1956 4231 2053 4301 qui

411 4317 627 4368 attente
669 4319 726 4369 et
772 4316 1080 4386 diligenter
1128 4316 1403 4372 historias
1435 4318 1678 4388 legendo
1710 4319 2052 4388 observarit,

2157 1911 2328 1966 ἐκεῖνο
2362 1905 2548 1979 Δαϐἶδ,
2585 1910 2698 1964 Διὰ
2728 1913 2930 1963 τοῦτο
2963 1902 3196 1982 ἔχρισέ
3229 1927 3295 1960 σε
3321 1907 3347 1960 6
3381 1907 3559 1974 Θεὸς,
3592 1906 3619 1958 6
3652 1904 3809 1964 Θεός

2160 2021 2304 2069 σου,
2367 1999 2605 2055 ἔλαιόν
2657 1996 3133 2072 ἀγαλλιάσεως
3178 1997 3348 2066 παρὰ
3401 1993 3561 2055 τοὺς
3609 1991 3810 2066 μετό-

2158 2111 2320 2166 χους
2353 2110 2465 2144 σου
2485 2133 2498 2146 .
2533 2090 2618 2144 Ἐν
2648 2088 2693 2160 ᾧ
2723 2089 2813 2142 xui
2841 2087 2903 2142 1:6
2944 2087 3061 2140 καθ’
3082 2081 3397 2160 ὑπερϐολὴν
3423 2088 3669 2158 κρεῖττον
3697 2087 3808 2136 τῶν

2159 2176 2328 2232 πάλαι
2388 2178 2669 2240 εἶκονικῶς
2714 2175 3091 2250 κεχρισμένων
3141 2173 3572 2248 καθυπογράφει.
3625 2172 3697 2229 "0
3757 2168 3804 2225 δ’

2162 2266 2322 2329 αύτὸς
2351 2266 2440 2320 καὶ
2473 2265 2766 2340 ἀλλαχοῦ·
2804 2264 2883 2320 Σὺ
2939 2266 3001 2318 εἴ
3046 2264 3266 2336 ἱερεὺς
3314 2261 3408 2323 εἷς
3459 2260 3568 2316 τὸν
3601 2261 3812 2315 αἰῶνα

2163 2356 2322 2409 κατὰ
2353 2357 2474 2424 τήν
2505 2355 2688 2424 τάξιν
2725 2351 3182 2432 Μελχισεδέκ.
3234 2354 3334 2413 ’Ὁς
3385 2350 3676 2424 εἰσάγεται,
3730 2349 3808 2422 μὴ

2163 2449 2242 2516 τῷ
2308 2448 2579 2514 σκευαστῷ
2644 2441 2814 2514 ἐλαίῳ
2881 2443 2955 2503 εἷς
3021 2441 3120 2509 τήν
3186 2437 3450 2514 ἱερατείαν
3537 2438 3814 2514 χρισθείς,

2164 2535 2292 2589 ἀλλ’
2343 2530 2466 2587 οὐδὲ
2529 2538 2596 2606 τῇ
2655 2533 2774 2586 καθ’
2830 2526 3110 2605 Ἑϐραίους
3159 2529 3427 2602 ἱερωσύνῃ
3487 2529 3810 2600 προσήκων,

2165 2623 2263 2677 ὅσα
2311 2643 2373 2697 γε
2416 2625 2484 2695 τῇ
2544 2625 2638 2676 τοῦ
2687 2619 2876 2694 γένους
2926 2623 3080 2693 σειρᾷ
3135 2615 3526 2691 ἀναγέγραπται
3556 2635 3569 2647 ’
3625 2612 3813 2688 διόπερ

2165 2713 2299 2766 κατᾶ
2327 2713 2429 2778 τὴν
2461 2709 2624 2764 αὑτοῦ
2664 2708 2833 2780 τάξιν,
2875 2706 3002 2762 ἀλλ’
3044 2705 3106 2760 ού
3156 2705 3293 2758 κατὰ
3341 2705 3440 2772 τήν
3481 2708 3590 2758 τῶν
3624 2699 3813 2756 ἄλλων

2165 2808 2273 2858 τῶν
2332 2794 2587 2872 σύμϐολα
2643 2797 2731 2851 xui
2785 2797 2988 2856 τύπους
3045 2794 3356 2872 εἰληφότων
3421 2789 3666 2864 Χριστὸς
3717 2791 3809 2844 καί

2166 2888 2453 2965 ἀρχιερεὺς
2489 2887 2622 2961 μετά
2672 2883 3063 2959 παραλήψεως,
3117 2881 3294 2956 ὅρκων
3327 2881 3354 2934 ὁ
3388 2881 3588 2953 Σωτὴρ
3647 2882 3808 2952 ἡμῶν

2164 2979 2544 3053 ἀνηγόρευται.
2578 2977 2760 3032 Ἔνθεν
2801 2995 2886 3028 τοι
2939 2971 3066 3028 οὐδὲ
3123 2970 3410 3047 χρισθέντα
3457 2971 3813 3042 σωματικῶς,

2171 3066 2281 3123 οὐδ’
2330 3068 2389 3122 ἐκ
2447 3063 2624 3143 φυλῆς
2679 3065 2955 3138 ἱερατικῆς
3013 3062 3322 3138 γενόμενον,
3381 3061 3675 3136 προσεχῶς
3729 3077 3816 3120 τις

2091 3120 2133 3185 C
2172 3120 2476 3231 siipOL—vtou
2555 3120 2650 3217 tu:
2709 3120 2953 3228 ἱστορίας
3025 3120 3469 3226 ἀναλεγόμενος-⁸
3650 3145 3818 3201 αὐτοῦ

2173 3248 2356 3319 μέντοι
2387 3250 2483 3300 τοῦ
2517 3247 2650 3300 Θεοῦ
2693 3243 2782 3297 καὶ
2827 3240 3032 3316 Πατρὸς
3073 3239 3179 3314 πρὸ
3216 3243 3323 3294 τῶν
3373 3236 3584 3291 αἰώνων
3625 3237 3818 3311 ἀγήρω

2169 3334 2514 3410 προαιωνίως
2546 3332 2636 3388 καὶ
2667 3331 2808 3387 ἐσαεὶ
2847 3332 2944 3399 τήν
2993 3329 3290 3403 ἱερωσύνην
3335 3324 3518 3399 ὥσπερ
3563 3344 3615 3378 τι
3655 3323 3820 3399 γέρας

2171 3423 2597 3502 διακατέχοντα·
2633 3421 2739 3495 ούχ
2777 3424 2938 3489 ἧττον
2991 3417 3048 3474 δὲ
3097 3418 3187 3472 καὶ
3236 3417 3332 3484 τῆν
3384 3415 3678 3488 ἀσωμάτου
3723 3413 3816 3466 καὶ

2171 3515 2352 3570 ἐνθέου
2387 3501 2620 3587 χρίσεως
2666 3513 2803 3582 μέγα
2838 3511 3160 3582 τεκμήριον,
3201 3507 3260 3560 τὸ
3301 3505 3390 3558 καὶ
3435 3504 3594 3576 μόνον
3648 3501 3816 3556 ἀπάν-

2169 3627 2275 3660 των
2309 3603 2388 3678 ἐφ’
2431 3601 2536 3676 ὅλῃ
2589 3606 2656 3674 τῇ
2706 3604 2802 3676 γῇ,
2851 3597 2904 3654 ἔν
2952 3619 3010 3653 τε
3061 3591 3359 3670 βαρϐάροις
3405 3593 3493 3647 xui
3547 3591 3813 3661 Ἕλλησι,

2169 3694 2398 3766 Χριστὸν
2448 3691 2606 3745 αὐτὸν
2661 3689 3018 3763 ἀνομάζεσθαι
3043 3707 3056 3720 °
3088 3685 3178 3740 xui
3222 3684 3270 3753 ἐξ
3322 3683 3526 3738 ἐκείνου
3565 3679 3619 3742 ἐς
3652 3679 3816 3752 δεῦρο

2167 3783 2311 3856 παρᾶ
2358 3787 2474 3842 τοῖς
2534 3779 2609 3840 εἷς
2667 3779 2868 3833 ἐκεῖνον
2913 3773 3315 3836 πεπιστευκόσι,
3365 3771 3453 3826 καὶ
3503 3771 3578 3832 ὡς
3630 3767 3814 3838 ἀληθῆ

2169 3872 2295 3926 Θεὸν
2329 3872 2414 3924 xui
2455 3868 2689 3925 Βασιλέα
2735 3877 2824 3920 και
2868 3867 3028 3938 μόνον
3063 3863 3326 3941 ἀρχιερέα
3377 3862 3508 3915 Θεοῦ
3555 3859 3642 3911 xui
3677 3875 3816 3931 προ-

2168 3963 2346 4030 φήτην
2394 3959 2651 4030 τιμᾶσθαί
2678 3978 2736 4011 τε
2781 3957 2872 4011 xui
2921 3950 3235 4022 σεϐάζεσθαι
3266 3971 3278 3982 ·
3312 3950 3399 4003 καὶ
3433 3949 3494 4002 τό
3525 3968 3587 4023 γε
3635 3944 3809 4019 λόγου

2170 4023 2541 4113 έπνέκέιναξὼς
2577 4051 2652 4120 μὴ
2695 4045 2906 4120 χείλεσι
2959 4044 3148 4116 μόνον,
3193 4037 3333 4112 μηδὲ
3381 4038 3577 4115 ψόφοις
3630 4034 3816 4110 ῥημά-

2167 4161 2273 4192 των
2339 4137 2467 4198 τοὺς
2532 4137 2631 4204 τήν
2700 4133 2863 4188 αὐτοῦ
2929 4130 3127 4200 κλῆσιν
3202 4125 3584 4200 ένδεδυμένους
3646 4128 3811 4195 τιμᾷν

2170 4227 2464 4295 πείθεσθαι,
2523 4223 2667 4279 ἀλλὰ
2717 4225 2859 4295 πάσῃ
2907 4218 3141 4274 διαθέσει
3207 4221 3436 4291 ψυχῆς·
3488 4216 3562 4277 ὡς
3611 4214 3670 4268 ἐκ
3715 4216 3814 4266 τοῦ

2168 4317 2364 4388 ῥᾴστου
2410 4315 2605 4368 ἐκεῖναι
2652 4313 2867 4370 τούτοις
2927 4307 2996 4363 δι’
3055 4307 3213 4362 αὐτὸν
3265 4306 3355 4359 xui
3403 4303 3572 4371 αὐτὴν
3623 4298 3812 4377 προδιο

410 4401 670 4457 inveniet
703 4418 716 4458 :
750 4404 964 4474 quippe
1011 4405 1105 4474 qui
1157 4405 1227 4460 ab
1279 4405 1406 4476 ipso
1449 4406 1562 4462 Deo
1611 4413 1670 4462 et
1701 4407 1888 4476 Patre,
1922 4420 2050 4462 ante

2169 4403 2315 4459 δύναι
2349 4405 2532 4478 ψυχὴν
2563 4403 2851 4476 αἱρεῖσθαι.

411 4491 621 4546 stecula
669 4493 924 4558 condita,
975 4494 1393 4565 sempiternum
1445 4497 1516 4550 ab
1564 4501 1776 4552 aeterno
1827 4502 1882 4552 et
1932 4498 1988 4551 in
2039 4503 2318 4552 aeternum
2367 4495 2776 4560 sacerdotium,
2822 4497 3097 4560 tanquam
3151 4503 3366 4541 munus
3415 4484 3706 4554 quoddam
3755 4485 3815 4536 et

414 4578 690 4635 honorem
749 4582 1099 4652 praecipuum
1164 4582 1440 4639 obtineat.
1499 4584 1644 4638 Illud
1705 4600 1931 4655 quoque
1997 4603 2110 4639 nun
2180 4586 2373 4638 minus
2431 4588 2518 4636 est
2572 4583 2920 4649 incorporeas
2986 4577 3386 4645 divinitusque
3452 4569 3814 4626 advenientis

414 4669 706 4724 unctionis
756 4671 986 4742 signum
1037 4679 1089 4724 et
1140 4672 1436 4738 indicium,
1471 4674 1623 4744 quod
1680 4674 1835 4727 hunc
1881 4690 1949 4728 ex
1995 4673 2268 4728 omnibus
2319 4688 2525 4738 unum,
2560 4687 2660 4741 per
2698 4684 2928 4724 omnem
2969 4671 3212 4727 terram,
3249 4662 3483 4717 Barbari
3531 4658 3704 4712 simul
3756 4660 3815 4712 et

413 4757 594 4812 Graeci
656 4758 954 4814 Christum
1015 4761 1340 4815 nominant.
1398 4763 1462 4815 Et
1509 4763 1636 4832 jam
1694 4763 1829 4817 inde
1887 4781 1921 4818 a
1980 4764 2345 4833 temporibus
2404 4764 2531 4829 ejus
2591 4762 2658 4813 ad
2715 4758 2871 4812 hunc
2926 4771 3111 4826 usque
3165 4756 3319 4837 diem
3380 4751 3438 4805 in
3498 4765 3630 4804 eum
3693 4763 3814 4803 cre-

414 4847 578 4913 dunt,
615 4853 679 4902 ut
709 4865 903 4904 verum
940 4851 1119 4905 Deum
1160 4855 1218 4905 et
1249 4851 1455 4921 Regem
1491 4853 1848 4924 unicumque
1883 4847 2219 4906 Pentiticem
2253 4851 2351 4905 Dei
2393 4855 2448 4905 et
2495 4848 2838 4920 Prophetam
2889 4861 3022 4900 eum
3069 4843 3272 4897 colunt
3319 4845 3377 4895 et
3419 4844 3764 4894 venerantur
3799 4852 3812 4889 :

412 4935 628 5006 quique
683 4938 856 5007 (quod
908 4941 1226 4995 orationem
1276 4945 1333 4994 et
1379 4941 1662 4996 rationem
1715 4957 1946 4996 omnem
2006 4941 2254 5010 excellit)
2308 4940 2539 4993 nomine
2587 4939 2708 5005 ers
2749 4938 3086 4998 consentur,
3123 4945 3463 5002 persuasum
3516 4927 3663 4981 illud
3713 4926 3817 4979 ha-

415 5023 571 5094 bent,
603 5035 660 5081 ut
703 5044 814 5083 non
868 5028 1034 5082 labiis
1087 5033 1315 5085 tantum
1363 5038 1420 5085 et
1461 5033 1760 5086 verborum
1817 5031 2070 5102 strepitu
2128 5031 2315 5096 illurn,
2352 5031 2447 5082 sed
2503 5029 2660 5082 omni
2700 5042 2936 5097 prorsus
2969 5024 3148 5078 animi
3181 5021 3486 5076 affectione
3517 5022 3574 5072 et
3605 5017 3817 5072 virtute

415 5116 610 5170 colant
641 5131 655 5170 :
692 5133 879 5188 usque
926 5133 1014 5183 eo,
1049 5123 1111 5172 ut
1159 5119 1228 5172 de
1280 5118 1433 5172 facili
1483 5118 1789 5174 consilium
1823 5120 2054 5190 capiant
2088 5124 2144 5174 et
2175 5123 2455 5184 statuant,
2488 5124 2544 5170 et
2575 5117 2760 5186 ipsam
2795 5119 3030 5186 propter
3059 5128 3192 5167 eum
3233 5125 3444 5180 ponere
3474 5107 3728 5161 animum
3764 5109 3820 5161 et

413 5203 614 5260 vitam.

488 5381 512 5416 θ
541 5383 650 5440 isa.
684 5401 794 5453 LXI,
829 5387 853 5441 i
883 5402 898 5453 ;
931 5386 1068 5442 Luc.
1103 5403 1177 5450 IV,
1214 5385 1354 5441 18."
1385 5386 1534 5444 Psal.
1569 5405 1715 5456 χειν,
1749 5387 1852 5443 8.“
1889 5388 2040 5444 Psal.
2075 5403 2187 5455 cxx,
2219 5388 2270 5442 4.
