4096 6284
411 361 528 423 635
1715 363 2130 429 NICEPHORI
2174 359 2525 425 CALLISTI
3703 356 3832 417 636

409 495 674 554 obtineas
705 495 838 552 fidei
875 499 935 552 et
967 497 1238 554 doctrinis
1289 498 1502 556 Christi
1532 501 1946 573 cognitionem,
1996 517 2026 558 u

2208 501 2292 564 ῆς,
2322 495 2412 549 καὶ
2467 498 2570 562 τῆς
2615 495 2724 548 τῶν
2781 489 2968 548 ἄλλων
3032 487 3368 559 διαστολῆς⁶
3425 488 3500 544 ὧν
3531 489 3739 556 Μωσῆς
3768 487 3825 543 ἐν

410 587 746 652 sobrietate,
780 586 1160 658 temperantia
1190 590 1246 643 et
1286 589 1518 658 justitia
1559 590 1799 662 polleas,
1831 596 1896 647 ut
1923 609 2027 648 san

2206 579 2476 654 υμϐὁλοις
2524 584 2742 654 πρῶτος
2793 580 3112 654 ἀρξάμενος,
3161 583 3279 639 τοῖς
3329 578 3616 656 μετέπειτα
3644 597 3823 650 παρα-

411 677 658 733 ctiorem
693 677 868 732 vitam
918 675 1309 750 virtutemque
1339 677 1522 735 virilis
1570 683 1624 736 et
1652 681 1842 752 magni
1877 681 2028 737 anim

2210 670 2401 727 έδωκεν
2449 689 2460 702 ⁸
2512 667 2627 724 ἐπεί
2664 667 2751 725 τοί
2793 689 2854 744 γε
2892 665 3006 722 οὐδ’
3051 669 3187 739 ἡμῖν
3243 663 3310 720 δι’
3365 665 3612 742 ἀνάγκης
3655 667 3827 721 ταῦτά

413 767 694 836 perpetuo
727 768 927 820 tenore
977 769 1312 822 constanter
1366 767 1695 830 continues,
1726 769 2026 826 interritus

2208 783 2336 816 στιν.
2419 755 2650 828 ’ᾚδεσαν
2709 755 2757 812 δ’
2809 758 3120 832 ἀκραιφνῶς
3184 755 3343 810 αὐτὸν
3423 755 3658 829 Χριστὸν
3730 756 3825 812 τὸν

409 868 524 924 que
553 856 610 908 et
649 851 976 922 impavidus
1005 853 1065 908 in
1098 855 1458 927 professione
1500 859 1729 928 pietatis
1760 858 1819 914 in
1852 863 2026 914 Deum

2206 851 2300 905 ιεόν
2333 869 2345 883 ο
2389 849 2466 911 ὡς
2521 847 2844 902 ὀπτάνεσθαι
2895 845 2990 919 μὲν
3039 840 3305 918 Ἀϐραὰμ,
3359 843 3731 919 χρηματίζειν
3761 843 3823 900 δὲ

409 956 512 1014 per
559 941 758 998 omnia
804 943 1118 1013 persistas;
1152 944 1206 999 id
1255 961 1426 1000 omne
1481 964 1596 1002 non
1647 951 1847 1004 minus
1887 952 2024 1020 atqu

2204 937 2373 1008 [σαὰκ,
2423 935 2612 992 λαλεῖν
2664 933 2722 990 δὲ
2775 936 2996 1010 Ἰακὼβ,
3055 939 3242 991 Μωσεῖ
3297 929 3354 990 δὲ
3406 931 3498 988 καί
3537 938 3658 996 τοῖς
3702 939 3821 1006 μετ’

407 1047 534 1098 nos,
583 1029 667 1085 illi
719 1046 952 1102 quoque
995 1039 1270 1102 praestare
1317 1035 1693 1090 studuerunt.
1727 1035 1851 1092 Non
1901 1036 2024 1092 enir

2202 1027 2330 1082 ςῦτὸν
2384 1027 2694 1102 προφήταις
2745 1021 3138 1098 διομιλεῖσθαι,
3168 1023 3305 1078 καθά
3350 1022 3655 1098 γέγραπται
3688 1029 3704 1055 ‘
3754 1025 3819 1079 οὗ

405 1118 526 1176 illis
567 1121 632 1174 ad
647 1121 890 1176 modum
936 1137 1087 1175 cura;
1119 1121 1226 1175 fuit
1253 1121 1341 1177 vel
1373 1123 1761 1192 circumcisio,
1797 1124 1884 1180 vel
1916 1125 2022 1180 Sah

2206 1119 2332 1192 gipw
2389 1115 2479 1171 καὶ
2531 1121 2630 1183 τῆς
2684 1114 2892 1170 ἐκείνου
2951 1113 3143 1175 πάντες
3201 1113 3350 1168 οὗτοι
3396 1110 3649 1182 κλήσεως
3683 1111 3823 1185 ἀμυ-

410 1207 672 1264 batorum
703 1209 1106 1280 fastorumque
1127 1211 1352 1266 dierum
1386 1213 1752 1280 caeremonia,
1781 1214 1870 1270 vel
1892 1214 2027 1269 etiar

2206 1209 2314 1280 ρῶς
2371 1205 2755 1274 κατηξίωνται,
2805 1201 2940 1256 κατᾶ
2994 1203 3118 1274 τὴν,
3179 1203 3279 1270 Mr“,
3344 1201 3627 1256 ἅπτεσθε
3691 1206 3819 1256 τῶν

405 1297 821 1354 alimentorum
876 1305 930 1353 et
979 1297 1242 1354 ciborum
1293 1299 1622 1357 observatio
1671 1311 1724 1358 et
1773 1303 2022 1360 delectus

2204 1296 2478 1368 [ριστῶν
2515 1313 2662 1366 μου,
2693 1290 2995 1368 φάσκουσαν
3029 1287 3392 1370 χρησμῳδίαν
3416 1332 3429 1345 .
3462 1290 3550 1344 καὶ
3585 1289 3647 1344 ἐν
3675 1295 3821 1353 τοῖς

407 1386 774 1458 aliarumque
824 1403 1016 1442 rerum
1074 1388 1411 1458 discrimen,
1455 1407 1580 1462 quae
1611 1391 1805 1448 Moses
1831 1394 2023 1465 primu

2205 1385 2391 1462 τροφή
2411 1404 2553 1446 ταις
2587 1402 2711 1455 μου
2747 1383 2830 1454 μὴ
2863 1378 3348 1455 πονηρεύεσθε.
3380 1381 3543 1434 Ὥστε
3572 1379 3822 1454 συνάγειν

409 1479 476 1530 ut
503 1474 771 1546 symbols
801 1480 854 1530 et
888 1475 1170 1548 imagines
1194 1477 1794 1552 instituens,posteris
1815 1464 1937 1538 suis
1959 1498 2022 1554 pe

2206 1474 2404 1544 στιν,ἣ
2458 1470 2692 1547 ἀρχαίαν
2761 1468 3067 1543 ἐδείκνυμεν
3131 1464 3435 1524 θεοσέϐειαν
3501 1473 3619 1531 τοῖς
3693 1469 3823 1544 περὶ

409 1579 620 1619 manus
650 1563 894 1619 tradidit
919 1583 932 1620 :
967 1571 1024 1621 et
1052 1581 1122 1622 ne
1151 1566 1322 1623 nobis
1353 1568 1588 1640 quidem
1622 1571 1966 1626 observandi
1994 1588 2022 1627 e

2208 1563 2264 1618 ὂν
2313 1557 2566 1634 Ἀϐραάμ
2611 1559 2894 1635 πρόπαλαι
2941 1558 3254 1634 γινομένην,
3308 1559 3384 1630 μὴ
3435 1555 3614 1627 ἄλλην
3663 1559 3824 1626 εἶναι,

409 1652 737 1708 necessitas
793 1652 1067 1726 imposita
1121 1659 1232 1710 est.
1291 1659 1454 1712 Certo
1503 1663 1694 1715 autem
1745 1664 1802 1715 et
1836 1659 2018 1732 liquid

2209 1650 2298 1706 λλ⁹
2329 1649 2364 1720 ἢ
2418 1648 2539 1725 ἄρτι
2588 1649 2818 1724 Χριστὸς
2867 1645 2956 1703 διὰ
2995 1655 3096 1716 τῆς
3123 1648 3314 1732 ἑαυτοῦ
3344 1643 3702 1709 διδασκαλίας
3731 1645 3825 1702 ἐκ-

409 1740 530 1797 illis
559 1743 848 1810 constitit,
878 1744 1070 1812 ipsum
1087 1743 1388 1801 Christum
1411 1751 1590 1802 Deum
1621 1747 1812 1804 visum
1831 1728 1954 1804 esse
1988 1750 2026 1803 a'

2205 1747 2306 1809 ιανῆ
2369 1744 2485 1801 τοῖς
2545 1739 2870 1812 ἁπανταχοῦ
2928 1735 3221 1806 πεποίηκεν
3281 1728 3508 1798 ἔθνεσιν,
3565 1733 3640 1791 Οὐ
3713 1737 3822 1811 γὰρ

409 1829 766 1896 Abrahamo,
799 1832 1066 1887 eumdem
1111 1849 1390 1904 responsa
1420 1836 1648 1892 dedisse
1681 1837 1858 1905 Isaac,
1889 1836 2026 1894 collc

2209 1833 2350 1902 ήπου
2405 1830 2618 1891 πάντως
2673 1833 2754 1900 τῷ
2812 1826 2964 1901 λόγῳ
3021 1825 3338 1898 λυμαίνεται
3395 1828 3458 1881 τὸ
3514 1823 3718 1899 πολλῷ
3759 1847 3826 1902 γε

411 1922 616 1974 cntum
674 1932 801 1974 esse
830 1935 963 1974 cum
1023 1922 1196 1977 Jacob
1228 1939 1242 1990 ;
1276 1939 1409 1978 cum
1443 1924 1600 1980 Mose
1631 1933 1840 1994 autem,
1873 1931 1931 1982 et
1961 1943 2028 1998 qu

2210 1939 2388 1994 στερον
2419 1917 2724 1992 περιτομήν
2773 1916 2934 1970 αὐτὸν
2984 1911 3269 1989 εἰληφέναι
3304 1933 3316 1944 ·
3350 1914 3456 1988 πρὸ
3484 1916 3588 1989 γὰρ
3614 1914 3827 1984 ταύτης

413 2010 546 2078 post
571 2022 706 2062 eum
741 2008 974 2064 fuerunt
1008 2010 1329 2082 prophetis,
1362 2013 2026 2071 sermonemcontulisse

2207 2006 2586 2082 ,εμαρτῦρηται
2633 2009 2700 2071 τῇ
2753 2003 2933 2060 πίστει
2984 2001 3294 2066 δικαιωθείς
3326 2020 3338 2034 ⁸
3383 2003 3473 2058 καὶ
3521 2006 3684 2058 τοῦτο
3715 2023 3824 2058 πα-

415 2109 518 2166 pro
557 2109 626 2150 eo
655 2097 830 2164 atque
870 2095 926 2150 id
976 2112 1148 2152 sacras
1193 2098 1456 2155 indicant
1502 2100 1831 2171 Scripturae.
1875 2103 2032 2170 Quan

2211 2096 2390 2166 ίστησι
2419 2096 2503 2166 τὸ,
2539 2093 2940 2152 Ἐπίστευσε
2971 2090 3038 2148 δὲ
3067 2093 3376 2167 Ἀβραὰμ
3403 2096 3490 2164 τῷ
3520 2097 3679 2165 Θεῷ,
3709 2093 3826 2146 καὶ

417 2182 491 2238 ob
522 2197 758 2238 causam
780 2187 837 2239 et
865 2184 996 2242 illos
1027 2202 1228 2242 omnes
1247 2185 1506 2254 [obscura
1536 2190 1786 2261 quadam
1818 2195 1876 2246 et
1899 2196 2034 2246 tenu

2209 2183 2490 2261 λογίσθη
2524 2181 2698 2256 αὐτῷ
2729 2182 2826 2244 εἷς
2871 2179 3330 2251 δικαιοσύνην.
3366 2179 3466 2236 Καί
3513 2201 3572 2256 γε
3626 2179 3826 2254 ἂπερι-

418 2271 672 2328 nominis
706 2273 792 2328 sui
831 2273 1218 2346 appellatione
1258 2277 1536 2348 dignatus
1575 2280 1877 2350 est,juxta
1916 2279 2035 2334 illm

2209 2276 2367 2348 μήτῳ
2399 2269 2534 2338 ὄντι,
2569 2275 2597 2327 ὁ
2647 2270 3007 2348 χρηματίζων
3061 2273 3144 2345 (ἢν
3200 2267 3246 2324 δ’
3289 2269 3446 2332 αὐτὸς
3499 2271 3527 2324 ὁ
3555 2273 3654 2324 τοῦ
3685 2273 3823 2326 Θεοῦ

415 2361 719 2418 oraculare
757 2363 992 2419 verbum
1046 2383 1059 2424 :
1093 2365 1270 2421 Nolite
1327 2373 1552 2437 tangere
1582 2367 1823 2423 Christo:
1855 2384 2002 2425 meos

2203 2363 2352 2436 L670;
2405 2363 2660 2436 Χριστὸς)
2707 2361 2830 2436 περὶ
2876 2365 2986 2416 τῶν
3029 2357 3222 2430 ἐπίσης
3271 2360 3421 2432 αὐτῷ
3477 2356 3820 2414 δικαιοῦσθαι

412 2457 465 2506 et
491 2448 554 2505 in
595 2449 914 2521 phrophetis
967 2452 1106 2506 meis
1135 2467 1206 2507 ne
1241 2451 1644 2524 malignemini.
1697 2453 1814 2511 53
1847 2454 1916 2511 Ut
1937 2455 2029 2526 jar]

2199 2452 2492 2508 ιελλόντων
2541 2450 2759 2512 τούτοις
2809 2447 2876 2520 δὴ
2938 2445 3314 2525 προήγγελται
3391 2447 3562 2522 λέγων
3621 2465 3636 2478 “
3699 2450 3816 2503 Καὶ

415 2537 760 2594 summatim
789 2537 978 2595 dicere
1025 2545 1082 2595 et
1121 2539 1396 2612 colligere
1444 2541 1631 2610 liceat,
1683 2559 1858 2614 quam
1909 2543 2026 2599 anti

2205 2541 2834 2616 νευλογηθήσονται
2878 2537 2940 2592 έν
2991 2537 3100 2592 σοὶ
3131 2542 3332 2592 πᾶσαι
3363 2535 3426 2592 αἰ
3458 2535 3670 2613 φυλαὶ
3699 2539 3817 2602 τῆς

416 2624 618 2698 quitus
633 2625 874 2681 Abraha
901 2627 1267 2683 ostendimus
1296 2628 1480 2684 fuisse
1509 2647 1646 2702 erga
1679 2631 1856 2686 Deum
1883 2631 2033 2702 pieta

2200 2637 2294 2699 ’ἧς
2326 2649 2340 2661 ·
2395 2631 2424 2684 ὃ
2467 2626 2534 2698 δὴ
2584 2629 2670 2683 καὶ
2705 2627 2873 2702 πέρας
2922 2627 3150 2704 εἰληφὸς
3177 2626 3226 2680 ἐν
3260 2629 3394 2700 ἡμῖν
3423 2623 3817 2684 ἀναδέδεικται.

415 2719 536 2772 tem
569 2719 628 2770 et
687 2714 1048 2786 religionem,
1092 2732 1220 2772 eam
1273 2734 1387 2773 non
1445 2718 1620 2774 aliam
1651 2719 1836 2775 fuisse
1893 2720 1965 2776 ab
1995 2737 2032 2777 ei

2204 2724 2259 2780 ὶς
2313 2717 2415 2793 γὰρ
2463 2717 2666 2778 ἐκεῖνος
2723 2715 2900 2772 πίστει
2956 2720 3032 2787 τῷ
3081 2715 3293 2792 ὀφθέντι
3347 2714 3497 2789 λόγῳ
3531 2718 3650 2786 Θεῷ
3681 2712 3821 2770 δεδι-

419 2819 596 2884 quam
637 2820 821 2876 nuper
865 2822 966 2875 per
1003 2805 1330 2862 doctrinam
1361 2807 1486 2878 ipse
1515 2823 1681 2863 suam
1713 2809 1974 2866 Christus
2003 2811 2036 2866 il

2204 2806 2422 2878 αἱωται,
2482 2807 2574 2862 τόν
2627 2827 2685 2861 τε
2742 2807 3003 2880 πρότερον
3049 2805 3164 2880 βίον
3231 2803 3321 2860 καὶ
3393 2805 3492 2873 τὴν
3564 2803 3821 2878 πατρῷαν

418 2910 620 2951 omnes
653 2894 868 2966 ubique
897 2894 1153 2967 vulgavit
1199 2900 1421 2966 gentes.
1461 2897 1660 2969 Neque
1689 2898 1824 2954 huic
1853 2900 2035 2956 ration

2207 2896 2458 2972 ρησκείαν
2528 2893 2840 2964 ἀπολιπὼν,
2897 2893 2987 2952 ἕνα
3065 2890 3121 2949 δὲ
3182 2897 3290 2948 τῶν
3352 2891 3496 2948 ὅλων
3555 2893 3819 2970 πρύτατιν

419 2983 742 3056 quidquam
775 2982 919 3037 illud
970 2984 1157 3050 obest,
1189 2985 1343 3055 quod
1369 2985 1419 3040 is
1448 2985 1620 3058 longo
1652 2991 1778 3056 post
1808 2995 2036 3060 tempori

2209 2983 2530 3062 μολογήσας
2579 2985 2732 3054 Θεὸν,
2783 2983 2872 3038 καὶ
2923 2981 3106 3058 ἔργοις
3155 2981 3370 3056 ἀρετῆς,
3429 2981 3490 3036 οὐ
3559 2981 3823 3056 θρησκεία

420 3071 923 3128 circumcisionem
980 3073 1280 3144 acceperit.
1313 3076 1460 3128 Ante
1508 3075 1656 3130 hanc
1680 3076 1835 3131 enim
1879 3076 2037 3146 ipsau

2204 3079 2268 3129 οῦ
2299 3073 2542 3136 Μωσέως
2588 3073 2787 3148 νόμου,
2830 3072 3156 3146 θεραπεύσας
3205 3070 3366 3127 αὐτόν
3399 3091 3410 3103 ·
3447 3070 3592 3127 οὕτω
3625 3068 3692 3142 δὴ
3723 3075 3821 3127 κᾶν

418 3159 534 3216 ﬁde
559 3159 940 3230 justiﬁcatum
987 3176 1120 3216 eum
1156 3161 1355 3230 fuisse,
1391 3162 1723 3218 testimonio
1755 3163 2035 3235 Scriptura

2221 3165 2502 3238 ῥπαρόντι
2563 3164 2590 3217 ὁ
2648 3161 2808 3225 αὐτὸς
2867 3159 3026 3224 οὗτος
3071 3167 3172 3231 τῆς
3229 3156 3500 3224 εὐσεϐείας
3531 3162 3738 3236 τρόπος

419 3249 862 3321 comprobatum
905 3253 1010 3304 est.
1071 3251 1232 3314 Quod
1265 3267 1366 3320 per
1396 3249 1539 3306 illud
1575 3251 1896 3308 astruitur:
1931 3255 2032 3310 Cre

2204 3251 2390 3323 επάσης
2449 3259 2548 3322 τῆς
2607 3249 2932 3325 οἰκουμένης
2990 3249 3137 3324 παρᾶ
3207 3251 3396 3323 μόνοις
3471 3257 3821 3325 Χριστιανοις

418 3339 559 3396 didit
586 3347 768 3394 autem
818 3339 1093 3394 Abraham
1132 3341 1258 3402 Deo,
1315 3351 1368 3396 et
1422 3340 1760 3412 imputatum
1797 3347 1876 3398 est
1915 3345 1970 3400 ei
1996 3361 2035 3398 at

2211 3342 2508 3415 σκούμενος
2554 3339 2792 3415 ἐναργῶς
2844 3337 3202 3396 διαδείκνυται
3253 3358 3266 3371 '
3309 3339 3384 3402 ὡς
3437 3335 3606 3412 μηδὲν
3655 3339 3828 3412 ἐμπο-

409 3431 693 3503 justitiam
725 3429 972 3486 “.Porro
996 3431 1189 3486 eidem
1221 3431 1542 3487 etiamnum
1575 3431 2026 3506 incircumciso(1

2211 3429 2282 3483 ὼν
2326 3425 2778 3500 κπθεστάναι,ἓνα
2805 3429 2901 3502 μὲν
2926 3429 3017 3483 τὸν
3041 3429 3134 3484 νῦν
3150 3428 3242 3484 καὶ
3271 3429 3362 3483 τὸν
3384 3425 3666 3502 πρόπαλαι
3703 3429 3824 3502 βίον

417 3517 652 3576 oraculo
675 3518 868 3574 divino
920 3517 1054 3590 (fuit
1093 3523 1290 3575 autem
1345 3519 1400 3574 id
1448 3520 1643 3592 ipsum
1677 3521 1776 3577 Dei
1817 3523 2034 3578 Verbun

2212 3520 2307 3573 ἷναι
2340 3521 2475 3592 ἡμῖν
2503 3539 2562 3573 τε
2590 3523 2706 3582 τοῖς
2734 3517 2841 3574 ἀπὸ
2871 3517 3105 3593 Χριστοῦ
3129 3517 3220 3572 καὶ
3263 3522 3381 3582 τοῖς
3423 3512 3657 3572 ἔκπαλαι
3687 3520 3829 3574 κατὰ

416 3606 700 3674 Christus)
725 3606 795 3660 de
827 3604 908 3661 eis
949 3605 1046 3676 qui
1077 3606 1279 3662 eodem
1313 3622 1428 3678 quo
1459 3607 1582 3679 ipse
1619 3608 1789 3663 modo
1819 3608 1880 3664 in
1913 3608 2033 3664 futu

2217 3607 2302 3662 εὸν
2361 3611 2577 3681 ζήσασι,
2628 3607 2908 3663 κάντεῦθεν
2970 3609 3304 3683 συνάγεσθαι,
3362 3607 3444 3674 τιὴ
3503 3606 3658 3679 ξένην
3704 3607 3831 3662 τινὰ

417 3711 547 3751 rum
576 3693 884 3766 iustificari
930 3693 1229 3760 deberent,
1281 3694 1499 3752 talibus
1539 3701 1628 3752 est
1665 3697 2034 3753 renuntiatus

2208 3695 2262 3750 αὶ
2319 3695 2439 3751 νέαν
2497 3695 2777 3752 πολιτείαν
2829 3696 2966 3750 εἶναι
3023 3693 3318 3770 ἡμετέραν,
3349 3692 3477 3749 ἀλλ’
3532 3693 3578 3748 εἰ
3641 3695 3825 3768 χρεὼν

417 3784 653 3840 verbis:
708 3784 772 3840 Et
819 3783 1202 3840 benedicentur
1255 3787 1314 3839 in
1366 3791 1418 3842 te
1461 3801 1646 3842 omne:
1675 3787 1848 3843 tribus
1877 3791 2034 3844 terra

2215 3786 2332 3840 ἄναι
2391 3783 2671 3860 παῤῥησίᾳ
2727 3785 3034 3860 χρώμενον,
3067 3785 3292 3858 πρώτην
3335 3783 3534 3854 ταύτην
3580 3783 3674 3838 καὶ
3719 3783 3827 3856 μό-

419 3875 583 3939 Quod
616 3889 757 3930 sane
784 3873 974 3945 ipsum
1002 3875 1058 3928 in
1095 3875 1746 3932 nobisconsummatum
1769 3877 2033 3946 esse,sati

2208 3896 2268 3944 ην
2310 3875 2396 3930 καὶ
2459 3875 2640 3944 ἀληθῆ
2701 3869 3154 3943 θεοσέϐειαν,τήν
3211 3871 3301 3927 διὰ
3356 3873 3591 3947 Χριστοῦ
3649 3871 3825 3928 πάλαι

417 3966 666 4020 constat.
698 3963 858 4018 Sicut
903 3963 1059 4019 enim
1108 3963 1204 4018 ille
1238 3963 1372 4035 fide,
1407 3981 1585 4036 quam
1618 3967 1920 4038 apparenli
1952 3967 2034 4022 sih

2203 3965 2272 4018 ιὲν
2297 3960 2555 4037 ἀμυδρῶς
2579 3961 3062 4038 παραδειχθεῖσαν,
3089 3963 3206 4017 νυνί
3257 3960 3315 4016 δὲ
3357 3961 3453 4016 οἶά
3497 3981 3616 4016 τινα
3665 3965 3820 4016 πυῶ-

417 4051 606 4108 Verbo
637 4050 754 4107 Deo
787 4053 1009 4120 habuit,
1033 4052 1406 4123 justiﬁcatus,
1432 4054 1679 4125 pristina
1706 4056 1824 4112 vita
1853 4056 2034 4126 patria

1866 4056 2067 4126 patria—
2177 4053 2267 4107 σὸν
2301 4054 2418 4107 καθ’
2449 4051 2588 4122 ὅλης
2615 4057 2714 4123 τῆς
2745 4051 3078 4125 οἰκουμένης
3111 4049 3483 4125 ἐκλάμψασαν.

413 4159 526 4216 que
556 4141 838 4213 religione
867 4143 1083 4210 relicta,
1131 4158 1198 4198 ac
1231 4144 1591 4216 professione
1647 4145 1878 4216 pietatis
1908 4147 2092 4208 omni,
2127 4145 2186 4201 in
2241 4146 2481 4201 unicum
2512 4162 2706 4201 rerum
2755 4145 3011 4200 omnium
3057 4145 3502 4217 gubernatorem
3532 4145 3589 4199 et
3625 4142 3824 4200 Domi-

418 4248 563 4289 num
597 4232 780 4290 Deum
822 4233 1080 4302 collecta,
1116 4250 1234 4290 non
1280 4233 1541 4290 Mosaicae
1580 4233 1745 4290 illum
1798 4234 1944 4306 legis
1994 4235 2376 4303 caeremoniis,
2420 4236 2519 4290 sed
2555 4234 2784 4291 virtutis
2815 4235 2980 4290 factis
3013 4233 3190 4291 coluit
3223 4251 3240 4300 ;
3272 4233 3473 4292 itidem
3500 4233 3644 4290 etin
3680 4249 3823 4304 prae-

419 4323 627 4390 sentia,
660 4324 932 4380 eumdem
989 4326 1185 4397 ipsum
1219 4324 1452 4396 pietatis
1474 4339 1609 4395 erga
1637 4323 1816 4380 Deum
1866 4326 2061 4397 ritum,
2094 4343 2195 4398 per
2245 4325 2612 4382 habitabilem
2649 4331 2864 4382 terram
2905 4341 3135 4382 omnem
3167 4325 3316 4396 apud
3350 4323 3504 4380 solos
3542 4323 3827 4380 Christia-

416 4429 525 4470 nos
553 4412 612 4468 in
647 4430 753 4470 usu
793 4430 938 4483 esse,
999 4415 1310 4471 manifesto
1341 4415 1482 4471 satis
1519 4420 1776 4486 apparet.
1808 4415 2029 4486 Utjam
2063 4415 2208 4472 nihil
2240 4416 2450 4482 obstet,
2487 4417 2624 4488 quin
2659 4414 2928 4488 colligere
2973 4415 3107 4470 inde
3165 4423 3218 4471 et
3275 4412 3624 4470 concludere
3675 4429 3811 4485 pos-

418 4504 626 4570 simus,
661 4507 722 4560 ιιι
779 4520 954 4560 unam
985 4505 1364 4577 eamdemque
1391 4509 1448 4561 et
1477 4521 1630 4562 nunc
1660 4520 1809 4574 esse,
1841 4510 1897 4561 et
1933 4504 2072 4562 olim
2123 4506 2302 4562 fuisse
2335 4506 2532 4571 vitam,
2565 4513 2620 4562 et
2660 4507 2829 4562 nobis
2859 4504 3231 4572 Christianis,
3262 4508 3320 4560 et
3358 4501 3454 4576 qui
3503 4503 3828 4576 antiquitus

415 4609 485 4650 ex
513 4594 846 4664 praescripto
877 4593 975 4650 Dei
1027 4594 1289 4650 vixerunt
1319 4595 1592 4652 omnibus
1651 4609 1838 4666 neque
1875 4609 2088 4648 novum
2148 4600 2248 4650 aut
2299 4593 2663 4667 peregrinum
2697 4610 2824 4650 esse
2876 4593 3210 4650 institutum
3243 4597 3528 4660 nostrum,
3560 4593 3663 4648 sed
3722 4590 3821 4662 (si-

417 4683 653 4755 quidem
686 4683 928 4740 liberius
967 4684 1276 4741 dicendum
1319 4684 1428 4756 est)
1485 4684 1738 4758 primum
1781 4685 1934 4739 hunc
1963 4699 2091 4740 esse
2130 4688 2188 4740 et
2217 4683 2406 4740 solum
2466 4699 2784 4756 verumque
2825 4684 2921 4741 Dei
2955 4683 3202 4753 cultum,
3233 4683 3334 4754 qui
3386 4697 3485 4754 per
3527 4681 3823 4739 Christum

415 4777 507 4831 est
539 4790 552 4829 :
585 4775 685 4848 qui
715 4775 908 4830 cultus
939 4773 1080 4830 olim
1112 4774 1348 4846 quidem
1382 4775 1628 4831 tenuiter
1661 4778 1718 4830 et
1746 4773 1992 4844 obscure
2023 4773 2098 4828 sit
2135 4777 2431 4842 ostensus,
2465 4789 2621 4828 nunc
2650 4788 2785 4830 vero
2819 4778 3097 4845 tanquam
3131 4773 3398 4844 quaedam
3429 4771 3524 4828 fax
3571 4770 3818 4828 lucidior

415 4863 542 4921 orbi
572 4864 840 4921 universo
860 4864 1152 4936 |illuxerit.

487 5048 535 5086 “
564 5049 706 5108 Gen.
732 5068 824 5119 xv,
855 5049 912 5105 6.

489 5233 569 5307 (t)
601 5235 730 5290 Haec
787 5249 917 5305 quis
970 5235 1061 5288 est
1089 5231 1149 5288 in
1181 5229 1459 5304 praeputio
1489 5228 1654 5312 fides,
1698 5229 1874 5285 finem
1926 5243 2061 5284 con-
2178 5235 2232 5310 et
2258 5226 2318 5282 in
2351 5227 2586 5311 reliquis
2609 5227 2812 5300 justis,
2842 5227 2942 5356 οὲιὶ
2975 5227 3321 5309 placuerunt
3354 5227 3484 5283 Deo.
3517 5225 3586 5282 Et
3615 5243 3828 5284 rursus

489 5321 670 5356 nnens
697 5304 1003 5356 nrincinio.
1022 5309 1080 5356 et
1113 5305 1297 5356 prima
1327 5307 1384 5356 et
1417 5301 1734 5356 novissima
1767 5303 1917 5356 facta
1947 5305 2054 5354 est.
2177 5317 2234 5354 ιη
2270 5315 2596 5354 ηονιεειηιιε
2617 5307 2863 5356 tempori
2911 5317 2981 5355 us
3006 5305 3134 5355 orta
3155 5304 3316 5354 estin
3341 5298 3595 5354 humano
3618 5313 3824 5356 uenere

443 5298 670 5376 ungens
697 5298 1003 5376 principio,
1022 5309 1080 5360 et
1113 5298 1384 5376 prima-et
1417 5298 1734 5357 novissima
1767 5303 2054 5376 factaest.
2177 5300 2234 5354 in
2270 5298 2596 5376 nevissirnis
2614 5298 2989 5376 temporibus
3006 5305 3139 5376 orta
3152 5299 3316 5376 estin
3341 5298 3595 5376 humano
3616 5313 3824 5376 genere

463 5369 643 5432 teﬁim
675 5369 731 5431 εἰ
760 5369 1429 5433 οηῐθόἱιῖουώοὶεἱοηθω
1487 5379 1612 5429 erat
1651 5375 1711 5428 in
1767 5372 2058 5430 Abraham
2173 5388 2276 5444 per
2305 5370 2537 5427 Domini
2566 5369 2899 5428 adven—tum.
2925 5371 3097 5445 (lren.
3127 5371 3228 5426 lib.
3255 5387 3330 5438 ιν,
3361 5385 3486 5442 cap.
3511 5369 3632 5441 42.)
