  <div class='ocr_page' id='page_1' title='image "/cluster/home/n/w/nwhite01/storage/ocr_20150623/145/mdp.39015061167048/326.png"; bbox 0 0 4096 6284; ppageno 0'>
   <div class='ocr_carea' id='block_1_1' title="bbox 193 379 303 440">
    <p class='ocr_par' dir='ltr' id='par_1_1' title="bbox 193 379 303 440">
     <span class='ocr_line' id='line_1_1' title="bbox 193 379 303 440; baseline -0.018 0"><span class='ocrx_word' id='word_1_1' title='bbox 193 379 303 440; x_wconf 83' lang='grc'><strong><em>637</em></strong></span> 
     </span>
    </p>
   </div>
   <div class='ocr_carea' id='block_1_2' title="bbox 809 517 1200 590">
    <p class='ocr_par' dir='ltr' id='par_1_2' title="bbox 809 517 1200 590">
     <span class='ocr_line' id='line_1_2' title="bbox 809 517 1200 590; baseline 0.008 -21"><span class='ocrx_word' id='word_1_2' title='bbox 809 521 1064 571; x_wconf 76' lang='grc' dir='ltr'><strong><em>ΚΕΦΑΛ.</em></strong></span> <span class='ocrx_word' id='word_1_3' title='bbox 1107 517 1200 590; x_wconf 78' lang='grc' dir='ltr'><strong><em>ς’.</em></strong></span> 
     </span>
    </p>
   </div>
   <div class='ocr_carea' id='block_1_3' title="bbox 1209 379 2546 449">
    <p class='ocr_par' dir='ltr' id='par_1_3' title="bbox 1209 379 2546 449">
     <span class='ocr_line' id='line_1_3' title="bbox 1209 379 2546 449; baseline 0.003 -7"><span class='ocrx_word' id='word_1_4' title='bbox 1209 379 1832 446; x_wconf 69' lang='lat' dir='ltr'><strong><em>ECCLESIASTICE</em></strong></span> <span class='ocrx_word' id='word_1_5' title='bbox 1874 383 2270 449; x_wconf 73' lang='lat' dir='ltr'><strong><em>HISTORI/E</em></strong></span> <span class='ocrx_word' id='word_1_6' title='bbox 2312 385 2454 447; x_wconf 84' lang='lat' dir='ltr'><strong><em>LIB.</em></strong></span> <span class='ocrx_word' id='word_1_7' title='bbox 2503 383 2546 446; x_wconf 85' lang='lat' dir='ltr'><strong><em>l.</em></strong></span> 
     </span>
    </p>
   </div>
   <div class='ocr_carea' id='block_1_4' title="bbox 1650 518 2944 586">
    <p class='ocr_par' dir='ltr' id='par_1_4' title="bbox 1650 518 2944 586">
     <span class='ocr_line' id='line_1_4' title="bbox 1650 518 2944 586; baseline 0 -10"><span class='ocrx_word' id='word_1_8' title='bbox 1650 521 1654 524; x_wconf 78' lang='grc'><em>’</em></span> <span class='ocrx_word' id='word_1_9' title='bbox 1859 522 1912 586; x_wconf 81' lang='grc' dir='ltr'><strong>Α</strong></span> <span class='ocrx_word' id='word_1_10' title='bbox 2579 518 2811 576; x_wconf 84' lang='lat' dir='ltr'><strong><em>CAPUT</em></strong></span> <span class='ocrx_word' id='word_1_11' title='bbox 2848 520 2944 576; x_wconf 84' lang='lat' dir='ltr'><strong><em>VI.</em></strong></span> 
     </span>
    </p>
   </div>
   <div class='ocr_carea' id='block_1_5' title="bbox 3467 383 3586 448">
    <p class='ocr_par' dir='ltr' id='par_1_5' title="bbox 3467 383 3586 448">
     <span class='ocr_line' id='line_1_5' title="bbox 3467 383 3586 448; baseline -0.025 0"><span class='ocrx_word' id='word_1_12' title='bbox 3467 383 3586 448; x_wconf 88' lang='lat'><strong><em>638</em></strong></span> 
     </span>
    </p>
   </div>
   <div class='ocr_carea' id='block_1_6' title="bbox 192 618 1815 715">
    <p class='ocr_par' dir='ltr' id='par_1_6' title="bbox 192 618 1815 715">
     <span class='ocr_line' id='line_1_6' title="bbox 192 618 1815 715; baseline 0 -38"><span class='ocrx_word' id='word_1_13' title='bbox 192 622 460 715; x_wconf 45' lang='lat'><strong><em>13:09:11</em></strong></span> <span class='ocrx_word' id='word_1_14' title='bbox 492 619 971 710; x_wconf 65' lang='grc' dir='ltr'>κεφαλαιώδης</span> <span class='ocrx_word' id='word_1_15' title='bbox 1003 622 1064 676; x_wconf 86' lang='grc' dir='ltr'>ἐν</span> <span class='ocrx_word' id='word_1_16' title='bbox 1099 623 1389 710; x_wconf 34' lang='grc' dir='ltr'>ἐπιτδομῇ</span> <span class='ocrx_word' id='word_1_17' title='bbox 1419 623 1496 678; x_wconf 71' lang='grc' dir='ltr'><strong><em>τά</em></strong></span> <span class='ocrx_word' id='word_1_18' title='bbox 1526 618 1815 715; x_wconf 55' lang='grc' dir='ltr'>’βϐρμῖκι</span> 
     </span>
     <span class='ocr_line' id='line_1_7' title="bbox 341 693 1594 715; baseline 0 0"><span class='ocrx_word' id='word_1_19' title='bbox 341 714 348 715; x_wconf 33' lang='grc' dir='ltr'><em>κ</em></span> <span class='ocrx_word' id='word_1_20' title='bbox 487 698 516 707; x_wconf 54' lang='grc'><strong><em>*⁸</em></strong></span> <span class='ocrx_word' id='word_1_21' title='bbox 551 714 560 715; x_wconf 33' lang='grc' dir='ltr'><em>κ</em></span> <span class='ocrx_word' id='word_1_22' title='bbox 673 714 696 715; x_wconf 64' lang='lat'><strong><em>,,</em></strong></span> <span class='ocrx_word' id='word_1_23' title='bbox 826 693 842 707; x_wconf 51' lang='grc' dir='ltr'>δ’</span> <span class='ocrx_word' id='word_1_24' title='bbox 1063 700 1119 715; x_wconf 71' lang='grc'><strong>111</strong></span> <span class='ocrx_word' id='word_1_25' title='bbox 1204 696 1214 712; x_wconf 74' lang='grc' dir='ltr'><em>ν</em></span> <span class='ocrx_word' id='word_1_26' title='bbox 1477 700 1501 709; x_wconf 53' lang='grc' dir='ltr'><strong><em>θ’</em></strong></span> <span class='ocrx_word' id='word_1_27' title='bbox 1575 697 1594 715; x_wconf 69' lang='grc' dir='ltr'><strong>Ρ</strong></span> 
     </span>
    </p>
   </div>
   <div class='ocr_carea' id='block_1_7' title="bbox 1931 618 3587 715">
    <p class='ocr_par' dir='ltr' id='par_1_7' title="bbox 1938 625 3587 715">
     <span class='ocr_line' id='line_1_8' title="bbox 1938 625 3587 715; baseline -0.002 -32"><span class='ocrx_word' id='word_1_28' title='bbox 1938 629 2177 715; x_wconf 57' lang='lat' dir='ltr'><strong><em>Historia</em></strong></span> <span class='ocrx_word' id='word_1_29' title='bbox 2203 625 2376 715; x_wconf 65' lang='lat' dir='ltr'><strong><em>brevis</em></strong></span> <span class='ocrx_word' id='word_1_30' title='bbox 2397 629 2663 715; x_wconf 66' lang='lat' dir='ltr'><strong><em>suceincte</em></strong></span> <span class='ocrx_word' id='word_1_31' title='bbox 2695 643 2779 680; x_wconf 88' lang='lat' dir='ltr'><strong><em>res</em></strong></span> <span class='ocrx_word' id='word_1_32' title='bbox 2804 625 3100 715; x_wconf 71' lang='lat' dir='ltr'><strong><em>Hebraieas</em></strong></span> <span class='ocrx_word' id='word_1_33' title='bbox 3129 641 3399 697; x_wconf 75' lang='lat' dir='ltr'><strong><em>exponens</em></strong></span> <span class='ocrx_word' id='word_1_34' title='bbox 3420 641 3587 715; x_wconf 63' lang='lat' dir='ltr'><strong><em>usque</em></strong></span> 
     </span>
    </p>
   </div>
   <div class='ocr_carea' id='block_1_8' title="bbox 259 691 1834 772">
    <p class='ocr_par' dir='ltr' id='par_1_8' title="bbox 259 691 1834 772">
     <span class='ocr_line' id='line_1_9' title="bbox 259 691 1834 772; baseline 0.001 -26"><span class='ocrx_word' id='word_1_35' title='bbox 259 691 779 772; x_wconf 36' lang='grc' dir='ltr'>διιεξιοῦσάηκαὶ</span> <span class='ocrx_word' id='word_1_36' title='bbox 821 693 1019 772; x_wconf 73' lang='grc' dir='ltr'>ἄχρις</span> <span class='ocrx_word' id='word_1_37' title='bbox 1063 691 1505 772; x_wconf 53' lang='grc' dir='ltr'>Ἠριρδουπορ</span> <span class='ocrx_word' id='word_1_38' title='bbox 1537 693 1595 763; x_wconf 79' lang='grc' dir='ltr'>έξ</span> <span class='ocrx_word' id='word_1_39' title='bbox 1628 691 1834 750; x_wconf 75' lang='grc' dir='ltr'>ἄλλο·</span> 
     </span>
    </p>
   </div>
   <div class='ocr_carea' id='block_1_9' title="bbox 259 763 1833 842">
    <p class='ocr_par' dir='ltr' id='par_1_9' title="bbox 259 763 1833 842">
     <span class='ocr_line' id='line_1_10' title="bbox 259 763 1833 842; baseline 0.002 -25"><span class='ocrx_word' id='word_1_40' title='bbox 259 763 480 842; x_wconf 65' lang='grc' dir='ltr'>φύλων</span> <span class='ocrx_word' id='word_1_41' title='bbox 535 763 1017 842; x_wconf 26' lang='grc' dir='ltr'>ἆμρξμαντοςητοῦ</span> <span class='ocrx_word' id='word_1_42' title='bbox 1070 763 1402 820; x_wconf 82' lang='grc' dir='ltr'>Ἰουδαίων</span> <span class='ocrx_word' id='word_1_43' title='bbox 1455 765 1682 828; x_wconf 82' lang='grc' dir='ltr'>ἔθνους</span> <span class='ocrx_word' id='word_1_44' title='bbox 1736 787 1833 820; x_wconf 84' lang='grc' dir='ltr'>κα-</span> 
     </span>
    </p>
   </div>
   <div class='ocr_carea' id='block_1_10' title="bbox 259 833 1828 930">
    <p class='ocr_par' dir='ltr' id='par_1_10' title="bbox 259 833 1828 930">
     <span class='ocr_line' id='line_1_11' title="bbox 259 833 1828 930; baseline 0 -41"><span class='ocrx_word' id='word_1_45' title='bbox 259 833 516 904; x_wconf 77' lang='grc' dir='ltr'>τιοῦσα,</span> <span class='ocrx_word' id='word_1_46' title='bbox 559 833 1192 930; x_wconf 27' lang='grc' dir='ltr'>δῄληνῖκαθιστςοσα</span> <span class='ocrx_word' id='word_1_47' title='bbox 1231 839 1347 907; x_wconf 75' lang='grc' dir='ltr'><strong><em>τήν</em></strong></span> <span class='ocrx_word' id='word_1_48' title='bbox 1391 858 1828 930; x_wconf 55' lang='grc' dir='ltr'>προεςητειαν,</span> 
     </span>
     <span class='ocr_line' id='line_1_12' title="bbox 261 909 1827 930; baseline -0.002 0"><span class='ocrx_word' id='word_1_49' title='bbox 261 909 323 930; x_wconf 49' lang='grc' dir='ltr'><strong><em>-νὲ</em></strong></span> <span class='ocrx_word' id='word_1_50' title='bbox 533 914 567 930; x_wconf 82' lang='grc' dir='ltr'>Λ</span> <span class='ocrx_word' id='word_1_51' title='bbox 629 929 653 930; x_wconf 46' lang='grc' dir='ltr'>η</span> <span class='ocrx_word' id='word_1_52' title='bbox 763 929 769 930; x_wconf 60' lang='lat'><strong><em>,</em></strong></span> <span class='ocrx_word' id='word_1_53' title='bbox 839 929 851 930; x_wconf 33' lang='grc' dir='ltr'><em>κ</em></span> <span class='ocrx_word' id='word_1_54' title='bbox 914 911 970 930; x_wconf 71' lang='grc'><strong><em>1,</em></strong></span> <span class='ocrx_word' id='word_1_55' title='bbox 1109 929 1172 930; x_wconf 56' lang='lat'><strong><em>,,,</em></strong></span> <span class='ocrx_word' id='word_1_56' title='bbox 1330 909 1386 930; x_wconf 62' lang='grc' dir='ltr'><strong>Ῥ</strong></span> <span class='ocrx_word' id='word_1_57' title='bbox 1435 913 1474 930; x_wconf 65' lang='grc'><strong><em>’1</em></strong></span> <span class='ocrx_word' id='word_1_58' title='bbox 1584 929 1590 930; x_wconf 59' lang='lat'><strong><em>,</em></strong></span> <span class='ocrx_word' id='word_1_59' title='bbox 1726 929 1730 930; x_wconf 28' lang='grc' dir='ltr'><em>γ</em></span> <span class='ocrx_word' id='word_1_60' title='bbox 1817 912 1827 927; x_wconf 83' lang='lat'><strong><em>\</em></strong></span> 
     </span>
    </p>
   </div>
   <div class='ocr_carea' id='block_1_11' title="bbox 259 906 1829 983">
    <p class='ocr_par' dir='ltr' id='par_1_11' title="bbox 259 906 1829 983">
     <span class='ocr_line' id='line_1_13' title="bbox 259 906 1829 983; baseline 0.003 -26"><span class='ocrx_word' id='word_1_61' title='bbox 259 909 478 983; x_wconf 44' lang='grc' dir='ltr'>τήν,-‹‹</span> <span class='ocrx_word' id='word_1_62' title='bbox 531 906 1006 983; x_wconf 39' lang='grc' dir='ltr'>Οὐκ-ἐκλείψει</span> <span class='ocrx_word' id='word_1_63' title='bbox 1055 906 1387 983; x_wconf 76' lang='grc' dir='ltr'>ἄρχωνέξ</span> <span class='ocrx_word' id='word_1_64' title='bbox 1435 906 1669 983; x_wconf 26' lang='grc' dir='ltr'>ξΙοῦδ-α,</span> <span class='ocrx_word' id='word_1_65' title='bbox 1723 912 1829 964; x_wconf 83' lang='grc' dir='ltr'>καὶ</span> 
     </span>
    </p>
   </div>
   <div class='ocr_carea' id='block_1_12' title="bbox 261 977 1832 1052">
    <p class='ocr_par' dir='ltr' id='par_1_12' title="bbox 261 977 1832 1052">
     <span class='ocr_line' id='line_1_14' title="bbox 261 977 1832 1052; baseline 0.002 -21"><span class='ocrx_word' id='word_1_66' title='bbox 261 979 638 1052; x_wconf 67' lang='grc' dir='ltr'>ἡγούμενος</span> <span class='ocrx_word' id='word_1_67' title='bbox 671 977 737 1034; x_wconf 79' lang='grc' dir='ltr'>ἐκ</span> <span class='ocrx_word' id='word_1_68' title='bbox 770 977 1552 1052; x_wconf 43' lang='grc' dir='ltr'>τῶνμηρῶνάὐτοᾷἓως</span> <span class='ocrx_word' id='word_1_69' title='bbox 1582 980 1743 1052; x_wconf 68' lang='grc' dir='ltr'>ἔλθῃ</span> <span class='ocrx_word' id='word_1_70' title='bbox 1787 983 1832 1052; x_wconf 85' lang='grc' dir='ltr'>ᾧ</span> 
     </span>
    </p>
   </div>
   <div class='ocr_carea' id='block_1_13' title="bbox 259 1050 1825 1126">
    <p class='ocr_par' dir='ltr' id='par_1_13' title="bbox 259 1050 1825 1126">
     <span class='ocr_line' id='line_1_15' title="bbox 259 1050 1825 1126; baseline 0.001 -22"><span class='ocrx_word' id='word_1_71' title='bbox 259 1050 630 1126; x_wconf 72' lang='grc' dir='ltr'>ᾂπόκειται,</span> <span class='ocrx_word' id='word_1_72' title='bbox 705 1051 813 1105; x_wconf 80' lang='grc' dir='ltr'>καὶ</span> <span class='ocrx_word' id='word_1_73' title='bbox 883 1050 1078 1106; x_wconf 72' lang='grc' dir='ltr'>αὐτὸν</span> <span class='ocrx_word' id='word_1_74' title='bbox 1153 1053 1324 1106; x_wconf 75' lang='grc' dir='ltr'>εἶναι</span> <span class='ocrx_word' id='word_1_75' title='bbox 1407 1050 1825 1126; x_wconf 81' lang='grc' dir='ltr'>προσδοκίαν</span> 
     </span>
    </p>
   </div>
   <div class='ocr_carea' id='block_1_14' title="bbox 259 1122 541 1179">
    <p class='ocr_par' dir='ltr' id='par_1_14' title="bbox 259 1122 541 1179">
     <span class='ocr_line' id='line_1_16' title="bbox 259 1122 541 1179; baseline -0.014 -3"><span class='ocrx_word' id='word_1_76' title='bbox 259 1122 475 1179; x_wconf 75' lang='grc' dir='ltr'>ἐθνῶν,</span> <span class='ocrx_word' id='word_1_77' title='bbox 512 1145 541 1173; x_wconf 86' lang='grc'><strong>››</strong></span> 
     </span>
    </p>
   </div>
   <div class='ocr_carea' id='block_1_15' title="bbox 256 1227 1834 1308">
    <p class='ocr_par' dir='ltr' id='par_1_15' title="bbox 256 1227 1834 1308">
     <span class='ocr_line' id='line_1_17' title="bbox 256 1227 1834 1308; baseline 0.003 -24"><span class='ocrx_word' id='word_1_78' title='bbox 256 1229 471 1285; x_wconf 72' lang='grc' dir='ltr'>Τούτων</span> <span class='ocrx_word' id='word_1_79' title='bbox 504 1227 552 1283; x_wconf 86' lang='grc' dir='ltr'>δ’</span> <span class='ocrx_word' id='word_1_80' title='bbox 609 1228 784 1291; x_wconf 76' lang='grc' dir='ltr'>οὕτως</span> <span class='ocrx_word' id='word_1_81' title='bbox 836 1229 1098 1306; x_wconf 71' lang='grc' dir='ltr'>ἑχόντων,</span> <span class='ocrx_word' id='word_1_82' title='bbox 1123 1231 1212 1287; x_wconf 80' lang='grc' dir='ltr'><strong><em>καὶ</em></strong></span> <span class='ocrx_word' id='word_1_83' title='bbox 1255 1233 1562 1308; x_wconf 82' lang='grc' dir='ltr'><strong><em>ἀναγκαίως</em></strong></span> <span class='ocrx_word' id='word_1_84' title='bbox 1593 1254 1834 1306; x_wconf 75' lang='grc' dir='ltr'>προανα-</span> 
     </span>
    </p>
   </div>
   <div class='ocr_carea' id='block_1_16' title="bbox 193 1315 1832 1396">
    <p class='ocr_par' dir='ltr' id='par_1_16' title="bbox 193 1315 1832 1396">
     <span class='ocr_line' id='line_1_18' title="bbox 193 1315 1832 1396; baseline 0.003 -25"><span class='ocrx_word' id='word_1_85' title='bbox 193 1315 566 1393; x_wconf 86' lang='grc' dir='ltr'>δεδειγμένων,</span> <span class='ocrx_word' id='word_1_86' title='bbox 630 1317 828 1373; x_wconf 87' lang='grc' dir='ltr'>λοιπὸν</span> <span class='ocrx_word' id='word_1_87' title='bbox 889 1319 954 1388; x_wconf 71' lang='grc' dir='ltr'>δὴ</span> <span class='ocrx_word' id='word_1_88' title='bbox 1016 1321 1120 1374; x_wconf 74' lang='grc' dir='ltr'><strong><em>ἀπὸ</em></strong></span> <span class='ocrx_word' id='word_1_89' title='bbox 1178 1328 1276 1389; x_wconf 81' lang='grc' dir='ltr'>τῆς</span> <span class='ocrx_word' id='word_1_90' title='bbox 1332 1323 1467 1376; x_wconf 76' lang='grc' dir='ltr'>κατά</span> <span class='ocrx_word' id='word_1_91' title='bbox 1524 1324 1693 1396; x_wconf 91' lang='grc' dir='ltr'>σάρκα</span> <span class='ocrx_word' id='word_1_92' title='bbox 1737 1327 1832 1376; x_wconf 79' lang='grc' dir='ltr'><strong><em>τοῦ</em></strong></span> 
     </span>
    </p>
   </div>
   <div class='ocr_carea' id='block_1_17' title="bbox 190 1407 1831 1486">
    <p class='ocr_par' dir='ltr' id='par_1_17' title="bbox 190 1407 1831 1486">
     <span class='ocr_line' id='line_1_19' title="bbox 190 1407 1831 1486; baseline 0.002 -24"><span class='ocrx_word' id='word_1_93' title='bbox 190 1410 437 1478; x_wconf 80' lang='grc' dir='ltr'><strong><em>Σωτῆρος</em></strong></span> <span class='ocrx_word' id='word_1_94' title='bbox 484 1407 826 1484; x_wconf 75' lang='grc' dir='ltr'><strong><em>ἐπιφανείας,</em></strong></span> <span class='ocrx_word' id='word_1_95' title='bbox 877 1411 970 1464; x_wconf 78' lang='grc' dir='ltr'>οἷά</span> <span class='ocrx_word' id='word_1_96' title='bbox 1006 1431 1153 1472; x_wconf 87' lang='grc' dir='ltr'>τινος</span> <span class='ocrx_word' id='word_1_97' title='bbox 1210 1408 1381 1480; x_wconf 76' lang='grc' dir='ltr'>δεξιάς</span> <span class='ocrx_word' id='word_1_98' title='bbox 1438 1409 1683 1486; x_wconf 84' lang='grc' dir='ltr'>ὁδηγίας,</span> <span class='ocrx_word' id='word_1_99' title='bbox 1733 1419 1831 1478; x_wconf 78' lang='grc' dir='ltr'><strong><em>τῆς</em></strong></span> 
     </span>
    </p>
   </div>
   <div class='ocr_carea' id='block_1_18' title="bbox 188 1496 1828 1576">
    <p class='ocr_par' dir='ltr' id='par_1_18' title="bbox 188 1496 1828 1576">
     <span class='ocr_line' id='line_1_20' title="bbox 188 1496 1828 1576; baseline 0.001 -26"><span class='ocrx_word' id='word_1_100' title='bbox 188 1496 417 1568; x_wconf 71' lang='grc' dir='ltr'>ἱστορίας</span> <span class='ocrx_word' id='word_1_101' title='bbox 452 1498 702 1570; x_wconf 71' lang='grc' dir='ltr'>ἁψόμεθα</span> <span class='ocrx_word' id='word_1_102' title='bbox 756 1497 1114 1573; x_wconf 69' lang='grc' dir='ltr'>συλλήπτορα</span> <span class='ocrx_word' id='word_1_103' title='bbox 1144 1500 1234 1553; x_wconf 86' lang='grc' dir='ltr'><strong><em>καὶ</em></strong></span> <span class='ocrx_word' id='word_1_104' title='bbox 1287 1501 1631 1576; x_wconf 69' lang='grc' dir='ltr'><strong><em>χειραγωγὸν</em></strong></span> <span class='ocrx_word' id='word_1_105' title='bbox 1671 1500 1828 1554; x_wconf 76' lang='grc' dir='ltr'>αὐτὸν</span> 
     </span>
    </p>
   </div>
   <div class='ocr_carea' id='block_1_19' title="bbox 186 1585 1829 1662">
    <p class='ocr_par' dir='ltr' id='par_1_19' title="bbox 186 1585 1829 1662">
     <span class='ocr_line' id='line_1_21' title="bbox 186 1585 1829 1662; baseline 0.003 -24"><span class='ocrx_word' id='word_1_106' title='bbox 186 1587 270 1640; x_wconf 89' lang='grc' dir='ltr'>τὸν</span> <span class='ocrx_word' id='word_1_107' title='bbox 315 1585 556 1660; x_wconf 79' lang='grc' dir='ltr'><strong><em>ἄναρχον</em></strong></span> <span class='ocrx_word' id='word_1_108' title='bbox 601 1591 697 1640; x_wconf 79' lang='grc' dir='ltr'>τοῦ</span> <span class='ocrx_word' id='word_1_109' title='bbox 744 1585 876 1641; x_wconf 77' lang='grc' dir='ltr'><strong><em>Θεοῦ</em></strong></span> <span class='ocrx_word' id='word_1_110' title='bbox 929 1589 1101 1662; x_wconf 73' lang='grc' dir='ltr'>Λόγον</span> <span class='ocrx_word' id='word_1_111' title='bbox 1146 1594 1264 1650; x_wconf 86' lang='grc' dir='ltr'>ταῖς</span> <span class='ocrx_word' id='word_1_112' title='bbox 1313 1589 1510 1662; x_wconf 82' lang='grc' dir='ltr'>ἀρχαῖς</span> <span class='ocrx_word' id='word_1_113' title='bbox 1561 1593 1657 1643; x_wconf 77' lang='grc' dir='ltr'>τοῦ</span> <span class='ocrx_word' id='word_1_114' title='bbox 1717 1592 1829 1644; x_wconf 85' lang='grc' dir='ltr'>κατ’</span> 
     </span>
    </p>
   </div>
   <div class='ocr_carea' id='block_1_20' title="bbox 190 1671 1830 1750">
    <p class='ocr_par' dir='ltr' id='par_1_20' title="bbox 190 1671 1830 1750">
     <span class='ocr_line' id='line_1_22' title="bbox 190 1671 1830 1750; baseline 0.002 -22"><span class='ocrx_word' id='word_1_115' title='bbox 190 1674 340 1728; x_wconf 71' lang='grc' dir='ltr'>αὐτὸν</span> <span class='ocrx_word' id='word_1_116' title='bbox 392 1675 563 1749; x_wconf 80' lang='grc' dir='ltr'>λόγου</span> <span class='ocrx_word' id='word_1_117' title='bbox 616 1671 1098 1748; x_wconf 87' lang='grc' dir='ltr'>προϐεϐλημένοι,</span> <span class='ocrx_word' id='word_1_118' title='bbox 1148 1679 1222 1738; x_wconf 82' lang='grc' dir='ltr'>ὡς</span> <span class='ocrx_word' id='word_1_119' title='bbox 1285 1679 1359 1750; x_wconf 75' lang='grc' dir='ltr'>μὴ</span> <span class='ocrx_word' id='word_1_120' title='bbox 1421 1685 1520 1746; x_wconf 77' lang='grc' dir='ltr'><strong><em>τῆς</em></strong></span> <span class='ocrx_word' id='word_1_121' title='bbox 1574 1678 1830 1747; x_wconf 76' lang='grc' dir='ltr'>ἀληθείας</span> 
     </span>
    </p>
   </div>
   <div class='ocr_carea' id='block_1_21' title="bbox 190 1761 1824 1840">
    <p class='ocr_par' dir='ltr' id='par_1_21' title="bbox 190 1761 1824 1840">
     <span class='ocr_line' id='line_1_23' title="bbox 190 1761 1824 1840; baseline 0.003 -24"><span class='ocrx_word' id='word_1_122' title='bbox 190 1761 516 1836; x_wconf 87' lang='grc' dir='ltr'>διαμαρτεῖν.</span> <span class='ocrx_word' id='word_1_123' title='bbox 569 1765 776 1838; x_wconf 81' lang='grc' dir='ltr'>Μικρὸν</span> <span class='ocrx_word' id='word_1_124' title='bbox 828 1762 883 1819; x_wconf 79' lang='grc' dir='ltr'>δὲ</span> <span class='ocrx_word' id='word_1_125' title='bbox 932 1764 1134 1820; x_wconf 76' lang='grc' dir='ltr'>ἄνωθεν</span> <span class='ocrx_word' id='word_1_126' title='bbox 1186 1767 1437 1821; x_wconf 77' lang='grc' dir='ltr'>ἀνοικτέον</span> <span class='ocrx_word' id='word_1_127' title='bbox 1486 1767 1577 1820; x_wconf 86' lang='grc' dir='ltr'>τὸν</span> <span class='ocrx_word' id='word_1_128' title='bbox 1639 1765 1824 1840; x_wconf 86' lang='grc' dir='ltr'>λόγον.</span> 
     </span>
    </p>
   </div>
   <div class='ocr_carea' id='block_1_22' title="bbox 2008 699 3584 769">
    <p class='ocr_par' dir='ltr' id='par_1_22' title="bbox 2008 699 3584 769">
     <span class='ocr_line' id='line_1_24' title="bbox 2008 699 3584 769; baseline -0.003 -17"><span class='ocrx_word' id='word_1_129' title='bbox 2008 700 2085 752; x_wconf 82' lang='lat' dir='ltr'><strong><em>ad</em></strong></span> <span class='ocrx_word' id='word_1_130' title='bbox 2137 699 2392 753; x_wconf 72' lang='lat' dir='ltr'><strong><em>Herodem</em></strong></span> <span class='ocrx_word' id='word_1_131' title='bbox 2439 699 2724 762; x_wconf 84' lang='lat' dir='ltr'><strong><em>advenam,</em></strong></span> <span class='ocrx_word' id='word_1_132' title='bbox 2773 715 2868 752; x_wconf 84' lang='lat' dir='ltr'><strong><em>seu</em></strong></span> <span class='ocrx_word' id='word_1_133' title='bbox 2915 699 3304 769; x_wconf 77' lang='lat' dir='ltr'><strong><em>alienigenam,</em></strong></span> <span class='ocrx_word' id='word_1_134' title='bbox 3342 701 3439 767; x_wconf 83' lang='lat' dir='ltr'><strong><em>qui</em></strong></span> <span class='ocrx_word' id='word_1_135' title='bbox 3485 700 3584 751; x_wconf 82' lang='lat' dir='ltr'><strong><em>Ju-</em></strong></span> 
     </span>
    </p>
   </div>
   <div class='ocr_carea' id='block_1_23' title="bbox 2010 770 3584 840">
    <p class='ocr_par' dir='ltr' id='par_1_23' title="bbox 2010 770 3584 840">
     <span class='ocr_line' id='line_1_25' title="bbox 2010 770 3584 840; baseline 0 -18"><span class='ocrx_word' id='word_1_136' title='bbox 2010 773 2257 825; x_wconf 55' lang='grc' dir='ltr'>ἅχω-ωτι</span> <span class='ocrx_word' id='word_1_137' title='bbox 2287 787 2510 837; x_wconf 82' lang='lat' dir='ltr'><strong><em>regnum</em></strong></span> <span class='ocrx_word' id='word_1_138' title='bbox 2542 770 2818 825; x_wconf 85' lang='lat' dir='ltr'><strong><em>obtinuit:</em></strong></span> <span class='ocrx_word' id='word_1_139' title='bbox 2851 786 2968 840; x_wconf 74' lang='lat' dir='ltr'><strong><em>quae</em></strong></span> <span class='ocrx_word' id='word_1_140' title='bbox 2986 771 3219 824; x_wconf 74' lang='lat' dir='ltr'><strong><em>historia</em></strong></span> <span class='ocrx_word' id='word_1_141' title='bbox 3236 770 3584 840; x_wconf 81' lang='lat' dir='ltr'><strong><em>praphetiam</em></strong></span> 
     </span>
    </p>
   </div>
   <div class='ocr_carea' id='block_1_24' title="bbox 2009 839 3583 911">
    <p class='ocr_par' dir='ltr' id='par_1_24' title="bbox 2009 839 3583 911">
     <span class='ocr_line' id='line_1_26' title="bbox 2009 839 3583 911; baseline 0 -17"><span class='ocrx_word' id='word_1_142' title='bbox 2009 842 2168 895; x_wconf 80' lang='lat' dir='ltr'><strong><em>illam</em></strong></span> <span class='ocrx_word' id='word_1_143' title='bbox 2198 843 2435 896; x_wconf 76' lang='lat' dir='ltr'><strong><em>declarat</em></strong></span> <span class='ocrx_word' id='word_1_144' title='bbox 2465 859 2485 896; x_wconf 88' lang='lat'><strong><em>:</em></strong></span> <span class='ocrx_word' id='word_1_145' title='bbox 2516 865 2542 891; x_wconf 89' lang='grc'><strong><em>‹‹</em></strong></span> <span class='ocrx_word' id='word_1_146' title='bbox 2577 843 2691 896; x_wconf 80' lang='lat' dir='ltr'><strong><em>Non</em></strong></span> <span class='ocrx_word' id='word_1_147' title='bbox 2720 839 2906 895; x_wconf 81' lang='lat' dir='ltr'><strong><em>deerit</em></strong></span> <span class='ocrx_word' id='word_1_148' title='bbox 2934 843 3187 911; x_wconf 83' lang='lat' dir='ltr'><strong><em>princeps</em></strong></span> <span class='ocrx_word' id='word_1_149' title='bbox 3231 856 3300 895; x_wconf 77' lang='lat' dir='ltr'><strong><em>ea:</em></strong></span> <span class='ocrx_word' id='word_1_150' title='bbox 3341 839 3502 905; x_wconf 75' lang='lat' dir='ltr'><strong><em>Iuda,</em></strong></span> <span class='ocrx_word' id='word_1_151' title='bbox 3533 848 3583 894; x_wconf 76' lang='lat' dir='ltr'><strong><em>et</em></strong></span> 
     </span>
    </p>
   </div>
   <div class='ocr_carea' id='block_1_25' title="bbox 2009 912 3580 983">
    <p class='ocr_par' dir='ltr' id='par_1_25' title="bbox 2009 912 3580 983">
     <span class='ocr_line' id='line_1_27' title="bbox 2009 912 3580 983; baseline -0.003 -16"><span class='ocrx_word' id='word_1_152' title='bbox 2009 912 2123 967; x_wconf 65' lang='lat' dir='ltr'><strong><em>dua:</em></strong></span> <span class='ocrx_word' id='word_1_153' title='bbox 2149 929 2219 968; x_wconf 79' lang='lat' dir='ltr'><strong><em>ex</em></strong></span> <span class='ocrx_word' id='word_1_154' title='bbox 2245 915 2456 979; x_wconf 84' lang='lat' dir='ltr'><strong><em>femore</em></strong></span> <span class='ocrx_word' id='word_1_155' title='bbox 2483 914 2615 983; x_wconf 82' lang='lat' dir='ltr'><strong><em>ejus,</em></strong></span> <span class='ocrx_word' id='word_1_156' title='bbox 2634 913 2800 968; x_wconf 87' lang='lat' dir='ltr'><strong><em>donec</em></strong></span> <span class='ocrx_word' id='word_1_157' title='bbox 2830 915 3010 968; x_wconf 81' lang='lat' dir='ltr'><strong><em>veniat</em></strong></span> <span class='ocrx_word' id='word_1_158' title='bbox 3041 914 3130 967; x_wconf 83' lang='lat' dir='ltr'><strong><em>cui</em></strong></span> <span class='ocrx_word' id='word_1_159' title='bbox 3159 913 3448 983; x_wconf 74' lang='lat' dir='ltr'><strong><em>repositum</em></strong></span> <span class='ocrx_word' id='word_1_160' title='bbox 3477 917 3580 977; x_wconf 81' lang='lat' dir='ltr'><strong><em>est,</em></strong></span> 
     </span>
    </p>
   </div>
   <div class='ocr_carea' id='block_1_26' title="bbox 2012 987 3025 1057">
    <p class='ocr_par' dir='ltr' id='par_1_26' title="bbox 2012 987 3025 1057">
     <span class='ocr_line' id='line_1_28' title="bbox 2012 987 3025 1057; baseline -0.003 -19"><span class='ocrx_word' id='word_1_161' title='bbox 2012 993 2061 1039; x_wconf 80' lang='lat' dir='ltr'><strong><em>ei</em></strong></span> <span class='ocrx_word' id='word_1_162' title='bbox 2092 987 2204 1056; x_wconf 86' lang='lat' dir='ltr'><strong><em>ipse</em></strong></span> <span class='ocrx_word' id='word_1_163' title='bbox 2229 992 2308 1040; x_wconf 73' lang='lat' dir='ltr'><strong><em>est</em></strong></span> <span class='ocrx_word' id='word_1_164' title='bbox 2334 987 2670 1057; x_wconf 71' lang='lat' dir='ltr'><strong><em>exspectatio</em></strong></span> <span class='ocrx_word' id='word_1_165' title='bbox 2698 988 2960 1054; x_wconf 79' lang='lat' dir='ltr'><strong><em>gentium.</em></strong></span> <span class='ocrx_word' id='word_1_166' title='bbox 2998 1006 3025 1033; x_wconf 86' lang='lat'>»</span> 
     </span>
    </p>
   </div>
   <div class='ocr_carea' id='block_1_27' title="bbox 2012 1224 3578 1297">
    <p class='ocr_par' dir='ltr' id='par_1_27' title="bbox 2012 1224 3578 1297">
     <span class='ocr_line' id='line_1_29' title="bbox 2012 1224 3578 1297; baseline -0.003 -13"><span class='ocrx_word' id='word_1_167' title='bbox 2012 1230 2139 1284; x_wconf 69' lang='lat' dir='ltr'><strong><em>Haec</em></strong></span> <span class='ocrx_word' id='word_1_168' title='bbox 2205 1245 2336 1283; x_wconf 90' lang='lat' dir='ltr'><strong><em>cum</em></strong></span> <span class='ocrx_word' id='word_1_169' title='bbox 2395 1227 2476 1282; x_wconf 90' lang='lat' dir='ltr'><strong><em>ita</em></strong></span> <span class='ocrx_word' id='word_1_170' title='bbox 2538 1244 2599 1284; x_wconf 91' lang='lat' dir='ltr'><strong><em>se</em></strong></span> <span class='ocrx_word' id='word_1_171' title='bbox 2658 1227 2924 1289; x_wconf 79' lang='lat' dir='ltr'><strong><em>habeant.</em></strong></span> <span class='ocrx_word' id='word_1_172' title='bbox 2988 1228 3436 1297; x_wconf 82' lang='lat' dir='ltr'><strong><em>necessarioque</em></strong></span> <span class='ocrx_word' id='word_1_173' title='bbox 3495 1224 3578 1280; x_wconf 91' lang='lat' dir='ltr'><strong><em>sic</em></strong></span> 
     </span>
    </p>
   </div>
   <div class='ocr_carea' id='block_1_28' title="bbox 1941 1315 3579 1390">
    <p class='ocr_par' dir='ltr' id='par_1_28' title="bbox 1941 1315 3579 1390">
     <span class='ocr_line' id='line_1_30' title="bbox 1941 1315 3579 1390; baseline -0.003 -16"><span class='ocrx_word' id='word_1_174' title='bbox 1941 1320 2058 1374; x_wconf 90' lang='lat' dir='ltr'><strong><em>sint</em></strong></span> <span class='ocrx_word' id='word_1_175' title='bbox 2107 1317 2424 1390; x_wconf 64' lang='lat' dir='ltr'><strong><em>praemissa,</em></strong></span> <span class='ocrx_word' id='word_1_176' title='bbox 2457 1317 2728 1388; x_wconf 80' lang='lat' dir='ltr'><strong><em>deinceps</em></strong></span> <span class='ocrx_word' id='word_1_177' title='bbox 2773 1319 2844 1372; x_wconf 90' lang='lat' dir='ltr'><strong><em>ab</em></strong></span> <span class='ocrx_word' id='word_1_178' title='bbox 2875 1318 3234 1389; x_wconf 79' lang='lat' dir='ltr'><strong><em>apparitione</em></strong></span> <span class='ocrx_word' id='word_1_179' title='bbox 3264 1315 3579 1371; x_wconf 87' lang='lat' dir='ltr'><strong><em>Servatoris</em></strong></span> 
     </span>
    </p>
   </div>
   <div class='ocr_carea' id='block_1_29' title="bbox 1939 1404 3577 1477">
    <p class='ocr_par' dir='ltr' id='par_1_29' title="bbox 1939 1404 3577 1477">
     <span class='ocr_line' id='line_1_31' title="bbox 1939 1404 3577 1477; baseline -0.005 -12"><span class='ocrx_word' id='word_1_180' title='bbox 1939 1411 2260 1465; x_wconf 86' lang='lat' dir='ltr'><strong><em>secundum</em></strong></span> <span class='ocrx_word' id='word_1_181' title='bbox 2293 1423 2547 1472; x_wconf 88' lang='lat' dir='ltr'><strong><em>carnem,</em></strong></span> <span class='ocrx_word' id='word_1_182' title='bbox 2572 1411 2853 1477; x_wconf 88' lang='lat' dir='ltr'><strong><em>tanquam</em></strong></span> <span class='ocrx_word' id='word_1_183' title='bbox 2885 1407 3182 1475; x_wconf 88' lang='lat' dir='ltr'><strong><em>auspicata</em></strong></span> <span class='ocrx_word' id='word_1_184' title='bbox 3213 1410 3268 1460; x_wconf 89' lang='lat' dir='ltr'><strong><em>et</em></strong></span> <span class='ocrx_word' id='word_1_185' title='bbox 3298 1404 3445 1458; x_wconf 80' lang='lat' dir='ltr'><strong><em>felici</em></strong></span> <span class='ocrx_word' id='word_1_186' title='bbox 3477 1404 3577 1457; x_wconf 74' lang='lat' dir='ltr'><strong><em>viae</em></strong></span> 
     </span>
    </p>
   </div>
   <div class='ocr_carea' id='block_1_30' title="bbox 1938 1492 3574 1568">
    <p class='ocr_par' dir='ltr' id='par_1_30' title="bbox 1938 1492 3574 1568">
     <span class='ocr_line' id='line_1_32' title="bbox 1938 1492 3574 1568; baseline -0.005 -15"><span class='ocrx_word' id='word_1_187' title='bbox 1938 1501 2108 1563; x_wconf 90' lang='lat' dir='ltr'><strong><em>duce,</em></strong></span> <span class='ocrx_word' id='word_1_188' title='bbox 2138 1499 2462 1566; x_wconf 74' lang='lat' dir='ltr'><strong><em>adjutorem</em></strong></span> <span class='ocrx_word' id='word_1_189' title='bbox 2514 1503 2689 1568; x_wconf 89' lang='lat' dir='ltr'><strong><em>atque</em></strong></span> <span class='ocrx_word' id='word_1_190' title='bbox 2737 1505 3026 1551; x_wconf 89' lang='lat' dir='ltr'><strong><em>auctorem</em></strong></span> <span class='ocrx_word' id='word_1_191' title='bbox 3061 1497 3256 1567; x_wconf 90' lang='lat' dir='ltr'><strong><em>ipsum</em></strong></span> <span class='ocrx_word' id='word_1_192' title='bbox 3290 1492 3574 1566; x_wconf 88' lang='lat' dir='ltr'><strong><em>principio</em></strong></span> 
     </span>
    </p>
   </div>
   <div class='ocr_carea' id='block_1_31' title="bbox 1936 1585 3576 1654">
    <p class='ocr_par' dir='ltr' id='par_1_31' title="bbox 1936 1585 3576 1654">
     <span class='ocr_line' id='line_1_33' title="bbox 1936 1585 3576 1654; baseline -0.006 -11"><span class='ocrx_word' id='word_1_193' title='bbox 1936 1603 2139 1643; x_wconf 89' lang='lat' dir='ltr'><strong><em>carens</em></strong></span> <span class='ocrx_word' id='word_1_194' title='bbox 2191 1586 2288 1640; x_wconf 87' lang='lat' dir='ltr'><strong><em>Dei</em></strong></span> <span class='ocrx_word' id='word_1_195' title='bbox 2341 1586 2617 1653; x_wconf 81' lang='lat' dir='ltr'><strong><em>Verbum,</em></strong></span> <span class='ocrx_word' id='word_1_196' title='bbox 2651 1585 2816 1640; x_wconf 88' lang='lat' dir='ltr'><strong><em>initio</em></strong></span> <span class='ocrx_word' id='word_1_197' title='bbox 2865 1586 2992 1654; x_wconf 90' lang='lat' dir='ltr'><strong><em>ejus</em></strong></span> <span class='ocrx_word' id='word_1_198' title='bbox 3037 1602 3162 1654; x_wconf 75' lang='lat' dir='ltr'><strong><em>quae</em></strong></span> <span class='ocrx_word' id='word_1_199' title='bbox 3212 1585 3283 1638; x_wconf 88' lang='lat' dir='ltr'><strong><em>de</em></strong></span> <span class='ocrx_word' id='word_1_200' title='bbox 3331 1599 3396 1637; x_wconf 91' lang='lat' dir='ltr'><strong><em>eo</em></strong></span> <span class='ocrx_word' id='word_1_201' title='bbox 3446 1597 3576 1635; x_wconf 90' lang='lat' dir='ltr'><strong><em>sus-</em></strong></span> 
     </span>
    </p>
   </div>
   <div class='ocr_carea' id='block_1_32' title="bbox 1936 1670 3576 1751">
    <p class='ocr_par' dir='ltr' id='par_1_32' title="bbox 1936 1670 3576 1751">
     <span class='ocr_line' id='line_1_34' title="bbox 1936 1670 3576 1751; baseline -0.007 -17"><span class='ocrx_word' id='word_1_202' title='bbox 1936 1685 2106 1751; x_wconf 88' lang='lat' dir='ltr'><strong><em>cepta</em></strong></span> <span class='ocrx_word' id='word_1_203' title='bbox 2137 1683 2226 1733; x_wconf 87' lang='lat' dir='ltr'><strong><em>est</em></strong></span> <span class='ocrx_word' id='word_1_204' title='bbox 2255 1675 2532 1732; x_wconf 88' lang='lat' dir='ltr'><strong><em>orationis</em></strong></span> <span class='ocrx_word' id='word_1_205' title='bbox 2565 1675 2963 1746; x_wconf 67' lang='lat' dir='ltr'><strong><em>prmﬁcientes,</em></strong></span> <span class='ocrx_word' id='word_1_206' title='bbox 2997 1690 3066 1728; x_wconf 91' lang='lat' dir='ltr'><strong><em>ne</em></strong></span> <span class='ocrx_word' id='word_1_207' title='bbox 3114 1673 3335 1728; x_wconf 81' lang='lat' dir='ltr'><strong><em>scilicet</em></strong></span> <span class='ocrx_word' id='word_1_208' title='bbox 3363 1689 3394 1725; x_wconf 90' lang='lat' dir='ltr'><strong><em>a</em></strong></span> <span class='ocrx_word' id='word_1_209' title='bbox 3425 1670 3576 1724; x_wconf 91' lang='lat' dir='ltr'><strong><em>veri-</em></strong></span> 
     </span>
    </p>
   </div>
   <div class='ocr_carea' id='block_1_33' title="bbox 1936 1761 3571 1834">
    <p class='ocr_par' dir='ltr' id='par_1_33' title="bbox 1936 1761 3571 1834">
     <span class='ocr_line' id='line_1_35' title="bbox 1936 1761 3571 1834; baseline -0.007 -12"><span class='ocrx_word' id='word_1_210' title='bbox 1936 1773 2051 1822; x_wconf 89' lang='lat' dir='ltr'><strong><em>tate</em></strong></span> <span class='ocrx_word' id='word_1_211' title='bbox 2073 1768 2430 1834; x_wconf 87' lang='lat' dir='ltr'><strong><em>aberremus,</em></strong></span> <span class='ocrx_word' id='word_1_212' title='bbox 2451 1764 2752 1820; x_wconf 90' lang='lat' dir='ltr'><strong><em>historiam</em></strong></span> <span class='ocrx_word' id='word_1_213' title='bbox 2776 1763 3088 1818; x_wconf 88' lang='lat' dir='ltr'><strong><em>ordiemur.</em></strong></span> <span class='ocrx_word' id='word_1_214' title='bbox 3115 1763 3217 1818; x_wconf 73' lang='lat'><strong><em>54</em></strong></span> <span class='ocrx_word' id='word_1_215' title='bbox 3236 1761 3415 1815; x_wconf 90' lang='lat' dir='ltr'><strong><em>Paulo</em></strong></span> <span class='ocrx_word' id='word_1_216' title='bbox 3439 1774 3571 1812; x_wconf 89' lang='lat' dir='ltr'><strong><em>vero</em></strong></span> 
     </span>
    </p>
   </div>
   <div class='ocr_carea' id='block_1_34' title="bbox 190 1849 1815 1938">
    <p class='ocr_par' dir='ltr' id='par_1_34' title="bbox 190 1851 1815 1928">
     <span class='ocr_line' id='line_1_36' title="bbox 190 1851 1815 1928; baseline 0.002 -22"><span class='ocrx_word' id='word_1_217' title='bbox 190 1853 257 1906; x_wconf 89' lang='grc' dir='ltr'><strong><em>Τὸ</em></strong></span> <span class='ocrx_word' id='word_1_218' title='bbox 288 1851 566 1907; x_wconf 81' lang='grc' dir='ltr'>Ἰουδαίων</span> <span class='ocrx_word' id='word_1_219' title='bbox 618 1851 791 1920; x_wconf 81' lang='grc' dir='ltr'>ἔθνος,</span> <span class='ocrx_word' id='word_1_220' title='bbox 822 1855 962 1927; x_wconf 72' lang='grc' dir='ltr'>ᾗπέρ</span> <span class='ocrx_word' id='word_1_221' title='bbox 997 1875 1088 1926; x_wconf 90' lang='grc' dir='ltr'><strong><em>μοι</em></strong></span> <span class='ocrx_word' id='word_1_222' title='bbox 1135 1854 1369 1927; x_wconf 72' lang='grc' dir='ltr'>εἴρηται,</span> <span class='ocrx_word' id='word_1_223' title='bbox 1420 1859 1585 1928; x_wconf 86' lang='grc' dir='ltr'>πρινὴ</span> <span class='ocrx_word' id='word_1_224' title='bbox 1632 1856 1815 1911; x_wconf 78' lang='grc' dir='ltr'>Μιυσέσ</span> 
     </span>
    </p>
   </div>
   <div class='ocr_carea' id='block_1_35' title="bbox 1931 1849 3573 1938">
    <p class='ocr_par' dir='ltr' id='par_1_35' title="bbox 1936 1849 3573 1928">
     <span class='ocr_line' id='line_1_37' title="bbox 1936 1849 3573 1928; baseline -0.007 -15"><span class='ocrx_word' id='word_1_225' title='bbox 1936 1858 2112 1913; x_wconf 80' lang='lat' dir='ltr'><strong><em>altius</em></strong></span> <span class='ocrx_word' id='word_1_226' title='bbox 2144 1874 2236 1912; x_wconf 90' lang='lat' dir='ltr'><strong><em>res</em></strong></span> <span class='ocrx_word' id='word_1_227' title='bbox 2268 1858 2395 1928; x_wconf 89' lang='lat' dir='ltr'><strong><em>ipsa</em></strong></span> <span class='ocrx_word' id='word_1_228' title='bbox 2427 1855 2756 1924; x_wconf 90' lang='lat' dir='ltr'><strong><em>repetenda.</em></strong></span> <span class='ocrx_word' id='word_1_229' title='bbox 2794 1853 2947 1908; x_wconf 86' lang='lat' dir='ltr'><strong><em>Gens</em></strong></span> <span class='ocrx_word' id='word_1_230' title='bbox 2976 1853 3330 1918; x_wconf 69' lang='lat' dir='ltr'><strong><em>Judaeorum,</em></strong></span> <span class='ocrx_word' id='word_1_231' title='bbox 3364 1856 3424 1903; x_wconf 90' lang='lat' dir='ltr'><strong><em>ut</em></strong></span> <span class='ocrx_word' id='word_1_232' title='bbox 3455 1849 3573 1902; x_wconf 89' lang='lat' dir='ltr'><strong><em>dic-</em></strong></span> 
     </span>
    </p>
   </div>
   <div class='ocr_carea' id='block_1_36' title="bbox 193 1940 1824 2017">
    <p class='ocr_par' dir='ltr' id='par_1_36' title="bbox 193 1940 1824 2017">
     <span class='ocr_line' id='line_1_38' title="bbox 193 1940 1824 2017; baseline 0.004 -23"><span class='ocrx_word' id='word_1_233' title='bbox 193 1941 358 1995; x_wconf 78' lang='grc' dir='ltr'>θεόθεν</span> <span class='ocrx_word' id='word_1_234' title='bbox 391 1946 487 1996; x_wconf 79' lang='grc' dir='ltr'><strong><em>τοῦ</em></strong></span> <span class='ocrx_word' id='word_1_235' title='bbox 520 1940 710 2002; x_wconf 80' lang='grc' dir='ltr'>ἔθνους</span> <span class='ocrx_word' id='word_1_236' title='bbox 756 1945 1078 2017; x_wconf 77' lang='grc' dir='ltr'>ἡγήσασθαι,</span> <span class='ocrx_word' id='word_1_237' title='bbox 1112 1943 1412 2017; x_wconf 73' lang='grc' dir='ltr'>αὐτόνομον</span> <span class='ocrx_word' id='word_1_238' title='bbox 1464 1948 1581 1999; x_wconf 86' lang='grc' dir='ltr'>οἷον</span> <span class='ocrx_word' id='word_1_239' title='bbox 1613 1947 1679 2014; x_wconf 82' lang='grc' dir='ltr'><strong><em>ἧν</em></strong></span> <span class='ocrx_word' id='word_1_240' title='bbox 1734 1945 1824 2000; x_wconf 83' lang='grc' dir='ltr'><strong><em>καὶ</em></strong></span> 
     </span>
    </p>
   </div>
   <div class='ocr_carea' id='block_1_37' title="bbox 193 2028 1826 2108">
    <p class='ocr_par' dir='ltr' id='par_1_37' title="bbox 193 2028 1826 2108">
     <span class='ocr_line' id='line_1_39' title="bbox 193 2028 1826 2108; baseline 0.003 -25"><span class='ocrx_word' id='word_1_241' title='bbox 193 2028 528 2098; x_wconf 73' lang='grc' dir='ltr'>αὐθέκαστον,</span> <span class='ocrx_word' id='word_1_242' title='bbox 610 2031 931 2105; x_wconf 74' lang='grc' dir='ltr'>προπάτορα</span> <span class='ocrx_word' id='word_1_243' title='bbox 1004 2034 1101 2104; x_wconf 74' lang='grc' dir='ltr'>μὲν</span> <span class='ocrx_word' id='word_1_244' title='bbox 1178 2033 1382 2108; x_wconf 80' lang='grc' dir='ltr'>αὐχοῦν</span> <span class='ocrx_word' id='word_1_245' title='bbox 1452 2035 1544 2088; x_wconf 87' lang='grc' dir='ltr'>τὸν</span> <span class='ocrx_word' id='word_1_246' title='bbox 1623 2032 1826 2089; x_wconf 81' lang='grc' dir='ltr'>δίκαιον</span> 
     </span>
    </p>
   </div>
   <div class='ocr_carea' id='block_1_38' title="bbox 194 2115 1824 2201">
    <p class='ocr_par' dir='ltr' id='par_1_38' title="bbox 194 2115 1824 2201">
     <span class='ocr_line' id='line_1_40' title="bbox 194 2115 1824 2201; baseline 0.002 -27"><span class='ocrx_word' id='word_1_247' title='bbox 194 2115 454 2192; x_wconf 78' lang='grc' dir='ltr'>’Δϐραὰμ,</span> <span class='ocrx_word' id='word_1_248' title='bbox 489 2118 708 2193; x_wconf 82' lang='grc' dir='ltr'>ἀμυδρᾷ</span> <span class='ocrx_word' id='word_1_249' title='bbox 758 2118 813 2175; x_wconf 75' lang='grc' dir='ltr'>δὲ</span> <span class='ocrx_word' id='word_1_250' title='bbox 844 2123 1139 2196; x_wconf 79' lang='grc' dir='ltr'>θεογνωσίᾳ</span> <span class='ocrx_word' id='word_1_251' title='bbox 1186 2127 1290 2177; x_wconf 83' lang='grc' dir='ltr'><strong><em>τῶν</em></strong></span> <span class='ocrx_word' id='word_1_252' title='bbox 1339 2123 1524 2178; x_wconf 77' lang='grc' dir='ltr'>ἄλλων</span> <span class='ocrx_word' id='word_1_253' title='bbox 1573 2121 1824 2201; x_wconf 67' lang='grc' dir='ltr'>διαφέρον</span> 
     </span>
    </p>
   </div>
   <div class='ocr_carea' id='block_1_39' title="bbox 194 2206 1823 2290">
    <p class='ocr_par' dir='ltr' id='par_1_39' title="bbox 194 2206 1823 2290">
     <span class='ocr_line' id='line_1_41' title="bbox 194 2206 1823 2290; baseline 0.005 -32"><span class='ocrx_word' id='word_1_254' title='bbox 194 2206 366 2264; x_wconf 80' lang='grc' dir='ltr'>ἐθνῶν.</span> <span class='ocrx_word' id='word_1_255' title='bbox 401 2210 554 2263; x_wconf 81' lang='grc' dir='ltr'>Ἐπεὶ</span> <span class='ocrx_word' id='word_1_256' title='bbox 586 2207 634 2262; x_wconf 80' lang='grc' dir='ltr'>δ’</span> <span class='ocrx_word' id='word_1_257' title='bbox 667 2208 742 2270; x_wconf 74' lang='grc' dir='ltr'>εἷς</span> <span class='ocrx_word' id='word_1_258' title='bbox 776 2208 1047 2284; x_wconf 72' lang='grc' dir='ltr'>Α’ίγυπτον</span> <span class='ocrx_word' id='word_1_259' title='bbox 1077 2213 1175 2279; x_wconf 71' lang='grc' dir='ltr'>ἧκε</span> <span class='ocrx_word' id='word_1_260' title='bbox 1207 2209 1295 2265; x_wconf 74' lang='grc' dir='ltr'><strong><em>διὰ</em></strong></span> <span class='ocrx_word' id='word_1_261' title='bbox 1334 2213 1424 2267; x_wconf 90' lang='grc' dir='ltr'>τὸν</span> <span class='ocrx_word' id='word_1_262' title='bbox 1461 2213 1684 2290; x_wconf 67' lang='grc' dir='ltr'>Ἰωσὴφ,</span> <span class='ocrx_word' id='word_1_263' title='bbox 1735 2213 1823 2266; x_wconf 87' lang='grc' dir='ltr'><strong><em>καὶ</em></strong></span> 
     </span>
    </p>
   </div>
   <div class='ocr_carea' id='block_1_40' title="bbox 195 2289 1824 2374">
    <p class='ocr_par' dir='ltr' id='par_1_40' title="bbox 195 2289 1824 2374">
     <span class='ocr_line' id='line_1_42' title="bbox 195 2289 1824 2374; baseline 0.005 -26"><span class='ocrx_word' id='word_1_264' title='bbox 195 2289 278 2365; x_wconf 79' lang='grc' dir='ltr'>ἔτη</span> <span class='ocrx_word' id='word_1_265' title='bbox 329 2294 640 2352; x_wconf 76' lang='grc' dir='ltr'>δεδούλωτο</span> <span class='ocrx_word' id='word_1_266' title='bbox 690 2300 1032 2372; x_wconf 87' lang='grc' dir='ltr'>τετρακόσια,</span> <span class='ocrx_word' id='word_1_267' title='bbox 1083 2299 1252 2374; x_wconf 79' lang='grc' dir='ltr'>ἐξάγει</span> <span class='ocrx_word' id='word_1_268' title='bbox 1301 2302 1394 2372; x_wconf 79' lang='grc' dir='ltr'>μὲν</span> <span class='ocrx_word' id='word_1_269' title='bbox 1447 2289 1648 2356; x_wconf 83' lang='grc' dir='ltr'>ἐκεῖθεν</span> <span class='ocrx_word' id='word_1_270' title='bbox 1694 2301 1824 2356; x_wconf 77' lang='grc' dir='ltr'>αὐτὸ</span> 
     </span>
    </p>
   </div>
   <div class='ocr_carea' id='block_1_41' title="bbox 195 2387 1826 2465">
    <p class='ocr_par' dir='ltr' id='par_1_41' title="bbox 195 2387 1826 2465">
     <span class='ocr_line' id='line_1_43' title="bbox 195 2387 1826 2465; baseline 0.004 -26"><span class='ocrx_word' id='word_1_271' title='bbox 195 2390 415 2455; x_wconf 75' lang='grc' dir='ltr'>Μωυσῆς</span> <span class='ocrx_word' id='word_1_272' title='bbox 451 2407 462 2418; x_wconf 90' lang='grc'><strong>·</strong></span> <span class='ocrx_word' id='word_1_273' title='bbox 500 2387 559 2448; x_wconf 84' lang='grc' dir='ltr'>ὃς</span> <span class='ocrx_word' id='word_1_274' title='bbox 592 2387 828 2449; x_wconf 76' lang='grc' dir='ltr'>πολλοῖς</span> <span class='ocrx_word' id='word_1_275' title='bbox 864 2388 1116 2460; x_wconf 77' lang='grc' dir='ltr'>σημείοις</span> <span class='ocrx_word' id='word_1_276' title='bbox 1169 2390 1258 2443; x_wconf 79' lang='grc' dir='ltr'><strong><em>καὶ</em></strong></span> <span class='ocrx_word' id='word_1_277' title='bbox 1290 2390 1502 2462; x_wconf 88' lang='grc' dir='ltr'>τέρασιν</span> <span class='ocrx_word' id='word_1_278' title='bbox 1549 2391 1826 2465; x_wconf 73' lang='grc' dir='ltr'>ὑπερφυής</span> 
     </span>
    </p>
   </div>
   <div class='ocr_carea' id='block_1_42' title="bbox 195 2476 1824 2550">
    <p class='ocr_par' dir='ltr' id='par_1_42' title="bbox 195 2476 1824 2550">
     <span class='ocr_line' id='line_1_44' title="bbox 195 2476 1824 2550; baseline 0.004 -23"><span class='ocrx_word' id='word_1_279' title='bbox 195 2494 265 2536; x_wconf 90' lang='grc' dir='ltr'><strong><em>τις</em></strong></span> <span class='ocrx_word' id='word_1_280' title='bbox 313 2476 614 2550; x_wconf 73' lang='grc' dir='ltr'>ἄναφανεῖς,</span> <span class='ocrx_word' id='word_1_281' title='bbox 666 2478 740 2538; x_wconf 82' lang='grc' dir='ltr'>ὡς</span> <span class='ocrx_word' id='word_1_282' title='bbox 789 2479 876 2530; x_wconf 84' lang='grc' dir='ltr'>καί</span> <span class='ocrx_word' id='word_1_283' title='bbox 924 2483 1038 2548; x_wconf 85' lang='grc' dir='ltr'><strong><em>Θεῷ</em></strong></span> <span class='ocrx_word' id='word_1_284' title='bbox 1093 2477 1408 2549; x_wconf 77' lang='grc' dir='ltr'>συλλαλεῖν,</span> <span class='ocrx_word' id='word_1_285' title='bbox 1453 2480 1695 2534; x_wconf 79' lang='grc' dir='ltr'>κάκεῖθεν</span> <span class='ocrx_word' id='word_1_286' title='bbox 1735 2477 1824 2534; x_wconf 70' lang='grc' dir='ltr'><strong><em>ἕλ-</em></strong></span> 
     </span>
    </p>
   </div>
   <div class='ocr_carea' id='block_1_43' title="bbox 195 2565 1820 2641">
    <p class='ocr_par' dir='ltr' id='par_1_43' title="bbox 195 2565 1820 2641">
     <span class='ocr_line' id='line_1_45' title="bbox 195 2565 1820 2641; baseline 0.004 -25"><span class='ocrx_word' id='word_1_287' title='bbox 195 2583 294 2617; x_wconf 86' lang='grc' dir='ltr'>κειν</span> <span class='ocrx_word' id='word_1_288' title='bbox 322 2570 426 2619; x_wconf 82' lang='grc' dir='ltr'>τῶν</span> <span class='ocrx_word' id='word_1_289' title='bbox 456 2565 743 2633; x_wconf 74' lang='grc' dir='ltr'>πρακτέων</span> <span class='ocrx_word' id='word_1_290' title='bbox 773 2568 873 2634; x_wconf 77' lang='grc' dir='ltr'><strong><em>τήν</em></strong></span> <span class='ocrx_word' id='word_1_291' title='bbox 903 2565 1167 2637; x_wconf 76' lang='grc' dir='ltr'>δήλωσιν,</span> <span class='ocrx_word' id='word_1_292' title='bbox 1196 2569 1384 2641; x_wconf 76' lang='grc' dir='ltr'>ἡγεῖτό</span> <span class='ocrx_word' id='word_1_293' title='bbox 1407 2589 1463 2622; x_wconf 84' lang='grc' dir='ltr'><strong><em>τε</em></strong></span> <span class='ocrx_word' id='word_1_294' title='bbox 1491 2569 1588 2622; x_wconf 77' lang='grc' dir='ltr'>τοῦ</span> <span class='ocrx_word' id='word_1_295' title='bbox 1620 2567 1820 2636; x_wconf 79' lang='grc' dir='ltr'>ἔθνους,</span> 
     </span>
    </p>
   </div>
   <div class='ocr_carea' id='block_1_44' title="bbox 195 2652 1820 2731">
    <p class='ocr_par' dir='ltr' id='par_1_44' title="bbox 195 2652 1820 2731">
     <span class='ocr_line' id='line_1_46' title="bbox 195 2652 1820 2731; baseline 0.003 -25"><span class='ocrx_word' id='word_1_296' title='bbox 195 2652 271 2706; x_wconf 81' lang='grc' dir='ltr'><strong><em>καὶ</em></strong></span> <span class='ocrx_word' id='word_1_297' title='bbox 320 2655 571 2726; x_wconf 79' lang='grc' dir='ltr'>βασιλεὺς</span> <span class='ocrx_word' id='word_1_298' title='bbox 619 2655 710 2708; x_wconf 87' lang='grc' dir='ltr'><strong><em>καὶ</em></strong></span> <span class='ocrx_word' id='word_1_299' title='bbox 761 2654 935 2726; x_wconf 72' lang='grc' dir='ltr'>ἱερεὺς</span> <span class='ocrx_word' id='word_1_300' title='bbox 984 2657 1149 2720; x_wconf 84' lang='grc' dir='ltr'>αὐτὸς</span> <span class='ocrx_word' id='word_1_301' title='bbox 1195 2656 1381 2717; x_wconf 81' lang='grc' dir='ltr'>αὐτοῖς</span> <span class='ocrx_word' id='word_1_302' title='bbox 1433 2656 1820 2731; x_wconf 79' lang='grc' dir='ltr'>ἐχρημάτιζεν.</span> 
     </span>
    </p>
   </div>
   <div class='ocr_carea' id='block_1_45' title="bbox 196 2741 1815 2820">
    <p class='ocr_par' dir='ltr' id='par_1_45' title="bbox 196 2741 1815 2820">
     <span class='ocr_line' id='line_1_47' title="bbox 196 2741 1815 2820; baseline 0.002 -24"><span class='ocrx_word' id='word_1_303' title='bbox 196 2742 326 2796; x_wconf 71' lang='grc' dir='ltr'>Μετὰ</span> <span class='ocrx_word' id='word_1_304' title='bbox 380 2741 433 2798; x_wconf 84' lang='grc' dir='ltr'>δὲ</span> <span class='ocrx_word' id='word_1_305' title='bbox 488 2749 684 2798; x_wconf 76' lang='grc' dir='ltr'>τοῦτον</span> <span class='ocrx_word' id='word_1_306' title='bbox 745 2746 773 2798; x_wconf 96' lang='lat'><strong><em>6</em></strong></span> <span class='ocrx_word' id='word_1_307' title='bbox 831 2746 1029 2799; x_wconf 71' lang='grc' dir='ltr'>τούτου</span> <span class='ocrx_word' id='word_1_308' title='bbox 1092 2742 1350 2820; x_wconf 83' lang='grc' dir='ltr'>διάδοχος</span> <span class='ocrx_word' id='word_1_309' title='bbox 1411 2748 1438 2800; x_wconf 90' lang='lat'><strong><em>6</em></strong></span> <span class='ocrx_word' id='word_1_310' title='bbox 1497 2752 1592 2800; x_wconf 71' lang='grc' dir='ltr'>τοῦ</span> <span class='ocrx_word' id='word_1_311' title='bbox 1669 2754 1815 2815; x_wconf 83' lang='grc' dir='ltr'>Ναυῆ</span> 
     </span>
    </p>
   </div>
   <div class='ocr_carea' id='block_1_46' title="bbox 198 2830 1816 2912">
    <p class='ocr_par' dir='ltr' id='par_1_46' title="bbox 198 2830 1816 2912">
     <span class='ocr_line' id='line_1_48' title="bbox 198 2830 1816 2912; baseline 0.004 -28"><span class='ocrx_word' id='word_1_312' title='bbox 198 2830 386 2898; x_wconf 71' lang='grc' dir='ltr'>Ἰησοῦς</span> <span class='ocrx_word' id='word_1_313' title='bbox 423 2836 522 2900; x_wconf 75' lang='grc' dir='ltr'>τὴν</span> <span class='ocrx_word' id='word_1_314' title='bbox 579 2833 876 2908; x_wconf 77' lang='grc' dir='ltr'>ἡγεμονίαν</span> <span class='ocrx_word' id='word_1_315' title='bbox 923 2839 1020 2888; x_wconf 75' lang='grc' dir='ltr'><strong><em>τοῦ</em></strong></span> <span class='ocrx_word' id='word_1_316' title='bbox 1068 2831 1252 2895; x_wconf 81' lang='grc' dir='ltr'>ἔθνους</span> <span class='ocrx_word' id='word_1_317' title='bbox 1299 2831 1590 2907; x_wconf 83' lang='grc' dir='ltr'>ἐλάμϐανε.</span> <span class='ocrx_word' id='word_1_318' title='bbox 1643 2836 1710 2890; x_wconf 84' lang='grc' dir='ltr'>Τό</span> <span class='ocrx_word' id='word_1_319' title='bbox 1756 2857 1816 2912; x_wconf 88' lang='grc' dir='ltr'><strong><em>γε</em></strong></span> 
     </span>
    </p>
   </div>
   <div class='ocr_carea' id='block_1_47' title="bbox 202 2920 1814 2997">
    <p class='ocr_par' dir='ltr' id='par_1_47' title="bbox 202 2920 1814 2997">
     <span class='ocr_line' id='line_1_49' title="bbox 202 2920 1814 2997; baseline 0.005 -27"><span class='ocrx_word' id='word_1_320' title='bbox 202 2920 295 2989; x_wconf 73' lang='grc' dir='ltr'><strong><em>μήν</em></strong></span> <span class='ocrx_word' id='word_1_321' title='bbox 323 2921 562 2993; x_wconf 72' lang='grc' dir='ltr'>ἱερᾶσθαι</span> <span class='ocrx_word' id='word_1_322' title='bbox 595 2923 809 2994; x_wconf 76' lang='grc' dir='ltr'>Ἀαρὼν</span> <span class='ocrx_word' id='word_1_323' title='bbox 863 2921 1190 2995; x_wconf 76' lang='grc' dir='ltr'>ἐκληροῦτο.</span> <span class='ocrx_word' id='word_1_324' title='bbox 1233 2925 1469 2985; x_wconf 72' lang='grc' dir='ltr'>Μωσέως</span> <span class='ocrx_word' id='word_1_325' title='bbox 1522 2928 1814 2997; x_wconf 70' lang='grc' dir='ltr'>μερισαμέο</span> 
     </span>
    </p>
   </div>
   <div class='ocr_carea' id='block_1_48' title="bbox 199 3009 1816 3088">
    <p class='ocr_par' dir='ltr' id='par_1_48' title="bbox 199 3009 1816 3088">
     <span class='ocr_line' id='line_1_50' title="bbox 199 3009 1816 3088; baseline -0.014 -4"><span class='ocrx_word' id='word_1_326' title='bbox 199 3027 300 3072; x_wconf 61' lang='lat' dir='ltr'><strong><em>Vaut</em></strong></span> <span class='ocrx_word' id='word_1_327' title='bbox 329 3011 380 3070; x_wconf 66' lang='grc' dir='ltr'><strong><em>ὃς</em></strong></span> <span class='ocrx_word' id='word_1_328' title='bbox 409 3011 476 3079; x_wconf 70' lang='grc' dir='ltr'>ἧν</span> <span class='ocrx_word' id='word_1_329' title='bbox 510 3012 722 3084; x_wconf 82' lang='grc' dir='ltr'>Ἀαρὼν</span> <span class='ocrx_word' id='word_1_330' title='bbox 770 3009 1024 3084; x_wconf 71' lang='grc' dir='ltr'>ἀδελφός.</span> <span class='ocrx_word' id='word_1_331' title='bbox 1062 3013 1209 3067; x_wconf 79' lang='grc' dir='ltr'>Μετὰ</span> <span class='ocrx_word' id='word_1_332' title='bbox 1241 3010 1297 3066; x_wconf 73' lang='grc' dir='ltr'>δὲ</span> <span class='ocrx_word' id='word_1_333' title='bbox 1343 3013 1568 3076; x_wconf 66' lang='grc' dir='ltr'>τούτους</span> <span class='ocrx_word' id='word_1_334' title='bbox 1612 3011 1816 3088; x_wconf 76' lang='grc' dir='ltr'>ἄρχον-</span> 
     </span>
    </p>
   </div>
   <div class='ocr_carea' id='block_1_49' title="bbox 199 3098 1812 3175">
    <p class='ocr_par' dir='ltr' id='par_1_49' title="bbox 199 3098 1812 3175">
     <span class='ocr_line' id='line_1_51' title="bbox 199 3098 1812 3175; baseline 0.003 -24"><span class='ocrx_word' id='word_1_335' title='bbox 199 3116 272 3157; x_wconf 81' lang='grc' dir='ltr'><strong><em>τες</em></strong></span> <span class='ocrx_word' id='word_1_336' title='bbox 315 3100 373 3153; x_wconf 77' lang='grc' dir='ltr'>τὰ</span> <span class='ocrx_word' id='word_1_337' title='bbox 424 3098 707 3154; x_wconf 81' lang='grc' dir='ltr'>Ἰουδαίων</span> <span class='ocrx_word' id='word_1_338' title='bbox 759 3098 968 3154; x_wconf 79' lang='grc' dir='ltr'>διεῖπον</span> <span class='ocrx_word' id='word_1_339' title='bbox 1007 3121 1018 3134; x_wconf 88' lang='grc'><strong>·</strong></span> <span class='ocrx_word' id='word_1_340' title='bbox 1062 3101 1114 3154; x_wconf 80' lang='grc' dir='ltr'>οἳ</span> <span class='ocrx_word' id='word_1_341' title='bbox 1164 3104 1340 3175; x_wconf 85' lang='grc' dir='ltr'>κριταῖ</span> <span class='ocrx_word' id='word_1_342' title='bbox 1394 3101 1812 3174; x_wconf 74' lang='grc' dir='ltr'>ὠνομάσθησαν,</span> 
     </span>
    </p>
   </div>
   <div class='ocr_carea' id='block_1_50' title="bbox 199 3180 1811 3264">
    <p class='ocr_par' dir='ltr' id='par_1_50' title="bbox 199 3180 1811 3264">
     <span class='ocr_line' id='line_1_52' title="bbox 199 3180 1811 3264; baseline 0.006 -27"><span class='ocrx_word' id='word_1_343' title='bbox 199 3180 486 3243; x_wconf 76' lang='grc' dir='ltr'>δυοκαίδεκα</span> <span class='ocrx_word' id='word_1_344' title='bbox 517 3187 670 3250; x_wconf 83' lang='grc' dir='ltr'>ὄντες</span> <span class='ocrx_word' id='word_1_345' title='bbox 701 3191 790 3242; x_wconf 87' lang='grc' dir='ltr'>τὸν</span> <span class='ocrx_word' id='word_1_346' title='bbox 828 3188 1081 3262; x_wconf 72' lang='grc' dir='ltr'>ἀριθμὸν,</span> <span class='ocrx_word' id='word_1_347' title='bbox 1115 3189 1173 3244; x_wconf 82' lang='grc' dir='ltr'>ἐκ</span> <span class='ocrx_word' id='word_1_348' title='bbox 1221 3187 1488 3264; x_wconf 70' lang='grc' dir='ltr'>διαδοχῆς</span> <span class='ocrx_word' id='word_1_349' title='bbox 1537 3190 1811 3261; x_wconf 73' lang='grc' dir='ltr'>ἀλληλοις</span> 
     </span>
    </p>
   </div>
   <div class='ocr_carea' id='block_1_51' title="bbox 201 3271 1811 3353">
    <p class='ocr_par' dir='ltr' id='par_1_51' title="bbox 201 3271 1811 3353">
     <span class='ocr_line' id='line_1_53' title="bbox 201 3271 1811 3353; baseline 0.006 -29"><span class='ocrx_word' id='word_1_350' title='bbox 201 3271 383 3347; x_wconf 77' lang='grc' dir='ltr'>θανάτῳ</span> <span class='ocrx_word' id='word_1_351' title='bbox 413 3277 850 3350; x_wconf 75' lang='grc' dir='ltr'>ὑπεξιστάμενοι.</span> <span class='ocrx_word' id='word_1_352' title='bbox 883 3279 996 3332; x_wconf 69' lang='grc' dir='ltr'>Εἶθ’</span> <span class='ocrx_word' id='word_1_353' title='bbox 1047 3273 1286 3352; x_wconf 82' lang='grc' dir='ltr'>Ἑϐραῖοι</span> <span class='ocrx_word' id='word_1_354' title='bbox 1319 3281 1453 3353; x_wconf 78' lang='grc' dir='ltr'>πρὸς</span> <span class='ocrx_word' id='word_1_355' title='bbox 1485 3281 1582 3348; x_wconf 76' lang='grc' dir='ltr'><strong><em>τήν</em></strong></span> <span class='ocrx_word' id='word_1_356' title='bbox 1627 3280 1811 3334; x_wconf 82' lang='grc' dir='ltr'>τοιαύ-</span> 
     </span>
    </p>
   </div>
   <div class='ocr_carea' id='block_1_52' title="bbox 198 3364 1809 3441">
    <p class='ocr_par' dir='ltr' id='par_1_52' title="bbox 198 3364 1809 3441">
     <span class='ocr_line' id='line_1_54' title="bbox 198 3364 1809 3441; baseline 0.007 -29"><span class='ocrx_word' id='word_1_357' title='bbox 198 3379 283 3429; x_wconf 85' lang='grc' dir='ltr'><strong><em>την</em></strong></span> <span class='ocrx_word' id='word_1_358' title='bbox 321 3365 488 3440; x_wconf 73' lang='grc' dir='ltr'>ἀρχὴν</span> <span class='ocrx_word' id='word_1_359' title='bbox 542 3365 989 3439; x_wconf 74' lang='grc' dir='ltr'>δυσχεράναντες,</span> <span class='ocrx_word' id='word_1_360' title='bbox 1047 3367 1427 3441; x_wconf 72' lang='grc' dir='ltr'>βασιλεύεσθαι</span> <span class='ocrx_word' id='word_1_361' title='bbox 1476 3364 1662 3438; x_wconf 78' lang='grc' dir='ltr'>ᾔτουν.</span> <span class='ocrx_word' id='word_1_362' title='bbox 1716 3371 1809 3423; x_wconf 83' lang='grc' dir='ltr'><strong><em>Καὶ</em></strong></span> 
     </span>
    </p>
   </div>
   <div class='ocr_carea' id='block_1_53' title="bbox 201 3451 1811 3532">
    <p class='ocr_par' dir='ltr' id='par_1_53' title="bbox 201 3451 1811 3532">
     <span class='ocr_line' id='line_1_55' title="bbox 201 3451 1811 3532; baseline 0.006 -30"><span class='ocrx_word' id='word_1_363' title='bbox 201 3451 361 3507; x_wconf 69' lang='grc' dir='ltr'>Σαοὺλ</span> <span class='ocrx_word' id='word_1_364' title='bbox 392 3461 607 3528; x_wconf 85' lang='grc' dir='ltr'>πρῶτος</span> <span class='ocrx_word' id='word_1_365' title='bbox 643 3456 744 3510; x_wconf 86' lang='grc' dir='ltr'><strong><em>ὑπὸ</em></strong></span> <span class='ocrx_word' id='word_1_366' title='bbox 775 3461 871 3508; x_wconf 75' lang='grc' dir='ltr'>τοῦ</span> <span class='ocrx_word' id='word_1_367' title='bbox 901 3459 1186 3532; x_wconf 74' lang='grc' dir='ltr'>προφήτου</span> <span class='ocrx_word' id='word_1_368' title='bbox 1227 3456 1492 3528; x_wconf 69' lang='grc' dir='ltr'>Σαμουὴλ</span> <span class='ocrx_word' id='word_1_369' title='bbox 1526 3457 1601 3517; x_wconf 61' lang='grc' dir='ltr'><strong><em>είς</em></strong></span> <span class='ocrx_word' id='word_1_370' title='bbox 1657 3460 1811 3532; x_wconf 87' lang='grc' dir='ltr'>βασι-</span> 
     </span>
    </p>
   </div>
   <div class='ocr_carea' id='block_1_54' title="bbox 199 3534 1813 3619">
    <p class='ocr_par' dir='ltr' id='par_1_54' title="bbox 199 3534 1813 3619">
     <span class='ocr_line' id='line_1_56' title="bbox 199 3534 1813 3619; baseline 0.007 -30"><span class='ocrx_word' id='word_1_371' title='bbox 199 3534 281 3592; x_wconf 77' lang='grc' dir='ltr'><strong><em>λέα</em></strong></span> <span class='ocrx_word' id='word_1_372' title='bbox 301 3543 505 3605; x_wconf 67' lang='grc' dir='ltr'>τούτοις</span> <span class='ocrx_word' id='word_1_373' title='bbox 557 3544 800 3619; x_wconf 81' lang='grc' dir='ltr'>ἐχρίετο,</span> <span class='ocrx_word' id='word_1_374' title='bbox 833 3550 966 3598; x_wconf 76' lang='grc' dir='ltr'>Θεοῦ</span> <span class='ocrx_word' id='word_1_375' title='bbox 1020 3546 1480 3618; x_wconf 80' lang='grc' dir='ltr'>χρηματίζοντος,</span> <span class='ocrx_word' id='word_1_376' title='bbox 1515 3551 1708 3600; x_wconf 75' lang='grc' dir='ltr'>Τοῦτον</span> <span class='ocrx_word' id='word_1_377' title='bbox 1759 3545 1813 3600; x_wconf 73' lang='grc' dir='ltr'>δὲ</span> 
     </span>
    </p>
   </div>
   <div class='ocr_carea' id='block_1_55' title="bbox 197 3623 1814 3707">
    <p class='ocr_par' dir='ltr' id='par_1_55' title="bbox 197 3623 1814 3707">
     <span class='ocr_line' id='line_1_57' title="bbox 265 3623 1341 3656; baseline 0.002 -10"><span class='ocrx_word' id='word_1_378' title='bbox 265 3623 344 3646; x_wconf 61' lang='lat' dir='ltr'><strong><em>pus</em></strong></span> <span class='ocrx_word' id='word_1_379' title='bbox 396 3630 418 3650; x_wconf 51' lang='grc' dir='ltr'><strong><em>ιε</em></strong></span> <span class='ocrx_word' id='word_1_380' title='bbox 479 3630 557 3656; x_wconf 53' lang='grc' dir='ltr'><strong><em>μ.»</em></strong></span> <span class='ocrx_word' id='word_1_381' title='bbox 763 3634 782 3646; x_wconf 80' lang='grc' dir='ltr'>η</span> <span class='ocrx_word' id='word_1_382' title='bbox 863 3634 873 3644; x_wconf 80' lang='grc' dir='ltr'><em>ι</em></span> <span class='ocrx_word' id='word_1_383' title='bbox 1011 3639 1030 3648; x_wconf 82' lang='grc'><strong><em>..</em></strong></span> <span class='ocrx_word' id='word_1_384' title='bbox 1316 3639 1341 3648; x_wconf 64' lang='grc' dir='ltr'><strong><em>η.</em></strong></span> 
     </span>
     <span class='ocr_line' id='line_1_58' title="bbox 197 3633 1814 3707; baseline 0.006 -28"><span class='ocrx_word' id='word_1_385' title='bbox 197 3633 343 3683; x_wconf 78' lang='grc' dir='ltr'>Δαοιο</span> <span class='ocrx_word' id='word_1_386' title='bbox 393 3651 708 3702; x_wconf 78' lang='grc' dir='ltr'>οιεοεςατο·</span> <span class='ocrx_word' id='word_1_387' title='bbox 764 3654 820 3685; x_wconf 92' lang='grc' dir='ltr'><strong><em>ον</em></strong></span> <span class='ocrx_word' id='word_1_388' title='bbox 855 3653 881 3684; x_wconf 92' lang='grc' dir='ltr'><strong><em>ο</em></strong></span> <span class='ocrx_word' id='word_1_389' title='bbox 932 3654 1060 3694; x_wconf 84' lang='grc' dir='ltr'>παις</span> <span class='ocrx_word' id='word_1_390' title='bbox 1114 3633 1405 3707; x_wconf 89' lang='grc' dir='ltr'>Σολομων,</span> <span class='ocrx_word' id='word_1_391' title='bbox 1456 3636 1544 3688; x_wconf 79' lang='grc' dir='ltr'>καὶ</span> <span class='ocrx_word' id='word_1_392' title='bbox 1592 3637 1814 3706; x_wconf 77' lang='grc' dir='ltr'>καθεξῆς</span> 
     </span>
    </p>
   </div>
   <div class='ocr_carea' id='block_1_56' title="bbox 195 3710 1814 3798">
    <p class='ocr_par' dir='ltr' id='par_1_56' title="bbox 195 3710 1814 3798">
     <span class='ocr_line' id='line_1_59' title="bbox 195 3710 1785 3742; baseline 0.003 -7"><span class='ocrx_word' id='word_1_393' title='bbox 195 3710 214 3729; x_wconf 69' lang='grc' dir='ltr'><em>ν’</em></span> <span class='ocrx_word' id='word_1_394' title='bbox 391 3717 430 3738; x_wconf 64' lang='lat' dir='ltr'>In</span> <span class='ocrx_word' id='word_1_395' title='bbox 551 3722 564 3738; x_wconf 62' lang='grc' dir='ltr'><strong><em>ς</em></strong></span> <span class='ocrx_word' id='word_1_396' title='bbox 653 3723 665 3739; x_wconf 74' lang='grc' dir='ltr'><em>ι</em></span> <span class='ocrx_word' id='word_1_397' title='bbox 718 3720 740 3734; x_wconf 80' lang='grc' dir='ltr'><strong><em>υ</em></strong></span> <span class='ocrx_word' id='word_1_398' title='bbox 949 3722 963 3742; x_wconf 77' lang='lat'><strong><em>\</em></strong></span> <span class='ocrx_word' id='word_1_399' title='bbox 1062 3724 1073 3738; x_wconf 74' lang='grc' dir='ltr'><strong><em>ι</em></strong></span> <span class='ocrx_word' id='word_1_400' title='bbox 1228 3724 1240 3739; x_wconf 61' lang='grc' dir='ltr'><strong>κ</strong></span> <span class='ocrx_word' id='word_1_401' title='bbox 1357 3721 1379 3741; x_wconf 71' lang='lat' dir='ltr'><strong><em>)v</em></strong></span> <span class='ocrx_word' id='word_1_402' title='bbox 1777 3727 1785 3740; x_wconf 75' lang='grc' dir='ltr'><em>ο</em></span> 
     </span>
     <span class='ocr_line' id='line_1_60' title="bbox 196 3725 1814 3798; baseline 0.01 -30"><span class='ocrx_word' id='word_1_403' title='bbox 196 3734 345 3789; x_wconf 87' lang='grc' dir='ltr'>ετεροι</span> <span class='ocrx_word' id='word_1_404' title='bbox 387 3737 412 3773; x_wconf 89' lang='grc' dir='ltr'><strong><em>ο</em></strong></span> <span class='ocrx_word' id='word_1_405' title='bbox 477 3742 566 3776; x_wconf 84' lang='grc' dir='ltr'><strong><em>και</em></strong></span> <span class='ocrx_word' id='word_1_406' title='bbox 621 3743 652 3775; x_wconf 91' lang='grc' dir='ltr'><strong><em>κ</em></strong></span> <span class='ocrx_word' id='word_1_407' title='bbox 714 3741 861 3780; x_wconf 82' lang='grc' dir='ltr'>οντες</span> <span class='ocrx_word' id='word_1_408' title='bbox 910 3743 999 3775; x_wconf 93' lang='grc' dir='ltr'><strong><em>τον</em></strong></span> <span class='ocrx_word' id='word_1_409' title='bbox 1051 3725 1302 3795; x_wconf 90' lang='grc' dir='ltr'>αριθμον,</span> <span class='ocrx_word' id='word_1_410' title='bbox 1355 3745 1446 3792; x_wconf 86' lang='grc' dir='ltr'><strong><em>ετη</em></strong></span> <span class='ocrx_word' id='word_1_411' title='bbox 1498 3727 1814 3798; x_wconf 79' lang='grc' dir='ltr'>καθηγησά-</span> 
     </span>
    </p>
   </div>
   <div class='ocr_carea' id='block_1_57' title="bbox 199 3810 1814 3884">
    <p class='ocr_par' dir='ltr' id='par_1_57' title="bbox 199 3810 1814 3884">
     <span class='ocr_line' id='line_1_61' title="bbox 199 3810 1814 3884; baseline 0.006 -27"><span class='ocrx_word' id='word_1_412' title='bbox 199 3824 331 3872; x_wconf 87' lang='grc' dir='ltr'>μενοι</span> <span class='ocrx_word' id='word_1_413' title='bbox 357 3810 486 3881; x_wconf 83' lang='grc' dir='ltr'>πρὸς</span> <span class='ocrx_word' id='word_1_414' title='bbox 535 3816 654 3870; x_wconf 90' lang='grc' dir='ltr'>τοῖς</span> <span class='ocrx_word' id='word_1_415' title='bbox 701 3811 845 3864; x_wconf 87' lang='grc' dir='ltr'>ὀκτὼ</span> <span class='ocrx_word' id='word_1_416' title='bbox 882 3813 1275 3884; x_wconf 83' lang='grc' dir='ltr'>τεσσαράκοντά</span> <span class='ocrx_word' id='word_1_417' title='bbox 1322 3833 1378 3866; x_wconf 91' lang='grc' dir='ltr'><strong><em>τε</em></strong></span> <span class='ocrx_word' id='word_1_418' title='bbox 1428 3813 1515 3864; x_wconf 81' lang='grc' dir='ltr'>καὶ</span> <span class='ocrx_word' id='word_1_419' title='bbox 1563 3813 1814 3881; x_wconf 85' lang='grc' dir='ltr'>τετρακό-</span> 
     </span>
    </p>
   </div>
   <div class='ocr_carea' id='block_1_58' title="bbox 196 3895 1810 3974">
    <p class='ocr_par' dir='ltr' id='par_1_58' title="bbox 196 3895 1810 3974">
     <span class='ocr_line' id='line_1_62' title="bbox 196 3895 1810 3974; baseline 0.007 -32"><span class='ocrx_word' id='word_1_420' title='bbox 196 3911 284 3947; x_wconf 89' lang='grc' dir='ltr'>σια.</span> <span class='ocrx_word' id='word_1_421' title='bbox 334 3898 554 3953; x_wconf 83' lang='grc' dir='ltr'>Ἔπειτα</span> <span class='ocrx_word' id='word_1_422' title='bbox 605 3903 702 3952; x_wconf 80' lang='grc' dir='ltr'>τοῦ</span> <span class='ocrx_word' id='word_1_423' title='bbox 754 3895 1106 3953; x_wconf 68' lang='grc' dir='ltr'>Βαϐυλωνίου</span> <span class='ocrx_word' id='word_1_424' title='bbox 1155 3896 1641 3974; x_wconf 79' lang='grc' dir='ltr'>Ναϐουχοδονόσορ</span> <span class='ocrx_word' id='word_1_425' title='bbox 1681 3903 1810 3956; x_wconf 75' lang='grc' dir='ltr'>τού-</span> 
     </span>
    </p>
   </div>
   <div class='ocr_carea' id='block_1_59' title="bbox 192 3983 1809 4063">
    <p class='ocr_par' dir='ltr' id='par_1_59' title="bbox 192 3983 1809 4063">
     <span class='ocr_line' id='line_1_63' title="bbox 192 3983 1809 4063; baseline 0.007 -30"><span class='ocrx_word' id='word_1_426' title='bbox 192 3999 289 4042; x_wconf 86' lang='grc' dir='ltr'>τοις</span> <span class='ocrx_word' id='word_1_427' title='bbox 319 3983 848 4059; x_wconf 71' lang='grc' dir='ltr'>ἐπιστρατεύσαντος,</span> <span class='ocrx_word' id='word_1_428' title='bbox 947 4009 1003 4043; x_wconf 89' lang='grc' dir='ltr'><strong><em>τε</em></strong></span> <span class='ocrx_word' id='word_1_429' title='bbox 1033 3989 1195 4049; x_wconf 82' lang='grc' dir='ltr'>πόλις</span> <span class='ocrx_word' id='word_1_430' title='bbox 1226 3989 1313 4043; x_wconf 79' lang='grc' dir='ltr'>καὶ</span> <span class='ocrx_word' id='word_1_431' title='bbox 1349 3991 1410 4044; x_wconf 89' lang='grc' dir='ltr'>τὸ</span> <span class='ocrx_word' id='word_1_432' title='bbox 1452 3991 1594 4063; x_wconf 75' lang='grc' dir='ltr'>ἱερὸν</span> <span class='ocrx_word' id='word_1_433' title='bbox 1641 4011 1809 4044; x_wconf 88' lang='grc' dir='ltr'>κατα-</span> 
     </span>
    </p>
   </div>
   <div class='ocr_carea' id='block_1_60' title="bbox 196 4072 1811 4152">
    <p class='ocr_par' dir='ltr' id='par_1_60' title="bbox 196 4072 1811 4152">
     <span class='ocr_line' id='line_1_64' title="bbox 196 4072 1811 4152; baseline 0.021 -53"><span class='ocrx_word' id='word_1_434' title='bbox 196 4072 449 4148; x_wconf 54' lang='grc' dir='ltr'><strong><em>στρέφεται</em></strong></span> <span class='ocrx_word' id='word_1_435' title='bbox 484 4094 497 4106; x_wconf 93' lang='grc'><strong>.</strong></span> <span class='ocrx_word' id='word_1_436' title='bbox 549 4077 642 4131; x_wconf 68' lang='grc' dir='ltr'>καὶ</span> <span class='ocrx_word' id='word_1_437' title='bbox 695 4078 722 4130; x_wconf 75' lang='grc' dir='ltr'>ὁ</span> <span class='ocrx_word' id='word_1_438' title='bbox 773 4076 904 4138; x_wconf 74' lang='grc' dir='ltr'>λαὸς</span> <span class='ocrx_word' id='word_1_439' title='bbox 956 4075 1318 4152; x_wconf 80' lang='grc' dir='ltr'>αἰχμάλωτος</span> <span class='ocrx_word' id='word_1_440' title='bbox 1379 4077 1454 4140; x_wconf 81' lang='grc' dir='ltr'>εἷς</span> <span class='ocrx_word' id='word_1_441' title='bbox 1507 4074 1811 4134; x_wconf 82' lang='grc' dir='ltr'>Βαϐυλῶνα</span> 
     </span>
    </p>
   </div>
   <div class='ocr_carea' id='block_1_61' title="bbox 195 4156 1808 4234">
    <p class='ocr_par' dir='ltr' id='par_1_61' title="bbox 195 4156 1808 4234">
     <span class='ocr_line' id='line_1_65' title="bbox 195 4156 1808 4234; baseline 0.007 -24"><span class='ocrx_word' id='word_1_442' title='bbox 195 4156 423 4233; x_wconf 75' lang='grc' dir='ltr'>ἀπάγεται</span> <span class='ocrx_word' id='word_1_443' title='bbox 453 4160 545 4234; x_wconf 81' lang='grc' dir='ltr'>ἔτη</span> <span class='ocrx_word' id='word_1_444' title='bbox 581 4172 648 4220; x_wconf 89' lang='grc' dir='ltr'><strong><em>ο’.</em></strong></span> <span class='ocrx_word' id='word_1_445' title='bbox 701 4165 798 4221; x_wconf 82' lang='grc' dir='ltr'><strong><em>Καὶ</em></strong></span> <span class='ocrx_word' id='word_1_446' title='bbox 829 4166 1008 4219; x_wconf 79' lang='grc' dir='ltr'>τοίνυν</span> <span class='ocrx_word' id='word_1_447' title='bbox 1057 4163 1366 4234; x_wconf 81' lang='grc' dir='ltr'>Χαλδαίων,</span> <span class='ocrx_word' id='word_1_448' title='bbox 1419 4165 1596 4222; x_wconf 71' lang='grc' dir='ltr'>ε’ίτουν</span> <span class='ocrx_word' id='word_1_449' title='bbox 1647 4163 1808 4223; x_wconf 87' lang='grc' dir='ltr'>Βαϐυ-</span> 
     </span>
    </p>
   </div>
   <div class='ocr_carea' id='block_1_62' title="bbox 194 4240 1808 4328">
    <p class='ocr_par' dir='ltr' id='par_1_62' title="bbox 194 4240 1808 4328">
     <span class='ocr_line' id='line_1_66' title="bbox 194 4240 1808 4328; baseline 0.009 -32"><span class='ocrx_word' id='word_1_450' title='bbox 194 4240 404 4319; x_wconf 87' lang='grc' dir='ltr'>λωνίων,</span> <span class='ocrx_word' id='word_1_451' title='bbox 436 4255 522 4308; x_wconf 82' lang='grc' dir='ltr'>καὶ</span> <span class='ocrx_word' id='word_1_452' title='bbox 556 4251 733 4308; x_wconf 77' lang='grc' dir='ltr'>αὒτῶν</span> <span class='ocrx_word' id='word_1_453' title='bbox 763 4254 828 4308; x_wconf 77' lang='grc' dir='ltr'><strong><em>τά</em></strong></span> <span class='ocrx_word' id='word_1_454' title='bbox 851 4253 949 4308; x_wconf 74' lang='grc' dir='ltr'>’ίοα</span> <span class='ocrx_word' id='word_1_455' title='bbox 976 4255 1324 4310; x_wconf 87' lang='grc' dir='ltr'>πεπονθότων</span> <span class='ocrx_word' id='word_1_456' title='bbox 1354 4261 1471 4318; x_wconf 90' lang='grc' dir='ltr'>τοῖς</span> <span class='ocrx_word' id='word_1_457' title='bbox 1501 4256 1808 4328; x_wconf 87' lang='grc' dir='ltr'>Ἰουδαίοις,</span> 
     </span>
    </p>
   </div>
   <div class='ocr_carea' id='block_1_63' title="bbox 194 4338 1808 4419">
    <p class='ocr_par' dir='ltr' id='par_1_63' title="bbox 194 4338 1808 4419">
     <span class='ocr_line' id='line_1_67' title="bbox 194 4338 1808 4419; baseline 0.004 -25"><span class='ocrx_word' id='word_1_458' title='bbox 194 4338 285 4419; x_wconf 55' lang='grc' dir='ltr'>τῶν</span> <span class='ocrx_word' id='word_1_459' title='bbox 313 4339 506 4409; x_wconf 75' lang='grc' dir='ltr'>Μήδων</span> <span class='ocrx_word' id='word_1_460' title='bbox 551 4341 781 4404; x_wconf 83' lang='grc' dir='ltr'>ἐκείνοις</span> <span class='ocrx_word' id='word_1_461' title='bbox 814 4343 1223 4398; x_wconf 78' lang='grc' dir='ltr'>ἐπαναστάντων</span> <span class='ocrx_word' id='word_1_462' title='bbox 1267 4345 1356 4398; x_wconf 83' lang='grc' dir='ltr'><strong><em>καί</em></strong></span> <span class='ocrx_word' id='word_1_463' title='bbox 1387 4345 1438 4406; x_wconf 67' lang='grc' dir='ltr'>ἐς</span> <span class='ocrx_word' id='word_1_464' title='bbox 1470 4348 1517 4398; x_wconf 86' lang='grc' dir='ltr'>τ’</span> <span class='ocrx_word' id='word_1_465' title='bbox 1572 4344 1808 4419; x_wconf 86' lang='grc' dir='ltr'>μάλιστα</span> 
     </span>
    </p>
   </div>
   <div class='ocr_carea' id='block_1_64' title="bbox 197 4417 1807 4507">
    <p class='ocr_par' dir='ltr' id='par_1_64' title="bbox 197 4417 1807 4507">
     <span class='ocr_line' id='line_1_68' title="bbox 197 4417 1807 4507; baseline 0.005 -25"><span class='ocrx_word' id='word_1_466' title='bbox 197 4417 275 4492; x_wconf 70' lang='grc' dir='ltr'>ἔτη</span> <span class='ocrx_word' id='word_1_467' title='bbox 303 4428 395 4494; x_wconf 82' lang='grc' dir='ltr'><strong><em>τήν</em></strong></span> <span class='ocrx_word' id='word_1_468' title='bbox 442 4431 623 4506; x_wconf 74' lang='grc' dir='ltr'>ἀρχὴν</span> <span class='ocrx_word' id='word_1_469' title='bbox 673 4429 891 4486; x_wconf 83' lang='grc' dir='ltr'>ἐκείνων</span> <span class='ocrx_word' id='word_1_470' title='bbox 941 4434 1384 4507; x_wconf 85' lang='grc' dir='ltr'>κατεσχηκότων,</span> <span class='ocrx_word' id='word_1_471' title='bbox 1437 4434 1529 4488; x_wconf 89' lang='grc' dir='ltr'>τὸν</span> <span class='ocrx_word' id='word_1_472' title='bbox 1583 4432 1807 4490; x_wconf 78' lang='grc' dir='ltr'>ὕστατον</span> 
     </span>
    </p>
   </div>
   <div class='ocr_carea' id='block_1_65' title="bbox 196 4509 1806 4596">
    <p class='ocr_par' dir='ltr' id='par_1_65' title="bbox 196 4509 1806 4596">
     <span class='ocr_line' id='line_1_69' title="bbox 196 4509 1806 4596; baseline 0.011 -35"><span class='ocrx_word' id='word_1_473' title='bbox 196 4509 347 4566; x_wconf 80' lang='grc' dir='ltr'>αὐτῶν</span> <span class='ocrx_word' id='word_1_474' title='bbox 394 4517 642 4590; x_wconf 82' lang='grc' dir='ltr'>βασιλέα,</span> <span class='ocrx_word' id='word_1_475' title='bbox 696 4521 741 4590; x_wconf 83' lang='grc' dir='ltr'>ᾧ</span> <span class='ocrx_word' id='word_1_476' title='bbox 803 4520 1106 4594; x_wconf 84' lang='grc' dir='ltr'>Ἀστυάγης</span> <span class='ocrx_word' id='word_1_477' title='bbox 1163 4523 1230 4590; x_wconf 78' lang='grc' dir='ltr'>ἦν</span> <span class='ocrx_word' id='word_1_478' title='bbox 1300 4521 1496 4595; x_wconf 79' lang='grc' dir='ltr'>ὄνομα,</span> <span class='ocrx_word' id='word_1_479' title='bbox 1551 4527 1720 4596; x_wconf 84' lang='grc' dir='ltr'>Κῦρος</span> <span class='ocrx_word' id='word_1_480' title='bbox 1779 4525 1806 4578; x_wconf 91' lang='lat'><strong><em>6</em></strong></span> 
     </span>
    </p>
   </div>
   <div class='ocr_carea' id='block_1_66' title="bbox 1936 1937 3574 2016">
    <p class='ocr_par' dir='ltr' id='par_1_66' title="bbox 1936 1937 3574 2016">
     <span class='ocr_line' id='line_1_70' title="bbox 1936 1937 3574 2016; baseline -0.006 -17"><span class='ocrx_word' id='word_1_481' title='bbox 1936 1949 2060 2000; x_wconf 90' lang='lat' dir='ltr'><strong><em>tum</em></strong></span> <span class='ocrx_word' id='word_1_482' title='bbox 2089 1950 2194 2012; x_wconf 87' lang='lat' dir='ltr'><strong><em>est,</em></strong></span> <span class='ocrx_word' id='word_1_483' title='bbox 2225 1945 2563 2016; x_wconf 85' lang='lat' dir='ltr'><strong><em>priusquam</em></strong></span> <span class='ocrx_word' id='word_1_484' title='bbox 2597 1943 2790 1997; x_wconf 90' lang='lat' dir='ltr'><strong><em>divina</em></strong></span> <span class='ocrx_word' id='word_1_485' title='bbox 2831 1941 3191 2012; x_wconf 80' lang='lat' dir='ltr'><strong><em>providentia</em></strong></span> <span class='ocrx_word' id='word_1_486' title='bbox 3245 1939 3427 1994; x_wconf 88' lang='lat' dir='ltr'><strong><em>Moses</em></strong></span> <span class='ocrx_word' id='word_1_487' title='bbox 3459 1937 3574 1991; x_wconf 86' lang='lat' dir='ltr'><strong><em>dux</em></strong></span> 
     </span>
    </p>
   </div>
   <div class='ocr_carea' id='block_1_67' title="bbox 1935 2026 3574 2104">
    <p class='ocr_par' dir='ltr' id='par_1_67' title="bbox 1935 2026 3574 2104">
     <span class='ocr_line' id='line_1_71' title="bbox 1935 2026 3574 2104; baseline -0.008 -15"><span class='ocrx_word' id='word_1_488' title='bbox 1935 2034 1986 2089; x_wconf 89' lang='lat' dir='ltr'><strong><em>ei</em></strong></span> <span class='ocrx_word' id='word_1_489' title='bbox 2038 2036 2338 2104; x_wconf 63' lang='lat' dir='ltr'><strong><em>prafectus</em></strong></span> <span class='ocrx_word' id='word_1_490' title='bbox 2387 2037 2556 2098; x_wconf 87' lang='lat' dir='ltr'><strong><em>esset,</em></strong></span> <span class='ocrx_word' id='word_1_491' title='bbox 2591 2032 2772 2087; x_wconf 91' lang='lat' dir='ltr'><strong><em>libera</em></strong></span> <span class='ocrx_word' id='word_1_492' title='bbox 2811 2029 3241 2102; x_wconf 89' lang='lat' dir='ltr'><strong><em>quodammodo</em></strong></span> <span class='ocrx_word' id='word_1_493' title='bbox 3273 2032 3329 2082; x_wconf 92' lang='lat' dir='ltr'><strong><em>et</em></strong></span> <span class='ocrx_word' id='word_1_494' title='bbox 3360 2026 3449 2082; x_wconf 90' lang='lat' dir='ltr'><strong><em>sui</em></strong></span> <span class='ocrx_word' id='word_1_495' title='bbox 3483 2027 3574 2095; x_wconf 87' lang='lat' dir='ltr'><strong><em>ju-</em></strong></span> 
     </span>
    </p>
   </div>
   <div class='ocr_carea' id='block_1_68' title="bbox 1936 2115 3572 2194">
    <p class='ocr_par' dir='ltr' id='par_1_68' title="bbox 1936 2115 3572 2194">
     <span class='ocr_line' id='line_1_72' title="bbox 1936 2115 3572 2194; baseline -0.007 -16"><span class='ocrx_word' id='word_1_496' title='bbox 1936 2124 2015 2180; x_wconf 89' lang='lat' dir='ltr'><strong><em>ris</em></strong></span> <span class='ocrx_word' id='word_1_497' title='bbox 2047 2124 2154 2178; x_wconf 91' lang='lat' dir='ltr'><strong><em>fuit</em></strong></span> <span class='ocrx_word' id='word_1_498' title='bbox 2178 2141 2190 2178; x_wconf 91' lang='lat'><strong>:</strong></span> <span class='ocrx_word' id='word_1_499' title='bbox 2212 2129 2268 2178; x_wconf 90' lang='lat' dir='ltr'><strong><em>et</em></strong></span> <span class='ocrx_word' id='word_1_500' title='bbox 2300 2122 2720 2194; x_wconf 89' lang='lat' dir='ltr'><strong><em>progenitorem</em></strong></span> <span class='ocrx_word' id='word_1_501' title='bbox 2749 2123 2977 2189; x_wconf 90' lang='lat' dir='ltr'><strong><em>jactans</em></strong></span> <span class='ocrx_word' id='word_1_502' title='bbox 3002 2121 3227 2188; x_wconf 87' lang='lat' dir='ltr'><strong><em>justum</em></strong></span> <span class='ocrx_word' id='word_1_503' title='bbox 3260 2115 3572 2180; x_wconf 81' lang='lat' dir='ltr'><strong><em>Abraham,</em></strong></span> 
     </span>
    </p>
   </div>
   <div class='ocr_carea' id='block_1_69' title="bbox 1933 2202 3570 2284">
    <p class='ocr_par' dir='ltr' id='par_1_69' title="bbox 1933 2202 3570 2284">
     <span class='ocr_line' id='line_1_73' title="bbox 1933 2202 3570 2284; baseline -0.009 -16"><span class='ocrx_word' id='word_1_504' title='bbox 1933 2213 2094 2268; x_wconf 85' lang='lat' dir='ltr'><strong><em>tenui</em></strong></span> <span class='ocrx_word' id='word_1_505' title='bbox 2127 2213 2454 2284; x_wconf 82' lang='lat' dir='ltr'><strong><em>cognitione</em></strong></span> <span class='ocrx_word' id='word_1_506' title='bbox 2484 2211 2754 2266; x_wconf 90' lang='lat' dir='ltr'><strong><em>Numinis</em></strong></span> <span class='ocrx_word' id='word_1_507' title='bbox 2787 2209 2916 2263; x_wconf 90' lang='lat' dir='ltr'><strong><em>aliis</em></strong></span> <span class='ocrx_word' id='word_1_508' title='bbox 2947 2205 3284 2262; x_wconf 89' lang='lat' dir='ltr'><strong><em>antecelluit</em></strong></span> <span class='ocrx_word' id='word_1_509' title='bbox 3319 2202 3570 2274; x_wconf 85' lang='lat' dir='ltr'><strong><em>populis.</em></strong></span> 
     </span>
    </p>
   </div>
   <div class='ocr_carea' id='block_1_70' title="bbox 1934 2291 3575 2373">
    <p class='ocr_par' dir='ltr' id='par_1_70' title="bbox 1934 2291 3575 2373">
     <span class='ocr_line' id='line_1_74' title="bbox 1934 2291 3575 2373; baseline -0.009 -15"><span class='ocrx_word' id='word_1_510' title='bbox 1934 2301 2061 2358; x_wconf 67' lang='lat' dir='ltr'><strong><em>Haec</em></strong></span> <span class='ocrx_word' id='word_1_511' title='bbox 2110 2307 2416 2373; x_wconf 84' lang='lat' dir='ltr'><strong><em>postquam</em></strong></span> <span class='ocrx_word' id='word_1_512' title='bbox 2469 2300 2526 2354; x_wconf 91' lang='lat' dir='ltr'><strong><em>in</em></strong></span> <span class='ocrx_word' id='word_1_513' title='bbox 2577 2301 2884 2370; x_wconf 65' lang='lat' dir='ltr'><strong><em>Egyptum</em></strong></span> <span class='ocrx_word' id='word_1_514' title='bbox 2933 2296 3108 2355; x_wconf 87' lang='lat' dir='ltr'><strong><em>venit.</em></strong></span> <span class='ocrx_word' id='word_1_515' title='bbox 3144 2298 3375 2364; x_wconf 89' lang='lat' dir='ltr'><strong><em>propter</em></strong></span> <span class='ocrx_word' id='word_1_516' title='bbox 3403 2291 3575 2346; x_wconf 87' lang='lat' dir='ltr'><strong><em>Jose-</em></strong></span> 
     </span>
    </p>
   </div>
   <div class='ocr_carea' id='block_1_71' title="bbox 1931 2384 3570 2463">
    <p class='ocr_par' dir='ltr' id='par_1_71' title="bbox 1931 2384 3570 2463">
     <span class='ocr_line' id='line_1_75' title="bbox 1931 2384 3570 2463; baseline -0.008 -17"><span class='ocrx_word' id='word_1_517' title='bbox 1931 2391 2136 2463; x_wconf 88' lang='lat' dir='ltr'><strong><em>phum,</em></strong></span> <span class='ocrx_word' id='word_1_518' title='bbox 2173 2392 2227 2445; x_wconf 91' lang='lat' dir='ltr'><strong><em>in</em></strong></span> <span class='ocrx_word' id='word_1_519' title='bbox 2279 2395 2552 2446; x_wconf 82' lang='lat' dir='ltr'><strong><em>servitute</em></strong></span> <span class='ocrx_word' id='word_1_520' title='bbox 2600 2389 2678 2442; x_wconf 89' lang='lat' dir='ltr'><strong><em>ibi</em></strong></span> <span class='ocrx_word' id='word_1_521' title='bbox 2726 2387 2833 2442; x_wconf 84' lang='lat' dir='ltr'><strong><em>fuit</em></strong></span> <span class='ocrx_word' id='word_1_522' title='bbox 2875 2402 3061 2440; x_wconf 88' lang='lat' dir='ltr'><strong><em>annos</em></strong></span> <span class='ocrx_word' id='word_1_523' title='bbox 3091 2384 3570 2454; x_wconf 87' lang='lat' dir='ltr'><strong><em>quadringentos.</em></strong></span> 
     </span>
    </p>
   </div>
   <div class='ocr_carea' id='block_1_72' title="bbox 1932 2469 3572 2545">
    <p class='ocr_par' dir='ltr' id='par_1_72' title="bbox 1932 2469 3572 2545">
     <span class='ocr_line' id='line_1_76' title="bbox 1932 2469 3572 2545; baseline -0.009 -9"><span class='ocrx_word' id='word_1_524' title='bbox 1932 2480 2074 2536; x_wconf 87' lang='lat' dir='ltr'><strong><em>Inde</em></strong></span> <span class='ocrx_word' id='word_1_525' title='bbox 2120 2484 2312 2536; x_wconf 89' lang='lat' dir='ltr'><strong><em>autem</em></strong></span> <span class='ocrx_word' id='word_1_526' title='bbox 2363 2479 2522 2534; x_wconf 89' lang='lat' dir='ltr'><strong><em>illam</em></strong></span> <span class='ocrx_word' id='word_1_527' title='bbox 2565 2478 2763 2532; x_wconf 85' lang='lat' dir='ltr'><strong><em>eduxit</em></strong></span> <span class='ocrx_word' id='word_1_528' title='bbox 2791 2476 2974 2530; x_wconf 85' lang='lat' dir='ltr'><strong><em>Moses</em></strong></span> <span class='ocrx_word' id='word_1_529' title='bbox 3010 2489 3022 2526; x_wconf 91' lang='lat'>:</span> <span class='ocrx_word' id='word_1_530' title='bbox 3055 2473 3153 2545; x_wconf 90' lang='lat' dir='ltr'><strong><em>qui</em></strong></span> <span class='ocrx_word' id='word_1_531' title='bbox 3185 2469 3483 2526; x_wconf 84' lang='lat' dir='ltr'><strong><em>miraculis</em></strong></span> <span class='ocrx_word' id='word_1_532' title='bbox 3515 2472 3572 2522; x_wconf 91' lang='lat' dir='ltr'><strong><em>et</em></strong></span> 
     </span>
    </p>
   </div>
   <div class='ocr_carea' id='block_1_73' title="bbox 1930 2562 3568 2640">
    <p class='ocr_par' dir='ltr' id='par_1_73' title="bbox 1930 2562 3568 2640">
     <span class='ocr_line' id='line_1_77' title="bbox 1930 2562 3568 2640; baseline -0.009 -15"><span class='ocrx_word' id='word_1_533' title='bbox 1930 2570 2210 2640; x_wconf 87' lang='lat' dir='ltr'><strong><em>prodigiis</em></strong></span> <span class='ocrx_word' id='word_1_534' title='bbox 2240 2570 2496 2631; x_wconf 84' lang='lat' dir='ltr'><strong><em>edendis.</em></strong></span> <span class='ocrx_word' id='word_1_535' title='bbox 2531 2569 2588 2622; x_wconf 90' lang='lat' dir='ltr'><strong><em>in</em></strong></span> <span class='ocrx_word' id='word_1_536' title='bbox 2635 2572 2861 2621; x_wconf 88' lang='lat' dir='ltr'><strong><em>tantum</em></strong></span> <span class='ocrx_word' id='word_1_537' title='bbox 2893 2583 3072 2637; x_wconf 88' lang='lat' dir='ltr'><strong><em>supra</em></strong></span> <span class='ocrx_word' id='word_1_538' title='bbox 3119 2562 3303 2633; x_wconf 89' lang='lat' dir='ltr'><strong><em>ipsius</em></strong></span> <span class='ocrx_word' id='word_1_539' title='bbox 3349 2564 3568 2613; x_wconf 60' lang='lat' dir='ltr'><strong><em>natura;</em></strong></span> 
     </span>
    </p>
   </div>
   <div class='ocr_carea' id='block_1_74' title="bbox 1927 2652 3568 2728">
    <p class='ocr_par' dir='ltr' id='par_1_74' title="bbox 1927 2652 3568 2728">
     <span class='ocr_line' id='line_1_78' title="bbox 1927 2652 3568 2728; baseline -0.009 -14"><span class='ocrx_word' id='word_1_540' title='bbox 1927 2664 2163 2728; x_wconf 85' lang='lat' dir='ltr'><strong><em>captum</em></strong></span> <span class='ocrx_word' id='word_1_541' title='bbox 2199 2657 2470 2728; x_wconf 88' lang='lat' dir='ltr'><strong><em>pollebat,</em></strong></span> <span class='ocrx_word' id='word_1_542' title='bbox 2506 2663 2566 2711; x_wconf 88' lang='lat' dir='ltr'><strong><em>ut</em></strong></span> <span class='ocrx_word' id='word_1_543' title='bbox 2596 2656 2772 2710; x_wconf 90' lang='lat' dir='ltr'><strong><em>etiam</em></strong></span> <span class='ocrx_word' id='word_1_544' title='bbox 2805 2655 3094 2726; x_wconf 91' lang='lat' dir='ltr'><strong><em>colloquio</em></strong></span> <span class='ocrx_word' id='word_1_545' title='bbox 3129 2653 3225 2706; x_wconf 90' lang='lat' dir='ltr'><strong><em>Dei</em></strong></span> <span class='ocrx_word' id='word_1_546' title='bbox 3262 2652 3568 2709; x_wconf 88' lang='lat' dir='ltr'><strong><em>frueretur,</em></strong></span> 
     </span>
    </p>
   </div>
   <div class='ocr_carea' id='block_1_75' title="bbox 1929 2736 3571 2817">
    <p class='ocr_par' dir='ltr' id='par_1_75' title="bbox 1929 2736 3571 2817">
     <span class='ocr_line' id='line_1_79' title="bbox 1929 2736 3571 2817; baseline -0.009 -15"><span class='ocrx_word' id='word_1_547' title='bbox 1929 2750 2002 2802; x_wconf 85' lang='lat' dir='ltr'><strong><em>ab</em></strong></span> <span class='ocrx_word' id='word_1_548' title='bbox 2051 2762 2235 2817; x_wconf 91' lang='lat' dir='ltr'><strong><em>eoque</em></strong></span> <span class='ocrx_word' id='word_1_549' title='bbox 2285 2763 2477 2801; x_wconf 81' lang='lat' dir='ltr'><strong><em>rerum</em></strong></span> <span class='ocrx_word' id='word_1_550' title='bbox 2530 2745 2887 2814; x_wconf 82' lang='lat' dir='ltr'><strong><em>agendarum</em></strong></span> <span class='ocrx_word' id='word_1_551' title='bbox 2939 2741 3180 2796; x_wconf 86' lang='lat' dir='ltr'><strong><em>consilia</em></strong></span> <span class='ocrx_word' id='word_1_552' title='bbox 3229 2743 3284 2792; x_wconf 87' lang='lat' dir='ltr'><strong><em>et</em></strong></span> <span class='ocrx_word' id='word_1_553' title='bbox 3316 2736 3571 2791; x_wconf 87' lang='lat' dir='ltr'><strong><em>rationes</em></strong></span> 
     </span>
    </p>
   </div>
   <div class='ocr_carea' id='block_1_76' title="bbox 1929 2825 3570 2908">
    <p class='ocr_par' dir='ltr' id='par_1_76' title="bbox 1929 2825 3570 2908">
     <span class='ocr_line' id='line_1_80' title="bbox 1929 2825 3570 2908; baseline -0.008 -17"><span class='ocrx_word' id='word_1_554' title='bbox 1929 2841 2167 2908; x_wconf 84' lang='lat' dir='ltr'><strong><em>peteret.</em></strong></span> <span class='ocrx_word' id='word_1_555' title='bbox 2203 2835 2431 2890; x_wconf 62' lang='lat' dir='ltr'><strong><em>Praefuit</em></strong></span> <span class='ocrx_word' id='word_1_556' title='bbox 2469 2850 2602 2905; x_wconf 90' lang='lat' dir='ltr'><strong><em>ergo</em></strong></span> <span class='ocrx_word' id='word_1_557' title='bbox 2637 2832 2794 2904; x_wconf 86' lang='lat' dir='ltr'><strong><em>genti</em></strong></span> <span class='ocrx_word' id='word_1_558' title='bbox 2821 2832 2938 2892; x_wconf 91' lang='lat' dir='ltr'><strong><em>ille.</em></strong></span> <span class='ocrx_word' id='word_1_559' title='bbox 2964 2847 3026 2884; x_wconf 86' lang='lat' dir='ltr'><strong><em>ac</em></strong></span> <span class='ocrx_word' id='word_1_560' title='bbox 3058 2846 3154 2884; x_wconf 86' lang='lat' dir='ltr'><strong><em>rex</em></strong></span> <span class='ocrx_word' id='word_1_561' title='bbox 3184 2829 3308 2898; x_wconf 91' lang='lat' dir='ltr'><strong><em>ipse</em></strong></span> <span class='ocrx_word' id='word_1_562' title='bbox 3339 2835 3388 2879; x_wconf 88' lang='lat' dir='ltr'><strong><em>el</em></strong></span> <span class='ocrx_word' id='word_1_563' title='bbox 3422 2825 3570 2879; x_wconf 89' lang='lat' dir='ltr'><strong><em>idem</em></strong></span> 
     </span>
    </p>
   </div>
   <div class='ocr_carea' id='block_1_77' title="bbox 1930 2919 3564 2994">
    <p class='ocr_par' dir='ltr' id='par_1_77' title="bbox 1930 2919 3564 2994">
     <span class='ocr_line' id='line_1_81' title="bbox 1930 2919 3564 2994; baseline -0.01 -13"><span class='ocrx_word' id='word_1_564' title='bbox 1930 2941 2228 2981; x_wconf 85' lang='lat' dir='ltr'><strong><em>sacrorum</em></strong></span> <span class='ocrx_word' id='word_1_565' title='bbox 2262 2926 2506 2979; x_wconf 86' lang='lat' dir='ltr'><strong><em>antistes</em></strong></span> <span class='ocrx_word' id='word_1_566' title='bbox 2530 2925 2628 2993; x_wconf 90' lang='lat' dir='ltr'><strong><em>jus</em></strong></span> <span class='ocrx_word' id='word_1_567' title='bbox 2662 2922 2870 2994; x_wconf 90' lang='lat' dir='ltr'><strong><em>populo</em></strong></span> <span class='ocrx_word' id='word_1_568' title='bbox 2909 2922 3072 2974; x_wconf 84' lang='lat' dir='ltr'><strong><em>dixit.</em></strong></span> <span class='ocrx_word' id='word_1_569' title='bbox 3107 2919 3318 2972; x_wconf 82' lang='lat' dir='ltr'><strong><em>Rerum</em></strong></span> <span class='ocrx_word' id='word_1_570' title='bbox 3371 2919 3564 2968; x_wconf 88' lang='lat' dir='ltr'><strong><em>tamen</em></strong></span> 
     </span>
    </p>
   </div>
   <div class='ocr_carea' id='block_1_78' title="bbox 1930 3003 3570 3070">
    <p class='ocr_par' dir='ltr' id='par_1_78' title="bbox 1930 3003 3570 3070">
     <span class='ocr_line' id='line_1_82' title="bbox 1930 3003 3570 3070; baseline -0.01 0"><span class='ocrx_word' id='word_1_571' title='bbox 1930 3031 2226 3070; x_wconf 82' lang='lat' dir='ltr'><strong><em>sacrarum</em></strong></span> <span class='ocrx_word' id='word_1_572' title='bbox 2261 3031 2456 3069; x_wconf 89' lang='lat' dir='ltr'><strong><em>curam</em></strong></span> <span class='ocrx_word' id='word_1_573' title='bbox 2492 3015 2679 3067; x_wconf 83' lang='lat' dir='ltr'><strong><em>Aaron</em></strong></span> <span class='ocrx_word' id='word_1_574' title='bbox 2713 3011 2952 3065; x_wconf 86' lang='lat' dir='ltr'><strong><em>sortitus</em></strong></span> <span class='ocrx_word' id='word_1_575' title='bbox 3001 3012 3105 3067; x_wconf 86' lang='lat' dir='ltr'><strong><em>est.</em></strong></span> <span class='ocrx_word' id='word_1_576' title='bbox 3144 3003 3570 3062; x_wconf 85' lang='lat' dir='ltr'><strong><em>communicata</em></strong></span> 
     </span>
    </p>
   </div>
   <div class='ocr_carea' id='block_1_79' title="bbox 1929 3094 3570 3174">
    <p class='ocr_par' dir='ltr' id='par_1_79' title="bbox 1929 3094 3570 3174">
     <span class='ocr_line' id='line_1_83' title="bbox 1929 3094 3570 3174; baseline -0.009 -16"><span class='ocrx_word' id='word_1_577' title='bbox 1929 3103 1980 3159; x_wconf 89' lang='lat' dir='ltr'><strong><em>ei</em></strong></span> <span class='ocrx_word' id='word_1_578' title='bbox 2031 3120 2128 3174; x_wconf 91' lang='lat' dir='ltr'><strong><em>per</em></strong></span> <span class='ocrx_word' id='word_1_579' title='bbox 2180 3103 2377 3159; x_wconf 90' lang='lat' dir='ltr'><strong><em>Mosen</em></strong></span> <span class='ocrx_word' id='word_1_580' title='bbox 2437 3102 2539 3157; x_wconf 88' lang='lat' dir='ltr'><strong><em>tali</em></strong></span> <span class='ocrx_word' id='word_1_581' title='bbox 2598 3101 2911 3168; x_wconf 78' lang='lat' dir='ltr'><strong><em>iunctione,</em></strong></span> <span class='ocrx_word' id='word_1_582' title='bbox 2948 3100 3048 3170; x_wconf 91' lang='lat' dir='ltr'><strong><em>qui</em></strong></span> <span class='ocrx_word' id='word_1_583' title='bbox 3091 3095 3334 3150; x_wconf 88' lang='lat' dir='ltr'><strong><em>Aaronis</em></strong></span> <span class='ocrx_word' id='word_1_584' title='bbox 3392 3094 3570 3147; x_wconf 86' lang='lat' dir='ltr'><strong><em>frater</em></strong></span> 
     </span>
    </p>
   </div>
   <div class='ocr_carea' id='block_1_80' title="bbox 1929 3181 3568 3255">
    <p class='ocr_par' dir='ltr' id='par_1_80' title="bbox 1929 3181 3568 3255">
     <span class='ocr_line' id='line_1_84' title="bbox 1929 3181 3568 3255; baseline -0.009 -8"><span class='ocrx_word' id='word_1_585' title='bbox 1929 3191 2058 3246; x_wconf 83' lang='lat' dir='ltr'><strong><em>fuit.</em></strong></span> <span class='ocrx_word' id='word_1_586' title='bbox 2094 3192 2228 3246; x_wconf 86' lang='lat' dir='ltr'><strong><em>Post</em></strong></span> <span class='ocrx_word' id='word_1_587' title='bbox 2274 3191 2430 3246; x_wconf 89' lang='lat' dir='ltr'><strong><em>hunc</em></strong></span> <span class='ocrx_word' id='word_1_588' title='bbox 2478 3194 2673 3246; x_wconf 89' lang='lat' dir='ltr'><strong><em>autem</em></strong></span> <span class='ocrx_word' id='word_1_589' title='bbox 2723 3204 3024 3242; x_wconf 88' lang='lat' dir='ltr'><strong><em>successor</em></strong></span> <span class='ocrx_word' id='word_1_590' title='bbox 3052 3189 3180 3255; x_wconf 86' lang='lat' dir='ltr'><strong><em>ejus</em></strong></span> <span class='ocrx_word' id='word_1_591' title='bbox 3209 3184 3378 3238; x_wconf 86' lang='lat' dir='ltr'><strong><em>Jesus</em></strong></span> <span class='ocrx_word' id='word_1_592' title='bbox 3419 3181 3568 3234; x_wconf 83' lang='lat' dir='ltr'><strong><em>Nave</em></strong></span> 
     </span>
    </p>
   </div>
   <div class='ocr_carea' id='block_1_81' title="bbox 1929 3271 3567 3348">
    <p class='ocr_par' dir='ltr' id='par_1_81' title="bbox 1929 3271 3567 3348">
     <span class='ocr_line' id='line_1_85' title="bbox 1929 3271 3567 3348; baseline -0.009 -12"><span class='ocrx_word' id='word_1_593' title='bbox 1929 3279 2109 3348; x_wconf 82' lang='lat' dir='ltr'><strong><em>ﬁlius,</em></strong></span> <span class='ocrx_word' id='word_1_594' title='bbox 2159 3297 2351 3335; x_wconf 88' lang='lat' dir='ltr'><strong><em>rerum</em></strong></span> <span class='ocrx_word' id='word_1_595' title='bbox 2402 3279 2964 3334; x_wconf 85' lang='lat' dir='ltr'><strong><em>administrationem</em></strong></span> <span class='ocrx_word' id='word_1_596' title='bbox 3019 3273 3298 3344; x_wconf 85' lang='lat' dir='ltr'><strong><em>suscepit.</em></strong></span> <span class='ocrx_word' id='word_1_597' title='bbox 3350 3271 3567 3326; x_wconf 89' lang='lat' dir='ltr'><strong><em>Deinde</em></strong></span> 
     </span>
    </p>
   </div>
   <div class='ocr_carea' id='block_1_82' title="bbox 1923 3359 3564 3442">
    <p class='ocr_par' dir='ltr' id='par_1_82' title="bbox 1923 3359 3564 3442">
     <span class='ocr_line' id='line_1_86' title="bbox 1923 3359 3564 3442; baseline -0.007 -18"><span class='ocrx_word' id='word_1_598' title='bbox 1923 3386 2042 3426; x_wconf 86' lang='lat' dir='ltr'><strong><em>rem</em></strong></span> <span class='ocrx_word' id='word_1_599' title='bbox 2088 3370 2392 3425; x_wconf 86' lang='lat' dir='ltr'><strong><em>Judaicam</em></strong></span> <span class='ocrx_word' id='word_1_600' title='bbox 2445 3369 2735 3442; x_wconf 89' lang='lat' dir='ltr'><strong><em>principes</em></strong></span> <span class='ocrx_word' id='word_1_601' title='bbox 2785 3369 3071 3421; x_wconf 84' lang='lat' dir='ltr'><strong><em>rexerunt.</em></strong></span> <span class='ocrx_word' id='word_1_602' title='bbox 3105 3361 3334 3418; x_wconf 87' lang='lat' dir='ltr'><strong><em>Judices</em></strong></span> <span class='ocrx_word' id='word_1_603' title='bbox 3376 3359 3513 3414; x_wconf 88' lang='lat' dir='ltr'><strong><em>dicti</em></strong></span> <span class='ocrx_word' id='word_1_604' title='bbox 3551 3375 3564 3412; x_wconf 90' lang='lat'>:</span> 
     </span>
    </p>
   </div>
   <div class='ocr_carea' id='block_1_83' title="bbox 1923 3449 3560 3530">
    <p class='ocr_par' dir='ltr' id='par_1_83' title="bbox 1923 3449 3560 3530">
     <span class='ocr_line' id='line_1_87' title="bbox 1923 3449 3560 3530; baseline -0.009 -16"><span class='ocrx_word' id='word_1_605' title='bbox 1923 3460 2021 3530; x_wconf 90' lang='lat' dir='ltr'><strong><em>qui</em></strong></span> <span class='ocrx_word' id='word_1_606' title='bbox 2053 3474 2292 3514; x_wconf 87' lang='lat' dir='ltr'><strong><em>numero</em></strong></span> <span class='ocrx_word' id='word_1_607' title='bbox 2341 3459 2648 3514; x_wconf 87' lang='lat' dir='ltr'><strong><em>duodecim</em></strong></span> <span class='ocrx_word' id='word_1_608' title='bbox 2707 3460 2964 3521; x_wconf 82' lang='lat' dir='ltr'><strong><em>fuerunt,</em></strong></span> <span class='ocrx_word' id='word_1_609' title='bbox 3000 3469 3098 3523; x_wconf 90' lang='lat' dir='ltr'><strong><em>per</em></strong></span> <span class='ocrx_word' id='word_1_610' title='bbox 3131 3449 3560 3506; x_wconf 83' lang='lat' dir='ltr'><strong><em>successionem</em></strong></span> 
     </span>
    </p>
   </div>
   <div class='ocr_carea' id='block_1_84' title="bbox 1923 3541 3556 3612">
    <p class='ocr_par' dir='ltr' id='par_1_84' title="bbox 1923 3541 3556 3612">
     <span class='ocr_line' id='line_1_88' title="bbox 1923 3541 3556 3612; baseline -0.009 -9"><span class='ocrx_word' id='word_1_611' title='bbox 1923 3549 2124 3603; x_wconf 89' lang='lat' dir='ltr'><strong><em>ordine</em></strong></span> <span class='ocrx_word' id='word_1_612' title='bbox 2155 3548 2214 3602; x_wconf 91' lang='lat' dir='ltr'><strong><em>in</em></strong></span> <span class='ocrx_word' id='word_1_613' title='bbox 2245 3548 2645 3603; x_wconf 86' lang='lat' dir='ltr'><strong><em>defunctorum</em></strong></span> <span class='ocrx_word' id='word_1_614' title='bbox 2681 3547 2869 3600; x_wconf 90' lang='lat' dir='ltr'><strong><em>locum</em></strong></span> <span class='ocrx_word' id='word_1_615' title='bbox 2903 3542 3210 3612; x_wconf 86' lang='lat' dir='ltr'><strong><em>surrogati.</em></strong></span> <span class='ocrx_word' id='word_1_616' title='bbox 3245 3543 3445 3593; x_wconf 88' lang='lat' dir='ltr'><strong><em>Postea</em></strong></span> <span class='ocrx_word' id='word_1_617' title='bbox 3474 3541 3556 3589; x_wconf 86' lang='lat' dir='ltr'><strong><em>ta-</em></strong></span> 
     </span>
    </p>
   </div>
   <div class='ocr_carea' id='block_1_85' title="bbox 1923 3623 3562 3702">
    <p class='ocr_par' dir='ltr' id='par_1_85' title="bbox 1923 3623 3562 3702">
     <span class='ocr_line' id='line_1_89' title="bbox 1923 3623 3562 3702; baseline -0.009 -12"><span class='ocrx_word' id='word_1_618' title='bbox 1923 3635 2034 3692; x_wconf 89' lang='lat' dir='ltr'><strong><em>lem</em></strong></span> <span class='ocrx_word' id='word_1_619' title='bbox 2066 3653 2256 3692; x_wconf 89' lang='lat' dir='ltr'><strong><em>rerum</em></strong></span> <span class='ocrx_word' id='word_1_620' title='bbox 2286 3635 2843 3692; x_wconf 84' lang='lat' dir='ltr'><strong><em>administrationem</em></strong></span> <span class='ocrx_word' id='word_1_621' title='bbox 2877 3648 3025 3702; x_wconf 69' lang='lat' dir='ltr'><strong><em>aegre</em></strong></span> <span class='ocrx_word' id='word_1_622' title='bbox 3074 3633 3318 3684; x_wconf 85' lang='lat' dir='ltr'><strong><em>ferentes</em></strong></span> <span class='ocrx_word' id='word_1_623' title='bbox 3355 3623 3562 3689; x_wconf 82' lang='lat' dir='ltr'><strong><em>Judaei,</em></strong></span> 
     </span>
    </p>
   </div>
   <div class='ocr_carea' id='block_1_86' title="bbox 1923 3715 3570 3795">
    <p class='ocr_par' dir='ltr' id='par_1_86' title="bbox 1923 3715 3570 3795">
     <span class='ocr_line' id='line_1_90' title="bbox 1923 3715 3570 3795; baseline -0.01 -16"><span class='ocrx_word' id='word_1_624' title='bbox 1923 3741 2118 3795; x_wconf 87' lang='lat' dir='ltr'><strong><em>regem</em></strong></span> <span class='ocrx_word' id='word_1_625' title='bbox 2171 3725 2278 3780; x_wconf 90' lang='lat' dir='ltr'><strong><em>sibi</em></strong></span> <span class='ocrx_word' id='word_1_626' title='bbox 2331 3725 2512 3779; x_wconf 89' lang='lat' dir='ltr'><strong><em>creari</em></strong></span> <span class='ocrx_word' id='word_1_627' title='bbox 2561 3724 3046 3794; x_wconf 90' lang='lat' dir='ltr'><strong><em>depoposcerunt.</em></strong></span> <span class='ocrx_word' id='word_1_628' title='bbox 3085 3723 3147 3772; x_wconf 79' lang='lat' dir='ltr'><strong><em>Et</em></strong></span> <span class='ocrx_word' id='word_1_629' title='bbox 3176 3718 3312 3771; x_wconf 88' lang='lat' dir='ltr'><strong><em>Saul</em></strong></span> <span class='ocrx_word' id='word_1_630' title='bbox 3347 3715 3570 3784; x_wconf 84' lang='lat' dir='ltr'><strong><em>primus</em></strong></span> 
     </span>
    </p>
   </div>
   <div class='ocr_carea' id='block_1_87' title="bbox 1922 3802 3565 3885">
    <p class='ocr_par' dir='ltr' id='par_1_87' title="bbox 1922 3802 3565 3885">
     <span class='ocr_line' id='line_1_91' title="bbox 1922 3802 3565 3885; baseline -0.01 -15"><span class='ocrx_word' id='word_1_631' title='bbox 1922 3814 2004 3870; x_wconf 89' lang='lat' dir='ltr'><strong><em>eis</em></strong></span> <span class='ocrx_word' id='word_1_632' title='bbox 2031 3833 2062 3868; x_wconf 89' lang='lat' dir='ltr'><strong><em>a</em></strong></span> <span class='ocrx_word' id='word_1_633' title='bbox 2102 3815 2382 3885; x_wconf 87' lang='lat' dir='ltr'><strong><em>propheta</em></strong></span> <span class='ocrx_word' id='word_1_634' title='bbox 2435 3812 2702 3868; x_wconf 90' lang='lat' dir='ltr'><strong><em>Samuele</em></strong></span> <span class='ocrx_word' id='word_1_635' title='bbox 2734 3827 2830 3866; x_wconf 87' lang='lat' dir='ltr'><strong><em>rex</em></strong></span> <span class='ocrx_word' id='word_1_636' title='bbox 2863 3814 3073 3865; x_wconf 85' lang='lat' dir='ltr'><strong><em>unctus</em></strong></span> <span class='ocrx_word' id='word_1_637' title='bbox 3104 3812 3211 3873; x_wconf 83' lang='lat' dir='ltr'><strong><em>est,</em></strong></span> <span class='ocrx_word' id='word_1_638' title='bbox 3245 3805 3418 3875; x_wconf 88' lang='lat' dir='ltr'><strong><em>idque</em></strong></span> <span class='ocrx_word' id='word_1_639' title='bbox 3450 3802 3565 3855; x_wconf 93' lang='lat' dir='ltr'><strong><em>Deo</em></strong></span> 
     </span>
    </p>
   </div>
   <div class='ocr_carea' id='block_1_88' title="bbox 1923 3893 3568 3974">
    <p class='ocr_par' dir='ltr' id='par_1_88' title="bbox 1923 3893 3568 3974">
     <span class='ocr_line' id='line_1_92' title="bbox 1923 3893 3568 3974; baseline -0.009 -17"><span class='ocrx_word' id='word_1_640' title='bbox 1923 3920 2022 3974; x_wconf 91' lang='lat' dir='ltr'><strong><em>per</em></strong></span> <span class='ocrx_word' id='word_1_641' title='bbox 2072 3902 2372 3957; x_wconf 89' lang='lat' dir='ltr'><strong><em>oraculum</em></strong></span> <span class='ocrx_word' id='word_1_642' title='bbox 2415 3902 2684 3971; x_wconf 88' lang='lat' dir='ltr'><strong><em>jubente.</em></strong></span> <span class='ocrx_word' id='word_1_643' title='bbox 2718 3899 2862 3954; x_wconf 86' lang='lat' dir='ltr'><strong><em>Huic</em></strong></span> <span class='ocrx_word' id='word_1_644' title='bbox 2894 3896 3073 3953; x_wconf 84' lang='lat' dir='ltr'><strong><em>David</em></strong></span> <span class='ocrx_word' id='word_1_645' title='bbox 3106 3893 3424 3957; x_wconf 84' lang='lat' dir='ltr'><strong><em>successit;</em></strong></span> <span class='ocrx_word' id='word_1_646' title='bbox 3463 3893 3568 3943; x_wconf 87' lang='lat' dir='ltr'><strong><em>Da-</em></strong></span> 
     </span>
    </p>
   </div>
   <div class='ocr_carea' id='block_1_89' title="bbox 1918 3980 3564 4051">
    <p class='ocr_par' dir='ltr' id='par_1_89' title="bbox 1918 3980 3564 4051">
     <span class='ocr_line' id='line_1_93' title="bbox 1918 3980 3564 4051; baseline -0.008 -6"><span class='ocrx_word' id='word_1_647' title='bbox 1918 3992 2034 4045; x_wconf 85' lang='lat' dir='ltr'><strong><em>vidi</em></strong></span> <span class='ocrx_word' id='word_1_648' title='bbox 2091 3991 2246 4046; x_wconf 81' lang='lat' dir='ltr'><strong><em>illius</em></strong></span> <span class='ocrx_word' id='word_1_649' title='bbox 2296 3991 2592 4046; x_wconf 88' lang='lat' dir='ltr'><strong><em>Salomon.</em></strong></span> <span class='ocrx_word' id='word_1_650' title='bbox 2631 3989 2842 4042; x_wconf 90' lang='lat' dir='ltr'><strong><em>Deinde</em></strong></span> <span class='ocrx_word' id='word_1_651' title='bbox 2892 3987 3093 4041; x_wconf 88' lang='lat' dir='ltr'><strong><em>ordine</em></strong></span> <span class='ocrx_word' id='word_1_652' title='bbox 3124 3983 3222 4038; x_wconf 88' lang='lat' dir='ltr'><strong><em>alii</em></strong></span> <span class='ocrx_word' id='word_1_653' title='bbox 3255 3996 3440 4051; x_wconf 87' lang='lat' dir='ltr'><strong><em>reges,</em></strong></span> <span class='ocrx_word' id='word_1_654' title='bbox 3476 3980 3564 4033; x_wconf 82' lang='lat' dir='ltr'><strong><em>vi-</em></strong></span> 
     </span>
    </p>
   </div>
   <div class='ocr_carea' id='block_1_90' title="bbox 1918 4068 3561 4152">
    <p class='ocr_par' dir='ltr' id='par_1_90' title="bbox 1918 4068 3561 4152">
     <span class='ocr_line' id='line_1_94' title="bbox 1918 4068 3561 4152; baseline -0.009 -17"><span class='ocrx_word' id='word_1_655' title='bbox 1918 4080 2060 4152; x_wconf 82' lang='lat' dir='ltr'><strong><em>ginti</em></strong></span> <span class='ocrx_word' id='word_1_656' title='bbox 2090 4085 2339 4149; x_wconf 88' lang='lat' dir='ltr'><strong><em>quatuor</em></strong></span> <span class='ocrx_word' id='word_1_657' title='bbox 2368 4095 2611 4133; x_wconf 90' lang='lat' dir='ltr'><strong><em>numero</em></strong></span> <span class='ocrx_word' id='word_1_658' title='bbox 2647 4094 2660 4130; x_wconf 88' lang='lat'><em>:</em></span> <span class='ocrx_word' id='word_1_659' title='bbox 2695 4076 2792 4147; x_wconf 88' lang='lat' dir='ltr'><strong><em>qui</em></strong></span> <span class='ocrx_word' id='word_1_660' title='bbox 2825 4076 3060 4145; x_wconf 88' lang='lat' dir='ltr'><strong><em>quidem</em></strong></span> <span class='ocrx_word' id='word_1_661' title='bbox 3095 4073 3270 4126; x_wconf 86' lang='lat' dir='ltr'><strong><em>rebus</em></strong></span> <span class='ocrx_word' id='word_1_662' title='bbox 3298 4068 3561 4125; x_wconf 87' lang='lat' dir='ltr'><strong><em>Judaicis</em></strong></span> 
     </span>
    </p>
   </div>
   <div class='ocr_carea' id='block_1_91' title="bbox 1918 4161 3557 4238">
    <p class='ocr_par' dir='ltr' id='par_1_91' title="bbox 1918 4161 3557 4238">
     <span class='ocr_line' id='line_1_95' title="bbox 1918 4161 3557 4238; baseline -0.01 -13"><span class='ocrx_word' id='word_1_663' title='bbox 1918 4185 2104 4225; x_wconf 85' lang='lat' dir='ltr'><strong><em>annos</em></strong></span> <span class='ocrx_word' id='word_1_664' title='bbox 2134 4168 2586 4238; x_wconf 84' lang='lat' dir='ltr'><strong><em>quadringentos</em></strong></span> <span class='ocrx_word' id='word_1_665' title='bbox 2619 4165 2996 4236; x_wconf 76' lang='lat' dir='ltr'><strong><em>quadraginta</em></strong></span> <span class='ocrx_word' id='word_1_666' title='bbox 3026 4169 3154 4217; x_wconf 90' lang='lat' dir='ltr'><strong><em>octo</em></strong></span> <span class='ocrx_word' id='word_1_667' title='bbox 3189 4161 3557 4230; x_wconf 69' lang='lat' dir='ltr'><strong><em>praefuerunt.</em></strong></span> 
     </span>
    </p>
   </div>
   <div class='ocr_carea' id='block_1_92' title="bbox 1917 4247 3558 4326">
    <p class='ocr_par' dir='ltr' id='par_1_92' title="bbox 1917 4247 3558 4326">
     <span class='ocr_line' id='line_1_96' title="bbox 1917 4247 3558 4326; baseline -0.008 -14"><span class='ocrx_word' id='word_1_668' title='bbox 1917 4257 2120 4314; x_wconf 85' lang='lat' dir='ltr'><strong><em>Postea</em></strong></span> <span class='ocrx_word' id='word_1_669' title='bbox 2153 4273 2286 4311; x_wconf 89' lang='lat' dir='ltr'><strong><em>cum</em></strong></span> <span class='ocrx_word' id='word_1_670' title='bbox 2327 4255 2671 4326; x_wconf 82' lang='lat' dir='ltr'><strong><em>Babylonius</em></strong></span> <span class='ocrx_word' id='word_1_671' title='bbox 2719 4253 3252 4309; x_wconf 87' lang='lat' dir='ltr'><strong><em>Nabuchodonosor</em></strong></span> <span class='ocrx_word' id='word_1_672' title='bbox 3292 4247 3558 4302; x_wconf 89' lang='lat' dir='ltr'><strong><em>bellicam</em></strong></span> 
     </span>
    </p>
   </div>
   <div class='ocr_carea' id='block_1_93' title="bbox 1917 4338 3562 4418">
    <p class='ocr_par' dir='ltr' id='par_1_93' title="bbox 1917 4338 3562 4418">
     <span class='ocr_line' id='line_1_97' title="bbox 1917 4338 3562 4418; baseline -0.006 -16"><span class='ocrx_word' id='word_1_673' title='bbox 1917 4352 2112 4402; x_wconf 87' lang='lat' dir='ltr'><strong><em>contra</em></strong></span> <span class='ocrx_word' id='word_1_674' title='bbox 2143 4364 2240 4401; x_wconf 88' lang='lat' dir='ltr'><strong><em>eos</em></strong></span> <span class='ocrx_word' id='word_1_675' title='bbox 2271 4349 2696 4418; x_wconf 87' lang='lat' dir='ltr'><strong><em>expeditionem</em></strong></span> <span class='ocrx_word' id='word_1_676' title='bbox 2731 4343 3092 4413; x_wconf 81' lang='lat' dir='ltr'><strong><em>sumpsisset,</em></strong></span> <span class='ocrx_word' id='word_1_677' title='bbox 3119 4358 3235 4395; x_wconf 89' lang='lat' dir='ltr'><strong><em>una</em></strong></span> <span class='ocrx_word' id='word_1_678' title='bbox 3262 4355 3386 4394; x_wconf 90' lang='lat' dir='ltr'><strong><em>cum</em></strong></span> <span class='ocrx_word' id='word_1_679' title='bbox 3423 4338 3562 4392; x_wconf 90' lang='lat' dir='ltr'><strong><em>urbe</em></strong></span> 
     </span>
    </p>
   </div>
   <div class='ocr_carea' id='block_1_94' title="bbox 1917 4429 3560 4506">
    <p class='ocr_par' dir='ltr' id='par_1_94' title="bbox 1917 4429 3560 4506">
     <span class='ocr_line' id='line_1_98' title="bbox 1917 4429 3560 4506; baseline -0.005 -18"><span class='ocrx_word' id='word_1_680' title='bbox 1917 4437 2201 4506; x_wconf 90' lang='lat' dir='ltr'><strong><em>templum</em></strong></span> <span class='ocrx_word' id='word_1_681' title='bbox 2233 4441 2317 4489; x_wconf 86' lang='lat' dir='ltr'><strong><em>est</em></strong></span> <span class='ocrx_word' id='word_1_682' title='bbox 2346 4451 2633 4501; x_wconf 88' lang='lat' dir='ltr'><strong><em>eversum,</em></strong></span> <span class='ocrx_word' id='word_1_683' title='bbox 2664 4438 2720 4488; x_wconf 89' lang='lat' dir='ltr'><strong><em>et</em></strong></span> <span class='ocrx_word' id='word_1_684' title='bbox 2753 4432 3000 4503; x_wconf 88' lang='lat' dir='ltr'><strong><em>populus</em></strong></span> <span class='ocrx_word' id='word_1_685' title='bbox 3049 4429 3396 4500; x_wconf 81' lang='lat' dir='ltr'><strong><em>Babylonem</em></strong></span> <span class='ocrx_word' id='word_1_686' title='bbox 3431 4442 3560 4495; x_wconf 91' lang='lat' dir='ltr'><strong><em>cap-</em></strong></span> 
     </span>
    </p>
   </div>
   <div class='ocr_carea' id='block_1_95' title="bbox 1916 4517 3555 4592">
    <p class='ocr_par' dir='ltr' id='par_1_95' title="bbox 1916 4517 3555 4592">
     <span class='ocr_line' id='line_1_99' title="bbox 1916 4517 3555 4592; baseline -0.007 -13"><span class='ocrx_word' id='word_1_687' title='bbox 1916 4524 2068 4579; x_wconf 88' lang='lat' dir='ltr'><strong><em>tivus</em></strong></span> <span class='ocrx_word' id='word_1_688' title='bbox 2099 4526 2305 4578; x_wconf 89' lang='lat' dir='ltr'><strong><em>ductus</em></strong></span> <span class='ocrx_word' id='word_1_689' title='bbox 2337 4526 2405 4578; x_wconf 88' lang='lat' dir='ltr'><strong><em>ad</em></strong></span> <span class='ocrx_word' id='word_1_690' title='bbox 2446 4540 2630 4578; x_wconf 83' lang='lat' dir='ltr'><strong><em>annos</em></strong></span> <span class='ocrx_word' id='word_1_691' title='bbox 2679 4521 3065 4592; x_wconf 85' lang='lat' dir='ltr'><strong><em>septuaginta.</em></strong></span> <span class='ocrx_word' id='word_1_692' title='bbox 3101 4522 3241 4574; x_wconf 88' lang='lat' dir='ltr'><strong><em>Cum</em></strong></span> <span class='ocrx_word' id='word_1_693' title='bbox 3287 4517 3555 4587; x_wconf 89' lang='lat' dir='ltr'><strong><em>equidem</em></strong></span> 
     </span>
    </p>
   </div>
   <div class='ocr_carea' id='block_1_96' title="bbox 197 4597 1815 4683">
    <p class='ocr_par' dir='ltr' id='par_1_96' title="bbox 197 4597 1804 4683">
     <span class='ocr_line' id='line_1_100' title="bbox 197 4597 1804 4683; baseline 0.004 -25"><span class='ocrx_word' id='word_1_694' title='bbox 197 4597 384 4672; x_wconf 81' lang='grc' dir='ltr'>Πέρσης</span> <span class='ocrx_word' id='word_1_695' title='bbox 429 4605 727 4669; x_wconf 77' lang='grc' dir='ltr'>ἐπαναστὰς</span> <span class='ocrx_word' id='word_1_696' title='bbox 771 4608 989 4664; x_wconf 84' lang='grc' dir='ltr'>καθεῖλε</span> <span class='ocrx_word' id='word_1_697' title='bbox 1019 4625 1034 4641; x_wconf 85' lang='grc'>⁶</span> <span class='ocrx_word' id='word_1_698' title='bbox 1074 4609 1162 4663; x_wconf 85' lang='grc' dir='ltr'><strong><em>καὶ</em></strong></span> <span class='ocrx_word' id='word_1_699' title='bbox 1213 4610 1313 4677; x_wconf 80' lang='grc' dir='ltr'><strong><em>τήν</em></strong></span> <span class='ocrx_word' id='word_1_700' title='bbox 1371 4611 1669 4683; x_wconf 76' lang='grc' dir='ltr'>ἡγεμονίαν</span> <span class='ocrx_word' id='word_1_701' title='bbox 1728 4611 1804 4674; x_wconf 83' lang='grc' dir='ltr'>εἷς</span> 
     </span>
    </p>
   </div>
   <div class='ocr_carea' id='block_1_97' title="bbox 1931 4597 3556 4683">
    <p class='ocr_par' dir='ltr' id='par_1_97' title="bbox 1931 4603 3556 4682">
     <span class='ocr_line' id='line_1_101' title="bbox 1931 4603 3556 4682; baseline -0.009 -14"><span class='ocrx_word' id='word_1_702' title='bbox 1931 4612 2161 4668; x_wconf 69' lang='lat' dir='ltr'><strong><em>Ihaldasi</em></strong></span> <span class='ocrx_word' id='word_1_703' title='bbox 2211 4615 2329 4667; x_wconf 85' lang='lat' dir='ltr'><strong><em>sive</em></strong></span> <span class='ocrx_word' id='word_1_704' title='bbox 2379 4612 2676 4682; x_wconf 82' lang='lat' dir='ltr'><strong><em>Babylonii</em></strong></span> <span class='ocrx_word' id='word_1_705' title='bbox 2739 4617 2909 4664; x_wconf 80' lang='lat' dir='ltr'><strong><em>antea</em></strong></span> <span class='ocrx_word' id='word_1_706' title='bbox 2957 4610 3110 4662; x_wconf 86' lang='lat' dir='ltr'><strong><em>idem</em></strong></span> <span class='ocrx_word' id='word_1_707' title='bbox 3171 4607 3320 4678; x_wconf 91' lang='lat' dir='ltr'><strong><em>quod</em></strong></span> <span class='ocrx_word' id='word_1_708' title='bbox 3380 4603 3556 4659; x_wconf 64' lang='lat' dir='ltr'><strong><em>Judmi</em></strong></span> 
     </span>
    </p>
   </div>
   <div class='ocr_carea' id='block_1_98' title="bbox 197 4685 1807 4788">
    <p class='ocr_par' dir='ltr' id='par_1_98' title="bbox 197 4685 1807 4788">
     <span class='ocr_line' id='line_1_102' title="bbox 197 4685 1807 4788; baseline 0.008 -46"><span class='ocrx_word' id='word_1_709' title='bbox 197 4685 380 4788; x_wconf 53' lang='lat' dir='ltr'><strong><em>Eépaaa</em></strong></span> <span class='ocrx_word' id='word_1_710' title='bbox 403 4692 462 4748; x_wconf 85' lang='grc' dir='ltr'>ἐκ</span> <span class='ocrx_word' id='word_1_711' title='bbox 497 4693 706 4766; x_wconf 76' lang='grc' dir='ltr'>Μήδων</span> <span class='ocrx_word' id='word_1_712' title='bbox 754 4692 1120 4768; x_wconf 83' lang='grc' dir='ltr'>μεταϐιϐάζει.</span> <span class='ocrx_word' id='word_1_713' title='bbox 1157 4695 1334 4754; x_wconf 81' lang='grc' dir='ltr'>Ἀλλὰ</span> <span class='ocrx_word' id='word_1_714' title='bbox 1365 4699 1453 4752; x_wconf 83' lang='grc' dir='ltr'><strong><em>καὶ</em></strong></span> <span class='ocrx_word' id='word_1_715' title='bbox 1503 4699 1674 4768; x_wconf 81' lang='grc' dir='ltr'>οὗτοι,</span> <span class='ocrx_word' id='word_1_716' title='bbox 1708 4701 1807 4755; x_wconf 81' lang='grc' dir='ltr'>οὐκ</span> 
     </span>
    </p>
   </div>
   <div class='ocr_carea' id='block_1_99' title="bbox 199 4772 1799 4877">
    <p class='ocr_par' dir='ltr' id='par_1_99' title="bbox 199 4772 1799 4877">
     <span class='ocr_line' id='line_1_103' title="bbox 199 4772 1799 4877; baseline 0.01 -51"><span class='ocrx_word' id='word_1_717' title='bbox 199 4772 394 4877; x_wconf 64' lang='grc' dir='ltr'>Ξλαττον</span> <span class='ocrx_word' id='word_1_718' title='bbox 426 4783 457 4851; x_wconf 72' lang='grc' dir='ltr'>ἢ</span> <span class='ocrx_word' id='word_1_719' title='bbox 489 4781 584 4853; x_wconf 78' lang='grc' dir='ltr'>ἔτη</span> <span class='ocrx_word' id='word_1_720' title='bbox 618 4785 754 4860; x_wconf 87' lang='grc' dir='ltr'>πρὸς</span> <span class='ocrx_word' id='word_1_721' title='bbox 781 4791 897 4846; x_wconf 86' lang='grc' dir='ltr'>τοῖς</span> <span class='ocrx_word' id='word_1_722' title='bbox 939 4784 1115 4840; x_wconf 75' lang='grc' dir='ltr'>ε’ίκοσι</span> <span class='ocrx_word' id='word_1_723' title='bbox 1149 4784 1398 4841; x_wconf 86' lang='grc' dir='ltr'>διακόσια</span> <span class='ocrx_word' id='word_1_724' title='bbox 1441 4789 1799 4860; x_wconf 61' lang='grc' dir='ltr'><strong><em>⁴ἡγησάμενοι,</em></strong></span> 
     </span>
    </p>
   </div>
   <div class='ocr_carea' id='block_1_100' title="bbox 195 4874 1803 4949">
    <p class='ocr_par' dir='ltr' id='par_1_100' title="bbox 195 4874 1803 4949">
     <span class='ocr_line' id='line_1_104' title="bbox 195 4874 1803 4949; baseline 0.007 -27"><span class='ocrx_word' id='word_1_725' title='bbox 195 4874 305 4949; x_wconf 66' lang='grc' dir='ltr'>ᾷχρι</span> <span class='ocrx_word' id='word_1_726' title='bbox 360 4874 579 4945; x_wconf 84' lang='grc' dir='ltr'>Δαρείου</span> <span class='ocrx_word' id='word_1_727' title='bbox 646 4878 741 4928; x_wconf 79' lang='grc' dir='ltr'><strong><em>τοῦ</em></strong></span> <span class='ocrx_word' id='word_1_728' title='bbox 810 4875 1084 4949; x_wconf 82' lang='grc' dir='ltr'>Ἀρσάμου</span> <span class='ocrx_word' id='word_1_729' title='bbox 1159 4878 1264 4930; x_wconf 82' lang='grc' dir='ltr'><strong><em>ὑπὸ</em></strong></span> <span class='ocrx_word' id='word_1_730' title='bbox 1321 4880 1418 4931; x_wconf 83' lang='grc' dir='ltr'><strong><em>τοῦ</em></strong></span> <span class='ocrx_word' id='word_1_731' title='bbox 1492 4875 1803 4939; x_wconf 82' lang='grc' dir='ltr'>Μακεδόνος</span> 
     </span>
    </p>
   </div>
   <div class='ocr_carea' id='block_1_101' title="bbox 193 4946 1800 5046">
    <p class='ocr_par' dir='ltr' id='par_1_101' title="bbox 193 4946 1800 5046">
     <span class='ocr_line' id='line_1_105' title="bbox 193 4946 1800 5046; baseline 0.023 -42"><span class='ocrx_word' id='word_1_732' title='bbox 193 4946 518 5046; x_wconf 34' lang='grc' dir='ltr'>’ξλεξάνδρου</span> <span class='ocrx_word' id='word_1_733' title='bbox 579 4946 883 5032; x_wconf 79' lang='grc' dir='ltr'>ἐξίστανται</span> <span class='ocrx_word' id='word_1_734' title='bbox 925 4946 1026 5033; x_wconf 66' lang='grc' dir='ltr'><strong><em>τῆς</em></strong></span> <span class='ocrx_word' id='word_1_735' title='bbox 1083 4964 1264 5040; x_wconf 74' lang='grc' dir='ltr'>ἀρχῆς</span> <span class='ocrx_word' id='word_1_736' title='bbox 1297 4981 1311 4998; x_wconf 81' lang='grc'><strong><em>⁸</em></strong></span> <span class='ocrx_word' id='word_1_737' title='bbox 1363 4966 1421 5024; x_wconf 77' lang='grc' dir='ltr'>ὃς</span> <span class='ocrx_word' id='word_1_738' title='bbox 1471 4964 1548 5026; x_wconf 78' lang='grc' dir='ltr'>εἷς</span> <span class='ocrx_word' id='word_1_739' title='bbox 1600 4986 1800 5040; x_wconf 85' lang='grc' dir='ltr'>μοναρ-</span> 
     </span>
    </p>
   </div>
   <div class='ocr_carea' id='block_1_102' title="bbox 196 5035 1799 5125">
    <p class='ocr_par' dir='ltr' id='par_1_102' title="bbox 196 5035 1799 5125">
     <span class='ocr_line' id='line_1_106' title="bbox 196 5035 1799 5125; baseline 0.006 -25"><span class='ocrx_word' id='word_1_740' title='bbox 196 5035 310 5125; x_wconf 71' lang='grc' dir='ltr'>χίαν</span> <span class='ocrx_word' id='word_1_741' title='bbox 365 5047 424 5100; x_wconf 87' lang='grc' dir='ltr'>τὸ</span> <span class='ocrx_word' id='word_1_742' title='bbox 477 5050 675 5124; x_wconf 89' lang='grc' dir='ltr'>κράτος</span> <span class='ocrx_word' id='word_1_743' title='bbox 733 5051 1075 5125; x_wconf 84' lang='grc' dir='ltr'>περιελάσας,</span> <span class='ocrx_word' id='word_1_744' title='bbox 1135 5054 1270 5125; x_wconf 81' lang='grc' dir='ltr'>μετὰ</span> <span class='ocrx_word' id='word_1_745' title='bbox 1321 5051 1624 5108; x_wconf 85' lang='grc' dir='ltr'>δωδέκατον</span> <span class='ocrx_word' id='word_1_746' title='bbox 1684 5052 1799 5117; x_wconf 79' lang='grc' dir='ltr'>ἔτος</span> 
     </span>
    </p>
   </div>
   <div class='ocr_carea' id='block_1_103' title="bbox 190 5124 1800 5216">
    <p class='ocr_par' dir='ltr' id='par_1_103' title="bbox 190 5124 1800 5216">
     <span class='ocr_line' id='line_1_107' title="bbox 190 5124 1800 5216; baseline 0.007 -32"><span class='ocrx_word' id='word_1_747' title='bbox 190 5124 448 5216; x_wconf 74' lang='grc' dir='ltr'>τελευτῶν,</span> <span class='ocrx_word' id='word_1_748' title='bbox 515 5144 633 5202; x_wconf 87' lang='grc' dir='ltr'>τοῖς</span> <span class='ocrx_word' id='word_1_749' title='bbox 709 5142 892 5195; x_wconf 86' lang='grc' dir='ltr'>παισὶν</span> <span class='ocrx_word' id='word_1_750' title='bbox 953 5140 1118 5197; x_wconf 76' lang='grc' dir='ltr'>αὐτοῦ</span> <span class='ocrx_word' id='word_1_751' title='bbox 1195 5140 1464 5198; x_wconf 83' lang='grc' dir='ltr'>Μακεδόσι</span> <span class='ocrx_word' id='word_1_752' title='bbox 1522 5143 1622 5210; x_wconf 76' lang='grc' dir='ltr'>τὴν</span> <span class='ocrx_word' id='word_1_753' title='bbox 1701 5142 1800 5216; x_wconf 87' lang='grc' dir='ltr'>ἀρ-</span> 
     </span>
    </p>
   </div>
   <div class='ocr_carea' id='block_1_104' title="bbox 191 5215 1796 5321">
    <p class='ocr_par' dir='ltr' id='par_1_104' title="bbox 191 5215 1796 5321">
     <span class='ocr_line' id='line_1_108' title="bbox 191 5215 1796 5321; baseline 0.007 -47"><span class='ocrx_word' id='word_1_754' title='bbox 191 5215 742 5321; x_wconf 36' lang='grc' dir='ltr'>ἔπήν“κατελίμπανεν,</span> <span class='ocrx_word' id='word_1_755' title='bbox 803 5229 855 5284; x_wconf 78' lang='grc' dir='ltr'>οἳ</span> <span class='ocrx_word' id='word_1_756' title='bbox 915 5229 1252 5303; x_wconf 81' lang='grc' dir='ltr'>Πτολεμαῖοι</span> <span class='ocrx_word' id='word_1_757' title='bbox 1325 5232 1796 5305; x_wconf 83' lang='grc' dir='ltr'>κατωνομάζοντο,</span> 
     </span>
    </p>
   </div>
   <div class='ocr_carea' id='block_1_105' title="bbox 205 5303 1794 5394">
    <p class='ocr_par' dir='ltr' id='par_1_105' title="bbox 205 5303 1794 5394">
     <span class='ocr_line' id='line_1_109' title="bbox 205 5303 1794 5394; baseline 0.012 -36"><span class='ocrx_word' id='word_1_758' title='bbox 205 5303 272 5357; x_wconf 86' lang='grc' dir='ltr'>Εκ</span> <span class='ocrx_word' id='word_1_759' title='bbox 299 5303 351 5362; x_wconf 75' lang='grc' dir='ltr'>δὲ</span> <span class='ocrx_word' id='word_1_760' title='bbox 397 5309 655 5392; x_wconf 72' lang='grc' dir='ltr'>διαδοχῆ)</span> <span class='ocrx_word' id='word_1_761' title='bbox 686 5325 833 5390; x_wconf 83' lang='grc' dir='ltr'>τρεῖς</span> <span class='ocrx_word' id='word_1_762' title='bbox 878 5321 968 5374; x_wconf 86' lang='grc' dir='ltr'>καὶ</span> <span class='ocrx_word' id='word_1_763' title='bbox 1001 5316 1129 5374; x_wconf 83' lang='grc' dir='ltr'>δέκα</span> <span class='ocrx_word' id='word_1_764' title='bbox 1173 5321 1478 5394; x_wconf 77' lang='grc' dir='ltr'>γενόμενοι,</span> <span class='ocrx_word' id='word_1_765' title='bbox 1507 5303 1607 5388; x_wconf 67' lang='grc' dir='ltr'><strong><em>τῆς</em></strong></span> <span class='ocrx_word' id='word_1_766' title='bbox 1658 5327 1794 5394; x_wconf 83' lang='grc' dir='ltr'>Περ-</span> 
     </span>
    </p>
   </div>
   <div class='ocr_carea' id='block_1_106' title="bbox 191 5398 1797 5485">
    <p class='ocr_par' dir='ltr' id='par_1_106' title="bbox 191 5398 1797 5485">
     <span class='ocr_line' id='line_1_110' title="bbox 191 5398 1797 5485; baseline 0.002 -25"><span class='ocrx_word' id='word_1_767' title='bbox 191 5400 328 5461; x_wconf 70' lang='grc' dir='ltr'><strong><em>σικῆς</em></strong></span> <span class='ocrx_word' id='word_1_768' title='bbox 373 5398 538 5476; x_wconf 81' lang='grc' dir='ltr'>ἀρχῆς</span> <span class='ocrx_word' id='word_1_769' title='bbox 583 5405 675 5476; x_wconf 81' lang='grc' dir='ltr'>ἔτη</span> <span class='ocrx_word' id='word_1_770' title='bbox 709 5407 1007 5484; x_wconf 74' lang='grc' dir='ltr'>ἐκράτησαν</span> <span class='ocrx_word' id='word_1_771' title='bbox 1039 5409 1125 5485; x_wconf 61' lang='lat' dir='ltr'><strong><em>ei&quot;</em></strong></span> <span class='ocrx_word' id='word_1_772' title='bbox 1175 5411 1310 5482; x_wconf 84' lang='grc' dir='ltr'>πρὸς</span> <span class='ocrx_word' id='word_1_773' title='bbox 1359 5409 1555 5480; x_wconf 86' lang='grc' dir='ltr'>τρισίν.</span> <span class='ocrx_word' id='word_1_774' title='bbox 1603 5410 1797 5484; x_wconf 82' lang='grc' dir='ltr'>Ἀρσά-</span> 
     </span>
    </p>
   </div>
   <div class='ocr_carea' id='block_1_107' title="bbox 188 5487 1795 5586">
    <p class='ocr_par' dir='ltr' id='par_1_107' title="bbox 188 5487 1795 5586">
     <span class='ocr_line' id='line_1_111' title="bbox 188 5487 1795 5586; baseline 0.004 -39"><span class='ocrx_word' id='word_1_775' title='bbox 188 5494 277 5586; x_wconf 62' lang='grc' dir='ltr'>κηξ</span> <span class='ocrx_word' id='word_1_776' title='bbox 302 5487 468 5586; x_wconf 52' lang='grc' dir='ltr'>τοίνυν</span> <span class='ocrx_word' id='word_1_777' title='bbox 496 5494 524 5547; x_wconf 90' lang='grc' dir='ltr'>ὁ</span> <span class='ocrx_word' id='word_1_778' title='bbox 571 5496 804 5569; x_wconf 85' lang='grc' dir='ltr'>Πάρθος,</span> <span class='ocrx_word' id='word_1_779' title='bbox 835 5501 913 5567; x_wconf 82' lang='grc' dir='ltr'>τῷ</span> <span class='ocrx_word' id='word_1_780' title='bbox 967 5497 1179 5568; x_wconf 85' lang='grc' dir='ltr'>ὑστάτῳ</span> <span class='ocrx_word' id='word_1_781' title='bbox 1230 5495 1558 5572; x_wconf 85' lang='grc' dir='ltr'>Πτολεμαίῳ</span> <span class='ocrx_word' id='word_1_782' title='bbox 1606 5496 1795 5553; x_wconf 81' lang='grc' dir='ltr'>ἐπανα-</span> 
     </span>
    </p>
   </div>
   <div class='ocr_carea' id='block_1_108' title="bbox 191 5575 1789 5661">
    <p class='ocr_par' dir='ltr' id='par_1_108' title="bbox 191 5575 1789 5661">
     <span class='ocr_line' id='line_1_112' title="bbox 191 5575 1789 5661; baseline 0 -21"><span class='ocrx_word' id='word_1_783' title='bbox 191 5575 322 5640; x_wconf 65' lang='grc' dir='ltr'><strong><em>στὰς,</em></strong></span> <span class='ocrx_word' id='word_1_784' title='bbox 365 5575 419 5637; x_wconf 66' lang='grc' dir='ltr'>ὃς</span> <span class='ocrx_word' id='word_1_785' title='bbox 462 5583 548 5634; x_wconf 82' lang='grc' dir='ltr'>καὶ</span> <span class='ocrx_word' id='word_1_786' title='bbox 601 5587 888 5650; x_wconf 78' lang='grc' dir='ltr'>Διονύσιος</span> <span class='ocrx_word' id='word_1_787' title='bbox 936 5584 1290 5656; x_wconf 77' lang='grc' dir='ltr'>ἐπεκέκλητο,</span> <span class='ocrx_word' id='word_1_788' title='bbox 1323 5586 1384 5640; x_wconf 82' lang='grc' dir='ltr'><strong><em>οὗ</em></strong></span> <span class='ocrx_word' id='word_1_789' title='bbox 1433 5586 1676 5661; x_wconf 85' lang='grc' dir='ltr'>θυγάτηρ</span> <span class='ocrx_word' id='word_1_790' title='bbox 1723 5587 1789 5657; x_wconf 81' lang='grc' dir='ltr'><strong><em>ἧν</em></strong></span> 
     </span>
    </p>
   </div>
   <div class='ocr_carea' id='block_1_109' title="bbox 1917 4693 3554 4772">
    <p class='ocr_par' dir='ltr' id='par_1_109' title="bbox 1917 4693 3554 4772">
     <span class='ocr_line' id='line_1_113' title="bbox 1917 4693 3554 4772; baseline -0.008 -16"><span class='ocrx_word' id='word_1_791' title='bbox 1917 4703 2171 4772; x_wconf 89' lang='lat' dir='ltr'><strong><em>perpessi</em></strong></span> <span class='ocrx_word' id='word_1_792' title='bbox 2207 4703 2453 4756; x_wconf 84' lang='lat' dir='ltr'><strong><em>fuissent</em></strong></span> <span class='ocrx_word' id='word_1_793' title='bbox 2483 4718 2516 4755; x_wconf 89' lang='lat' dir='ltr'><strong><em>a</em></strong></span> <span class='ocrx_word' id='word_1_794' title='bbox 2566 4700 2768 4763; x_wconf 89' lang='lat' dir='ltr'><strong><em>Medis,</em></strong></span> <span class='ocrx_word' id='word_1_795' title='bbox 2803 4698 2951 4753; x_wconf 92' lang='lat' dir='ltr'><strong><em>bello</em></strong></span> <span class='ocrx_word' id='word_1_796' title='bbox 2997 4697 3112 4751; x_wconf 86' lang='lat' dir='ltr'><strong><em>illis</em></strong></span> <span class='ocrx_word' id='word_1_797' title='bbox 3143 4696 3322 4761; x_wconf 91' lang='lat' dir='ltr'><strong><em>illato,</em></strong></span> <span class='ocrx_word' id='word_1_798' title='bbox 3356 4693 3454 4763; x_wconf 89' lang='lat' dir='ltr'><strong><em>qui</em></strong></span> <span class='ocrx_word' id='word_1_799' title='bbox 3487 4695 3554 4745; x_wconf 84' lang='lat' dir='ltr'><strong><em>ad</em></strong></span> 
     </span>
    </p>
   </div>
   <div class='ocr_carea' id='block_1_110' title="bbox 1914 4788 3559 4861">
    <p class='ocr_par' dir='ltr' id='par_1_110' title="bbox 1914 4788 3559 4861">
     <span class='ocr_line' id='line_1_114' title="bbox 1914 4788 3559 4861; baseline -0.007 -17"><span class='ocrx_word' id='word_1_800' title='bbox 1914 4795 2206 4845; x_wconf 88' lang='lat' dir='ltr'><strong><em>trecentos</em></strong></span> <span class='ocrx_word' id='word_1_801' title='bbox 2239 4806 2425 4861; x_wconf 88' lang='lat' dir='ltr'><strong><em>usque</em></strong></span> <span class='ocrx_word' id='word_1_802' title='bbox 2455 4807 2640 4844; x_wconf 88' lang='lat' dir='ltr'><strong><em>annos</em></strong></span> <span class='ocrx_word' id='word_1_803' title='bbox 2683 4793 2799 4843; x_wconf 86' lang='lat' dir='ltr'><strong><em>fere</em></strong></span> <span class='ocrx_word' id='word_1_804' title='bbox 2838 4803 3082 4859; x_wconf 84' lang='lat' dir='ltr'><strong><em>regnum</em></strong></span> <span class='ocrx_word' id='word_1_805' title='bbox 3115 4800 3314 4839; x_wconf 89' lang='lat' dir='ltr'><strong><em>eorum</em></strong></span> <span class='ocrx_word' id='word_1_806' title='bbox 3347 4788 3559 4836; x_wconf 89' lang='lat' dir='ltr'><strong><em>tenue—</em></strong></span> 
     </span>
    </p>
   </div>
   <div class='ocr_carea' id='block_1_111' title="bbox 1910 4873 3558 4949">
    <p class='ocr_par' dir='ltr' id='par_1_111' title="bbox 1910 4873 3558 4949">
     <span class='ocr_line' id='line_1_115' title="bbox 1910 4873 3558 4949; baseline -0.006 -15"><span class='ocrx_word' id='word_1_807' title='bbox 1910 4891 2066 4935; x_wconf 89' lang='lat' dir='ltr'><strong><em>runt.</em></strong></span> <span class='ocrx_word' id='word_1_808' title='bbox 2105 4882 2396 4936; x_wconf 84' lang='lat' dir='ltr'><strong><em>Medorum</em></strong></span> <span class='ocrx_word' id='word_1_809' title='bbox 2431 4897 2559 4934; x_wconf 87' lang='lat' dir='ltr'><strong><em>vero</em></strong></span> <span class='ocrx_word' id='word_1_810' title='bbox 2593 4896 2784 4949; x_wconf 86' lang='lat' dir='ltr'><strong><em>regem</em></strong></span> <span class='ocrx_word' id='word_1_811' title='bbox 2831 4879 3128 4942; x_wconf 90' lang='lat' dir='ltr'><strong><em>ultimum,</em></strong></span> <span class='ocrx_word' id='word_1_812' title='bbox 3161 4874 3252 4928; x_wconf 92' lang='lat' dir='ltr'><strong><em>cui</em></strong></span> <span class='ocrx_word' id='word_1_813' title='bbox 3287 4873 3558 4943; x_wconf 80' lang='lat' dir='ltr'><strong><em>Astyagis</em></strong></span> 
     </span>
    </p>
   </div>
   <div class='ocr_carea' id='block_1_112' title="bbox 1910 4962 3555 5040">
    <p class='ocr_par' dir='ltr' id='par_1_112' title="bbox 1910 4962 3555 5040">
     <span class='ocr_line' id='line_1_116' title="bbox 1910 4962 3555 5040; baseline -0.007 -16"><span class='ocrx_word' id='word_1_814' title='bbox 1910 4986 2121 5025; x_wconf 88' lang='lat' dir='ltr'><strong><em>nomen</em></strong></span> <span class='ocrx_word' id='word_1_815' title='bbox 2167 4976 2310 5037; x_wconf 88' lang='lat' dir='ltr'><strong><em>erat,</em></strong></span> <span class='ocrx_word' id='word_1_816' title='bbox 2363 4969 2543 5040; x_wconf 89' lang='lat' dir='ltr'><strong><em>Cyrus</em></strong></span> <span class='ocrx_word' id='word_1_817' title='bbox 2602 4973 2774 5024; x_wconf 86' lang='lat' dir='ltr'><strong><em>Persa</em></strong></span> <span class='ocrx_word' id='word_1_818' title='bbox 2823 4967 2972 5023; x_wconf 90' lang='lat' dir='ltr'><strong><em>bello</em></strong></span> <span class='ocrx_word' id='word_1_819' title='bbox 3019 4964 3326 5035; x_wconf 88' lang='lat' dir='ltr'><strong><em>oppressit,</em></strong></span> <span class='ocrx_word' id='word_1_820' title='bbox 3377 4962 3555 5031; x_wconf 84' lang='lat' dir='ltr'><strong><em>impe-</em></strong></span> 
     </span>
    </p>
   </div>
   <div class='ocr_carea' id='block_1_113' title="bbox 1908 5051 3555 5127">
    <p class='ocr_par' dir='ltr' id='par_1_113' title="bbox 1908 5051 3555 5127">
     <span class='ocr_line' id='line_1_117' title="bbox 1908 5051 3555 5127; baseline -0.005 -16"><span class='ocrx_word' id='word_1_821' title='bbox 1908 5055 2180 5127; x_wconf 87' lang='lat' dir='ltr'><strong><em>riumque</em></strong></span> <span class='ocrx_word' id='word_1_822' title='bbox 2208 5075 2240 5111; x_wconf 89' lang='lat' dir='ltr'><strong><em>a</em></strong></span> <span class='ocrx_word' id='word_1_823' title='bbox 2272 5057 2454 5112; x_wconf 89' lang='lat' dir='ltr'><strong><em>Medis</em></strong></span> <span class='ocrx_word' id='word_1_824' title='bbox 2483 5058 2552 5112; x_wconf 88' lang='lat' dir='ltr'><strong><em>ad</em></strong></span> <span class='ocrx_word' id='word_1_825' title='bbox 2605 5057 2807 5111; x_wconf 82' lang='lat' dir='ltr'><strong><em>Persas</em></strong></span> <span class='ocrx_word' id='word_1_826' title='bbox 2837 5051 3150 5109; x_wconf 85' lang='lat' dir='ltr'><strong><em>transtulit.</em></strong></span> <span class='ocrx_word' id='word_1_827' title='bbox 3185 5051 3466 5106; x_wconf 63' lang='lat' dir='ltr'><strong><em>Caeterum</em></strong></span> <span class='ocrx_word' id='word_1_828' title='bbox 3500 5053 3555 5103; x_wconf 89' lang='lat' dir='ltr'><strong><em>et</em></strong></span> 
     </span>
    </p>
   </div>
   <div class='ocr_carea' id='block_1_114' title="bbox 1909 5139 3554 5217">
    <p class='ocr_par' dir='ltr' id='par_1_114' title="bbox 1909 5139 3554 5217">
     <span class='ocr_line' id='line_1_118' title="bbox 1909 5139 3554 5217; baseline -0.003 -19"><span class='ocrx_word' id='word_1_829' title='bbox 1909 5144 1950 5198; x_wconf 92' lang='lat' dir='ltr'><strong><em>ii</em></strong></span> <span class='ocrx_word' id='word_1_830' title='bbox 1982 5161 2096 5200; x_wconf 89' lang='lat' dir='ltr'><strong><em>non</em></strong></span> <span class='ocrx_word' id='word_1_831' title='bbox 2131 5149 2326 5200; x_wconf 84' lang='lat' dir='ltr'><strong><em>minus</em></strong></span> <span class='ocrx_word' id='word_1_832' title='bbox 2358 5163 2532 5217; x_wconf 87' lang='lat' dir='ltr'><strong><em>quam</em></strong></span> <span class='ocrx_word' id='word_1_833' title='bbox 2564 5146 2830 5201; x_wconf 89' lang='lat' dir='ltr'><strong><em>ducentis</em></strong></span> <span class='ocrx_word' id='word_1_834' title='bbox 2861 5143 3062 5213; x_wconf 87' lang='lat' dir='ltr'><strong><em>viginti</em></strong></span> <span class='ocrx_word' id='word_1_835' title='bbox 3111 5140 3280 5195; x_wconf 89' lang='lat' dir='ltr'><strong><em>annis</em></strong></span> <span class='ocrx_word' id='word_1_836' title='bbox 3309 5139 3554 5208; x_wconf 89' lang='lat' dir='ltr'><strong><em>imperio</em></strong></span> 
     </span>
    </p>
   </div>
   <div class='ocr_carea' id='block_1_115' title="bbox 1909 5227 3556 5307">
    <p class='ocr_par' dir='ltr' id='par_1_115' title="bbox 1909 5227 3556 5307">
     <span class='ocr_line' id='line_1_119' title="bbox 1909 5227 3556 5307; baseline -0.007 -17"><span class='ocrx_word' id='word_1_837' title='bbox 1909 5236 2098 5305; x_wconf 88' lang='lat' dir='ltr'><strong><em>potiti,</em></strong></span> <span class='ocrx_word' id='word_1_838' title='bbox 2151 5253 2337 5307; x_wconf 90' lang='lat' dir='ltr'><strong><em>usque</em></strong></span> <span class='ocrx_word' id='word_1_839' title='bbox 2381 5239 2451 5290; x_wconf 90' lang='lat' dir='ltr'><strong><em>ad</em></strong></span> <span class='ocrx_word' id='word_1_840' title='bbox 2505 5236 2739 5290; x_wconf 89' lang='lat' dir='ltr'><strong><em>Darium</em></strong></span> <span class='ocrx_word' id='word_1_841' title='bbox 2796 5233 3054 5288; x_wconf 85' lang='lat' dir='ltr'><strong><em>Arsarmi</em></strong></span> <span class='ocrx_word' id='word_1_842' title='bbox 3102 5231 3284 5285; x_wconf 81' lang='lat' dir='ltr'><strong><em>filium</em></strong></span> <span class='ocrx_word' id='word_1_843' title='bbox 3336 5229 3434 5299; x_wconf 88' lang='grc'>(1),</span> <span class='ocrx_word' id='word_1_844' title='bbox 3485 5227 3556 5281; x_wconf 86' lang='lat' dir='ltr'><strong><em>ab</em></strong></span> 
     </span>
    </p>
   </div>
   <div class='ocr_carea' id='block_1_116' title="bbox 1905 5318 3551 5389">
    <p class='ocr_par' dir='ltr' id='par_1_116' title="bbox 1905 5318 3551 5389">
     <span class='ocr_line' id='line_1_120' title="bbox 1905 5318 3551 5389; baseline -0.004 -11"><span class='ocrx_word' id='word_1_845' title='bbox 1905 5324 2232 5380; x_wconf 84' lang='lat' dir='ltr'><strong><em>Alexandro</em></strong></span> <span class='ocrx_word' id='word_1_846' title='bbox 2277 5326 2588 5381; x_wconf 86' lang='lat' dir='ltr'><strong><em>Macedone</em></strong></span> <span class='ocrx_word' id='word_1_847' title='bbox 2637 5341 2702 5379; x_wconf 90' lang='lat' dir='ltr'><strong><em>eo</em></strong></span> <span class='ocrx_word' id='word_1_848' title='bbox 2751 5330 2888 5377; x_wconf 89' lang='lat' dir='ltr'><strong><em>sunt</em></strong></span> <span class='ocrx_word' id='word_1_849' title='bbox 2936 5321 3113 5376; x_wconf 86' lang='lat' dir='ltr'><strong><em>exuti.</em></strong></span> <span class='ocrx_word' id='word_1_850' title='bbox 3146 5321 3252 5384; x_wconf 90' lang='lat' dir='ltr'><strong><em>Qui</em></strong></span> <span class='ocrx_word' id='word_1_851' title='bbox 3287 5334 3462 5389; x_wconf 87' lang='lat' dir='ltr'><strong><em>regno</em></strong></span> <span class='ocrx_word' id='word_1_852' title='bbox 3494 5318 3551 5371; x_wconf 91' lang='lat' dir='ltr'><strong><em>in</em></strong></span> 
     </span>
    </p>
   </div>
   <div class='ocr_carea' id='block_1_117' title="bbox 1905 5409 3558 5482">
    <p class='ocr_par' dir='ltr' id='par_1_117' title="bbox 1905 5409 3558 5482">
     <span class='ocr_line' id='line_1_121' title="bbox 1905 5409 3558 5482; baseline -0.005 -14"><span class='ocrx_word' id='word_1_853' title='bbox 1905 5414 2255 5468; x_wconf 67' lang='lat' dir='ltr'><strong><em>monarchias</em></strong></span> <span class='ocrx_word' id='word_1_854' title='bbox 2307 5416 2551 5468; x_wconf 83' lang='lat' dir='ltr'><strong><em>formam</em></strong></span> <span class='ocrx_word' id='word_1_855' title='bbox 2586 5415 2832 5477; x_wconf 89' lang='lat' dir='ltr'><strong><em>redacto,</em></strong></span> <span class='ocrx_word' id='word_1_856' title='bbox 2868 5416 2995 5482; x_wconf 90' lang='lat' dir='ltr'><strong><em>post</em></strong></span> <span class='ocrx_word' id='word_1_857' title='bbox 3027 5409 3436 5464; x_wconf 85' lang='lat' dir='ltr'><strong><em>duodecimum</em></strong></span> <span class='ocrx_word' id='word_1_858' title='bbox 3470 5423 3558 5461; x_wconf 91' lang='lat' dir='ltr'><strong><em>re-</em></strong></span> 
     </span>
    </p>
   </div>
   <div class='ocr_carea' id='block_1_118' title="bbox 1905 5499 3555 5572">
    <p class='ocr_par' dir='ltr' id='par_1_118' title="bbox 1905 5499 3555 5572">
     <span class='ocr_line' id='line_1_122' title="bbox 1905 5499 3555 5572; baseline -0.004 -16"><span class='ocrx_word' id='word_1_859' title='bbox 1905 5517 2034 5558; x_wconf 89' lang='lat' dir='ltr'><strong><em>rum</em></strong></span> <span class='ocrx_word' id='word_1_860' title='bbox 2067 5519 2308 5557; x_wconf 88' lang='lat' dir='ltr'><strong><em>suarum</em></strong></span> <span class='ocrx_word' id='word_1_861' title='bbox 2340 5508 2632 5572; x_wconf 87' lang='lat' dir='ltr'><strong><em>gestarum</em></strong></span> <span class='ocrx_word' id='word_1_862' title='bbox 2665 5516 2905 5565; x_wconf 89' lang='lat' dir='ltr'><strong><em>annum,</em></strong></span> <span class='ocrx_word' id='word_1_863' title='bbox 2937 5500 3048 5553; x_wconf 85' lang='lat' dir='ltr'><strong><em>vita</em></strong></span> <span class='ocrx_word' id='word_1_864' title='bbox 3089 5499 3390 5563; x_wconf 83' lang='lat' dir='ltr'><strong><em>excedens,</em></strong></span> <span class='ocrx_word' id='word_1_865' title='bbox 3424 5512 3555 5566; x_wconf 84' lang='lat' dir='ltr'><strong><em>pue-</em></strong></span> 
     </span>
    </p>
   </div>
   <div class='ocr_carea' id='block_1_119' title="bbox 1903 5585 3556 5661">
    <p class='ocr_par' dir='ltr' id='par_1_119' title="bbox 1903 5585 3556 5661">
     <span class='ocr_line' id='line_1_123' title="bbox 1903 5585 3556 5661; baseline -0.004 -16"><span class='ocrx_word' id='word_1_866' title='bbox 1903 5590 1985 5645; x_wconf 83' lang='lat' dir='ltr'><strong><em>ris</em></strong></span> <span class='ocrx_word' id='word_1_867' title='bbox 2026 5591 2151 5646; x_wconf 81' lang='lat' dir='ltr'><strong><em>suis</em></strong></span> <span class='ocrx_word' id='word_1_868' title='bbox 2189 5591 2623 5659; x_wconf 83' lang='lat' dir='ltr'><strong><em>Macedonibus,</em></strong></span> <span class='ocrx_word' id='word_1_869' title='bbox 2647 5589 2745 5661; x_wconf 88' lang='lat' dir='ltr'><strong><em>qui</em></strong></span> <span class='ocrx_word' id='word_1_870' title='bbox 2765 5587 3056 5644; x_wconf 70' lang='lat' dir='ltr'><strong><em>Ptolemaai</em></strong></span> <span class='ocrx_word' id='word_1_871' title='bbox 3071 5585 3556 5656; x_wconf 86' lang='lat' dir='ltr'><strong><em>oognominaban-</em></strong></span> 
     </span>
    </p>
   </div>
   <div class='ocr_carea' id='block_1_120' title="bbox 255 5699 2063 5792">
    <p class='ocr_par' dir='ltr' id='par_1_120' title="bbox 255 5699 2063 5792">
     <span class='ocr_line' id='line_1_124' title="bbox 255 5699 2063 5792; baseline 0.006 -29"><span class='ocrx_word' id='word_1_872' title='bbox 255 5699 329 5776; x_wconf 79' lang='grc' dir='ltr'><strong><em>(ι)</em></strong></span> <span class='ocrx_word' id='word_1_873' title='bbox 353 5703 478 5766; x_wconf 78' lang='lat' dir='ltr'><strong><em>Dari</em></strong></span> <span class='ocrx_word' id='word_1_874' title='bbox 490 5727 590 5771; x_wconf 86' lang='lat' dir='ltr'><strong><em>nm</em></strong></span> <span class='ocrx_word' id='word_1_875' title='bbox 620 5714 800 5774; x_wconf 85' lang='lat' dir='ltr'><strong><em>istum</em></strong></span> <span class='ocrx_word' id='word_1_876' title='bbox 832 5715 1039 5775; x_wconf 79' lang='lat' dir='ltr'><strong><em>Arsani</em></strong></span> <span class='ocrx_word' id='word_1_877' title='bbox 1072 5714 1258 5774; x_wconf 83' lang='lat' dir='ltr'><strong><em>ﬁlium</em></strong></span> <span class='ocrx_word' id='word_1_878' title='bbox 1285 5713 1384 5774; x_wconf 74' lang='lat' dir='ltr'><strong><em>alii</em></strong></span> <span class='ocrx_word' id='word_1_879' title='bbox 1411 5713 1613 5776; x_wconf 71' lang='lat' dir='ltr'><strong><em>dicunt</em></strong></span> <span class='ocrx_word' id='word_1_880' title='bbox 1639 5715 1816 5792; x_wconf 71' lang='lat' dir='ltr'><strong><em>(Just.</em></strong></span> <span class='ocrx_word' id='word_1_881' title='bbox 1847 5714 1950 5778; x_wconf 86' lang='lat' dir='ltr'><strong><em>lib.</em></strong></span> <span class='ocrx_word' id='word_1_882' title='bbox 1979 5714 2063 5791; x_wconf 74' lang='grc' dir='ltr'><strong><em>ι.)</em></strong></span> 
     </span>
    </p>
   </div>
  </div>
