4096 6284
478 365 599 426 639

1780 366 2208 428 NICEPHORI
2251 367 2608 430 CALLISTI

3764 363 3888 427 640

481 505 575 555 tur
604 499 706 572 (1),
738 513 976 570 regnum
1026 498 1280 569 reliquit.
1316 497 1409 556 55
1463 497 1502 552 li
1552 514 1651 568 per
1699 499 2118 554 successionem

2241 497 2583 572 Κλεοπάτρα,
2617 497 2691 558 εἷς
2738 499 2801 566 ἣν
2835 496 3069 567 ὑστάιην
3123 497 3158 566 ἡ
3198 499 3305 551 τῶν
3352 492 3681 552 Μακεδόνων
3727 494 3882 551 κατέ-

477 590 554 660 (2)
599 587 879 643 tredecim
932 603 1190 654 numero,
1233 588 1541 643 Persarum
1592 603 1683 643 res
1735 588 2121 643 obtinuerunt

478 696 662 735 annos
695 681 974 735 ducentos
1015 679 1330 749 nonaginta
1358 683 1496 733 tres.
1531 681 1770 734 Arsaces
1799 695 1964 749 porro
1998 679 2121 733 Par-

479 768 612 823 thus
662 768 966 824 Ptolemaeo
1017 767 1244 834 ultimo,
1281 766 1380 838 qui
1411 767 1582 821 etiam
1618 766 1925 838 Dionysius
1959 769 2122 821 dice-

478 856 668 922 batur,
701 856 1013 925 CleOpatrae
1061 856 1233 926 patri,
1265 855 1322 909 in
1375 872 1490 926 qua
1540 865 1826 925 postrema
1868 856 2125 910 Macedo-

474 961 615 1000 num
650 949 798 1016 apud
823 945 1113 1016 {Egyptios
1135 944 1345 1000 defecit
1367 961 1636 1016 regnum,
1659 945 1876 999 bellum
1902 945 2122 1009 intulit,

469 1033 819 1104 Parthisque
869 1033 1174 1088 Persarum
1230 1033 1540 1102 imperium
1589 1033 1850 1088 tradidit.
1887 1033 2002 1087 Nec
2043 1033 2122 1086 ita

478 1122 661 1177 multo
709 1130 836 1193 post
887 1122 1267 1178 Macedonum
1303 1122 1445 1175 ditio
1479 1123 1533 1176 in
1570 1122 1961 1176 Romanorum
1998 1137 2119 1190 per-

476 1211 632 1265 venit
663 1214 1008 1282 potestatem
1044 1227 1056 1263 :
1089 1215 1144 1264 et
1176 1211 1305 1263 inde
1335 1209 1679 1264 Parthorum
1715 1225 1880 1280 reges
1911 1225 2123 1265 nomen

480 1316 711 1370 quoque
757 1300 1163 1355 Arsacidarum
1218 1299 1492 1353 habuere.
1537 1299 1709 1353 Porro
1759 1299 1858 1370 qui
1914 1299 1983 1353 ab
2032 1302 2126 1353 Ar-

477 1406 606 1445 sace
657 1389 940 1461 progeniti
992 1405 1238 1459 regnum
1285 1388 1604 1455 obtinuere,
1641 1405 1823 1458 usque
1864 1391 1933 1443 ad
1968 1394 2123 1443 Arta-

476 1475 694 1530 banum
747 1480 1152 1544 pervenerunt,
1182 1491 1372 1529 rerum
1425 1475 1926 1529 administratione
1957 1475 2126 1530 annis

477 1565 744 1619 ducentis
776 1565 1142 1634 septuaginta
1174 1569 1414 1619 retenta.
1439 1563 1569 1618 Post
1593 1565 1947 1618 Artabanum
1972 1581 2126 1630 vero,

480 1653 743 1709 Chosroaa
791 1670 976 1725 genus
1026 1654 1218 1708 Persis
1260 1655 1546 1722 imperare
1597 1654 1790 1724 cmpit.
1827 1657 2126 1708 Artaxares

481 1743 637 1797 enim
690 1751 851 1812 pater
900 1741 1165 1796 Chosroea
1213 1741 1432 1810 Magus,
1465 1741 1595 1796 dolo
1638 1743 1996 1796 Artabanum
2043 1760 2129 1814 ag.

484 1846 722 1903 gressus
772 1830 1002 1891 occidit,
1053 1831 1389 1900 primusque
1440 1829 1588 1884 inter
1638 1829 1840 1884 Persas
1881 1830 2123 1886 cidarim

482 1918 772 1989 sumpsit:
798 1921 951 1974 unde
983 1924 1039 1974 et
1068 1919 1221 1990 apud
1255 1919 1412 1988 ipsos
1451 1918 1672 1974 celebre
1704 1919 1997 1989 Magorum
2032 1938 2124 1975 no-

484 2023 614 2063 men
649 2007 774 2062 fuii.
805 2006 1123 2062 Alexander
1154 2012 1346 2062 autem
1400 2007 1718 2063 Mammaea
1749 2008 1904 2063 filius
1936 2009 2123 2080 appel-

485 2095 637 2151 latus
669 2095 996 2150 Romanum
1031 2095 1452 2151 administravit
1485 2095 1816 2166 imperium,
1839 2113 1970 2151 cum
1994 2097 2128 2152 Par-

485 2185 622 2241 thus
669 2185 858 2240 adhuc
907 2187 1099 2240 Persis
1143 2202 1239 2240 rex
1289 2189 1575 2255 praeesset.
1608 2185 1914 2241 Enimvero
1943 2187 2127 2241 Judaei

487 2291 522 2330 ο.
552 2273 720 2330 Dario
768 2274 973 2344 primo,
1003 2289 1106 2328 seu
1153 2275 1240 2343 (ut
1287 2273 1384 2329 alii
1434 2276 1690 2343 tradunt)
1724 2293 1756 2329 a
1801 2275 1964 2345 Cyro,
1999 2281 2130 2344 post

489 2380 671 2419 annos
703 2363 1091 2435 septuaginta,
1124 2363 1448 2434 captivitate
1480 2363 1691 2424 soluta,
1725 2363 1989 2420 libertate
2020 2367 2128 2420 do—

491 2453 632 2521 nati,
663 2454 857 2509 urbem
889 2452 1065 2507 simul
1095 2468 1260 2507 suam
1293 2455 1347 2506 et
1376 2451 1679 2521 templum,
1711 2469 1837 2521 qua;
1865 2453 2044 2508 David
2074 2459 2130 2508 et

494 2539 768 2596 Solomon
823 2541 1282 2601 construxerant,
1336 2543 1733 2594 restaurarunt
1767 2556 1779 2593 :
1812 2545 1867 2593 et
1925 2541 2127 2611 patriis

493 2630 694 2698 sacris,
753 2629 982 2697 ritibus,
1042 2633 1216 2700 atque
1272 2628 1631 2684 caeremoniis
1688 2629 1908 2700 operati
1967 2634 2125 2696 sunt,

483 2735 598 2775 non
626 2719 785 2790 regia
817 2719 903 2785 (ut
933 2717 1199 2788 antehac)
1233 2721 1511 2788 potestate
1541 2722 1594 2772 et
1625 2719 2126 2774 administratione

481 2810 574 2875 sed
627 2825 944 2880 paucorum
994 2806 1366 2877 Optimatium
1409 2809 1830 2878 gubernatione
1874 2813 2120 2864 utentes.

481 2897 818 2953 Sacerdotes
869 2897 947 2970 (3)
995 2897 1146 2952 enim
1197 2912 1287 2951 res
1340 2912 1536 2952 eorum
1589 2904 1877 2952 rexerunt.
1930 2900 1997 2952 Et
2054 2898 2123 2953 ad

483 2986 718 3058 aliquod
769 3002 954 3058 usque
1003 2992 1232 3055 tempus
1263 2985 1407 3041 satis
1442 2986 1681 3041 feliciter
1720 2995 1892 3058 atque
1922 2988 2123 3043 ordine

482 3091 574 3132 res
621 3091 820 3131 eorum
875 3075 1239 3146 gerebantur.
1292 3075 1492 3130 Postea
1540 3091 1674 3129 vero
1723 3077 1870 3131 inter
1918 3082 2123 3147 poten-

478 3165 654 3221 tiores
683 3164 1015 3220 ludseorum
1048 3164 1355 3220 dissidium
1387 3170 1647 3219 exortum
1679 3168 1763 3219 est
1797 3182 1809 3218 :
1842 3181 1951 3234 quo
1982 3171 2117 3222 tem-

2232 585 2362 655 ληξε
2394 582 2693 656 δυναστεία,
2727 586 2962 658 Πάρθοις
3009 586 3111 653 τήν
3154 588 3372 656 Περσῶν
3427 583 3713 659 βασιλείαν
3745 604 3884 657 παρ-

2231 671 2422 740 έδωκε,
2452 680 2551 742 τῆς
2601 679 2708 727 τῶν
2758 671 3080 728 Μακεδόνων
3139 673 3316 746 ἀρχῆς
3367 670 3428 725 οὐ
3476 669 3681 741 πολλῷ
3732 671 3887 725 ὕστε-

2231 783 2322 834 ρον
2377 762 2514 835 πρὸς
2570 764 2668 831 τήν
2727 763 3045 834 Ῥωμαϊκὴν
3109 761 3350 830 ἐξουσίαν
3422 761 3880 832 μεταπεσούσης’

2230 849 2512 904 καντεῦθεν
2548 851 2635 904 καὶ
2690 851 2740 904 οἱ
2795 855 3013 923 Περσῶν
3061 848 3302 923 βασιλεῖς
3349 845 3662 922 Ἀρσακίδαι
3715 846 3886 919 ὄνομα

2235 936 2421 1013 ἔσχον.
2470 941 2533 992 O't
2580 939 2765 1012 μέντοι
2817 941 2921 993 ἀπὸ
2974 940 3246 1014 Ἀρσάκου
3296 938 3585 1012 ἀρξάμενοι
3634 937 3768 1012 ἄχρι
3815 936 3881 1007 δὴ

2231 1030 2319 1083 καί
2378 1028 2430 1090 ἐς
2484 1025 2825 1103 Ἀρτάϐανον
2883 1032 3037 1098 ἧκον,
3093 1025 3182 1097 ἔτη
3247 1024 3630 1100 ἑϐδομήκοντά
3685 1049 3743 1082 τε
3792 1030 3881 1083 καὶ

2234 1116 2480 1172 διακόσια
2525 1120 2949 1191 παραμείναντες
2981 1123 3048 1191 τῇ
3103 1119 3271 1190 ἀρχῇ.
3308 1118 3453 1172 Μετὰ
3503 1115 3559 1171 δὲ
3599 1118 3694 1170 τὸν
3729 1117 3885 1190 εἰρη-

2238 1207 2396 1278 μένον
2429 1203 2755 1280 Ἀρτάϐανον
2789 1208 2850 1260 τὸ
2885 1205 3135 1279 Χοσρὸου
3176 1208 3333 1280 γένος
3376 1211 3483 1260 τῶν
3519 1209 3738 1278 Περσῶν
3794 1207 3884 1279 βα-

2234 1295 2468 1350 σιλεύειν
2514 1297 2844 1369 κατήρχετο,
2895 1295 3229 1368 Ἀρταξάρης
3275 1294 3375 1368 γάρ
3421 1295 3448 1347 6
3496 1297 3593 1348 τοῦ
3635 1294 3884 1369 Χοσρόου

2234 1388 2414 1459 πατὴρ
2451 1387 2624 1461 μάγος
2674 1384 2770 1454 ὣν,
2805 1383 2955 1457 δόλῳ
3002 1386 3093 1440 τὸν
3145 1381 3476 1458 Ἀρτάϐανον
3527 1385 3749 1454 κτείνει,
3801 1385 3885 1438 κί-

2237 1473 2387 1548 δαριν
2438 1480 2654 1548 πρῶτος
2703 1478 2920 1549 Περσῶν
2973 1473 3346 1549 περιθέμενος.
3390 1471 3438 1542 ἒξ
3491 1475 3551 1527 οὗ
3599 1473 3688 1528 καὶ
3737 1475 3889 1547 παρά

2238 1571 2464 1638 Περσαις
2499 1565 2549 1618 οἱ
2607 1565 2775 1640 μάγοι
2822 1563 3089 1634 ἐπίδοξοι.
3143 1561 3497 1638 Ἀλέξανδρος
3548 1561 3595 1617 δ’
3643 1565 3672 1617 6
3721 1571 3885 1635 Μαμ-

2243 1655 2402 1725 μαίας
2447 1651 2763 1722 ἐπικληθεὶς
2797 1652 2884 1707 ἐπὶ
2933 1657 3040 1708 τῶν
3087 1655 3411 1724 Ῥωμαϊκῶν
3454 1654 3747 1725 σκήπτρων
3790 1653 3886 1722 ἦν,

2241 1743 2471 1812 ὁπηνίκα
2531 1743 2558 1795 6
2621 1743 2829 1815 Πάρθος
2888 1736 2964 1796 ἔτι
3024 1745 3243 1812 Περσῶν
3302 1737 3633 1796 ἐϐασίλευεν.
3699 1739 3763 1794 Οἷ
3820 1761 3890 1814 γε

2243 1833 2348 1903 μὴν
2380 1828 2656 1896 Ἰουδαῖοι,
2689 1831 2823 1904 πρὸς
2867 1830 3090 1900 Δαρείου
3131 1833 3228 1883 τοῦ
3277 1831 3518 1902 πρώτου,
3552 1831 3627 1890 ὡς
3680 1827 3727 1882 δ’
3775 1826 3892 1884 ἔτε-

2241 1943 2347 1996 ροι,
2379 1922 2513 1996 πρὸς
2555 1921 2730 1993 Κόρου
2784 1922 2916 1991 μετὰ
2947 1915 3038 1988 ἔτη
3093 1916 3490 1992 ἑϐδομήκοντα,
3524 1923 3626 1984 τῆς
3677 1920 3889 1994 αἰχμα-

2239 2010 2445 2071 λωσίας
2479 2008 2749 2077 λυθέντες,
2779 2011 2878 2078 την
2930 2029 2987 2063 τε
3018 2007 3180 2063 πόλιν
3225 2013 3369 2086 σφῶν
3403 2010 3493 2062 καὶ
3541 2010 3602 2063 τὸ
3645 2009 3814 2082 ἱερὸν,
3848 2009 3888 2063 ἆ

2240 2097 2400 2153 Δαυὶδ
2447 2099 2536 2152 καὶ
2589 2096 2858 2171 Σολομῶν
2908 2095 3290 2170 ᾠκοδόμησαν,
3341 2098 3590 2172 ἤγειραν,
3639 2099 3731 2150 καὶ
3781 2104 3889 2167 τῆς

2239 2188 2493 2261 πατρῴας
2543 2187 2831 2261 θρησκείας
2865 2186 3018 2250 αὖθις
3065 2188 3412 2261 κατήρχοντο
3441 2205 3452 2218 ’
3506 2186 3568 2241 οὐ
3617 2185 3889 2260 βασιλικῇ

2243 2275 2521 2346 δυναστείᾳ
2551 2277 2637 2330 καὶ
2674 2275 2945 2346 πολιτείᾳ,
2981 2276 3054 2336 ὡς
3087 2277 3372 2350 πρότερον,
3407 2273 3534 2330 ἀλλ’
3561 2275 3893 2350 ἀριστοκρα-

2239 2370 2362 2438 τικῇ
2395 2367 2525 2437 μετὰ
2557 2364 2884 2439 ὀλιγαρχίας
2916 2365 3198 2438 χρώμενοι
3235 2381 3248 2393 ·
3283 2365 3333 2417 οἱ
3364 2365 3468 2438 γὰρ
3501 2365 3663 2437 ἱερεῖς
3698 2365 3889 2426 αὐτοῖς

2241 2458 2687 2528 προειστήκεισαν
2764 2458 2870 2508 τῶν
2945 2454 3300 2528 πραγμάτων.
3376 2454 3473 2507 Καὶ
3553 2453 3721 2527 μέχρι
3790 2453 3888 2525 μὲν

2236 2565 2382 2604 τινος
2436 2543 2619 2605 καλῶς
2685 2542 2868 2605 αὐτοῖς
2922 2563 3010 2596 και
3074 2541 3123 2614 ἐξ
3203 2541 3387 2614 οὐρίας
3442 2547 3508 2594 τὰ
3580 2543 3888 2616 πράγματα

2236 2632 2458 2708 ἤγοντο,
2511 2633 2727 2706 ὕστερον
2779 2630 2835 2686 δὲ
2893 2633 3128 2693 στάσεως
3187 2631 3238 2684 ἐν
3298 2636 3418 2692 τοῖς
3467 2629 3721 2694 δυνατοῖς
3769 2636 3881 2687 τῶν

2237 2721 2511 2777 Ἰουδαίων
2566 2721 2905 2794 ἐμπεσούσης
2939 2740 2951 2752 ·
3003 2721 3123 2775 καθ’
3169 2720 3228 2774 ὃν
3276 2721 3462 2793 καιρὸν
3515 2721 3804 2795 Ἀντιόχος
3847 2721 3877 2774 6

2234 2812 2536 2885 Ἐπιφανὴς
2587 2810 2710 2884 περὶ
2758 2817 2857 2879 τῆς
2905 2810 3042 2878 ὅλης
3095 2809 3293 2880 Συρίας
3342 2809 3478 2882 πρὸς
3529 2807 3874 2881 Πτολεμαῖον

2231 2903 2321 2955 τὸν
2352 2898 2508 2956 ἕκτον
2541 2898 2814 2974 διεφέρετο
2849 2918 2860 2930 ·
2915 2902 2948 2968 ἡ
2985 2896 3040 2953 δὲ
3088 2896 3364 2959 διάστασις
3395 2898 3483 2967 ἦν,
3515 2896 3598 2951 ὅτι
3645 2895 3874 2959 ἕκαστος

2231 2994 2337 3043 τῶν
2414 2994 2722 3067 περιφανῶν
2799 2991 2994 3058 ἥκιστα
3069 2991 3149 3058 τῷ
3224 2987 3406 3058 ὁμοίῳ
3485 2987 3870 3041 ὑποτάττεσθαι

2230 3077 2392 3145 ’ἤθελε
2427 3097 2439 3109 ·
2487 3082 2672 3150 κρατεῖ
2724 3077 2816 3149 μὲν
2863 3075 3035 3137 Ὀνίας
3086 3077 3114 3130 6
3164 3075 3469 3150 ἀρχιερεὺς,
3520 3076 3647 3136 τοὺς
3692 3070 3874 3129 Τωϐία

2231 3166 2426 3230 παῖδας
2475 3167 2724 3238 ἐξελάσας
2773 3175 2872 3237 τῆς
2916 3165 3132 3226 πόλεως
3166 3185 3178 3198 ⁶
3232 3168 3283 3220 ὁὶ
3341 3162 3388 3219 δ’
3442 3166 3730 3239 Ἀντίοχον
3779 3166 3869 3220 τὸν

479 3268 617 3325 pore
662 3251 984 3308 Antiochus
1040 3252 1370 3323 Epiphanes
1428 3252 1497 3306 de
1556 3260 1756 3307 cuncta
1806 3253 1969 3326 Syria
2025 3255 2117 3309 ad-

2233 3260 2499 3332 Ἐπιφανῇ
2548 3259 2685 3312 κατὰ
2730 3265 2829 3326 τῆς
2877 3255 3094 3318 πόλεως
3143 3253 3381 3329 ἄγονται,
3415 3253 3587 3309 πάλαι
3635 3255 3724 3308 καὶ
3772 3255 3878 3308 αὗ-

475 3356 677 3397 versus
729 3340 1094 3395 Ptolemaeum
1146 3344 1370 3395 sextum
1424 3340 1503 3410 (4)
1553 3340 1705 3396 bello
1765 3342 2118 3400 decertabat.

475 3433 654 3488 Causa
702 3445 832 3485 vero
887 3429 1269 3485 dissensionis
1306 3434 1447 3498 erat,
1479 3433 1629 3500 quod
1672 3448 1841 3487 nemo
1872 3433 2118 3503 optima-

481 3521 624 3576 tium
676 3519 884 3591 aequali
917 3523 973 3574 et
1016 3520 1274 3588 ejusdem
1309 3520 1482 3576 sortis
1515 3520 1735 3576 homini
1779 3522 1990 3592 subjici
2021 3530 2123 3578 aut

482 3624 685 3682 parere
713 3608 980 3665 voluerit.
1014 3608 1077 3663 Et
1123 3609 1298 3665 Onias
1348 3611 1580 3681 quidem
1618 3612 1895 3681 pontifex,
1929 3613 2122 3667 Tobiae

480 3697 678 3754 liberis
727 3697 868 3752 urbe
917 3697 1193 3768 expulsis,
1229 3699 1492 3770 superior
1538 3704 1679 3756 erat.
1715 3699 1802 3754 Illi
1845 3716 1972 3755 vero
2006 3705 2120 3755 An-

482 3787 739 3844 tiochum
773 3785 1126 3858 Epiphanem
1170 3788 1440 3843 adversus
1477 3789 1676 3843 urbem
1713 3789 1942 3856 duxere,
1971 3790 2121 3859 jam-

480 3877 703 3949 pridem
753 3892 859 3930 sua
909 3879 1112 3946 sponte
1156 3877 1395 3932 consilia
1440 3895 1505 3933 eo
1556 3878 1750 3932 animo
1781 3877 2119 3948 agitantem,

478 3971 536 4024 et
562 3970 841 4038 tanquam
875 3968 1255 4038 cupiditatem
1291 3969 1728 4038 parturientem,
1762 3974 1822 4023 ut
1853 3969 1996 4024 urbe
2027 3984 2119 4024 eo-

479 4072 606 4111 rum
641 4056 943 4126 potiretur.
973 4056 1346 4127 Ducibusque
1378 4057 1494 4112 illis
1541 4059 1742 4113 urbem
1776 4059 1946 4129 cepit,
1985 4075 2126 4130 prai-

483 4144 616 4200 dam
650 4144 886 4199 multam
917 4145 1050 4214 egit,
1085 4144 1303 4215 templo
1333 4162 1565 4218 quoque
1612 4147 1710 4203 Dei
1743 4147 1985 4218 spoliato
2018 4166 2030 4202 :
2067 4153 2124 4202 et

483 4232 819 4306 religionem
859 4234 936 4306 (5)
969 4249 1199 4288 omnem
1234 4251 1365 4288 cum
1400 4235 1650 4291 victimis
1681 4241 1736 4291 et
1764 4237 2121 4292 caeremoniis

482 4322 715 4378 sustulit
748 4322 846 4395 (6),
881 4324 948 4378 ad
982 4340 1164 4378 annos
1196 4328 1311 4378 tres
1351 4341 1481 4379 cum
1529 4325 1793 4380 dimidio.
1831 4327 2122 4381 Praeterie-

475 4416 609 4469 rant
637 4416 760 4467 tum
794 4412 929 4468 anni
954 4413 1363 4485 quadringenti
1389 4415 1809 4487 quinquaginta
1842 4416 2120 4486 quinque,

478 4518 547 4557 ex
585 4518 700 4573 quo
745 4501 995 4574 populus
1045 4503 1332 4576 Babylone
1379 4503 1486 4560 56
1538 4504 1801 4559 redierat.
1851 4504 2120 4558 Sedenim

2230 3349 2319 3402 τὸν
2349 3350 2485 3422 πρὸς
2510 3352 2672 3404 τοῦτο
2707 3345 3086 3420 κεκινημένον,
3116 3345 3206 3399 καὶ
3254 3343 3426 3399 πολὺν
3458 3342 3723 3398 ὠδίνοντα
3769 3350 3872 3412 τῆς

2234 3441 2382 3513 σνρῶν
2413 3438 2631 3498 πόλεως
2681 3431 2878 3507 ἔρωτα,
2911 3435 3001 3489 καὶ
3055 3435 3141 3511 ὑφ’
3191 3433 3452 3509 ἡγεμόσιν
3500 3431 3722 3493 ἐκείνοις
3770 3435 3870 3501 τήν

2229 3545 2285 3578 τε
2316 3523 2477 3579 πόλιν
2510 3525 2671 3598 αἱρεῖ,
2697 3525 2785 3578 καὶ
2819 3522 2970 3578 λείαν
3001 3521 3119 3597 ἄγει
3142 3520 3382 3590 πολλὴν,
3410 3520 3651 3590 συλήσας
3687 3521 3781 3592 μὲν
3813 3522 3877 3574 τὸ

2231 3616 2373 3688 ἱερὸν
2402 3618 2498 3668 τοῦ
2529 3617 2682 3682 Θεοῦ,
2715 3612 2922 3673 παύσας
2974 3609 3030 3665 δὲ
3069 3610 3160 3665 καὶ
3190 3611 3279 3664 τὸν
3333 3609 3619 3684 ἐναγισμὸν
3650 3609 3734 3663 ἐπ’
3778 3606 3873 3679 ἔτη

2227 3705 2349 3778 τρία
2378 3704 2514 3777 πρὸς
2545 3707 2624 3774 τῷ
2653 3701 2864 3776 ἡμίσει.
2898 3707 3018 3755 ’Έτι
3049 3721 3112 3772 γε
3146 3702 3252 3772 μὴν
3307 3696 3589 3772 παρῆλθον
3620 3702 3702 3769 τῷ
3748 3698 3877 3752 τότε

2229 3793 2320 3868 ἀφ’
2350 3793 2410 3846 οὒ
2461 3793 2487 3847 6
2537 3791 2669 3852 λαὸς
2717 3790 2977 3859 ἐπανῆκεν
3029 3788 3088 3844 ἒκ
3137 3783 3482 3855 Βαϐυλῶνος,
3533 3788 3689 3840 πέντε
3737 3787 3879 3860 πρὸς

2229 3883 2566 3950 πεντήκοντά
2608 3901 2665 3933 τε
2711 3881 2800 3933 καὶ
2844 3877 3392 3953 τετρακόσιαθονίας
3447 3873 3628 3947 μέντοι
3682 3872 3874 3947 διαφυ-

2229 3947 2654 4045 γὼνρπρόσεισι
2707 3947 3055 4038 Πτολεμαίῳ,
3106 3947 3502 4033 ’ὅς’τηνικαῦτα
3557 3961 3694 4034 πρὸς
3753 3963 3872 4017 Ἀν-

2227 4057 2418 4132 τίοχον
2455 4055 2723 4134 διεφέρετο
2755 4074 2766 4086 ⁶
2801 4056 2888 4110 καὶ
2920 4054 2972 4109 ἐν
3011 4059 3090 4125 τῷ
3137 4050 3534 4125 Ἡλιουπολίτῃ
3566 4050 3724 4120 νομῷ
3769 4049 3870 4103 πό-

2233 4146 2320 4201 λιν
2371 4145 2550 4219 ὲτὲραν
2597 4144 2687 4198 καὶ
2734 4145 2867 4198 νεὼν
2919 4141 3276 4210 ὰντανίστησι,
3328 4139 3464 4194 κατὰ
3519 4138 3694 4192 πάντα
3752 4142 3872 4198 τοῖς

2231 4235 2283 4289 ἐν
2324 4233 2729 4309 Ἱεροσολύμοις
2774 4231 3158 4302 ἀπεικασμένα.
3211 4234 3267 4284 '0
3327 4226 3372 4282 δ’
3432 4227 3717 4300 Ἀντίοχος
3769 4227 3871 4280 ὑπὸ

2231 4324 2488 4398 ἀκρασίας
2542 4325 2724 4394 μεῖζον
2777 4323 3071 4395 φρονήσας,
3112 4319 3178 4372 τά
3225 4339 3281 4372 τε
3330 4317 3529 4390 πάτρια
3581 4313 3868 4375 Ἰουδαίοις

2230 4411 2406 4466 ἔπειθε
2454 4417 2718 4486 παρορᾷν,
2775 4411 2865 4465 καὶ
2925 4414 3016 4470 σῦς
3081 4409 3173 4481 μὲν
3231 4412 3310 4478 τῷ
3372 4408 3548 4480 βωμῷ
3603 4404 3866 4471 ἐπιθύειν,

2229 4501 2577 4574 ἀπερίτμητα
2607 4499 2664 4556 δὲ
2710 4502 2800 4555 καὶ
2831 4501 2898 4554 τὰ
2950 4498 3122 4575 βρέφη
3175 4494 3448 4570 διατηρεῖν
3485 4513 3497 4524 ·
3549 4494 3637 4548 καὶ
3677 4493 3868 4553 ἅπλῶς

476 4591 648 4646 Onias
696 4592 765 4646 ad
815 4590 1188 4647 Ptolemaeum
1242 4594 1516 4664 profugit,
1570 4595 1664 4665 qui
1713 4598 1831 4648 tum
1880 4595 1950 4649 ab
1998 4597 2116 4650 An-

2232 4597 2400 4645 πᾶσαν
2427 4595 2526 4659 τήν
2555 4590 2789 4663 νομικὴν
2841 4587 3115 4644 διαπτύειν
3146 4584 3420 4660 λατρείαν,
3452 4587 3525 4643 ὡς
3575 4579 3732 4637 οὐδὲν
3785 4582 3873 4634 οὗ-

471 4680 664 4737 tiocbo
697 4679 1034 4749 dissidebat,
1066 4682 1208 4736 etin
1257 4682 1732 4754 HeliOpolitarum
1777 4684 2117 4755 praefectura

471 4771 674 4826 urbem
727 4770 898 4824 aliam
950 4777 1006 4824 et
1055 4771 1337 4842 templum
1390 4773 1602 4838 condit,
1637 4775 1926 4844 structura
1955 4771 2112 4826 omni

471 4860 540 4915 ad
587 4874 709 4914 eam
763 4875 889 4929 quae
936 4860 1351 4932 Hierosolymis
1399 4868 1540 4928 erat,
1592 4862 1962 4916 conformata.
2001 4865 2108 4914 An-

474 4947 698 5004 tiochus
719 4965 888 5019 porro
919 4966 986 5003 ex
1017 4949 1241 5004 luxuria
1271 4957 1325 5005 et
1356 4952 1801 5022 intemperantia
1831 4954 2108 5021 majorem

471 5037 529 5091 in
582 5037 818 5092 modum
872 5053 1170 5108 arrogans,
1201 5038 1416 5092 Judazis
1449 5041 1776 5111 persuadet,
1802 5047 1862 5094 ut
1894 5041 2110 5110 patrios

466 5125 612 5182 ritus
657 5127 997 5198 despiciant,
1029 5143 1162 5182 sues
1205 5129 1275 5182 ad
1326 5145 1457 5183 aras
1490 5145 1593 5200 pro
1623 5129 1874 5184 victimis
1903 5129 2110 5184 immo-

537 5269 613 5338 (1)
682 5269 1066 5325 Macedonum
1144 5270 1576 5342 chronographi
1644 5273 1981 5328 Ptolemisos
2052 5274 2104 5326 in

467 5340 709 5464 Ᾰὲῗὲριᾶι
743 5357 1011 5422 regnasse
1042 5343 1277 5423 tradunt
1306 5340 1399 5398 an:
1431 5340 1557 5398 296.

709 5419 962 5464 ustinus.
1017 5413 1116 5464 lib.
1169 5430 1292 5464 xui.
1341 5415 1411 5464 de
1468 5416 1557 5464 Pei

535 5356 709 5479 ῗέριο
743 5357 1011 5422 regnasse
1042 5356 1277 5423 tradunt
1306 5360 1399 5398 an.
1431 5356 1557 5398 290.
1619 5415 1630 5428 θ

535 5414 616 5486 _)
671 5411 962 5486 Justinus,
1017 5413 1116 5469 lib.
1169 5430 1292 5482 xui,
1341 5415 1411 5469 de
1468 5416 1738 5471 Perdicca
1794 5415 2039 5486 loquens
2091 5433 2103 5486 ξ

474 5503 500 5530 ‹‹
534 5482 694 5537 Inter
723 5483 1031 5554 principes,
1065 5486 1277 5554 inquit,
1311 5487 1637 5556 provincias
1678 5482 1899 5552 dividit,
1933 5485 2107 5540 simul

472 5559 894 5630 ut_re_maneret
940 5557 1289 5630 a3mulus,_et
1319 5574 1536 5630 munus
1587 5561 1815 5630 imperii
1846 5557 2105 5614 beneﬁcii

469 5626 559 5706 sui
591 5627 855 5706 faceret;
891 5628 1075 5696 primo
1116 5627 1422 5706 Ptolemaeo
1462 5626 1757 5706 Egyptus,
1786 5635 1857 5706 et‘
1885 5631 2105 5706 Africa},

469 5697 809 5767 Arabiaque
846 5713 983 5769 pars
1030 5707 1182 5756 sorte
1228 5701 1405 5769 venit,
1437 5721 1466 5750 »
1504 5697 1621 5757 eth
1648 5697 1914 5760 Chronioi
1962 5701 2108 5758 acri-'-

2227 4701 2341 4751 σαν,
2383 4679 2740 4736 ἐνεκελεῦετο.
2789 4675 3063 4755 Βακχίδης
3098 4673 3154 4731 δὲ
3183 4696 3263 4736 τις
3316 4675 3574 4747 ὑπουργεῖ
3619 4675 3699 4742 τῷ
3749 4669 3870 4725 δυσ-

2223 4767 2352 4838 σεϐή
2367 4790 2512 4841 ματι,
2549 4770 2684 4840 ἀνὴρ
2720 4766 2908 4838 μανίας
2941 4763 3093 4819 οὐδὲν
3147 4761 3441 4819 ἐλλείπων.
3473 4764 3670 4816 Τοῦτον
3723 4763 3863 4816 Ματ-

2223 4858 2336 4920 θίας
2387 4859 2800 4929 Ἀσσαμωναίου
2851 4861 3000 4922 παῖς,
3033 4859 3139 4908 τῶν
3189 4853 3377 4925 ἱερέων
3411 4847 3468 4904 δὲ
3498 4852 3575 4909 εἷς
3625 4848 3866 4924 ἐτύγχα-

2222 4970 2308 5003 νεν
2350 4949 2443 5019 ὢν,
2503 4948 2699 5021 κώμης
2741 4943 3002 5019 Μωδεεὶμ
3059 4941 3234 5015 ὄνομα
3267 4962 3280 4974 '
3341 4941 3667 4999 συνασπίσας
3731 4939 3863 5010 μετὰ

2219 5044 2326 5094 τῶν
2383 5036 2610 5105 παίδων,
2672 5036 2825 5092 πέντε
2883 5034 2940 5090 δὲ
2995 5037 3151 5104 ἦσαν,
3211 5031 3425 5087 κοπίσιν
3506 5029 3712 5103 ἂναιρεῖ
3768 5029 3860 5084 τὸν

2222 5127 2496 5204 Βακχίδην
2531 5147 2542 5160 ·
2596 5127 2687 5182 καὶ
2728 5123 2927 5196 δείσας,
2977 5126 3045 5179 τὰ
3098 5123 3468 5196 μετεωρότεροι
3508 5112 3861 5189 κατελάμϐα-

2219 5283 2412 5346 ptores
2463 5277 2761 5332 Medorum
2806 5271 3114 5346 imperium
3152 5269 3402 5346 durasse
3451 5268 3653 5346 notant
3691 5261 3858 5346 augis

2217 5335 2344 5415 265,
2380 5348 2486 5416 vel,
2523 5353 2587 5403 ut
2618 5346 2715 5402 alii
2750 5335 2964 5412 volunt,
2994 5343 3118 5396 292.
3151 5341 3481 5405 Persarum,
3515 5337 3688 5391 annis
3736 5335 3858 5388 231.

2287 5419 2366 5494 (3)
2398 5423 2436 5494 ζ
2450 5421 2747 5494 E_sd_raa_v1.

2286 5479 2363 5556 (li)
2399 5491 2530 5547 Fuit
2561 5491 2610 5546 is
2644 5488 2984 5544 Ptolemaeus
3014 5485 3313 5555 Evergetes
3344 5479 3653 5535 secundus.

2225 5707 2232 5714 .
2398 5563 2634 5776 idhglzif?
2659 5577 2834 5688 (latium
2866 5627 3080 5698 templo
3129 5625 3432 5698 imposuit.
3466 5619 3727 5694 (Joseph.
3756 5618 3856 5678 lib.

2225 5722 2318 5776 ιιι,
2348 5721 2474 5776 cap.
2546 5747 2559 5761 .

2215 5722 2318 5777 xii,
2348 5721 2474 5778 cap.
2506 5721 2559 5761 ο,
