4096 6284
229 403 348 463 641

1288 402 1907 470 ΕΟΟΕΕΞΙΑεΤΙΟιΕ
1949 400 2342 466 ΗΙΞΤΟΗΙιΕ
2380 403 2528 464 LIB.
2576 402 2626 465 Ι.

3523 404 3644 467 642

232 561 340 598 νεν.
391 541 622 596 Ἔπειτα
671 537 730 595 δέ
775 541 862 595 καὶ
913 540 1219 614 στράτευμα
1263 540 1564 615 ἠθροικὼς,
1635 539 1879 594 κάτεισι·

1999 540 2138 606 lent,
2188 539 2444 595 infantes
2502 538 2937 596 incircumcisos
2999 537 3353 611 relinquant,
3401 541 3652 614 denique

235 629 330 686 καὶ
385 624 686 703 συμϐαλὼν
750 628 937 704 μάχην
994 633 1183 703 κρατεῖ
1228 630 1356 691 τοὺς
1404 629 1528 703 περὶ
1577 629 1889 704 Ἀντίοχον,

233 719 329 774 καὶ
361 717 591 793 αἶσχιτα
623 722 722 784 τῆς
757 717 972 779 πόλεως
1002 717 1313 788 ἀπελαύνει,
1353 719 1445 774 καὶ
1495 723 1593 774 τοῦ
1633 719 1890 796 σφετέρου

237 805 431 870 ἔθνους
461 805 626 883 ἄρχει
657 808 874 868 ἑκόντος
900 827 914 840 ο
955 805 1182 876 τελευτᾷ
1211 805 1269 862 δὲ
1297 807 1364 861 ού
1406 806 1604 879 πολλῷ
1643 807 1888 882 ὕστερον,

238 895 424 968 Ἰούδᾳ
451 901 534 969 τῷ
562 892 920 971 πρεσϐυτέρῳ
947 901 1056 952 τῶν
1094 893 1301 951 παίδων
1341 895 1520 951 λιπὼν
1552 897 1653 965 τήν
1685 895 1886 972 ἀρχήν.

242 984 414 1048 Οὗτος
441 1006 502 1061 γε
545 987 651 1055 μὴν
687 982 880 1045 δεδιὼς
907 985 998 1040 τὸν
1035 985 1336 1059 ’Δντίοχον,
1375 983 1516 1057 μηδέ
1543 987 1644 1061 γὰρ
1675 987 1890 1060 ἠρεμή-

245 1090 357 1124 σειν
388 1068 588 1123 ἐκεῖνον
641 1066 804 1140 ᾤετο,
838 1065 1064 1142 δύναμίν
1109 1089 1167 1124 τε
1203 1070 1305 1138 τὴν
1345 1067 1648 1146 ἐπιχώριον
1697 1068 1893 1141 ἤθροι-

247 1163 348 1228 ζεο
398 1157 492 1212 καὶ
548 1158 686 1232 πρὸς
736 1157 958 1232 Ῥώμην
1007 1153 1260 1231 πρέσϐεις
1311 1161 1528 1232 πρῶτος
1577 1155 1894 1232 διαπεμψά-

250 1267 436 1320 μενος,
499 1251 615 1308 τοῖς
683 1252 1010 1322 στρατηγοῖς
1079 1245 1293 1300 ἐκείνων
1352 1243 1662 1302 ἐσπένδετο.
1720 1247 1892 1309 Οὗτος

243 1336 336 1390 καὶ
371 1340 453 1407 τῷ
485 1332 790 1412 διαφέροντι
842 1340 939 1390 τοῦ
981 1330 1316 1408 σεϐάσματος
1343 1335 1404 1390 τό
1442 1355 1501 1390 τε
1539 1335 1683 1410 ἱερὸν
1728 1335 1892 1390 ἑκκα-

245 1427 448 1500 θαίρει,
505 1426 596 1480 καὶ
643 1425 798 1480 καινά
845 1425 1008 1495 σκεύη
1057 1430 1127 1499 τῇ
1177 1425 1369 1496 θουσίᾳ
1411 1423 1718 1499 ἐγκαθιστᾷ.
1769 1424 1892 1480 Ἐπὶ

242 1515 464 1577 τούτοις
495 1515 522 1568 6
555 1514 649 1588 μὲν
696 1514 980 1590 ’Δντίοχος
1026 1511 1278 1569 ἐτελεύτα
1303 1536 1314 1547 ·
1363 1515 1391 1568 6
1433 1513 1491 1568 δὲ
1531 1519 1657 1577 παῖς
1703 1513 1889 1582 αὐτοῦ,

247 1603 535 1681 ’Δντίοχος
596 1601 654 1658 δέ
713 1605 803 1657 καὶ
851 1604 1018 1666 αὐτος
1073 1603 1414 1677 ὠνομάζετο,
1465 1603 1638 1679 στίφει
1686 1602 1894 1677 ἀπείρῳ

241 1699 364 1754 τοῖς
426 1689 716 1756 Ἰουδαίοις
773 1692 1047 1772 ἐφίστατο.
1127 1691 1500 1767 Συῤῥαγείσης
1555 1690 1737 1746 τοίνυν
1790 1698 1891 1759 τῆς

249 1781 469 1859 μάχης,
520 1781 795 1856 ὑπεχώρει
855 1781 1008 1842 αὖθις
1053 1783 1288 1859 φρουράν
1334 1783 1403 1855 τῇ
1454 1780 1614 1836 πόλει
1663 1777 1894 1834 καταλι-

1997 637 2060 683 ut
2092 629 2317 683 cultum
2369 627 2514 697 legis
2565 643 2800 683 omnem
2833 633 3110 699 tanquam
3162 644 3282 684 rem
3331 629 3501 685 nihili
3551 632 3652 686 de-

1995 723 2231 789 spuant,
2257 717 2516 772 mandat.
2552 716 2864 773 Bacchides
2919 721 3109 774 autem
3143 718 3398 788 quidam,
3433 719 3645 792 impie-

1997 807 2132 862 tatis
2165 807 2294 875 ejus
2327 805 2674 860 administer
2703 810 2850 872 erat,
2883 807 2967 860 vir
2997 807 3094 877 qui
3122 807 3192 862 ad
3225 824 3523 864 summam
3556 809 3642 866 in-

1997 897 2222 950 saniam
2283 893 2432 950 nihil
2484 894 2716 951 fecisset
2765 894 2994 966 reliqui.
3038 895 3201 951 Hunc
3248 895 3518 952 Matthiae
3567 901 3646 970 (1)

1995 984 2351 1040 Assamomei
2384 983 2535 1038 ﬁlius
2565 984 2590 1056 (
2622 984 2725 1038 fuit
2753 985 2804 1040 is
2835 1001 2903 1039 ex
2933 985 3332 1040 sacerdotibus
3367 1003 3542 1053 unus,
3577 1003 3645 1042 ex

1995 1073 2120 1128 vico
2151 1075 2246 1130 cui
2279 1088 2485 1129 nomen
2517 1078 2642 1129 erat
2673 1073 2919 1128 Modeim
2943 1075 3130 1146 ortus)
3177 1075 3417 1130 armatis
3448 1091 3648 1132 secum

1999 1163 2257 1234 quinque
2289 1161 2426 1218 ﬁliis
2466 1163 2721 1218 occidit:
2765 1166 2822 1218 et
2866 1179 2968 1234 per
3015 1169 3235 1219 metum
3294 1162 3420 1220 loca
3468 1180 3648 1236 supe-

1999 1251 2154 1306 riora
2192 1252 2363 1322 capit.
2417 1250 2579 1306 Unde
2624 1256 2822 1320 postea
2869 1267 3048 1306 manu
3092 1257 3447 1308 armatorum
3495 1269 3645 1310 con-

1999 1343 2182 1394 tracta
2217 1339 2536 1404 descendit,
2580 1338 2890 1411 pretioque
2936 1340 3252 1397 commisso
3290 1341 3643 1398 Antiochum

1997 1427 2199 1492 vincit,
2225 1428 2658 1499 fosdissimeque
2684 1429 2826 1484 urbe
2856 1428 3106 1498 expellit.
3159 1429 3213 1485 ls
3263 1429 3643 1502 popularibus

1999 1517 2146 1583 suis,
2182 1520 2247 1571 ut
2278 1516 2568 1588 princeps,
2597 1532 2708 1572 non
2733 1516 2928 1573 invitis
2952 1522 3159 1588 praeest
3183 1534 3198 1572 :
3232 1519 3504 1592 brevique
3526 1535 3646 1576 mo-

2000 1605 2168 1671 ritur,
2195 1605 2362 1661 Judss
2396 1605 2649 1661 maximo
2682 1611 2823 1662 natu
2865 1606 2982 1661 filio
3032 1623 3225 1662 rerum
3276 1607 3644 1664 administra-

1999 1695 2156 1752 tione
2199 1696 2421 1752 relicta.
2472 1695 2654 1751 Judas
2704 1696 2779 1767 (2)
2830 1713 3000 1768 porro
3039 1698 3388 1754 Antiochum
3431 1698 3648 1754 timens

1998 1784 2268 1854 (minime
2307 1785 2461 1841 enim
2510 1783 2676 1839 illum
2724 1784 3062 1856 quieturum
3112 1787 3371 1857 putabat)
3405 1786 3645 1843 militem

243 1868 390 1925 πῶν.
435 1865 640 1930 Ἰούδας
698 1865 776 1936 δὲ,
832 1873 952 1931 ταῖς
1007 1869 1285 1929 τοιαύταις
1347 1869 1550 1941 μάχαις
1609 1865 1889 1940 ἀναφανεὶς

2003 1891 2067 1927 ex
2100 1871 2477 1944 p0pularibus
2505 1873 2823 1930 conscribit
2855 1890 2868 1928 :
2922 1878 2978 1929 et
3003 1877 3226 1946 primus
3273 1876 3480 1948 legatie
3529 1876 3644 1933 Ro-

245 1955 493 2031 ἅριστος,
539 1956 630 2012 καὶ
670 1955 917 2020 πολλοὺς
952 1961 1062 2012 τῶν
1105 1956 1395 2035 Ἀντιόχου
1436 1961 1515 2028 τῷ
1562 1956 1700 2034 ξίφει
1750 1956 1889 2010 ὓπα-

243 2047 458 2121 γαγὼν,
504 2045 556 2108 ἐς
616 2044 836 2122 ὕστερον
893 2046 982 2101 καὶ
1029 2046 1187 2106 αὐτὸς
1235 2045 1580 2122 ἀναιρεῖται.
1640 2047 1776 2117 πρὸς
1832 2043 1890 2099 δὶ

243 2135 337 2189 καὶ
393 2136 422 2189 6
469 2133 702 2210 ἀδελφὸς
753 2137 1018 2206 Ἰωάννης.
1071 2140 1134 2191 Ἦ
1187 2133 1243 2190 δέ
1289 2134 1438 2214 ἀρχὴ
1489 2133 1694 2188 ἐκείνου
1751 2134 1887 2209 πρὸς

243 2224 507 2294 Ἰωνάθην
552 2219 830 2298 μετέϐαινε
857 2225 950 2279 τὸν
980 2221 1161 2298 ἕτερον
1208 2222 1440 2303 ἀδελφόν
1473 2241 1486 2254 ⁸
1523 2225 1581 2286 ὃς
1616 2221 1752 2292 δῆτα
1787 2224 1887 2292 τὴν

242 2314 388 2389 πρὸς
443 2313 747 2386 Ῥωμαίους
806 2313 994 2392 φιλίαν
1049 2311 1357 2386 ἐπιμᾶλλον
1430 2311 1888 2392 ἀσφαλισάμενος,

243 2400 337 2456 καὶ
369 2401 505 2475 πρὸς
534 2402 626 2456 τὸν
659 2401 946 2479 ’Δντιόχου
977 2398 1145 2456 παῖδα
1174 2401 1269 2462 τὰς
1291 2398 1594 2478 διαλλαγὰς
1627 2400 1887 2468 ἐποιεῖτο,

244 2491 378 2564 παρ’
408 2491 456 2562 ᾦ
485 2490 574 2545 καὶ
623 2489 858 2567 φιλικῶς
905 2489 1234 2558 καταλύσας,
1274 2491 1410 2565 πρὸς
1445 2494 1543 2545 τοῦ
1592 2489 1888 2564 ἐπιτρόπου

245 2579 534 2656 Τρύφωνος
575 2579 866 2656 φθείρεται,
917 2581 1012 2636 τοῦ
1057 2577 1294 2657 ἀδελφοῦ
1347 2583 1458 2653 μετ’
1508 2578 1708 2634 ἐκείνον
1756 2599 1886 2652 κρα-

243 2673 513 2739 τήσαντος
549 2671 798 2742 Σίμωνος
827 2691 840 2705 ·
875 2671 935 2732 ’ὸς
967 2669 1034 2741 δὴ
1075 2671 1166 2726 καὶ
1203 2671 1456 2746 γενναίως
1507 2669 1888 2748 ἀφηγούμενος

246 2763 355 2814 τῶν
401 2759 756 2834 πραγμάτων,
807 2761 1085 2836 Ἀντιόχῳ
1137 2761 1434 2834 σύμμαχος
1475 2761 1679 2835 γίνεται
1722 2777 1885 2834 στρα-

246 2847 462 2904 τεύοντι
506 2849 642 2904 κατά
691 2849 1006 2925 Τρύφωνος,
1047 2849 1197 2921 αὐτῷ
1233 2851 1284 2904 οἱ
1333 2848 1760 2910 ἐπαναστάντος·
1796 2846 1887 2901 καὶ

253 2935 547 3009 συνεξελὼν
600 2940 867 3015 Τρύφωνα
919 2937 1174 3013 οὐδαμῶς
1223 2939 1424 2995 ἐκεῖνον
1474 2937 1608 3016 φίλα
1655 2937 1712 2992 οἱ
1752 2955 1886 3014 φρο-

249 3031 440 3082 νοῦντα
487 3025 630 3102 ἔγνω
682 3026 734 3089 ἐς
794 3029 1052 3103 ὕστερον
1098 3025 1410 3084 Κενδεϐαῖον
1445 3027 1546 3104 γὰρ
1583 3028 1676 3082 τὸν
1723 3025 1888 3080 αὐτοῦ

251 3117 558 3190 στρατηγὸν
591 3116 834 3190 πέμψας,
869 3115 1035 3192 δῃοῦν
1067 3139 1125 3173 τε
1169 3120 1264 3188 τὴν
1309 3114 1570 3172 Ἰουδαίαν
1613 3114 1885 3183 ἐπέταττε,

249 3208 337 3260 καί
370 3206 599 3277 Σίμωνα
648 3207 966 3283 ὑποχείριον
999 3204 1171 3285 ἄγειν.
1209 3209 1269 3264 Ὀ
1313 3204 1368 3261 δὲ
1416 3204 1684 3280 λαμπρῶς
1725 3206 1889 3274 νική-

246 3315 340 3358 σας
375 3295 468 3350 τὸν
527 3291 870 3363 Κενδεϐαῖον,
925 3297 1288 3372 μυριάριθμον
1338 3293 1674 3371 ἐπαγόμενον
1713 3293 1882 3366 στρά-

245 3404 440 3456 τευμα,
497 3385 694 3446 πάσαις
761 3380 1046 3446 ἐπιϐολαῖς
1094 3387 1194 3450 τῆς
1249 3389 1355 3439 τῶν
1405 3379 1724 3438 Μακεδόνων
1769 3380 1882 3434 ἐπι·

251 3472 500 3546 κρατείας
534 3474 598 3528 τὸ
645 3472 928 3548 ὁμόφυλον
975 3472 1274 3530 ἀπαλάττει
1326 3473 1459 3546 μετά
1507 3467 1885 3543 ἐϐδομήκοντα

251 3560 342 3630 ἐτη
373 3561 468 3616 καὶ
499 3563 689 3617 ἑκατόν
721 3582 733 3596 ο
775 3564 864 3617 καὶ
911 3562 1198 3638 ἀρχιερεὺς
1240 3561 1635 3618 ἀναδείκνυται.
1680 3559 1884 3632 Μικρὸν

253 3649 296 3705 δ’
326 3651 549 3726 ὕστερον
581 3653 668 3706 καὶ
701 3652 861 3714 οὗτος
894 3653 922 3708 6
953 3652 1137 3724 Σίμων
1173 3652 1274 3707 ὑπὸ
1305 3655 1402 3708 τοῦ
1446 3644 1698 3727 γαμϐροῦ
1749 3655 1887 3703 Πτο-

255 3739 489 3812 λεμαίου
537 3739 590 3794 ἐν
631 3740 921 3814 συμποσίῳ
952 3743 1214 3796 κτίννυται
1248 3759 1261 3772 ·
1308 3741 1366 3804 ’ὸς
1397 3737 1463 3810 δὴ
1517 3737 1887 3811 Πτολεμαῖος,

253 3831 348 3896 τήν
375 3847 436 3880 τε
465 3832 694 3900 γυναῖκα
721 3826 968 3890 καὶτοὺς
1021 3825 1116 3882 δύο
1165 3825 1361 3891 παῖδας
1409 3825 1710 3900 καθείρξας,
1763 3824 1889 3880 Ἰω-

253 3915 414 3987 άννην
437 3916 532 3970 τὸν
568 3916 770 3990 τρίτον,
811 3915 870 3978 ὃς
917 3917 1007 3971 καὶ
1048 3917 1298 3992 Ὑρκανὸς
1347 3915 1619 3982 ἐκαλεῖσο,
1663 3913 1885 3968 κτείνειν

251 4005 540 4078 ἐξέπεμπε.
601 4006 798 4060 Φθάνει
841 4026 904 4082 γε
955 4007 1062 4078 μὴν
1113 4003 1347 4068 ἐκτεῖνος
1384 4008 1482 4076 τήν
1526 4003 1613 4060 ἐπὶ
1661 4003 1888 4058 θάνατον

248 4094 622 4168 ἀπαγόμενος,
668 4095 767 4163 τήν
812 4092 1178 4168 Ἰερουσαλὴμ
1224 4095 1406 4150 εἰσιών
1440 4113 1454 4127 ο
1500 4095 1586 4149 καὶ
1636 4094 1736 4162 τὴν
1786 4111 1889 4145 πα·

246 4184 429 4259 τρῴαν
488 4183 898 4258 ἀρχιερωσύνην
959 4181 1267 4257 δεξάμενος,
1325 4183 1442 4255 Θεῷ
1497 4203 1555 4238 τε
1610 4181 1773 4244 θύσας
1824 4179 1892 4236 τὰ

249 4275 610 4347 χαριστήρια,
651 4273 822 4348 τάχος
862 4273 987 4328 ὅσον
1036 4273 1122 4329 ἐπὶ
1172 4274 1264 4329 τὸν
1315 4272 1656 4346 Πτολεμαῖον
1706 4270 1888 4346 ὥρμα,

246 4363 590 4437 τιμωρήσων
617 4365 688 4436 τῇ
723 4363 890 4436 μητρὶ
929 4363 1018 4418 καὶ
1056 4367 1174 4427 τοῖς
1216 4359 1473 4438 ἀδελφοῖς
1499 4407 1512 4420 ,
1555 4359 1708 4416 Ἀλλ’
1749 4358 1893 4415 ἐκεί-

247 4471 370 4513 νους
406 4451 525 4524 μὲν,
570 4450 914 4524 ἀμυνόμεσος
960 4452 1055 4506 τὸν
1103 4452 1380 4525 Ὑρκανὸν,
1430 4447 1630 4506 ἔκτεινε
1679 4447 1893 4504 Πτολε-

251 4546 450 4615 μαῖος·
485 4542 515 4595 6
547 4537 596 4594 6’
625 4538 692 4594 αὖ
721 4561 783 4617 γε
810 4539 930 4605 νέος
973 4540 1258 4619 ’Δντίοχος
1302 4541 1418 4596 κατ’
1469 4538 1638 4614 ὀργὴν
1681 4537 1754 4592 ὧν
1791 4537 1892 4592 ὑπὸ

251 4631 515 4703 Σίμωνος
567 4627 801 4684 πέπονθε
855 4633 953 4684 τοῦ
1009 4631 1212 4704 πατρὸς
1271 4632 1549 4702 Ὑρκανοῦ,
1599 4625 1735 4682 κατά
1779 4630 1890 4681 τῶν
1927 4650 1968 4713 D

250 4715 655 4793 Ἰεροσολύμων
717 4715 867 4779 αὖθις
934 4716 1264 4794 ἐστράτευεν.
1360 4717 1612 4792 Ὑρκανὸς
1681 4714 1738 4770 δὲ
1796 4715 1891 4770 τὸν

250 4805 485 4862 Δαυΐδου
540 4805 709 4885 τάφον
756 4807 991 4878 ἀνοίξας,
1047 4805 1372 4882 τριακοσίων
1428 4803 1708 4861 ταλάντων
1768 4798 1893 4859 ἔλυε

249 4896 348 4963 τὴν
403 4892 756 4967 πολιορκίαν.
803 4895 892 4956 Ἐς
939 4893 1156 4969 ὕστερον
1209 4891 1256 4949 δ’
1299 4893 1754 4969 ἐνευπραγήσαντι
1801 4892 1891 4946 καὶ

252 4981 474 5053 πολλὴν
531 4979 959 5058 περιϐαλομένῳ
1028 4985 1242 5064 χώραν,
1314 4981 1745 5061 ’Δριστοῦούλου
1802 4984 1889 5038 καὶ

253 5072 572 5148 ’Δντιγόνου
599 5076 707 5128 τῶν
742 5071 895 5128 ἰδίων
925 5072 1134 5129 παίδων
1177 5078 1689 5150 συστρατηγούντων
1723 5071 1890 5144 αὐτῷ,

255 5161 450 5236 φθόνος
482 5161 618 5235 πρὸς
667 5164 774 5216 τῶν
820 5159 1135 5240 ἐπιχωρίων
1181 5160 1441 5240 ἐγείρεται
1494 5161 1785 5238 μέγιστος·
1818 5159 1894 5221 είς

254 5247 534 5325 προῦπτον
564 5247 610 5304 δ’
641 5249 1032 5325 ἐκριπισθέντες
1067 5250 1252 5324 ἐκείνῳ
1290 5251 1556 5326 πόλεμον,
1607 5252 1891 5322 ἥττηνται.

324 5413 402 5486 (1)
433 5413 536 5486 ilio
567 5416 870 5472 Matathias
898 5414 958 5472 in
992 5415 1136 5472 libro
1162 5415 1421 5486 Machah,
1455 5416 1686 5472 dicitur.

346 5485 404 5544 2)
431 5485 454 5540 l
483 5485 746 5544 Machab.
782 5503 901 5544 vui.

349 5555 406 5629 3)
431 5557 752 5615 Antiochus
774 5559 1045 5629 Eupator.

325 5626 400 5698 (ι)
428 5629 750 5686 Antiochus
778 5626 960 5686 Boter.

329 5697 406 5771 (5)
435 5699 728 5774 Tryphon,
775 5702 1076 5759 interfecto
1143 5700 1444 5772 Antiocho,
1493 5716 1738 5775 regnum
1786 5701 1896 5776 Sy-

2001 1978 2157 2016 mam
2187 1961 2404 2029 missis,
2437 1979 2572 2018 cum
2607 1963 2884 2018 Romanis
2907 1964 3156 2020 ducibus
3188 1982 3391 2038 pacem
3423 1965 3638 2022 fmdus-

1999 2067 2111 2122 que
2143 2051 2473 2122 paciscitur.
2507 2050 2664 2106 Idem
2701 2068 2802 2122 pro
2831 2053 3046 2124 insigni
3082 2053 3289 2124 pietate
3327 2071 3455 2123 sua,
3487 2060 3638 2110 tem-

2001 2137 2158 2209 plum
2190 2139 2365 2195 simul
2397 2145 2689 2211 repurgat,
2718 2145 2776 2194 et
2818 2156 2951 2196 vasa
2999 2158 3145 2197 nova
3191 2143 3262 2198 ad
3317 2143 3640 2200 sacriﬁcio-

2001 2243 2128 2283 rum
2163 2245 2336 2283 usum
2387 2233 2674 2299 procurat.
2724 2229 2950 2284 Interea
2999 2231 3318 2287 Antiochus
3365 2232 3639 2298 moritur,

1999 2321 2056 2372 et
2094 2318 2250 2373 {ilius
2279 2319 2411 2387 ejus
2459 2316 2752 2388 (Antiochi
2779 2316 2858 2389 (3)
2909 2319 2961 2374 ei
2993 2334 3224 2390 quoque
3257 2337 3470 2376 nomen
3512 2321 3644 2392 fuit)

1999 2422 2134 2462 cum
2169 2407 2417 2462 maximo
2447 2406 2705 2462 exercitu
2743 2413 2946 2462 contra
2973 2407 3211 2464 Judmos
3249 2409 3638 2480 progreditur,

1997 2494 2307 2566 preelioque
2331 2495 2646 2551 commisso
2678 2496 3010 2564 retrocsdit,
3061 2501 3118 2552 et
3166 2501 3387 2568 partem
3437 2498 3638 2569 copia-

1999 2601 2126 2639 rum
2160 2587 2228 2639 ad
2259 2584 2620 2640 obsidionem
2669 2584 2827 2640 urbis
2877 2585 3174 2656 relinquit.
3226 2585 3310 2642 lbi
3359 2587 3523 2643 Judte
3570 2586 3632 2643 in

2000 2673 2211 2744 prmliis
2242 2672 2511 2728 omnibus
2541 2672 2725 2728 virtus
2759 2675 2816 2728 in
2848 2673 3052 2745 primis
3081 2673 3313 2742 enituit,
3349 2676 3445 2746 qui
3495 2692 3630 2732 cum

1999 2762 2222 2817 fortiter
2251 2760 2560 2827 dimicans,
2594 2762 2810 2817 multos
2849 2778 2917 2818 ex
2964 2761 3234 2818 hostibus
3281 2762 3430 2819 ferro
3477 2765 3634 2821 ceci-

1999 2851 2204 2917 disset,
2236 2850 2470 2906 tandem
2509 2851 2637 2922 ipse
2685 2865 2915 2922 quoque
2965 2851 3228 2920 caeditur,
3277 2867 3528 2924 cumque
3569 2869 3636 2909 eo

1999 2940 2169 2995 frater
2211 2939 2487 2997 Joannes.
2537 2939 2676 3010 Ejus
2725 2939 2988 2995 sedenim
3037 2945 3294 3010 potestas
3339 2942 3412 2997 ad
3457 2944 3638 2997 Jona-

1997 3029 2180 3096 tham,
2213 3031 2444 3085 fratrem
2477 3045 2711 3100 quoque
2747 3033 2896 3098 ejus,
2946 3030 3207 3100 pervenit
3240 3046 3254 3086 :
3300 3033 3400 3102 qui
3447 3029 3634 3102 magis

1995 3117 2169 3174 etiam
2201 3119 2536 3173 confirmata
2565 3133 2694 3173 cum
2729 3117 3006 3174 Romanis
3044 3117 3298 3173 amicitia
3345 3123 3402 3174 et
3448 3119 3632 3174 socie-

1993 3209 2131 3276 tate,
2163 3207 2350 3262 fmdus
2380 3205 2622 3278 insuper
2674 3221 2811 3262 cum
2849 3205 3116 3263 Antiochi
3155 3207 3237 3279 (4)
3303 3206 3422 3263 filio
3462 3207 3572 3262 init
3615 3220 3634 3264 :

1994 3298 2144 3368 apud
2180 3311 2355 3366 quem
2386 3311 2517 3350 cum
2553 3311 2653 3366 pro
2693 3293 2930 3367 hospitii
2979 3299 3153 3366 atque
3199 3295 3468 3352 amicitiai
3507 3297 3633 3366 jere

1990 3390 2337 3453 versaretur,
2386 3402 2421 3440 a
2462 3390 2650 3440 tutore
2715 3385 2846 3454 ejus
2891 3384 3196 3456 'l‘ryphoue
3241 3385 3320 3456 (5)
3374 3392 3634 3442 necatur.

1991 3473 2186 3528 Simon
2215 3489 2386 3544 porro
2418 3473 2595 3528 frater
2621 3473 2680 3528 in
2725 3474 2914 3528 locum
2944 3473 3072 3542 ejus
3095 3472 3386 3528 succedit:
3419 3477 3474 3528 et
3507 3488 3631 3528 rem

1993 3573 2224 3616 strenue
2255 3577 2478 3632 gerens,
2510 3559 2792 3616 Antiocho
2816 3575 2876 3615 se
2909 3560 3046 3616 belli
3076 3561 3352 3616 societate
3381 3562 3636 3632 conjun-

1992 3650 2094 3721 git,
2126 3653 2328 3705 contra
2361 3647 2746 3720 Tryphonem,
2796 3648 2894 3720 qui
2943 3649 2995 3702 si
3055 3647 3272 3703 bellum
3322 3647 3622 3714 intulerat,

1991 3739 2248 3794 ducenti.
2275 3737 2555 3793 Ceterum
2586 3753 2718 3792 cum
2759 3735 3044 3792 Antiocho
3083 3736 3142 3792 in
3173 3735 3481 3808 Tryphons
3520 3753 3628 3809 op-

1993 3826 2298 3899 primendo
2370 3827 2666 3898 egregium
2745 3835 3004 3882 navasset
3091 3841 3346 3897 operam,
3426 3833 3623 3896 postea

1992 3915 2156 3972 illum
2191 3916 2432 3972 minime
2460 3915 2713 3971 amicum
2745 3914 2857 3970 sibi
2896 3929 3023 3970 esse
3053 3914 3341 3987 cognovit.
3373 3914 3477 3973 57
3529 3915 3632 3973 Ille

1994 4007 2150 4062 enim
2195 4004 2510 4060 Cendehaao
2565 4005 2708 4059 duce
2760 4003 2958 4070 misso,
3003 4008 3061 4060 et
3117 4007 3330 4060 terram
3381 4003 3632 4062 Judaam

1995 4098 2239 4162 vastare,
2269 4100 2322 4148 et
2350 4092 2647 4148 Simonem
2685 4096 2920 4164 captum
2951 4093 3027 4148 ad
3055 4108 3117 4148 se
3146 4093 3432 4150 adducere
3463 4093 3641 4164 jussit

1996 4183 2267 4239 Sedenim
2301 4181 2498 4238 Simon
2541 4181 2921 4238 Cendebieum
2968 4197 3106 4239 cum
3154 4181 3406 4238 exercitu
3459 4182 3644 4255 pluri-

2000 4289 2229 4328 morum
2273 4271 2518 4329 millium
2561 4269 2985 4339 advenientem,
3019 4270 3214 4343 praalio
3263 4274 3321 4326 et
3370 4271 3642 4329 conﬂictu

1998 4361 2158 4418 omni
2189 4360 2502 4416 fortissime
2538 4359 2737 4427 vincit,
2771 4359 3194 4431 popularesque
3241 4376 3379 4416 suos
3425 4377 3460 4416 a
3488 4361 3539 4416 vi
3587 4365 3650 4417 et

2002 4449 2222 4521 impetu
2273 4448 2653 4506 Macedonum
2703 4447 2912 4504 liberat
2957 4449 3060 4519 (6),
3113 4453 3244 4521 post
3290 4465 3476 4505 annos
3509 4464 3646 4504 cen-

2001 4541 2126 4592 tum
2172 4537 2562 4610 septuaginta,
2609 4543 2667 4593 et
2714 4537 2971 4608 pontifex
3017 4545 3262 4594 creatur.
3317 4537 3430 4593 Sed
3478 4537 3640 4592 brevi

2003 4632 2196 4697 postea
2225 4632 2281 4682 et
2308 4626 2432 4697 ipse
2461 4627 2660 4682 Simon
2689 4642 2724 4681 a
2748 4641 2958 4697 genero
2991 4625 3292 4682 Ptolemaeo
3335 4626 3392 4681 in
3441 4626 3641 4682 convi-

2004 4717 2092 4773 vio
2135 4715 2507 4770 interimitur.
2559 4713 2903 4770 Ptolemaus
2947 4731 3086 4770 sane
3129 4729 3363 4770 uxorem
3409 4727 3642 4785 quoque

2002 4805 2152 4874 ejus,
2185 4811 2242 4858 et
2263 4804 2412 4860 duos
2440 4804 2616 4871 ﬁlios,
2645 4804 2703 4859 in
2733 4803 2966 4860 vincula
2995 4802 3263 4873 conjicit:
3317 4806 3375 4858 et
3405 4817 3640 4873 percus-

2002 4909 2180 4960 sores,
2207 4893 2306 4965 qui
2335 4893 2617 4951 Joannem
2651 4893 2884 4949 tertium
2917 4893 3100 4948 illium
3150 4895 3298 4961 (erat
3326 4891 3463 4948 huic
3491 4907 3642 4963 quo-

2004 4999 2114 5053 que
2145 4981 2390 5054 llyrcani
2439 4983 2670 5053 nomen)
2719 4985 3011 5050 necarent,
3061 4980 3338 5052 disponit.
3381 4979 3493 5036 Sed
3543 4979 3640 5036 ille

2004 5070 2399 5143 Hierosolyma
2428 5072 2790 5144 profugiens,
2819 5074 3074 5127 structas
3121 5069 3235 5124 sibi
3275 5069 3448 5124 caedis
3496 5068 3645 5124 insi-

2000 5161 2128 5215 dias
2159 5160 2360 5232 ell'ugit
2394 5177 2406 5214 :
2439 5165 2498 5216 et
2527 5166 2764 5232 paterno
2797 5175 2897 5232 per
2925 5157 3356 5214 successionem
3405 5158 3641 5228 pontiﬁ-

2005 5255 2134 5305 catu
2174 5254 2430 5320 accepto,
2470 5249 2786 5320 gratiisque
2833 5265 2935 5320 per
2981 5245 3268 5302 sacriﬁcia
3319 5245 3434 5303 Deo
3477 5247 3642 5316 actis,

2005 5413 2103 5469 riis
2134 5413 2439 5468 invaserat.
2461 5409 2709 5482 ,(Justin.
2743 5410 2787 5464 Ι.
2821 5407 3032 5482 xxxvi.)

2073 5485 2153 5626 (ὃέ
2180 5482 2418 5556 Joseph.
2457 5479 2560 5538 lib.
2591 5496 2869 5563 xm,.ca.p.
2903 5479 2990 5534 11.
3267 5547 3279 5558 _

2075 5555 2130 5626 (7
2189 5555 2262 5609 Ex
2292 5570 2429 5626 quoi
2458 5553 2680 5610 scilicet
2726 5551 2810 5606 ιΙΙι
2853 5551 3005 5621 apud
3054 5547 3279 5621 (Egypt:

2075 5547 2152 5626 (7)
2189 5555 2262 5609 Ex
2292 5547 2429 5626 q'uoi
2458 5553 2680 5610 scilicet
2703 5547 2833 5606 'illi'
2853 5551 3005 5621 apud
3054 5547 3352 5621 (Egyptian
3401 5561 3644 5620 regnare

2002 5625 2387 5698 coeperunt’et
2404 5625 2598 5698 Syros.
