  <div class='ocr_page' id='page_1' title='image "/cluster/home/n/w/nwhite01/storage/ocr_20150623/145/mdp.39015061167048/329.png"; bbox 0 0 4096 6284; ppageno 0'>
   <div class='ocr_carea' id='block_1_1' title="bbox 407 389 2038 463">
    <p class='ocr_par' dir='ltr' id='par_1_1' title="bbox 407 389 2038 463">
     <span class='ocr_line' id='line_1_1' title="bbox 407 389 2038 463; baseline -0.006 -3"><span class='ocrx_word' id='word_1_1' title='bbox 407 398 526 463; x_wconf 71' lang='grc'><strong>643</strong></span> <span class='ocrx_word' id='word_1_2' title='bbox 1705 389 2038 454; x_wconf 85' lang='lat' dir='ltr'><strong>NICEPHO</strong></span> 
     </span>
    </p>
   </div>
   <div class='ocr_carea' id='block_1_2' title="bbox 2150 389 3824 463">
    <p class='ocr_par' dir='ltr' id='par_1_2' title="bbox 2167 393 3824 458">
     <span class='ocr_line' id='line_1_2' title="bbox 2167 393 3824 458; baseline 0.001 -2"><span class='ocrx_word' id='word_1_3' title='bbox 2167 394 2262 456; x_wconf 83' lang='lat' dir='ltr'><strong>CA</strong></span> <span class='ocrx_word' id='word_1_4' title='bbox 2272 394 2516 456; x_wconf 88' lang='lat' dir='ltr'><strong>LLISTI</strong></span> <span class='ocrx_word' id='word_1_5' title='bbox 3697 393 3824 458; x_wconf 67' lang='grc'><strong>644</strong></span> 
     </span>
    </p>
   </div>
   <div class='ocr_carea' id='block_1_3' title="bbox 411 526 2038 607">
    <p class='ocr_par' dir='ltr' id='par_1_3' title="bbox 411 529 2038 607">
     <span class='ocr_line' id='line_1_3' title="bbox 411 529 2038 607; baseline -0.005 -15"><span class='ocrx_word' id='word_1_6' title='bbox 411 539 633 607; x_wconf 85' lang='lat' dir='ltr'><strong>quanta</strong></span> <span class='ocrx_word' id='word_1_7' title='bbox 678 535 869 606; x_wconf 81' lang='lat' dir='ltr'><strong>potest</strong></span> <span class='ocrx_word' id='word_1_8' title='bbox 911 530 1200 587; x_wconf 82' lang='lat' dir='ltr'><strong>celeritate</strong></span> <span class='ocrx_word' id='word_1_9' title='bbox 1243 531 1444 584; x_wconf 88' lang='lat' dir='ltr'><strong>contra</strong></span> <span class='ocrx_word' id='word_1_10' title='bbox 1491 529 1864 584; x_wconf 83' lang='lat' dir='ltr'><strong>Ptolemaeum</strong></span> <span class='ocrx_word' id='word_1_11' title='bbox 1919 544 2038 599; x_wconf 86' lang='lat' dir='ltr'><strong>pro-</strong></span> 
     </span>
    </p>
   </div>
   <div class='ocr_carea' id='block_1_4' title="bbox 2150 526 3820 607">
    <p class='ocr_par' dir='ltr' id='par_1_4' title="bbox 2173 526 3820 606">
     <span class='ocr_line' id='line_1_4' title="bbox 2173 526 3820 606; baseline 0.005 -24"><span class='ocrx_word' id='word_1_12' title='bbox 2173 529 2422 602; x_wconf 84' lang='grc' dir='ltr'>Ὑρκανὸς</span> <span class='ocrx_word' id='word_1_13' title='bbox 2469 526 2527 582; x_wconf 74' lang='grc' dir='ltr'>δὲ</span> <span class='ocrx_word' id='word_1_14' title='bbox 2572 532 2670 584; x_wconf 77' lang='grc' dir='ltr'>τοῦ</span> <span class='ocrx_word' id='word_1_15' title='bbox 2731 526 2952 598; x_wconf 77' lang='grc' dir='ltr'>λοιποῦ,</span> <span class='ocrx_word' id='word_1_16' title='bbox 3001 529 3030 583; x_wconf 87' lang='grc' dir='ltr'><strong>ὁ</strong></span> <span class='ocrx_word' id='word_1_17' title='bbox 3071 529 3162 583; x_wconf 82' lang='grc' dir='ltr'><strong>καὶ</strong></span> <span class='ocrx_word' id='word_1_18' title='bbox 3207 531 3465 602; x_wconf 79' lang='grc' dir='ltr'><strong>Ἰωάννης</strong></span> <span class='ocrx_word' id='word_1_19' title='bbox 3512 529 3820 606; x_wconf 84' lang='grc' dir='ltr'>εύδαίμονα</span> 
     </span>
    </p>
   </div>
   <div class='ocr_carea' id='block_1_5' title="bbox 413 615 2038 698">
    <p class='ocr_par' dir='ltr' id='par_1_5' title="bbox 413 616 2034 698">
     <span class='ocr_line' id='line_1_5' title="bbox 413 616 2034 698; baseline -0.005 -18"><span class='ocrx_word' id='word_1_20' title='bbox 413 623 696 698; x_wconf 81' lang='lat' dir='ltr'><strong>greditur,</strong></span> <span class='ocrx_word' id='word_1_21' title='bbox 737 620 1021 677; x_wconf 85' lang='lat' dir='ltr'><strong>auxilium</strong></span> <span class='ocrx_word' id='word_1_22' title='bbox 1073 619 1244 674; x_wconf 87' lang='lat' dir='ltr'><strong>matri</strong></span> <span class='ocrx_word' id='word_1_23' title='bbox 1285 623 1341 674; x_wconf 89' lang='lat' dir='ltr'><strong>et</strong></span> <span class='ocrx_word' id='word_1_24' title='bbox 1374 617 1645 672; x_wconf 74' lang='lat' dir='ltr'><strong>fratribus</strong></span> <span class='ocrx_word' id='word_1_25' title='bbox 1692 616 1943 672; x_wconf 87' lang='lat' dir='ltr'><strong>laturus.</strong></span> <span class='ocrx_word' id='word_1_26' title='bbox 1989 618 2034 672; x_wconf 87' lang='lat' dir='ltr'><strong>A</strong></span> 
     </span>
    </p>
   </div>
   <div class='ocr_carea' id='block_1_6' title="bbox 2150 615 3815 698">
    <p class='ocr_par' dir='ltr' id='par_1_6' title="bbox 2171 615 3815 697">
     <span class='ocr_line' id='line_1_6' title="bbox 2171 615 3815 697; baseline 0.005 -26"><span class='ocrx_word' id='word_1_27' title='bbox 2171 616 2286 691; x_wconf 86' lang='grc' dir='ltr'>βίον</span> <span class='ocrx_word' id='word_1_28' title='bbox 2339 615 2627 688; x_wconf 85' lang='grc' dir='ltr'>διηνυκὼς,</span> <span class='ocrx_word' id='word_1_29' title='bbox 2675 616 2761 673; x_wconf 81' lang='grc' dir='ltr'>ἐπὶ</span> <span class='ocrx_word' id='word_1_30' title='bbox 2809 617 2968 672; x_wconf 87' lang='grc' dir='ltr'>πέντε</span> <span class='ocrx_word' id='word_1_31' title='bbox 3014 618 3179 674; x_wconf 75' lang='grc' dir='ltr'>υἱέσιν</span> <span class='ocrx_word' id='word_1_32' title='bbox 3221 618 3475 676; x_wconf 72' lang='grc' dir='ltr'>ἐτελεύτα</span> <span class='ocrx_word' id='word_1_33' title='bbox 3522 622 3616 677; x_wconf 86' lang='grc' dir='ltr'>τὸν</span> <span class='ocrx_word' id='word_1_34' title='bbox 3667 622 3815 697; x_wconf 82' lang='grc' dir='ltr'>βίον,</span> 
     </span>
    </p>
   </div>
   <div class='ocr_carea' id='block_1_7' title="bbox 405 705 2056 778">
    <p class='ocr_par' dir='ltr' id='par_1_7' title="bbox 405 705 2056 778">
     <span class='ocr_line' id='line_1_7' title="bbox 405 705 2056 778; baseline -0.005 -9"><span class='ocrx_word' id='word_1_35' title='bbox 405 713 540 768; x_wconf 86' lang='lat' dir='ltr'><strong>illos</strong></span> <span class='ocrx_word' id='word_1_36' title='bbox 571 711 934 775; x_wconf 73' lang='lat' dir='ltr'><strong>Ptolemteus,</strong></span> <span class='ocrx_word' id='word_1_37' title='bbox 959 718 1022 764; x_wconf 88' lang='lat' dir='ltr'><strong>ut</strong></span> <span class='ocrx_word' id='word_1_38' title='bbox 1043 709 1304 778; x_wconf 82' lang='lat' dir='ltr'><strong>Hyrcano</strong></span> <span class='ocrx_word' id='word_1_39' title='bbox 1351 721 1498 777; x_wconf 63' lang='lat' dir='ltr'><strong>aegre</strong></span> <span class='ocrx_word' id='word_1_40' title='bbox 1544 706 1776 773; x_wconf 85' lang='lat' dir='ltr'><strong>faceret,</strong></span> <span class='ocrx_word' id='word_1_41' title='bbox 1826 705 2056 772; x_wconf 90' lang='lat' dir='ltr'><strong>occidit,</strong></span> 
     </span>
    </p>
   </div>
   <div class='ocr_carea' id='block_1_8' title="bbox 402 793 2058 868">
    <p class='ocr_par' dir='ltr' id='par_1_8' title="bbox 402 793 2058 868">
     <span class='ocr_line' id='line_1_8' title="bbox 402 793 2058 868; baseline -0.005 -12"><span class='ocrx_word' id='word_1_42' title='bbox 402 801 576 856; x_wconf 89' lang='lat' dir='ltr'><strong>Porro</strong></span> <span class='ocrx_word' id='word_1_43' title='bbox 605 797 919 855; x_wconf 78' lang='lat' dir='ltr'><strong>Antiochus</strong></span> <span class='ocrx_word' id='word_1_44' title='bbox 939 796 1140 868; x_wconf 88' lang='lat' dir='ltr'><strong>junior</strong></span> <span class='ocrx_word' id='word_1_45' title='bbox 1188 794 1590 866; x_wconf 78' lang='lat' dir='ltr'><strong>indignatione</strong></span> <span class='ocrx_word' id='word_1_46' title='bbox 1637 793 1813 850; x_wconf 84' lang='lat' dir='ltr'><strong>simul</strong></span> <span class='ocrx_word' id='word_1_47' title='bbox 1861 799 1919 849; x_wconf 90' lang='lat' dir='ltr'><strong>et</strong></span> <span class='ocrx_word' id='word_1_48' title='bbox 1966 809 2058 849; x_wconf 89' lang='lat' dir='ltr'><strong>re-</strong></span> 
     </span>
    </p>
   </div>
   <div class='ocr_carea' id='block_1_9' title="bbox 403 882 2056 954">
    <p class='ocr_par' dir='ltr' id='par_1_9' title="bbox 403 882 2056 954">
     <span class='ocr_line' id='line_1_9' title="bbox 403 882 2056 954; baseline -0.005 -10"><span class='ocrx_word' id='word_1_49' title='bbox 403 889 738 944; x_wconf 88' lang='lat' dir='ltr'><strong>cordatione</strong></span> <span class='ocrx_word' id='word_1_50' title='bbox 767 903 966 942; x_wconf 89' lang='lat' dir='ltr'><strong>earum</strong></span> <span class='ocrx_word' id='word_1_51' title='bbox 1011 901 1202 942; x_wconf 88' lang='lat' dir='ltr'><strong>rerum</strong></span> <span class='ocrx_word' id='word_1_52' title='bbox 1255 900 1404 954; x_wconf 89' lang='lat' dir='ltr'><strong>quas</strong></span> <span class='ocrx_word' id='word_1_53' title='bbox 1457 900 1491 938; x_wconf 87' lang='lat' dir='ltr'><strong>a</strong></span> <span class='ocrx_word' id='word_1_54' title='bbox 1529 882 1762 938; x_wconf 84' lang='lat' dir='ltr'><strong>Simone</strong></span> <span class='ocrx_word' id='word_1_55' title='bbox 1809 882 2056 954; x_wconf 84' lang='lat' dir='ltr'><strong>Hyrcani</strong></span> 
     </span>
    </p>
   </div>
   <div class='ocr_carea' id='block_1_10' title="bbox 401 970 2054 1048">
    <p class='ocr_par' dir='ltr' id='par_1_10' title="bbox 401 970 2054 1048">
     <span class='ocr_line' id='line_1_10' title="bbox 401 970 2054 1048; baseline -0.004 -15"><span class='ocrx_word' id='word_1_56' title='bbox 401 986 562 1048; x_wconf 85' lang='lat' dir='ltr'><strong>patre</strong></span> <span class='ocrx_word' id='word_1_57' title='bbox 591 993 902 1047; x_wconf 89' lang='lat' dir='ltr'><strong>perpessus</strong></span> <span class='ocrx_word' id='word_1_58' title='bbox 951 975 1158 1042; x_wconf 82' lang='lat' dir='ltr'><strong>fuerat,</strong></span> <span class='ocrx_word' id='word_1_59' title='bbox 1189 976 1541 1038; x_wconf 82' lang='lat' dir='ltr'><strong>commotus,</strong></span> <span class='ocrx_word' id='word_1_60' title='bbox 1589 972 1871 1026; x_wconf 88' lang='lat' dir='ltr'><strong>adversus</strong></span> <span class='ocrx_word' id='word_1_61' title='bbox 1921 970 2054 1026; x_wconf 84' lang='lat' dir='ltr'><strong>Hie-</strong></span> 
     </span>
    </p>
   </div>
   <div class='ocr_carea' id='block_1_11' title="bbox 397 1061 2054 1135">
    <p class='ocr_par' dir='ltr' id='par_1_11' title="bbox 397 1061 2054 1135">
     <span class='ocr_line' id='line_1_11' title="bbox 397 1061 2054 1135; baseline -0.004 -13"><span class='ocrx_word' id='word_1_62' title='bbox 397 1067 691 1135; x_wconf 87' lang='lat' dir='ltr'><strong>rosolyma</strong></span> <span class='ocrx_word' id='word_1_63' title='bbox 743 1065 1062 1121; x_wconf 86' lang='lat' dir='ltr'><strong>exercitum</strong></span> <span class='ocrx_word' id='word_1_64' title='bbox 1115 1064 1326 1118; x_wconf 86' lang='lat' dir='ltr'><strong>iterum</strong></span> <span class='ocrx_word' id='word_1_65' title='bbox 1393 1061 1567 1116; x_wconf 82' lang='lat' dir='ltr'><strong>ducit.</strong></span> <span class='ocrx_word' id='word_1_66' title='bbox 1633 1061 1712 1130; x_wconf 82' lang='lat' dir='ltr'><strong>(l)</strong></span> <span class='ocrx_word' id='word_1_67' title='bbox 1754 1061 2054 1132; x_wconf 81' lang='lat' dir='ltr'><strong>Hyrcanus</strong></span> 
     </span>
    </p>
   </div>
   <div class='ocr_carea' id='block_1_12' title="bbox 395 1148 2054 1225">
    <p class='ocr_par' dir='ltr' id='par_1_12' title="bbox 395 1148 2054 1225">
     <span class='ocr_line' id='line_1_12' title="bbox 395 1148 2054 1225; baseline -0.005 -13"><span class='ocrx_word' id='word_1_68' title='bbox 395 1165 610 1225; x_wconf 84' lang='lat' dir='ltr'><strong>autem,</strong></span> <span class='ocrx_word' id='word_1_69' title='bbox 643 1155 876 1210; x_wconf 86' lang='lat' dir='ltr'><strong>Davidis</strong></span> <span class='ocrx_word' id='word_1_70' title='bbox 919 1153 1144 1209; x_wconf 90' lang='lat' dir='ltr'><strong>recluso</strong></span> <span class='ocrx_word' id='word_1_71' title='bbox 1196 1149 1489 1222; x_wconf 86' lang='lat' dir='ltr'><strong>sepulcro,</strong></span> <span class='ocrx_word' id='word_1_72' title='bbox 1537 1148 1902 1206; x_wconf 89' lang='lat' dir='ltr'><strong>obsidionem</strong></span> <span class='ocrx_word' id='word_1_73' title='bbox 1951 1167 2054 1206; x_wconf 90' lang='lat' dir='ltr'><strong>ur-</strong></span> 
     </span>
    </p>
   </div>
   <div class='ocr_carea' id='block_1_13' title="bbox 396 1239 2050 1310">
    <p class='ocr_par' dir='ltr' id='par_1_13' title="bbox 396 1239 2050 1310">
     <span class='ocr_line' id='line_1_13' title="bbox 396 1239 2050 1310; baseline -0.004 -9"><span class='ocrx_word' id='word_1_74' title='bbox 396 1245 486 1301; x_wconf 85' lang='lat' dir='ltr'><strong>bis</strong></span> <span class='ocrx_word' id='word_1_75' title='bbox 505 1243 782 1301; x_wconf 82' lang='lat' dir='ltr'><strong>trecentis</strong></span> <span class='ocrx_word' id='word_1_76' title='bbox 813 1243 1058 1298; x_wconf 83' lang='lat' dir='ltr'><strong>redemit</strong></span> <span class='ocrx_word' id='word_1_77' title='bbox 1085 1239 1344 1296; x_wconf 84' lang='lat' dir='ltr'><strong>talentis.</strong></span> <span class='ocrx_word' id='word_1_78' title='bbox 1387 1239 1526 1295; x_wconf 87' lang='lat' dir='ltr'><strong>Post</strong></span> <span class='ocrx_word' id='word_1_79' title='bbox 1555 1239 1696 1304; x_wconf 68' lang='lat' dir='ltr'><strong>haec,</strong></span> <span class='ocrx_word' id='word_1_80' title='bbox 1731 1253 1864 1294; x_wconf 90' lang='lat' dir='ltr'><strong>cum</strong></span> <span class='ocrx_word' id='word_1_81' title='bbox 1917 1255 2050 1310; x_wconf 89' lang='lat' dir='ltr'><strong>pro-</strong></span> 
     </span>
    </p>
   </div>
   <div class='ocr_carea' id='block_1_14' title="bbox 397 1327 2049 1406">
    <p class='ocr_par' dir='ltr' id='par_1_14' title="bbox 397 1327 2049 1406">
     <span class='ocr_line' id='line_1_14' title="bbox 397 1327 2049 1406; baseline -0.003 -17"><span class='ocrx_word' id='word_1_82' title='bbox 397 1335 583 1406; x_wconf 86' lang='lat' dir='ltr'><strong>speris</strong></span> <span class='ocrx_word' id='word_1_83' title='bbox 629 1337 888 1388; x_wconf 82' lang='lat' dir='ltr'><strong>uteretur</strong></span> <span class='ocrx_word' id='word_1_84' title='bbox 933 1331 1127 1398; x_wconf 84' lang='lat' dir='ltr'><strong>rebus,</strong></span> <span class='ocrx_word' id='word_1_85' title='bbox 1168 1333 1225 1384; x_wconf 91' lang='lat' dir='ltr'><strong>et</strong></span> <span class='ocrx_word' id='word_1_86' title='bbox 1263 1327 1435 1398; x_wconf 91' lang='lat' dir='ltr'><strong>longe</strong></span> <span class='ocrx_word' id='word_1_87' title='bbox 1482 1327 1716 1398; x_wconf 77' lang='lat' dir='ltr'><strong>lateque</strong></span> <span class='ocrx_word' id='word_1_88' title='bbox 1767 1327 2049 1384; x_wconf 88' lang='lat' dir='ltr'><strong>ditionem</strong></span> 
     </span>
    </p>
   </div>
   <div class='ocr_carea' id='block_1_15' title="bbox 397 1416 2049 1494">
    <p class='ocr_par' dir='ltr' id='par_1_15' title="bbox 397 1416 2049 1494">
     <span class='ocr_line' id='line_1_15' title="bbox 397 1416 2049 1494; baseline -0.004 -16"><span class='ocrx_word' id='word_1_89' title='bbox 397 1439 566 1479; x_wconf 88' lang='lat' dir='ltr'><strong>suam</strong></span> <span class='ocrx_word' id='word_1_90' title='bbox 627 1426 992 1494; x_wconf 80' lang='lat' dir='ltr'><strong>propagaret,</strong></span> <span class='ocrx_word' id='word_1_91' title='bbox 1045 1416 1374 1474; x_wconf 84' lang='lat' dir='ltr'><strong>Aristobulo</strong></span> <span class='ocrx_word' id='word_1_92' title='bbox 1423 1421 1482 1472; x_wconf 90' lang='lat' dir='ltr'><strong>et</strong></span> <span class='ocrx_word' id='word_1_93' title='bbox 1537 1417 1826 1488; x_wconf 81' lang='lat' dir='ltr'><strong>Antigono</strong></span> <span class='ocrx_word' id='word_1_94' title='bbox 1913 1416 2049 1473; x_wconf 84' lang='lat' dir='ltr'><strong>filiis</strong></span> 
     </span>
    </p>
   </div>
   <div class='ocr_carea' id='block_1_16' title="bbox 397 1505 2052 1583">
    <p class='ocr_par' dir='ltr' id='par_1_16' title="bbox 397 1505 2052 1583">
     <span class='ocr_line' id='line_1_16' title="bbox 397 1505 2052 1583; baseline -0.005 -15"><span class='ocrx_word' id='word_1_95' title='bbox 397 1513 523 1583; x_wconf 88' lang='lat' dir='ltr'><strong>ejus</strong></span> <span class='ocrx_word' id='word_1_96' title='bbox 553 1527 688 1568; x_wconf 91' lang='lat' dir='ltr'><strong>cum</strong></span> <span class='ocrx_word' id='word_1_97' title='bbox 719 1527 784 1566; x_wconf 88' lang='lat' dir='ltr'><strong>eo</strong></span> <span class='ocrx_word' id='word_1_98' title='bbox 817 1525 937 1565; x_wconf 89' lang='lat' dir='ltr'><strong>rem</strong></span> <span class='ocrx_word' id='word_1_99' title='bbox 991 1505 1299 1562; x_wconf 83' lang='lat' dir='ltr'><strong>militarem</strong></span> <span class='ocrx_word' id='word_1_100' title='bbox 1351 1505 1921 1574; x_wconf 85' lang='lat' dir='ltr'><strong>administrantibus,</strong></span> <span class='ocrx_word' id='word_1_101' title='bbox 1952 1505 2052 1560; x_wconf 89' lang='lat' dir='ltr'><strong>in-</strong></span> 
     </span>
    </p>
   </div>
   <div class='ocr_carea' id='block_1_17' title="bbox 395 1593 2050 1672">
    <p class='ocr_par' dir='ltr' id='par_1_17' title="bbox 395 1593 2050 1672">
     <span class='ocr_line' id='line_1_17' title="bbox 395 1593 2050 1672; baseline -0.004 -15"><span class='ocrx_word' id='word_1_102' title='bbox 395 1601 548 1658; x_wconf 90' lang='lat' dir='ltr'><strong>vidia</strong></span> <span class='ocrx_word' id='word_1_103' title='bbox 596 1597 962 1672; x_wconf 88' lang='lat' dir='ltr'><strong>popularium</strong></span> <span class='ocrx_word' id='word_1_104' title='bbox 1009 1611 1186 1667; x_wconf 90' lang='lat' dir='ltr'><strong>quam</strong></span> <span class='ocrx_word' id='word_1_105' title='bbox 1231 1593 1489 1648; x_wconf 82' lang='lat' dir='ltr'><strong>maxima</strong></span> <span class='ocrx_word' id='word_1_106' title='bbox 1532 1597 1736 1649; x_wconf 89' lang='lat' dir='ltr'><strong>contra</strong></span> <span class='ocrx_word' id='word_1_107' title='bbox 1777 1610 1911 1649; x_wconf 89' lang='lat' dir='ltr'><strong>eum</strong></span> <span class='ocrx_word' id='word_1_108' title='bbox 1961 1598 2050 1650; x_wconf 85' lang='lat' dir='ltr'><strong>est</strong></span> 
     </span>
    </p>
   </div>
   <div class='ocr_carea' id='block_1_18' title="bbox 395 1687 2047 1760">
    <p class='ocr_par' dir='ltr' id='par_1_18' title="bbox 395 1687 2047 1760">
     <span class='ocr_line' id='line_1_18' title="bbox 395 1687 2047 1760; baseline -0.004 -14"><span class='ocrx_word' id='word_1_109' title='bbox 395 1697 640 1746; x_wconf 85' lang='lat' dir='ltr'><strong>exorta:</strong></span> <span class='ocrx_word' id='word_1_110' title='bbox 701 1687 803 1760; x_wconf 90' lang='lat' dir='ltr'><strong>qui</strong></span> <span class='ocrx_word' id='word_1_111' title='bbox 860 1694 1058 1740; x_wconf 87' lang='lat' dir='ltr'><strong>tamen</strong></span> <span class='ocrx_word' id='word_1_112' title='bbox 1108 1688 1304 1754; x_wconf 88' lang='lat' dir='ltr'><strong>aperte</strong></span> <span class='ocrx_word' id='word_1_113' title='bbox 1353 1687 1552 1738; x_wconf 86' lang='lat' dir='ltr'><strong>contra</strong></span> <span class='ocrx_word' id='word_1_114' title='bbox 1599 1699 1732 1738; x_wconf 90' lang='lat' dir='ltr'><strong>eum</strong></span> <span class='ocrx_word' id='word_1_115' title='bbox 1783 1689 2047 1754; x_wconf 88' lang='lat' dir='ltr'><strong>suscepto</strong></span> 
     </span>
    </p>
   </div>
   <div class='ocr_carea' id='block_1_19' title="bbox 399 1773 2048 1845">
    <p class='ocr_par' dir='ltr' id='par_1_19' title="bbox 399 1773 2048 1845">
     <span class='ocr_line' id='line_1_19' title="bbox 399 1773 2048 1845; baseline -0.005 -7"><span class='ocrx_word' id='word_1_116' title='bbox 399 1781 550 1838; x_wconf 83' lang='lat' dir='ltr'><strong>bello</strong></span> <span class='ocrx_word' id='word_1_117' title='bbox 601 1780 946 1835; x_wconf 90' lang='lat' dir='ltr'><strong>occubuere.</strong></span> <span class='ocrx_word' id='word_1_118' title='bbox 1005 1775 1277 1832; x_wconf 88' lang='lat' dir='ltr'><strong>Sedenim</strong></span> <span class='ocrx_word' id='word_1_119' title='bbox 1326 1775 1412 1845; x_wconf 87' lang='lat'><strong>(2)</strong></span> <span class='ocrx_word' id='word_1_120' title='bbox 1472 1773 1800 1845; x_wconf 81' lang='lat' dir='ltr'><strong>Hyrcanus,</strong></span> <span class='ocrx_word' id='word_1_121' title='bbox 1844 1775 1942 1845; x_wconf 91' lang='lat' dir='ltr'><strong>qui</strong></span> <span class='ocrx_word' id='word_1_122' title='bbox 1989 1779 2048 1830; x_wconf 89' lang='lat' dir='ltr'><strong>et</strong></span> 
     </span>
    </p>
   </div>
   <div class='ocr_carea' id='block_1_20' title="bbox 395 1863 2044 1935">
    <p class='ocr_par' dir='ltr' id='par_1_20' title="bbox 395 1863 2044 1935">
     <span class='ocr_line' id='line_1_20' title="bbox 395 1863 2044 1935; baseline -0.006 -8"><span class='ocrx_word' id='word_1_123' title='bbox 395 1872 656 1927; x_wconf 87' lang='lat' dir='ltr'><strong>Joannes</strong></span> <span class='ocrx_word' id='word_1_124' title='bbox 697 1867 908 1934; x_wconf 90' lang='lat' dir='ltr'><strong>dictus,</strong></span> <span class='ocrx_word' id='word_1_125' title='bbox 939 1865 1080 1920; x_wconf 86' lang='lat' dir='ltr'><strong>satis</strong></span> <span class='ocrx_word' id='word_1_126' title='bbox 1129 1863 1376 1919; x_wconf 82' lang='lat' dir='ltr'><strong>feliciter</strong></span> <span class='ocrx_word' id='word_1_127' title='bbox 1423 1867 1654 1934; x_wconf 84' lang='lat' dir='ltr'><strong>peracta</strong></span> <span class='ocrx_word' id='word_1_128' title='bbox 1701 1864 1838 1932; x_wconf 87' lang='lat' dir='ltr'><strong>vita,</strong></span> <span class='ocrx_word' id='word_1_129' title='bbox 1871 1865 2044 1935; x_wconf 88' lang='lat' dir='ltr'><strong>quin-</strong></span> 
     </span>
    </p>
   </div>
   <div class='ocr_carea' id='block_1_21' title="bbox 397 1951 2045 2032">
    <p class='ocr_par' dir='ltr' id='par_1_21' title="bbox 397 1951 2045 2032">
     <span class='ocr_line' id='line_1_21' title="bbox 397 1951 2045 2032; baseline -0.004 -19"><span class='ocrx_word' id='word_1_130' title='bbox 397 1975 512 2032; x_wconf 91' lang='lat' dir='ltr'><strong>que</strong></span> <span class='ocrx_word' id='word_1_131' title='bbox 541 1955 754 2013; x_wconf 89' lang='lat' dir='ltr'><strong>relictis</strong></span> <span class='ocrx_word' id='word_1_132' title='bbox 789 1954 1014 2021; x_wconf 84' lang='lat' dir='ltr'><strong>ﬁliis,et</strong></span> <span class='ocrx_word' id='word_1_133' title='bbox 1047 1951 1267 2023; x_wconf 86' lang='lat' dir='ltr'><strong>optime</strong></span> <span class='ocrx_word' id='word_1_134' title='bbox 1287 1951 1586 2021; x_wconf 86' lang='lat' dir='ltr'><strong>republica</strong></span> <span class='ocrx_word' id='word_1_135' title='bbox 1609 1951 1780 2006; x_wconf 88' lang='lat' dir='ltr'><strong>annis</strong></span> <span class='ocrx_word' id='word_1_136' title='bbox 1803 1953 2045 2024; x_wconf 79' lang='lat' dir='ltr'><strong>triginta</strong></span> 
     </span>
    </p>
   </div>
   <div class='ocr_carea' id='block_1_22' title="bbox 393 2039 2042 2117">
    <p class='ocr_par' dir='ltr' id='par_1_22' title="bbox 393 2039 2042 2117">
     <span class='ocr_line' id='line_1_22' title="bbox 393 2039 2042 2117; baseline -0.004 -15"><span class='ocrx_word' id='word_1_137' title='bbox 393 2047 584 2102; x_wconf 83' lang='lat' dir='ltr'><strong>tribus</strong></span> <span class='ocrx_word' id='word_1_138' title='bbox 630 2049 816 2117; x_wconf 87' lang='lat' dir='ltr'><strong>gesta,</strong></span> <span class='ocrx_word' id='word_1_139' title='bbox 860 2043 1038 2098; x_wconf 86' lang='lat' dir='ltr'><strong>vitam</strong></span> <span class='ocrx_word' id='word_1_140' title='bbox 1085 2040 1231 2096; x_wconf 82' lang='lat' dir='ltr'><strong>ﬁnit.</strong></span> <span class='ocrx_word' id='word_1_141' title='bbox 1307 2039 1444 2110; x_wconf 85' lang='lat' dir='ltr'><strong>Ejus</strong></span> <span class='ocrx_word' id='word_1_142' title='bbox 1496 2039 1708 2094; x_wconf 89' lang='lat' dir='ltr'><strong>deinde</strong></span> <span class='ocrx_word' id='word_1_143' title='bbox 1757 2041 2042 2096; x_wconf 86' lang='lat' dir='ltr'><strong>maximus</strong></span> 
     </span>
    </p>
   </div>
   <div class='ocr_carea' id='block_1_23' title="bbox 393 2127 2040 2197">
    <p class='ocr_par' dir='ltr' id='par_1_23' title="bbox 393 2127 2040 2197">
     <span class='ocr_line' id='line_1_23' title="bbox 393 2127 2040 2197; baseline -0.005 -5"><span class='ocrx_word' id='word_1_144' title='bbox 393 2141 532 2192; x_wconf 90' lang='lat' dir='ltr'><strong>natu</strong></span> <span class='ocrx_word' id='word_1_145' title='bbox 590 2133 748 2188; x_wconf 82' lang='lat' dir='ltr'><strong>filius</strong></span> <span class='ocrx_word' id='word_1_146' title='bbox 793 2128 1176 2197; x_wconf 83' lang='lat' dir='ltr'><strong>Aristobulus,</strong></span> <span class='ocrx_word' id='word_1_147' title='bbox 1227 2127 1798 2184; x_wconf 83' lang='lat' dir='ltr'><strong>administrationem</strong></span> <span class='ocrx_word' id='word_1_148' title='bbox 1848 2145 2040 2185; x_wconf 90' lang='lat' dir='ltr'><strong>rerum</strong></span> 
     </span>
    </p>
   </div>
   <div class='ocr_carea' id='block_1_24' title="bbox 393 2215 2041 2291">
    <p class='ocr_par' dir='ltr' id='par_1_24' title="bbox 393 2215 2041 2291">
     <span class='ocr_line' id='line_1_24' title="bbox 393 2215 2041 2291; baseline -0.005 -11"><span class='ocrx_word' id='word_1_149' title='bbox 393 2221 700 2281; x_wconf 86' lang='lat' dir='ltr'><strong>confestim</strong></span> <span class='ocrx_word' id='word_1_150' title='bbox 730 2221 790 2276; x_wconf 90' lang='lat' dir='ltr'><strong>in</strong></span> <span class='ocrx_word' id='word_1_151' title='bbox 823 2218 986 2291; x_wconf 82' lang='lat' dir='ltr'><strong>regni</strong></span> <span class='ocrx_word' id='word_1_152' title='bbox 1018 2217 1264 2273; x_wconf 86' lang='lat' dir='ltr'><strong>formam</strong></span> <span class='ocrx_word' id='word_1_153' title='bbox 1298 2215 1529 2287; x_wconf 88' lang='lat' dir='ltr'><strong>redigit,</strong></span> <span class='ocrx_word' id='word_1_154' title='bbox 1562 2219 1620 2271; x_wconf 87' lang='lat' dir='ltr'><strong>et</strong></span> <span class='ocrx_word' id='word_1_155' title='bbox 1650 2217 1875 2288; x_wconf 86' lang='lat' dir='ltr'><strong>primus</strong></span> <span class='ocrx_word' id='word_1_156' title='bbox 1927 2217 2041 2272; x_wconf 87' lang='lat' dir='ltr'><strong>sibi</strong></span> 
     </span>
    </p>
   </div>
   <div class='ocr_carea' id='block_1_25' title="bbox 395 2305 2040 2379">
    <p class='ocr_par' dir='ltr' id='par_1_25' title="bbox 395 2305 2040 2379">
     <span class='ocr_line' id='line_1_25' title="bbox 395 2305 2040 2379; baseline -0.006 -9"><span class='ocrx_word' id='word_1_157' title='bbox 395 2315 665 2370; x_wconf 85' lang='lat' dir='ltr'><strong>diadema</strong></span> <span class='ocrx_word' id='word_1_158' title='bbox 694 2309 963 2379; x_wconf 88' lang='lat' dir='ltr'><strong>imponit,</strong></span> <span class='ocrx_word' id='word_1_159' title='bbox 994 2313 1125 2378; x_wconf 88' lang='lat' dir='ltr'><strong>post</strong></span> <span class='ocrx_word' id='word_1_160' title='bbox 1155 2322 1342 2362; x_wconf 89' lang='lat' dir='ltr'><strong>annos</strong></span> <span class='ocrx_word' id='word_1_161' title='bbox 1389 2305 1854 2377; x_wconf 85' lang='lat' dir='ltr'><strong>quadringentos</strong></span> <span class='ocrx_word' id='word_1_162' title='bbox 1903 2322 2040 2378; x_wconf 83' lang='lat' dir='ltr'><strong>sep-</strong></span> 
     </span>
    </p>
   </div>
   <div class='ocr_carea' id='block_1_26' title="bbox 393 2393 2040 2474">
    <p class='ocr_par' dir='ltr' id='par_1_26' title="bbox 393 2393 2040 2474">
     <span class='ocr_line' id='line_1_26' title="bbox 393 2393 2040 2474; baseline -0.005 -15"><span class='ocrx_word' id='word_1_163' title='bbox 393 2401 662 2474; x_wconf 87' lang='lat' dir='ltr'><strong>tuaginta</strong></span> <span class='ocrx_word' id='word_1_164' title='bbox 685 2405 742 2455; x_wconf 91' lang='lat' dir='ltr'><strong>et</strong></span> <span class='ocrx_word' id='word_1_165' title='bbox 772 2413 976 2465; x_wconf 91' lang='lat' dir='ltr'><strong>unum,</strong></span> <span class='ocrx_word' id='word_1_166' title='bbox 1007 2397 1067 2451; x_wconf 90' lang='lat' dir='ltr'><strong>in</strong></span> <span class='ocrx_word' id='word_1_167' title='bbox 1098 2410 1328 2450; x_wconf 86' lang='lat' dir='ltr'><strong>menses</strong></span> <span class='ocrx_word' id='word_1_168' title='bbox 1361 2399 1496 2462; x_wconf 86' lang='lat' dir='ltr'><strong>tres,</strong></span> <span class='ocrx_word' id='word_1_169' title='bbox 1527 2393 1598 2448; x_wconf 89' lang='lat' dir='ltr'><strong>ab</strong></span> <span class='ocrx_word' id='word_1_170' title='bbox 1647 2410 1714 2449; x_wconf 91' lang='lat' dir='ltr'><strong>eo</strong></span> <span class='ocrx_word' id='word_1_171' title='bbox 1763 2399 2040 2464; x_wconf 89' lang='lat' dir='ltr'><strong>tempore,</strong></span> 
     </span>
    </p>
   </div>
   <div class='ocr_carea' id='block_1_27' title="bbox 394 2481 2040 2562">
    <p class='ocr_par' dir='ltr' id='par_1_27' title="bbox 394 2481 2040 2562">
     <span class='ocr_line' id='line_1_27' title="bbox 394 2481 2040 2562; baseline -0.006 -14"><span class='ocrx_word' id='word_1_172' title='bbox 394 2509 526 2548; x_wconf 89' lang='lat' dir='ltr'><strong>cum</strong></span> <span class='ocrx_word' id='word_1_173' title='bbox 585 2488 833 2562; x_wconf 90' lang='lat' dir='ltr'><strong>populus</strong></span> <span class='ocrx_word' id='word_1_174' title='bbox 896 2485 1177 2542; x_wconf 87' lang='lat' dir='ltr'><strong>servitute</strong></span> <span class='ocrx_word' id='word_1_175' title='bbox 1221 2481 1573 2552; x_wconf 82' lang='lat' dir='ltr'><strong>Babylonica</strong></span> <span class='ocrx_word' id='word_1_176' title='bbox 1623 2482 1926 2549; x_wconf 89' lang='lat' dir='ltr'><strong>liberatus,</strong></span> <span class='ocrx_word' id='word_1_177' title='bbox 1980 2484 2040 2538; x_wconf 91' lang='lat' dir='ltr'><strong>in</strong></span> 
     </span>
    </p>
   </div>
   <div class='ocr_carea' id='block_1_28' title="bbox 395 2570 2038 2652">
    <p class='ocr_par' dir='ltr' id='par_1_28' title="bbox 395 2570 2038 2652">
     <span class='ocr_line' id='line_1_28' title="bbox 395 2570 2038 2652; baseline -0.007 -14"><span class='ocrx_word' id='word_1_178' title='bbox 395 2581 637 2652; x_wconf 86' lang='lat' dir='ltr'><strong>patriam</strong></span> <span class='ocrx_word' id='word_1_179' title='bbox 671 2593 833 2633; x_wconf 85' lang='lat' dir='ltr'><strong>suam</strong></span> <span class='ocrx_word' id='word_1_180' title='bbox 885 2573 1076 2630; x_wconf 88' lang='lat' dir='ltr'><strong>rediit.</strong></span> <span class='ocrx_word' id='word_1_181' title='bbox 1125 2575 1314 2644; x_wconf 88' lang='lat' dir='ltr'><strong>Atque</strong></span> <span class='ocrx_word' id='word_1_182' title='bbox 1360 2570 1456 2626; x_wconf 90' lang='lat' dir='ltr'><strong>hic</strong></span> <span class='ocrx_word' id='word_1_183' title='bbox 1512 2571 1744 2642; x_wconf 88' lang='lat' dir='ltr'><strong>quidem</strong></span> <span class='ocrx_word' id='word_1_184' title='bbox 1797 2576 2038 2628; x_wconf 89' lang='lat' dir='ltr'><strong>matrem</strong></span> 
     </span>
    </p>
   </div>
   <div class='ocr_carea' id='block_1_29' title="bbox 396 2661 2038 2734">
    <p class='ocr_par' dir='ltr' id='par_1_29' title="bbox 396 2661 2038 2734">
     <span class='ocr_line' id='line_1_29' title="bbox 396 2661 2038 2734; baseline -0.007 -7"><span class='ocrx_word' id='word_1_185' title='bbox 396 2673 546 2727; x_wconf 85' lang='lat' dir='ltr'><strong>fame</strong></span> <span class='ocrx_word' id='word_1_186' title='bbox 576 2673 816 2725; x_wconf 85' lang='lat' dir='ltr'><strong>enecat:</strong></span> <span class='ocrx_word' id='word_1_187' title='bbox 851 2682 986 2721; x_wconf 80' lang='lat' dir='ltr'><strong>mox</strong></span> <span class='ocrx_word' id='word_1_188' title='bbox 1015 2680 1244 2734; x_wconf 90' lang='lat' dir='ltr'><strong>quoque</strong></span> <span class='ocrx_word' id='word_1_189' title='bbox 1273 2679 1342 2718; x_wconf 82' lang='lat' dir='ltr'><strong>ex</strong></span> <span class='ocrx_word' id='word_1_190' title='bbox 1373 2661 1654 2717; x_wconf 82' lang='lat' dir='ltr'><strong>fratribus</strong></span> <span class='ocrx_word' id='word_1_191' title='bbox 1682 2677 1838 2728; x_wconf 90' lang='lat' dir='ltr'><strong>eum,</strong></span> <span class='ocrx_word' id='word_1_192' title='bbox 1861 2677 2038 2733; x_wconf 89' lang='lat' dir='ltr'><strong>quem</strong></span> 
     </span>
    </p>
   </div>
   <div class='ocr_carea' id='block_1_30' title="bbox 396 2753 2040 2823">
    <p class='ocr_par' dir='ltr' id='par_1_30' title="bbox 396 2753 2040 2823">
     <span class='ocr_line' id='line_1_30' title="bbox 396 2753 2040 2823; baseline -0.005 -7"><span class='ocrx_word' id='word_1_193' title='bbox 396 2759 646 2816; x_wconf 86' lang='lat' dir='ltr'><strong>maxime</strong></span> <span class='ocrx_word' id='word_1_194' title='bbox 677 2757 976 2820; x_wconf 86' lang='lat' dir='ltr'><strong>dilexerat,</strong></span> <span class='ocrx_word' id='word_1_195' title='bbox 1000 2753 1392 2823; x_wconf 86' lang='lat' dir='ltr'><strong>Antigonum:</strong></span> <span class='ocrx_word' id='word_1_196' title='bbox 1419 2753 1710 2822; x_wconf 89' lang='lat' dir='ltr'><strong>quomodo</strong></span> <span class='ocrx_word' id='word_1_197' title='bbox 1755 2755 1945 2807; x_wconf 88' lang='lat' dir='ltr'><strong>autem</strong></span> <span class='ocrx_word' id='word_1_198' title='bbox 1973 2768 2040 2808; x_wconf 87' lang='lat' dir='ltr'><strong>ea</strong></span> 
     </span>
    </p>
   </div>
   <div class='ocr_carea' id='block_1_31' title="bbox 396 2840 2035 2919">
    <p class='ocr_par' dir='ltr' id='par_1_31' title="bbox 396 2840 2035 2919">
     <span class='ocr_line' id='line_1_31' title="bbox 396 2840 2035 2919; baseline -0.006 -13"><span class='ocrx_word' id='word_1_199' title='bbox 396 2851 582 2906; x_wconf 74' lang='lat' dir='ltr'><strong>caedes</strong></span> <span class='ocrx_word' id='word_1_200' title='bbox 614 2850 849 2919; x_wconf 87' lang='lat' dir='ltr'><strong>peracta</strong></span> <span class='ocrx_word' id='word_1_201' title='bbox 879 2844 980 2910; x_wconf 87' lang='lat' dir='ltr'><strong>sit,</strong></span> <span class='ocrx_word' id='word_1_202' title='bbox 1019 2840 1274 2912; x_wconf 84' lang='lat' dir='ltr'><strong>Josepbo</strong></span> <span class='ocrx_word' id='word_1_203' title='bbox 1304 2856 1430 2894; x_wconf 90' lang='lat' dir='ltr'><strong>eam</strong></span> <span class='ocrx_word' id='word_1_204' title='bbox 1465 2841 2035 2896; x_wconf 86' lang='lat' dir='ltr'><strong>commemorandam</strong></span> 
     </span>
    </p>
   </div>
   <div class='ocr_carea' id='block_1_32' title="bbox 397 2929 2035 3008">
    <p class='ocr_par' dir='ltr' id='par_1_32' title="bbox 397 2929 2035 3008">
     <span class='ocr_line' id='line_1_32' title="bbox 397 2929 2035 3008; baseline -0.005 -16"><span class='ocrx_word' id='word_1_205' title='bbox 397 2937 804 3008; x_wconf 87' lang='lat' dir='ltr'><strong>relinquimus.</strong></span> <span class='ocrx_word' id='word_1_206' title='bbox 826 2933 936 2988; x_wconf 83' lang='lat' dir='ltr'><strong>Sed</strong></span> <span class='ocrx_word' id='word_1_207' title='bbox 961 2932 1114 2987; x_wconf 85' lang='lat' dir='ltr'><strong>enim</strong></span> <span class='ocrx_word' id='word_1_208' title='bbox 1139 2946 1270 2984; x_wconf 90' lang='lat' dir='ltr'><strong>cum</strong></span> <span class='ocrx_word' id='word_1_209' title='bbox 1292 2945 1409 2984; x_wconf 89' lang='lat' dir='ltr'><strong>non</strong></span> <span class='ocrx_word' id='word_1_210' title='bbox 1431 2929 1579 2984; x_wconf 86' lang='lat' dir='ltr'><strong>ultra</strong></span> <span class='ocrx_word' id='word_1_211' title='bbox 1601 2945 1784 2983; x_wconf 91' lang='lat' dir='ltr'><strong>unum</strong></span> <span class='ocrx_word' id='word_1_212' title='bbox 1817 2945 2035 2985; x_wconf 89' lang='lat' dir='ltr'><strong>annum</strong></span> 
     </span>
    </p>
   </div>
   <div class='ocr_carea' id='block_1_33' title="bbox 392 3015 2038 3098">
    <p class='ocr_par' dir='ltr' id='par_1_33' title="bbox 392 3015 2038 3098">
     <span class='ocr_line' id='line_1_33' title="bbox 392 3015 2038 3098; baseline -0.006 -14"><span class='ocrx_word' id='word_1_213' title='bbox 392 3028 564 3084; x_wconf 88' lang='lat' dir='ltr'><strong>rebus</strong></span> <span class='ocrx_word' id='word_1_214' title='bbox 586 3023 933 3098; x_wconf 80' lang='lat' dir='ltr'><strong>praefuisset,</strong></span> <span class='ocrx_word' id='word_1_215' title='bbox 967 3020 1234 3075; x_wconf 86' lang='lat' dir='ltr'><strong>moritur.</strong></span> <span class='ocrx_word' id='word_1_216' title='bbox 1267 3015 1448 3088; x_wconf 86' lang='lat' dir='ltr'><strong>Cujus</strong></span> <span class='ocrx_word' id='word_1_217' title='bbox 1482 3034 1626 3073; x_wconf 82' lang='lat' dir='ltr'><strong>uxor</strong></span> <span class='ocrx_word' id='word_1_218' title='bbox 1656 3018 1862 3074; x_wconf 88' lang='lat' dir='ltr'><strong>fratres</strong></span> <span class='ocrx_word' id='word_1_219' title='bbox 1909 3021 2038 3089; x_wconf 89' lang='lat' dir='ltr'><strong>ejus</strong></span> 
     </span>
    </p>
   </div>
   <div class='ocr_carea' id='block_1_34' title="bbox 389 3107 2038 3179">
    <p class='ocr_par' dir='ltr' id='par_1_34' title="bbox 389 3107 2038 3179">
     <span class='ocr_line' id='line_1_34' title="bbox 389 3107 2038 3179; baseline -0.008 -3"><span class='ocrx_word' id='word_1_220' title='bbox 389 3133 457 3176; x_wconf 79' lang='lat' dir='ltr'><strong>ex</strong></span> <span class='ocrx_word' id='word_1_221' title='bbox 501 3113 765 3170; x_wconf 88' lang='lat' dir='ltr'><strong>custodia</strong></span> <span class='ocrx_word' id='word_1_222' title='bbox 815 3115 873 3166; x_wconf 87' lang='lat' dir='ltr'><strong>et</strong></span> <span class='ocrx_word' id='word_1_223' title='bbox 921 3107 1169 3164; x_wconf 88' lang='lat' dir='ltr'><strong>vinculis</strong></span> <span class='ocrx_word' id='word_1_224' title='bbox 1223 3107 1473 3162; x_wconf 88' lang='lat' dir='ltr'><strong>emittit:</strong></span> <span class='ocrx_word' id='word_1_225' title='bbox 1525 3111 1583 3162; x_wconf 87' lang='lat' dir='ltr'><strong>et</strong></span> <span class='ocrx_word' id='word_1_226' title='bbox 1632 3107 1902 3173; x_wconf 89' lang='lat' dir='ltr'><strong>alterum,</strong></span> <span class='ocrx_word' id='word_1_227' title='bbox 1935 3109 2038 3179; x_wconf 91' lang='lat' dir='ltr'><strong>qui</strong></span> 
     </span>
    </p>
   </div>
   <div class='ocr_carea' id='block_1_35' title="bbox 394 3188 2032 3274">
    <p class='ocr_par' dir='ltr' id='par_1_35' title="bbox 394 3188 2032 3274">
     <span class='ocr_line' id='line_1_35' title="bbox 394 3188 2032 3274; baseline -0.005 -13"><span class='ocrx_word' id='word_1_228' title='bbox 394 3188 560 3260; x_wconf 49' lang='lat' dir='ltr'><strong>astate</strong></span> <span class='ocrx_word' id='word_1_229' title='bbox 613 3199 889 3274; x_wconf 86' lang='lat' dir='ltr'><strong>grandior</strong></span> <span class='ocrx_word' id='word_1_230' title='bbox 942 3197 1266 3262; x_wconf 85' lang='lat' dir='ltr'><strong>videbatur,</strong></span> <span class='ocrx_word' id='word_1_231' title='bbox 1327 3194 1720 3251; x_wconf 79' lang='lat' dir='ltr'><strong>Alexandrum</strong></span> <span class='ocrx_word' id='word_1_232' title='bbox 1775 3197 2032 3264; x_wconf 89' lang='lat' dir='ltr'><strong>nomine,</strong></span> 
     </span>
    </p>
   </div>
   <div class='ocr_carea' id='block_1_36' title="bbox 2164 705 3818 785">
    <p class='ocr_par' dir='ltr' id='par_1_36' title="bbox 2164 705 3818 785">
     <span class='ocr_line' id='line_1_36' title="bbox 2164 705 3818 785; baseline 0.004 -25"><span class='ocrx_word' id='word_1_233' title='bbox 2164 707 2432 762; x_wconf 86' lang='grc' dir='ltr'>κάλλιστα</span> <span class='ocrx_word' id='word_1_234' title='bbox 2477 709 2578 776; x_wconf 80' lang='grc' dir='ltr'>τήν</span> <span class='ocrx_word' id='word_1_235' title='bbox 2630 707 2806 782; x_wconf 73' lang='grc' dir='ltr'>ἆθχήν</span> <span class='ocrx_word' id='word_1_236' title='bbox 2855 707 2944 762; x_wconf 80' lang='grc' dir='ltr'>ἐπὶ</span> <span class='ocrx_word' id='word_1_237' title='bbox 2994 705 3151 770; x_wconf 75' lang='grc' dir='ltr'>ὅλοις</span> <span class='ocrx_word' id='word_1_238' title='bbox 3192 711 3339 784; x_wconf 85' lang='grc' dir='ltr'>τρισὶ</span> <span class='ocrx_word' id='word_1_239' title='bbox 3387 711 3476 764; x_wconf 82' lang='grc' dir='ltr'><strong>καὶ</strong></span> <span class='ocrx_word' id='word_1_240' title='bbox 3526 711 3818 785; x_wconf 79' lang='grc' dir='ltr'>τριάκοντα</span> 
     </span>
    </p>
   </div>
   <div class='ocr_carea' id='block_1_37' title="bbox 2164 790 3816 874">
    <p class='ocr_par' dir='ltr' id='par_1_37' title="bbox 2164 790 3816 874">
     <span class='ocr_line' id='line_1_37' title="bbox 2164 790 3816 874; baseline 0.003 -25"><span class='ocrx_word' id='word_1_241' title='bbox 2164 790 2305 850; x_wconf 81' lang='grc' dir='ltr'>ἔτεσι</span> <span class='ocrx_word' id='word_1_242' title='bbox 2353 794 2658 866; x_wconf 86' lang='grc' dir='ltr'>διοικήσας.</span> <span class='ocrx_word' id='word_1_243' title='bbox 2699 801 2766 854; x_wconf 74' lang='grc' dir='ltr'><strong>Ὀ</strong></span> <span class='ocrx_word' id='word_1_244' title='bbox 2803 817 2865 870; x_wconf 91' lang='grc' dir='ltr'><strong>γε</strong></span> <span class='ocrx_word' id='word_1_245' title='bbox 2917 797 3025 868; x_wconf 76' lang='grc' dir='ltr'>μὴν</span> <span class='ocrx_word' id='word_1_246' title='bbox 3075 801 3182 852; x_wconf 88' lang='grc' dir='ltr'><strong>τῶν</strong></span> <span class='ocrx_word' id='word_1_247' title='bbox 3232 797 3390 853; x_wconf 78' lang='grc' dir='ltr'>υἱέων</span> <span class='ocrx_word' id='word_1_248' title='bbox 3442 795 3816 874; x_wconf 74' lang='grc' dir='ltr'>πρεσϐύτερος</span> 
     </span>
    </p>
   </div>
   <div class='ocr_carea' id='block_1_38' title="bbox 2164 880 3818 962">
    <p class='ocr_par' dir='ltr' id='par_1_38' title="bbox 2164 880 3818 962">
     <span class='ocr_line' id='line_1_38' title="bbox 2164 880 3818 962; baseline 0.002 -22"><span class='ocrx_word' id='word_1_249' title='bbox 2164 880 2608 957; x_wconf 75' lang='grc' dir='ltr'>Ἀριστόϐουλος,</span> <span class='ocrx_word' id='word_1_250' title='bbox 2653 885 2752 954; x_wconf 84' lang='grc' dir='ltr'>τὴν</span> <span class='ocrx_word' id='word_1_251' title='bbox 2795 885 2974 960; x_wconf 72' lang='grc' dir='ltr'>ἀρχὴν</span> <span class='ocrx_word' id='word_1_252' title='bbox 3013 884 3166 948; x_wconf 77' lang='grc' dir='ltr'>εὐθὺς</span> <span class='ocrx_word' id='word_1_253' title='bbox 3205 886 3282 949; x_wconf 81' lang='grc' dir='ltr'>εἷς</span> <span class='ocrx_word' id='word_1_254' title='bbox 3327 885 3604 962; x_wconf 88' lang='grc' dir='ltr'>βασιλείαν</span> <span class='ocrx_word' id='word_1_255' title='bbox 3649 887 3818 962; x_wconf 85' lang='grc' dir='ltr'>μεθί-</span> 
     </span>
    </p>
   </div>
   <div class='ocr_carea' id='block_1_39' title="bbox 2165 971 3812 1052">
    <p class='ocr_par' dir='ltr' id='par_1_39' title="bbox 2165 971 3812 1052">
     <span class='ocr_line' id='line_1_39' title="bbox 2165 971 3812 1052; baseline 0.003 -24"><span class='ocrx_word' id='word_1_256' title='bbox 2165 994 2344 1044; x_wconf 91' lang='grc' dir='ltr'>στησι,</span> <span class='ocrx_word' id='word_1_257' title='bbox 2375 975 2464 1028; x_wconf 84' lang='grc' dir='ltr'><strong>καὶ</strong></span> <span class='ocrx_word' id='word_1_258' title='bbox 2509 979 2728 1046; x_wconf 89' lang='grc' dir='ltr'>πρῶτος</span> <span class='ocrx_word' id='word_1_259' title='bbox 2771 971 3015 1046; x_wconf 85' lang='grc' dir='ltr'>διάδημα</span> <span class='ocrx_word' id='word_1_260' title='bbox 3055 975 3378 1048; x_wconf 77' lang='grc' dir='ltr'><strong>περιτίθεται</strong></span> <span class='ocrx_word' id='word_1_261' title='bbox 3429 978 3566 1050; x_wconf 81' lang='grc' dir='ltr'>μετᾶ</span> <span class='ocrx_word' id='word_1_262' title='bbox 3617 998 3812 1052; x_wconf 75' lang='grc' dir='ltr'>τετρα-</span> 
     </span>
    </p>
   </div>
   <div class='ocr_carea' id='block_1_40' title="bbox 2162 1057 3813 1138">
    <p class='ocr_par' dir='ltr' id='par_1_40' title="bbox 2162 1057 3813 1138">
     <span class='ocr_line' id='line_1_40' title="bbox 2162 1057 3813 1138; baseline 0.002 -21"><span class='ocrx_word' id='word_1_263' title='bbox 2162 1062 2447 1118; x_wconf 82' lang='grc' dir='ltr'>κοσιοστὸν</span> <span class='ocrx_word' id='word_1_264' title='bbox 2504 1062 2597 1118; x_wconf 81' lang='grc' dir='ltr'><strong>καὶ</strong></span> <span class='ocrx_word' id='word_1_265' title='bbox 2658 1057 3066 1135; x_wconf 76' lang='grc' dir='ltr'>ἑϐδομηκοστὸν</span> <span class='ocrx_word' id='word_1_266' title='bbox 3117 1068 3333 1138; x_wconf 88' lang='grc' dir='ltr'>πρῶτον</span> <span class='ocrx_word' id='word_1_267' title='bbox 3379 1063 3519 1137; x_wconf 85' lang='grc' dir='ltr'>ἔτος,</span> <span class='ocrx_word' id='word_1_268' title='bbox 3565 1065 3703 1138; x_wconf 82' lang='grc' dir='ltr'>πρὸς</span> <span class='ocrx_word' id='word_1_269' title='bbox 3751 1063 3813 1121; x_wconf 74' lang='grc' dir='ltr'>δὲ</span> 
     </span>
    </p>
   </div>
   <div class='ocr_carea' id='block_1_41' title="bbox 2165 1149 3812 1226">
    <p class='ocr_par' dir='ltr' id='par_1_41' title="bbox 2165 1149 3812 1226">
     <span class='ocr_line' id='line_1_41' title="bbox 2165 1149 3812 1226; baseline 0.002 -19"><span class='ocrx_word' id='word_1_270' title='bbox 2165 1158 2340 1226; x_wconf 85' lang='grc' dir='ltr'>μῆνας</span> <span class='ocrx_word' id='word_1_271' title='bbox 2371 1156 2539 1226; x_wconf 81' lang='grc' dir='ltr'>τρεῖς,</span> <span class='ocrx_word' id='word_1_272' title='bbox 2583 1151 2635 1222; x_wconf 82' lang='grc' dir='ltr'><strong>ἐξ</strong></span> <span class='ocrx_word' id='word_1_273' title='bbox 2675 1153 2842 1226; x_wconf 86' lang='grc' dir='ltr'>οὗπερ</span> <span class='ocrx_word' id='word_1_274' title='bbox 2873 1153 2900 1206; x_wconf 90' lang='grc' dir='ltr'>ὁ</span> <span class='ocrx_word' id='word_1_275' title='bbox 2933 1149 3064 1214; x_wconf 87' lang='grc' dir='ltr'>λαὸς</span> <span class='ocrx_word' id='word_1_276' title='bbox 3108 1157 3208 1218; x_wconf 77' lang='grc' dir='ltr'>τῆς</span> <span class='ocrx_word' id='word_1_277' title='bbox 3249 1152 3302 1208; x_wconf 74' lang='grc' dir='ltr'>ἐν</span> <span class='ocrx_word' id='word_1_278' title='bbox 3344 1149 3630 1210; x_wconf 80' lang='grc' dir='ltr'>Βαϐυλῶνι</span> <span class='ocrx_word' id='word_1_279' title='bbox 3685 1151 3812 1210; x_wconf 79' lang='grc' dir='ltr'>δου-</span> 
     </span>
    </p>
   </div>
   <div class='ocr_carea' id='block_1_42' title="bbox 2161 1239 3810 1318">
    <p class='ocr_par' dir='ltr' id='par_1_42' title="bbox 2161 1239 3810 1318">
     <span class='ocr_line' id='line_1_42' title="bbox 2161 1239 3810 1318; baseline 0.002 -23"><span class='ocrx_word' id='word_1_280' title='bbox 2161 1239 2314 1304; x_wconf 85' lang='grc' dir='ltr'>λείας</span> <span class='ocrx_word' id='word_1_281' title='bbox 2363 1239 2724 1317; x_wconf 83' lang='grc' dir='ltr'>ἆπαλλαγεὶς,</span> <span class='ocrx_word' id='word_1_282' title='bbox 2774 1240 2850 1303; x_wconf 82' lang='grc' dir='ltr'>εἷς</span> <span class='ocrx_word' id='word_1_283' title='bbox 2898 1242 2999 1309; x_wconf 79' lang='grc' dir='ltr'>τήν</span> <span class='ocrx_word' id='word_1_284' title='bbox 3048 1241 3236 1318; x_wconf 72' lang='grc' dir='ltr'><strong>⁸χώραν</strong></span> <span class='ocrx_word' id='word_1_285' title='bbox 3291 1243 3436 1311; x_wconf 77' lang='grc' dir='ltr'>ἧκεν.</span> <span class='ocrx_word' id='word_1_286' title='bbox 3487 1243 3655 1303; x_wconf 77' lang='grc' dir='ltr'>Οὗτος</span> <span class='ocrx_word' id='word_1_287' title='bbox 3703 1245 3810 1312; x_wconf 74' lang='grc' dir='ltr'>τήν</span> 
     </span>
    </p>
   </div>
   <div class='ocr_carea' id='block_1_43' title="bbox 2163 1327 3810 1404">
    <p class='ocr_par' dir='ltr' id='par_1_43' title="bbox 2163 1327 3810 1404">
     <span class='ocr_line' id='line_1_43' title="bbox 2163 1327 3810 1404; baseline 0.002 -22"><span class='ocrx_word' id='word_1_288' title='bbox 2163 1329 2257 1400; x_wconf 75' lang='grc' dir='ltr'>μὲν</span> <span class='ocrx_word' id='word_1_289' title='bbox 2318 1328 2528 1403; x_wconf 83' lang='grc' dir='ltr'>μητέρα</span> <span class='ocrx_word' id='word_1_290' title='bbox 2577 1328 2770 1384; x_wconf 81' lang='grc' dir='ltr'>κτείνει</span> <span class='ocrx_word' id='word_1_291' title='bbox 2823 1329 2978 1402; x_wconf 81' lang='grc' dir='ltr'>λιμῶ</span> <span class='ocrx_word' id='word_1_292' title='bbox 3010 1345 3024 1359; x_wconf 81' lang='grc'><strong><em>⁸</em></strong></span> <span class='ocrx_word' id='word_1_293' title='bbox 3079 1335 3198 1402; x_wconf 90' lang='grc' dir='ltr'>μετ’</span> <span class='ocrx_word' id='word_1_294' title='bbox 3247 1329 3434 1404; x_wconf 77' lang='grc' dir='ltr'>ὀλίγον</span> <span class='ocrx_word' id='word_1_295' title='bbox 3483 1327 3562 1399; x_wconf 76' lang='grc' dir='ltr'><strong>δὲ,</strong></span> <span class='ocrx_word' id='word_1_296' title='bbox 3617 1331 3710 1385; x_wconf 84' lang='grc' dir='ltr'><strong>καὶ</strong></span> <span class='ocrx_word' id='word_1_297' title='bbox 3747 1331 3810 1386; x_wconf 75' lang='grc' dir='ltr'><strong>’ὸν</strong></span> 
     </span>
    </p>
   </div>
   <div class='ocr_carea' id='block_1_44' title="bbox 2157 1415 3808 1496">
    <p class='ocr_par' dir='ltr' id='par_1_44' title="bbox 2157 1415 3808 1496">
     <span class='ocr_line' id='line_1_44' title="bbox 2157 1415 3808 1496; baseline 0.002 -24"><span class='ocrx_word' id='word_1_298' title='bbox 2157 1416 2332 1495; x_wconf 77' lang='grc' dir='ltr'>ἐφίλει</span> <span class='ocrx_word' id='word_1_299' title='bbox 2369 1417 2517 1491; x_wconf 86' lang='grc' dir='ltr'>μάλα</span> <span class='ocrx_word' id='word_1_300' title='bbox 2560 1423 2672 1474; x_wconf 88' lang='grc' dir='ltr'><strong>τῶν</strong></span> <span class='ocrx_word' id='word_1_301' title='bbox 2729 1415 3005 1496; x_wconf 79' lang='grc' dir='ltr'>ἀδελφῶν,</span> <span class='ocrx_word' id='word_1_302' title='bbox 3057 1418 3394 1496; x_wconf 86' lang='grc' dir='ltr'>Ἀντίγονον.</span> <span class='ocrx_word' id='word_1_303' title='bbox 3444 1421 3514 1475; x_wconf 80' lang='grc' dir='ltr'><strong>Τὸ</strong></span> <span class='ocrx_word' id='word_1_304' title='bbox 3555 1417 3603 1475; x_wconf 86' lang='grc' dir='ltr'>δ’</span> <span class='ocrx_word' id='word_1_305' title='bbox 3631 1419 3808 1492; x_wconf 74' lang='grc' dir='ltr'>ὅπως,</span> 
     </span>
    </p>
   </div>
   <div class='ocr_carea' id='block_1_45' title="bbox 2156 1503 3808 1584">
    <p class='ocr_par' dir='ltr' id='par_1_45' title="bbox 2156 1503 3808 1584">
     <span class='ocr_line' id='line_1_45' title="bbox 2156 1503 3808 1584; baseline 0.001 -22"><span class='ocrx_word' id='word_1_306' title='bbox 2156 1508 2412 1580; x_wconf 78' lang='grc' dir='ltr'>Ἰωσήπῳ</span> <span class='ocrx_word' id='word_1_307' title='bbox 2441 1511 2794 1582; x_wconf 77' lang='grc' dir='ltr'>παραχωρεῖν</span> <span class='ocrx_word' id='word_1_308' title='bbox 2835 1503 3143 1584; x_wconf 76' lang='grc' dir='ltr'>διηγεῖσθαι</span> <span class='ocrx_word' id='word_1_309' title='bbox 3194 1508 3372 1582; x_wconf 86' lang='grc' dir='ltr'>θέμις.</span> <span class='ocrx_word' id='word_1_310' title='bbox 3424 1508 3498 1564; x_wconf 84' lang='grc' dir='ltr'>Ού</span> <span class='ocrx_word' id='word_1_311' title='bbox 3553 1505 3724 1564; x_wconf 80' lang='grc' dir='ltr'>πλέον</span> <span class='ocrx_word' id='word_1_312' title='bbox 3756 1506 3808 1563; x_wconf 85' lang='grc' dir='ltr'>δ’</span> 
     </span>
    </p>
   </div>
   <div class='ocr_carea' id='block_1_46' title="bbox 2156 1593 3810 1672">
    <p class='ocr_par' dir='ltr' id='par_1_46' title="bbox 2156 1593 3810 1672">
     <span class='ocr_line' id='line_1_46' title="bbox 2156 1593 3810 1672; baseline 0.002 -22"><span class='ocrx_word' id='word_1_313' title='bbox 2156 1593 2401 1652; x_wconf 77' lang='grc' dir='ltr'>ἐνιαυτοῦ</span> <span class='ocrx_word' id='word_1_314' title='bbox 2457 1597 2547 1652; x_wconf 87' lang='grc' dir='ltr'><strong>καὶ</strong></span> <span class='ocrx_word' id='word_1_315' title='bbox 2606 1597 2770 1658; x_wconf 83' lang='grc' dir='ltr'>αὐτὸς</span> <span class='ocrx_word' id='word_1_316' title='bbox 2847 1599 3211 1672; x_wconf 68' lang='grc' dir='ltr'>ἡγησάμενος,</span> <span class='ocrx_word' id='word_1_317' title='bbox 3291 1596 3561 1654; x_wconf 71' lang='grc' dir='ltr'>ἐτελεύτα.</span> <span class='ocrx_word' id='word_1_318' title='bbox 3623 1603 3687 1654; x_wconf 85' lang='grc' dir='ltr'>Ἡ</span> <span class='ocrx_word' id='word_1_319' title='bbox 3747 1595 3810 1654; x_wconf 65' lang='grc' dir='ltr'>δὲ</span> 
     </span>
    </p>
   </div>
   <div class='ocr_carea' id='block_1_47' title="bbox 2153 1683 3810 1764">
    <p class='ocr_par' dir='ltr' id='par_1_47' title="bbox 2153 1683 3810 1764">
     <span class='ocr_line' id='line_1_47' title="bbox 2153 1683 3810 1764; baseline 0.002 -26"><span class='ocrx_word' id='word_1_320' title='bbox 2153 1687 2291 1760; x_wconf 88' lang='grc' dir='ltr'><strong>γυνὴ</strong></span> <span class='ocrx_word' id='word_1_321' title='bbox 2324 1685 2448 1747; x_wconf 79' lang='grc' dir='ltr'>τοὺς</span> <span class='ocrx_word' id='word_1_322' title='bbox 2489 1685 2690 1740; x_wconf 79' lang='grc' dir='ltr'>ἐκείνου</span> <span class='ocrx_word' id='word_1_323' title='bbox 2739 1683 3013 1764; x_wconf 70' lang='grc' dir='ltr'>ἀδελφοὺς</span> <span class='ocrx_word' id='word_1_324' title='bbox 3056 1685 3265 1740; x_wconf 80' lang='grc' dir='ltr'><strong>λύσασα</strong></span> <span class='ocrx_word' id='word_1_325' title='bbox 3303 1691 3412 1741; x_wconf 89' lang='grc' dir='ltr'><strong>τῶν</strong></span> <span class='ocrx_word' id='word_1_326' title='bbox 3463 1684 3704 1759; x_wconf 80' lang='grc' dir='ltr'>δεσμῶν,</span> <span class='ocrx_word' id='word_1_327' title='bbox 3745 1689 3810 1762; x_wconf 79' lang='grc' dir='ltr'>χ’</span> 
     </span>
    </p>
   </div>
   <div class='ocr_carea' id='block_1_48' title="bbox 2155 1769 3809 1850">
    <p class='ocr_par' dir='ltr' id='par_1_48' title="bbox 2155 1769 3809 1850">
     <span class='ocr_line' id='line_1_48' title="bbox 2155 1769 3809 1850; baseline 0 -22"><span class='ocrx_word' id='word_1_328' title='bbox 2155 1769 2342 1847; x_wconf 79' lang='grc' dir='ltr'>ἅτερον</span> <span class='ocrx_word' id='word_1_329' title='bbox 2390 1775 2484 1846; x_wconf 76' lang='grc' dir='ltr'><strong>μέν</strong></span> <span class='ocrx_word' id='word_1_330' title='bbox 2525 1773 2618 1828; x_wconf 85' lang='grc' dir='ltr'><strong>τὸν</strong></span> <span class='ocrx_word' id='word_1_331' title='bbox 2652 1775 2771 1828; x_wconf 87' lang='grc' dir='ltr'>καθ’</span> <span class='ocrx_word' id='word_1_332' title='bbox 2811 1771 3032 1842; x_wconf 77' lang='grc' dir='ltr'>ἡλικίαν</span> <span class='ocrx_word' id='word_1_333' title='bbox 3081 1771 3346 1850; x_wconf 72' lang='grc' dir='ltr'>προύχειν</span> <span class='ocrx_word' id='word_1_334' title='bbox 3395 1772 3658 1832; x_wconf 74' lang='grc' dir='ltr'>δοκοῦντα</span> <span class='ocrx_word' id='word_1_335' title='bbox 3711 1776 3809 1850; x_wconf 84' lang='grc' dir='ltr'><strong>βα-</strong></span> 
     </span>
    </p>
   </div>
   <div class='ocr_carea' id='block_1_49' title="bbox 2153 1859 3804 1938">
    <p class='ocr_par' dir='ltr' id='par_1_49' title="bbox 2153 1859 3804 1938">
     <span class='ocr_line' id='line_1_49' title="bbox 2153 1859 3804 1938; baseline 0.001 -22"><span class='ocrx_word' id='word_1_336' title='bbox 2153 1861 2310 1917; x_wconf 80' lang='grc' dir='ltr'>σιλέα</span> <span class='ocrx_word' id='word_1_337' title='bbox 2339 1863 2675 1932; x_wconf 73' lang='grc' dir='ltr'>καθίστησιν,</span> <span class='ocrx_word' id='word_1_338' title='bbox 2728 1859 3084 1938; x_wconf 82' lang='grc' dir='ltr'>Ἀλέξανδρον</span> <span class='ocrx_word' id='word_1_339' title='bbox 3134 1861 3308 1936; x_wconf 77' lang='grc' dir='ltr'>ὄνομα</span> <span class='ocrx_word' id='word_1_340' title='bbox 3333 1885 3345 1897; x_wconf 90' lang='grc'><strong>·</strong></span> <span class='ocrx_word' id='word_1_341' title='bbox 3379 1864 3439 1926; x_wconf 82' lang='grc' dir='ltr'><strong>’ὃς</strong></span> <span class='ocrx_word' id='word_1_342' title='bbox 3473 1862 3568 1919; x_wconf 82' lang='grc' dir='ltr'><strong>τόν</strong></span> <span class='ocrx_word' id='word_1_343' title='bbox 3611 1861 3804 1938; x_wconf 71' lang='grc' dir='ltr'>ἕτερον</span> 
     </span>
    </p>
   </div>
   <div class='ocr_carea' id='block_1_50' title="bbox 2156 1949 3805 2029">
    <p class='ocr_par' dir='ltr' id='par_1_50' title="bbox 2156 1949 3805 2029">
     <span class='ocr_line' id='line_1_50' title="bbox 2156 1949 3805 2029; baseline 0.001 -23"><span class='ocrx_word' id='word_1_344' title='bbox 2156 1957 2263 2006; x_wconf 87' lang='grc' dir='ltr'><strong>τῶν</strong></span> <span class='ocrx_word' id='word_1_345' title='bbox 2293 1949 2542 2029; x_wconf 68' lang='grc' dir='ltr'>ἀδελφῶν</span> <span class='ocrx_word' id='word_1_346' title='bbox 2585 1949 2943 2028; x_wconf 83' lang='grc' dir='ltr'>βασιλειῶντα</span> <span class='ocrx_word' id='word_1_347' title='bbox 2972 1953 3156 2026; x_wconf 83' lang='grc' dir='ltr'>γνοὺς,</span> <span class='ocrx_word' id='word_1_348' title='bbox 3208 1950 3410 2008; x_wconf 80' lang='grc' dir='ltr'>ἔκτεινε</span> <span class='ocrx_word' id='word_1_349' title='bbox 3432 1974 3445 1986; x_wconf 75' lang='grc' dir='ltr'><strong>ο</strong></span> <span class='ocrx_word' id='word_1_350' title='bbox 3494 1952 3588 2007; x_wconf 82' lang='grc' dir='ltr'>τὸν</span> <span class='ocrx_word' id='word_1_351' title='bbox 3623 1951 3670 2008; x_wconf 86' lang='grc' dir='ltr'>δ’</span> <span class='ocrx_word' id='word_1_352' title='bbox 3699 1951 3805 2008; x_wconf 76' lang='grc' dir='ltr'><strong>ἄλο</strong></span> 
     </span>
    </p>
   </div>
   <div class='ocr_carea' id='block_1_51' title="bbox 2151 2037 3808 2115">
    <p class='ocr_par' dir='ltr' id='par_1_51' title="bbox 2151 2037 3808 2115">
     <span class='ocr_line' id='line_1_51' title="bbox 2151 2037 3808 2115; baseline 0.001 -21"><span class='ocrx_word' id='word_1_353' title='bbox 2151 2039 2248 2095; x_wconf 92' lang='grc' dir='ltr'><strong>λον</strong></span> <span class='ocrx_word' id='word_1_354' title='bbox 2297 2037 2430 2115; x_wconf 87' lang='grc' dir='ltr'>δίχα</span> <span class='ocrx_word' id='word_1_355' title='bbox 2487 2041 2826 2115; x_wconf 80' lang='grc' dir='ltr'>πραγμάτων</span> <span class='ocrx_word' id='word_1_356' title='bbox 2875 2043 2972 2115; x_wconf 77' lang='grc' dir='ltr'><strong>ζῇν</strong></span> <span class='ocrx_word' id='word_1_357' title='bbox 3025 2040 3372 2115; x_wconf 73' lang='grc' dir='ltr'>αἱρούμενον,</span> <span class='ocrx_word' id='word_1_358' title='bbox 3427 2039 3604 2096; x_wconf 86' lang='grc' dir='ltr'>ε’ίασεν</span> <span class='ocrx_word' id='word_1_359' title='bbox 3657 2038 3808 2096; x_wconf 86' lang='grc' dir='ltr'>ίδιο-</span> 
     </span>
    </p>
   </div>
   <div class='ocr_carea' id='block_1_52' title="bbox 2150 2126 3806 2205">
    <p class='ocr_par' dir='ltr' id='par_1_52' title="bbox 2150 2126 3806 2205">
     <span class='ocr_line' id='line_1_52' title="bbox 2150 2126 3806 2205; baseline 0.002 -22"><span class='ocrx_word' id='word_1_360' title='bbox 2150 2136 2380 2205; x_wconf 85' lang='grc' dir='ltr'>πραγεῖν</span> <span class='ocrx_word' id='word_1_361' title='bbox 2422 2130 2608 2201; x_wconf 82' lang='grc' dir='ltr'>Τούτῳ</span> <span class='ocrx_word' id='word_1_362' title='bbox 2656 2126 2722 2199; x_wconf 79' lang='grc' dir='ltr'><strong>δὴ</strong></span> <span class='ocrx_word' id='word_1_363' title='bbox 2768 2130 2904 2202; x_wconf 87' lang='grc' dir='ltr'>πρὸς</span> <span class='ocrx_word' id='word_1_364' title='bbox 2947 2129 3042 2185; x_wconf 87' lang='grc' dir='ltr'>τὸν</span> <span class='ocrx_word' id='word_1_365' title='bbox 3091 2129 3442 2200; x_wconf 85' lang='grc' dir='ltr'>Κλεοπάτρας</span> <span class='ocrx_word' id='word_1_366' title='bbox 3487 2131 3603 2185; x_wconf 75' lang='grc' dir='ltr'>υἱὸν</span> <span class='ocrx_word' id='word_1_367' title='bbox 3655 2137 3806 2186; x_wconf 74' lang='lat' dir='ltr'><strong>[Ito-</strong></span> 
     </span>
    </p>
   </div>
   <div class='ocr_carea' id='block_1_53' title="bbox 2152 2215 3799 2296">
    <p class='ocr_par' dir='ltr' id='par_1_53' title="bbox 2152 2215 3799 2296">
     <span class='ocr_line' id='line_1_53' title="bbox 2152 2215 3799 2296; baseline 0 -22"><span class='ocrx_word' id='word_1_368' title='bbox 2152 2217 2381 2293; x_wconf 86' lang='grc' dir='ltr'>λεμαῖον</span> <span class='ocrx_word' id='word_1_369' title='bbox 2412 2218 2504 2274; x_wconf 89' lang='grc' dir='ltr'>τὸν</span> <span class='ocrx_word' id='word_1_370' title='bbox 2537 2218 2812 2294; x_wconf 79' lang='grc' dir='ltr'>Λάθουρον</span> <span class='ocrx_word' id='word_1_371' title='bbox 2848 2217 3215 2289; x_wconf 71' lang='grc' dir='ltr'>ἐπικληθέντα</span> <span class='ocrx_word' id='word_1_372' title='bbox 3245 2215 3501 2292; x_wconf 77' lang='grc' dir='ltr'>συμϐολὴ</span> <span class='ocrx_word' id='word_1_373' title='bbox 3548 2219 3759 2296; x_wconf 86' lang='grc' dir='ltr'>γίνεται</span> <span class='ocrx_word' id='word_1_374' title='bbox 3785 2239 3799 2250; x_wconf 75' lang='grc'><strong>⁸</strong></span> 
     </span>
    </p>
   </div>
   <div class='ocr_carea' id='block_1_54' title="bbox 2150 2303 3806 2387">
    <p class='ocr_par' dir='ltr' id='par_1_54' title="bbox 2150 2303 3806 2387">
     <span class='ocr_line' id='line_1_54' title="bbox 2150 2303 3806 2387; baseline 0.001 -25"><span class='ocrx_word' id='word_1_375' title='bbox 2150 2307 2239 2362; x_wconf 82' lang='grc' dir='ltr'><strong>καὶ</strong></span> <span class='ocrx_word' id='word_1_376' title='bbox 2272 2311 2396 2378; x_wconf 81' lang='grc' dir='ltr'>νικᾷ</span> <span class='ocrx_word' id='word_1_377' title='bbox 2441 2306 2774 2382; x_wconf 87' lang='grc' dir='ltr'>κατακράτος</span> <span class='ocrx_word' id='word_1_378' title='bbox 2825 2303 3176 2381; x_wconf 79' lang='grc' dir='ltr'>Ἀλέξανδρος</span> <span class='ocrx_word' id='word_1_379' title='bbox 3205 2328 3219 2342; x_wconf 78' lang='grc' dir='ltr'><strong><em>ο</em></strong></span> <span class='ocrx_word' id='word_1_380' title='bbox 3273 2305 3531 2387; x_wconf 82' lang='grc' dir='ltr'>διωχθεὶς</span> <span class='ocrx_word' id='word_1_381' title='bbox 3571 2306 3632 2363; x_wconf 73' lang='grc' dir='ltr'><strong>δὲ</strong></span> <span class='ocrx_word' id='word_1_382' title='bbox 3663 2314 3806 2364; x_wconf 88' lang='grc' dir='ltr'>Πτο-</span> 
     </span>
    </p>
   </div>
   <div class='ocr_carea' id='block_1_55' title="bbox 2153 2394 3800 2474">
    <p class='ocr_par' dir='ltr' id='par_1_55' title="bbox 2153 2394 3800 2474">
     <span class='ocr_line' id='line_1_55' title="bbox 2153 2394 3800 2474; baseline 0.001 -22"><span class='ocrx_word' id='word_1_383' title='bbox 2153 2397 2380 2469; x_wconf 88' lang='grc' dir='ltr'>λεμαῖος</span> <span class='ocrx_word' id='word_1_384' title='bbox 2439 2397 2544 2450; x_wconf 81' lang='grc' dir='ltr'><strong>ὑπὸ</strong></span> <span class='ocrx_word' id='word_1_385' title='bbox 2613 2403 2713 2466; x_wconf 81' lang='grc' dir='ltr'>τῆς</span> <span class='ocrx_word' id='word_1_386' title='bbox 2775 2398 2982 2471; x_wconf 85' lang='grc' dir='ltr'>μητρὸς</span> <span class='ocrx_word' id='word_1_387' title='bbox 3052 2394 3419 2471; x_wconf 84' lang='grc' dir='ltr'>Κλεοπάτρας,</span> <span class='ocrx_word' id='word_1_388' title='bbox 3491 2400 3800 2474; x_wconf 81' lang='grc' dir='ltr'>μετεχώρει</span> 
     </span>
    </p>
   </div>
   <div class='ocr_carea' id='block_1_56' title="bbox 2149 2482 3799 2565">
    <p class='ocr_par' dir='ltr' id='par_1_56' title="bbox 2149 2482 3799 2565">
     <span class='ocr_line' id='line_1_56' title="bbox 2149 2482 3799 2565; baseline 0.001 -25"><span class='ocrx_word' id='word_1_389' title='bbox 2149 2487 2286 2560; x_wconf 85' lang='grc' dir='ltr'>πρὸς</span> <span class='ocrx_word' id='word_1_390' title='bbox 2342 2483 2633 2561; x_wconf 50' lang='grc' dir='ltr'>Ατίγυπτον.</span> <span class='ocrx_word' id='word_1_391' title='bbox 2697 2483 2886 2540; x_wconf 77' lang='grc' dir='ltr'>Πολλὰ</span> <span class='ocrx_word' id='word_1_392' title='bbox 2942 2482 2999 2539; x_wconf 74' lang='grc' dir='ltr'>δὲ</span> <span class='ocrx_word' id='word_1_393' title='bbox 3055 2489 3171 2548; x_wconf 88' lang='grc' dir='ltr'>τοῖς</span> <span class='ocrx_word' id='word_1_394' title='bbox 3231 2485 3537 2565; x_wconf 72' lang='grc' dir='ltr'>ὁμοφύλοις</span> <span class='ocrx_word' id='word_1_395' title='bbox 3595 2486 3799 2562; x_wconf 80' lang='grc' dir='ltr'>δράσας</span> 
     </span>
    </p>
   </div>
   <div class='ocr_carea' id='block_1_57' title="bbox 2150 2571 3800 2650">
    <p class='ocr_par' dir='ltr' id='par_1_57' title="bbox 2150 2571 3800 2650">
     <span class='ocr_line' id='line_1_57' title="bbox 2150 2571 3800 2650; baseline 0.001 -20"><span class='ocrx_word' id='word_1_396' title='bbox 2150 2572 2507 2648; x_wconf 82' lang='grc' dir='ltr'>Ἀλέξανδρος</span> <span class='ocrx_word' id='word_1_397' title='bbox 2555 2571 2822 2650; x_wconf 83' lang='grc' dir='ltr'>δυσχερῆ,</span> <span class='ocrx_word' id='word_1_398' title='bbox 2861 2575 2936 2636; x_wconf 87' lang='grc' dir='ltr'>ὡς</span> <span class='ocrx_word' id='word_1_399' title='bbox 2983 2577 3072 2630; x_wconf 84' lang='grc' dir='ltr'><strong>καὶ</strong></span> <span class='ocrx_word' id='word_1_400' title='bbox 3125 2574 3477 2638; x_wconf 79' lang='grc' dir='ltr'>ἂκτακοσίους</span> <span class='ocrx_word' id='word_1_401' title='bbox 3528 2574 3800 2632; x_wconf 77' lang='grc' dir='ltr'>ἀναπαυ-</span> 
     </span>
    </p>
   </div>
   <div class='ocr_carea' id='block_1_58' title="bbox 2151 2662 3796 2741">
    <p class='ocr_par' dir='ltr' id='par_1_58' title="bbox 2151 2662 3796 2741">
     <span class='ocr_line' id='line_1_58' title="bbox 2151 2662 3796 2741; baseline 0.001 -23"><span class='ocrx_word' id='word_1_402' title='bbox 2151 2670 2344 2740; x_wconf 87' lang='grc' dir='ltr'>ρῶσαι,</span> <span class='ocrx_word' id='word_1_403' title='bbox 2393 2663 2727 2736; x_wconf 82' lang='grc' dir='ltr'>τεταρταίοις</span> <span class='ocrx_word' id='word_1_404' title='bbox 2779 2662 3008 2741; x_wconf 75' lang='grc' dir='ltr'>ληφθεὶς</span> <span class='ocrx_word' id='word_1_405' title='bbox 3057 2669 3300 2726; x_wconf 74' lang='grc' dir='ltr'>πυρετῶν</span> <span class='ocrx_word' id='word_1_406' title='bbox 3350 2663 3654 2737; x_wconf 86' lang='grc' dir='ltr'>περιόδοις,</span> <span class='ocrx_word' id='word_1_407' title='bbox 3701 2668 3796 2722; x_wconf 87' lang='grc' dir='ltr'>τὸν</span> 
     </span>
    </p>
   </div>
   <div class='ocr_carea' id='block_1_59' title="bbox 2155 2751 3798 2827">
    <p class='ocr_par' dir='ltr' id='par_1_59' title="bbox 2155 2751 3798 2827">
     <span class='ocr_line' id='line_1_59' title="bbox 2155 2751 3798 2827; baseline 0.001 -20"><span class='ocrx_word' id='word_1_408' title='bbox 2155 2752 2270 2827; x_wconf 88' lang='grc' dir='ltr'>βίον</span> <span class='ocrx_word' id='word_1_409' title='bbox 2307 2752 2634 2825; x_wconf 74' lang='grc' dir='ltr'>μετήλλαξε,</span> <span class='ocrx_word' id='word_1_410' title='bbox 2673 2756 2743 2825; x_wconf 81' lang='grc' dir='ltr'>τῇ</span> <span class='ocrx_word' id='word_1_411' title='bbox 2781 2752 2994 2826; x_wconf 85' lang='grc' dir='ltr'>γυναικί</span> <span class='ocrx_word' id='word_1_412' title='bbox 3037 2751 3268 2827; x_wconf 79' lang='grc' dir='ltr'>Σαλίνῃ,</span> <span class='ocrx_word' id='word_1_413' title='bbox 3314 2755 3383 2826; x_wconf 78' lang='grc' dir='ltr'>τῇ</span> <span class='ocrx_word' id='word_1_414' title='bbox 3413 2753 3502 2808; x_wconf 83' lang='grc' dir='ltr'><strong>καὶ</strong></span> <span class='ocrx_word' id='word_1_415' title='bbox 3544 2753 3798 2824; x_wconf 79' lang='grc' dir='ltr'>Ἀλεξαν-</span> 
     </span>
    </p>
   </div>
   <div class='ocr_carea' id='block_1_60' title="bbox 2150 2839 3792 2916">
    <p class='ocr_par' dir='ltr' id='par_1_60' title="bbox 2150 2839 3792 2916">
     <span class='ocr_line' id='line_1_60' title="bbox 2150 2839 3792 2916; baseline 0.001 -20"><span class='ocrx_word' id='word_1_416' title='bbox 2150 2839 2269 2916; x_wconf 76' lang='grc' dir='ltr'>δρᾳ,</span> <span class='ocrx_word' id='word_1_417' title='bbox 2310 2841 2408 2908; x_wconf 80' lang='grc' dir='ltr'>τήν</span> <span class='ocrx_word' id='word_1_418' title='bbox 2467 2839 2742 2915; x_wconf 77' lang='grc' dir='ltr'>βασιλείαν</span> <span class='ocrx_word' id='word_1_419' title='bbox 2793 2839 3130 2896; x_wconf 82' lang='grc' dir='ltr'>καταλιπών.</span> <span class='ocrx_word' id='word_1_420' title='bbox 3180 2840 3445 2910; x_wconf 82' lang='grc' dir='ltr'>Τηνικάδε</span> <span class='ocrx_word' id='word_1_421' title='bbox 3475 2839 3652 2897; x_wconf 77' lang='grc' dir='ltr'>δὲκαὶ</span> <span class='ocrx_word' id='word_1_422' title='bbox 3687 2851 3792 2898; x_wconf 79' lang='grc' dir='ltr'><strong>Δα·</strong></span> 
     </span>
    </p>
   </div>
   <div class='ocr_carea' id='block_1_61' title="bbox 2153 2928 3792 3004">
    <p class='ocr_par' dir='ltr' id='par_1_61' title="bbox 2153 2928 3792 3004">
     <span class='ocr_line' id='line_1_61' title="bbox 2153 2928 3792 3004; baseline 0.001 -20"><span class='ocrx_word' id='word_1_423' title='bbox 2153 2929 2418 3002; x_wconf 83' lang='grc' dir='ltr'>μασκηνοὶ</span> <span class='ocrx_word' id='word_1_424' title='bbox 2476 2930 2567 2983; x_wconf 86' lang='grc' dir='ltr'><strong>τὸν</strong></span> <span class='ocrx_word' id='word_1_425' title='bbox 2652 2930 2866 3004; x_wconf 83' lang='grc' dir='ltr'>Πάρθον</span> <span class='ocrx_word' id='word_1_426' title='bbox 2941 2930 3156 3003; x_wconf 83' lang='grc' dir='ltr'>Ἀρέταν</span> <span class='ocrx_word' id='word_1_427' title='bbox 3233 2928 3369 2984; x_wconf 85' lang='grc' dir='ltr'>κατά</span> <span class='ocrx_word' id='word_1_428' title='bbox 3442 2928 3792 3003; x_wconf 80' lang='grc' dir='ltr'>Πτολεμαίου</span> 
     </span>
    </p>
   </div>
   <div class='ocr_carea' id='block_1_62' title="bbox 2149 3015 3791 3094">
    <p class='ocr_par' dir='ltr' id='par_1_62' title="bbox 2149 3015 3791 3094">
     <span class='ocr_line' id='line_1_62' title="bbox 2149 3015 3791 3094; baseline 0 -22"><span class='ocrx_word' id='word_1_429' title='bbox 2149 3017 2465 3094; x_wconf 77' lang='grc' dir='ltr'>ἐπάγονται,</span> <span class='ocrx_word' id='word_1_430' title='bbox 2513 3017 2602 3071; x_wconf 81' lang='grc' dir='ltr'><strong>καὶ</strong></span> <span class='ocrx_word' id='word_1_431' title='bbox 2649 3018 2748 3084; x_wconf 79' lang='grc' dir='ltr'>τῆς</span> <span class='ocrx_word' id='word_1_432' title='bbox 2799 3015 3006 3083; x_wconf 84' lang='grc' dir='ltr'>Κοίλης</span> <span class='ocrx_word' id='word_1_433' title='bbox 3059 3017 3259 3091; x_wconf 86' lang='grc' dir='ltr'>Κυρίας</span> <span class='ocrx_word' id='word_1_434' title='bbox 3311 3015 3536 3091; x_wconf 81' lang='grc' dir='ltr'>βασιλέα</span> <span class='ocrx_word' id='word_1_435' title='bbox 3581 3017 3791 3094; x_wconf 82' lang='grc' dir='ltr'>ἐγκαθι-</span> 
     </span>
    </p>
   </div>
   <div class='ocr_carea' id='block_1_63' title="bbox 2149 3101 3788 3183">
    <p class='ocr_par' dir='ltr' id='par_1_63' title="bbox 2149 3101 3788 3183">
     <span class='ocr_line' id='line_1_63' title="bbox 2149 3101 3788 3183; baseline 0.001 -22"><span class='ocrx_word' id='word_1_436' title='bbox 2149 3112 2344 3162; x_wconf 76' lang='grc' dir='ltr'>στῶσιν</span> <span class='ocrx_word' id='word_1_437' title='bbox 2367 3126 2380 3138; x_wconf 82' lang='lat'><strong><em>°</em></strong></span> <span class='ocrx_word' id='word_1_438' title='bbox 2415 3107 2474 3168; x_wconf 87' lang='grc' dir='ltr'><strong>’ὀς</strong></span> <span class='ocrx_word' id='word_1_439' title='bbox 2511 3106 2665 3183; x_wconf 84' lang='grc' dir='ltr'>μάχῃ</span> <span class='ocrx_word' id='word_1_440' title='bbox 2696 3109 2803 3160; x_wconf 88' lang='grc' dir='ltr'><strong>τῶν</strong></span> <span class='ocrx_word' id='word_1_441' title='bbox 2844 3101 3119 3160; x_wconf 78' lang='grc' dir='ltr'>Ἰουδαίων</span> <span class='ocrx_word' id='word_1_442' title='bbox 3156 3105 3595 3180; x_wconf 88' lang='grc' dir='ltr'>περιγενόμενος,</span> <span class='ocrx_word' id='word_1_443' title='bbox 3649 3105 3788 3162; x_wconf 85' lang='grc' dir='ltr'>έκεῖ-</span> 
     </span>
    </p>
   </div>
   <div class='ocr_carea' id='block_1_64' title="bbox 2147 3191 3785 3269">
    <p class='ocr_par' dir='ltr' id='par_1_64' title="bbox 2147 3191 3785 3269">
     <span class='ocr_line' id='line_1_64' title="bbox 2147 3191 3785 3269; baseline -0.001 -19"><span class='ocrx_word' id='word_1_444' title='bbox 2147 3197 2232 3250; x_wconf 88' lang='grc' dir='ltr'><strong>θεν</strong></span> <span class='ocrx_word' id='word_1_445' title='bbox 2286 3197 2423 3250; x_wconf 75' lang='grc' dir='ltr'>κατα</span> <span class='ocrx_word' id='word_1_446' title='bbox 2471 3197 2736 3262; x_wconf 75' lang='grc' dir='ltr'>συνθήκας</span> <span class='ocrx_word' id='word_1_447' title='bbox 2786 3191 3050 3269; x_wconf 77' lang='grc' dir='ltr'>ἀνεχώρει</span> <span class='ocrx_word' id='word_1_448' title='bbox 3098 3192 3270 3256; x_wconf 81' lang='grc' dir='ltr'>αὖθις.</span> <span class='ocrx_word' id='word_1_449' title='bbox 3324 3197 3401 3268; x_wconf 83' lang='grc' dir='ltr'><strong>Γῇ</strong></span> <span class='ocrx_word' id='word_1_450' title='bbox 3448 3191 3504 3249; x_wconf 79' lang='grc' dir='ltr'>δὲ</span> <span class='ocrx_word' id='word_1_451' title='bbox 3555 3193 3785 3269; x_wconf 77' lang='grc' dir='ltr'>Σαλίνῃ,</span> 
     </span>
    </p>
   </div>
   <div class='ocr_carea' id='block_1_65' title="bbox 395 3261 2038 3364">
    <p class='ocr_par' dir='ltr' id='par_1_65' title="bbox 395 3261 2032 3364">
     <span class='ocr_line' id='line_1_65' title="bbox 395 3261 2032 3364; baseline -0.006 -14"><span class='ocrx_word' id='word_1_452' title='bbox 395 3308 588 3364; x_wconf 88' lang='lat' dir='ltr'><strong>regem</strong></span> <span class='ocrx_word' id='word_1_453' title='bbox 613 3261 732 3348; x_wconf 37' lang='lat'><strong>:58</strong></span> <span class='ocrx_word' id='word_1_454' title='bbox 760 3286 1082 3353; x_wconf 89' lang='lat' dir='ltr'><strong>constituit,</strong></span> <span class='ocrx_word' id='word_1_455' title='bbox 1127 3261 1413 3356; x_wconf 12' lang='lat' dir='ltr'><strong>quiimox</strong></span> <span class='ocrx_word' id='word_1_456' title='bbox 1459 3283 1734 3353; x_wconf 88' lang='lat' dir='ltr'><strong>alterum,</strong></span> <span class='ocrx_word' id='word_1_457' title='bbox 1787 3261 2032 3356; x_wconf 85' lang='lat' dir='ltr'><strong>regnum</strong></span> 
     </span>
    </p>
   </div>
   <div class='ocr_carea' id='block_1_66' title="bbox 2150 3261 3786 3364">
    <p class='ocr_par' dir='ltr' id='par_1_66' title="bbox 2150 3261 3786 3358">
     <span class='ocr_line' id='line_1_66' title="bbox 2150 3261 3786 3358; baseline -0.001 -19"><span class='ocrx_word' id='word_1_458' title='bbox 2150 3281 2242 3340; x_wconf 85' lang='grc' dir='ltr'><strong>δύο</strong></span> <span class='ocrx_word' id='word_1_459' title='bbox 2300 3283 2468 3339; x_wconf 79' lang='grc' dir='ltr'>ὄντων</span> <span class='ocrx_word' id='word_1_460' title='bbox 2525 3261 2684 3338; x_wconf 72' lang='grc' dir='ltr'>υἱέων</span> <span class='ocrx_word' id='word_1_461' title='bbox 2745 3281 2797 3350; x_wconf 78' lang='grc' dir='ltr'><strong>ἐξ</strong></span> <span class='ocrx_word' id='word_1_462' title='bbox 2849 3261 3227 3356; x_wconf 49' lang='grc' dir='ltr'>’Χλεξάνδροω</span> <span class='ocrx_word' id='word_1_463' title='bbox 3284 3261 3386 3338; x_wconf 41' lang='grc' dir='ltr'>τὸν·</span> <span class='ocrx_word' id='word_1_464' title='bbox 3441 3284 3538 3356; x_wconf 71' lang='grc' dir='ltr'><strong>μέν</strong></span> <span class='ocrx_word' id='word_1_465' title='bbox 3597 3261 3786 3358; x_wconf 59' lang='grc' dir='ltr'>χρόνω</span> 
     </span>
    </p>
   </div>
   <div class='ocr_carea' id='block_1_67' title="bbox 394 3373 2032 3444">
    <p class='ocr_par' dir='ltr' id='par_1_67' title="bbox 394 3373 2032 3444">
     <span class='ocr_line' id='line_1_67' title="bbox 394 3373 2032 3444; baseline -0.004 -7"><span class='ocrx_word' id='word_1_466' title='bbox 394 3382 786 3443; x_wconf 76' lang='lat' dir='ltr'><strong>alfectantem,</strong></span> <span class='ocrx_word' id='word_1_467' title='bbox 814 3374 1106 3431; x_wconf 88' lang='lat' dir='ltr'><strong>trucidat:</strong></span> <span class='ocrx_word' id='word_1_468' title='bbox 1155 3373 1386 3428; x_wconf 86' lang='lat' dir='ltr'><strong>tertium</strong></span> <span class='ocrx_word' id='word_1_469' title='bbox 1438 3389 1593 3440; x_wconf 89' lang='lat' dir='ltr'><strong>vero,</strong></span> <span class='ocrx_word' id='word_1_470' title='bbox 1641 3375 1742 3444; x_wconf 91' lang='lat' dir='ltr'><strong>qui</strong></span> <span class='ocrx_word' id='word_1_471' title='bbox 1791 3374 2032 3430; x_wconf 84' lang='lat' dir='ltr'><strong>otiosam</strong></span> 
     </span>
    </p>
   </div>
   <div class='ocr_carea' id='block_1_68' title="bbox 391 3462 2034 3538">
    <p class='ocr_par' dir='ltr' id='par_1_68' title="bbox 391 3462 2034 3538">
     <span class='ocr_line' id='line_1_68' title="bbox 391 3462 2034 3538; baseline -0.005 -11"><span class='ocrx_word' id='word_1_472' title='bbox 391 3469 505 3528; x_wconf 89' lang='lat' dir='ltr'><strong>sibi</strong></span> <span class='ocrx_word' id='word_1_473' title='bbox 539 3467 829 3538; x_wconf 82' lang='lat' dir='ltr'><strong>delegerat</strong></span> <span class='ocrx_word' id='word_1_474' title='bbox 853 3466 1058 3530; x_wconf 89' lang='lat' dir='ltr'><strong>vitam,</strong></span> <span class='ocrx_word' id='word_1_475' title='bbox 1091 3463 1379 3534; x_wconf 91' lang='lat' dir='ltr'><strong>privatum</strong></span> <span class='ocrx_word' id='word_1_476' title='bbox 1421 3479 1592 3533; x_wconf 88' lang='lat' dir='ltr'><strong>agere</strong></span> <span class='ocrx_word' id='word_1_477' title='bbox 1641 3462 1870 3533; x_wconf 88' lang='lat' dir='ltr'><strong>patitur.</strong></span> <span class='ocrx_word' id='word_1_478' title='bbox 1906 3463 2034 3519; x_wconf 81' lang='lat' dir='ltr'><strong>Ale-</strong></span> 
     </span>
    </p>
   </div>
   <div class='ocr_carea' id='block_1_69' title="bbox 391 3549 2032 3624">
    <p class='ocr_par' dir='ltr' id='par_1_69' title="bbox 391 3549 2032 3624">
     <span class='ocr_line' id='line_1_69' title="bbox 391 3549 2032 3624; baseline -0.005 -8"><span class='ocrx_word' id='word_1_479' title='bbox 391 3560 610 3616; x_wconf 82' lang='lat' dir='ltr'><strong>xander</strong></span> <span class='ocrx_word' id='word_1_480' title='bbox 656 3557 788 3623; x_wconf 86' lang='lat' dir='ltr'><strong>iste,</strong></span> <span class='ocrx_word' id='word_1_481' title='bbox 839 3569 972 3609; x_wconf 90' lang='lat' dir='ltr'><strong>cum</strong></span> <span class='ocrx_word' id='word_1_482' title='bbox 1041 3551 1356 3622; x_wconf 70' lang='lat' dir='ltr'><strong>CleOpatrae</strong></span> <span class='ocrx_word' id='word_1_483' title='bbox 1405 3549 1526 3606; x_wconf 82' lang='lat' dir='ltr'><strong>filio</strong></span> <span class='ocrx_word' id='word_1_484' title='bbox 1575 3551 1884 3607; x_wconf 67' lang='lat' dir='ltr'><strong>Ptolemaeo</strong></span> <span class='ocrx_word' id='word_1_485' title='bbox 1931 3553 2032 3624; x_wconf 88' lang='lat'><strong>(3),</strong></span> 
     </span>
    </p>
   </div>
   <div class='ocr_carea' id='block_1_70' title="bbox 391 3639 2036 3720">
    <p class='ocr_par' dir='ltr' id='par_1_70' title="bbox 391 3639 2036 3720">
     <span class='ocr_line' id='line_1_70' title="bbox 391 3639 2036 3720; baseline -0.006 -14"><span class='ocrx_word' id='word_1_486' title='bbox 391 3649 775 3720; x_wconf 88' lang='lat' dir='ltr'><strong>cognomento</strong></span> <span class='ocrx_word' id='word_1_487' title='bbox 817 3643 1098 3710; x_wconf 88' lang='lat' dir='ltr'><strong>Lathuro,</strong></span> <span class='ocrx_word' id='word_1_488' title='bbox 1143 3639 1340 3712; x_wconf 82' lang='lat' dir='ltr'><strong>praelio</strong></span> <span class='ocrx_word' id='word_1_489' title='bbox 1388 3656 1762 3712; x_wconf 87' lang='lat' dir='ltr'><strong>congressus,</strong></span> <span class='ocrx_word' id='word_1_490' title='bbox 1815 3641 2036 3697; x_wconf 79' lang='lat' dir='ltr'><strong>fortiter</strong></span> 
     </span>
    </p>
   </div>
   <div class='ocr_carea' id='block_1_71' title="bbox 389 3730 2034 3804">
    <p class='ocr_par' dir='ltr' id='par_1_71' title="bbox 389 3730 2034 3804">
     <span class='ocr_line' id='line_1_71' title="bbox 389 3730 2034 3804; baseline -0.004 -10"><span class='ocrx_word' id='word_1_491' title='bbox 389 3739 684 3796; x_wconf 88' lang='lat' dir='ltr'><strong>victoriam</strong></span> <span class='ocrx_word' id='word_1_492' title='bbox 716 3733 1069 3804; x_wconf 83' lang='lat' dir='ltr'><strong>reportavit:</strong></span> <span class='ocrx_word' id='word_1_493' title='bbox 1115 3735 1171 3788; x_wconf 89' lang='lat' dir='ltr'><strong>et</strong></span> <span class='ocrx_word' id='word_1_494' title='bbox 1201 3732 1547 3787; x_wconf 68' lang='lat' dir='ltr'><strong>Ptolemaeus</strong></span> <span class='ocrx_word' id='word_1_495' title='bbox 1580 3747 1613 3786; x_wconf 87' lang='lat' dir='ltr'><strong>a</strong></span> <span class='ocrx_word' id='word_1_496' title='bbox 1644 3736 1830 3786; x_wconf 88' lang='lat' dir='ltr'><strong>matre</strong></span> <span class='ocrx_word' id='word_1_497' title='bbox 1871 3730 2034 3788; x_wconf 89' lang='lat' dir='ltr'><strong>Cleo-</strong></span> 
     </span>
    </p>
   </div>
   <div class='ocr_carea' id='block_1_72' title="bbox 390 3819 2030 3901">
    <p class='ocr_par' dir='ltr' id='par_1_72' title="bbox 390 3819 2030 3901">
     <span class='ocr_line' id='line_1_72' title="bbox 390 3819 2030 3901; baseline -0.005 -18"><span class='ocrx_word' id='word_1_498' title='bbox 390 3833 554 3901; x_wconf 87' lang='lat' dir='ltr'><strong>patra</strong></span> <span class='ocrx_word' id='word_1_499' title='bbox 587 3824 806 3896; x_wconf 89' lang='lat' dir='ltr'><strong>pulsus,</strong></span> <span class='ocrx_word' id='word_1_500' title='bbox 839 3823 897 3877; x_wconf 88' lang='lat' dir='ltr'><strong>in</strong></span> <span class='ocrx_word' id='word_1_501' title='bbox 927 3821 1235 3893; x_wconf 59' lang='lat' dir='ltr'><strong>[Egyptum</strong></span> <span class='ocrx_word' id='word_1_502' title='bbox 1269 3819 1548 3891; x_wconf 84' lang='lat' dir='ltr'><strong>profugit.</strong></span> <span class='ocrx_word' id='word_1_503' title='bbox 1578 3819 1902 3876; x_wconf 85' lang='lat' dir='ltr'><strong>Alexander</strong></span> <span class='ocrx_word' id='word_1_504' title='bbox 1929 3837 2030 3876; x_wconf 88' lang='lat' dir='ltr'><strong>au-</strong></span> 
     </span>
    </p>
   </div>
   <div class='ocr_carea' id='block_1_73' title="bbox 390 3906 2032 3982">
    <p class='ocr_par' dir='ltr' id='par_1_73' title="bbox 390 3906 2032 3982">
     <span class='ocr_line' id='line_1_73' title="bbox 390 3906 2032 3982; baseline -0.004 -11"><span class='ocrx_word' id='word_1_505' title='bbox 390 3922 532 3981; x_wconf 90' lang='lat' dir='ltr'><strong>tem,</strong></span> <span class='ocrx_word' id='word_1_506' title='bbox 583 3929 718 3969; x_wconf 91' lang='lat' dir='ltr'><strong>cum</strong></span> <span class='ocrx_word' id='word_1_507' title='bbox 768 3910 1078 3982; x_wconf 88' lang='lat' dir='ltr'><strong>p0pulares</strong></span> <span class='ocrx_word' id='word_1_508' title='bbox 1126 3909 1404 3980; x_wconf 88' lang='lat' dir='ltr'><strong>gravibus</strong></span> <span class='ocrx_word' id='word_1_509' title='bbox 1451 3906 1734 3964; x_wconf 69' lang='lat' dir='ltr'><strong>effecisset</strong></span> <span class='ocrx_word' id='word_1_510' title='bbox 1774 3909 2032 3980; x_wconf 88' lang='lat' dir='ltr'><strong>injuriis,</strong></span> 
     </span>
    </p>
   </div>
   <div class='ocr_carea' id='block_1_74' title="bbox 389 3996 2035 4071">
    <p class='ocr_par' dir='ltr' id='par_1_74' title="bbox 389 3996 2035 4071">
     <span class='ocr_line' id='line_1_74' title="bbox 389 3996 2035 4071; baseline -0.002 -12"><span class='ocrx_word' id='word_1_511' title='bbox 389 4005 529 4059; x_wconf 87' lang='lat' dir='ltr'><strong>adeo</strong></span> <span class='ocrx_word' id='word_1_512' title='bbox 579 4005 644 4057; x_wconf 90' lang='lat' dir='ltr'><strong>ut</strong></span> <span class='ocrx_word' id='word_1_513' title='bbox 688 3999 1050 4071; x_wconf 88' lang='lat' dir='ltr'><strong>octingentos</strong></span> <span class='ocrx_word' id='word_1_514' title='bbox 1110 3997 1169 4052; x_wconf 88' lang='lat' dir='ltr'><strong>in</strong></span> <span class='ocrx_word' id='word_1_515' title='bbox 1223 4012 1455 4052; x_wconf 90' lang='lat' dir='ltr'><strong>crucem</strong></span> <span class='ocrx_word' id='word_1_516' title='bbox 1505 3996 1703 4068; x_wconf 85' lang='lat' dir='ltr'><strong>egerit,</strong></span> <span class='ocrx_word' id='word_1_517' title='bbox 1753 4002 2035 4068; x_wconf 87' lang='lat' dir='ltr'><strong>quartana</strong></span> 
     </span>
    </p>
   </div>
   <div class='ocr_carea' id='block_1_75' title="bbox 388 4083 2030 4158">
    <p class='ocr_par' dir='ltr' id='par_1_75' title="bbox 388 4083 2030 4158">
     <span class='ocr_line' id='line_1_75' title="bbox 388 4083 2030 4158; baseline -0.003 -11"><span class='ocrx_word' id='word_1_518' title='bbox 388 4090 536 4148; x_wconf 86' lang='lat' dir='ltr'><strong>febri</strong></span> <span class='ocrx_word' id='word_1_519' title='bbox 565 4089 882 4153; x_wconf 88' lang='lat' dir='ltr'><strong>confectus,</strong></span> <span class='ocrx_word' id='word_1_520' title='bbox 916 4085 1088 4140; x_wconf 83' lang='lat' dir='ltr'><strong>vitam</strong></span> <span class='ocrx_word' id='word_1_521' title='bbox 1116 4083 1347 4152; x_wconf 82' lang='lat' dir='ltr'><strong>ﬁniens,</strong></span> <span class='ocrx_word' id='word_1_522' title='bbox 1380 4085 1612 4155; x_wconf 88' lang='lat' dir='ltr'><strong>conjugi</strong></span> <span class='ocrx_word' id='word_1_523' title='bbox 1648 4085 1878 4154; x_wconf 64' lang='lat' dir='ltr'><strong>Salium,</strong></span> <span class='ocrx_word' id='word_1_524' title='bbox 1902 4103 2030 4158; x_wconf 67' lang='lat' dir='ltr'><strong>quae</strong></span> 
     </span>
    </p>
   </div>
   <div class='ocr_carea' id='block_1_76' title="bbox 391 4172 2028 4246">
    <p class='ocr_par' dir='ltr' id='par_1_76' title="bbox 391 4172 2028 4246">
     <span class='ocr_line' id='line_1_76' title="bbox 391 4172 2028 4246; baseline -0.004 -11"><span class='ocrx_word' id='word_1_525' title='bbox 391 4179 568 4235; x_wconf 89' lang='lat' dir='ltr'><strong>etiam</strong></span> <span class='ocrx_word' id='word_1_526' title='bbox 616 4176 689 4246; x_wconf 78' lang='grc'><strong>(4)</strong></span> <span class='ocrx_word' id='word_1_527' title='bbox 737 4173 1063 4230; x_wconf 79' lang='lat' dir='ltr'><strong>Alexandra</strong></span> <span class='ocrx_word' id='word_1_528' title='bbox 1122 4172 1278 4228; x_wconf 89' lang='lat' dir='ltr'><strong>dicta</strong></span> <span class='ocrx_word' id='word_1_529' title='bbox 1327 4176 1434 4239; x_wconf 91' lang='lat' dir='ltr'><strong>est,</strong></span> <span class='ocrx_word' id='word_1_530' title='bbox 1485 4187 1730 4244; x_wconf 84' lang='lat' dir='ltr'><strong>regnum</strong></span> <span class='ocrx_word' id='word_1_531' title='bbox 1773 4173 2028 4245; x_wconf 88' lang='lat' dir='ltr'><strong>reliquit.</strong></span> 
     </span>
    </p>
   </div>
   <div class='ocr_carea' id='block_1_77' title="bbox 389 4261 2027 4335">
    <p class='ocr_par' dir='ltr' id='par_1_77' title="bbox 389 4261 2027 4335">
     <span class='ocr_line' id='line_1_77' title="bbox 389 4261 2027 4335; baseline -0.002 -11"><span class='ocrx_word' id='word_1_532' title='bbox 389 4268 604 4324; x_wconf 85' lang='lat' dir='ltr'><strong>Eodem</strong></span> <span class='ocrx_word' id='word_1_533' title='bbox 635 4270 899 4335; x_wconf 87' lang='lat' dir='ltr'><strong>tempore</strong></span> <span class='ocrx_word' id='word_1_534' title='bbox 945 4267 1004 4318; x_wconf 93' lang='lat' dir='ltr'><strong>et</strong></span> <span class='ocrx_word' id='word_1_535' title='bbox 1067 4261 1406 4318; x_wconf 88' lang='lat' dir='ltr'><strong>Damasceni</strong></span> <span class='ocrx_word' id='word_1_536' title='bbox 1463 4263 1696 4317; x_wconf 89' lang='lat' dir='ltr'><strong>Aretam</strong></span> <span class='ocrx_word' id='word_1_537' title='bbox 1750 4261 2027 4320; x_wconf 84' lang='lat' dir='ltr'><strong>Parthum</strong></span> 
     </span>
    </p>
   </div>
   <div class='ocr_carea' id='block_1_78' title="bbox 389 4349 2026 4424">
    <p class='ocr_par' dir='ltr' id='par_1_78' title="bbox 389 4349 2026 4424">
     <span class='ocr_line' id='line_1_78' title="bbox 389 4349 2026 4424; baseline -0.002 -12"><span class='ocrx_word' id='word_1_538' title='bbox 389 4357 592 4412; x_wconf 89' lang='lat' dir='ltr'><strong>contra</strong></span> <span class='ocrx_word' id='word_1_539' title='bbox 637 4352 1005 4408; x_wconf 75' lang='lat' dir='ltr'><strong>Ptolemaeum</strong></span> <span class='ocrx_word' id='word_1_540' title='bbox 1055 4349 1298 4418; x_wconf 89' lang='lat' dir='ltr'><strong>ducunt,</strong></span> <span class='ocrx_word' id='word_1_541' title='bbox 1349 4358 1404 4406; x_wconf 91' lang='lat' dir='ltr'><strong>et</strong></span> <span class='ocrx_word' id='word_1_542' title='bbox 1452 4349 1775 4423; x_wconf 71' lang='lat' dir='ltr'><strong>Ctelesyrize</strong></span> <span class='ocrx_word' id='word_1_543' title='bbox 1833 4368 2026 4424; x_wconf 89' lang='lat' dir='ltr'><strong>regem</strong></span> 
     </span>
    </p>
   </div>
   <div class='ocr_carea' id='block_1_79' title="bbox 383 4439 2028 4512">
    <p class='ocr_par' dir='ltr' id='par_1_79' title="bbox 383 4439 2028 4512">
     <span class='ocr_line' id='line_1_79' title="bbox 383 4439 2028 4512; baseline -0.003 -9"><span class='ocrx_word' id='word_1_544' title='bbox 383 4445 802 4510; x_wconf 86' lang='lat' dir='ltr'><strong>constituunt;</strong></span> <span class='ocrx_word' id='word_1_545' title='bbox 853 4439 954 4512; x_wconf 90' lang='lat' dir='ltr'><strong>qui</strong></span> <span class='ocrx_word' id='word_1_546' title='bbox 986 4439 1226 4495; x_wconf 86' lang='lat' dir='ltr'><strong>victoria</strong></span> <span class='ocrx_word' id='word_1_547' title='bbox 1272 4441 1475 4496; x_wconf 87' lang='lat' dir='ltr'><strong>contra</strong></span> <span class='ocrx_word' id='word_1_548' title='bbox 1519 4439 1755 4496; x_wconf 67' lang='lat' dir='ltr'><strong>Judwos</strong></span> <span class='ocrx_word' id='word_1_549' title='bbox 1809 4443 2028 4511; x_wconf 87' lang='lat' dir='ltr'><strong>potitus</strong></span> 
     </span>
    </p>
   </div>
   <div class='ocr_carea' id='block_1_80' title="bbox 385 4527 2030 4601">
    <p class='ocr_par' dir='ltr' id='par_1_80' title="bbox 385 4527 2030 4601">
     <span class='ocr_line' id='line_1_80' title="bbox 385 4527 2030 4601; baseline -0.003 -9"><span class='ocrx_word' id='word_1_550' title='bbox 385 4535 521 4592; x_wconf 90' lang='lat' dir='ltr'><strong>inde</strong></span> <span class='ocrx_word' id='word_1_551' title='bbox 551 4549 620 4590; x_wconf 84' lang='lat' dir='ltr'><strong>ex</strong></span> <span class='ocrx_word' id='word_1_552' title='bbox 673 4529 858 4601; x_wconf 88' lang='lat' dir='ltr'><strong>pactis</strong></span> <span class='ocrx_word' id='word_1_553' title='bbox 900 4527 1206 4585; x_wconf 87' lang='lat' dir='ltr'><strong>conventis</strong></span> <span class='ocrx_word' id='word_1_554' title='bbox 1256 4529 1606 4586; x_wconf 88' lang='lat' dir='ltr'><strong>retrocessit.</strong></span> <span class='ocrx_word' id='word_1_555' title='bbox 1657 4529 1866 4586; x_wconf 78' lang='lat' dir='ltr'><strong>Salinae</strong></span> <span class='ocrx_word' id='word_1_556' title='bbox 1915 4532 2030 4588; x_wconf 94' lang='lat' dir='ltr'><strong>duo</strong></span> 
     </span>
    </p>
   </div>
   <div class='ocr_carea' id='block_1_81' title="bbox 2144 3368 3786 3447">
    <p class='ocr_par' dir='ltr' id='par_1_81' title="bbox 2144 3368 3786 3447">
     <span class='ocr_line' id='line_1_81' title="bbox 2144 3368 3786 3447; baseline 0 -19"><span class='ocrx_word' id='word_1_557' title='bbox 2144 3375 2482 3447; x_wconf 84' lang='grc' dir='ltr'>προήκοντα,</span> <span class='ocrx_word' id='word_1_558' title='bbox 2541 3371 2793 3446; x_wconf 87' lang='grc' dir='ltr'>Ὑρκανὸς</span> <span class='ocrx_word' id='word_1_559' title='bbox 2845 3368 3200 3443; x_wconf 72' lang='grc' dir='ltr'>ἐπεκέκλητο,</span> <span class='ocrx_word' id='word_1_560' title='bbox 3249 3373 3396 3442; x_wconf 85' lang='grc' dir='ltr'>νωθῆ</span> <span class='ocrx_word' id='word_1_561' title='bbox 3456 3371 3550 3427; x_wconf 82' lang='grc' dir='ltr'><strong>καὶ</strong></span> <span class='ocrx_word' id='word_1_562' title='bbox 3597 3371 3786 3435; x_wconf 77' lang='grc' dir='ltr'>ἄλλως</span> 
     </span>
    </p>
   </div>
   <div class='ocr_carea' id='block_1_82' title="bbox 2145 3455 3790 3538">
    <p class='ocr_par' dir='ltr' id='par_1_82' title="bbox 2145 3455 3790 3538">
     <span class='ocr_line' id='line_1_82' title="bbox 2145 3455 3790 3538; baseline 0.001 -22"><span class='ocrx_word' id='word_1_563' title='bbox 2145 3463 2464 3538; x_wconf 85' lang='grc' dir='ltr'>ἀπράγμονα</span> <span class='ocrx_word' id='word_1_564' title='bbox 2520 3455 2671 3531; x_wconf 76' lang='grc' dir='ltr'>ὅντα,</span> <span class='ocrx_word' id='word_1_565' title='bbox 2727 3461 3111 3536; x_wconf 73' lang='grc' dir='ltr'>ἀρχιερωσύνη</span> <span class='ocrx_word' id='word_1_566' title='bbox 3171 3460 3334 3534; x_wconf 82' lang='grc' dir='ltr'>ἐτίμα</span> <span class='ocrx_word' id='word_1_567' title='bbox 3367 3480 3382 3495; x_wconf 78' lang='grc' dir='ltr'><strong><em>ο</em></strong></span> <span class='ocrx_word' id='word_1_568' title='bbox 3453 3462 3677 3538; x_wconf 86' lang='grc' dir='ltr'>θάτερον</span> <span class='ocrx_word' id='word_1_569' title='bbox 3733 3460 3790 3518; x_wconf 66' lang='grc' dir='ltr'>δὲ</span> 
     </span>
    </p>
   </div>
   <div class='ocr_carea' id='block_1_83' title="bbox 2143 3546 3787 3626">
    <p class='ocr_par' dir='ltr' id='par_1_83' title="bbox 2143 3546 3787 3626">
     <span class='ocr_line' id='line_1_83' title="bbox 2143 3546 3787 3626; baseline 0.001 -20"><span class='ocrx_word' id='word_1_570' title='bbox 2143 3551 2234 3606; x_wconf 87' lang='grc' dir='ltr'>τὸν</span> <span class='ocrx_word' id='word_1_571' title='bbox 2279 3546 2698 3626; x_wconf 76' lang='grc' dir='ltr'>Ἀριστόϐουλον</span> <span class='ocrx_word' id='word_1_572' title='bbox 2741 3547 2830 3604; x_wconf 77' lang='grc' dir='ltr'><strong>διὰ</strong></span> <span class='ocrx_word' id='word_1_573' title='bbox 2877 3549 3187 3626; x_wconf 82' lang='grc' dir='ltr'>θερμότητα</span> <span class='ocrx_word' id='word_1_574' title='bbox 3235 3554 3356 3612; x_wconf 80' lang='grc' dir='ltr'>τοῖς</span> <span class='ocrx_word' id='word_1_575' title='bbox 3415 3549 3664 3614; x_wconf 78' lang='grc' dir='ltr'>ἰδιώταις</span> <span class='ocrx_word' id='word_1_576' title='bbox 3711 3552 3787 3607; x_wconf 81' lang='grc' dir='ltr'>έν-</span> 
     </span>
    </p>
   </div>
   <div class='ocr_carea' id='block_1_84' title="bbox 2142 3637 3784 3714">
    <p class='ocr_par' dir='ltr' id='par_1_84' title="bbox 2142 3637 3784 3714">
     <span class='ocr_line' id='line_1_84' title="bbox 2142 3637 3784 3714; baseline 0 -20"><span class='ocrx_word' id='word_1_577' title='bbox 2142 3639 2351 3696; x_wconf 88' lang='grc' dir='ltr'>έταττεν</span> <span class='ocrx_word' id='word_1_578' title='bbox 2387 3661 2400 3674; x_wconf 89' lang='grc'><strong>·</strong></span> <span class='ocrx_word' id='word_1_579' title='bbox 2442 3641 2502 3703; x_wconf 83' lang='grc' dir='ltr'>ὃς</span> <span class='ocrx_word' id='word_1_580' title='bbox 2551 3639 2604 3702; x_wconf 85' lang='grc' dir='ltr'>ἐς</span> <span class='ocrx_word' id='word_1_581' title='bbox 2661 3637 2878 3714; x_wconf 75' lang='grc' dir='ltr'>ὕστερον</span> <span class='ocrx_word' id='word_1_582' title='bbox 2924 3638 3072 3712; x_wconf 85' lang='grc' dir='ltr'>νόσῳ</span> <span class='ocrx_word' id='word_1_583' title='bbox 3117 3645 3219 3709; x_wconf 81' lang='grc' dir='ltr'>τῆς</span> <span class='ocrx_word' id='word_1_584' title='bbox 3269 3639 3477 3712; x_wconf 83' lang='grc' dir='ltr'>μητρὸς</span> <span class='ocrx_word' id='word_1_585' title='bbox 3529 3639 3784 3710; x_wconf 78' lang='grc' dir='ltr'>Ἀλεξάν·</span> 
     </span>
    </p>
   </div>
   <div class='ocr_carea' id='block_1_85' title="bbox 2143 3727 3784 3807">
    <p class='ocr_par' dir='ltr' id='par_1_85' title="bbox 2143 3727 3784 3807">
     <span class='ocr_line' id='line_1_85' title="bbox 2143 3727 3784 3807; baseline 0 -23"><span class='ocrx_word' id='word_1_586' title='bbox 2143 3727 2272 3803; x_wconf 85' lang='grc' dir='ltr'>δρας</span> <span class='ocrx_word' id='word_1_587' title='bbox 2303 3727 2724 3802; x_wconf 84' lang='grc' dir='ltr'>περιπεσούσης,</span> <span class='ocrx_word' id='word_1_588' title='bbox 2753 3729 2844 3782; x_wconf 89' lang='grc' dir='ltr'>τὸν</span> <span class='ocrx_word' id='word_1_589' title='bbox 2894 3729 3082 3802; x_wconf 85' lang='grc' dir='ltr'>καιρὸν</span> <span class='ocrx_word' id='word_1_590' title='bbox 3130 3727 3396 3802; x_wconf 81' lang='grc' dir='ltr'>ἁρπάσας,</span> <span class='ocrx_word' id='word_1_591' title='bbox 3425 3727 3514 3782; x_wconf 83' lang='grc' dir='ltr'><strong>καὶ</strong></span> <span class='ocrx_word' id='word_1_592' title='bbox 3533 3728 3610 3807; x_wconf 52' lang='grc' dir='ltr'><strong>⁵τὸ</strong></span> <span class='ocrx_word' id='word_1_593' title='bbox 3659 3730 3784 3802; x_wconf 87' lang='grc' dir='ltr'>περὶ</span> 
     </span>
    </p>
   </div>
   <div class='ocr_carea' id='block_1_86' title="bbox 2143 3815 3784 3892">
    <p class='ocr_par' dir='ltr' id='par_1_86' title="bbox 2143 3815 3784 3892">
     <span class='ocr_line' id='line_1_86' title="bbox 2143 3815 3784 3892; baseline 0 -20"><span class='ocrx_word' id='word_1_594' title='bbox 2143 3818 2300 3874; x_wconf 81' lang='grc' dir='ltr'>αὐτὸν</span> <span class='ocrx_word' id='word_1_595' title='bbox 2362 3817 2714 3891; x_wconf 85' lang='grc' dir='ltr'>συναθροίσας</span> <span class='ocrx_word' id='word_1_596' title='bbox 2775 3817 3043 3890; x_wconf 80' lang='grc' dir='ltr'>εὐνοϊκὸν,</span> <span class='ocrx_word' id='word_1_597' title='bbox 3119 3817 3383 3892; x_wconf 86' lang='grc' dir='ltr'>χρήματὰ</span> <span class='ocrx_word' id='word_1_598' title='bbox 3436 3837 3498 3872; x_wconf 92' lang='grc' dir='ltr'><strong>τε</strong></span> <span class='ocrx_word' id='word_1_599' title='bbox 3551 3815 3784 3873; x_wconf 86' lang='grc' dir='ltr'>πλεῖστα</span> 
     </span>
    </p>
   </div>
   <div class='ocr_carea' id='block_1_87' title="bbox 2141 3903 3781 3983">
    <p class='ocr_par' dir='ltr' id='par_1_87' title="bbox 2141 3903 3781 3983">
     <span class='ocr_line' id='line_1_87' title="bbox 2141 3903 3781 3983; baseline 0 -21"><span class='ocrx_word' id='word_1_600' title='bbox 2141 3903 2597 3983; x_wconf 75' lang='grc' dir='ltr'>περιϐαλόμενος,</span> <span class='ocrx_word' id='word_1_601' title='bbox 2661 3904 2885 3982; x_wconf 83' lang='grc' dir='ltr'>βασιλέα</span> <span class='ocrx_word' id='word_1_602' title='bbox 2960 3905 3149 3960; x_wconf 77' lang='grc' dir='ltr'>ἑαυτὸν</span> <span class='ocrx_word' id='word_1_603' title='bbox 3207 3907 3442 3964; x_wconf 84' lang='grc' dir='ltr'>ἀνεῖπεν.</span> <span class='ocrx_word' id='word_1_604' title='bbox 3509 3905 3672 3962; x_wconf 83' lang='grc' dir='ltr'>Ἀλλ’</span> <span class='ocrx_word' id='word_1_605' title='bbox 3730 3907 3781 3962; x_wconf 81' lang='grc' dir='ltr'><strong>έν</strong></span> 
     </span>
    </p>
   </div>
   <div class='ocr_carea' id='block_1_88' title="bbox 2137 3991 3786 4069">
    <p class='ocr_par' dir='ltr' id='par_1_88' title="bbox 2137 3991 3786 4069">
     <span class='ocr_line' id='line_1_88' title="bbox 2137 3991 3786 4069; baseline -0.001 -19"><span class='ocrx_word' id='word_1_606' title='bbox 2137 3996 2318 4068; x_wconf 86' lang='grc' dir='ltr'>τούτῳ</span> <span class='ocrx_word' id='word_1_607' title='bbox 2379 3995 2473 4069; x_wconf 78' lang='grc' dir='ltr'><strong>μὶν</strong></span> <span class='ocrx_word' id='word_1_608' title='bbox 2505 3997 2541 4064; x_wconf 73' lang='grc' dir='ltr'><strong>ἡ</strong></span> <span class='ocrx_word' id='word_1_609' title='bbox 2577 3991 2920 4066; x_wconf 76' lang='grc' dir='ltr'>Ἀλεξάνδρα,</span> <span class='ocrx_word' id='word_1_610' title='bbox 2952 3995 3121 4068; x_wconf 89' lang='grc' dir='ltr'>πρινή</span> <span class='ocrx_word' id='word_1_611' title='bbox 3153 3993 3219 4048; x_wconf 77' lang='grc' dir='ltr'>τὰ</span> <span class='ocrx_word' id='word_1_612' title='bbox 3247 3999 3355 4049; x_wconf 89' lang='grc' dir='ltr'><strong>τῶν</strong></span> <span class='ocrx_word' id='word_1_613' title='bbox 3406 3991 3618 4048; x_wconf 87' lang='grc' dir='ltr'>παίδων</span> <span class='ocrx_word' id='word_1_614' title='bbox 3667 3992 3786 4050; x_wconf 87' lang='grc' dir='ltr'>δια-</span> 
     </span>
    </p>
   </div>
   <div class='ocr_carea' id='block_1_89' title="bbox 2140 4077 3787 4158">
    <p class='ocr_par' dir='ltr' id='par_1_89' title="bbox 2140 4077 3787 4158">
     <span class='ocr_line' id='line_1_89' title="bbox 2140 4077 3787 4158; baseline -0.001 -19"><span class='ocrx_word' id='word_1_615' title='bbox 2140 4083 2324 4139; x_wconf 86' lang='grc' dir='ltr'>θέσθαι</span> <span class='ocrx_word' id='word_1_616' title='bbox 2354 4085 2488 4158; x_wconf 86' lang='grc' dir='ltr'>πρὸς</span> <span class='ocrx_word' id='word_1_617' title='bbox 2515 4084 2578 4138; x_wconf 89' lang='grc' dir='ltr'>τὸ</span> <span class='ocrx_word' id='word_1_618' title='bbox 2610 4080 2824 4153; x_wconf 81' lang='grc' dir='ltr'>δοκοῦν,</span> <span class='ocrx_word' id='word_1_619' title='bbox 2855 4087 2954 4138; x_wconf 78' lang='grc' dir='ltr'><strong>τοῦ</strong></span> <span class='ocrx_word' id='word_1_620' title='bbox 2991 4082 3116 4156; x_wconf 86' lang='grc' dir='ltr'>βίου</span> <span class='ocrx_word' id='word_1_621' title='bbox 3165 4081 3430 4152; x_wconf 80' lang='grc' dir='ltr'>ἐξίστατο.</span> <span class='ocrx_word' id='word_1_622' title='bbox 3483 4077 3787 4156; x_wconf 76' lang='grc' dir='ltr'>Συμϐολῆς</span> 
     </span>
    </p>
   </div>
   <div class='ocr_carea' id='block_1_90' title="bbox 2140 4165 3782 4250">
    <p class='ocr_par' dir='ltr' id='par_1_90' title="bbox 2140 4165 3782 4250">
     <span class='ocr_line' id='line_1_90' title="bbox 2140 4165 3782 4250; baseline -0.002 -22"><span class='ocrx_word' id='word_1_623' title='bbox 2140 4170 2198 4228; x_wconf 81' lang='grc' dir='ltr'><strong>δέ</strong></span> <span class='ocrx_word' id='word_1_624' title='bbox 2251 4172 2564 4250; x_wconf 77' lang='grc' dir='ltr'>γενομένης,</span> <span class='ocrx_word' id='word_1_625' title='bbox 2625 4171 2674 4242; x_wconf 79' lang='grc' dir='ltr'><strong>ἐξ</strong></span> <span class='ocrx_word' id='word_1_626' title='bbox 2726 4174 2984 4246; x_wconf 83' lang='grc' dir='ltr'>Ὑρκανοῦ</span> <span class='ocrx_word' id='word_1_627' title='bbox 3027 4171 3166 4246; x_wconf 88' lang='grc' dir='ltr'>πρὸς</span> <span class='ocrx_word' id='word_1_628' title='bbox 3209 4171 3300 4226; x_wconf 86' lang='grc' dir='ltr'>τὸν</span> <span class='ocrx_word' id='word_1_629' title='bbox 3358 4165 3782 4246; x_wconf 80' lang='grc' dir='ltr'>Ἀριστόϐουλον</span> 
     </span>
    </p>
   </div>
   <div class='ocr_carea' id='block_1_91' title="bbox 2145 4257 3784 4338">
    <p class='ocr_par' dir='ltr' id='par_1_91' title="bbox 2145 4257 3784 4338">
     <span class='ocr_line' id='line_1_91' title="bbox 2145 4257 3784 4338; baseline -0.002 -21"><span class='ocrx_word' id='word_1_630' title='bbox 2145 4263 2447 4338; x_wconf 82' lang='grc' dir='ltr'>μετεχώρει</span> <span class='ocrx_word' id='word_1_631' title='bbox 2475 4262 2538 4316; x_wconf 87' lang='grc' dir='ltr'>τὸ</span> <span class='ocrx_word' id='word_1_632' title='bbox 2568 4259 2782 4330; x_wconf 81' lang='grc' dir='ltr'>πλῆθος</span> <span class='ocrx_word' id='word_1_633' title='bbox 2811 4281 2824 4293; x_wconf 88' lang='grc'><strong>·</strong></span> <span class='ocrx_word' id='word_1_634' title='bbox 2880 4259 2970 4316; x_wconf 85' lang='grc' dir='ltr'><strong>καὶ</strong></span> <span class='ocrx_word' id='word_1_635' title='bbox 3023 4260 3276 4334; x_wconf 82' lang='grc' dir='ltr'>Ὑρκανὸς</span> <span class='ocrx_word' id='word_1_636' title='bbox 3323 4257 3468 4318; x_wconf 70' lang='grc' dir='ltr'>ἄκων</span> <span class='ocrx_word' id='word_1_637' title='bbox 3516 4258 3784 4334; x_wconf 79' lang='grc' dir='ltr'>ἐξίσταται</span> 
     </span>
    </p>
   </div>
   <div class='ocr_carea' id='block_1_92' title="bbox 2137 4346 3782 4428">
    <p class='ocr_par' dir='ltr' id='par_1_92' title="bbox 2137 4346 3782 4428">
     <span class='ocr_line' id='line_1_92' title="bbox 2137 4346 3782 4428; baseline -0.002 -22"><span class='ocrx_word' id='word_1_638' title='bbox 2137 4358 2239 4421; x_wconf 81' lang='grc' dir='ltr'>τῆς</span> <span class='ocrx_word' id='word_1_639' title='bbox 2291 4351 2474 4428; x_wconf 82' lang='grc' dir='ltr'>ἀρχῆς</span> <span class='ocrx_word' id='word_1_640' title='bbox 2523 4347 2800 4427; x_wconf 74' lang='grc' dir='ltr'>τάδελφῷ,</span> <span class='ocrx_word' id='word_1_641' title='bbox 2843 4349 2936 4404; x_wconf 80' lang='grc' dir='ltr'><strong>καὶ</strong></span> <span class='ocrx_word' id='word_1_642' title='bbox 2985 4346 3210 4418; x_wconf 81' lang='grc' dir='ltr'>ἷδιάζειν</span> <span class='ocrx_word' id='word_1_643' title='bbox 3261 4349 3514 4424; x_wconf 78' lang='grc' dir='ltr'>αἱρεῖται.</span> <span class='ocrx_word' id='word_1_644' title='bbox 3564 4351 3782 4404; x_wconf 81' lang='grc' dir='ltr'>Τούτων</span> 
     </span>
    </p>
   </div>
   <div class='ocr_carea' id='block_1_93' title="bbox 2142 4435 3784 4515">
    <p class='ocr_par' dir='ltr' id='par_1_93' title="bbox 2142 4435 3784 4515">
     <span class='ocr_line' id='line_1_93' title="bbox 2142 4435 3784 4515; baseline -0.002 -19"><span class='ocrx_word' id='word_1_645' title='bbox 2142 4437 2187 4496; x_wconf 88' lang='grc' dir='ltr'>δ’</span> <span class='ocrx_word' id='word_1_646' title='bbox 2220 4439 2363 4495; x_wconf 77' lang='grc' dir='ltr'>οὕτω</span> <span class='ocrx_word' id='word_1_647' title='bbox 2391 4438 2788 4514; x_wconf 85' lang='grc' dir='ltr'>γεγενημένων,</span> <span class='ocrx_word' id='word_1_648' title='bbox 2823 4435 2943 4498; x_wconf 81' lang='grc' dir='ltr'>δέος</span> <span class='ocrx_word' id='word_1_649' title='bbox 2995 4435 3263 4515; x_wconf 78' lang='grc' dir='ltr'>εἰστρέχει</span> <span class='ocrx_word' id='word_1_650' title='bbox 3295 4435 3532 4499; x_wconf 85' lang='grc' dir='ltr'>πολλοῖς</span> <span class='ocrx_word' id='word_1_651' title='bbox 3565 4439 3664 4511; x_wconf 74' lang='grc' dir='ltr'>μὲν</span> <span class='ocrx_word' id='word_1_652' title='bbox 3694 4438 3784 4492; x_wconf 86' lang='grc' dir='ltr'><strong>καί</strong></span> 
     </span>
    </p>
   </div>
   <div class='ocr_carea' id='block_1_94' title="bbox 2138 4522 3782 4602">
    <p class='ocr_par' dir='ltr' id='par_1_94' title="bbox 2138 4522 3782 4602">
     <span class='ocr_line' id='line_1_94' title="bbox 2138 4522 3782 4602; baseline -0.002 -19"><span class='ocrx_word' id='word_1_653' title='bbox 2138 4526 2359 4599; x_wconf 75' lang='grc' dir='ltr'>ἄλλοις,</span> <span class='ocrx_word' id='word_1_654' title='bbox 2395 4527 2634 4601; x_wconf 89' lang='grc' dir='ltr'>μάλιστα</span> <span class='ocrx_word' id='word_1_655' title='bbox 2678 4524 2734 4582; x_wconf 76' lang='grc' dir='ltr'><strong>δὲ</strong></span> <span class='ocrx_word' id='word_1_656' title='bbox 2781 4526 3144 4601; x_wconf 85' lang='grc' dir='ltr'>Ἀντιπάτρῳ,</span> <span class='ocrx_word' id='word_1_657' title='bbox 3191 4527 3252 4587; x_wconf 77' lang='grc' dir='ltr'><strong>’ὸς</strong></span> <span class='ocrx_word' id='word_1_658' title='bbox 3305 4522 3551 4599; x_wconf 86' lang='grc' dir='ltr'>Ἡρώδου</span> <span class='ocrx_word' id='word_1_659' title='bbox 3603 4527 3782 4602; x_wconf 73' lang='grc' dir='ltr'>πατὴρ</span> 
     </span>
    </p>
   </div>
   <div class='ocr_carea' id='block_1_95' title="bbox 386 4611 2038 4696">
    <p class='ocr_par' dir='ltr' id='par_1_95' title="bbox 386 4615 2026 4691">
     <span class='ocr_line' id='line_1_95' title="bbox 386 4615 2026 4691; baseline -0.004 -9"><span class='ocrx_word' id='word_1_660' title='bbox 386 4627 552 4682; x_wconf 89' lang='lat' dir='ltr'><strong>erant</strong></span> <span class='ocrx_word' id='word_1_661' title='bbox 582 4619 708 4686; x_wconf 84' lang='lat' dir='ltr'><strong>ﬁlii,</strong></span> <span class='ocrx_word' id='word_1_662' title='bbox 743 4633 888 4691; x_wconf 88' lang='lat' dir='ltr'><strong>quos</strong></span> <span class='ocrx_word' id='word_1_663' title='bbox 914 4615 1236 4673; x_wconf 84' lang='lat' dir='ltr'><strong>Alexandro</strong></span> <span class='ocrx_word' id='word_1_664' title='bbox 1269 4622 1674 4688; x_wconf 89' lang='lat' dir='ltr'><strong>progenuerat.</strong></span> <span class='ocrx_word' id='word_1_665' title='bbox 1707 4617 1789 4674; x_wconf 84' lang='lat' dir='ltr'><strong>Ex</strong></span> <span class='ocrx_word' id='word_1_666' title='bbox 1835 4618 1908 4674; x_wconf 91' lang='lat' dir='ltr'><strong>iis</strong></span> <span class='ocrx_word' id='word_1_667' title='bbox 1955 4637 2026 4676; x_wconf 73' lang='lat' dir='ltr'><strong>aa-</strong></span> 
     </span>
    </p>
   </div>
   <div class='ocr_carea' id='block_1_96' title="bbox 2150 4611 3782 4696">
    <p class='ocr_par' dir='ltr' id='par_1_96' title="bbox 2150 4611 3782 4696">
     <span class='ocr_line' id='line_1_96' title="bbox 2150 4611 3782 4696; baseline -0.002 -21"><span class='ocrx_word' id='word_1_668' title='bbox 2150 4621 2221 4690; x_wconf 63' lang='grc' dir='ltr'><strong>ἧν.</strong></span> <span class='ocrx_word' id='word_1_669' title='bbox 2281 4622 2548 4696; x_wconf 81' lang='grc' dir='ltr'>Διάφορος</span> <span class='ocrx_word' id='word_1_670' title='bbox 2607 4620 2708 4696; x_wconf 82' lang='grc' dir='ltr'><strong>γὰρ</strong></span> <span class='ocrx_word' id='word_1_671' title='bbox 2767 4611 3182 4693; x_wconf 74' lang='grc' dir='ltr'>Ἀριστοϐούλῳ</span> <span class='ocrx_word' id='word_1_672' title='bbox 3241 4617 3554 4686; x_wconf 86' lang='grc' dir='ltr'>καθίστατο,</span> <span class='ocrx_word' id='word_1_673' title='bbox 3614 4617 3782 4694; x_wconf 79' lang='grc' dir='ltr'>φίλος</span> 
     </span>
    </p>
   </div>
   <div class='ocr_carea' id='block_1_97' title="bbox 387 4704 2027 4780">
    <p class='ocr_par' dir='ltr' id='par_1_97' title="bbox 387 4704 2027 4780">
     <span class='ocr_line' id='line_1_97' title="bbox 387 4704 2027 4780; baseline -0.002 -13"><span class='ocrx_word' id='word_1_674' title='bbox 387 4715 500 4767; x_wconf 81' lang='lat' dir='ltr'><strong>tate</strong></span> <span class='ocrx_word' id='word_1_675' title='bbox 551 4707 985 4780; x_wconf 88' lang='lat' dir='ltr'><strong>provectiorem,</strong></span> <span class='ocrx_word' id='word_1_676' title='bbox 1036 4705 1130 4761; x_wconf 88' lang='lat' dir='ltr'><strong>cui</strong></span> <span class='ocrx_word' id='word_1_677' title='bbox 1187 4704 1435 4775; x_wconf 82' lang='lat' dir='ltr'><strong>Hyrcani</strong></span> <span class='ocrx_word' id='word_1_678' title='bbox 1495 4723 1708 4763; x_wconf 87' lang='lat' dir='ltr'><strong>nomen</strong></span> <span class='ocrx_word' id='word_1_679' title='bbox 1775 4709 2027 4764; x_wconf 84' lang='lat' dir='ltr'><strong>inditum</strong></span> 
     </span>
    </p>
   </div>
   <div class='ocr_carea' id='block_1_98' title="bbox 386 4795 2028 4870">
    <p class='ocr_par' dir='ltr' id='par_1_98' title="bbox 386 4795 2028 4870">
     <span class='ocr_line' id='line_1_98' title="bbox 386 4795 2028 4870; baseline -0.002 -13"><span class='ocrx_word' id='word_1_680' title='bbox 386 4797 890 4870; x_wconf 86' lang='lat' dir='ltr'><strong>erat,desidem,et</strong></span> <span class='ocrx_word' id='word_1_681' title='bbox 911 4795 983 4850; x_wconf 89' lang='lat' dir='ltr'><strong>ad</strong></span> <span class='ocrx_word' id='word_1_682' title='bbox 1007 4811 1099 4850; x_wconf 91' lang='lat' dir='ltr'><strong>res</strong></span> <span class='ocrx_word' id='word_1_683' title='bbox 1125 4795 1410 4866; x_wconf 85' lang='lat' dir='ltr'><strong>gerendas</strong></span> <span class='ocrx_word' id='word_1_684' title='bbox 1427 4795 1670 4853; x_wconf 90' lang='lat' dir='ltr'><strong>minime</strong></span> <span class='ocrx_word' id='word_1_685' title='bbox 1687 4795 2028 4867; x_wconf 87' lang='lat' dir='ltr'><strong>indoneum,</strong></span> 
     </span>
    </p>
   </div>
   <div class='ocr_carea' id='block_1_99' title="bbox 387 4881 2032 4962">
    <p class='ocr_par' dir='ltr' id='par_1_99' title="bbox 387 4881 2032 4962">
     <span class='ocr_line' id='line_1_99' title="bbox 387 4881 2032 4962; baseline -0.002 -16"><span class='ocrx_word' id='word_1_686' title='bbox 387 4887 724 4962; x_wconf 81' lang='lat' dir='ltr'><strong>pontificatu</strong></span> <span class='ocrx_word' id='word_1_687' title='bbox 749 4884 1124 4940; x_wconf 85' lang='lat' dir='ltr'><strong>cohonestat:</strong></span> <span class='ocrx_word' id='word_1_688' title='bbox 1157 4881 1406 4940; x_wconf 89' lang='lat' dir='ltr'><strong>alterum</strong></span> <span class='ocrx_word' id='word_1_689' title='bbox 1437 4901 1570 4940; x_wconf 89' lang='lat' dir='ltr'><strong>vero</strong></span> <span class='ocrx_word' id='word_1_690' title='bbox 1608 4884 2032 4943; x_wconf 64' lang='lat' dir='ltr'><strong>Aristobulum.</strong></span> 
     </span>
    </p>
   </div>
   <div class='ocr_carea' id='block_1_100' title="bbox 387 4971 2034 5051">
    <p class='ocr_par' dir='ltr' id='par_1_100' title="bbox 387 4971 2034 5051">
     <span class='ocr_line' id='line_1_100' title="bbox 387 4971 2034 5051; baseline -0.003 -16"><span class='ocrx_word' id='word_1_691' title='bbox 387 4985 620 5051; x_wconf 89' lang='lat' dir='ltr'><strong>propter</strong></span> <span class='ocrx_word' id='word_1_692' title='bbox 669 4973 847 5031; x_wconf 89' lang='lat' dir='ltr'><strong>animi</strong></span> <span class='ocrx_word' id='word_1_693' title='bbox 881 4980 933 5029; x_wconf 91' lang='lat' dir='ltr'><strong>et</strong></span> <span class='ocrx_word' id='word_1_694' title='bbox 966 4971 1224 5044; x_wconf 88' lang='lat' dir='ltr'><strong>corporis</strong></span> <span class='ocrx_word' id='word_1_695' title='bbox 1267 4972 1544 5045; x_wconf 87' lang='lat' dir='ltr'><strong>vigorem,</strong></span> <span class='ocrx_word' id='word_1_696' title='bbox 1579 4973 1865 5045; x_wconf 89' lang='lat' dir='ltr'><strong>privatum</strong></span> <span class='ocrx_word' id='word_1_697' title='bbox 1905 4991 2034 5030; x_wconf 89' lang='lat' dir='ltr'><strong>esse</strong></span> 
     </span>
    </p>
   </div>
   <div class='ocr_carea' id='block_1_101' title="bbox 375 5061 2034 5139">
    <p class='ocr_par' dir='ltr' id='par_1_101' title="bbox 375 5061 2034 5139">
     <span class='ocr_line' id='line_1_101' title="bbox 375 5061 2034 5139; baseline -0.004 -15"><span class='ocrx_word' id='word_1_698' title='bbox 375 5067 564 5139; x_wconf 85' lang='lat' dir='ltr'><strong>jubet.</strong></span> <span class='ocrx_word' id='word_1_699' title='bbox 599 5063 704 5132; x_wconf 88' lang='lat' dir='ltr'><strong>Qui</strong></span> <span class='ocrx_word' id='word_1_700' title='bbox 736 5063 966 5131; x_wconf 89' lang='lat' dir='ltr'><strong>deinde,</strong></span> <span class='ocrx_word' id='word_1_701' title='bbox 997 5077 1134 5118; x_wconf 94' lang='lat' dir='ltr'><strong>cum</strong></span> <span class='ocrx_word' id='word_1_702' title='bbox 1182 5066 1366 5119; x_wconf 88' lang='lat' dir='ltr'><strong>mater</strong></span> <span class='ocrx_word' id='word_1_703' title='bbox 1414 5061 1740 5120; x_wconf 85' lang='lat' dir='ltr'><strong>Alexandra</strong></span> <span class='ocrx_word' id='word_1_704' title='bbox 1783 5062 2034 5136; x_wconf 83' lang='lat' dir='ltr'><strong>graviter</strong></span> 
     </span>
    </p>
   </div>
   <div class='ocr_carea' id='block_1_102' title="bbox 386 5151 2028 5230">
    <p class='ocr_par' dir='ltr' id='par_1_102' title="bbox 386 5151 2028 5230">
     <span class='ocr_line' id='line_1_102' title="bbox 386 5151 2028 5230; baseline -0.004 -16"><span class='ocrx_word' id='word_1_705' title='bbox 386 5159 706 5230; x_wconf 67' lang='lat' dir='ltr'><strong>aegrotaret,</strong></span> <span class='ocrx_word' id='word_1_706' title='bbox 738 5151 1042 5209; x_wconf 90' lang='lat' dir='ltr'><strong>occasione</strong></span> <span class='ocrx_word' id='word_1_707' title='bbox 1070 5167 1139 5207; x_wconf 83' lang='lat' dir='ltr'><strong>ea</strong></span> <span class='ocrx_word' id='word_1_708' title='bbox 1167 5156 1417 5224; x_wconf 85' lang='lat' dir='ltr'><strong>arrepta,</strong></span> <span class='ocrx_word' id='word_1_709' title='bbox 1469 5161 1524 5208; x_wconf 90' lang='lat' dir='ltr'><strong>et</strong></span> <span class='ocrx_word' id='word_1_710' title='bbox 1571 5168 1774 5209; x_wconf 89' lang='lat' dir='ltr'><strong>eorum</strong></span> <span class='ocrx_word' id='word_1_711' title='bbox 1828 5169 2028 5222; x_wconf 90' lang='lat' dir='ltr'><strong>manu,</strong></span> 
     </span>
    </p>
   </div>
   <div class='ocr_carea' id='block_1_103' title="bbox 385 5241 2030 5319">
    <p class='ocr_par' dir='ltr' id='par_1_103' title="bbox 385 5241 2030 5319">
     <span class='ocr_line' id='line_1_103' title="bbox 385 5241 2030 5319; baseline -0.002 -17"><span class='ocrx_word' id='word_1_712' title='bbox 385 5261 632 5319; x_wconf 89' lang='lat' dir='ltr'><strong>quorum</strong></span> <span class='ocrx_word' id='word_1_713' title='bbox 673 5243 785 5298; x_wconf 90' lang='lat' dir='ltr'><strong>sibi</strong></span> <span class='ocrx_word' id='word_1_714' title='bbox 835 5243 1031 5298; x_wconf 87' lang='lat' dir='ltr'><strong>studia</strong></span> <span class='ocrx_word' id='word_1_715' title='bbox 1078 5241 1508 5313; x_wconf 87' lang='lat' dir='ltr'><strong>conciliaverat,</strong></span> <span class='ocrx_word' id='word_1_716' title='bbox 1541 5247 1764 5310; x_wconf 89' lang='lat' dir='ltr'><strong>coacta,</strong></span> <span class='ocrx_word' id='word_1_717' title='bbox 1799 5259 2030 5316; x_wconf 87' lang='lat' dir='ltr'><strong>magna-</strong></span> 
     </span>
    </p>
   </div>
   <div class='ocr_carea' id='block_1_104' title="bbox 454 5402 2032 5480">
    <p class='ocr_par' dir='ltr' id='par_1_104' title="bbox 454 5402 2032 5480">
     <span class='ocr_line' id='line_1_104' title="bbox 454 5402 2032 5480; baseline 0.003 -20"><span class='ocrx_word' id='word_1_718' title='bbox 454 5405 627 5480; x_wconf 72' lang='lat' dir='ltr'><strong>(l)_1n</strong></span> <span class='ocrx_word' id='word_1_719' title='bbox 671 5404 810 5459; x_wconf 85' lang='lat' dir='ltr'><strong>festo</strong></span> <span class='ocrx_word' id='word_1_720' title='bbox 835 5402 1732 5480; x_wconf 15' lang='lat' dir='ltr'><strong>TabernaculorumiAntiochus</strong></span> <span class='ocrx_word' id='word_1_721' title='bbox 1770 5409 2032 5480; x_wconf 79' lang='lat' dir='ltr'><strong>Hyrcano</strong></span> 
     </span>
    </p>
   </div>
   <div class='ocr_carea' id='block_1_105' title="bbox 385 5475 1748 5552">
    <p class='ocr_par' dir='ltr' id='par_1_105' title="bbox 385 5475 1748 5552">
     <span class='ocr_line' id='line_1_105' title="bbox 385 5475 1748 5552; baseline -0.001 -16"><span class='ocrx_word' id='word_1_722' title='bbox 385 5475 901 5552; x_wconf 50' lang='lat' dir='ltr'><strong>in&#39;b&#39;olocaustum</strong></span> <span class='ocrx_word' id='word_1_723' title='bbox 917 5479 1153 5552; x_wconf 76' lang='lat' dir='ltr'><strong>taurum</strong></span> <span class='ocrx_word' id='word_1_724' title='bbox 1185 5477 1336 5552; x_wconf 86' lang='lat' dir='ltr'><strong>dono</strong></span> <span class='ocrx_word' id='word_1_725' title='bbox 1367 5479 1544 5552; x_wconf 88' lang='lat' dir='ltr'><strong>dedit.</strong></span> <span class='ocrx_word' id='word_1_726' title='bbox 1575 5479 1748 5552; x_wconf 69' lang='grc' dir='ltr'>(ιῙοε.)</span> 
     </span>
    </p>
   </div>
   <div class='ocr_carea' id='block_1_106' title="bbox 388 5546 2030 5692">
    <p class='ocr_par' dir='ltr' id='par_1_106' title="bbox 388 5546 2030 5692">
     <span class='ocr_line' id='line_1_106' title="bbox 461 5546 2030 5623; baseline 0.001 -20"><span class='ocrx_word' id='word_1_727' title='bbox 461 5549 537 5622; x_wconf 86' lang='grc'>(2)</span> <span class='ocrx_word' id='word_1_728' title='bbox 553 5546 854 5617; x_wconf 81' lang='lat' dir='ltr'><strong>Hyrcanus</strong></span> <span class='ocrx_word' id='word_1_729' title='bbox 883 5547 1193 5604; x_wconf 70' lang='lat' dir='ltr'><strong>ldumaiam</strong></span> <span class='ocrx_word' id='word_1_730' title='bbox 1227 5550 1478 5621; x_wconf 87' lang='lat' dir='ltr'><strong>subegit,</strong></span> <span class='ocrx_word' id='word_1_731' title='bbox 1502 5554 1558 5606; x_wconf 86' lang='lat' dir='ltr'><strong>et</strong></span> <span class='ocrx_word' id='word_1_732' title='bbox 1582 5546 1858 5607; x_wconf 44' lang='lat' dir='ltr'><strong>&#39;Judaicis</strong></span> <span class='ocrx_word' id='word_1_733' title='bbox 1899 5549 2030 5623; x_wconf 82' lang='lat' dir='ltr'><strong>legi-</strong></span> 
     </span>
     <span class='ocr_line' id='line_1_107' title="bbox 388 5618 2027 5692; baseline 0.001 -16"><span class='ocrx_word' id='word_1_734' title='bbox 388 5621 499 5676; x_wconf 88' lang='lat' dir='ltr'><strong>bus</strong></span> <span class='ocrx_word' id='word_1_735' title='bbox 541 5621 590 5675; x_wconf 89' lang='lat' dir='ltr'><strong>ei</strong></span> <span class='ocrx_word' id='word_1_736' title='bbox 651 5618 1152 5692; x_wconf 66' lang='lat' dir='ltr'><strong>viverepermisit.</strong></span> <span class='ocrx_word' id='word_1_737' title='bbox 1207 5620 1366 5676; x_wconf 86' lang='lat' dir='ltr'><strong>Idem</strong></span> <span class='ocrx_word' id='word_1_738' title='bbox 1411 5621 1648 5692; x_wconf 83' lang='lat' dir='ltr'><strong>Joseph.</strong></span> <span class='ocrx_word' id='word_1_739' title='bbox 1703 5623 1808 5676; x_wconf 87' lang='lat' dir='ltr'><strong>Hic</strong></span> <span class='ocrx_word' id='word_1_740' title='bbox 1852 5623 2027 5677; x_wconf 88' lang='lat' dir='ltr'><strong>etiam</strong></span> 
     </span>
    </p>
   </div>
   <div class='ocr_carea' id='block_1_107' title="bbox 385 5659 2028 5763">
    <p class='ocr_par' dir='ltr' id='par_1_107' title="bbox 385 5659 2028 5763">
     <span class='ocr_line' id='line_1_108' title="bbox 385 5659 2028 5763; baseline -0.001 -11"><span class='ocrx_word' id='word_1_741' title='bbox 385 5693 604 5752; x_wconf 82' lang='lat' dir='ltr'><strong>humus</strong></span> <span class='ocrx_word' id='word_1_742' title='bbox 651 5691 806 5763; x_wconf 88' lang='lat' dir='ltr'><strong>apud</strong></span> <span class='ocrx_word' id='word_1_743' title='bbox 851 5659 1122 5748; x_wconf 64' lang='lat' dir='ltr'><strong>ﬁebrasos</strong></span> <span class='ocrx_word' id='word_1_744' title='bbox 1164 5693 1532 5763; x_wconf 75' lang='lat' dir='ltr'><strong>peregrinum</strong></span> <span class='ocrx_word' id='word_1_745' title='bbox 1555 5659 1828 5750; x_wconf 45' lang='lat' dir='ltr'><strong>l&#39;militem</strong></span> <span class='ocrx_word' id='word_1_746' title='bbox 1876 5691 2028 5750; x_wconf 86' lang='lat' dir='ltr'><strong>alere</strong></span> 
     </span>
    </p>
   </div>
   <div class='ocr_carea' id='block_1_108' title="bbox 2139 4700 3783 4782">
    <p class='ocr_par' dir='ltr' id='par_1_108' title="bbox 2139 4700 3783 4782">
     <span class='ocr_line' id='line_1_109' title="bbox 2139 4700 3783 4782; baseline -0.002 -19"><span class='ocrx_word' id='word_1_747' title='bbox 2139 4705 2212 4763; x_wconf 82' lang='grc' dir='ltr'><strong>ὤν</strong></span> <span class='ocrx_word' id='word_1_748' title='bbox 2243 4707 2295 4770; x_wconf 83' lang='grc' dir='ltr'>ἐς</span> <span class='ocrx_word' id='word_1_749' title='bbox 2324 4709 2391 4764; x_wconf 72' lang='grc' dir='ltr'>τὰ</span> <span class='ocrx_word' id='word_1_750' title='bbox 2441 4707 2678 4782; x_wconf 85' lang='grc' dir='ltr'>μάλιστα</span> <span class='ocrx_word' id='word_1_751' title='bbox 2726 4711 2988 4782; x_wconf 81' lang='grc' dir='ltr'>Ὑρκανῷ.</span> <span class='ocrx_word' id='word_1_752' title='bbox 3041 4705 3128 4777; x_wconf 75' lang='grc' dir='ltr'><strong>Ἐξ</strong></span> <span class='ocrx_word' id='word_1_753' title='bbox 3175 4703 3498 4779; x_wconf 87' lang='grc' dir='ltr'>Ἰδουμαίων</span> <span class='ocrx_word' id='word_1_754' title='bbox 3545 4707 3652 4782; x_wconf 79' lang='grc' dir='ltr'>γὰρ</span> <span class='ocrx_word' id='word_1_755' title='bbox 3701 4700 3783 4760; x_wconf 84' lang='grc' dir='ltr'><strong>ἔλ-</strong></span> 
     </span>
    </p>
   </div>
   <div class='ocr_carea' id='block_1_109' title="bbox 2143 4792 3782 4875">
    <p class='ocr_par' dir='ltr' id='par_1_109' title="bbox 2143 4792 3782 4875">
     <span class='ocr_line' id='line_1_110' title="bbox 2143 4792 3782 4875; baseline -0.002 -21"><span class='ocrx_word' id='word_1_756' title='bbox 2143 4819 2250 4854; x_wconf 91' lang='grc' dir='ltr'><strong>κων</strong></span> <span class='ocrx_word' id='word_1_757' title='bbox 2311 4799 2375 4854; x_wconf 84' lang='grc' dir='ltr'>τὸ</span> <span class='ocrx_word' id='word_1_758' title='bbox 2421 4799 2593 4874; x_wconf 83' lang='grc' dir='ltr'>γένος,</span> <span class='ocrx_word' id='word_1_759' title='bbox 2641 4795 2866 4868; x_wconf 87' lang='grc' dir='ltr'>πλούτῳ</span> <span class='ocrx_word' id='word_1_760' title='bbox 2923 4794 3015 4851; x_wconf 86' lang='grc' dir='ltr'><strong>καὶ</strong></span> <span class='ocrx_word' id='word_1_761' title='bbox 3071 4794 3390 4875; x_wconf 73' lang='grc' dir='ltr'>περιφανείᾳ</span> <span class='ocrx_word' id='word_1_762' title='bbox 3441 4799 3540 4850; x_wconf 78' lang='grc' dir='ltr'>τοῦ</span> <span class='ocrx_word' id='word_1_763' title='bbox 3595 4792 3782 4857; x_wconf 80' lang='grc' dir='ltr'>ἔθνους</span> 
     </span>
    </p>
   </div>
   <div class='ocr_carea' id='block_1_110' title="bbox 2141 4881 3782 4962">
    <p class='ocr_par' dir='ltr' id='par_1_110' title="bbox 2141 4881 3782 4962">
     <span class='ocr_line' id='line_1_111' title="bbox 2141 4881 3782 4962; baseline -0.003 -18"><span class='ocrx_word' id='word_1_764' title='bbox 2141 4886 2436 4962; x_wconf 88' lang='grc' dir='ltr'>πρωτεύων</span> <span class='ocrx_word' id='word_1_765' title='bbox 2477 4886 2568 4957; x_wconf 79' lang='grc' dir='ltr'><strong>ἧτ.</strong></span> <span class='ocrx_word' id='word_1_766' title='bbox 2618 4885 2786 4948; x_wconf 82' lang='grc' dir='ltr'>Οὗτος</span> <span class='ocrx_word' id='word_1_767' title='bbox 2841 4881 3018 4941; x_wconf 88' lang='grc' dir='ltr'>τοίνυν</span> <span class='ocrx_word' id='word_1_768' title='bbox 3077 4884 3329 4959; x_wconf 85' lang='grc' dir='ltr'>Ὑρκανὸν</span> <span class='ocrx_word' id='word_1_769' title='bbox 3385 4882 3598 4955; x_wconf 84' lang='grc' dir='ltr'>πείσας,</span> <span class='ocrx_word' id='word_1_770' title='bbox 3645 4884 3782 4960; x_wconf 80' lang='grc' dir='ltr'>πρὸς</span> 
     </span>
    </p>
   </div>
   <div class='ocr_carea' id='block_1_111' title="bbox 2143 4969 3784 5052">
    <p class='ocr_par' dir='ltr' id='par_1_111' title="bbox 2143 4969 3784 5052">
     <span class='ocr_line' id='line_1_112' title="bbox 2143 4969 3784 5052; baseline -0.005 -18"><span class='ocrx_word' id='word_1_771' title='bbox 2143 4977 2360 5052; x_wconf 87' lang='grc' dir='ltr'>Ἀρέταν</span> <span class='ocrx_word' id='word_1_772' title='bbox 2423 4975 2514 5032; x_wconf 86' lang='grc' dir='ltr'>τὸν</span> <span class='ocrx_word' id='word_1_773' title='bbox 2557 4974 2746 5050; x_wconf 91' lang='grc' dir='ltr'>Σύρων</span> <span class='ocrx_word' id='word_1_774' title='bbox 2810 4971 3038 5050; x_wconf 74' lang='grc' dir='ltr'>βασιλέα</span> <span class='ocrx_word' id='word_1_775' title='bbox 3066 4973 3208 5044; x_wconf 74' lang='grc' dir='ltr'>ἣκει,</span> <span class='ocrx_word' id='word_1_776' title='bbox 3255 4971 3394 5028; x_wconf 79' lang='grc' dir='ltr'>ὥστε</span> <span class='ocrx_word' id='word_1_777' title='bbox 3443 4973 3578 5028; x_wconf 65' lang='grc' dir='ltr'><strong>γἐτὰ</strong></span> <span class='ocrx_word' id='word_1_778' title='bbox 3627 4969 3784 5028; x_wconf 80' lang='grc' dir='ltr'>δυνά-</span> 
     </span>
    </p>
   </div>
   <div class='ocr_carea' id='block_1_112' title="bbox 2146 5061 3784 5140">
    <p class='ocr_par' dir='ltr' id='par_1_112' title="bbox 2146 5061 3784 5140">
     <span class='ocr_line' id='line_1_113' title="bbox 2146 5061 3784 5140; baseline -0.001 -20"><span class='ocrx_word' id='word_1_779' title='bbox 2146 5085 2290 5140; x_wconf 88' lang='grc' dir='ltr'>μεως</span> <span class='ocrx_word' id='word_1_780' title='bbox 2321 5065 2467 5137; x_wconf 87' lang='grc' dir='ltr'>αύτῷ</span> <span class='ocrx_word' id='word_1_781' title='bbox 2497 5065 2596 5134; x_wconf 78' lang='grc' dir='ltr'>τὴν</span> <span class='ocrx_word' id='word_1_782' title='bbox 2633 5061 2912 5140; x_wconf 85' lang='grc' dir='ltr'>βασιλείαν</span> <span class='ocrx_word' id='word_1_783' title='bbox 2941 5066 3265 5138; x_wconf 84' lang='grc' dir='ltr'>περιποιεῖν.</span> <span class='ocrx_word' id='word_1_784' title='bbox 3311 5063 3410 5117; x_wconf 80' lang='grc' dir='ltr'><strong>Καέ</strong></span> <span class='ocrx_word' id='word_1_785' title='bbox 3441 5081 3470 5117; x_wconf 92' lang='lat' dir='ltr'><strong>o</strong></span> <span class='ocrx_word' id='word_1_786' title='bbox 3505 5061 3602 5135; x_wconf 74' lang='grc' dir='ltr'>μὲν</span> <span class='ocrx_word' id='word_1_787' title='bbox 3645 5063 3746 5132; x_wconf 74' lang='grc' dir='ltr'>ἧκε</span> <span class='ocrx_word' id='word_1_788' title='bbox 3767 5081 3784 5098; x_wconf 83' lang='grc'>⁶</span> 
     </span>
    </p>
   </div>
   <div class='ocr_carea' id='block_1_113' title="bbox 2140 5151 3787 5231">
    <p class='ocr_par' dir='ltr' id='par_1_113' title="bbox 2140 5151 3787 5231">
     <span class='ocr_line' id='line_1_114' title="bbox 2140 5151 3787 5231; baseline -0.002 -21"><span class='ocrx_word' id='word_1_789' title='bbox 2140 5154 2236 5210; x_wconf 69' lang='grc' dir='ltr'>κᾶν</span> <span class='ocrx_word' id='word_1_790' title='bbox 2263 5156 2502 5229; x_wconf 86' lang='grc' dir='ltr'>Ὑρκανῷ</span> <span class='ocrx_word' id='word_1_791' title='bbox 2541 5152 2693 5217; x_wconf 78' lang='grc' dir='ltr'>αὖθις</span> <span class='ocrx_word' id='word_1_792' title='bbox 2731 5154 2832 5222; x_wconf 86' lang='grc' dir='ltr'>τήν</span> <span class='ocrx_word' id='word_1_793' title='bbox 2875 5153 3053 5231; x_wconf 80' lang='grc' dir='ltr'>ἀρχήν</span> <span class='ocrx_word' id='word_1_794' title='bbox 3101 5151 3192 5207; x_wconf 80' lang='grc' dir='ltr'><strong>καὶ</strong></span> <span class='ocrx_word' id='word_1_795' title='bbox 3231 5153 3330 5222; x_wconf 78' lang='grc' dir='ltr'>τὴν</span> <span class='ocrx_word' id='word_1_796' title='bbox 3366 5151 3529 5207; x_wconf 87' lang='grc' dir='ltr'>πόλιν</span> <span class='ocrx_word' id='word_1_797' title='bbox 3569 5151 3787 5226; x_wconf 70' lang='grc' dir='ltr'>ἓχείρι-</span> 
     </span>
    </p>
   </div>
   <div class='ocr_carea' id='block_1_114' title="bbox 2143 5240 3785 5318">
    <p class='ocr_par' dir='ltr' id='par_1_114' title="bbox 2143 5240 3785 5318">
     <span class='ocr_line' id='line_1_115' title="bbox 2143 5240 3785 5318; baseline 0 -20"><span class='ocrx_word' id='word_1_798' title='bbox 2143 5250 2249 5315; x_wconf 85' lang='grc' dir='ltr'>ζεν,</span> <span class='ocrx_word' id='word_1_799' title='bbox 2301 5245 2348 5298; x_wconf 84' lang='grc' dir='ltr'>εἰ</span> <span class='ocrx_word' id='word_1_800' title='bbox 2397 5243 2473 5317; x_wconf 78' lang='grc' dir='ltr'>μὴ</span> <span class='ocrx_word' id='word_1_801' title='bbox 2524 5244 2818 5318; x_wconf 79' lang='grc' dir='ltr'>Πομπήϊος</span> <span class='ocrx_word' id='word_1_802' title='bbox 2869 5245 3162 5312; x_wconf 78' lang='grc' dir='ltr'>τηνικαῦτα</span> <span class='ocrx_word' id='word_1_803' title='bbox 3217 5241 3354 5316; x_wconf 83' lang='grc' dir='ltr'>πρὸς</span> <span class='ocrx_word' id='word_1_804' title='bbox 3399 5241 3672 5316; x_wconf 85' lang='grc' dir='ltr'>Τίγράνην</span> <span class='ocrx_word' id='word_1_805' title='bbox 3734 5240 3785 5298; x_wconf 71' lang='grc' dir='ltr'>ἐν</span> 
     </span>
    </p>
   </div>
   <div class='ocr_carea' id='block_1_115' title="bbox 2140 5413 3789 5552">
    <p class='ocr_par' dir='ltr' id='par_1_115' title="bbox 2140 5413 3789 5552">
     <span class='ocr_line' id='line_1_116' title="bbox 2140 5413 3789 5552; baseline 0 -18"><span class='ocrx_word' id='word_1_806' title='bbox 2140 5413 2639 5552; x_wconf 48' lang='grc' dir='ltr'>οῆὲςιξθιιοχειιᾱθι·</span> <span class='ocrx_word' id='word_1_807' title='bbox 2669 5479 3038 5552; x_wconf 83' lang='lat' dir='ltr'><strong>iste_prop_ter</strong></span> <span class='ocrx_word' id='word_1_808' title='bbox 3068 5477 3498 5545; x_wconf 86' lang='lat' dir='ltr'><strong>crudelitatem,</strong></span> <span class='ocrx_word' id='word_1_809' title='bbox 3531 5477 3789 5534; x_wconf 87' lang='lat' dir='ltr'><strong>Trucida</strong></span> 
     </span>
    </p>
   </div>
   <div class='ocr_carea' id='block_1_116' title="bbox 2139 5547 3036 5622">
    <p class='ocr_par' dir='ltr' id='par_1_116' title="bbox 2139 5547 3036 5622">
     <span class='ocr_line' id='line_1_117' title="bbox 2139 5547 3036 5622; baseline -0.003 -16"><span class='ocrx_word' id='word_1_810' title='bbox 2139 5547 2585 5622; x_wconf 76' lang='lat' dir='ltr'><strong>cognominatus</strong></span> <span class='ocrx_word' id='word_1_811' title='bbox 2617 5552 2722 5616; x_wconf 88' lang='lat' dir='ltr'><strong>est,</strong></span> <span class='ocrx_word' id='word_1_812' title='bbox 2748 5547 3036 5622; x_wconf 70' lang='grc' dir='ltr'>(ιῖῥεορίι.)</span> 
     </span>
    </p>
   </div>
   <div class='ocr_carea' id='block_1_117' title="bbox 2211 5619 3784 5694">
    <p class='ocr_par' dir='ltr' id='par_1_117' title="bbox 2211 5619 3784 5694">
     <span class='ocr_line' id='line_1_118' title="bbox 2211 5619 3784 5694; baseline 0 -18"><span class='ocrx_word' id='word_1_813' title='bbox 2211 5621 2287 5694; x_wconf 70' lang='lat' dir='ltr'><strong>(lt)</strong></span> <span class='ocrx_word' id='word_1_814' title='bbox 2316 5623 2433 5678; x_wconf 87' lang='lat' dir='ltr'><strong>Sub</strong></span> <span class='ocrx_word' id='word_1_815' title='bbox 2463 5619 2790 5694; x_wconf 80' lang='lat' dir='ltr'><strong>Alexandra</strong></span> <span class='ocrx_word' id='word_1_816' title='bbox 2817 5619 3090 5694; x_wconf 68' lang='lat' dir='ltr'><strong>Pharisaei</strong></span> <span class='ocrx_word' id='word_1_817' title='bbox 3129 5621 3419 5693; x_wconf 87' lang='lat' dir='ltr'><strong>rempubl.</strong></span> <span class='ocrx_word' id='word_1_818' title='bbox 3447 5619 3784 5676; x_wconf 74' lang='lat' dir='ltr'><strong>Judaaorum</strong></span> 
     </span>
    </p>
   </div>
   <div class='ocr_carea' id='block_1_118' title="bbox 2139 5692 2882 5766">
    <p class='ocr_par' dir='ltr' id='par_1_118' title="bbox 2139 5692 2882 5766">
     <span class='ocr_line' id='line_1_119' title="bbox 2139 5692 2882 5766; baseline -0.004 -16"><span class='ocrx_word' id='word_1_819' title='bbox 2139 5692 2623 5752; x_wconf 78' lang='lat' dir='ltr'><strong>administrat-unt</strong></span> <span class='ocrx_word' id='word_1_820' title='bbox 2650 5692 2882 5766; x_wconf 87' lang='lat' dir='ltr'><strong>(Idem.)</strong></span> 
     </span>
    </p>
   </div>
  </div>
