4096 6284
263 411 378 472 645

1319 409 1942 474 EGGLESIASTICJE
1983 411 2375 477 HISTORLE
2415 417 2564 480 LIB.
2609 419 2660 483 l.

3551 442 3670 502 646

265 543 521 618 Ἀρμενίᾳ
553 544 869 624 μαχόμενος
901 540 1217 635 διεκώλυσε.
1251 543 1391 616 Πρὸς
1444 543 1504 596 ὃν
1547 524 1894 635 Ἀντίπατρός

2015 559 2129 618 que
2162 550 2420 618 pecunias
2450 551 2501 605 vi
2543 557 2762 627 parata,
2793 573 2988 629 regem
3031 577 3094 617 se
3123 561 3316 635 ipsum
3359 573 3670 629 renuntia-

259 651 318 685 τε
371 631 464 686 καὶ
524 633 777 708 Ὑρκανὸς
837 625 1136 699 διαϐάντες,
1195 629 1467 686 πείθουσιν
1553 625 1907 705 Ἀριστόϐου-

261 719 358 774 λον
395 722 492 794 μὲν
521 719 794 796 παριδεῖν,
827 725 1063 794 Ὑρκανῷ
1103 717 1160 775 δὲ
1207 717 1550 791 ἀδικουμένῳ
1581 725 1900 796 προσσχεῖν.

259 809 360 864 Καὶ
413 808 702 882 δεσμώτης
755 813 850 883 μὲν
894 809 1047 870 εὐθὺς
1087 803 1511 884 Ἀριστόϐουλος
1543 808 1755 880 σύναμα
1803 829 1906 882 γυ-

259 897 406 952 ναικὶ
445 898 534 953 καὶ
583 899 814 960 τέκνοις.
856 899 1110 971 Ὑρκανὸς
1151 895 1198 952 δ’
1234 897 1320 953 ἐπὶ
1358 904 1460 967 τῆς
1510 897 1692 973 ἀρχῆς
1740 899 1902 951 καθί-

261 1009 452 1043 σταται
492 987 669 1058 αὖθις,
709 989 1006 1062 Πομπηὶου
1045 989 1143 1056 τὴν
1181 985 1342 1042 πόλιν
1385 988 1778 1061 πορθήσαντος,
1811 986 1903 1041 καὶ

256 1077 324 1132 τὰ
375 1075 425 1132 ’ἐν
475 1082 555 1148 τῷ
615 1079 746 1152 ἱερῷ
826 1076 1062 1150 μυστικὰ
1093 1078 1572 1149 καταθρήσαντος,
1632 1077 1799 1156 φόρον
1845 1097 1904 1132 τε

258 1167 558 1240 Ῥωμαίοις
614 1165 792 1222 τελεῖν
853 1165 1220 1237 ἐπιτάξαντος.
1280 1165 1377 1220 Καὶ
1446 1167 1745 1238 Πομπήϊος
1807 1165 1901 1238 μὲν

255 1255 350 1312 τὸν
395 1251 822 1330 Ἀριστόϐουλον
876 1257 1024 1331 ἄγων
1076 1254 1130 1318 ἐς
1172 1255 1395 1328 Ῥώμην
1445 1250 1556 1329 ᾔει,
1603 1253 1693 1310 καί
1742 1253 1906 1310 Ἀλέ-

259 1341 482 1414 ξανδρον
510 1343 604 1400 τὸν
637 1345 782 1414 υἱὸν,
829 1343 1058 1418 Σκαύρῳ
1088 1341 1288 1400 διέπειν
1323 1345 1391 1400 τὰ
1433 1345 1570 1399 κατά
1617 1345 1715 1414 τὴν
1769 1345 1904 1400 Κοί-

261 1433 368 1505 λην
417 1435 618 1508 Συρίαν
673 1433 849 1498 ἐάσας.
897 1433 1177 1508 Πομπηΐῳ
1221 1431 1277 1489 δὲ
1324 1436 1603 1510 χρήσιμος
1653 1435 1902 1490 ’Δννίπαο

257 1542 390 1597 τρος
456 1518 642 1594 ἔδοξε,
707 1527 776 1597 τῇ
843 1527 1068 1598 στρατιᾷ
1151 1524 1436 1596 Ῥωμαίων
1511 1521 1899 1598 διαμαχομένῃ

255 1611 398 1686 πρὸς
447 1607 690 1686 Ἀραϐας
756 1608 826 1666 δι’
883 1613 1142 1686 ’Υρκανοῦ
1197 1611 1264 1666 τὰ
1327 1609 1573 1690 χρειώδη
1633 1611 1902 1686 κομίζων,

257 1701 447 1754 σπάνει
496 1705 604 1755 τῶν
669 1697 994 1772 ἐπιτηδείων
1039 1701 1350 1774 πιεζομένη.
1403 1703 1488 1756 Ἐν
1538 1702 1716 1774 τούτῳ
1767 1699 1824 1755 δὲ
1871 1702 1900 1755 6

257 1789 356 1863 μὲν
391 1785 817 1863 Ἀριστοϐούλου
851 1795 978 1852 παῖς
1017 1786 1393 1864 Ἀλέξανδρος,
1443 1791 1736 1862 Πομπήϊον
1783 1787 1902 1846 δια-

257 1876 409 1952 δρὰς,
443 1879 534 1933 καὶ
564 1879 757 1948 ἱκανήν
789 1885 954 1955 χεῖρα
991 1879 1332 1954 συναγαγὼν,
1387 1879 1554 1954 βαρὺς
1603 1881 1894 1936 καθίστατο
1928 1911 1980 1974 Β

255 1971 514 2043 Ὑρκανῷ.
564 1969 695 2024 Ὑπὸ
745 1963 1000 2022 Γαϐινίου
1049 1965 1104 2024 δὲ
1153 1967 1321 2029 ἁλοὺς
1367 1969 1454 2024 καὶ
1505 1967 1665 2032 αὐτὸς
1713 1970 1895 2042 ἠρέμα

258 2057 400 2132 εἶχε.
437 2061 524 2130 Τῷ
572 2054 619 2110 δ’
663 2062 904 2132 Ὑρκανῷ
953 2052 1200 2120 Γαϐίνιος
1249 2058 1347 2126 τήν
1393 2063 1490 2112 τοῦ
1538 2059 1686 2132 ἱεροῦ
1737 2057 1900 2128 κηδε-

259 2149 457 2220 μονίαν
516 2145 722 2213 ἐκδοὺς,
764 2149 864 2218 τήν
911 2145 1088 2218 ἄλλην
1139 2145 1416 2202 πολιτείαν
1465 2146 1552 2203 ἰπὶ
1601 2149 1900 2222 προστασίᾳ

257 2241 366 2292 τῶν
409 2236 642 2312 ἀρίστων
682 2236 962 2306 καθίστησι
989 2255 1002 2268 ·
1053 2236 1142 2291 καὶ
1179 2239 1242 2291 τὸ
1283 2241 1385 2291 πᾶν
1435 2237 1589 2300 ἔθνος
1630 2238 1706 2298 εἷς
1745 2241 1900 2294 πέντε

260 2323 520 2388 συνόδους
561 2322 769 2380 διεῖλε·
821 2325 908 2380 καὶ
955 2332 1052 2393 τῆς
1105 2326 1223 2388 ἰνὸς
1272 2324 1610 2400 ἐπικρατείας
1639 2329 1700 2382 τὸ
1750 2325 1898 2392 ἔθνος

257 2413 592 2491 ἀπαλλαγὲν,
641 2417 704 2470 τὸ
747 2413 943 2470 λοιπὸν
992 2415 1378 2489 ἀριστοκρατίᾳ
1413 2415 1597 2478 καλῶς
1638 2413 1898 2490 διῳκοῦν·

253 2524 339 2560 τυ.
374 2503 448 2558 Οὐ
479 2501 679 2576 πολλῷ
713 2501 770 2559 δὲ
804 2503 1022 2577 ὕστερον
1073 2503 1160 2558 καὶ
1206 2499 1630 2578 Ἀριστόϐουλος
1668 2504 1726 2560 ἐκ
1763 2507 1900 2560 Ῥώ-

256 2614 368 2664 μης
420 2590 715 2669 διαφυγὼν,
763 2593 852 2648 καὶ
899 2595 1025 2655 τοὺς
1088 2589 1398 2666 μεταϐολῆς
1445 2591 1675 2668 ἐρῶντας
1725 2597 1898 2669 ἀθροί-

254 2703 372 2750 σας,
435 2683 589 2758 μάχῃ
627 2687 860 2758 καρτερᾷ
898 2682 1264 2760 συρρήγνυται
1305 2685 1560 2757 Ὑρκανῷ.
1603 2685 1896 2756 Ῥωμαίων

253 2769 300 2825 δ’
358 2767 808 2842 ἐπιϐοηθούντων
868 2772 969 2827 ὑπὸ
1032 2777 1424 2847 στρατηγοῦντι
1489 2777 1568 2845 τῷ
1635 2769 1923 2846 Γαϐινίῳ,υ

252 2862 484 2929 ἡττᾶται
535 2861 631 2934 μὲν
671 2856 1104 2936 Ἀριστόϐουλος
1151 2861 1243 2916 καὶ
1293 2859 1611 2916 ἁλίσκεται·
1663 2862 1752 2918 καὶ
1801 2862 1892 2918 σὺν

255 2954 334 3021 τῷ
390 2949 494 3022 υίῷ
552 2950 850 3026 Ἀντιγόνῳ
906 2949 983 3012 εἷς
1039 2951 1263 3024 Ῥώμην
1322 2948 1474 3012 αὖθις
1538 2949 1890 3025 ἐκπέμπεται.

254 3042 316 3097 Ὁ
374 3036 421 3094 δ’
469 3041 725 3116 Ὑρκανὸς
772 3041 860 3096 καὶ
912 3039 1264 3117 Ἀντίφατρος
1319 3035 1557 3114 Γαϐινίῳ
1607 3042 1742 3115 πρὸς
1792 3042 1895 3098 Αἴ-

251 3150 455 3204 γυπτον
488 3131 586 3198 τήν
620 3131 745 3205 παρ’
778 3129 1030 3207 Εὐφράτῃ
1091 3125 1327 3204 διάγοντι
1369 3131 1634 3207 χρήματα
1679 3132 1768 3186 καὶ
1799 3130 1886 3186 α’ί-

251 3239 371 3289 τον,
405 3216 554 3274 ὅπλα
579 3239 638 3273 τε
667 3219 756 3273 καὶ
811 3215 1132 3292 ἐπικούρους
1181 3223 1559 3296 χορηγοῦντες
1619 3219 1681 3274 ού
1717 3217 1894 3276 διέλι-

2016 637 2216 732 vitthEt
2265 637 2576 712 Alexndra,
2622 645 2964 718 priusquam
2995 649 3251 709 ﬁliorum
3303 660 3534 728 negotia
3565 677 3669 732 pro

2016 725 2256 781 arbitrio
2317 743 2424 784 suo
2491 733 2936 805 composuisset,
2996 754 3027 792 θ
3085 739 3205 796 vita
3258 725 3666 813 migravit-Et

2015 813 2278 904 conﬂictu
2333 816 2486 873 inter
2534 821 2740 878 fratres
2785 826 3119 895 commisso,
3171 830 3244 884 ab
3281 831 3546 904 Hyrcano
3591 841 3664 895 ad

2013 901 2411 992 Aristobulum
2459 908 2770 965 multitudo
2822 913 3049 971 defecit.
3099 918 3182 974 Ita
3235 901 3536 992 Hyrcanus
3575 929 3664 984 vel

2014 989 2231 1048 invitus
2291 994 2448 1050 fratri
2483 1012 2656 1068 regno
2705 999 2878 1071 cedit,
2903 1007 2970 1069 fel
3003 989 3304 1076 privatam-
3335 1011 3445 1067 sibi
3477 1015 3658 1073 vitam

2015 1077 2332 1148 degendam
2365 1083 2569 1140 sumit.
2626 1085 2727 1142 His
2760 1087 2840 1142 ita
2869 1093 3066 1160 gestis,
3101 1109 3230 1150 cum
3267 1098 3460 1156 multis
3503 1101 3658 1167 aliis.

2015 1171 2140 1260 tum
2203 1170 2448 1260 maxime
2502 1174 2830 1246 Antipatro,
2863 1178 2961 1250 qui
3013 1183 3248 1240 Herodis
3308 1191 3470 1255 pater
3509 1197 3655 1260 erat,

2013 1257 2479 1316 metusincessit.
2505 1260 2845 1319 Inimicitias
2859 1266 3015 1324 enim
3032 1257 3644 1336 contraAristobulum

2012 1345 2091 1414 (1)
2137 1347 2394 1418 gerebat,
2454 1349 2716 1418 Hyrcano
2750 1369 2922 1422 quam
2978 1359 3226 1416 maxime
3279 1364 3523 1422 amicus.
3577 1368 3654 1425 Ex

2013 1432 2287 1526 Idumeis
2317 1439 2470 1492 enim
2502 1455 2686 1510 genus
2719 1442 2974 1514 trahens,
3018 1449 3231 1519 opibus
3261 1457 3318 1508 et
3345 1454 3662 1526 splendore

2012 1523 2167 1619 apud
2199 1539 2330 1581 eam
2379 1535 2607 1619 gentem
2641 1528 2809 1619 facile
2858 1534 3128 1608 princeps
3177 1544 3314 1597 erat.
3369 1523 3422 1599 lis
3461 1531 3662 1619 itaque

2015 1610 2274 1708 Hyrcano
2331 1622 2532 1708 auctor
2576 1616 2712 1708 fuit,
2745 1624 2810 1673 ut
2845 1621 2914 1676 ad
2959 1624 3190 1680 Aretam
3239 1632 3413 1698 Syrias
3462 1610 3660 1708 regem

2011 1715 2074 1754 se
2104 1701 2411 1764 conferret.
2455 1709 2512 1760 et
2543 1707 2758 1762 auxilia
2805 1709 2877 1762 ab
2915 1725 2980 1766 eo
3005 1711 3078 1768 ad
3127 1731 3370 1787 regnum
3414 1701 3658 1795 recupe-

2009 1789 2261 1844 randum
2300 1796 2536 1861 peteret.
2572 1793 2637 1848 Et
2666 1797 2862 1851 Aretes
2907 1800 3146 1870 quidem
3175 1803 3433 1874 Hyrcano
3459 1789 3662 1869 subsi-

2011 1876 2174 1974 dium
2189 1879 2399 1974 ferens,
2424 1897 2668 1974 regnum
2689 1888 2744 1939 et
2760 1885 2947 1956 ipsam
2968 1889 3267 1948 urbemilli
3286 1899 3658 1974 restituisset,

2011 1964 2121 2020 nisi
2140 1966 2450 2038 Pompeius
2463 1971 2739 2028 adversus
2752 1975 3056 2045 Tigranem
3073 1979 3416 2052 ianrmenia
3435 1964 3656 2049 bellum

2009 2069 2216 2124 gerens
2238 2057 2292 2149 id
2311 2059 2724 2149 prohibuisset.
2750 2063 2835 2118 Ad
2849 2081 3044 2136 quem.
3061 2071 3362 2144 Antipater
3381 2081 3437 2132 et
3453 2078 3660 2149 Hyrca-

2011 2161 2121 2199 nus
2153 2146 2480 2215 profecti,ei
2515 2152 2949 2222 persuadent,ut
2979 2157 3379 2220 Aristobulum
3413 2146 3657 2226 contem-

2009 2237 2282 2328 πηοί-ορ
2313 2234 2575 2328 Hyrcano
2605 2239 2701 2308 qui
2734 2240 2949 2312 injuria
2972 2251 3127 2302 esset
3147 2249 3655 2328 aﬁ‘ectus,conjun-

2008 2320 2318 2391 gat.59lla
2345 2324 2712 2382 Aristobulus
2743 2329 2821 2401 (2)
2854 2347 2970 2387 una
3000 2349 3134 2391 cum
3167 2354 3342 2396 uxore
3365 2347 3421 2398 et
3449 2320 3648 2404 libveris

2006 2410 2274 2482 vincitur,
2307 2411 2606 2484 Hyrcanus
2637 2420 2828 2472 autem
2883 2418 2940 2474 in
2991 2437 3232 2494 regnum
3266 2433 3596 2490 restituitur
3626 2454 3642 2496 :

2004 2514 2139 2554 cum
2189 2499 2422 2572 quidem
2475 2503 2553 2575 (3)
2609 2505 2918 2577 Pompeius
2977 2511 3177 2569 urbem
3236 2517 3420 2588 ipsam
3477 2523 3647 2580 deva-

2005 2589 2238 2676 stasset,
2271 2593 2326 2642 et
2358 2605 2446 2644 res
2479 2605 2672 2647 sacras
2712 2609 3069 2668 arcanasque
3107 2599 3164 2655 in
3205 2605 3420 2676 templo
3445 2623 3649 2669 omnes

2003 2671 2359 2742 explorasset
2407 2678 2504 2748 (4),
2555 2681 2910 2754 vectigalque
2959 2684 3234 2746 Romanis
3274 2671 3646 2762 pendendum

2000 2764 2216 2857 ludatis
2241 2764 2956 2857 imposuisset.Pompeius
2987 2791 3120 2832 vero
3149 2779 3566 2857 Aristobulum,
3589 2795 3648 2846 et

2001 2849 2386 2910 Alexandrum
2439 2856 2626 2913 filium
2676 2859 2824 2930 ejus,
2872 2861 3111 2920 Romain
3161 2883 3359 2926 secum
3404 2849 3646 2948 ducens,

2004 2939 2296 3033 profectus
2353 2949 2484 3000 est:
2537 2946 2753 3003 Scauro
2812 2950 3314 3014 administratione
3354 2961 3431 3033 (5)
3467 2939 3646 3024 οωιθᾷ

2001 3029 2168 3098 syriaa
2203 3033 2500 3102 permissa.
2554 3035 2752 3092 Eidem
2788 3038 3058 3112 Pompeio
3109 3029 3370 3104 idoneus
3399 3029 3456 3108 et
3487 3056 3646 3114 utilis

2002 3115 2164 3172 visus
2195 3121 2284 3173 est
2326 3121 2628 3192 Anttpaler
2661 3123 3054 3184 Romanorum
3092 3135 3395 3208 exercitui,
3427 3138 3645 3202 bellum

2007 3209 2208 3261 contra
2253 3209 2469 3266 Arabes
2525 3215 2770 3283 gerenti,
2820 3217 2878 3271 et
2925 3216 3120 3290 inopia
3151 3237 3346 3280 rerum
3380 3243 3646 3289 necessa-

354 3275 371 3289 ι
1007 3275 1015 3292 .
1119 3275 1130 3279 -
1183 3275 1222 3296 ιι.
1263 3275 1274 3292 .
1320 3275 1362 3294 -.
1547 3275 1558 3280 -
1731 3275 1735 3276 ν

253 3327 379 3368 πος.
417 3306 516 3361 Καὶ
558 3307 770 3380 Κράσος
812 3307 908 3380 μὲν
949 3301 1200 3361 Γαϐίνιον
1255 3304 1522 3376 διεδέξατο
1547 3325 1560 3339 ⁸
1612 3313 1804 3363 τοῦτον
1839 3307 1894 3364 δὲ

2008 3293 2225 3350 riarum
2293 3296 2602 3368 laboranti,
2662 3303 2818 3373 quod
2875 3303 2926 3360 is
2983 3275 3084 3378 per
3130 3309 3461 3385 Hyrcanum
3518 3337 3646 3380 con-

256 3397 510 3456 Κάσσιος.
552 3396 722 3456 Οἰτος
761 3395 864 3450 ὑπὸ
904 3391 1207 3467 συμϐούλῳ
1256 3395 1334 3468 τῷ
1386 3397 1722 3470 ’Λντιπάτρῳ
1767 3397 1892 3460 τοὺς

249 3478 677 3557 Ἀριστοϐούλου
724 3484 922 3539 κτείνει
961 3485 1278 3546 στασιαστάς
1303 3503 1315 3515 ⁸
1371 3485 1488 3557 μεθ’
1531 3486 1605 3539 ὧν
1642 3488 1730 3540 καὶ
1765 3492 1892 3541 Πει-

248 3571 468 3628 θόλαον.
511 3573 864 3641 Ἀντίπατρος
914 3569 970 3627 δὲ
1019 3571 1068 3642 ἐξ
1119 3567 1382 3648 ’Δραϐίας
1429 3572 1612 3650 ἄγεται
1665 3582 1892 3653 γυναῖκα

248 3662 454 3736 Κύπριν
495 3661 706 3734 ὄνομα·
748 3661 796 3732 ἐξ
837 3664 903 3731 ἧς
953 3659 1162 3716 παίδων
1210 3663 1481 3736 τεττάρων
1527 3665 1707 3739 πατὴρ
1751 3665 1890 3740 γίνεο

244 3769 370 3805 ται·
425 3749 720 3821 Φασάηλος
771 3752 858 3805 καὶ
893 3751 922 3805 6
953 3750 1210 3826 βασιλεὺς
1259 3749 1535 3824 Ἡρώδης,
1567 3747 1644 3807 ἔτι
1687 3750 1742 3808 δὲ
1775 3753 1891 3810 Ἱώο

247 3861 422 3910 σηπος
466 3839 557 3894 καὶ
607 3839 864 3914 Φερώρας
917 3840 1050 3908 ἦσαν
1106 3839 1292 3902 αὐτοῖς
1333 3841 1399 3894 τὰ
1449 3840 1706 3914 ὀνόματα.
1757 3841 1891 3907 Τοὺς

247 3925 302 3983 δὲ
334 3925 593 3990 δυνατοὺς
643 3929 846 3991 πάντας
903 3927 1102 4002 δώροις
1152 3927 1603 4003 ἐξοικειούμενος,
1650 3929 1890 4005 μάλιστα

243 4017 464 4072 πάντων
519 4013 605 4072 διὰ
642 4019 744 4085 τὴν
793 4016 1082 4093 ἐπιγαμίαν
1129 4017 1324 4091 ’Δρέτᾳ
1369 4023 1446 4090 τῷ
1485 4023 1594 4074 τῶν
1639 4015 1886 4095 ’Δράϐων

247 4103 467 4175 βασιλεῖ
522 4105 930 4180 προσῳκείωτο.
981 4107 1084 4161 Τὸν
1153 4102 1580 4178 Ἀριστόϐουλον
1628 4111 1756 4181 γοῦν
1807 4105 1887 4164 δε-

243 4191 474 4262 δοικὼς,
554 4193 740 4267 ἐκείνῳ
812 4196 1274 4269 παρακαταθήκην
1352 4195 1419 4250 τά
1490 4193 1646 4250 τέκνα
1703 4197 1882 4254 ἐτίθει.

242 4287 450 4358 Καῖσαρ
481 4279 538 4336 δὲ
572 4283 863 4356 Πομπηίου
904 4284 1162 4360 φυγόντος
1201 4285 1304 4352 τήν
1355 4284 1576 4356 Ῥώμην
1623 4285 1760 4358 πρᾶς
1792 4287 1882 4342 τὸν

241 4371 450 4442 Ἰόνιον,
507 4369 674 4434 λύσας
721 4369 815 4426 τὸν
859 4369 1286 4446 Ἀριστόϐουλον
1333 4371 1411 4434 εἷς
1469 4374 1667 4448 Συρίαν
1715 4372 1882 4448 ἔπεμ-

238 4481 370 4515 πεν·
413 4459 562 4515 ἀλλᾶ
601 4461 782 4534 φθάνει
833 4459 1102 4538 φαρμάκῳ
1147 4457 1458 4538 διαφθαρεὶς
1511 4461 1614 4517 ὑπὸ
1662 4467 1769 4518 τῶν
1817 4467 1883 4519 τὰ

243 4547 541 4622 Πομπηίου
573 4547 918 4624 φρονούντων
944 4565 960 4580 ⁸
992 4546 1044 4603 ἒν
1094 4547 1277 4623 μέλιτι
1318 4546 1374 4604 δὲ
1420 4550 1592 4612 τεθεὶς
1623 4552 1650 4606 6
1678 4551 1884 4608 ἐκείνου

2005 3389 2264 3441 meatum
2307 3387 2367 3442 in
2417 3393 2608 3446 castra
2647 3392 3007 3451 subveheret.
3061 3398 3285 3458 Interea
3327 3405 3644 3468 Aristobuli

2003 3473 2159 3569 filius
2187 3474 2507 3534 Alexander
2527 3497 2560 3536 a
2577 3479 2849 3552 Pompeio
2882 3485 3133 3558 profugit
3157 3505 3170 3541 :
3196 3497 3248 3544 et
3269 3493 3408 3548 satis
3429 3511 3644 3569 magna

2001 3562 2240 3620 collecta
2295 3582 2490 3637 manu,
2548 3569 2842 3640 negotium
2904 3573 3345 3650 periculumque
3409 3562 3647 3645 taceaslt

2002 3650 2282 3744 turmine.
2335 3654 2444 3710 Sed
2495 3673 2529 3711 a
2583 3658 2826 3714 Gabinio
2877 3665 3100 3734 captus,
3163 3671 3362 3734 postea
3409 3673 3642 3744 quietus

2002 3739 2128 3796 fuit.
2160 3741 2469 3832 Enimvero
2519 3744 2820 3817 Gabinius,
2856 3747 3116 3821 Hyrcano
3147 3769 3285 3810 cura
3315 3739 3518 3832 tem‘pli
3551 3765 3646 3824 dei

2000 3831 2292 3898 mandata,
2318 3831 2604 3904 reliquam
2625 3851 2819 3892 rerum
2849 3839 3418 3905 administrationem
3440 3831 3650 3909 dition-

1997 3919 2366 3989 optimatium
2425 3925 2735 3996 commisit,
2795 3931 2850 3982 et
2913 3935 3143 4000 gentem
3206 3936 3536 3999 universam
3584 3943 3646 4001 in

1999 4008 2255 4080 quinque
2325 4016 2640 4069 conventus
2702 4015 3002 4073 distribuit
3051 4035 3064 4076 :
3114 4020 3422 4097 Judteique
3470 4033 3646 4090 unius

1997 4097 2233 4186 tandem
2276 4097 2670 4156 dominatione
2719 4101 2966 4175 liberati,
3032 4107 3242 4166 deinde
3271 4116 3644 4186 optimatium

1997 4185 2415 4278 gubernatione
2460 4189 2568 4244 rite
2617 4191 2965 4264 regebantur
3004 4211 3018 4250 :
3072 4213 3177 4254 nec
3217 4185 3401 4261 multo
3447 4213 3647 4278 postea

1995 4270 2392 4368 intercedente
2437 4283 2714 4349 tempore,
2767 4284 2824 4336 et
2866 4283 3241 4344 Aristobulus
3284 4270 3466 4350 Roma
3511 4313 3644 4368 pro-

1997 4361 2188 4432 fugas,
2208 4365 2461 4420 exercitu
2494 4381 2562 4421 ex
2589 4369 2673 4424 eis
2694 4369 2793 4440 qui
2823 4371 3106 4430 novandis
3138 4377 3313 4435 rebus
3349 4361 3647 4444 studerent

1996 4450 2256 4520 collecto,
2308 4455 2469 4527 gravi
2519 4471 2711 4528 pugna
2765 4473 2898 4514 cum
2957 4459 3218 4534 Hyrcano
3273 4469 3640 4532 decertavit:

1995 4540 2094 4633 sed
2129 4540 2402 4597 Romanis
2436 4545 2693 4616 Hyrcano
2726 4563 2893 4618 opem
2937 4549 3279 4624 ferentibus,
3315 4575 3347 4612 a
3377 4558 3644 4633 Gabinio,

238 4639 451 4712 νεκρὸς,
501 4637 590 4692 ὑπ’
634 4639 935 4694 Ἀντωνίου
985 4636 1202 4714 ὕστερον
1251 4643 1374 4700 τοῖς
1426 4640 1701 4712 πατρῴοις
1733 4639 1882 4696 ἐνθά-

2005 4631 2092 4726 qui
2123 4634 2248 4726 tum
2281 4649 2384 4704 pro
2415 4633 2652 4690 consule
2682 4637 2959 4694 exercitui
2981 4647 3251 4712 praeerat,
3280 4631 3646 4726 Aristobulug

238 4747 433 4782 πτεται
489 4727 786 4800 μνήμασιν.
837 4727 968 4780 Ὑπὸ
1018 4725 1286 4781 Σκιπίωνι
1335 4723 1391 4782 δὲ
1438 4727 1533 4782 καὶ
1571 4729 1598 4780 ὁ
1629 4727 1745 4792 υἱὸς
1791 4729 1886 4784 αύ-

237 4819 334 4870 τοῦ
365 4813 725 4890 Ἀλέξανδρος
771 4813 987 4870 πελέκει
1027 4815 1317 4889 ἀνῄρηται,
1367 4815 1663 4890 Πομπηΐου
1700 4817 1888 4873 κελεύ-

241 4925 459 4962 σαντος.
508 4903 720 4962 Τούτου
760 4905 859 4974 τήν
911 4905 1174 4980 θυγατέρα
1225 4906 1312 4959 καὶ
1352 4906 1442 4961 τὸν
1497 4906 1611 4960 υἱὸν
1645 4905 1890 4982 Ἀντίγο-

242 5157 280 5212 li
288 5087 397 5214 l(1)I
419 5085 683 5214 Jgssgphi.2
690 5086 945 5142 Arabum
992 5103 1184 5160 regem
1217 5087 1378 5157 dicit,
1413 5087 1485 5142 De
1516 5087 1644 5144 bell.
1674 5089 1886 5147 Judaic.

267 5175 344 5213 ιι).
379 5176 419 5213 Ι.
453 5175 580 5213 CBD.
617 5175 704 5212 12.

334 5200 344 5213 .
379 5176 419 5226 ι,
453 5175 580 5229 cap.
617 5175 704 5212 ιζ.

334 5231 392 5298 2)
422 5228 659 5302 Ioseph.
694 5227 795 5302 lib.
825 5245 942 5292 xw.
981 5247 1105 5302 cap.
1136 5230 1192 5286 9.

333 5302 390 5374 3)
411 5323 440 5350 ιι
474 5305 548 5374 At
575 5300 680 5357 Cn.
712 5300 1024 5374 Pompeius
1050 5300 1240 5374 captis
1269 5300 1678 5374 Hierosolymis
1710 5302 1891 5374 victor

240 5350 438 5445 exfiro
475 5350 1045 5445 ὶξηῖὶίίιὶίῖἶιῗῐίξίὶ.
1061 5350 1160 5445 TE
1170 5350 1678 5444 ἶτῖὧῖὲᾝόἷξὺῖ
1707 5350 1893 5445 ἐκπὶῖιῖῐᾶ

241 5443 376 5511 alia,
409 5443 724 5514 sapienter,
759 5445 819 5498 in
849 5443 969 5500 tarn
1003 5443 1331 5514 suspiciosa
1359 5454 1410 5499 et
1443 5445 1726 5500 maledica
1757 5444 1888 5500 civi-

241 5518 357 5570 tate
407 5515 599 5570 locum
647 5515 901 5570 sermoni
973 5517 1421 5572 obtrectatorum
1470 5532 1582 5570 non
1633 5515 1885 5584 reliquit.

238 5584 362 5642 Non
405 5586 563 5657 enim
615 5584 784 5642 credo
829 5585 1168 5657 religionem
1210 5589 1268 5642 et
1318 5585 1653 5642 Judmorum
1695 5591 1753 5642 et
1783 5585 1888 5657 ho-

239 5657 416 5714 stium
451 5656 872 5728 impedimento
901 5656 1380 5728 praestantissimo
1410 5657 1762 5727 imperatori,
1789 5656 1887 5712 sed

243 5729 526 5799 pudorem
557 5729 756 5786 fuisse.
805 5748 834 5780 ao
863 5729 1065 5801 (Cicer.
1119 5745 1222 5801 pro
1257 5728 1334 5801 7L.
1380 5728 1715 5801 Flacco.)_«
1775 5729 1890 5801 Ro-

243 5815 551 5857 manorum
601 5801 828 5872 primus
874 5799 978 5857 Cn.
1030 5799 1340 5874 Pompeius
1370 5799 1602 5856 Judzeos
1638 5799 1884 5869 domuit,

1998 4725 2054 4773 et
2083 4720 2271 4777 victus
2304 4727 2360 4777 et
2389 4730 2616 4794 captus,
2653 4731 2710 4781 et
2739 4743 2853 4782 una
2883 4744 3015 4786 cum
3041 4731 3157 4788 ﬁlio
3187 4735 3476 4806 Antigono
3529 4720 3642 4798 Ro:

1997 4826 2153 4866 mam
2185 4829 2384 4870 rursus
2413 4815 2699 4873 abductus
2727 4822 2835 4874 est.
2855 4821 3152 4892 Hyrcanus
3183 4833 3376 4882 autem
3398 4833 3455 4885 et
3484 4832 3642 4888 Anti-

1998 4905 2159 4970 pater
2207 4902 2476 4975 Gabinio,
2518 4905 2618 4977 qui
2653 4913 2772 4964 tum
2819 4908 2889 4964 ad
2920 4912 3228 4982 Egyptum
3259 4931 3388 4986 quae
3439 4920 3511 4975 ad
3545 4921 3648 4979 Eu-

1995 5075 2545 5169 templumguejure
2577 5082 2828 5169 lictoriae
2847 5083 3150 5169 ingressus
3171 5090 3431 5169 estinde
3454 5095 3649 5169 vulga-

1993 5149 2337 5238 3931111911}!
2382 5149 2542 5208 intus
2577 5155 2774 5238 pium“
2805 5149 3020 5238 effigie,
3053 5173 3292 5238 vacuam
3333 5149 3645 5238 sedem,°et

1994 5225 2454 5301 inanianareana.
2512 5246 2540 5274 »
2571 5226 2590 5295 (
2622 5225 2802 5301 '_]‘_acit_:.
2836 5225 2938 5284 ltb'.
2969 5231 3112 5297 xxI.)
3306 5285 3324 5301 ,

2061 5291 2139 5372 (at
2172 5291 2364 5372 .Paulo
2419 5291 2590 5372 post._'
2623 5296 2699 5354 M.
2751 5297 2996 5356 Crassus
3043 5291 3238 5358 eunda
3305 5291 3372 5361 ad
3419 5307 3642 5368 bellum

1997 5359 2351 5454 ξιξςιίέἱρμω,
2371 5359 2856 5454 ,ροουιιὶαθ-ᾳυεε.
2871 5373 3178 5454 Pompeius
3209 5359 3335 5430 non
3350 5359 3642 5454 tetigerat,

1993 5446 2023 5514 ρ
2054 5434 2304 5518 templo“
2331 5434 2593 5518 abstulit.
2643 5434 2900 5518 (.léseph.
2932 5434 3033 5498 lib:
3066 5460 3346 5518 x1v,gcap.
3375 5434 3643 5518 143νέδᾶ

1991 5505 2044 5568 is
2075 5505 2376 5588 infeliciter
2395 5505 2674 5588 adversus
2696 5505 2939 5588 Parthos
2959 5505 3254 5587 pugnavit.
3280 5505 3457 5578 Periit
3465 5505 3642 5581 Iin'eo

1994 5573 2378 5654 praelio_t_ilius
2407 5583 2556 5654 ejus,
2589 5589 2653 5654 et
2693 5584 2816 5653 ipse
2845 5573 2978 5640 cum
3030 5573 3303 5646 universo
3331 5573 3452 5651 isi-3
3477 5573 3646 5652 iis}:

1993 5647 2136 5731 cita:
2163 5646 2894 5731 (§lutarctius,__in_0'ras_so,
2923 5665 2975 5714 et
3002 5658 3304 5731 Pompeio.)

2064 5716 2142 5788 (5)
2170 5716 2328 5776 Hanc
2349 5716 2618 5780 nonnulli
2647 5716 2982 5785 inferiorem
3011 5716 3238 5802 Syriam
3267 5716 3495 5797 vocant.
