4096 6284
425 317 544 376 en
1719 301 2142 370 NICEPHOBI
2185 301 2529 365 GALLISTI
3707 315 3829 376 διε

425 449 693 521 phratem
725 450 831 515 est,
864 450 1053 503 castra
1083 443 1667 515 habebat,pecunias,
1687 444 2063 507 frumentum,

2181 455 2269 488 vov
2304 435 2622 490 Φιλιππίων
2670 440 2698 492 6
2742 438 3089 512 Πτολεμαίου
3133 437 3344 511 λαϐὼν,
3399 445 3488 500 καὶ
3537 449 3618 519 τῷ
3665 441 3829 520 ἔρωτι

425 555 611 608 arma,
660 543 716 593 et
761 535 1065 591 auxiliares
1088 533 1282 604 copias
1326 533 1674 588 submittere
1724 548 1839 588 non
1884 531 2062 586 inter-

422 627 750 683 mittebant.
813 625 1029 681 Deinde
1060 623 1304 678 Crassus
1337 623 1571 692 quidem
1621 621 1888 682 Gabinio,
1930 620 2066 674 huic

422 720 617 770 autem
666 715 953 770 successit
1007 710 1239 767 Cassius
1269 711 1370 781 (1).
1421 712 1523 764 Hic
1572 715 1805 766 auctore
1837 713 1893 765 et
1935 725 2066 764 sua-

423 820 550 863 sore
581 804 901 874 Antipatro,
951 802 1283 874 quicunque
1320 804 1518 854 essent
1567 800 1832 855 factionis
1859 799 2069 854 Aristo-

422 894 740 963 buli,atque
765 891 914 945 inter
948 891 1050 945 hos
1085 888 1432 955 Pitholaum,
1457 887 1748 942 interﬁcit.
1770 887 2068 958 Antipater

418 997 551 1038 vero
581 997 650 1037 ex
681 979 888 1034 Arabia
931 993 1168 1032 uxorem
1201 976 1382 1040 ducit,
1443 975 1672 1047 Cyprim
1733 976 1965 1030 nomine
2000 991 2069 1031 ex

418 1085 532 1141 qua
581 1077 823 1140 quatuor
881 1067 1136 1122 ﬁliorum
1179 1065 1287 1120 fuit
1337 1074 1493 1137 paler
1531 1065 1628 1136 (2),
1691 1081 1934 1135 quorum
1970 1081 2065 1119 no-

418 1161 574 1216 mina
602 1165 803 1214 erant:
843 1156 1183 1222 Phasaelus,
1220 1155 1466 1211 Herodes
1512 1170 1628 1222 rex,
1661 1154 1975 1226 Josephus,
2010 1161 2066 1210 et

415 1249 710 1303 Pheroras.
747 1246 857 1301 Sed
890 1246 1041 1299 enim
1084 1244 1526 1316 potentissimos
1565 1259 1829 1315 quosque
1860 1259 2068 1298 mune-

416 1337 579 1392 ribus
632 1335 744 1390 sibi
797 1332 1141 1397 concilians,
1195 1332 1565 1402 potissimum
1611 1348 1710 1402 per
1759 1332 2066 1402 conjugem

414 1426 793 1485 suam,Aretaa
824 1422 1086 1476 Arabum
1111 1421 1227 1492 regi
1255 1436 1313 1475 se
1346 1419 1708 1475 familiariter
1729 1422 2067 1504 insinuavit,

414 1519 470 1569 et
521 1512 910 1568 Aristobulum
962 1510 1196 1578 timens,
1245 1509 1458 1564 liberos
1509 1526 1640 1564 suos
1675 1508 1780 1576 illi,
1825 1511 2070 1581 depositi

411 1603 616 1669 instar,
674 1600 990 1656 commisit.
1048 1599 1236 1653 Caesar
1311 1615 1502 1669 porro,
1569 1614 1702 1654 cum
1763 1600 2073 1670 Pompeius

412 1692 596 1748 Roma
627 1692 697 1746 ad
733 1688 957 1744 Ionium
994 1689 1356 1759 profugeret,
1381 1687 1777 1742 Aristobulum
1813 1687 2074 1760 libertate

2172 531 2272 592 τῆς
2318 527 2581 601 νεωτέρας
2628 527 2817 592 ἁλοὺς,
2867 528 3039 606 ἔγημε
3081 531 3282 602 ταύτην
3313 550 3326 564 ·
3387 531 3459 588 δι’
3498 534 3565 603 ἢν
3605 536 3696 590 καὶ
3738 538 3832 592 αύ-

2174 616 2266 677 τὸς
2322 616 2599 672 κτείνεται.
2673 622 2728 671 Ὁ
2784 617 2883 692 γάρ
2941 619 3135 674 τούτου
3193 622 3375 695 πατὴρ
3461 623 3828 695 Πτολεμαῖος,

2173 703 2241 777 τῇ
2297 702 2625 779 Ἀλεξάνδρᾳ
2683 709 2816 781 πρὸς
2890 709 3066 782 γάμον
3139 708 3455 784 συνέρχεται
3509 731 3521 744 ·
3583 712 3676 766 καὶ
3731 713 3825 768 τὸν

2177 793 2293 847 υἱὸν
2335 791 2424 848 διὰ
2464 795 2556 848 τὸν
2591 795 2795 865 ταύτης
2835 790 3008 871 ἔρωτα
3050 797 3246 852 κτείνει
3275 818 3286 830 ⁸
3336 798 3428 854 καί
3477 804 3573 854 τοῦ
3624 800 3827 857 λοιποῦ

2174 880 2681 958 κηδεμονικώτερον
2713 886 2846 958 πρὸς
2875 887 3001 947 τοὺς
3043 884 3314 963 ἀδελφοὺς
3357 887 3564 958 ἐκείνης
3607 888 3697 944 διὰ
3731 893 3825 947 τὸν

2172 972 2346 1044 γάμον
2400 971 2664 1048 ἐτύγχανε
2710 970 3070 1047 διακείμενος.
3131 977 3222 1046 Τῴ
3270 974 3328 1030 δὲ
3379 980 3629 1053 Καίσαρι,
3677 985 3830 1052 Πομ-

2173 1061 2336 1128 πήϊον
2399 1063 2727 1131 νενικηκότι,
2788 1061 2862 1122 εἷς
2923 1061 3119 1136 Συρίαν
3164 1085 3224 1118 τε
3288 1062 3696 1141 διαμαχομένῳ
3746 1071 3827 1122 τῶ

2175 1146 2480 1222 Μιθριδάτῃ
2535 1151 2908 1223 συμμαχήσας
2941 1150 3312 1226 Ἀντίπατρος⁹
3363 1153 3454 1208 καὶ
3504 1156 3621 1209 κατ’
3658 1156 3827 1234 ἄμφω

2176 1241 2292 1297 τοῖς
2341 1235 2611 1309 πολέμοις
2653 1243 2892 1311 γενναῖος
2941 1239 3146 1317 ὀφθεὶς,
3201 1242 3338 1314 πρὸς
3373 1239 3546 1297 δὲκαὶ
3579 1243 3606 1297 6
3633 1249 3824 1316 Ὑρκα-

2176 1326 2288 1394 νὸς,
2323 1326 2410 1379 ὑπ’
2461 1326 2666 1380 ἐκείνου
2713 1331 2781 1397 τῇ
2829 1327 3118 1399 Ῥωμαίων
3165 1327 3420 1401 πολιτείᾳ
3466 1333 3825 1404 τετίμηνται·

2179 1413 2372 1488 ἂμέλει
2415 1417 2504 1470 καὶ
2556 1421 2634 1487 τῷ
2681 1417 2776 1488 μὶν
2829 1419 3070 1492 ’Υρκανῷ
3127 1425 3328 1495 Καῖσαρ
3378 1423 3477 1490 τήν
3527 1421 3830 1496 ἱερωσύνην

2183 1503 2452 1577 ἐπικυροῖ.
2506 1505 2854 1579 Ἀντίπατρον
2917 1504 2974 1560 δὲ
3029 1514 3129 1576 τῆς
3187 1507 3326 1574 ὅλης
3383 1507 3649 1572 Ἰουδαίας
3716 1510 3830 1564 ἐπι-

2187 1592 2432 1666 μελητὴν
2499 1595 2747 1664 καθιστᾷ,
2806 1601 2905 1663 τῆς
2963 1599 3284 1671 συμμαχίας
3350 1598 3545 1660 αὐτοὺς
3596 1597 3828 1672 ἀμειϐό-

2185 1702 2361 1754 μενος.
2407 1682 2467 1737 Ὀ
2527 1679 2572 1735 δ’
2630 1682 2988 1755 Ἀντίπατρος
3038 1685 3128 1738 τὸν
3177 1685 3295 1739 υἱὸν
3349 1684 3598 1760 Ἡρώδην
3644 1708 3824 1742 πεντε-

416 1782 720 1846 donatum,
771 1777 829 1830 in
903 1777 1131 1848 Syriam
1182 1776 1430 1830 dimisit.
1501 1776 1607 1830 Sed
1661 1776 1914 1847 effugere
1957 1793 2063 1831 non

2177 1767 2401 1824 καίδεκα
2449 1768 2580 1824 ἐτῶν
2633 1769 2786 1834 ὄντα,
2829 1773 3135 1846 στρατηγὸν
3183 1781 3283 1842 τῆς
3335 1774 3634 1837 Γαλιλαίας
3665 1778 3825 1840 εὐθυς

422 1869 633 1938 potuit,
665 1868 802 1936 quin
843 1881 1064 1920 veneno
1107 1872 1408 1920 necaretur
1439 1882 1472 1919 a
1502 1864 1617 1919 θο
1655 1866 2018 1935 Pompeianis
2053 1881 2065 1918 :

423 1958 591 2026 cujus
633 1957 872 2011 cadaver
924 1955 983 2008 in
1017 1952 1186 2009 melle
1228 1953 1545 2024 repositum
1579 1953 1676 2024 (3),
1717 1953 1786 2008 ab
1818 1954 2066 2009 Antonio

418 2048 620 2118 postea
651 2049 888 2117 paterno
919 2042 1145 2098 illatum
1190 2046 1278 2097 est
1298 2048 1695 2098 monumento.
1723 2043 1898 2098 Filius
1929 2061 2064 2114 quo.

422 2151 536 2206 que
589 2133 718 2203 ejus
748 2131 1070 2186 Alexander
1101 2149 1134 2187 a
1165 2131 1443 2202 scipione,
1479 2130 1730 2202 Pompeii
1752 2132 1949 2202 jussu,
1982 2149 2068 2187 se-

423 2224 545 2278 curi
577 2237 890 2294 percussus
921 2228 1024 2274 est.
1059 2221 1244 2290 Hujus
1273 2221 1476 2292 filiam,
1502 2221 1805 2293 filiumque
1833 2223 2068 2293 Antigo-

423 2329 585 2382 num,
619 2312 955 2384 Philippion
989 2311 1280 2367 Ptolemaei
1313 2312 1468 2367 ﬁlius
1484 2313 1766 2384 suscepit:
1791 2311 2064 2384 etpuellaa

416 2419 614 2459 amore
642 2406 870 2472 captus,
907 2401 1274 2456 matrimonio
1323 2401 1432 2455 sibi
1465 2417 1591 2457 eam
1627 2401 1843 2471 junxit,
1884 2416 2067 2473 eaque

417 2491 502 2545 illi
560 2490 757 2546 mortis
815 2507 991 2546 causa
1060 2488 1301 2545 exstitit.
1357 2491 1524 2545 Pater
1583 2507 1832 2561 namque
1889 2489 2066 2560 hujus

418 2579 779 2648 Ptolemaus,
811 2577 1227 2634 consuetudine
1261 2579 1550 2648 conjugali
1583 2595 1710 2634 cum
1744 2579 2067 2634 Alexandra

419 2684 791 2739 congressus,
828 2671 1061 2738 propter
1090 2667 1249 2722 illius
1295 2684 1551 2723 amorem
1603 2668 1784 2723 filium
1820 2667 2063 2724 necavit.

418 2758 488 2812 Et
538 2757 842 2827 Deinceps,
905 2759 1138 2827 prottter
1199 2757 1530 2827 conjugium
1588 2758 1736 2826 ejus,
1787 2757 2064 2812 fratribus

419 2846 682 2916 ejusdem
717 2845 1002 2901 curatoris
1034 2845 1400 2900 affectionem
1433 2851 1490 2900 et
1530 2846 1783 2901 ofﬁcium
1820 2846 2066 2918 benigne

419 2933 705 2988 exhibuit.
758 2936 973 2988 Verum
1018 2933 1332 3000 enimvero,
1377 2950 1505 2989 cum
1552 2934 1740 2989 Caesar
1793 2934 2064 3006 Pompeio

419 3022 662 3085 devicto,
713 3020 926 3076 bellum
986 3021 1044 3074 in
1107 3021 1268 3088 Syria
1330 3027 1387 3076 et
1442 3027 1642 3077 contra
1715 3021 2066 3077 Mithridatis

421 3111 604 3164 ﬁlium
636 3114 882 3180 gereret,
919 3110 1223 3181 Antipater
1251 3111 1300 3166 ei
1341 3111 1617 3166 auxilium
1649 3112 1783 3168 tulit
1818 3128 1829 3167 :
1858 3113 1914 3167 in
1948 3129 2062 3184 quo

419 3197 568 3252 bello
600 3196 696 3251 ille
742 3207 978 3267 utraque
1031 3213 1088 3251 re
1137 3199 1403 3267 eximius,
1451 3202 1556 3255 hoc
1597 3205 1703 3266 est,
1736 3207 1790 3255 et
1823 3202 2062 3257 consilio

419 3294 476 3341 et
525 3301 699 3342 manu
755 3291 1058 3357 promptus
1108 3287 1268 3343 visus
1323 3293 1432 3343 est.
1495 3290 1696 3360 Itaque
1745 3295 1799 3345 et
1830 3290 1972 3362 ipse,
2008 3295 2064 3346 et

417 3379 740 3449 Hyrcanus,
773 3394 806 3432 a
837 3377 1058 3433 Caeare
1092 3378 1351 3434 Romana
1390 3380 1619 3436 civitate
1649 3388 1735 3435 est
1765 3381 2012 3437 donatus
2047 3399 2061 3437 :

420 3465 562 3538 quin
615 3469 670 3522 et
701 3466 1105 3538 pontificatum
1165 3467 1357 3523 Caesar
1386 3469 1646 3540 Hyrcano
1677 3469 2061 3539 confirmavit,

420 3563 472 3611 et
502 3554 878 3626 Antipatrum
929 3556 1108 3612 totius
1137 3556 1353 3612 Judaaae
1396 3564 1820 3628 procuratorem
1853 3563 2062 3616 consti-

425 3646 569 3701 tuit:
605 3660 671 3700 eo
719 3647 889 3700 modo
922 3649 1257 3717 utrumque,
1290 3647 1360 3702 ob
1393 3647 1672 3703 auxilium
1711 3665 2064 3722 operamque

423 3735 534 3790 sibi
588 3738 875 3802 navatam,
936 3751 1317 3792 remunerans
1378 3737 1476 3809 (4).
1558 3739 1860 3810 Antipater
1925 3757 2066 3796 sane

426 3822 705 3878 Herodem
765 3822 966 3890 ﬁlium,
1019 3825 1450 3892 quindecimum
1502 3831 1767 3897 agentem
1819 3845 2060 3894 annum,

429 3913 636 3965 ducem
688 3909 930 3966 Galilaeae
974 3912 1128 3968 illico
1179 3914 1463 3970 declarat:
1498 3915 1842 3971 Phasaelum
1873 3922 2063 3974 autem

430 3997 560 4054 urbi
620 3998 1152 4070 Hierosolymitanae
1212 4003 1287 4073 (5)
1336 4003 1595 4074 praeficit.
1629 4005 1878 4061 Berodes
1909 4023 2064 4092 ergo,

428 4089 498 4141 ab
530 4086 693 4141 initio
716 4088 935 4157 statim,
969 4089 1184 4146 indolis
1220 4096 1277 4145 et
1317 4096 1534 4146 naturae
1575 4086 2063 4150 sumindustriam

423 4176 752 4241 ostendens,
804 4177 1104 4232 Ezachiam
1165 4181 1498 4250 praedonum
1533 4181 1738 4236 ducem
1764 4181 2063 4258 interficit.

418 4267 492 4319 At
519 4263 670 4319 Julio
702 4264 926 4321 Caesare
983 4283 1015 4320 a
1046 4266 1244 4323 Caesio
1293 4276 1346 4323 et
1377 4269 1554 4324 Bruta
1605 4271 1971 4342 interempto,
2005 4273 2063 4328 in

415 4353 638 4422 Syriam
673 4352 909 4410 Cassius
959 4357 1131 4422 venit,
1183 4357 1376 4426 copias
1436 4358 1736 4427 militares,
1778 4375 1904 4430 quas
1937 4365 2062 4416 tum

417 4443 488 4497 ad
518 4447 836 4514 Apameam
884 4449 1068 4511 erant,
1115 4451 1478 4517 recepturus.
1530 4447 1632 4502 Cui
1686 4448 1972 4504 tributum
2007 4450 2063 4505 in

2179 1855 2562 1912 ἀναδείκνυσι·
2627 1857 2922 1928 Φασάηλον
2986 1858 3043 1913 δὲ
3099 1864 3167 1931 τῇ
3219 1859 3624 1936 Ἰεροσολύμων
3671 1862 3828 1940 ἐφίη-

2177 1943 2596 2018 o:v."Hpt1)37,c
2658 1967 2717 2019 γε
2779 1949 2887 2018 μὴν
2938 1947 3002 2001 τὸ
3057 1950 3153 2019 τῆς
3221 1951 3430 2027 φύσεως
3489 1948 3822 2025 δραστήριον

2175 2034 2328 2096 εὐθὺς
2380 2034 2468 2088 καὶ
2522 2033 2580 2089 ἐκ
2628 2035 2935 2109 προοιμίων
2996 2033 3225 2106 δεικνὺς,
3287 2039 3524 2108 Ἐζεκίαν
3580 2040 3672 2094 τὸν
3724 2041 3825 2112 ἀρ-

2176 2122 2452 2200 χιλῃστὴν
2481 2123 2709 2198 ἀναιρεῖ.
2745 2123 2983 2179 Ἰουλίου
3025 2123 3083 2180 δὲ
3117 2127 3382 2201 Καίσαρος
3428 2128 3530 2183 ὑπὸ
3585 2130 3824 2184 Κασσίου

2173 2212 2262 2265 καὶ
2297 2212 2535 2286 Βρούτου
2583 2213 2972 2287 ἀναιρεθέντος,
3008 2217 3035 2270 6
3070 2217 3163 2289 μὲν
3214 2219 3444 2280 Κάσσιος
3496 2219 3569 2279 εἰς
3619 2219 3824 2293 Συρίαν

2173 2302 2290 2370 ἧκε,
2336 2302 2430 2363 τὰς
2480 2303 2603 2374 περῖ
2657 2303 2958 2375 Ἀπάμειαν
3010 2301 3260 2378 δυνάμεις
3314 2304 3629 2381 ληψόμενος
3663 2329 3676 2341 ·
3729 2330 3827 2382 φε-

2178 2389 2494 2463 ρολογοῦντι
2529 2388 2584 2445 δὲ
2611 2396 2704 2452 τὰς
2746 2390 2916 2446 ἐκεῖσε
2957 2393 3171 2461 πόλεις,
3207 2393 3306 2449 οὒκ
3353 2395 3620 2470 ἐλαχίστη
3658 2403 3830 2470 μοῖρα

2175 2476 2398 2549 κέρδους
2453 2480 2540 2534 καὶ
2595 2477 2870 2554 Ἡρώδης,
2923 2481 3070 2554 αὐτῷ
3119 2481 3398 2558 ἐγεγόνει·
3449 2485 3687 2555 ὁπηνίκα
3733 2488 3827 2540 καὶ

2175 2567 2437 2645 Μάλιχός
2468 2591 2548 2631 τις
2582 2569 2673 2624 τὸν
2731 2571 3104 2645 Ἀντίπατρον,
3138 2573 3196 2634 ’ὸς
3227 2571 3477 2647 Ἡρώδου
3510 2576 3694 2649 πατὴρ
3733 2577 3827 2644 ἦν,

2175 2657 2448 2734 φαρμάκῳ
2479 2655 2691 2712 ἀνεῖλε·
2737 2658 2826 2712 καὶ
2862 2660 2996 2734 πρὸς
3045 2663 3141 2715 τοῦ
3192 2658 3384 2724 παιδὸς
3443 2661 3693 2736 Ἡρώδου
3733 2665 3825 2718 καὶ

2174 2745 2335 2808 αὐτὸς
2374 2747 2663 2809 κτείνετας.
2724 2749 2814 2808 Ὦς
2866 2745 2922 2802 δὲ
2968 2748 3056 2802 καὶ
3107 2750 3334 2811 Κάσσιος
3387 2751 3476 2804 ὑπ’
3525 2752 3824 2807 Ἀντωνίου

2172 2835 2262 2888 καὶ
2324 2835 2637 2910 Αὐγούστου
2693 2842 2789 2892 τοῦ
2850 2838 3112 2909 Καίσαρος
3167 2839 3441 2913 ἀνῃρέθη·
3489 2840 3579 2895 καὶ
3631 2842 3658 2895 6
3724 2843 3822 2914 μὲν

2173 2919 2483 2996 Αῧγουστος
2545 2924 2620 2986 είς
2676 2925 2932 2993 Ἰταλίαν,
2984 2926 3059 2987 εἶς
3107 2926 3288 2981 Ἀσίαν
3341 2925 3397 2981 δὲ
3451 2929 3478 2982 ὁ
3528 2931 3822 2990 Ἀντώνιος

2171 3014 2328 3080 ἧκον,
2395 3012 2680 3085 προσίασιν
2748 3013 2798 3084 ἐξ
2861 3013 3260 3088 Ἱεροσολύμων
3341 3017 3620 3090 Ἀντωνίῳ
3686 3020 3821 3094 πρέ-

2176 3097 2346 3170 σϐεις,
2403 3100 2652 3177 Ἡρώδου
2697 3104 2785 3157 καὶ
2834 3109 2941 3157 τῶν
2983 3101 3232 3183 ἀδελφὼν
3277 3104 3696 3180 καταλέγοντες,
3744 3109 3819 3168 ὡς

2177 3185 2351 3262 ὄνομα
2393 3189 2554 3262 μόνον
2613 3191 2856 3266 Ὑρκανῷ
2908 3191 3210 3265 βασιλείας,
3261 3193 3350 3266 βίᾳ
3397 3191 3454 3248 δὲ
3503 3195 3660 3250 οὗτοι
3713 3201 3821 3250 τῶν

2174 3277 2225 3332 ἐν
2253 3276 2492 3350 Ἰουδαίᾳ
2539 3281 2877 3354 πραγμάτων
2940 3279 3171 3355 ἄρχουσι
3199 3300 3212 3314 ο
3267 3279 3442 3344 δείσας
3496 3280 3552 3337 δὲ
3582 3285 3610 3338 6
3642 3285 3819 3360 Ἡρώ-

2175 3366 2297 3436 δης,
2359 3371 2609 3446 χρήμασι
2654 3372 2745 3426 τὸν
2793 3372 3078 3426 Ἀντώνιον
3139 3370 3407 3442 ὑπελθὼν,
3466 3373 3609 3447 αἱρεῖ
3651 3395 3818 3430 κατα·

2172 3460 2368 3533 κράτος
2415 3459 2572 3514 αὐτὸν
2633 3462 2891 3534 Ὑρκανοῦ
2954 3465 3404 3534 συμμαχοῦντος,
3465 3463 3526 3516 οὗ
3570 3464 3673 3532 τὴν
3733 3466 3821 3519 θυ-

2171 3546 2434 3623 γατριδῆν
2492 3551 2834 3622 Μαριάμμην
2881 3551 2981 3618 τήν
3033 3544 3444 3624 Ἀριστοϐούλῳ
3491 3554 3819 3626 γεγεννημέ-

2173 3657 2270 3705 νην
2307 3637 2439 3708 μετά
2474 3637 2642 3712 μόρον
2675 3644 2776 3707 τῆς
2822 3638 2870 3710 ἐξ
2922 3633 3167 3714 Ἀράϐων
3215 3640 3474 3712 γυναικὸς
3503 3641 3531 3694 ὁ
3561 3639 3820 3715 Ἡρώδης

2173 3727 2430 3803 ἠγάγετο.
2491 3725 2723 3782 Πολλῶν
2783 3729 2968 3782 τοίνυν
3043 3731 3492 3807 κατηγορούντων
3563 3729 3815 3804 Ἡρώδου

2173 3817 2400 3869 καὶτῶν
2443 3815 2716 3892 ἀδελφῶν,
2765 3822 3021 3873 τοσοῦτον
3069 3825 3187 3883 ταῖς
3233 3820 3587 3895 κατηγορίαις
3636 3841 3816 3895 προσ-

2176 3905 2311 3958 έσιεν
2363 3906 2671 3974 Ἀντώνιος,
2730 3904 2868 3960 ὥστε
2915 3906 3004 3961 καὶ
3068 3907 3145 3970 είς
3193 3909 3452 3983 τέσσαρας
3500 3910 3676 3983 ἀρχὰς
3714 3910 3813 3977 τήν

2175 3996 2426 4067 πατρῴαν
2487 3993 2661 4073 σφίσιν
2715 3995 2961 4068 ἐξουσίαν
3014 3995 3348 4072 διαμερίσας,
3395 4004 3509 4060 τοῖς
3559 3997 3816 4078 ἀδελφοῖς

2177 4082 2515 4158 ἐνεχείρισεν.
2561 4086 2630 4142 ’Ὀ
2681 4105 2740 4160 γε
2798 4087 2904 4157 μὴν
2961 4092 3087 4148 παῖς
3146 4083 3583 4162 Ἀριστοϐούλου
3643 4090 3817 4143 Ἀντι-

2176 4193 2334 4250 γονος
2366 4175 2510 4245 παρὰ
2561 4173 2907 4229 Φιλιππιώνι
2958 4180 3034 4246 τῷ
3082 4177 3341 4232 Μινναίου
3392 4172 3709 4251 διατρίϐων,
3743 4178 3816 4239 ὡς

2177 4261 2556 4337 ε’ίρηταιἉέπεὶ
2590 4264 2789 4328 ἐκεῖνος
2821 4263 3067 4320 ἐτελεύτα
3095 4267 3186 4321 τὸν
3225 4267 3359 4340 βίον,
3405 4267 3493 4321 καὶ
3548 4267 3816 4329 Λυσανίας

2175 4352 2240 4420 ἦν
2275 4354 2370 4420 τήν
2424 4356 2692 4426 πατρικὴν
2753 4351 3107 4428 διαδεγμένος
3157 4357 3360 4430 ἀρχὴν,
3414 4357 3585 4410 πείθει
3636 4355 3816 4411 Ηάκο-

2178 4463 2268 4516 ρον
2297 4443 2385 4495 καὶ
2419 4437 2794 4512 Φαρνάϐαζον,
2827 4441 2914 4497 ἐπὶ
2947 4443 3240 4520 ὑποσχέσει
3275 4444 3473 4519 χιλίων
3507 4443 3814 4514 ταλάντων,

417 4547 610 4589 earum
662 4533 963 4604 regionum
1006 4534 1250 4591 urbibus
1290 4535 1599 4606 colligenti,
1643 4553 1755 4592 non
1808 4539 2051 4594 minima

2174 4530 2486 4606 Ἀνκίγονον
2549 4531 2643 4603 μὲν
2731 4533 3004 4605 κατάγειν,
3081 4533 3367 4588 καταλύειν
3423 4531 3482 4589 δὲ
3539 4535 3812 4608 Ὑρκανὸν.

416 4619 559 4674 lucri
592 4636 723 4689 pars
773 4619 1024 4677 Herodes
1074 4623 1200 4677 fuit.
1235 4623 1301 4678 Et
1331 4639 1463 4677 cum
1498 4622 1784 4678 Malichus
1825 4625 2058 4696 quidam

417 4708 783 4779 Antipatrum
841 4709 1078 4766 Herodis
1134 4715 1356 4782 patrem
1427 4728 1644 4767 veneno
1702 4713 2058 4776 sustulisset,

417 4796 541 4867 ipse
572 4815 800 4870 quoque
837 4800 907 4855 ab
956 4801 1177 4855 Herode
1221 4799 1341 4856 ﬁlio
1397 4802 1624 4857 occisus
1673 4807 1779 4858 est.
1822 4801 1896 4858 Ut
1925 4819 2058 4860 vero

417 4893 655 4953 Cassius
680 4905 911 4960 quoque
940 4889 1010 4944 ab
1041 4890 1293 4944 Antonio
1326 4893 1383 4945 et
1411 4893 1669 4962 Augusto
1701 4891 1920 4947 Caesare
1948 4909 2054 4947 caa-

418 5004 519 5043 sus
550 4987 657 5049 est,
690 4983 748 5035 et
790 4985 1090 5049 Augustus
1141 4980 1372 5050 quidem
1408 4979 1627 5035 Italiam
1661 4981 1842 5050 petiit,
1875 4983 2059 5038 Auto-

418 5078 550 5132 nius
589 5075 781 5128 autem
820 5070 876 5122 in
905 5069 1090 5122 Asiam
1120 5068 1275 5122 venit
1307 5085 1318 5123 :
1354 5068 1705 5140 appulerunt
1733 5067 2059 5140 Hierosoly-

419 5164 530 5220 mis
555 5163 622 5217 ad
659 5157 976 5214 Antonium
1010 5155 1203 5227 legati,
1235 5157 1511 5212 Herodem
1554 5163 1611 5214 et
1641 5157 1874 5214 fratrem
1908 5159 2058 5230 ejus,

418 5253 782 5315 accusantes,
830 5245 984 5316 quod
1058 5245 1277 5300 scilicet
1337 5246 1572 5301 nomine
1630 5251 1855 5302 tantum
1906 5245 2058 5318 regis

417 5345 679 5412 Hyrcano
711 5333 929 5399 relicto,
979 5334 1090 5405 ipsi
1122 5351 1222 5405 per
1249 5335 1384 5402 vim,
1418 5351 1610 5390 rerum
1645 5335 1702 5391 in
1733 5335 1920 5390 Judaei
1960 5351 2059 5406 po-

489 5460 568 5533 (l)
599 5459 836 5533 Cassius
879 5458 1054 5533 Syrias
1094 5465 1303 5530 prator
1331 5459 1579 5515 Parthos
1626 5459 1790 5532 Syria
1819 5458 2058 5530 expulit.

414 5528 676 5610 (Eutrop.
710 5528 935 5610 Πιλχι.)

418 5601 436 5682 _'
488 5605 566 5676 (2)
596 5601 862 5671 Suscepit
890 5604 1162 5672 praeterea
1193 5618 1260 5658 ex
1289 5619 1355 5658 ea
1386 5601 1563 5657 filiam
1593 5603 1904 5659 Salomem.

2207 4629 2209 4631 .
2254 4619 2266 4636 ι
2310 4621 2322 4637 ρ
2405 4620 2418 4634 \
2506 4617 2530 4636 ν
2814 4621 2828 4638 I
2919 4623 2929 4642 ν
3035 4619 3058 4639 ἢ
3107 4622 3118 4641 Ι
3267 4623 3280 4642 9
3329 4622 3340 4637 \
3458 4621 3490 4642 κ·

2173 4627 2269 4674 Και
2303 4640 2330 4672 ο
2366 4640 2457 4691 μεν
2501 4640 2632 4694 αρας
2665 4619 2740 4682 εἷς
2769 4642 2867 4690 την
2934 4629 3181 4676 Ιουοαιαν
3231 4625 3387 4684 ευθυς
3437 4626 3670 4692 ὴλαυνεν
3706 4643 3719 4657 ·
3762 4625 3812 4678 οἱ

2170 4705 2214 4762 δ’
2247 4707 2298 4761 ἐν
2335 4709 2533 4782 βραχεῖ
2582 4709 2768 4784 χρόνῳ
2820 4712 3072 4784 Ὑρκανὸν
3130 4713 3220 4766 καὶ
3271 4712 3570 4781 Φασάηλον
3619 4733 3814 4789 χειρω-

2167 4798 2413 4868 σάμενοι,
2443 4797 2742 4870 Ἀντιγόοῳ
2793 4799 2892 4866 τὴν
2935 4803 3043 4854 τῶν
3077 4798 3225 4854 ὅλων
3275 4798 3580 4876 ἐπιτροπὴν
3631 4799 3814 4877 ἐγχει-

2170 4887 2427 4961 ρίζουσιν.
2490 4889 2551 4942 Ὁ
2612 4885 2658 4941 δ’
2711 4887 2964 4963 Ἡρώδης
3019 4888 3248 4964 δρασμῷ
3303 4892 3677 4966 χρησάμενος,
3736 4892 3812 4954 εἷς

2167 4978 2391 5048 Ῥώμην
2438 4975 2573 5048 πρὸς
2620 4976 2866 5052 Καίσαρα
2925 4975 3289 5048 διασώζεται·
3344 4983 3479 5053 πρὸς
3524 4981 3815 5036 Ἀντωνίου

2168 5061 2246 5129 δὲ,
2301 5063 2366 5117 τά
2425 5062 2606 5117 εἰκότα
2666 5067 3057 5141 μαρτυρηθοῖς,
3115 5071 3184 5140 τῇ
3258 5089 3315 5122 τε
3370 5067 3666 5143 συγκλήτῳ
3723 5069 3816 5124 καὶ

2168 5152 2414 5227 Καίσαρι,
2508 5151 2762 5226 βασιλεὺς
2850 5154 3253 5230 Ἱεροσολύμων
3335 5158 3482 5230 παρά
3547 5157 3814 5233 Καίσαρος

2166 5242 2592 5316 προχειρίζεται.
2656 5245 2746 5304 Ὡς
2807 5248 2939 5320 γοῦν
3015 5245 3249 5314 ἐπανῆκε
3319 5246 3625 5320 στράτευμα
3681 5251 3823 5323 παρ’

2165 5330 2459 5388 Ἀντωνίου
2513 5325 2721 5399 λαϐὼν,
2785 5333 2908 5406 περὶ
2968 5332 3070 5409 γὰρ
3129 5332 3326 5408 Συρίαν
3383 5331 3637 5409 διέτριϐε,
3697 5333 3816 5390 δια-

2237 5458 2318 5527 (3)
2342 5459 2648 5529 Hegesipp.
2677 5459 2778 5514 lib.
2813 5478 2850 5514 1.

2238 5530 2318 5604 (ᾗ)
2348 5535 2542 5604 Euros
2574 5531 2737 5588 urbis
2767 5530 3303 5604 Hierosolymitante
3333 5533 3384 5588 is
3418 5534 3628 5590 refecit.

2242 5600 2316 5671 (5)
2347 5601 2647 5672 Tanquam
2671 5605 3022 5674 prmfectum.

4081 239 4096 358 ἱ
