4096 6284
234 275 349 338 649

1267 270 1884 338 ECCIESIASTICIE
1926 268 2320 333 HISTORIA?)
2361 270 2505 332 LIB.
2557 272 2601 332 Ι.

3522 271 3650 367 εει).

234 406 417 489 φόρως
468 409 624 485 μάχη
674 404 1004 483 προσϐαλὼν
1055 406 1370 484 ’Δντιγόνῳ,
1403 407 1752 470 πλειστάκαις
1784 407 1873 461 καὶ
1908 443 1916 472 Α

2023 407 2259 461 irentur.
2323 406 2577 460 Herodes
2638 421 2805 475 porro
2866 405 2979 476 sipi
3052 414 3338 476 metuens,
3394 412 3642 481 pecunia

233 498 591 570 ἀποκρούεται
627 517 641 530 ’
673 496 922 565 ἐσύτερον
964 497 1022 553 δὲ
1076 499 1303 553 Σόσσιον
1363 498 1670 574 ἐπαγαγὼν,
1703 497 1879 573 φόνων

2023 494 2306 549 ιοιοιιὶιιω
2337 509 2633 565 egressus,
2657 498 2969 565 expugnat,
2993 497 3303 566 adjuvante
3336 498 3636 569 Hyrcano:

235 587 615 663 γεγενημένων
662 585 915 655 πολλῶν,
972 587 1304 661 κατακράτος
1360 586 1508 641 εἷλεν
1583 583 1882 658 Ἰεροσόλυ-

241 696 332 747 μα.
381 674 597 732 ’Δσυλα
638 673 697 729 δὲ
737 676 804 730 τὰ
852 676 971 749 περὶ
1011 676 1074 730 τὸ
1105 676 1248 748 ἱερὸν
1278 677 1305 730 ὁ
1337 672 1589 747 Ἡρώδης
1620 673 1882 750 φυλάξας,

238 761 457 837 δέσμιον
508 760 695 818 λαϐὼν
743 764 838 819 τὸν
883 764 1207 839 Ἀντίγονον,
1259 765 1474 836 Σοσσίῳ
1532 761 1775 834 δίδωσιῳ
1811 782 1822 794 '
1857 763 1884 815 6

240 851 300 908 δὶ
327 854 468 927 πρὸς
524 852 808 922 ’Δντῆνιον
864 851 1024 915 εὐθὺς
1085 850 1220 926 ἄγει.
1252 850 1505 926 Ἡρώδης
1534 849 1590 906 δὲ
1649 853 1756 923 μὴν
1787 849 1888 905 δεί-

239 962 335 1001 σας
367 943 468 1011 τὴν
502 945 600 996 τοῦ
650 941 959 1015 Ἀντιγόνου
1010 941 1297 1017 εὐγένειαν,
1333 960 1530 1014 μηπως
1562 939 1638 1002 εἷς
1670 939 1887 1013 Ῥώμην

243 1024 564 1099 διαϐάντος,
621 1030 711 1084 καὶ
767 1030 835 1083 τὰ
882 1028 1109 1107 σφέτερα
1186 1027 1371 1085 δίκαια
1441 1033 1510 1102 τῇ
1596 1031 1892 1103 συγκλήτῳ

241 1112 692 1192 προϐαλομὲνου,
742 1118 1010 1190 Ῥωμαῖοι
1054 1120 1147 1192 μὶν
1199 1117 1398 1174 ἐκεῖνον
1444 1118 1519 1181 ὡς
1550 1115 1776 1186 ἰδιώτην
1803 1117 1891 1172 καὶ

244 1207 567 1282 ἀλλόφυλον
614 1205 1029 1280 ἀποσείσωνται,
1077 1209 1226 1279 αὑτῷ
1277 1205 1335 1262 δὲ
1400 1209 1435 1278 ἢ
1501 1212 1617 1268 τοῖς
1690 1206 1896 1261 ἐκείνου

247 1296 405 1352 παισὶ
461 1298 564 1365 τήν
624 1296 904 1370 βασιλείαν
963 1299 1455 1371 περιποιησωνται,
1512 1296 1686 1350 πείθει
1758 1296 1902 1369 χρή-

247 1406 380 1459 μασι
440 1385 535 1439 τὸν
588 1385 876 1441 ’Λντώνιον
933 1383 1285 1463 ὑποφθείρας,
1336 1383 1763 1458 διαχειρίσασθαι
1809 1383 1899 1438 τὸν

246 1473 585 1547 Ἀντίγονον.
642 1473 741 1528 Καὶ
801 1472 828 1526 6
900 1474 997 1545 μὲν
1071 1473 1228 1533 εὐθύς
1297 1471 1512 1527 πελέκει
1605 1472 1848 1546 ἀνῄρητο
1884 1491 1895 1503 ·

259 1564 501 1637 Υρκανὸς
555 1561 613 1617 δὲ
665 1561 755 1618 καὶ
814 1560 976 1626 αὐτὸς
1042 1563 1190 1640 πχὸς
1269 1562 1496 1637 Πάρθων
1584 1560 1900 1630 ἀπολυθείς,

253 1648 479 1726 Ἡρώδῃ
531 1650 827 1726 πρόσεισι·
880 1653 968 1707 καὶ
1014 1653 1084 1706 τὰ
1131 1652 1226 1725 μὲν
1277 1656 1468 1727 πρῶτα
1513 1650 1566 1706 ἐν
1612 1656 1800 1721 τιμαῖς
1836 1650 1903 1718 ἦ·

1991 585 2158 653 cujus
2180 598 2248 637 ex
2272 582 2392 637 ﬁlia
2423 588 2652 652 neptem
2677 583 2916 638 Mariam
2929 601 3057 640 men
3082 587 3419 643 Aristobulo
3442 606 3642 659 proge-

1996 671 2170 727 uitam
2198 670 2300 741 (l),
2333 676 2465 741 post
2494 670 2714 725 obitum
2748 671 2846 726 6|
2894 674 3106 739 uxoris,
3130 691 3301 744 quam
3333 693 3402 732 ex
3430 678 3643 733 Arabia

1995 761 2257 827 duxerat,
2290 759 2543 816 Herodes
2591 761 2962 817 matrimonio
3010 763 3120 817 sibi
3158 764 3423 834 junctam
3455 765 3641 822 habe-

1998 850 2118 905 bat.
2153 849 2351 906 Multis
2400 850 2596 919 itaque
2638 850 2922 906 Herodem
2956 851 3282 924 fratresque
3311 856 3439 925 ejus
3470 872 3640 911 accu-

2000 938 2284 1005 santibus,
2335 937 2417 993 ita
2474 937 2728 1009 querelis
2779 955 2982 994 eorum
3043 942 3301 997 animum
3360 945 3645 1000 Antonius

2001 1024 2265 1092 attendit,
2298 1029 2361 1080 ut
2408 1025 2466 1080 in
2518 1030 2769 1097 quatuor
2798 1026 3047 1083 ditiones
3080 1030 3417 1086 universum
3452 1039 3643 1102 pater-

2003 1131 2141 1170 num
2174 1130 2416 1185 regnum
2447 1115 2724 1182 divisum,
2758 1115 3034 1171 fratribus
3063 1119 3331 1174 traderet.
3364 1121 3645 1177 Cteterum

2003 1203 2316 1260 Aristobuli
2366 1204 2524 1259 ﬁlius
2562 1205 2911 1273 Antigonus,
2943 1206 3037 1277 qui
3073 1210 3227 1278 apud
3260 1209 3646 1279 Philipionem

2009 1294 2191 1350 (ilium
2224 1293 2407 1348 Mincii
2439 1294 2566 1362 fuit,
2594 1305 2902 1365 postquam
2936 1296 3030 1352 ille
3058 1314 3088 1352 e
3121 1298 3263 1354 vivis
3294 1301 3565 1362 excessit,
3596 1308 3651 1356 et

2009 1383 2287 1456 Lysanias
2333 1385 2412 1454 (2)
2459 1382 2518 1437 in
2569 1383 2819 1453 patrium
2876 1387 3150 1441 successit
3206 1405 3469 1455 regnum,
3524 1406 3652 1460 per-

2008 1473 2211 1527 suadet
2258 1470 2469 1527 Pacoro
2515 1479 2571 1527 et
2609 1471 2980 1529 Pharnabazo
3028 1476 3244 1545 (Parthi
3294 1476 3353 1531 hi
3398 1478 3653 1548 fuerunt)

2010 1561 2119 1616 sub
2151 1558 2307 1615 mille
2358 1558 2705 1615 talentorum
2753 1562 3087 1632 sponsione,
3121 1572 3182 1618 ut
3220 1582 3283 1621 se
3314 1565 3371 1620 in
3406 1567 3654 1637 patriam

2014 1650 2313 1716 reducant,
2339 1647 2670 1720 Hyrcanum
2703 1656 2894 1706 autem
2927 1654 3324 1722 pessumdent.
3349 1660 3534 1726 Atque
3564 1655 3656 1710 hic

248 1762 337 1816 γεν
370 1740 532 1796 αὐτόν
568 1762 580 1774 ·
628 1739 869 1795 ’ὕποπτον
929 1737 987 1796 δὲ
1029 1739 1318 1814 γενόμενον
1374 1739 1594 1814 ὕστερον
1651 1736 1903 1805 ἔκτεινεν,

2023 1740 2271 1810 quidem,
2308 1739 2469 1794 nulla
2513 1739 2855 1811 interposita
2904 1758 3086 1808 mora,
3121 1743 3179 1797 in
3210 1743 3471 1799 Judssam
3505 1745 3659 1800 irru—

250 1831 327 1892 ὡς
356 1829 448 1885 καὶ
476 1830 569 1885 τὸν
618 1827 851 1906 ἀδελφὸν
889 1830 1231 1903 Μαριάμμης
1273 1836 1374 1899 τῆς
1416 1829 1580 1884 αὸτοῢ
1609 1826 1858 1903 γυναικός
1885 1843 1899 1856 ·

248 1920 309 1976 ὃν
338 1922 431 1973 καί
463 1917 724 1993 ἀρχιερέα
757 1915 846 1973 διὰ
873 1918 936 1973 τὸ
965 1915 1134 1987 κῆδος
1167 1918 1336 1992 τέχνῃ
1383 1914 1448 1987 δή
1493 1937 1595 1971 τινι
1646 1916 1902 1985 ἀνειπὼν,

250 2006 540 2082 ἆσῦστερον
588 2003 776 2080 θέρους
823 2004 939 2083 ὥρᾳ
986 2004 1206 2078 πτυέλῳ
1254 2004 1675 2080 διανηχόμενον,
1718 2003 1905 2059 ἐναπὲ-

253 2095 427 2167 πνιξε.
480 2094 678 2168 Κύριος
734 2091 793 2150 δὶ
852 2095 1015 2167 μόνος
1073 2095 1163 2149 καὶ
1227 2092 1481 2168 βασιλεὺς
1522 2093 1682 2155 αὐτὸς
1711 2099 1811 2162 τῆς
1843 2087 1906 2146 ὄ-

258 2185 364 2257 λης
424 2183 693 2249 Ἰουδαίας
758 2186 1073 2241 καθίσταται
1109 2206 1122 2219 ο
1184 2190 1374 2261 πρῶτα
1448 2186 1541 2259 μὶν
1621 2183 1907 2240 Ἀντωνίου

258 2276 609 2350 κυρώσαντος
641 2272 785 2347 αὖτῷ
812 2275 911 2344 τὴν
944 2273 1144 2350 ἀρχήν.
1181 2275 1328 2331 Ἐπεὶ
1364 2273 1409 2331 δ’
1459 2274 1662 2337 ἐκεῖνος
1708 2278 1789 2346 τῷ
1810 2279 1911 2343 τῆς

263 2364 622 2438 Κλεοπάτρας
691 2362 868 2438 ἱμέρῳ
931 2362 1101 2430 ἑάλω,
1172 2365 1263 2419 καὶ
1334 2369 1533 2439 Καῖσαρ
1600 2359 1907 2439 Αὔγουστος

262 2452 385 2524 περὶ
437 2452 500 2507 τὸ
550 2457 770 2507 ’Ἄκτιον
825 2445 1124 2523 συμϐαλὼν
1170 2450 1378 2524 ἐκείνῳ,
1419 2452 1754 2525 κατακράτος
1800 2448 1910 2504 ἐνί-

263 2560 354 2609 κα,
412 2539 503 2594 καὶ
560 2537 648 2594 ἐπὶ
716 2540 908 2614 Συρίαν
982 2534 1272 2605 διέϐαινεν,
1333 2539 1620 2603 Ἀντώνίός
1690 2560 1749 2593 τε
1822 2539 1911 2593 καὶ

271 2627 595 2702 Κλεοπάτρα
641 2631 739 2683 τοῦ
792 2631 888 2702 ζῇν
939 2627 1368 2703 ἀπηλλάγησαν,
1415 2631 1502 2684 καὶ
1554 2628 1715 2690 αὐτὸς
1762 2626 1913 2687 αὖθις

268 2714 491 2792 Ἡρώδη
547 2719 611 2772 τὸ
688 2713 931 2791 διάδημα
990 2717 1316 2792 περιτίθηςι,
1382 2719 1471 2774 καὶ
1545 2716 1769 2792 βασιλέα
1814 2722 1914 2785 τῆς

274 2805 412 2878 ὅλης
464 2805 731 2871 Ἰουδαίας
786 2807 1143 2883 ἀνακηρύξας,
1172 2808 1428 2864 πλείστθν
1489 2809 1585 2881 μὶν
1615 2808 1704 2862 καὶ
1736 2805 1914 2875 ἄλλην

277 2898 462 2970 χώραν
520 2895 666 2968 αὐτῷ
715 2895 1003 2965 ἀνατίθησι
1057 2916 1070 2928 '
1130 2900 1353 2971 προσέτι
1410 2894 1467 2953 δὲ
1523 2898 1612 2952 καὶ
1669 2899 1769 2966 τὴν
1816 2899 1916 2958 τῆς

279 2982 529 3059 ’Δραδίας
582 2984 873 3059 ἐγχειρίζει
925 2983 1242 3059 ἐπιτροπήν.
1299 2984 1455 3041 ’Δλλ’
1506 2986 1653 3048 ὅπως
1693 2985 1787 3046 τᾶς
1820 2985 1919 3039 ὑπ-

277 3073 497 3147 αίθρους
556 3074 850 3148 εὐπραγίας
896 3077 931 3144 ἡ
977 3074 1123 3149 τύχη
1173 3080 1293 3137 τοῖς
1340 3076 1458 3131 κατ’
1501 3076 1650 3129 οἶκον
1680 3075 1920 3147 ἀνιαροῖς

276 3161 570 3235 ἐνεμέσησε
624 3166 707 3235 τῷ
761 3160 1001 3237 Ἡρώδῃ,
1061 3163 1151 3218 καὶ
1207 3162 1266 3218 ἐκ
1311 3166 1565 3239 γυναικὸς
1609 3167 1790 3224 κακῶς
1830 3163 1924 3216 πά-

278 3271 431 3325 σχειν
478 3252 703 3325 ἤρξατο,
753 3251 1044 3329 ἐμφυλίοις
1092 3253 1183 3307 καὶ
1229 3256 1335 3309 τῶν
1388 3252 1627 3328 γνησίων
1669 3253 1926 3330 χρανθεὶς

286 3339 499 3413 οἷμασι,
555 3345 645 3396 νῦν
700 3341 763 3396 οὐ
822 3342 999 3416 λεγειν
1052 3343 1264 3416 καιρός,
1324 3344 1423 3399 Καὶ
1473 3347 1640 3396 ναῦτα
1679 3339 1928 3411 διῆλθον,

281 3438 626 3502 παραστῆσαι
684 3430 857 3486 θέλων
906 3434 1005 3499 τὴν
1060 3432 1387 3508 προφητείαν
1434 3428 1753 3502 ὰκίϐδηλον,
1803 3431 1932 3487 Οὐκ

281 3518 622 3593 ἐκλείψει,
659 3519 944 3596 λέγουσαν,
976 3520 1203 3596 ἄρχων
1238 3520 1297 3593 ἐξ
1332 3519 1571 3589 Ἰούδα,
1599 3521 1704 3575 καὶ
1744 3521 1932 3594 ἡγού-

288 3630 486 3682 μενος
519 3609 587 3664 ἐκ
612 3614 740 3664 τῶν
767 3614 994 3684 μηρῶν
1027 3607 1386 3679 αὖτοῦ,¹ἕως
1410 3611 1480 3665 οὗ
1511 3607 1668 3684 ἔλθῃ
1702 3612 1747 3683 ᾦ
1777 3610 1934 3664 ἀπό-

284 3719 544 3754 κειται·
570 3699 905 3763 καίαὐτός
935 3697 1458 3773 ἑστιπροσδοκία
1488 3698 1704 3756 ἐθνῶν.
1731 3698 1934 3774 Ὡςγᾶρ

289 3791 340 3843 οἱ
385 3789 437 3858 ἒξ
487 3786 666 3842 Ἰούδα
709 3790 806 3857 τήν
856 3791 954 3842 τοῦ
991 3789 1174 3862 γένους
1223 3789 1402 3863 σειρὰν
1460 3790 1778 3861 κατάγοντες
1825 3786 1935 3843 δια-

291 3876 619 3933 λελοίπασιν
669 3878 954 3952 ἄρχοντες,
1004 3877 1092 3940 καὶ
1139 3878 1213 3939 ὡς
1264 3879 1292 3932 ὁ
1332 3878 1383 3947 ἐξ
1414 3874 1738 3949 Ἰδουμαίων
1769 3877 1939 3949 Ἡρώ-

294 3964 393 4036 δης
426 3964 748 4045 ἄλλόσυλος
780 3964 853 4020 ὢν
876 3966 1036 4039 ἧρξεν
1080 3962 1367 4042 Ἐϐραίων,
1420 3965 1618 4027 ἱκανῶς
1665 3963 1941 4021 ἀποδεδει-

294 4077 416 4110 κται
450 4074 464 4088 ⁸
527 4055 763 4126 ὁπηνίκα
818 4064 906 4110 καί
964 4057 1000 4124 ἡ
1054 4055 1359 4131 προφητεία
1412 4053 1571 4119 τέλος
1613 4051 1940 4128 ἐλάμϐανεν,

298 4144 373 4207 ὡς
433 4145 627 4218 μικρὸν
680 4146 911 4218 προϊὼν,
969 4143 1259 4220 σαφηνείας
1313 4141 1470 4199 ἕνεκα
1548 4140 1891 4217 διαλήψομαι
1926 4162 1940 4177 ⁸

299 4232 615 4309 Αὐγούστου
673 4233 778 4307 γὰρ
833 4232 908 4294 εἲς
959 4233 1175 4305 Ῥώμην
1221 4231 1556 4296 ἐπανιόντος,
1601 4233 1692 4288 καὶ
1724 4232 1799 4294 εἷς
1834 4254 1943 4305 μο-

301 4322 529 4397 ναρχίαν
564 4321 629 4375 τὸ
679 4320 968 4395 ’Δωμαίων
1015 4322 1211 4396 κράτος
1264 4322 1706 4396 περιελάσαντος,
1758 4319 1946 4377 δεύτε-

304 4431 395 4484 ρον
454 4411 543 4466 καὶ
589 4411 1017 4484 τεσσαρακοστὸν
1064 4408 1181 4472 ἔνος
1230 4408 1310 4466 ἔτι
1358 4410 1613 4471 ἀνύοντος
1664 4413 1732 4475 τῆ
1772 4410 1946 4484 ἀρχῇ,

2013 1828 2270 1899 ptionem
2303 1827 2439 1882 iacit
2470 1843 2483 1882 :
2517 1827 2603 1882 illi
2638 1845 2771 1884 vero
2807 1829 2965 1886 brevi
2999 1830 3262 1901 Hyrcano
3293 1838 3352 1887 et
3382 1832 3659 1888 Phasaelo

2014 1919 2220 1986 captis,
2250 1916 2540 1987 Antigono
2573 1934 2765 1972 rerum
2799 1920 3059 1975 omnium
3090 1921 3657 1977 administrationem

2017 2006 2272 2060 tradunt.
2308 2004 2559 2061 Herodes
2610 2010 2803 2062 autem
2857 2009 2993 2079 fuga
3043 2008 3154 2064 sibi
3204 2010 3510 2067 consulens
3559 2010 3658 2081 (3),

2016 2100 2072 2151 et
2101 2095 2344 2151 Romam
2386 2095 2457 2150 ad
2497 2094 2781 2151 Caesarem
2836 2097 3195 2170 profugiens,
3226 2108 3531 2156 servatur:
3576 2108 3659 2155 al-

2017 2200 2126 2255 que
2174 2184 2250 2239 ibi
2305 2184 2534 2239 Antonii
2581 2185 2909 2240 testimonio
2956 2188 3399 2244 commendatus
3431 2191 3663 2244 senatui

2018 2279 2075 2329 et
2099 2273 2328 2336 Caesari,
2367 2288 2465 2327 rex
2514 2273 3041 2346 Hierosolymorum
3076 2293 3109 2330 a
3138 2281 3357 2332 Czssare
3389 2278 3667 2349 designa-

2018 2369 2130 2419 tur.
2160 2363 2358 2433 Itaque
2377 2366 2437 2417 ut
2457 2363 2639 2417 Roma
2669 2379 2934 2419 reversus
2967 2366 3283 2420 exercitum
3315 2367 3386 2421 ab
3418 2366 3666 2421 Antonio

2018 2452 2198 2523 (circa
2240 2452 2463 2523 Syriam
2514 2451 2564 2506 is
2593 2456 2736 2522 erat)
2769 2454 3010 2525 accepit,
3044 2456 3215 2510 variis
3245 2455 3668 2511 certaminibus

2022 2557 2152 2596 eum
2189 2540 2479 2611 Antigono
2502 2557 2865 2611 congressus,
2889 2544 3096 2613 saepius
3128 2544 3439 2615 repellitur.
3467 2544 3670 2599 Postea

2024 2634 2224 2685 autem
2282 2630 2445 2683 Sosio
2504 2628 2776 2696 adducto,
2828 2636 2885 2685 et
2943 2631 3124 2686 multa
3181 2634 3335 2687 caede
3395 2634 3565 2699 facta,
3617 2632 3670 2686 vi

2026 2733 2237 2790 magna
2269 2718 2662 2790 Hierosolyma
2711 2719 2880 2789 capit.
2916 2719 2983 2774 Et
3022 2721 3167 2775 sacri
3200 2721 3402 2792 templi
3435 2722 3607 2776 rebus
3636 2737 3672 2776 a

2029 2808 2350 2878 direptione
2412 2809 2770 2863 conservatis
2827 2809 2924 2880 (4),
2984 2811 3341 2881 Antigonum
3413 2812 3671 2866 vinctum

2024 2897 2188 2952 Sosio
2242 2895 2438 2964 tradit,
2490 2895 2771 2967 illumque
2832 2899 2922 2953 hic
2980 2899 3181 2955 statim
3231 2900 3301 2953 ad
3360 2901 3673 2955 Antonium

2029 2986 2206 3039 ducit.
2244 2984 2496 3040 Herodes
2531 3001 2698 3056 porro
2732 3003 2966 3042 rursum
3005 2994 3337 3058 suspectam
3370 2988 3593 3044 habens
3622 2997 3679 3043 et

2031 3081 2299 3130 metuens
2348 3075 2629 3146 Antigoni
2673 3078 2901 3147 generis
2943 3077 3325 3139 nobilitatem.
3358 3095 3429 3133 ne
3459 3078 3681 3135 scilicet

2033 3165 2130 3220 ille
2162 3163 2406 3219 Romam
2461 3165 2750 3235 profectus
2798 3166 2896 3238 (5),
2924 3166 3054 3237 jura
3083 3184 3191 3223 sua
3229 3169 3383 3239 apud
3416 3178 3676 3224 senatum

2033 3260 2361 3326 exponeret,
2394 3259 2452 3309 et
2503 3253 2747 3310 Romani
2795 3272 2856 3310 se
2905 3255 3137 3326 quidem
3191 3266 3255 3311 ut
3297 3258 3580 3328 privatum
3628 3267 3682 3314 et

2035 3345 2316 3399 advenam
2351 3343 2669 3413 rejicerent,
2704 3343 2783 3397 illi
2818 3361 2968 3411 vero,
3002 3351 3103 3399 aut
3148 3345 3352 3401 saltem
3385 3346 3521 3401 ﬁliis
3550 3346 3680 3416 ejus

2040 3449 2283 3501 regnum
2344 3432 2669 3497 redderent,
2732 3435 3041 3502 persuadet
3096 3436 3527 3505 corrumpitque
3584 3450 3683 3505 pe-

2039 3518 2213 3575 cunia
2262 3519 2602 3585 Antonium,
2654 3528 2713 3574 ut
2766 3522 3125 3591 Antigonum
3174 3522 3419 3578 occidat.
3450 3522 3541 3577 Sie
3590 3522 3686 3577 ille

2040 3609 2344 3664 confestim
2377 3610 2563 3663 securi
2598 3613 2939 3679 percutitur.
2973 3611 3272 3681 Hyrcanus
3317 3626 3450 3666 vero
3481 3616 3537 3666 et
3568 3611 3689 3681 ipse

2042 3712 2075 3752 a
2107 3696 2338 3752 Parthis
2369 3714 2436 3752 ex
2465 3696 2797 3767 captivitate
2827 3699 3128 3765 dimissus,
3152 3700 3222 3754 ad
3247 3699 3530 3755 Herodem
3556 3717 3691 3756 con-

2045 3785 2193 3857 fugit
2226 3802 2237 3840 :
2273 3791 2329 3839 et
2377 3785 2473 3840 ille
2526 3786 2762 3856 quidem
2814 3802 2946 3841 eum
2989 3789 3045 3842 in
3083 3791 3266 3859 pretio
3301 3788 3553 3859 primum
3587 3790 3691 3846 ha-

2047 3875 2193 3941 buit,
2227 3880 2565 3944 suspectum
2599 3880 2787 3930 autem
2825 3882 3022 3944 postea
3048 3878 3159 3931 sibi
3191 3878 3501 3934 interemit.
3536 3880 3699 3939 Post.

2049 3980 2223 4035 quam
2275 3979 2406 4017 vero
2464 3963 2664 4019 fratem
2714 3980 2947 4035 quoque
3004 3965 3374 4021 Mariammes
3431 3969 3698 4039 conjugis

2051 4070 2193 4115 suas,
2227 4067 2403 4123 quem
2455 4052 2784 4121 pontiﬁcem
2836 4060 2956 4108 arte
3003 4057 3277 4125 quadam,
3314 4072 3417 4127 per
3445 4057 3697 4127 speciem

2052 4142 2245 4198 tutelas
2275 4148 2331 4195 et
2375 4156 2546 4206 cum,
2581 4149 2893 4208 creaverat,
2926 4143 3141 4198 aestatis
3176 4150 3432 4215 tempore
3465 4145 3521 4198 in
3554 4145 3699 4202 solio

2054 4230 2343 4285 lavantem
2376 4237 2433 4284 et
2468 4235 2763 4286 natantem
2798 4232 3121 4295 suﬁocavit,
3156 4250 3305 4288 unus
3335 4233 3458 4301 ipse
3511 4234 3703 4290 domi-

2057 4336 2166 4374 nus
2197 4329 2249 4373 et
2282 4336 2377 4374 rex
2407 4330 2624 4373 cunctas
2652 4320 2864 4375 Jubaeze
2896 4320 3079 4375 factus
3110 4327 3216 4376 est.
3249 4322 3509 4377 Primum
3537 4323 3704 4393 equi-

2059 4412 2189 4465 dem
2247 4409 2538 4463 Antonius
2574 4408 2654 4462 illi
2712 4425 2949 4480 regnum
2985 4412 3328 4465 auctoritate
3360 4428 3464 4467 sua
3492 4414 3703 4466 confir-

304 4497 487 4574 δόγμα
540 4519 599 4555 τε
654 4498 773 4554 καθ’
827 4498 967 4567 ὅλης
1012 4506 1114 4569 τῆς
1161 4498 1340 4574 ἀρχῆς
1370 4495 1797 4572 διαπέμψαντος,
1827 4499 1916 4553 ’ἐκα

2058 4497 2253 4553 mavit.
2289 4497 2476 4551 Simul
2526 4503 2700 4568 atque
2744 4515 2877 4553 vero
2929 4500 3025 4554 ille
3074 4499 3384 4571 Cleopatra
3418 4500 3707 4556 desiderio

306 4609 432 4643 στον
461 4588 539 4651 εἰς
571 4589 674 4657 τήν
727 4584 866 4642 ἰδίαν
916 4586 1077 4642 πόλιν
1122 4585 1602 4666 ἐναπογράφεσθαι,
1651 4592 1912 4657 τηνικαῦτ

2058 4596 2115 4643 et
2148 4603 2343 4642 amore
2374 4592 2580 4656 captus
2611 4592 2720 4651 est,
2745 4595 2799 4643 et
2823 4590 3014 4643 Caesar
3041 4591 3342 4659 Augustus
3374 4590 3444 4644 ad
3475 4590 3707 4645 Actium

303 4678 392 4734 καὶ
454 4677 483 4731 6
543 4677 741 4751 Σωτὴρ
799 4679 960 4748 ἡμῶν
1017 4678 1227 4747 Ἰησοῦς
1312 4676 1550 4750 Χριστὸς
1608 4675 1844 4731 τίκτεται
1888 4696 1916 4729 τ

2061 4676 2250 4747 przelio
2284 4676 2597 4730 commisso
2638 4693 2774 4731 eum
2824 4677 3138 4733 fortissime
3188 4679 3418 4747 devicit,
3455 4686 3630 4750 atque
3660 4680 3710 4733 is

304 4764 766 4839 παραδοξότατον.
826 4765 917 4829 Τίς
973 4763 1031 4821 δὲ
1080 4768 1115 4835 ἡ
1170 4769 1456 4840 γειναμένη
1491 4766 1581 4823 καὶ
1630 4767 1658 4820 6
1695 4773 1796 4836 τῆς
1824 4781 1916 4821 κυν

2063 4766 2120 4820 in
2181 4764 2405 4836 Syriam
2467 4766 2741 4834 pervenit,
2776 4784 2842 4821 ac
2893 4766 3064 4838 paulo
3121 4773 3250 4836 post
3307 4769 3595 4823 Antonius
3654 4773 3716 4824 et

310 4876 444 4917 σεως
503 4853 730 4930 τρόπος,
760 4850 905 4909 ἔνθεν
955 4851 1064 4924 ἤδη
1112 4852 1218 4929 ἐρῶ
1266 4854 1504 4911 συνελὼν
1561 4856 1684 4910 ’ὀσον
1738 4852 1916 4927 ἐνδέχε

2063 4853 2368 4924 Cleopatra
2417 4854 2596 4909 vivere
2646 4856 2946 4911 desierunt
2979 4872 2990 4911 :
3027 4854 3136 4911 62
3169 4858 3294 4928 ipse
3324 4874 3555 4929 quoque
3585 4861 3713 4913 Au—

310 4965 419 5000 ται.
2066 4949 2272 5015 gustus
2324 4943 2528 4999 llerodi
2562 4945 2826 5002 diadema
2857 4945 3156 5018 imposuit,
3192 4963 3499 5020 regemque
3530 4950 3715 5005 totius

311 5037 527 5093 Judtem
578 5034 980 5107 promulgans,
1025 5051 1159 5092 cum
1208 5035 1404 5108 plures
1451 5036 1503 5092 ei
1550 5036 1695 5092 alias
1747 5034 1958 5106 adjecit
2021 5033 2304 5105 regiones,
2355 5046 2479 5089 tum
2529 5035 2750 5090 Arabis;
2803 5035 2978 5091 etiam
3030 5038 3500 5107 procurationem
3566 5054 3719 5093 com-

317 5126 495 5183 misit.
525 5126 631 5183 Sed
680 5125 835 5183 enim
884 5131 946 5183 ut
991 5142 1226 5184 serenas
1272 5128 1673 5199 secundasque
1721 5126 1850 5198 ejus
1900 5141 1991 5181 res
2042 5124 2275 5181 fortuna
2324 5123 2640 5197 indignans
2672 5124 2899 5182 acerbis
2932 5126 3090 5182 domi
3122 5126 3355 5184 casibus
3386 5126 3714 5193 vindicarit,

317 5364 635 5493 d.(l)‘Alii
703 5363 1081 5422 Mariammen
1146 5364 1456 5421 Alexandri
1524 5363 1704 5421 filiam
1782 5362 1965 5419 fuisse

359 5453 534 5493 icun.

359 5453 534 5493 tcunt.

386 5505 774 5592 (_2)‘Ly.s_aq_ias
826 5506 1117 5564 Ptolemei
1168 5506 1383 5578 Miami,
1417 5506 1519 5578 qui
1567 5506 1638 5561 ad
1681 5506 1967 5563 Libanum

321 5578 629 5647 habitavit,
661 5578 844 5635 ﬁlius.

640 5633 899 5743 plna.
945 5679 1054 5745 Gs.
1098 5677 1321 5743 CXLV.
2142 5633 2159 5645 ’
3319 5680 3392 5739 st

2147 5362 2224 5433 (3)
2254 5363 2502 5418 Herodes
2534 5363 2753 5433 primus
2782 5380 2847 5419 ex
2880 5362 3118 5419 advenis
3145 5363 3361 5419 Judaias
3391 5380 3505 5421 rex.

2148 5435 2227 5507 (4)
2258 5433 2733 5507 ᾼηιοῐιὶυε-ίιυηο
2763 5437 2949 5489 securi
2983 5436 3301 5505 percuissit.
3338 5436 3618 5507 (Joseph.)

2148 5506 2223 5575 (5)
2252 5504 2492 5576 Joseph.
2526 5504 2627 5560 lib.
2659 5521 2775 5573 xiv,
2806 5521 2931 5577 cap.
2968 5504 3069 5560 ult.
