4096 6284
449 375 567 440 651
1745 351 2159 418 NIGEPHORI
2201 351 2557 414 CALLISTI
3730 353 3845 413 659

453 517 637 585 utque
683 509 754 565 ab
803 520 979 562 uxore
1025 501 1266 559 adversa
1310 496 1426 571 pati
1475 491 1728 566 cmperit,
1757 492 1971 549 civium
2019 491 2118 562 (t),
2152 488 2550 554 familiarium,
2584 490 3080 558 cognatorumque
3127 502 3364 542 suorum
3397 489 3682 560 sanguine
3717 489 3846 558 pol-

458 576 636 667 lat-us,
671 613 826 654 nunc
871 590 1101 650 dicendi
1145 589 1312 646 locus
1353 602 1466 642 non
1516 587 1622 642 est.
1655 585 1842 654 Atque
1890 580 2012 637 haec
2059 583 2144 636 sic
2191 577 2448 650 exposui,
2487 583 2548 632 ut
2597 576 2958 650 prophetiam
2991 576 3306 632 dilucidam
3336 577 3678 650 claramque
3717 595 3844 649 pro-

451 694 746 757 ducerem,
777 700 904 756 quae
952 681 1091 737 dicit
1123 695 1136 735 :
1166 679 1282 734 Non
1327 675 1540 746 deﬁciet
1585 670 1837 745 princeps
1882 686 1952 726 ea:
1979 669 2140 738 Iuda,
2171 684 2272 724 nec
2299 668 2414 722 dux
2441 683 2510 722 ea:
2538 669 2745 736 leniore
2771 665 2915 738 eius,
2944 666 3111 722 donec
3141 668 3322 722 veniat
3353 669 3398 722 is
3429 669 3520 722 cui
3549 671 3846 739 repositum

449 785 552 849 est,
585 787 632 834 et
677 756 794 847 ipse
839 779 918 828 est
963 769 1280 840 expectatio
1324 763 1572 836 gentium
1603 762 1666 814 ".
1701 759 1773 816 Ut
1818 775 2093 830 namque,
2127 758 2222 849 qui
2273 775 2305 812 a
2351 757 2498 812 .luda
2553 756 2779 828 generis
2827 756 3296 826 conjunctionem
3348 762 3572 812 traxere
3623 757 3844 830 princi-

451 845 550 943 pes
599 845 932 930 defecerint,
963 865 1022 917 et
1067 862 1134 914 ut
1179 855 1430 912 Herodes
1481 869 1550 909 ex
1599 850 1869 908 Idumaeis
1900 849 2126 904 advena
2191 847 2448 903 Hebraeis
2489 863 2585 901 rex
2639 846 2948 918 praefuerit,
2981 845 3123 900 satis
3171 851 3261 901 est
3297 846 3674 914 declaratum,
3705 863 3832 901 curn

447 933 668 1015 scilicet
715 955 889 1008 tinem
937 949 1277 1018 exitumque
1324 959 1502 999 suum
1554 939 1853 1013 prophetia
1901 943 1990 994 est
2038 942 2344 994 consecuta
2383 954 2394 991 :
2429 936 2598 990 sicuti
2649 935 2821 1006 paulo
2871 938 3002 1006 post
3049 933 3280 1006 longius
3331 936 3644 1008 progressi,
3675 951 3837 1006 aper-

447 1049 611 1104 tioris
653 1039 1002 1116 cognitionis
1045 1035 1227 1108 gratia
1273 1047 1656 1104 exponemus.
1696 1029 1844 1085 Cum
1893 1027 2049 1082 enim
2095 1029 2396 1098 Augustus
2448 1027 2688 1082 Romam
2745 1039 3030 1092 reversus,
3083 1024 3472 1080 Romanorum
3522 1025 3837 1096 imperium

447 1140 507 1192 in
558 1113 751 1190 unius
783 1127 1099 1200 redegisset
1146 1126 1515 1196 potestatem,
1563 1117 2075 1191 quadragesimum
2127 1114 2450 1170 secundum
2500 1130 2566 1168 eo
2615 1113 2844 1184 imperti
2894 1129 3114 1169 annum
3169 1117 3396 1184 agente,
3445 1119 3502 1168 et
3549 1129 3680 1168 cum
3745 1129 3845 1184 pro

448 1224 788 1280 universum
830 1215 1140 1290 imperium
1189 1211 1446 1268 edictum
1496 1205 1922 1282 promulgatum
1967 1207 2140 1272 esset,
2177 1210 2236 1258 ut
2287 1203 2342 1260 in
2392 1220 2495 1258 sua
2527 1206 2776 1274 quisque
2804 1203 2946 1258 urbe
2974 1207 3377 1258 recenseretur
3413 1207 3585 1273 atque
3619 1202 3844 1258 descri-

447 1316 681 1370 beretur
715 1327 729 1365 :
763 1315 890 1366 tum
920 1305 1096 1362 etiam
1128 1300 1389 1360 Salvator
1417 1303 1614 1355 noster
1641 1296 1814 1353 Jesus
1841 1293 2104 1351 Christus
2149 1298 2324 1349 natus
2353 1299 2458 1362 est,
2490 1293 2668 1363 idque
2695 1308 2762 1348 eo
2793 1291 2893 1362 qui
2925 1291 3256 1362 opinionem
3291 1291 3461 1346 ﬁdem
3485 1307 3575 1360 ius
3607 1306 3842 1346 omnem

445 1405 684 1475 superat
729 1398 920 1456 modo.
952 1396 1088 1462 Qua:
1135 1407 1265 1448 vero
1313 1387 1580 1462 genitrix,
1634 1390 1693 1442 et
1738 1385 1837 1457 qui
1888 1387 2089 1456 partus
2139 1381 2324 1454 ipsius
2377 1381 2548 1438 fuerit
2598 1383 2828 1450 modus,
2879 1380 3014 1436 inde
3044 1380 3190 1451 jam,
3225 1397 3399 1452 quam
3451 1380 3575 1435 ﬁeri
3637 1379 3846 1452 poterit

447 1489 806 1558 brevissime,
839 1485 1054 1544 dicam.

1071 1615 1308 1673 CAPUT
1350 1613 1470 1670 VII.

443 1734 516 1793 De
561 1731 765 1790 sanctis
810 1727 1088 1786 Jozchimo
1134 1729 1188 1778 et
1218 1723 1394 1789 Anna,
1426 1724 1478 1793 et
1515 1718 1582 1772 de
1614 1707 1901 1793 nativitates
1929 1719 2093 1793 atque

512 1787 830 1863 educatione
873 1799 1223 1855 sanctissimae
1271 1787 1388 1848 Der“
1419 1790 1721 1846 Genetricis
1772 1790 1829 1843 in
1874 1787 2090 1856 tempto,

511 1887 562 1934 et
590 1883 654 1934 ut
686 1875 1005 1946 desponsata
1034 1867 1253 1939 Josepho
1281 1866 1468 1936 fuerit.

511 2058 622 2116 ϐε
658 2059 1028 2124 Posteaquam
1073 2045 1228 2104 enim
1263 2041 1463 2117 perfici
1495 2049 1666 2111 atque
1697 2037 1958 2094 exhiberi
1991 2039 2092 2092 de-

442 2151 565 2206 buit
595 2149 800 2219 ingens
827 2140 994 2208 illud,
1025 2143 1415 2205 naturamque
1453 2127 1886 2219 omnemlonge
1916 2141 2094 2198 supe-

443 2255 576 2294 rans
629 2217 987 2307 mysterium,
1023 2243 1172 2300 opus
1231 2223 1343 2279 fuit
1403 2234 1637 2293 prorsus
1693 2217 1983 2272 instruere
2036 2219 2093 2271 et

443 2303 764 2401 praeparare
809 2336 930 2386 vas,
963 2317 1114 2390 quod
1165 2329 1298 2370 eum
1342 2311 1442 2382 qui
1481 2303 2092 2378 incomprehensibilis

404 2395 533 2477 ‘est
564 2395 1118 2484 comprehenderet.
1153 2406 1228 2477 (2)
1276 2402 1510 2458 lnventa
1555 2399 1751 2470 itaque
1799 2401 1888 2452 est
1930 2395 2092 2451 beata

442 2509 618 2576 Virgo
650 2504 844 2570 Maria,
875 2501 1119 2569 dignum
1161 2493 1462 2561 Deumque
1509 2487 1722 2542 decens
1755 2484 1925 2540 Verbi
1981 2485 2092 2538 do—

443 2575 748 2660 micilium,
787 2591 960 2646 etiam
1009 2588 1142 2640 ante
1191 2579 1543 2636 nativitatem
1591 2575 1670 2647 (3)
1724 2575 1834 2630 Deo
1881 2589 2090 2628 cense-

439 2691 619 2754 creta,
669 2686 845 2752 atque
901 2693 966 2732 ex
1026 2669 1306 2729 membris
1363 2664 1664 2732 senilibus,
1716 2669 1774 2719 et
1829 2662 2001 2731 longe
2057 2677 2092 2716 a

441 2751 660 2833 natura
709 2751 925 2828 feriere
963 2763 1192 2828 alienis,
1225 2769 1504 2830 tanquam
1535 2753 1774 2827 quidam
1807 2751 2091 2808 divinitus

437 2869 604 2920 datus
637 2862 860 2917 fructus
895 2855 1191 2928 producta.
1217 2846 1484 2904 Joachim
1514 2849 1572 2900 et
1595 2845 1760 2899 Anna
1783 2845 2088 2913 parentum

437 2957 606 3009 erant
651 2947 912 3004 nomina.
943 2940 1128 2998 Ambo
1175 2933 1562 3001 accuratione,
1607 2932 1776 3002 juxta
1821 2928 2086 3000 praescri-

438 3047 602 3114 ptum
636 3037 800 3108 legis,
825 3033 939 3089 vita
969 3030 1307 3103 praestantes
1337 3027 1390 3079 et
1421 3021 1582 3088 clari,
1608 3035 1713 3074 nec
1736 3035 1848 3073 non
1882 3016 2086 3089 primis

435 3106 764 3202 quibusque
808 3127 867 3178 et.
910 3111 1406 3191 splendidissimis
1455 3106 1956 3176 nobilissimisque
1985 3120 2084 3176 ge-

433 3198 571 3277 nere
627 3209 1054 3272 connumerati.
1107 3205 1290 3262 Vitam
1350 3204 1547 3257 autem
1599 3198 1670 3253 ad
1729 3199 2083 3251 senectutem

433 3313 561 3368 sine
613 3305 770 3380 prole
815 3303 993 3366 edita,
1026 3296 1428 3370 produxerant.
1455 3291 1595 3346 Erat
1647 3287 1798 3344 enim
1839 3287 1908 3342 ad
1943 3284 2082 3340 libe-

432 3373 634 3456 rorum
700 3387 1156 3468 procreationem
1213 3385 1384 3438 Anna
1437 3379 1562 3436 alvo
1626 3375 1954 3431 infecunda.
2014 3373 2082 3428 Et

431 3505 564 3546 cum
588 3489 664 3543 ob
695 3478 1022 3540 sterilitatis
1051 3489 1290 3532 causam
1323 3486 1439 3526 non
1472 3467 1705 3524 haberet
1735 3479 2076 3520 communes

431 3595 562 3635 cum
597 3573 876 3630 matronis
906 3573 963 3624 et
994 3564 1278 3623 matribus
1317 3577 1350 3616 a
1379 3558 1505 3630 lege
1533 3555 1780 3612 tributos
1810 3553 2084 3620 honores,

431 3663 694 3737 exemplo
726 3658 925 3716 matris
968 3649 1258 3711 Samuelis
1305 3649 1435 3719 ipsa
1483 3660 1711 3717 quoque
1745 3643 1808 3696 ﬁt
1839 3640 2085 3711 supplex

431 3757 570 3821 Deo,
600 3730 657 3808 et
701 3751 759 3806 in
811 3745 1028 3818 templo
1074 3738 1278 3813 sedulo
1325 3740 1613 3798 versatur,
1662 3747 1733 3787 ne
1781 3730 2004 3786 scilicet
2051 3745 2085 3783 a

435 3819 941 3900 benedictionibus
967 3831 1109 3904 legis
1131 3826 1550 3891 excluderetur,
1565 3821 1666 3878 sed
1692 3824 1754 3875 ut
1773 3819 1824 3875 ei
1841 3826 2080 3874 matrem

413 3947 568 4005 .esse
613 3929 832 3992 liceret,
863 3938 1062 3988 orans,
1117 3935 1183 3972 ac
1231 3914 1386 3986 quod
1439 3913 1701 3984 paritura
1747 3913 1924 3975 esset,
1974 3904 2084 3977 ipsi

440 4023 551 4074 Deo
597 4015 918 4072 dicaturum
969 4027 1029 4064 se
1076 4022 1203 4062 esse
1248 4017 1478 4058 vovens.
1521 3998 1632 4055 Sed
1685 3997 1841 4053 enim
1889 3995 2084 4050 divino

437 4111 606 4174 nutu,
637 4103 710 4160 ad
753 4117 882 4158 eam
934 4112 1106 4170 quam
1157 4091 1400 4163 petierat
1442 4087 1716 4160 gratiam,
1745 4087 1915 4141 Anna
1945 4099 2084 4138 con-

437 4168 668 4248 ﬁrmata
695 4192 866 4258 atque
897 4168 1182 4244 roborata,
1203 4181 1508 4248 postquam
1543 4171 1730 4242 puella
1751 4187 1781 4224 e
1803 4168 2084 4224 maternis

435 4279 648 4354 prodiit
697 4257 860 4346 locis,
892 4270 1130 4330 Mariam
1182 4283 1309 4322 eam
1343 4262 1540 4318 statim
1575 4257 1912 4325 nominavit,
1944 4258 2084 4314 teni-

2127 1610 2176 1674 A

2841 1607 3096 1661 ΚΕΦΑΛ.
3130 1605 3204 1658 Ζ’.

2211 1712 2363 1786 Περῖ
2393 1714 2521 1767 τῶν
2542 1709 2747 1786 ἁγίων
2776 1709 3098 1786 Ἰωαδιεὶμ
3123 1707 3230 1764 καὶ
3259 1711 3525 1779 ”Δννης’
3559 1707 3671 1764 καὶ
3707 1709 3848 1784 περὶ

2276 1791 2393 1874 ἰῆς
2424 1780 3456 1874 γὲ-,ννἥσεωίκαὶέινατρριρῆςῖτῆς
3488 1780 3742 1874 ὑπερὲγ
3766 1780 3851 1867 £55

2277 1851 2613 1930 Θεξοτόκουν
2640 1853 2700 1907 ἐν
2731 1858 2816 1925 τῷ
2844 1857 2976 1925 ναῷ
3009 1894 3022 1908 .
3056 1851 3164 1907 καὶ
3197 1851 3280 1914 ὼς
3312 1851 3732 1924 ἐμνηστεόθη
3764 1857 3854 1924 τῷ

2274 1927 2550 2004 Ἰιυσήιρ.

2271 2033 2423 2089 Ἐπεὶ
2470 2034 2572 2108 γὰρ
2621 2030 2822 2106 ἔμελλε
2861 2030 3132 2088 τελεῖσθαι
3171 2031 3233 2086 τὸ
3285 2031 3423 2106 μέγα
3465 2031 3554 2085 καὶ
3589 2030 3724 2106 ὑπὲρ
3755 2031 3854 2108 φύ-

2203 2146 2285 2179 σιν
2340 2127 2660 2200 μυστήριον,
2705 2123 2887 2200 χρεών
2941 2143 3048 2177 που
3105 2122 3320 2183 πάντως
3377 2121 3848 2197 προηυτρεπῖσθαι

2203 2219 2398 2275 σκαῦος
2428 2214 2491 2269 τὸ
2533 2219 2793 2289 χωρῆσον
2838 2209 2904 2282 δή
2940 2211 3030 2266 τὸν
3075 2212 3390 2286 ἀχώρῆσον.
3430 2209 3635 2284 Εὗρέθη
3665 2209 3848 2266 τοίνυν

2204 2306 2239 2374 ἢ
2287 2303 2521 2378 μακαρία
2569 2301 2828 2376 παρθένος
2873 2300 3072 2375 Μαρία,
3122 2298 3264 2370 ὄξιόν
3316 2321 3368 2354 τι
3417 2299 3504 2354 καὶ
3553 2299 3853 2374 θεοπρεπὲς

2203 2398 2300 2448 τοῦ
2359 2393 2533 2467 Λόγου
2589 2391 3036 2464 κατοικητήριον,
3093 2391 3182 2443 καὶ
3248 2389 3354 2463 πρὸ
3416 2390 3676 2464 γενέσεως
3753 2387 3850 2458 μὲν

2203 2481 2578 2556 ἆνατεθειμένη
2614 2485 2750 2552 Θεῷ,
2782 2478 2842 2534 ἐκ
2875 2477 3055 2552 μελῶν
3105 2475 3162 2533 δὲ
3203 2475 3491 2556 γηραλέων
3523 2479 3612 2532 καὶ
3657 2475 3848 2552 πόῤῥω

2200 2577 2310 2629 τῶν
2355 2579 2455 2641 τῆς
2505 2570 2713 2647 φύσεως
2757 2568 3048 2643 χραμάτων
3099 2567 3192 2622 οἴά
3235 2589 3320 2630 τις
3368 2567 3571 2642 καρπὸς
3621 2565 3844 2620 θεόσδο-

2201 2685 2291 2725 τος
2343 2657 2692 2734 προηγμένη.
2723 2657 2984 2730 Ἰωᾶικεῖμ
3023 2657 3111 2712 καὶ
3169 2660 3333 2714 ’Ἄννα
3379 2657 3516 2726 ἦσαν
3560 2661 3680 2718 τοῖς
3727 2677 3848 2732 γεν-

2199 2755 2424 2827 νήτορσι
2473 2750 2538 2804 τὰ
2583 2749 2841 2820 ὀνόματα,
2890 2745 3151 2820 ἐπίσημοι
3205 2747 3297 2818 μὲν
3344 2745 3434 2800 καὶ
3483 2744 3649 2821 ἄμφω
3691 2743 3743 2798 ἐν
3775 2749 3844 2818 τῇ

2197 2843 2334 2897 κατὰ
2361 2841 2536 2915 νόμον
2565 2833 2778 2913 ἀκριϐεῖ
2807 2833 3078 2907 πολιτείᾳ,
3120 2835 3181 2889 οὐ
3217 2837 3325 2908 μὴν
3354 2831 3398 2889 δ’
3438 2831 3584 2889 ἀλλά
3641 2833 3732 2887 καὶ
3791 2831 3842 2886 ἐν

2197 2935 2313 2992 τοῖς
2364 2929 2604 3002 πρώτοις
2661 2927 2750 2981 καὶ
2807 2921 3126 2986 καλλίστοις
3175 2923 3263 2978 καὶ
3303 2927 3411 2977 τῶν
3445 2919 3502 2976 εὖ
3533 2921 3840 2997 γεγονότων

2195 3016 2712 3092 συναριθμούμενοι.
2765 3014 3083 3088 Κατεγ-ήρων
3137 3009 3193 3067 δὲ
3247 3012 3338 3066 τὸν
3404 3009 3520 3083 βίον
3571 3016 3741 3086 γονῆς

2197 3127 2403 3182 μοιροι.
2439 3105 2578 3180 Πρὸς
2605 3103 2706 3180 γὰρ
2745 3099 2949 3157 παίδων
2995 3102 3154 3175 γονὰς
3206 3096 3416 3169 λιθώδη
3464 3099 3564 3166 τήν
3624 3100 3833 3172 μήτραν

2193 3199 2228 3266 ἡ
2278 3199 2444 3253 Ἀννα
2495 3188 2883 3269 προῦϐἒϐλητο
2917 3209 2930 3222 ·
2981 3191 3072 3245 καὶ
3127 3188 3242 3244 ἐπεὶ
3273 3188 3348 3251 ὡς
3377 3185 3576 3264 ἄγονος
3618 3186 3681 3240 οὗ
3725 3190 3832 3240 τῶν

2197 3283 2324 3338 ἴσων
2381 3287 2628 3356 μετεῖχεν
2687 3278 2745 3334 ἐκ
2799 3275 2969 3351 νόμου
3015 3281 3137 3339 ταῖς
3193 3276 3428 3350 μητράσι
3470 3279 3666 3347 τιμῶν,
3697 3275 3830 3328 κατὰ

2191 3376 2292 3444 τὴν
2346 3376 2444 3428 τοῦ
2502 3369 2768 3445 Σαμουὴλ
2831 3367 3037 3442 μητέρα
3081 3367 3168 3421 καὶ
3227 3364 3360 3436 αὕτη
3421 3362 3586 3418 ἱκέτις
3635 3361 3837 3438 ἐγένετο

2189 3469 2286 3520 τοῦ
2318 3467 2451 3519 Θεοῦ
2479 3467 2558 3535 τῷ
2589 3465 2692 3532 νεῷ
2749 3456 3150 3534 παρεδρεύουσα
3202 3458 3277 3529 μή
3327 3455 3518 3530 πόρῥω
3568 3455 3837 3510 εἶναιτῶν

2191 3559 2288 3610 τοῦ
2343 3555 2516 3624 νόμου
2567 3550 2828 3622 εὐλογιῶν
2861 3569 2874 3581 ·
2920 3547 3166 3624 γενέσθαι
3216 3543 3272 3600 δὲ
3308 3546 3514 3618 μήτηρ,
3543 3543 3634 3600 καὶ
3665 3545 3728 3598 τὸ
3760 3565 3837 3598 τις

2193 3643 2452 3716 κτὸμενον
2509 3641 2807 3717 ἀφιερῶσαι
2863 3635 3034 3710 αυτῷ.
3093 3635 3195 3692 Καὶ
3251 3632 3316 3704 δὴ
3395 3635 3620 3705 νεύματι
3707 3634 3836 3706 θείῳ

2195 3731 2570 3806 δυναμιυοεῖσα
2616 3729 2751 3804 πρὸς
2796 3729 2898 3797 τὴν
2948 3725 3108 3804 χάριν
3154 3725 3189 3794 ἢ
3221 3719 3443 3793 ἧτησεν,
3476 3722 3592 3778 ἐπεὶ
3622 3722 3683 3776 τὸ
3717 3743 3839 3776 ta:-

2193 3820 2306 3878 δίον
2365 3825 2472 3876 τῶν
2521 3823 2800 3894 μητρικῑύν
2861 3815 3124 3888 θαλάμων
3178 3815 3491 3888 προέθορεν,
3533 3811 3690 3873 εὐθὺς
3739 3812 3836 3883 μὲν

2192 3911 2360 3980 αὐτὴν
2420 3909 2648 3984 Μαριὰμ
2692 3901 3064 3979 κατωνόμασε,
3123 3902 3184 3958 τὸ
3251 3899 3534 3957 θεόσδοτον
3592 3899 3835 3956 αἰνιττο-

2197 3999 2326 4072 μένη
2381 4003 2482 4066 τῆς
2536 3995 2766 4070 χάριτος
2801 4013 2812 4027 ·
2849 3993 2922 4053 ὡς
2981 3989 3039 4046 δὲ
3093 3989 3284 4066 πορῥω
3325 3987 3598 4062 γάλακτος
3628 3987 3718 4058 ἦν,
3749 3987 3836 4042 καὶ

2191 4088 2390 4158 ἥκιστά
2425 4106 2485 4162 γε
2532 4083 2680 4158 θηλῇ
2728 4081 3083 4159 προσανέχειν
3133 4074 3427 4150 ἠϐούλετο,
3471 4076 3686 4152 πληροῖ
3741 4077 3835 4149 μὲν

2193 4179 2228 4246 ἡ
2280 4173 2568 4254 γειναμένη
2627 4172 2725 4240 τὴν
2786 4167 3153 4248 ἐπαγγελίαν·
3221 4167 3311 4222 καὶ
3369 4167 3507 4241 πρὸς
3560 4165 3652 4220 τὸν
3703 4166 3837 4219 νεὼν

2192 4267 2435 4333 ἀνιοῦσα,
2484 4260 2676 4327 ταύτην
2729 4257 2950 4336 ἀφιέρου
3007 4261 3124 4328 Θεῷ
3170 4255 3310 4311 uti
3363 4257 3464 4324 τὴν
3511 4253 3834 4328 ὑπόσχεσιν,

427 4340 620 4441 gmate
667 4340 911 4422 latenter
939 4379 974 4418 a
1003 4365 1114 4416 Deo
1146 4361 1443 4427 acceptam
1474 4353 1722 4426 gratiam
1754 4351 2072 4406 declarans.

2199 4355 2368 4430 τρίτον
2415 4349 2522 4422 ἤδη
2571 4357 2672 4420 τῆς
2721 4346 2942 4418 ἡλικίας
2990 4344 3106 4408 ἔτος
3153 4345 3435 4402 ἀνόουσαν.
3467 4344 3530 4397 Οἱ
3579 4340 3637 4397 δὲ
3679 4342 3837 4414 ἱερεῖς

432 4439 508 4516 Ut
550 4472 682 4512 vero
727 4453 916 4508 infans
955 4467 990 4506 a
1033 4448 1181 4505 lacte
1227 4453 1489 4500 materno
1510 4442 1640 4514 jam
1672 4439 1994 4509 abhorruit,
2024 4443 2081 4494 et

432 4561 752 4607 mammam
803 4542 1085 4610 attingere
1135 4535 1343 4602 noluit,
1392 4530 1837 4604 promissionem
1900 4533 2084 4584 mater

431 4634 714 4708 adimplet
747 4650 760 4688 :
795 4637 852 4687 et
881 4630 938 4686 in
970 4626 1251 4698 templum
1295 4623 1634 4689 ascendens,
1661 4620 1830 4690 juxta
1860 4622 2080 4684 votum,

432 4743 560 4784 eam
611 4723 726 4780 Deo
773 4721 1091 4785 consecrat,
1123 4712 1355 4770 tertium
1393 4711 1516 4782 jam
1549 4717 1669 4763 tum
1701 4707 1888 4763 aetatis
1919 4723 2084 4776 agen-

432 4822 550 4873 tem
598 4827 841 4870 annum.
875 4808 942 4864 Et
989 4805 1314 4863 sacerdotes
1359 4801 1595 4872 quidem
1637 4802 1758 4852 tum
1793 4813 1916 4854 eam
1950 4800 2083 4850 tan-

433 4919 605 4978 quam
655 4898 914 4958 sanctius
961 4895 1251 4966 quoddam
1303 4888 1608 4946 donarium
1661 4899 1990 4956 suscepere,
2027 4889 2083 4939 et

434 4973 687 5069 puellam
719 4989 779 5045 in
809 4985 1061 5044 sacrario
1094 4981 1399 5038 fovendam
1426 4993 1554 5034 esse
1581 4981 1819 5042 duxere,
1843 4975 1910 5029 ad
1945 4973 2081 5029 auli-

432 5064 532 5156 qui
582 5080 742 5137 illius
791 5074 1081 5133 Samuelis
1128 5068 1592 5127 similitudinem.
1627 5064 1829 5138 Itaque
1861 5064 1980 5130 illa,
2017 5069 2083 5118 ut

504 5210 548 5247 “
573 5211 715 5264 Gen.
746 5220 894 5271 χιιι,
926 5201 1010 5258 10.

498 5354 574 5424 (1)
604 5348 856 5424 Herodes
903 5345 1274 5424 Mariammen
1325 5355 1562 5424 nitorem
1613 5341 1670 5392 et
1713 5338 2075 5424 amices‘ne-

427 5410 708 5482 cessarios
735 5436 873 5476 suos
898 5416 1128 5472 occidit.
1163 5411 1423 5482 (Joseph.
1455 5411 1558 5465 lib.
1590 5426 1684 5480 xv,
1715 5425 1843 5480 cap.
1873 5410 1956 5479 9.)

497 5479 569 5566 ('2)
603 5479 1442 5566 alariamVirgiaem'mati-em
1491 5487 1626 5566 ante
1651 5479 2075 5566 Christum-Je-

427 5553 564 5624 ειυῶ
596 5563 776 5618 tilium
807 5561 935 5632 ejus
972 5553 1189 5612 'natum
1222 5571 1376 5610 anno
1413 5553 1784 5632 quindecimo
1815 5555 2070 5624 genitam

427 5654 576 5696 esse.
607 5628 876 5690 Chronici
903 5632 1207 5700 scriptores
1237 5628 1580 5700 memorant.

499 5691 574 5782 ὦ)
631 5706 708 5762 De
765 5691 1222 5781 sanctiﬁcatione
1287 5695 1542 5767 Virginis
1607 5695 1704 5748 Dei
1762 5691 2072 5748 Genitricis

2187 4446 2324 4507 τὲως
2362 4443 2455 4516 μὶν
2487 4438 2770 4515 προσίεντο
2799 4437 2860 4492 τὸ
2909 4437 3162 4508 ἀνάθημα
3190 4453 3203 4466 ⁸
3250 4433 3342 4488 καὶ
3391 4433 3444 4488 ἐν
3493 4437 3611 4495 τοῖς
3661 4431 3834 4506 ἁγίοις

2189 4533 2498 4610 ἀνατρέφειν
2529 4531 2627 4599 τήν
2674 4523 2842 4582 παῖδα
2898 4522 3008 4579 δεῖν
3062 4519 3290 4597 ἔκρινον,
3346 4522 3465 4577 καθ’
3523 4522 3830 4594 ὁμοιότητα

2189 4629 2285 4679 τοῦ
2329 4621 2564 4676 παλαιοῦ
2617 4613 2906 4688 Σαμουήλ.
2936 4615 3037 4670 Ἠν
3071 4610 3162 4667 οὗν
3192 4617 3270 4684 τῷ
3299 4615 3406 4682 νεῷ
3437 4609 3578 4664 Οείόν
3605 4614 3662 4664 τῖ
3694 4616 3831 4684 χρῆ-

2194 4733 2268 4786 μα
2299 4710 2385 4766 καὶ
2416 4705 2618 4763 ἄσυλον
2665 4709 2785 4766 τοῖς
2841 4700 3056 4763 ἀδύτοις
3111 4697 3548 4772 ἐνδιαιτώμενον.
3589 4698 3741 4754 Ἐπεὶ
3788 4693 3832 4752 δ’

2191 4799 2418 4872 ηὔξητο,
2453 4794 2720 4855 συνιόντες
2753 4791 2803 4847 οἰ
2834 4793 2996 4866 ἱερεῖς
3027 4788 3079 4845 ἐν
3125 4787 3350 4863 βουλαῖς
3393 4787 3551 4857 ἦσαν,
3583 4786 3637 4841 τί
3667 4807 3832 4857 ποιη-

2191 4909 2374 4950 σαντες
2417 4887 2491 4950 εἰς
2541 4885 2603 4940 τὸ
2653 4883 2794 4956 ἱερὸν
2855 4881 3025 4936 ἐκεῖνο
3087 4879 3247 4950 σῶμα
3299 4877 3375 4950 μή
3416 4876 3480 4931 ἃν
3511 4871 3740 4946 δόξωσιν
3771 4874 3830 4930 ἁ-

2195 4983 2417 5052 μαρτείν
2451 4995 2464 5008 ο
2519 4972 2826 5049 ’ἱεροσυλεῐν
2885 4971 2984 5044 γὰρ
3046 4969 3296 5040 ἄντικρυς
3343 4963 3653 5040 ἐνομίζετο,
3688 4961 3738 5018 εἶ
3773 4985 3834 5042 γε

2188 5069 2275 5124 καὶ
2324 5067 2523 5135 ταύτην
2557 5060 2709 5137 ἀνδρὶ
2758 5057 3074 5136 παραδοῖεν,
3107 5057 3194 5113 καὶ
3241 5055 3396 5131 νόμῳ
3445 5055 3630 5131 γάμου
3677 5074 3837 5108 κατα-

2187 5327 2476 5385 sentcntia
2521 5330 2608 5382 est
2655 5321 2914 5394 Gregorii
2963 5317 3262 5390 Theologi,
3295 5315 3370 5394 _in
3429 5311 3668 5394 homilla
3729 5313 3836 5370 Pa-

2187 5401 2365 5458 schali
2403 5416 2415 5454 :
2453 5419 2482 5449 «
2513 5387 3120 5453 Cbristususecundum
3153 5387 3373 5456 omnia,
3405 5391 3610 5458 praeter
3641 5401 3834 5458 pecca-

2187 5456 2426 5550 tum,_tit
2473 5469 2668 5550 homo,
2717 5483 2748 5522 e
2780 5465 3017 5550 ’virgine
3064 5456 3834 5550 prognatusgcarneusimnl

2184 5527 2241 5600 et
2256 5527 2457 5599 etiam
2479 5541 2636 5609 prius
2655 5527 2759 5611 per
2779 5527 3662 5611 Scriptum-purgata:_Oportnit
3679 5529 3834 5611 enim

2183 5599 2240 5672 et
2287 5599 2674 5672 nativitatem'
2707 5599 2996 5675 honorari,
3047 5599 3114 5662 ct'
3153 5599 3549 5677 virginitatem
3609 5599 3836 5670 prmhoo

2183 5686 2394 5742 norari.
2431 5706 2459 5734 ››

4093 1793 4096 1952 l

4093 1999 4096 2044 .
