4096 6284
283 331 400 392 653

1304 328 1932 393 ECCLESIASTlCzE
1977 331 2371 394 HISTORLE
2414 331 2556 394 LIB.
2604 331 2654 392 Ῑ.

3565 326 3686 390 654

285 461 635 532 δουλώσωσι,
693 462 932 534 καθάπαξ
987 461 1378 540 ἀφιερωθεῖσαν
1435 466 1568 532 Θεῷ.
1649 456 1812 528 Αὖθις
1872 461 1964 536 δὲ.

2079 483 2136 522 es
2167 465 2381 534 divina,
2424 465 2660 532 intacta,
2694 467 2750 519 et
2779 467 3170 534 sacrosancta,
3209 464 3266 520 in
3315 463 3517 536 templi
3547 480 3688 520 san-

285 557 516 628 γυναῖκα
546 553 691 628 ὥραν
719 549 828 623 ἤδη
861 553 1071 632 φύσεως
1119 549 1376 629 ἔχουσαν,
1424 550 1572 613 ἐντὸς
1621 555 1728 606 τῶν
1776 553 1934 626 ἱερῶν

287 643 600 717 ἀνακτόρων
648 639 990 714 περιπολεῖν,
1031 639 1146 696 οὔτ’
1175 639 1459 714 ἐφειμένον
1500 644 1580 710 τῷ
1623 639 1778 713 νόμῳ
1828 640 1936 696 δεῖν

287 729 464 803 ᾤοντο
489 750 503 762 ·
535 731 628 785 καὶ
661 730 774 802 ἅμα
811 733 889 800 τῷ
935 733 1219 804 πράγματι
1248 729 1312 783 τὸ
1361 729 1556 800 σεμνὸν
1597 727 1660 782 ού
1700 736 1934 803 προσῆν.

288 818 482 874 Πολλὰ
511 819 801 896 τοιγαροῦν
842 819 932 873 καὶ
977 815 1252 881 πολλάκις
1296 817 1416 890 περῖ
1469 817 1666 872 τούτου
1708 816 1936 874 διασκο-

287 910 608 980 πουμένοις,
650 907 850 984 γίνεταί
899 928 982 970 τις
1031 908 1210 962 θεόθεν
1261 906 1553 976 ἐπισκοπή,
1587 905 1665 960 ἐνί
1693 929 1795 962 τινι
1828 913 1938 963 τῶν

287 996 412 1070 περὶ
441 998 508 1052 τὸ
542 998 688 1072 ἱερὸν
739 996 1028 1071 μνηστείας
1078 995 1307 1069 ὀνόματι
1365 992 1550 1050 δοῦναι
1597 998 1698 1065 τήν
1729 995 1896 1052 παῖδα
1921 1017 1934 1030 ·

288 1087 494 1142 ἐκεῖνον
548 1082 596 1140 δ’
637 1086 771 1140 εἶναι
829 1089 1104 1153 τοιοῦτον,
1164 1087 1286 1140 οἷον
1344 1084 1483 1160 πρὸς
1541 1083 1789 1162 φυλακὴν
1839 1093 1939 1156 τῆς

289 1175 580 1250 παρθενίας
613 1173 802 1246 δεξιῶς
832 1171 1000 1249 ἔχειν.
1035 1173 1146 1230 Οὔκ
1176 1171 1348 1236 ἄλλος
1385 1173 1567 1230 τοίνυν
1601 1179 1703 1229 τοῦ
1733 1177 1938 1253 Ἰωσήφ

291 1260 466 1319 ἐδόκει
524 1261 792 1336 ἁρμόδιος
849 1265 986 1338 πρὸς
1043 1270 1144 1332 τῆς
1201 1262 1489 1335 μνηστείας
1552 1264 1722 1335 μόνης
1782 1267 1939 1318 συνά-

293 1373 470 1430 φειαν,
502 1352 798 1425 προσήκων
847 1373 904 1406 τε
933 1352 1071 1408 κατὰ
1111 1353 1268 1427 γένος
1311 1353 1451 1424 αὐτῇ
1482 1371 1494 1384 ·
1546 1359 1644 1421 τῆς
1691 1355 1794 1428 γὰρ
1843 1353 1940 1408 αὐ-

291 1449 392 1510 τῆς
424 1441 607 1520 φυλῆς
635 1442 728 1510 ἦν,
772 1441 864 1496 καὶ
917 1439 1109 1504 ἄλλως
1157 1443 1302 1517 γήρᾳ
1348 1441 1437 1496 καὶ
1472 1446 1640 1515 σεμνῇ
1688 1441 1940 1516 πολιτείᾳ

2046 557 2225 611 ctiore
2255 555 2380 612 loco
2411 554 2670 624 etadytis
2703 552 2845 624 ipsis
2874 552 3117 608 vivebat.
3145 553 3462 626 Postquam
3495 559 3689 610 autem

2047 643 2317 711 adolevit,
2351 643 2658 699 consilium
2703 643 3034 698 sacerdotes
3066 642 3384 714 agitarunt,
3419 643 3561 714 quid
3619 643 3692 698 de

2047 748 2114 787 ea
2143 735 2488 797 statuerent,
2523 747 2593 787 ne
2628 731 2686 786 in
2719 747 2952 787 sacrum
2991 733 3120 802 ejus
3149 747 3360 804 corpus
3389 732 3695 788 admittere

2048 823 2368 893 quidquam
2392 821 2744 876 viderentur.
2776 819 3155 892 Sacrilegium
3183 837 3436 892 namque
3453 837 3694 894 prorsus

2049 927 2110 966 se
2159 911 2574 966 commissuros
2629 911 2930 981 putabant,
2980 909 3028 964 si
3077 910 3197 966 viro
3247 926 3372 966 eam
3423 910 3696 982 conjuge-

2051 1006 2198 1066 rent,
2228 1001 2332 1055 04
2361 1003 2536 1071 atque
2564 998 2622 1053 in
2665 997 3002 1054 servitutem
3047 998 3376 1070 conjugalis
3425 998 3568 1066 legis
3606 1013 3697 1054 re-

2049 1089 2334 1161 digerent,
2369 1105 2496 1160 quae
2529 1085 2706 1144 semel
2763 1087 2880 1144 Deo
2930 1089 3123 1143 dicata
3161 1091 3335 1144 esset.
3374 1087 3411 1142 E
3473 1087 3698 1144 diverso

2050 1185 2244 1234 autem
2270 1177 2521 1249 puellam
2554 1192 2620 1232 eo
2645 1176 3087 1244 aatatistlore,in
3139 1176 3455 1233 sacratiore
3488 1177 3700 1247 templo

2049 1267 2287 1333 versari,
2339 1283 2444 1324 nec
2501 1263 2855 1338 permissum
2895 1265 3022 1338 lege
3079 1267 3361 1336 putabant
3408 1281 3513 1321 nec
3568 1281 3698 1321 ren-

2051 1358 2194 1414 satis
2243 1357 2546 1413 honestam
2597 1358 2655 1410 et
2695 1353 2960 1410 decoram
3012 1371 3139 1410 esse
3193 1355 3486 1411 videbant.
3525 1355 3686 1426 Saepe

2056 1447 2250 1516 itaque
2279 1455 2332 1502 et
2362 1445 2615 1502 multum
2659 1463 2716 1503 re
2749 1445 3082 1512 deliberata,
3143 1445 3421 1501 divinitus
3470 1445 3555 1501 eis
3603 1460 3706 1516 per

293 1529 353 1586 ὲκ
384 1529 604 1586 πολλοῦ
629 1531 694 1586 τὸ
722 1529 1034 1601 ἀξιόπιστον
1065 1529 1331 1608 εἰληφώς.

2079 1535 2486 1607 aspirationem
2511 1538 2858 1604 ostenditur,
2893 1540 2958 1590 ut
2988 1551 3114 1591 eam
3136 1533 3310 1591 alicui
3367 1550 3436 1591 ex
3474 1533 3547 1589 iis
3596 1534 3694 1604 qui

293 1623 364 1678 ad
399 1621 682 1694 templum
722 1621 927 1679 sedulo
973 1625 1187 1682 essent.
1249 1638 1472 1692 sponsae
1525 1623 1758 1678 nomine
1806 1623 2252 1680 committerent.
2307 1629 2446 1682 Eum
2495 1642 2626 1682 vero
2679 1627 2857 1682 talem
2915 1641 3045 1681 esse
3092 1623 3318 1691 debere,
3381 1623 3475 1678 cui
3535 1627 3690 1678 recte

295 1713 644 1783 virginitatis
698 1712 963 1767 custodia
1019 1711 1488 1768 demandarctur.
1542 1712 1713 1768 Porro
1761 1731 1873 1768 non
1920 1713 2071 1770 alius
2112 1715 2237 1784 ipso
2264 1713 2517 1786 Josepho
2557 1716 2720 1772 visus
2767 1721 2862 1770 est
2899 1731 3024 1770 esse
3080 1714 3264 1785 magis
3313 1712 3577 1779 idoneus,
3631 1711 3702 1765 ad

295 1803 557 1858 solorum
589 1802 952 1874 sponsalium
989 1803 1460 1873 conjunctionem
1495 1803 1950 1858 contrahendam
1985 1821 1998 1857 :
2034 1804 2248 1876 quippe
2285 1803 2385 1876 qui
2435 1805 2870 1878 prOpinquitate
2899 1804 3130 1877 generis
3179 1819 3306 1858 eam
3338 1802 3704 1872 contingeret

295 1893 587 1964 (ejusdem
637 1893 792 1949 enim
844 1893 1036 1948 tribus
1084 1897 1292 1960 erant),

297 1983 781 2040 existimationem
812 1987 1160 2040 consecutus
1189 1990 1358 2040 esset.

937 2115 1200 2166 ΚΕΦΑᾹ.
1242 2111 1322 2168 Η’.

302 2216 608 2288 Περίτοῦ
641 2213 1286 2292 εὐαγγ-ελισμὲοὖ-τῆς
1319 2215 1688 2292 ὑλπερῄαλγίας
1715 2213 1949 2292 Θεοτό-

369 2283 490 2341 κου
517 2306 530 2319 °
565 2289 674 2363 καῖ
701 2283 856 2363 περὶ
896 2283 1242 2363 τῆξάγίας
1269 2283 1658 2363 Ἐλισάϐετ,
1685 2289 1944 2356 καὶτῆς

371 2358 744 2435 κυοᾼφορίας
777 2358 1008 2435 aer-aq:
1041 2358 1149 2435 κάξ
1181 2359 1484 2435 περὶτῆς
1510 2362 1816 2435 ταραχῆς
1842 2362 1948 2435 τού

377 2429 1066 2510 μνήστοροςίιωσήφ
1125 2429 1232 2486 διὰ
1273 2429 1408 2500 τήν
1466 2429 1765 2507 ὑπερφυᾶ
1832 2433 1948 2485 τοῦ

373 2503 604 2572 Ἰησοῦ
654 2501 1030 2577 σύλληψιν.

379 2607 483 2664 Καὶ
516 2607 584 2678 δὴ
635 2609 688 2664 ἐν
735 2610 977 2682 Ναζαρὲτ
1017 2608 1265 2669 σύνοικος
1303 2607 1570 2684 γενομένη
1613 2613 1695 2680 τῷ
1725 2609 1947 2683 Ἰωσὴφ,

309 2697 454 2770 παρᾶ
479 2702 577 2752 τοῦ
607 2697 964 2775 ἀρχαγγέλου
994 2696 1400 2773 εὐαγγελίζεται
1433 2693 1702 2772 Γαϐριὴλ,
1751 2701 1946 2770 Χαῖρε,

312 2783 594 2860 λέγοντος,
643 2787 1200 2860 κεχαριτωμένη,
1233 2787 1262 2840 6
1305 2785 1546 2856 Κύριος
1597 2785 1756 2857 μετὰ
1795 2788 1946 2838 σοῦ·

314 2873 402 2928 καὶ
449 2875 560 2946 ἅμα
607 2878 689 2946 τῷ
739 2874 914 2950 λόγῳ,
971 2869 1328 2947 ἀμεταὸατως
1377 2878 1612 2930 κάτεισιν
1647 2875 1676 2928 6
1706 2874 1950 2944 προαιώ-

319 2982 430 3024 νιος
457 2967 553 3017 τοῦ
586 2967 719 3018 Θεοῦ
754 2963 951 3039 Λόγος,
991 2962 1082 3017 καὶ
1119 2963 1218 3030 τὴν
1255 2963 1521 3036 ἡμετέραν
1569 2961 1725 3038 φύσιν
1775 2961 1955 3038 61.5.515-

313 3069 422 3111 τως
476 3051 565 3104 καὶ
633 3051 919 3128 ὑπερφυῶς
982 3046 1294 3116 ὑποδύεται,
1344 3050 1560 3121 κραθεὶς
1625 3050 1714 3104 καὶ
1775 3049 1955 3124 μιγεὶς

318 3137 656 3208 ἀνεννοήτως
714 3142 794 3210 τῷ
853 3136 1176 3212 ἂνθρωπίνῳ
1239 3137 1535 3214 φὺράματι.
1583 3137 1739 3194 Ἀλλ’
1787 3139 1815 3194 6
1859 3158 1952 3210 μεν

319 3225 560 3303 ἄγγελος
610 3227 705 3281 τὸν
762 3226 1046 3299 ἀσπασμὸν
1103 3224 1229 3289 δοὺς
1287 3225 1444 3299 αὐτῇ,
1522 3225 1905 3295 ἀπηλλάττετο
1940 3245 1952 3258 ⁸

321 3314 498 3384 ἐκείνη
560 3313 616 3370 δὲ
675 3312 884 3389 σπουδῇ
939 3320 1008 3389 τῇ
1069 3315 1250 3390 ὀρεινῇ
1305 3315 1599 3390 πρόσεισιν,
1660 3317 1800 3387 ὁμοῦ
1862 3317 1957 3388 μὲν

323 3404 530 3459 καὶτὸν
576 3406 694 3460 κατ’
749 3405 918 3472 αὐτὴν
964 3401 1054 3458 διὰ
1091 3409 1189 3460 τοῦ
1236 3403 1476 3481 ἆγγέλου
1529 3402 1830 3478 παράδοξον
1860 3425 1959 3458 το-

1378 1892 1620 1963 insuper
1677 1909 1806 1947 vero
1837 1893 1911 1963 (t)
1941 1899 1996 1948 et
2051 1893 2214 1950 senio
2271 1899 2328 1950 et
2383 1894 2680 1951 honestate
2725 1911 2955 1951 morum
2989 1891 3343 1965 jampridem
3373 1891 3538 1947 bonae
3571 1889 3707 1945 fidei

2671 2114 2910 2172 CAPUT
2945 2113 3088 2171 Vlll.

2058 2223 2140 2276 De
2211 2223 2643 2279 Annuntiatione
2673 2221 3044 2277 sanctissimae
3099 2221 3194 2276 Dei
3261 2219 3600 2285 Gcm'tricis;
3643 2218 3708 2276 de

2128 2301 2322 2348 sancta
2363 2295 2678 2360 Elisubclh,
2722 2295 2944 2364 ejusque
2982 2294 3130 2347 uteri
3170 2293 3504 2364 gestatione;
3555 2298 3606 2346 et
3643 2293 3708 2346 de

2128 2366 2540 2421 conturbatione
2568 2370 2754 2436 sponsi
2807 2364 3018 2432 Ioseph.
3065 2369 3290 2431 propter
3353 2363 3601 2418 divinam
3655 2367 3707 2419 ct

2127 2435 2610 2507 supernaturateni
2642 2438 2768 2494 Ictu
2805 2435 3231 2506 conceptionem.

2133 2617 2410 2688 Itaquein
2446 2617 2721 2672 Nazareth
2763 2634 2894 2672 cum
2937 2615 3189 2687 Josepho
3213 2616 3570 2672 domicilium
3605 2617 3707 2672 illa

2061 2704 2302 2774 habens,
2334 2707 2403 2760 ub
2435 2706 2782 2776 archangelo
2813 2705 3076 2761 Gabriele
3097 2705 3292 2758 laetum
3327 2705 3538 2774 accipit
3560 2721 3707 2760 nun-

2061 2794 2206 2848 tium
2243 2812 2256 2850 :
2293 2797 2416 2862 Ave,
2477 2796 2726 2864 dicente,
2779 2799 2963 2866 gratio
2996 2795 3180 2868 plena,
3215 2796 3475 2850 Dominus
3507 2799 3704 2862 locum,

2061 2890 2117 2938 et
2149 2885 2321 2938 simul
2358 2902 2492 2940 cum
2525 2902 2593 2940 ea
2623 2887 2749 2958 ipsa
2781 2903 2918 2942 voce
2948 2885 3388 2943 intransibiliter
3420 2889 3703 2940 mternum

2060 2981 2113 3027 et
2163 2975 2568 3030 untesaaculare
2607 2975 2858 3031 Verbum
2907 2977 3006 3033 Dei
3059 2975 3378 3042 descendit,
3419 2978 3476 3029 et
3505 2973 3706 3030 condi-

2063 3063 2281 3117 tionem
2342 3070 2729 3136 naturamqne
2771 3071 3051 3132 nostram,
3117 3062 3494 3119 inenarrabili
3549 3068 3710 3117 natu-

2065 3169 2308 3224 ramque
2337 3161 2652 3226 superante
2679 3157 2852 3212 modo
2883 3158 3062 3221 subit,
3093 3171 3268 3225 supra
3299 3154 3513 3209 mentis
3545 3151 3710 3207 intel-

2067 3241 2432 3314 ligentizeque
2490 3255 2696 3299 nostra:
2754 3249 3012 3316 captum,
3075 3260 3282 3298 massa:
3321 3247 3379 3297 et
3425 3241 3708 3296 fermento

2069 3330 2328 3387 humano
2379 3334 2619 3388 mistum
2660 3341 2832 3405 atque
2884 3340 3290 3406 temperatum.
3356 3333 3425 3387 Et
3471 3333 3716 3401 angeius

2072 3421 2309 3491 quidem
2387 3422 2729 3479 salutatione
2792 3423 3076 3495 legatione
3119 3439 3226 3492 que
3259 3422 3516 3486 functus,
3548 3420 3620 3474 ab
3653 3436 3718 3472 ea

327 3495 478 3548 κετὸν
535 3490 864 3568 διαγνοῦσα’
913 3495 1025 3567 ἅμα
1075 3491 1131 3548 δὲ
1177 3494 1268 3548 καὶ
1321 3495 1507 3566 μαθεῖν
1549 3491 1854 3548 σπεύδουσα
1899 3491 1961 3548 τὰ

2079 3510 2361 3565 discessit.
2393 3511 2522 3582 Ipsa
2553 3529 2684 3567 vero
2717 3514 3126 3567 festinahunda
3167 3511 3236 3566 ab
3285 3526 3445 3565 oram
3491 3512 3716 3563 monta-

329 3583 446 3636 κατ’
485 3581 655 3651 αὒτὴν
711 3583 924 3658 γεγονὸς
971 3583 1349 3658 προσήκουσαν
1395 3603 1452 3638 τε
1494 3586 1574 3654 τῷ
1620 3582 1758 3656 γένει
1807 3583 1965 3636 οὖσαν

329 3673 430 3740 τήν
489 3667 772 3727 ἰςλισάὸετ
830 3670 1190 3740 ἀσπάσασθαι,
1233 3667 1334 3741 ἔξω
1403 3671 1607 3746 χρόνου
1656 3673 1743 3725 καὶ
1801 3673 1970 3739 αὐτὴν

330 3762 422 3816 τὸν
475 3761 730 3828 Ἰωάννην
789 3761 868 3822 εἷς
931 3757 1087 3816 ἕκτον
1145 3768 1290 3834 μῆνα
1363 3760 1472 3829 ἤδη
1551 3765 1966 3836 κυοφτιροῦσαν·

333 3847 522 3912 ἄλλως
551 3869 610 3904 τε
642 3847 696 3903 δὲ
725 3849 816 3903 καὶ
864 3853 944 3920 τῷ
989 3847 1188 3920 πολλῷ
1234 3848 1422 3924 χρόνῳ
1463 3848 1688 3920 οἰομένη
1733 3848 1878 3922 ἔχειν
1919 3869 1971 3903 τι

334 3940 646 4011 καινότερον
705 3939 909 4008 ἐκείνην
966 3939 1056 3994 ἐπὶ
1111 3943 1190 4008 τῷ
1267 3942 1437 4010 καινῷ
1483 3945 1584 4007 τῆς
1643 3937 1971 4012 συλλήψεως

335 4027 707 4104 ἀπαγγέλλειν
751 4027 1002 4102 Πρόσεισι
1059 4031 1350 4104 τοιγαροῦν
1407 4029 1498 4082 καὶ
1552 4028 1867 4098 ἀσπάζεται.
1916 4030 1974 4083 '0

340 4115 398 4172 δὲ
424 4122 552 4179 παῖς
585 4115 722 4191 αὐτῇ
750 4114 904 4170 ἕκτον
935 4113 1044 4185 ἤδη
1093 4123 1238 4188 μῆνα
1284 4115 1515 4190 πληρῶν
1554 4113 1660 4184 ἡδύ
1687 4137 1741 4171 τι
1789 4115 1976 4190 ἐσκίρ-

335 4230 403 4264 τα
431 4228 446 4242 ·
475 4209 568 4263 καὶ
605 4209 633 4262 6
674 4206 994 4284 ἐγγάστριος
1033 4204 1232 4270 δοῦλος
1273 4211 1354 4278 τῷ
1387 4207 1438 4261 ἐν
1491 4206 1684 4282 γαστρῖ
1731 4209 1974 4282 Δεσπότης,

336 4301 439 4367 τήν
491 4295 862 4372 προσκύνησιν
905 4295 1174 4373 ἀφωσίου,
1221 4295 1310 4350 καὶ
1359 4296 1420 4350 τὸ
1470 4296 1645 4368 στόμα
1690 4299 1756 4368 τῇ
1809 4297 1976 4371 μητρῖ

343 4385 739 4458 δανειζόμενος,
821 4386 1105 4462 ὑπερφυῶς
1185 4387 1548 4462 προεφήτευς,
1632 4385 1838 4456 μητέρα
1920 4406 1980 4441 τε

339 4481 438 4531 τοῦ
472 4473 676 4537 Κυρίου
719 4475 920 4544 ταύτην
967 4471 1178 4542 καλῶν,
1233 4473 1323 4528 καὶ
1380 4472 1432 4527 ἐν
1479 4474 1715 4548 γυναιξὶν
1775 4473 1978 4549 εύλογη

348 4565 538 4639 μένην,
597 4565 687 4619 καὶ
734 4565 938 4638 καρπὸν
985 4563 1198 4627 κοιλίας
1241 4564 1305 4618 τὸ
1353 4561 1406 4617 ὲν
1455 4564 1626 4638 ταύτῃ
1675 4566 1981 4642 κυοφορού-

351 4674 535 4727 μενον,
591 4650 758 4726 μηδὲν
811 4649 1026 4724 δηλαδή
1079 4647 1548 4725 συμϐαλλομένης
1595 4659 1697 4722 τῆς
1747 4652 1986 4728 ἂνδρῴας

345 4749 534 4819 γονῆς.
593 4743 870 4797 Ἐντεῦθεν
923 4741 1144 4813 κάκείνη
1201 4745 1318 4803 τοῖς
1374 4741 1510 4796 κατᾶ
1575 4743 1778 4796 σκοπὸν
1833 4743 1986 4798 ἐντυ-

2078 3615 2210 3654 nam
2242 3601 2552 3668 concessit,
2583 3602 2757 3657 simul
2785 3607 2842 3657 et
2873 3609 3103 3672 parturn
3141 3605 3342 3670 prater
3381 3597 3712 3670 opinionem

2077 3687 2186 3743 sibi
2221 3689 2293 3742 ah
2325 3687 2526 3758 angelo
2558 3691 2962 3745 denuntiatum
2981 3689 3381 3752 considerans,
3409 3692 3464 3742 et
3487 3686 3544 3741 id
3567 3687 3718 3757 quod

2080 3778 2148 3846 de
2192 3793 2254 3831 se
2286 3777 2602 3831 accidesset
2659 3794 3005 3847 cognoscere
3045 3775 3364 3830 festinans:
3431 3777 3724 3844 praeterea,

2083 3872 2145 3922 ut
2179 3873 2481 3936 cognatam
2517 3885 2684 3922 suam
2737 3867 3028 3922 Elisabctb
3054 3868 3335 3921 salutaret
3375 3868 3434 3919 et
3463 3863 3728 3934 alloque-

2084 3957 2259 4008 retur,
2294 3965 2420 4018 quae
2453 3955 2510 4002 et
2541 3949 2686 4020 ipsa,
2733 3955 2938 4019 prieter
2967 3953 3216 4014 (etatem,
3253 3948 3312 4001 in
3343 3949 3729 4016 sextumjam-

2087 4053 2361 4100 mensem,
2395 4037 2678 4092 Joannem
2710 4037 2768 4092 in
2805 4042 2966 4092 utero
2996 4035 3232 4108 gravida
3255 4037 3536 4106 gestabat.
3561 4036 3728 4088 Puta-

2089 4128 2186 4182 bat
2217 4127 2466 4197 denique
2498 4125 2680 4192 illam,
2713 4128 2866 4198 quod
2906 4125 3274 4196 provectioris
3318 4129 3475 4179 esset
3519 4123 3729 4191 aetatis,

2089 4215 2223 4270 novi
2255 4215 2569 4284 quidquam
2622 4215 2733 4268 sibi
2785 4215 3068 4269 dicturam
3129 4211 3734 4284 annuntiaturamque

2089 4320 2217 4360 esse
2251 4305 2319 4357 de
2363 4320 2507 4356 nova
2550 4303 2718 4358 fretus
2777 4304 2868 4357 sui
2901 4303 3298 4375 conceptione.
3346 4303 3483 4356 Adit
3540 4301 3736 4370 itaque

2091 4411 2218 4449 eam
2261 4399 2318 4448 et
2359 4393 2591 4448 salutat.
2629 4393 2828 4449 Infans
2871 4399 3062 4448 autem
3125 4393 3278 4447 illius
3343 4398 3570 4448 sextum
3612 4392 3730 4459 jam

2089 4481 2343 4553 implens
2393 4499 2674 4548 mensem,
2745 4483 2995 4537 suaviter
3051 4481 3286 4536 subsilit
3340 4484 3397 4536 et
3448 4479 3734 4534 exsultat:

2098 4568 2216 4626 65
2269 4569 2635 4640 famulusque
2669 4571 2723 4624 in
2762 4575 2923 4625 utero
2955 4569 3268 4625 conclusus
3319 4569 3589 4636 Domina,
3638 4567 3734 4638 qui

2097 4664 2154 4713 et
2184 4659 2304 4728 ipse
2335 4658 2394 4712 in
2430 4668 2588 4713 utero
2639 4660 2998 4728 gestabatur,
3058 4658 3318 4712 debitum
3381 4657 3740 4712 adorationis

2099 4748 2374 4802 honorem
2427 4749 2690 4803 sanctius
2750 4749 2947 4803 dicat:
3014 4753 3070 4802 et
3126 4763 3224 4801 ore
3271 4753 3530 4802 materno
3569 4746 3738 4817 quasi

347 4837 549 4906 χοῦσα,
600 4829 729 4902 θείῳ
782 4851 842 4885 τε
888 4832 1334 4904 καθυπηρετοῦσα
1381 4829 1652 4902 Πνεύματι
1690 4829 1860 4906 τύφου
1909 4831 1964 4884 ὡε

2097 4842 2302 4891 mutuo
2331 4845 2582 4906 sumpto,
2615 4852 2791 4906 supra
2824 4842 3040 4890 natura:
3079 4840 3315 4907 captum
3374 4833 3740 4902 vaticinatur,

349 4921 692 4996 πορρωτάτω
729 4923 908 4989 κενοῦ,
951 4921 1144 4990 ἑαυτήν
1183 4941 1242 4974 τε
1288 4919 1594 4994 μακαρίζει,
1624 4921 1712 4974 καὶ
1751 4921 1814 4974 τὸ
1863 4919 1991 4975 ἐσό-

355 5030 512 5084 μενον
569 5005 943 5081 ἀριὸηλότατα
1001 5006 1333 5085 διαγγέλλει.
1383 5009 1534 5066 Ἐπεὶ
1587 5005 1634 5062 δ’
1685 5004 1872 5079 ἔθιμον
1921 5011 1986 5079 ἦν

453 5145 530 5216 (t)
564 5144 738 5199 Homo
763 5143 981 5216 justus,
1015 5147 1073 5216 et
1120 5141 1190 5216 ad
1232 5139 1998 5216 testimoniumconjugalis

355 5212 583 5288 semper
616 5229 902 5288 mansurae
931 5213 1281 5288 virginitatis
1305 5213 1545 5288 electus.
1582 5233 1610 5261 »
1641 5212 2000 5288 (Augustin.)

355 5311 384 5340 α
410 5283 536 5344 Non
575 5285 854 5354 conjugii,
900 5286 998 5340 sed
1031 5285 1306 5356 custodite
1341 5284 1547 5356 gratia,
1591 5286 1661 5356 ad
1702 5283 2001 5356 testimon-

357 5363 520 5416 nium
557 5363 639 5413 rei
674 5353 900 5424 futurae,
925 5371 1038 5412 non
1083 5353 1876 5425 nothamfsiveillegitimam
1924 5353 2003 5408 vi—

357 5433 566 5486 delicet
652 5429 930 5484 accidisse
1013 5426 1222 5480 Christi
1280 5427 1340 5480 in
1418 5441 1592 5481 carne
1647 5425 2003 5496 provinciam

357 5500 714 5567 obeundum,
755 5501 852 5554 sed
887 5496 1147 5552 veritatis
1181 5495 1550 5552 attestatione
1587 5495 1714 5552 sine
1761 5496 1869 5550 viri
1913 5513 2006 5551 se-

357 5575 512 5629 mine
543 5573 604 5627 in
641 5568 863 5642 Spiritu
895 5573 1105 5642 sancto,
1130 5573 1299 5642 certo
1329 5567 1724 5642 dispensatam
1753 5567 1950 5623 fuisse.
1976 5588 2004 5616 »

357 5639 701 5718 (Epiphanf
722 5641 925 5698 Contra
977 5639 1562 5696 Antidicomarianita:
1591 5660 1620 5690 «
1653 5642 1766 5695 Hoc
1808 5643 2002 5695 autem

2099 4933 2342 4980 matrem
2379 4941 2503 4979 eam
2539 4925 2767 4979 Domini
2805 4940 3044 4990 vocans,
3078 4924 3376 4995 simulque
3417 4923 3565 4979 inter
3605 4940 3742 4979 mu-

2097 5014 2266 5070 lieres
2317 5013 2723 5069 benedictam:
2775 5029 2878 5068 nec
2937 5013 3130 5068 minus
3165 5013 3416 5083 ,ventris
3463 5013 3742 5080 fructum,

2102 5137 2363 5208 exemplo
2412 5137 2718 5210 magnifice
2741 5137 3005 5191 ﬁdelibus
3030 5136 3356 5210 insinuatur
3379 5136 3745 5208 conjugibus,

2103 5211 2272 5266 etiam
2313 5209 2536 5265 servata
2584 5211 2707 5279 pari
2767 5223 3086 5264 consensus
3143 5209 3518 5273 continentia,
3581 5226 3749 5278 posse

2107 5297 2449 5353 permanere
2526 5282 2833 5353 vocarique
2894 5279 3252 5353 coojugium,
3305 5296 3418 5353 non
3471 5280 3750 5353 pennisto

2107 5350 2365 5422 corporis
2434 5368 2594 5420 sexu,
2663 5352 2763 5405 sed
2815 5351 3128 5422 custoditio
3187 5352 3396 5404 mentis
3428 5350 3674 5422 Aatl‘ectu.
3721 5373 3748 5398 ››

2109 5420 2374 5494 (August.
2411 5425 2482 5478 De
2508 5438 2786 5478 consensu.
2819 5437 3010 5494 euang.
3053 5421 3156 5474 lib.
3189 5437 3381 5494 urap.
3416 5420 3494 5494 ᾧ.)
3528 5443 3555 5470 ››
3598 5422 3752 5494 Jose-

2113 5491 2264 5566 phus
2295 5509 2467 5548 senex
2494 5495 2808 5548 admodum
2844 5493 2970 5566 fuit.
3025 5491 3366 5566 octuagicta
3385 5491 3526 5566 plus
3562 5493 3752 5566 minus

2113 5561 2286 5620 natus
2316 5580 2523 5629 annos,
2555 5573 2606 5619 et
2631 5581 2725 5620 sex
2749 5579 2816 5618 ex
2847 5564 3034 5634 priore
3061 5565 3306 5632 conjuge
3353 5561 3552 5617 habuit
3611 5563 3750 5618 libe-

2114 5653 2228 5693 ros.
2265 5656 2292 5684 ››
2326 5634 2658 5708 (Epiphan.)
