4096 6284
391 299 508 360 655
1689 297 2105 360 NICEPHORI
2150 294 2507 357 CALLlSTI
3672 295 3791 357 656

394 433 497 505 qui
566 431 636 488 ab
709 448 777 488 ea
843 430 1200 503 gestabatur,
1259 430 1331 485 ad
1389 446 1563 501 quem
1625 430 1839 487 scilicet
1887 429 2024 487 nihil

2147 427 2241 490 τὰς
2273 422 2566 500 παρθένους
2600 424 2932 498 ὑποχωρεῖν,
2982 428 3084 492 τῆς
3114 419 3161 477 δ’
3210 421 3260 478 ἒν
3305 424 3500 500 γαστρὶ
3551 424 3791 500 ἐχούσης

392 522 576 579 virilis
612 520 852 577 seminis
902 525 1054 576 esset
1101 518 1399 587 collatum,
1449 519 1840 577 benedictum.
1899 521 2038 576 inde

392 628 561 682 porro
592 619 647 666 et
675 610 817 683 ipSa,
855 609 911 665 id
951 610 1105 680 quod
1152 616 1531 680 proposuerat
1579 610 2038 681 quaesiveratque

393 708 727 767 consecuta,
755 698 948 755 divino
978 698 1345 755 subserviens
1378 698 1824 770 Spiritui,inani
1853 698 2039 771 gloria

396 793 454 845 et
483 788 810 860 arrogantia
861 804 1040 859 quam
1089 786 1429 859 longissime
1509 794 1751 859 semota,
1804 804 1941 843 cum
1975 805 2038 844 se

386 878 575 949 ipsam
611 880 836 934 beatam
873 878 1161 947 praedicat,
1197 882 1320 932 tum
1370 878 1426 932 id
1461 877 1618 949 quod
1663 878 1926 933 futurum
1956 894 2035 933 es-

390 972 498 1038 set,
533 968 899 1037 apertissime
932 967 1296 1039 praenuntiat.
1347 967 1491 1022 Cum
1535 972 1725 1022 autem
1768 967 1828 1023 in
1862 968 2039 1022 mori-

391 1056 503 1111 bus
531 1062 701 1123 csset,
737 1060 799 1110 ut
829 1057 1101 1127 virgines,
1135 1072 1269 1111 cum
1305 1062 1502 1128 partus
1523 1056 1774 1124 gravidas
1806 1054 2035 1110 mulieri

390 1146 586 1215 etjam
619 1145 963 1215 parturienti
997 1144 1350 1210 immineret,
1385 1145 1720 1200 secederent
1752 1161 1764 1199 :
1800 1143 2033 1199 tertium

388 1250 521 1290 cum
553 1251 620 1289 ea
652 1239 875 1290 versata
903 1249 1188 1302 mensem,
1239 1235 1391 1306 quod
1436 1235 1560 1305 jam
1624 1251 1692 1290 ex
1750 1236 2039 1290 immensa

388 1321 490 1378 illa
520 1323 1008 1379 consternationis
1053 1332 1222 1392 atque
1273 1323 1679 1378 admirationis
1728 1322 2033 1378 addubita-

383 1414 541 1468 tione
574 1412 755 1483 magis
785 1412 1087 1483 magisque
1118 1411 1337 1483 aliquid
1392 1413 1731 1478 remitteret,
1782 1413 2023 1467 domum

385 1518 553 1558 suam
587 1502 906 1559 revertitur.
940 1501 1175 1556 Interim
1211 1503 1259 1556 ci
1315 1507 1515 1557 venter
1571 1506 1918 1569 tumescere,
1979 1509 2036 1557 et

385 1590 593 1661 Joseph
626 1591 694 1644 de
724 1606 814 1650 ea,
846 1591 996 1659 quod
1033 1591 1228 1645 minus
1259 1590 1507 1656 deceret,
1542 1589 1792 1659 agerein
1841 1589 2036 1644 animo

390 1681 657 1745 habebat,
685 1681 1021 1750 mysterium
1053 1684 1327 1746 ignorans
1351 1698 1362 1730 :
1385 1680 1523 1749 quin
1544 1681 1718 1732 etiam
1744 1680 2036 1733 occultam

389 1772 460 1826 ab
477 1785 544 1824 ea
576 1769 988 1823 discessionem
1024 1769 1281 1822 meditari
1309 1769 1465 1839 quod
1489 1769 1575 1823 vir
1615 1770 1817 1838 justus
1857 1774 2031 1823 esset.

391 1864 450 1915 et
482 1873 604 1913 rem
638 1861 825 1912 actam
856 1856 1161 1912 eliminare
1192 1861 1367 1927 atque
1397 1857 1629 1928 vulgare
1683 1856 1879 1912 nollet.
1922 1857 2034 1912 Sed

385 1947 693 2004 confestim
722 1946 858 2000 talia
886 1946 1184 2017 cogitanti,
1216 1963 1342 2000 cum
1371 1946 1495 2001 laeto
1520 1946 1725 2002 nuntio
1749 1947 2032 2002 assistens

385 2035 647 2106 angelus,
682 2035 1104 2090 dubitationem
1138 2050 1266 2090 eam
1300 2036 1421 2090 srni
1469 2034 1660 2091 solvit.
1721 2035 2032 2107 Oportebat

383 2124 539 2179 enim
573 2125 895 2180 clarissimo
923 2125 1121 2195 gratias
1174 2123 1534 2196 receptaculo
1593 2130 1648 2181 et
1706 2124 1823 2179 vasi
1884 2123 2029 2179 nihil

381 2215 874 2286 reprehensionis,
934 2215 1297 2286 indignitatis
1357 2220 1411 2270 et
1472 2215 1697 2286 injuriae
1765 2213 2011 2268 inferri:

377 2308 530 2375 quod
566 2305 837 2359 nimirum
873 2306 957 2360 vel
996 2304 1181 2377 ipsius
1205 2305 1345 2360 solis
1381 2306 1555 2359 radiis
1573 2303 2022 2375 sitsplendidius

379 2402 431 2449 et
464 2393 772 2449 illustrius.
807 2398 975 2448 Porro
1006 2400 1062 2449 ct
1090 2393 1274 2448 tilium
1330 2394 1506 2448 David
1555 2394 1720 2448 illum
1781 2394 2028 2465 angelus

378 2487 563 2545 vocat,
614 2499 714 2553 per
761 2481 1212 2538 insinuationem
1248 2484 1573 2547 declarans,
1608 2483 1759 2538 unde
1790 2487 2026 2553 exopta-

380 2575 476 2626 tus
511 2575 996 2642 exspectatusquc
1054 2571 1148 2627 ille
1209 2573 1543 2642 proditurus
1587 2577 1762 2627 esset.
1830 2573 2021 2642 Ipsam

2141 515 2341 571 τίκτειν
2399 511 2507 583 ἤόη
2559 510 2938 588 ἐπειγομένης,
2972 510 3155 586 τρίτον
3206 519 3349 586 μῆνα
3395 513 3565 588 ταύτῃ
3602 512 3791 590 διαγα-

2142 602 2330 677 γοῦσα,
2387 604 2476 658 καὶ
2533 607 2611 675 τῷ
2661 609 2761 670 τῆς
2823 600 3134 673 ἐκπλήξεως
3194 600 3384 677 ἂπόρῳ
3446 603 3607 658 λύσιν
3666 605 3790 658 τινα

2147 694 2277 756 ἴσως
2319 688 2583 763 λαϐοῦσα,
2624 691 2699 754 εἷς
2728 692 2821 747 τὸν
2867 689 3014 746 οἷ’κον
3062 690 3265 762 ταύτης
3315 691 3647 771 ἀνέστρεφεν.
3701 698 3792 755 Ὡς

2147 781 2203 838 δὲ
2257 783 2346 838 καί
2400 783 2537 856 αὐτῇ
2586 782 2666 845 εἷς
2712 785 2878 859 ἅγκον
2924 784 2958 851 ἡ
2990 783 3198 857 γαστὴρ
3247 780 3475 856 ἐπῆρτο,
3543 784 3646 839 οὐκ
3698 783 3785 838 εύο

2145 876 2328 946 πρεπῆ
2378 872 2636 927 διενοεῖτο
2685 873 2937 946 πράττειν
2971 871 2999 925 6
3032 872 3255 950 Ἰωσὴφ,
3302 871 3521 949 ἀγνοῶν
3566 873 3631 927 τὸ
3683 895 3787 946 μυ-

2147 964 2367 1037 στήριον
2412 982 2425 994 ’
2490 960 2683 1034 ἀμέλει
2739 982 2824 1016 τοι
2878 960 2966 1016 καὶ
3027 961 3283 1032 λαθραίαν
3339 961 3439 1028 τὴν
3518 958 3787 1016 ἀπόλυσιν

2145 1052 2283 1126 αὐτῇ
2344 1051 2638 1126 ᾠκονόμει,
2699 1047 2929 1121 δίκαιος,
2987 1050 3171 1129 φησὶν,
3231 1047 3328 1120 ὣν,
3386 1050 3479 1105 καὶ
3528 1048 3790 1125 οὐδαμῶς

2146 1142 2522 1214 ἐκπομπεῦσαι
2592 1139 2793 1195 ἐθέλων
2850 1139 2913 1195 τὸ
2967 1138 3209 1216 γεγονός.
3278 1137 3434 1196 Ἀλλ’
3495 1140 3655 1203 εὐθὺς
3711 1145 3791 1213 τῷ

2147 1230 2475 1304 διανοήματι
2520 1229 2739 1292 ἐπιστὰς
2771 1230 2799 1283 6
2830 1227 3318 1304 εὖαγγελισάμενος
3363 1227 3616 1304 ἄγγελος,
3667 1228 3788 1284 λύει

2143 1321 2204 1375 τὸ
2234 1321 2439 1394 ἄπορον
2477 1319 2555 1391 τῷ
2606 1312 2877 1393 πρεσϐύτῃ
2905 1337 2919 1351 ·
2966 1317 3138 1392 ἐχρῆν
3165 1317 3254 1371 καὶ
3299 1317 3399 1392 γὰρ
3446 1321 3525 1389 τῷ
3580 1316 3788 1397 διαφα-

2141 1414 2223 1464 νεῖ
2252 1405 2458 1483 δοχείῳ
2487 1414 2587 1476 τῆς
2618 1406 2852 1481 χάριτος
2888 1402 3057 1479 μηδὲν
3100 1426 3151 1460 τι
3194 1408 3393 1478 μώμου
3436 1405 3530 1462 καὶ
3578 1401 3791 1481 ὕϐρεως

2144 1493 2560 1571 προστριϐἦναι,
2638 1496 2728 1551 καὶ
2803 1501 2913 1550 τῶν
2984 1498 3079 1549 τοῦ
3144 1496 3309 1564 ἡλίου
3374 1494 3603 1551 ἀκτίνων
3670 1492 3789 1550 ὄντι

2144 1586 2523 1661 διαυγεστέρῳ.
2585 1584 2811 1658 Ἀμέλει
2874 1605 2961 1639 τοι
3019 1583 3108 1639 καὶ
3165 1584 3279 1638 υἱὸν
3358 1582 3523 1639 Δαυΐδ
3581 1584 3787 1640 ἐκεῖνον

2141 1678 2319 1745 κάλεῖ,
2379 1675 2775 1748 αἰνιττόμενος,
2834 1674 2953 1728 ὅθεν
3040 1671 3315 1747 πριελθεῖν
3370 1674 3399 1728 6
3456 1671 3789 1747 προσδοκώ-

2068 1807 2112 1871 Β
2149 1786 2309 1838 μενος
2348 1761 2408 1837 ἔς)
2423 1764 2552 1819 ελλε
2576 1784 2587 1796 ·
2624 1766 2712 1818 καί
2761 1762 2911 1824 αὖθις
2943 1768 3172 1836 γυναῖκα
3219 1761 3384 1831 αὐτὴν
3440 1761 3618 1818 εῗτουν
3650 1784 3789 1835 μνη-

2222 1856 2235 1871 ι
2350 1856 2362 1871 ν
2419 1855 2431 1870 ε
2534 1853 2546 1871 θ
2686 1853 2735 1871 lu
2880 1858 2929 1871 ιι
2954 1853 2967 1871 Ι
3053 1852 3065 1871 Ι
3180 1870 3183 1871 ,
3269 1850 3290 1871 Ἰ
3313 1852 3325 1870 Ι
3520 1850 3541 1871 Ἰ
3735 1853 3748 1868 \

2146 1856 2275 1923 στὴν
2306 1855 2473 1922 αὐτὴν
2524 1853 2784 1924 ὀνομάζει
2812 1871 2825 1885 °
2878 1853 2967 1922 Μή
3010 1852 3096 1915 τίς
3139 1870 3216 1919 σε,
3269 1850 3468 1926 λέγων,
3520 1850 3788 1925 λογισμὸς

2141 1943 2469 2018 ταραττέτω,
2528 1941 2786 2004 δεδοικὼς
2840 1944 2914 2015 μή
2964 1941 3347 2016 προσκρούσης
3398 1946 3533 2013 Θεῷ,
3589 1962 3788 2017 μοιχασ

2144 2031 2271 2088 λίδα
2322 2031 2480 2102 δῆθεν
2524 2033 2770 2086 σύνοικον
2817 2029 2979 2106 ἔχων.
3026 2034 3289 2085 Τοσοῦτον
3320 2030 3425 2105 γὰρ
3470 2034 3567 2083 τοῦ
3614 2029 3783 2106 ἄγους

2144 2120 2518 2192 ἀπήλλακται,
2564 2120 2703 2175 ὥστε
2744 2120 2831 2175 καὶ
2881 2120 3138 2193 κρείττων
3183 2119 3394 2197 φύσεως
3424 2120 3460 2187 ἡ
3492 2119 3782 2195 κυοφορία.

2141 2211 2231 2278 Μὴ
2280 2209 2454 2264 τοίνυν
2497 2206 2671 2287 φοϐοῦ
2721 2208 2872 2268 αὖθις
2922 2203 3256 2282 παραλαϐεῖν
3306 2207 3498 2279 αὐτὴν,
3550 2207 3676 2263 ὅσον
3722 2210 3785 2264 τὸ

2139 2302 2275 2355 κατᾶ
2321 2301 2379 2355 σὲ
2421 2297 2834 2371 ἀπολελυμένην
2884 2296 2974 2351 καὶ
3035 2296 3230 2370 θύραζε
3296 2294 3455 2350 οὖσαν
3491 2315 3504 2328 ·
3565 2301 3788 2372 σκιρτᾷν

2140 2387 2197 2443 δὲ
2275 2386 2486 2460 μᾶλλον
2550 2406 2850 2461 προσηκον,
2908 2385 2997 2439 καὶ
3059 2386 3363 2461 ὑπερφυοῦς
3417 2391 3517 2453 τῆς
3573 2382 3785 2455 ἡδονῆς

2135 2477 2602 2549 ἀναπίμπλασθαι.
2663 2477 2742 2529 Τὸ
2799 2476 2922 2549 γὰρ
2980 2472 3041 2527 ἐν
3100 2472 3264 2546 αὐτῇ
3340 2474 3656 2547 γεννηθὲν
3718 2475 3785 2530 ἐκ

2138 2566 2525 2639 Πνεύματός
2576 2563 2750 2619 ἐστιν
2811 2563 3036 2640 ἁγίου,
3083 2561 3313 2641 φησίν.

387 2676 607 2732 "uoque
660 2679 904 2717 uxorum
965 2664 1085 2717 sive
1143 2679 1419 2734 sponsam
1483 2663 1765 2731 nominat,
1815 2661 1979 2733 quasi
2002 2661 2266 2717 diceret:
2326 2658 2493 2724 Cave,
2554 2665 2606 2713 te
2662 2656 2936 2729 cogitatio
2968 2654 3388 2711 deliberatione
3454 2653 3575 2709 ulla
3648 2671 3778 2710 con-

376 2750 587 2817 turbet,
620 2753 684 2804 ut
734 2765 978 2818 vereare,
1042 2767 1111 2804 ne
1174 2753 1351 2805 Deum
1410 2750 1691 2819 oti'endas,
1742 2756 2019 2823 tanquam
2087 2749 2409 2805 adulteram
2470 2763 2704 2802 uxorem
2776 2746 2931 2801 domi
3006 2745 3434 2801 cohabitantem
3526 2744 3769 2802 habens.

374 2831 617 2894 Tantum
651 2837 802 2894 enim
841 2855 872 2893 a
906 2837 1129 2910 piaculo
1156 2843 1211 2892 et
1243 2838 1469 2895 macula
1498 2840 1657 2894 omni
1685 2840 1869 2910 abest,
1902 2845 1966 2896 ut
1994 2840 2162 2896 etiam
2227 2838 2394 2907 longe
2447 2854 2627 2908 supra
2682 2844 2941 2891 naturam
2976 2837 3054 2890 sit
3084 2836 3197 2891 ista
3254 2836 3308 2890 in
3392 2840 3557 2891 utero
3603 2836 3777 2892 fcetus

376 2927 640 2998 gestatio.
697 2927 778 2981 Ne
832 2927 1010 2998 igitur
1070 2931 1172 2982 aut
1217 2928 1424 2983 timeas
1480 2929 1665 3000 ipsam
1725 2944 1924 2983 rursus
1990 2929 2262 2998 recipere,
2322 2942 2495 2996 quam
2559 2930 2618 2979 tu
2651 2927 2956 2996 (quantum
3020 2924 3078 2979 in
3160 2929 3215 2978 te
3286 2925 3396 2995 est)
3455 2926 3773 2995 repudiasti

375 3023 433 3071 et
462 3016 784 3071 extrusisti.
843 3016 993 3079 Quin
1047 3017 1259 3087 gaudio
1317 3018 1547 3073 exsilire
1576 3021 1630 3072 te
1676 3017 1865 3089 magis
1908 3018 2090 3083 decet,
2147 3022 2203 3071 et
2258 3017 2519 3069 animum
2582 3014 2779 3069 laetitia
2833 3018 2890 3067 et
2943 3012 3259 3084 voluptate,
3320 3029 3447 3084 qua:
3505 3018 3768 3070 naturam

372 3103 617 3172 excellit,
649 3104 987 3175 adimplere.
1023 3104 1173 3173 Quod
1203 3108 1366 3173 enim,
1401 3104 1607 3177 inquit,
1636 3107 1696 3160 in
1736 3120 1801 3162 ea
1843 3105 2051 3162 editum
2078 3109 2178 3171 est,
2218 3120 2286 3159 ex
2315 3102 2527 3174 Spiritu
2556 3108 2742 3158 sancto
2768 3109 2844 3157 est
2878 3100 2943 3158 ³⁸.

1016 3212 1247 3270 CAPUT
1280 3212 1369 3268 IX.

378 3303 449 3358 De
485 3316 683 3372 genere
712 3303 1003 3374 Antipatri
1036 3311 1087 3357 et
1124 3302 1377 3369 Herodis,
1435 3308 1488 3357 et
1543 3302 1612 3357 de
1667 3303 1919 3374 Hyrcano
1967 3311 2017 3356 et

444 3374 762 3428 Aristobulo
817 3372 1200 3442 pontiﬁcibus;
1231 3378 1282 3428 et
1329 3380 1452 3427 uta
1518 3372 1728 3429 Caesare
1783 3377 2019 3444 Augmto

447 3448 681 3500 Horodes
734 3446 1050 3501 Iudaeorum
1107 3461 1207 3499 rex
1266 3454 1488 3500 creatus
1541 3452 1830 3516 propterea
1878 3445 2019 3517 quod

446 3520 665 3572 advena
722 3524 882 3583 esset,
935 3519 1109 3570 tribus
1163 3516 1485 3572 Iudaeorum
1542 3520 1611 3571 ab
1664 3519 1835 3572 Esrtra
1885 3532 2021 3571 con-

446 3589 677 3658 scriptas
710 3589 828 3656 igni
859 3589 1230 3655 combusserit,
1263 3594 1423 3659 atque
1452 3592 1836 3657 Ponti/iratum
1861 3605 2018 3643 uena-

452 3662 552 3716 tem
588 3676 766 3715 emere
791 3660 1092 3715 volentibus
1123 3660 1486 3731 proposuerit.

448 3905 549 3959 66
578 3904 743 3959 Nunc
771 3921 912 3961 sane
964 3905 1354 3960 necessarium
1407 3903 1551 3959 mihi
1598 3920 1727 3960 esse
1773 3905 2016 3972 videtur,

375 3993 459 4048 ita
490 3998 553 4047 ut
582 3993 871 4065 pollicitus
894 3997 1131 4059 sum,ut
1184 3994 1481 4048 ostendam
1534 3995 1604 4048 ad
1666 3992 1840 4049 ﬁnem
1901 3992 2019 4048 exi-

377 4088 622 4152 tumque
650 4098 818 4136 suum
851 4083 1212 4153 prophetiam
1246 4082 1404 4136 illam
1469 4083 1795 4150 pervenisse
1831 4100 1843 4137 :
1905 4083 2019 4138 Non

375 4171 859 4241 deﬁcietprincep:
889 4187 959 4227 ex
985 4171 1148 4236 Judu,
1194 4186 1290 4225 nec
1345 4170 1461 4224 (tua:
1519 4187 1588 4224 ea:
1624 4173 1828 4240 femore
1881 4171 2017 4239 eius.

376 4258 542 4314 donec
567 4261 753 4314 veniat
773 4261 863 4314 cui
889 4261 1182 4330 repositum
1211 4268 1306 4325 est,
1339 4262 1392 4312 et
1424 4258 1602 4319 ipsum
1651 4275 1763 4314 esse
1804 4276 2021 4331 exspec-

374 4348 633 4402 tationem
668 4349 919 4416 gentium
974 4348 1035 4402 ιτ.
1069 4351 1201 4412 Quae
1253 4346 1552 4419 prephetia
1599 4348 1670 4403 de
1728 4348 2020 4405 Salvatore

375 4445 572 4492 nostro
614 4437 720 4492 hoc
759 4436 1149 4508 liquidissima
1210 4437 1443 4509 profert.
1495 4437 1657 4491 Tunc
1717 4437 1870 4493 enim
1922 4438 2019 4494 ille

372 4527 625 4595 advenit,
658 4543 836 4596 quum
869 4526 1205 4581 Judasorum
1277 4527 1456 4581 duces
1506 4528 1562 4581 in
1625 4526 2010 4583 Romanorum

373 4620 710 4687 potestatem
746 4616 960 4671 redacti
991 4615 1344 4681 defecerunt,
1377 4620 1432 4671 et
1476 4620 1703 4687 sceptro
1748 4615 2016 4686 imperoi-

373 4720 487 4775 que
507 4721 707 4760 eorum
743 4709 1078 4777 paruerunt.
1116 4705 1468 4776 Subjngum
1519 4706 1676 4760 enim
1722 4705 2015 4762 servitutis

373 4800 447 4852 ab
476 4796 607 4852 allis
642 4794 827 4859 missi,
862 4794 1143 4848 tributum
1177 4795 1290 4849 illis
1314 4794 1529 4849 solvere
1558 4794 1738 4848 coacti
1774 4798 1931 4861 sunt,
1960 4800 2018 4850 et

375 4902 492 4941 una
512 4900 640 4940 cum
674 4882 919 4937 adventu
954 4881 1163 4937 Christi
1207 4883 1389 4951 prima
1450 4881 1551 4937 illa
1604 4882 1913 4953 descriptio
1961 4889 2017 4938 et

372 4990 582 5029 census
609 4976 695 5027 est
723 4977 906 5026 actus.
939 4970 1252 5042 Oportebat
1273 4970 1427 5025 enim
1476 4970 1533 5023 in
1576 4970 1889 5026 descensus
1917 4971 2017 5026 Re-

370 5063 457 5133 gis
515 5063 791 5117 cmlorum
856 5062 913 5113 in
966 5064 1200 5120 terram,
1262 5059 1435 5114 etiam
1499 5063 1665 5114 terra
1725 5058 2015 5130 principes

371 5167 545 5208 suum
583 5149 972 5205 ministerium
1016 5152 1073 5203 et
1114 5165 1330 5203 munus
1361 5146 1412 5202 ei
1476 5152 1768 5218 praestare.
1800 5147 2012 5204 Verum

370 5240 664 5297 enimvero
694 5237 836 5291 nihil
870 5237 1080 5307 obstat,
1117 5238 1432 5308 quominus
1471 5237 1663 5291 denuo
1710 5252 1811 5306 per
1851 5251 2013 5292 com-

371 5327 647 5401 pendium
699 5326 998 5381 historiam
1059 5343 1506 5397 percurramus:
1570 5330 1720 5380 utet
1775 5340 1841 5380 ea
1889 5342 2014 5398 quae

372 5418 671 5490 praemissa
693 5423 851 5481 sunt,
885 5417 1101 5471 certius
1133 5416 1463 5486 clariusque
1509 5411 1931 5483 intelligantur.
1967 5419 2013 5472 Α

372 5504 731 5575 temporibus
752 5506 906 5559 enim
942 5506 1136 5573 Musis,
1165 5517 1218 5559 et
1249 5521 1376 5575 quae
1420 5504 1588 5558 illum
1649 5518 2009 5575 praecessere,

443 5626 695 5686 “Matth.
729 5644 769 5698 ι,
801 5629 889 5683 20.
968 5627 1010 5663 ¹⁷
1040 5631 1181 5685 Gen.
1217 5631 1461 5698 xux,10.

2765 3212 3018 3266 ΚΕΦΑΛ.
3059 3212 3136 3266 8'.

2255 3299 2271 3318 \
2402 3301 2425 3313 ὀ
2537 3296 2546 3316 Ι
2759 3298 2770 3319 ν
3017 3297 3030 3316 Ι
3343 3296 3359 3317 κ
3418 3301 3430 3320 ι
3574 3295 3643 3318 ΙΝ

2124 3306 2707 3373 Περιλτουῗγενους
2785 3302 3205 3373 Αντιπ-ατρου
3254 3317 3371 3373 και.
3444 3303 3770 3373 μῌρωοου·

2193 3363 2298 3443 καὶ
2330 3363 2849 3443 περ-ὶ’“ι’ρκαμνοῦ
2895 3369 3003 3443 καὶ
3055 3363 3597 3443 ’Ᾱρᾼιττοϐούλρυ
3642 3373 3768 3443 τῶν

2192 3439 2740 3517 ἆρχιερἑαηξκᾳὶ
2773 3441 2856 3517 ὡς
2882 3439 3015 3517 Δὀπὸ
3069 3439 3427 3517 Καίσαρος·
3454 3440 3587 3512 Δύγ
3609 3441 3769 3517 ούσο

2193 3508 2657 3587 τουβασιλεὺς
2688 3512 2993 3587 (egoen;
3022 3508 3483 3587 ubv_’[066aiw
3509 3508 3767 3587 ila-1526-

2200 3534 2310 3567 του
2346 3530 2657 3587 βασιΛευς
2719 3530 3535 3582 ηρωοηςτωννιουοαιων
3618 3530 3766 3566 ενο-

2200 3582 2651 3658 μενος,διᾲτὸ
2682 3581 3070 3658 ἀλλόφυλον
3101 3579 3507 3658 τᾶςᾷπρτλοῦ
3537 3530 3766 3657 ’ἔσδρα

2200 3652 2585 3732 ἂναγ-ραφᾶς
2643 3660 2768 3732 τῶν
2828 3652 3087 3732 φυλῶν⁸
3125 3653 3308 3732 πῌυρὶμ
3341 3652 3573 3732 δ-ίδωρι
3650 3652 3764 3732 ,κάξ

2192 3724 2857 3802 τῆν’ἆρχιερωσύνην
2902 3724 3006 3780 ἐπὶ
3055 3724 3186 3799 ὠνῇ
3222 3724 3322 3797 ’τῷ
3361 3726 3763 3800 βουλομένῳ

2198 3797 2437 3855 ἑτίθεί.

2196 3905 2310 3960 Τοῦ
2361 3903 2563 3959 λοιποῦ
2595 3900 2641 3957 δ’
2671 3900 2857 3978 ἔμοιγε
2903 3901 3185 3978 ἀναγκαῖον
3231 3900 3542 3958 εἶναιδοκεῖ
3592 3900 3760 3976 δεῖξαί

2125 4011 2183 4046 τε
2213 3991 2288 4053 εἰς
2355 3991 2519 4067 πέρας
2577 3993 2675 4060 τὴν
2736 3990 3069 4070 προφητείαν
3121 3990 3402 4062 ἐλθοῦσαν,
3454 3991 3529 4052 ὡς
3559 3993 3595 4060 ἡ
3629 3991 3766 4047 ὑπό-

2126 4100 2334 4156 σχεσις,
2379 4080 2516 4136 οὐκ
2564 4080 2863 4155 ἐκλείψει
2908 4079 3132 4154 ἅρχων
3180 4079 3241 4150 ἐξ
3284 4077 3546 4147 Ἰούδα,
3601 4076 3763 4135 οὐδὲ

2125 4168 2509 4243 ἡγούμενος
2544 4168 2611 4225 ἐκ
2648 4173 2770 4223 τῶν
2813 4173 3037 4243 μηρῶν
3079 4167 3298 4236 αὑτοῦ,
3328 4164 3451 4230 ἓως
3493 4163 3681 4223 ἔλθοι
3712 4167 3759 4240 ᾧ

2127 4258 2641 4329 ἆπὸκειται,καὶ
2674 4258 2866 4313 αὐτὸν
2899 4258 3067 4313 εἶναι
3097 4253 3500 4331 προσδοκίαν
3531 4255 3762 4327 ἐθνῶν,

2129 4353 2311 4425 σαφῶς
2342 4348 2463 4422 περὶ
2503 4352 2599 4403 τοῦ
2638 4354 2899 4423 Σωτῆρος
2936 4349 3098 4420 ἡμῶν
3142 4350 3302 4402 τοῦτο
3351 4342 3761 4422 διατρανοῦσαν.

2124 4436 2386 4505 Τηνικάδε
2442 4436 2545 4512 γὰρ
2606 4438 2810 4498 ἐκεῖνος
2883 4435 3154 4513 ἐπιφοιτᾷ,
3232 4435 3465 4504 ὁπηνίκα
3544 4434 3597 4488 οἱ
3651 4439 3760 4489 τῶν

2129 4522 2409 4580 Ἰολδαίων
2444 4524 2726 4601 ἄρχοντες,
2763 4525 2865 4580 ὑπὸ
2908 4528 3070 4600 χεῖρα
3109 4523 3406 4596 Ῥωμαίοις
3452 4521 3764 4600 γενόμενοι,

2127 4613 2501 4685 ἐκλελοίπασι,
2557 4619 2636 4686 τῷ
2684 4616 2978 4688 Ῥωμαϊκῷ
3026 4615 3287 4687 σκήπτρῳ
3327 4609 3765 4667 καθυποκλίναν-

2123 4724 2228 4765 τες.
2286 4702 2490 4778 Ζεύγλῃ
2539 4704 2642 4778 γὰρ
2693 4709 2792 4773 τῆς
2849 4700 3067 4757 ἐκείνων
3116 4701 3441 4777 ὑπαχθέντες
3491 4697 3763 4770 δουλείας,

2126 4793 2324 4871 φόρους
2379 4792 2553 4848 τελεῖν
2609 4790 3015 4869 ἠναγκάζοντο·
3075 4791 3216 4863 ὁμοῦ
3261 4809 3322 4845 τε
3366 4793 3435 4864 τῇ
3484 4793 3582 4845 τοῦ
3624 4793 3769 4866 Χρι-

2123 4888 2251 4938 στοῦ
2294 4883 2567 4956 παρουσίᾳ
2611 4884 2699 4938 καὶ
2742 4884 2777 4952 ἡ
2809 4882 3000 4957 πρώτη
3052 4879 3227 4950 ἐκείνη
3276 4879 3562 4957 ἀπογραφὴ
3614 4881 3768 4956 γίνε-

2122 4994 2230 5028 ται.
2267 4974 2470 5048 Ἐχρῆν
2516 4973 2606 5027 καὶ
2655 4973 2761 5050 γὰρ
2806 4975 2875 5046 τῇ
2926 4972 3062 5045 πρὸς
3105 4976 3211 5045 γῆν
3253 4966 3469 5042 καθόδῳ
3509 4972 3607 5024 τοῦ
3652 4973 3761 5024 τῶν

2125 5061 2361 5136 οὐρανῶν
2426 5061 2807 5137 βασιλεύοντος
2859 5060 2948 5115 καὶ
2994 5060 3123 5123 τοὺς
3190 5057 3277 5113 ἐπὶ
3325 5063 3432 5133 γῆς
3488 5055 3763 5132 ἄρχοντας

2125 5150 2469 5228 λειτουργίαν
2518 5149 2852 5225 εἰσενεγκεῖν.
2897 5145 3060 5204 Οὐδὲν
3111 5145 3167 5202 δὲ
3215 5148 3329 5202 οἷον
3376 5146 3464 5201 καὶ
3515 5143 3668 5209 αὖθις
3712 5146 3765 5202 ἐν

2123 5238 2372 5313 ἐπιτόμῳ
2420 5241 2520 5308 τήν
2578 5237 2819 5313 ἱστορίαν
2870 5234 3188 5313 διαδραμεῖν
3260 5233 3554 5312 σαφηνείας
3605 5236 3771 5311 χάριν

2120 5332 2228 5384 τῶν
2296 5330 2691 5402 προκειμένων.
2752 5329 2845 5384 Ἐκ
2899 5326 3006 5403 γάρ
3057 5345 3143 5381 τοι
3205 5324 3449 5385 Μωσὲως
3504 5324 3596 5379 καὶ
3661 5326 3771 5399 πρὸ

2122 5418 2350 5489 ἐκείνου,
2399 5416 2475 5481 ὥς
2529 5440 2623 5492 μοι
2671 5419 3019 5494 προείρηται,
3069 5416 3172 5470 ὑπὸ
3217 5419 3336 5477 τοῖς
3387 5412 3614 5475 οἴκείοις
3667 5419 3769 5469 τοῦ

2121 5504 2302 5568 ἔθνους
2334 5505 2590 5583 ἄρχουσι,
2630 5512 2747 5571 τοῖς
2784 5506 2845 5562 ἐκ
2890 5503 3068 5581 φυλῆς
3116 5499 3294 5559 Ἰούδα
3340 5501 3635 5575 κατάγουσι
3666 5504 3769 5571 τήν
