4096 6284
298 458 420 520 657

1342 456 1974 522 ECCLESIASTlC/E
2014 463 2403 526 HISTORUE
2447 465 2592 525 LIB.
2640 465 2688 525 Ι.

3591 464 3709 523 658

297 590 507 663 σειρὰν,
566 590 630 646 τὸ
690 589 969 648 Ἰουδαίων
1044 591 1193 654 ἔθνος
1278 589 1450 646 πάλαι
1532 589 1947 666 βασιλευόμενοι

2064 598 2126 650 ut
2155 599 2325 652 antea
2356 596 2495 664 dixi,
2526 613 2557 651 a
2590 597 2714 652 suis
2736 596 3119 669 principibus,
3141 597 3239 668 qui
3264 613 3331 653 ex
3359 596 3518 652 tribu
3550 597 3713 653 Judre

296 677 526 756 ἤγοντο,
570 678 731 755 ἄχρις
772 680 834 735 οὗ
868 678 1186 754 Αὔγουστος
1238 682 1518 755 μόναρχος
1566 679 1901 757 ἀνηγόρευτο
1934 699 1947 713 ⁸

296 768 382 846 ἐφ’
412 770 475 825 οὗ
508 775 727 845 πρῶτος
764 769 1018 846 Ἡρώδης
1049 770 1369 846 ἀλλόφυλος
1399 769 1496 841 ὢν,
1527 773 1626 839 τήν
1653 775 1758 824 τῶν
1815 773 1953 826 Ἰου-

298 857 470 915 δαίων
515 860 653 933 πρός
702 862 994 936 Ῥωμαίων
1048 861 1388 938 ἐπιτρέπεται
1436 860 1737 937 βασιλείαν,
1780 859 1953 918 Ἰδου-

302 955 473 1023 μαῖος
523 948 599 1006 ὢν
643 952 707 1006 τὸ
757 951 933 1027 γένος,
973 952 1050 1015 ὡς
1094 952 1347 1024 Ἰωσήπῳ
1402 949 1569 1019 δοκεῖ,
1621 950 1681 1005 ἐκ
1726 953 1951 1024 πατρὸς,

299 1034 560 1113 ’Δράὸιος
620 1037 678 1095 δὶ
732 1040 867 1096 κατὰ
922 1041 1021 1109 τήν
1085 1041 1315 1113 μητερα,
1376 1040 1733 1115 Ἀντίπατρος
1781 1039 1883 1116 γὰρ
1925 1040 1954 1094 6

294 1125 497 1180 τούτου
553 1128 758 1202 πατὴρ,
806 1125 858 1197 ἐξ
907 1121 1163 1202 Ἀραϐίας
1225 1126 1414 1202 ἄγεται
1479 1132 1703 1198 γυναῖκα
1750 1126 1951 1199 Κύπριν

296 1214 504 1288 ύνομα,
537 1215 571 1284 ἢ
631 1215 839 1290 πατέρα
888 1216 1160 1290 τεττάρων
1215 1212 1424 1270 παίδων
1482 1220 1628 1271 ποιεῖ
1688 1234 1699 1247 ·
1755 1216 1831 1269 ὧν
1881 1217 1956 1277 εἷς

296 1304 461 1366 οὗτος
490 1301 746 1378 Ἡρώδης
770 1306 861 1373 ἦν.
895 1308 985 1366 Ὠς
1017 1301 1064 1358 δ’
1101 1304 1408 1381 Ἀφρικανῷ
1439 1301 1592 1374 δόξαν
1644 1303 1731 1357 καὶ
1778 1304 1956 1376 τούτῳ

296 1389 568 1462 πλείστην
614 1391 675 1446 ἐκ
715 1399 816 1462 τῆς
866 1399 1145 1470 συγγαφῆς
1191 1387 1672 1468 περιϐαλλομένῳ,
1730 1414 1751 1441 ι
1784 1391 1956 1447 Ἀντί-

299 1503 529 1558 πατρος,
562 1484 745 1559 φησὶν,
802 1485 831 1539 6
888 1481 1135 1557 Ἡρώδου
1182 1485 1330 1545 τινὸς
1368 1482 1793 1549 Ἀσκαλωνίτου,
1825 1480 1959 1537 δοῦ-

301 1570 403 1634 λος
434 1570 623 1648 ἱερέως
650 1573 803 1635 τινὸς
829 1577 936 1628 τῶν
969 1572 1092 1648 περὶ
1122 1574 1217 1628 τὸν
1256 1573 1392 1627 νεὼν
1441 1576 1538 1628 τοῦ
1593 1572 1956 1635 ’Λπόλλωνος

301 1660 771 1733 διακονουμένων.
815 1662 888 1717 0'5
930 1664 1021 1717 τὸν
1049 1658 1217 1717 παῖδα
1244 1661 1600 1735 Ἀντίπατρον
1646 1655 1722 1716 ἔτι
1759 1662 1956 1730 νήπιον

303 1749 458 1819 ὄντα,
510 1747 813 1824 Ἰδουμαῖοι
867 1750 1062 1825 λῃσταὶ
1107 1748 1515 1823 διαρπάσαντες,
1571 1752 1697 1825 παρ’
1744 1750 1958 1812 ἑαυτοῖς

304 1839 459 1913 εἶχον
505 1856 521 1871 ’
556 1837 902 1914 ῥύεσθαιγὰρ
947 1837 1106 1895 αὒτὸν
1140 1840 1168 1893 6
1216 1841 1399 1914 πατὴρ
1446 1837 1651 1913 ἄπορος
1690 1839 1757 1907 ἦν
1810 1841 1962 1914 χρή·

2060 700 2246 752 genus
2293 686 2593 755 ducerent,
2627 701 2769 757 gens
2812 686 3144 742 Judeorum
3196 686 3334 741 olim
3370 687 3527 758 regio
3561 700 3718 740 more

2064 774 2386 846 regebatur,
2420 776 2603 830 donec
2637 780 2932 847 Augustus
2981 792 3136 831 unus
3169 775 3433 848 solusque
3466 777 3717 847 impera-

2064 869 2150 918 tor
2204 868 2289 917 est
2340 864 2705 920 renuntiatus
2754 882 2767 919 :
2819 866 2929 920 sub
2989 881 3100 936 quo
3159 866 3383 936 primus
3439 865 3717 931 Herodes,

2065 950 2282 1005 advena
2313 956 2370 1007 et
2398 952 2743 1025 alienigena,
2774 971 2804 1008 a
2836 954 3111 1009 Romanis
3152 955 3569 1010 demandatum
3606 953 3717 1007 sibi

2064 1038 2397 1095 Jualworum
2429 1056 2670 1111 regnum
2705 1042 2942 1112 accepit.
2978 1042 3105 1097 Fuit
3144 1043 3194 1098 is
3226 1051 3458 1113 paterno
3487 1058 3718 1115 genere,

2064 1137 2127 1182 ut
2175 1129 2457 1200 Iosephus
2503 1131 2793 1199 opinatur,
2839 1132 3157 1202 ldumreus,
3188 1137 3448 1189 materno
3497 1139 3716 1199 autem,

2062 1217 2269 1272 Arabs.
2320 1219 2620 1290 Antipater
2677 1222 2852 1288 enirn,
2901 1221 3077 1292 hujus
3139 1226 3322 1293 pater,
3384 1238 3455 1277 ex
3511 1223 3721 1278 Arabia

2066 1322 2302 1363 uxorem
2334 1308 2566 1381 Cyprim
2599 1311 2763 1365 duxit
2796 1328 2808 1366 :
2842 1328 2970 1383 qua)
3001 1326 3130 1367 sum
3170 1316 3423 1383 quatuor
3464 1312 3718 1368 ﬁliorum

2068 1400 2284 1466 patrem
2361 1398 2518 1463 fecit,
2575 1415 2823 1470 quorum
2893 1416 3045 1455 unus
3116 1401 3369 1457 Herodes
3435 1401 3529 1457 hi0
3588 1401 3718 1456 fuit.

2070 1483 2141 1539 Ut
2202 1488 2395 1540 autem
2472 1487 2742 1543 Africano
2809 1488 3058 1550 videtur,
3119 1490 3217 1561 qui
3290 1494 3347 1545 ct
3417 1489 3539 1562 ipse
3596 1506 3720 1546 may

2067 1589 2239 1645 gnam
2297 1579 2389 1629 est
2445 1575 2502 1629 in
2571 1576 2897 1633 scribendis
2963 1577 3227 1634 historiis
3292 1578 3520 1635 laudem
3581 1595 3721 1635 con-

2068 1667 2308 1719 secutus
2371 1680 2384 1720 :
2447 1685 2475 1713 «
2535 1664 2836 1734 Antipater
2892 1667 3000 1734 (sic
3066 1666 3192 1737 ipse
3254 1669 3473 1737 scribit)
3546 1668 3716 1724 Hero-

2069 1751 2162 1805 dis
2230 1759 2414 1823 pater,
2474 1754 2628 1808 ﬁlius
2691 1755 2932 1809 Herodis
3000 1757 3309 1826 cujusdam
3377 1755 3721 1813 Ascalonita

2068 1842 2199 1908 fuit,
2247 1844 2566 1898 sacerdotis
2623 1844 2952 1917 cujuspiam
3015 1845 3185 1911 servi,
3235 1845 3326 1900 cui
3386 1846 3443 1900 in
3504 1846 3721 1915 templo

307 1948 453 2000 ματα
502 1926 882 1999 καταθέμενος.
936 1951 965 1980 »
1014 1930 1121 1985 Καὶ
1164 1929 1343 1983 τοίνυν
1409 1929 1498 1983 61:’
1547 1928 1774 1991 ἐκείνοις
1837 1949 1953 2003 τρα-

2067 1929 2348 2000 Apollinis
2407 1948 2702 1986 sacrorum
2756 1949 2897 1989 cura
2948 1934 3293 1989 demandata
3350 1936 3555 1989 fuerat.
3607 1934 3725 1990 Hu-

306 2016 450 2090 φείς,
491 2012 670 2087 ἔδοξεν
701 2014 1010 2087 Ἰδουμαῖος
1040 2020 1198 2073 εἶναι.
1231 2018 1549 2091 Ἐσύστερον
1602 2014 1660 2072 δὲ
1716 2019 1959 2090 Ὑρκανῷ

303 2110 386 2177 τῷ
417 2105 685 2167 Ἰουδαίας
717 2106 983 2182 ἀρχιερεῖ,
1016 2108 1074 2169 ὃς
1122 2104 1400 2164 Ἰουδαίων
1449 2111 1665 2181 πρῶτος
1717 2104 1958 2179 διάδημα

305 2194 610 2271 περιέθετο,
667 2197 829 2273 φίλος
887 2200 1205 2272 γενόμετος,
1264 2199 1354 2252 καὶ
1412 2198 1464 2254 ἐν
1518 2203 1637 2259 ταῖς
1682 2198 1817 2269 πρὸς
1862 2199 1955 2253 τὸν

307 2282 545 2360 ἀδελφὸν
594 2282 1026 2361 Ἀριστόϐουλον
1078 2286 1285 2342 ἐκείνου
1335 2284 1620 2366 διαφοραῖς
1677 2289 1955 2361 χρήσιμος

307 2375 619 2450 ἀναφανεὶς,
675 2377 766 2432 καὶ
822 2377 919 2446 τὴν
1002 2375 1279 2452 βασιλείαν
1365 2375 1731 2446 ἐλευθερώσας
1812 2375 1957 2447 αύτῷ

307 2465 782 2542 περικοπτομένην
841 2468 947 2523 ὐπὸ
1001 2465 1099 2522 τοῦ
1158 2464 1420 2543 ἀδελφοῦ,
1477 2460 1660 2521 ἔπειτα
1734 2464 1791 2521 δὲ
1864 2464 1955 2520 καὶ

309 2556 611 2629 ’Δωμαίοις
639 2554 714 2611 ἐσ’
742 2551 906 2611 ἅπασι
948 2554 1117 2627 δεξιὸς
1155 2557 1443 2632 γεγνονὼς,
1480 2557 1617 2630 πρὸς
1675 2553 1952 2631 Α’ίγυπτόν

307 2666 365 2700 τε
390 2644 481 2699 καὶ
520 2640 764 2718 ’Ἄραϐας
810 2642 1288 2718 διαπονουμὲνοις,
1337 2642 1555 2718 ἐπείπερ
1604 2637 1957 2717 Ἀριστόϐου-

310 2735 409 2798 λος
444 2736 539 2809 μδν
571 2735 675 2790 ὑπὸ
716 2733 1014 2808 Πομπηίου
1044 2733 1268 2807 δέσμιος
1302 2735 1546 2810 αἰσχρῶς
1591 2734 1676 2788 ἐπὶ
1737 2736 1956 2807 Ῥώμην

317 2821 587 2900 ἰπὲμφθη,
618 2822 709 2878 καὶ
737 2824 800 2877 τὸ
832 2821 1111 2878 Ἰουδαίων
1159 2820 1308 2884 ἔθνος
1343 2819 1673 2891 δεδούλωτο,
1708 2821 1957 2897 ηὐτύχη-

322 2931 408 2965 σεν
457 2912 610 2975 οὗτος
666 2911 1011 2984 ἐπιμελητὴς
1084 2918 1185 2981 τῆς
1262 2910 1626 2982 Παλαιστίνης
1689 2908 1953 2986 γενέσθαι.

321 3001 463 3056 Ἐπεέ
521 3000 567 3055 δ’
626 3000 906 3075 ἐσύστερον
967 3001 1331 3076 αἰχμάλωτος
1377 3004 1466 3056 καὶ
1523 3002 1776 3075 Ὑρκανὸς
1854 3002 1956 3057 61:6

315 3090 537 3162 Πάρθων
580 3089 747 3158 ἑάλω,
777 3089 851 3151 εἰς
892 3091 950 3145 ’ὀν
984 3089 1210 3146 ὕστατον
1243 3092 1311 3145 τὰ
1353 3093 1450 3159 τῆς
1501 3095 1609 3145 τῶν
1657 3090 1957 3169 ἀρχιερέων

309 3182 565 3256 περιέστη
615 3176 906 3255 διαδοχῆς,
946 3180 1037 3235 καὶ
1087 3179 1435 3254 Ἀντίπατρος
1499 3180 1737 3236 ἐντεῦθεν
1791 3182 1955 3255 μὲγας

307 3270 594 3345 γενόμενος
625 3268 866 3346 Μαλίχῳ
893 3271 1005 3324 τινὶ
1038 3267 1241 3332 δολίως
1275 3270 1563 3344 ἀνῄρηται,
1598 3271 1654 3332 ός
1705 3268 1953 3346 Ἡρώδου

309 3361 490 3433 πατὴρ
542 3361 607 3427 ἦν
640 3379 653 3393 ·
714 3359 871 3421 οὗτος
930 3358 1239 3432 πάμπολλά
1296 3379 1415 3412 τινα
1486 3363 1606 3420 τοῖς
1667 3358 1956 3432 Ῥωμαίων

310 3453 645 3522 στρατηγοῖς
700 3448 1060 3521 καταθέμενος
1118 3450 1405 3524 χρήματα,
1471 3447 1561 3502 καὶ
1619 3446 1750 3509 ὅλος
1799 3446 1959 3503 εἶ’κειν

309 3543 427 3598 ταῖς
480 3536 698 3592 ἐκείνων
748 3542 1070 3615 προσεαγαῖς
1138 3536 1538 3611 ὓποσχόμενος,
1615 3538 1713 3607 τήν
1778 3538 1956 3613 ἀρχὴν

309 3624 673 3700 ἐγχειρίζεται
715 3641 732 3656 ⁶
796 3628 894 3683 τοῦ
959 3625 1064 3701 γὰρ
1120 3626 1388 3700 Καίσαρος
1448 3622 1755 3698 Αὐγούστου
1826 3627 1958 3697 μετά

313 3713 535 3789 βαρείας
565 3710 847 3788 δυνάμεως
882 3719 1000 3777 τοῖς
1046 3713 1443 3790 κατἈῖγυπτον
1494 3717 1739 3783 σκηπτοῦ
1796 3711 1953 3783 δίκην

311 3801 632 3867 ἐπελθόντος
664 3821 678 3836 ·
737 3804 938 3865 σκοπὸς
978 3801 1037 3858 δὲ
1083 3804 1230 3875 αὐτῷ
1281 3802 1626 3877 Κλεοπάτραν
1676 3803 1956 3881 χειρώσα-

311 3893 452 3961 σθαι,
487 3892 562 3953 εἰς
612 3891 678 3961 ἢν
736 3894 971 3964 ὑστάτην
1010 3895 1046 3962 ἡ
1104 3898 1211 3949 τῶν
1277 3893 1328 3963 ἐξ
1359 3889 1710 3965 Ἀλεξάνδρου
1744 3889 1954 3947 Πτολε-

314 3982 478 4053 μαίου
531 3979 880 4050 Μακεδονική
929 3979 1213 4038 δυναστεία
1258 3981 1524 4051 κατέληζε
1563 4000 1576 4013 ·
1610 3982 1744 4055 πρὸς
1778 3978 1952 4035 δὲκαὶ

309 4069 631 4141 Ἄντώνιον,
659 4076 776 4134 τοῖς
808 4070 1015 4142 ἰκείνης
1064 4072 1277 4146 ἱμέροις
1317 4070 1617 4138 ἑαλωκότα,
1672 4070 1947 4144 πρόσεισιν

310 4156 565 4232 Ἡρώδης
625 4160 808 4229 οὗτος,
864 4160 1132 4235 σύμπανθ’
1189 4156 1410 4234 ἕτοιμος
1466 4164 1731 4236 χορηγεῖν
1777 4160 1875 4214 ὅσα
1900 4160 1951 4235 γ’

310 4246 495 4322 ἐκείνῳ
534 4250 781 4325 θυμήρη,
817 4254 937 4305 σῖτα
966 4251 1054 4305 καὶ
1099 4249 1244 4306 ὅπλα
1292 4249 1382 4305 καὶ
1426 4250 1653 4325 χρυσίον
1710 4249 1808 4303 οὐκ
1853 4250 1951 4304 εύ-

308 4338 635 4411 αρίθμητον,
691 4340 784 4394 καὶ
832 4338 1157 4415 συμμαχίαν
1196 4340 1295 4408 τήν
1341 4337 1585 4416 ἰφικτιςν.
1638 4342 1725 4397 Ὠς
1774 4335 1831 4392 δὲ
1859 4339 1947 4392 καὶ

310 4427 593 4505 Αἴγυπτος
649 4429 739 4484 καὶ
799 4426 1120 4503 Κλεοπάτρα
1182 4428 1285 4484 61:6
1344 4433 1504 4503 χεῖρα
1560 4427 1788 4502 Καίσαρι
1857 4427 1945 4482 καὶ

306 4521 603 4595 Ῥωμαίοις
651 4522 962 4596 γεγένηται,
1009 4517 1128 4574 δυσὶ
1186 4519 1321 4594 πρὸς
1368 4524 1485 4581 τοῖς
1516 4515 1644 4572 δέκα
1690 4516 1829 4573 ἔτεσι
1868 4521 1947 4590 τῷ

307 4609 605 4689 Αὐγούστῳ
654 4607 924 4665 διανύοντι
966 4613 1034 4684 τῇ
1078 4610 1248 4686 ἀρχῇ.
1302 4608 1377 4669 είς
1436 4609 1656 4681 Ῥώμην
1716 4628 1771 4662 τε
1817 4610 1943 4677 ἧκεν

2062 2019 2163 2087 jus
2216 2019 2401 2074 ﬁlium
2454 2020 2825 2092 Antipatrum
2878 2022 3067 2077 adhuc
3117 2027 3379 2078 tenerum
3427 2024 3724 2092 praedones

2074 2108 2307 2162 Idumaei
2359 2114 2595 2180 captum
2647 2113 2793 2181 apud
2856 2126 2918 2165 se
2983 2113 3366 2167 retinuerunt.
3421 2112 3722 2167 Redimere

2068 2196 2221 2252 enim
2272 2206 2431 2267 pater
2477 2214 2632 2265 eum,
2686 2205 2917 2271 propter
2969 2200 3234 2272 pecunia
3280 2200 3561 2271 inopiam,
3608 2219 3722 2257 non

2071 2286 2277 2354 potuit.
2315 2306 2339 2337 ι
2377 2285 2581 2357 Itaque
2630 2289 2779 2358 quod
2827 2288 2980 2359 apud
3025 2305 3121 2345 eos
3168 2299 3251 2343 est
3284 2291 3588 2359 educatus,
3624 2307 3723 2361 pro

2073 2375 2322 2429 ldumteo
2357 2375 2591 2430 habitus
2624 2380 2731 2431 est.
2768 2379 2971 2433 Postea
3003 2394 3135 2432 vero
3162 2378 3220 2433 in
3246 2379 3721 2449 HyrcaniJudam

2072 2462 2365 2518 Pontiﬁcis
2414 2465 2729 2519 amicitiam
2784 2465 3061 2534 pervenit,
3095 2470 3150 2520 et
3199 2468 3256 2520 in
3306 2468 3722 2524 certaminibus

2070 2551 2231 2607 illius
2297 2552 2575 2608 adversus
2634 2554 2868 2609 fratrem
2931 2554 3324 2611 Aristobulum
3383 2559 3721 2612 commodus

2070 2648 2400 2711 compertus
2440 2650 2523 2697 est
2558 2659 2570 2697 :
2605 2643 2702 2698 67
2754 2659 3123 2716 regnumque
3169 2645 3298 2716 ejus
3341 2645 3656 2701 admodum
3690 2663 3723 2700 a

2071 2728 2245 2784 fratre
2274 2732 2555 2795 accisum,
2591 2731 2645 2786 in
2679 2731 3008 2789 libertatem
3046 2734 3313 2789 asseruit.
3350 2733 3568 2789 Deinde
3618 2752 3723 2790 au-

2069 2821 2183 2873 tem
2234 2820 2509 2876 Romanis
2548 2820 2607 2875 in
2662 2822 2837 2877 rebus
2882 2822 3157 2877 omnibus
3195 2837 3256 2878 se
3305 2822 3506 2878 utilem
3540 2828 3598 2877 et
3625 2823 3719 2877 in-

2068 2908 2381 2973 dustrium,
2414 2925 2546 2963 cum
2582 2910 2861 2966 adversus
2892 2912 3185 2984 Egyptios
3218 2915 3274 2965 et
3321 2911 3536 2967 Arabes
3569 2911 3717 2967 bello

2067 2996 2328 3066 occupati
2361 3002 2575 3062 essent,
2616 2998 2874 3068 praebuit.
2910 3002 2975 3054 Et
3005 3007 3307 3070 postquam
3351 2997 3716 3055 Aristobulus

2068 3083 2300 3153 quidem
2335 3102 2368 3140 a
2398 3085 2669 3156 Pompeio
2724 3088 2972 3159 turpiter
3002 3088 3255 3157 vinctus,
3289 3087 3528 3144 Romam
3582 3088 3723 3143 mis-

2071 3189 2193 3241 sus,
2240 3178 2297 3229 et
2341 3175 2675 3232 Judaaorum
2731 3178 2884 3233 natio
2933 3176 3205 3233 servitute
3253 3193 3532 3250 oppressa
3586 3183 3714 3246 est;

2068 3262 2348 3319 beneﬁcio
2398 3264 2642 3320 fortunas
2685 3266 2819 3321 huic
2850 3267 3109 3338 contigit,
3145 3271 3208 3323 ut
3238 3271 3575 3338 procurator
3606 3271 3720 3322 Pa-

2068 3352 2304 3409 laestinae
2336 3355 2514 3411 ﬁeret.
2549 3356 2618 3411 Et
2666 3373 2798 3412 cum
2848 3357 3123 3430 deinceps
3155 3357 3453 3429 Hyrcanus
3485 3373 3718 3429 quoque

2066 3458 2098 3496 a
2130 3442 2358 3498 Parthis
2390 3449 2614 3515 captus,
2648 3444 2705 3498 in
2760 3462 2875 3517 quo
2907 3446 3111 3501 ultima
3152 3446 3448 3518 dignitatis
3483 3446 3717 3516 pontiﬁo

2064 3532 2162 3586 ciae
2194 3532 2451 3587 constitit
2480 3535 2793 3601 successio,
2828 3540 2883 3589 et
2924 3536 3226 3607 Antipater
3256 3534 3496 3591 Herodis
3530 3538 3712 3604 pater,

2065 3620 2159 3689 qui
2193 3621 2329 3677 inde
2381 3622 2568 3693 magis
2618 3625 2917 3695 magisque
2948 3628 3220 3691 creverat,
3255 3622 3477 3678 Malichi
3510 3625 3713 3692 cujus-

2065 3709 2199 3766 dam
2232 3709 2364 3767 dolo
2397 3718 2636 3769 necatus
2666 3720 2819 3770 esset
2851 3729 2863 3769 :
2892 3714 2939 3769 is
2970 3713 3093 3783 ipse
3133 3713 3407 3778 Herodes,
3441 3728 3708 3785 magnam

2062 3800 2172 3856 vim
2204 3803 2461 3872 pecuniae
2494 3803 2773 3859 Romanis
2802 3804 3047 3858 ducibus
3094 3802 3359 3874 largitus,
3391 3817 3711 3873 eorumque

2064 3905 2127 3945 se
2176 3892 2454 3961 imperata
2504 3892 2792 3947 facturum
2851 3892 3167 3964 pollicitus,
3211 3908 3453 3960 regnum
3503 3892 3575 3948 ab
3626 3893 3708 3948 eis

2064 3981 2342 4034 traditum
2377 3983 2619 4051 accepit.
2644 3982 2786 4036 Cum
2818 3982 2975 4036 enim
3008 3981 3202 4036 Caesar
3228 3983 3549 4051 Augustus,
3573 3997 3705 4036 cum

2063 4068 2278 4138 ingenti
2330 4070 2609 4134 exercitu,
2644 4069 2907 4140 procellae
2946 4075 3002 4125 et
3048 4070 3310 4125 fulminis
3360 4070 3563 4138 instar,
3598 4072 3705 4125 im-

2060 4160 2258 4229 petum
2308 4159 2366 4212 in
2416 4159 2720 4231 Egyptum
2774 4160 3005 4226 faceret,
3033 4175 3099 4215 eo
3145 4158 3406 4224 consilio,
3441 4162 3504 4213 ut
3540 4158 3709 4215 Cleo—

2059 4250 2309 4318 patram,
2358 4248 2427 4301 ad
2479 4266 2652 4317 quam
2716 4253 3070 4320 postremam
3130 4248 3461 4304 Macedonio
3523 4249 3711 4304 Ptole-

2059 4348 2332 4391 maaurum
2383 4338 2454 4392 ab
2502 4336 2822 4393 Alexandro
2873 4341 3129 4409 potestas
3172 4346 3225 4391 et
3273 4337 3413 4392 ditio
3453 4338 3708 4409 pertigit,

2056 4429 2112 4479 et
2158 4424 2351 4494 ipsum
2404 4428 2720 4482 Antonium
2757 4426 3048 4482 illecebris
3078 4426 3206 4497 ejus
3261 4427 3557 4482 detentum
3610 4433 3707 4481 de-

2057 4511 2298 4568 bellaret
2343 4518 2399 4568 et
2442 4521 2671 4585 caperet
2706 4533 2717 4571 :
2755 4516 3010 4571 Herodes
3040 4516 3150 4570 iste
3180 4531 3243 4570 se
3286 4515 3335 4570 ei
3386 4516 3705 4583 conjunxit,

2056 4607 2294 4672 paratus
2326 4619 2687 4677 quaecunque
2732 4605 2814 4659 illi
2866 4605 3176 4674 placerent,
3210 4603 3457 4674 prabere
3488 4610 3543 4658 et
3573 4619 3711 4673 sup-

306 4681 583 4774 'Bp'tbanqv
618 4699 798 4768 οὗτος,
859 4700 917 4755 ’ὸν
968 4681 1056 4753 καὶ
1250 4698 1533 4774 θεραπείας
1583 4690 1947 4770 ἀμειϐόμενος

2064 4690 2311 4760 peditare
2340 4706 2352 4745 :
2392 4694 2773 4763 frumentum,
2807 4710 2991 4757 arma,
3024 4697 3080 4748 et
3108 4691 3366 4762 pecunia
3398 4706 3705 4746 numerum

309 4786 642 4865 Αὔγουστος,
678 4785 857 4863 βουλῇ
889 4795 986 4857 τῆς
1018 4787 1307 4861 Ῥωμαίων
1350 4784 1664 4862 συγκλήτου
1713 4781 1956 4857 διάδημα

306 4877 663 4953 περιθέμενος
708 4878 911 4950 τούτῳ,
956 4874 1185 4952 βασιλέα
1230 4883 1329 4946 τῆς
1369 4872 1635 4936 Ἰουδαίας
1693 4874 1901 4928 ἀνεῖπεν
1937 4892 1953 4906 ο

306 4968 365 5028 ὃς
393 4967 511 5022 ἐπεὶ
554 4970 661 5021 τῶν
711 4964 1111 5040 Ἱεροσολύμων
1158 4963 1440 5041 ἐκράτησε,
1488 4963 1614 5025 τοὺς
1660 4961 1953 5024 Ἰουδαίους

306 5057 468 5131 γνοὺς
498 5056 560 5109 :6
592 5054 932 5135 ἀλλόφυλον,
963 5056 1053 5110 καὶ
1103 5053 1290 5117 ἄλλως
1328 5061 1428 5123 τῆς
1459 5054 1624 5109 αὐτοῦ
1654 5052 1863 5129 φύσεως
1889 5050 1952 5106 τό

304 5144 504 5214 ἀπηνὲς
561 5144 650 5199 καὶ
700 5141 964 5219 θηριῶδες
1040 5145 1466 5219 ἐκτρεπομένους
1540 5143 1617 5203 ὡς
1693 5138 1951 5213 μάλιστα,

301 5234 429 5295 τοὺς
465 5234 559 5306 μὶν
591 5231 873 5305 ἀπήλασεν
909 5250 922 5263 ·
960 5231 1165 5294 ἄλλους
1213 5230 1270 5287 δὲ
1326 5233 1415 5287 καὶ
1471 5236 1651 5291 κακῶς
1701 5227 1905 5284 διέθετο
1934 5245 1948 5260 ⁸

299 5321 428 5386 τοὺς
457 5319 514 5376 δὶ
567 5323 657 5377 καί
713 5322 849 5399 ξίφει
909 5319 1273 5397 διεχειρίσατο
1304 5338 1317 5350 ·
1381 5320 1629 5377 σκυλεύει
1676 5340 1734 5374 τε
1777 5320 1840 5373 τὸ
1871 5319 1948 5372 ἰε-

306 5412 417 5483 ρὸν,
447 5411 539 5467 καὶ
567 5414 667 5482 τὴν
726 5410 889 5468 πόλιν
936 5414 1237 5480 άναστατεῖ,
1274 5412 1576 5487 μοχθηρῶς
1619 5414 1687 5484 τῇ
1735 5409 1952 5483 ἐξουσίᾳ

306 5502 622 5580 χρώμενος.
656 5502 799 5577 Πρὸς
829 5499 885 5557 δὲ
909 5498 975 5568 δὴ
1002 5504 1119 5561 τοῖς
1168 5499 1361 5561 ἄλλοις
1407 5499 1499 5554 καὶ
1553 5504 1712 5554 τοῦτο
1770 5501 1950 5559 κακῶς

306 5586 713 5666 διαπράττεται.
765 5592 867 5652 Τὰς
911 5588 1012 5664 γὰρ
1072 5591 1179 5642 τῶν
1218 5585 1401 5663 φυλῶν
1431 5586 1635 5648 ἁπάσας
1677 5585 1947 5661 δημοσίας

303 5678 647 5754 ἀναγραφὰς,
690 5677 744 5734 αῖ
801 5680 909 5734 ἀπὸ
962 5681 1057 5731 τοῦ
1116 5673 1316 5751 Ἔσδρα
1354 5674 1674 5752 ἐτύγχανον,
1708 5679 1948 5750 μανικῶς

309 5763 678 5842 διακείμενος,
708 5764 860 5846 ἔργον
904 5771 1145 5843 ποιιίγαι
1176 5764 1488 5843 φλογός.Τὸ
1538 5764 1595 5822 δὲ
1645 5767 1947 5844 βούλευμα,

2064 4777 2375 4849 ingentem,
2408 4787 2467 4836 et
2496 4797 2853 4854 quiscunque
2885 4786 3162 4854 presteres
3196 4785 3386 4851 posset
3436 4785 3708 4852 prmtare

2064 4868 2298 4923 auxilia.
2346 4869 2428 4925 lbi
2472 4871 2751 4943 {Egyptus
2802 4877 2858 4927 et
2904 4871 3207 4941 Cleopatra
3252 4871 3308 4924 in
3365 4873 3703 4941 potestatem

2062 4957 2304 5014 Caesaris
2360 4962 2415 5014 et
2473 4960 2866 5016 Romanorum
2927 4960 3101 5026 venit,
3153 4959 3497 5015 duodecimo
3554 4975 3706 5013 anno

2064 5051 2368 5118 postquam
2403 5050 2695 5121 Augustus
2726 5049 3039 5121 imperium
3086 5050 3358 5118 suscepit.
3394 5048 3533 5104 Huic
3567 5063 3703 5103 sane

2062 5136 2290 5206 Herodi,
2325 5153 2454 5193 cum
2504 5138 2745 5194 Romam
2779 5139 3053 5208 venisset,
3086 5143 3143 5193 et
3172 5140 3467 5209 Augustus
3496 5138 3704 5192 referre

2061 5226 2110 5279 ei
2144 5226 2395 5296 aliquam
2432 5243 2530 5297 pro
2564 5227 2836 5298 praestitis
2862 5228 2971 5285 sibi
3004 5228 3213 5283 ofﬁciis
3245 5227 3486 5299 gratiam
3511 5224 3698 5290 vellet,

2060 5314 2130 5367 dc
2161 5313 2405 5369 Romani
2461 5320 2698 5370 senatus
2741 5315 2977 5371 consilio
3009 5324 3061 5369 et
3092 5315 3405 5382 voluntate,
3437 5313 3700 5368 diadema

2058 5401 2358 5472 imposuit,
2388 5407 2445 5459 et
2492 5420 2682 5476 regem
2726 5405 2935 5459 Judaats
2989 5404 3242 5460 creavit:
3287 5403 3381 5473 qui
3433 5402 3700 5456 llieroso-

2060 5490 2231 5562 lymis
2264 5492 2500 5561 potitus.
2534 5493 2686 5563 quod
2720 5491 2896 5548 sciret
2931 5494 3158 5548 Judaaos
3188 5491 3418 5562 generis
3444 5488 3702 5547 obscuri-

2057 5582 2259 5645 tatem,
2313 5582 2463 5652 quod
2527 5581 2746 5636 scilicet
2806 5582 3028 5637 advena
3086 5585 3259 5642 eset,
3318 5583 3375 5635 et
3425 5584 3701 5650 praeterea

2056 5667 2461 5726 crudelitatem
2496 5677 2717 5728 natura
2748 5672 2875 5743 ejus
2896 5670 3316 5742 ingeniumque
3338 5669 3495 5724 ferox
3520 5684 3695 5739 quam

2058 5756 2307 5816 maxime
2357 5760 2607 5816 aversari
2657 5764 2714 5817 et
2760 5759 2951 5816 odisse
2986 5774 2999 5812 :
3034 5757 3317 5829 quosdam
3366 5771 3434 5810 ex
3478 5755 3700 5810 civibus
