4096 6284
381 427 501 490 659

1681 433 2101 496 NICEPHORI
2145 428 2498 498 CALLISTI

3673 435 3794 500 660

380 564 524 619 urbe
551 565 761 636 exegit,
792 564 1071 634 quosdam
1109 579 1208 634 per
1251 563 1526 636 injuriam
1559 563 1712 622 male
1740 568 2026 635 tractavit,

2149 566 2219 628 ὡς
2249 565 2455 641 κομιδῇ
2505 569 2768 639 πονηρὸν,
2790 566 2864 628 ὡς
2913 565 2972 622 ἂν
3026 567 3260 642 ἀγνῶτες
3306 573 3402 624 τοῦ
3452 567 3655 625 λοιποῦ
3687 571 3788 624 εἶεν

381 652 712 709 monnullos
759 653 930 709 etiam
979 653 1127 709 ferro
1175 653 1446 710 necavit:
1483 655 1759 726 templum
1791 656 2041 728 denique

379 741 669 814 spoliavit,
701 746 760 799 et
787 743 992 798 urbem
1025 743 1274 799 vastavit
1303 759 1370 798 ac
1398 743 1639 815 diripuit
1667 746 1768 816 (1).
1800 747 1884 800 Ad
1919 747 2040 802 haec

379 834 542 888 tanta
573 831 831 888 facinora
860 831 1001 887 illud
1035 849 1266 904 quoque
1296 832 1754 904 ﬂagitiosissima
1793 835 2037 891 addidit.

377 921 648 976 Publicas
679 921 834 976 enim
880 921 1145 978 tribuum
1198 921 1626 993 descriptiones
1653 939 1879 985 omnes,
1913 942 2042 996 quae

375 1009 448 1064 ab
492 1009 620 1081 ipso
671 1025 854 1081 usque
905 1011 1083 1066 Esdra
1133 1012 1510 1075 duraverant,
1544 1011 1736 1068 furore
1788 1015 2040 1084 percitus

377 1098 634 1154 ﬂammis
659 1099 1044 1171 consumpsit,
1075 1099 1220 1156 illud
1253 1099 1575 1170 pessimum
1609 1103 1846 1158 omnino
1877 1119 2039 1159 secu-

377 1190 475 1241 tus
504 1185 836 1255 consilium,
873 1190 936 1242 ut
967 1187 1066 1260 qui
1099 1204 1165 1244 eo
1195 1187 1432 1243 nomine
1474 1193 1812 1260 arroganter
1839 1207 2036 1262 super-

375 1275 590 1342 birent,
623 1277 694 1332 de
743 1280 950 1333 caetero
1003 1276 1360 1348 ignorarent,
1393 1279 1544 1334 unde
1575 1279 1824 1350 quisque
1855 1297 2036 1349 genus

379 1365 652 1434 traheret,
687 1367 784 1438 qui
833 1366 942 1424 68
995 1367 1302 1438 indigenas,
1336 1368 1510 1440 quive
1553 1369 1824 1439 inquilini
1867 1371 2038 1442 (quos

379 1452 635 1530 γειώρας,
669 1455 778 1512 hoc
825 1461 934 1523 est,
967 1457 1219 1513 advenas
1249 1457 1424 1514 etiam
1469 1461 1527 1514 et
1554 1457 1907 1528 alienigenas
1939 1477 2034 1537 νο·-

380 1543 537 1618 cant)
567 1551 784 1602 essent.
813 1547 916 1612 Qui
967 1563 1102 1601 cum
1145 1545 1320 1602 stulte
1368 1548 1680 1604 admodum
1714 1555 1766 1604 et
1809 1549 2040 1605 sordide

379 1636 452 1692 de
483 1636 655 1692 rebus
686 1637 1028 1707 hujusmodi
1057 1637 1366 1706 judicavit,
1401 1644 1524 1693 tum
1576 1638 1869 1708 pontiﬁcis
1899 1655 2038 1710 quo-

379 1740 494 1796 que
550 1725 1104 1797 magnificentiorem
1153 1729 1376 1782 vestem
1434 1725 1560 1798 ipse
1609 1727 1837 1798 primus
1891 1745 2038 1784 arcae

379 1812 638 1880 inclusit,
682 1815 962 1884 signoque
1011 1813 1213 1868 annuli
1263 1813 1557 1870 munivit:
1590 1815 2038 1887 quibuscumque

383 1901 892 2008 etiamnvilissimis
916 1903 1232 2008 nundinari
1259 1903 1613 2008 volentibus,
1639 1904 1747 1960 hoc
1769 1910 1934 1976 pacto
1955 1906 2036 1978 ('2)
2070 1945 2112 2008 Β

381 1991 788 2062 pontificatum
823 1991 1104 2059 venalem,
1137 1993 1350 2049 annuis
1397 1993 1684 2050 reditibus
1725 1999 1783 2050 et
1811 1996 2035 2066 pensio-

382 2078 576 2148 nibus,
609 2081 918 2152 praeteritis
967 2082 1296 2153 spretisque
1334 2083 1430 2152 qui
1480 2083 1709 2154 generis
1747 2087 2037 2140 vetustate

380 2167 631 2224 celebres
681 2177 896 2236 essent,
930 2187 1280 2242 proponens.
1311 2172 1588 2244 Idemque
1618 2177 1675 2228 et
1706 2173 1776 2228 de
1803 2173 2038 2244 pontifi-

379 2255 470 2312 cia
515 2261 694 2326 veste,
743 2261 801 2314 et
847 2259 919 2314 de
963 2259 1306 2316 sacerdotiis
1349 2259 1516 2332 ipsis,
1569 2261 1752 2316 tilium
1803 2277 2038 2333 quoque

379 2349 508 2419 ejus
537 2349 906 2420 Archelaum,
939 2351 1156 2423 quique
1195 2355 1326 2424 post
1355 2351 1520 2406 illum
1556 2369 1588 2408 a
1621 2352 1898 2410 Romanis
1927 2352 2036 2409 Ju-

384 2437 640 2494 daaorum
690 2439 1066 2496 obtinuerunt
1111 2441 1445 2511 imperium,
1498 2441 1720 2508 fecisse,
1749 2441 2036 2514 Josepbus

2143 658 2194 710 οἱ
2225 657 2347 730 περὶ
2376 661 2545 712 ταῦτα
2593 657 2928 733 φυσώμενοι,
2961 656 3080 711 ὃθεν
3131 654 3196 726 δὴ
3233 657 3296 712 τὸ
3333 657 3486 734 γένος
3515 657 3742 714 ἕλκουσι
3775 679 3789 693 ο

2139 746 2230 798 καὶ
2261 747 2399 808 τινὲς
2436 747 2530 817 μὲν
2565 747 2613 799 οἱ
2669 745 2957 820 ἐγχώριοι,
2989 747 3128 808 τινὲς
3162 745 3207 801 δ’
3256 745 3322 801 αὖ
3372 748 3424 802 οἱ
3473 746 3788 820 ἀλλότριοι,

2143 832 2237 896 οὓς
2292 835 2380 888 καί
2437 835 2668 908 γειώρας
2726 833 2974 891 καλοῦσι.
3027 834 3302 906 Ἀνοὴτως
3356 833 3402 889 δ’
3455 835 3604 910 ἔχων
3666 837 3795 907 περῖ

2143 921 2426 976 ταῦτακαὶ
2471 921 2725 996 ἀγεννῶς,
2779 921 2868 976 καὶ
2921 923 3018 990 τήν
3073 926 3170 977 τοῦ
3225 922 3524 996 ἀρχιερέως
3584 925 3794 992 στολήν

2143 1015 2360 1077 πρῶτος
2414 1011 2570 1072 οὗτος
2618 1005 2864 1082 κιϐωτίῳ
2911 1011 3246 1086 περιορίσας,
3294 1012 3384 1067 καὶ
3430 1018 3511 1085 τῷ
3562 1035 3792 1092 asscivi-

2143 1106 2303 1172 στῆρι
2362 1097 2636 1172 δακτυλίῳ
2711 1098 3162 1176 ἀσφαλιζόμενος,
3221 1105 3338 1162 τοῖς
3404 1107 3641 1176 τυχοῦσι
3701 1103 3792 1157 καὶ

2147 1187 2502 1260 βουλομένοις
2535 1185 2694 1243 ὤνιον
2737 1191 2836 1258 τήν
2886 1188 3301 1264 ἀρχιερωσύνην
3352 1191 3629 1264 προύτίθει
3661 1191 3791 1246 ἐπε-

2142 1277 2308 1339 τείοις
2339 1283 2457 1338 ταῖς
2491 1279 2792 1352 εἰσφοραῖς,
2824 1279 2950 1338 τοὺς
2982 1277 3031 1346 ἐξ
3067 1277 3300 1352 ἀρχαίου
3345 1281 3531 1352 γένους
3583 1281 3790 1354 ὑπερο-

2147 1372 2273 1438 ρῶν.
2325 1372 2500 1421 Ταῦτα
2545 1367 2600 1421 δὲ
2653 1369 2848 1442 πρᾶξαι
2890 1367 3011 1440 περί
3058 1387 3116 1421 τε
3166 1369 3264 1436 τὴν
3299 1367 3506 1436 στολήν
3539 1369 3790 1432 καὶτοὺς

2146 1454 2328 1528 ἱερεῖς,
2359 1457 2451 1510 τόν
2481 1477 2538 1510 τε
2572 1457 2684 1510 υἱὸν
2729 1455 2924 1510 τούτου
2975 1454 3298 1530 ’Δρχέλαο-β,
3331 1457 3601 1526 Ἰώσηπος
3642 1460 3792 1513 ἱστο-

2146 1550 2246 1618 ρεῖ,
2280 1545 2366 1597 καὶ
2399 1545 2522 1606 τοὺς
2550 1545 2664 1616 μετ’
2695 1545 2894 1598 ἐκεῖνον
2929 1543 2987 1598 ἐκ
3035 1545 3320 1616 Ῥωμαίων
3365 1546 3464 1614 τήν
3506 1552 3615 1600 τῶν
3648 1549 3786 1604 ἰουο

2147 1631 2308 1688 δαίων
2337 1633 2721 1708 ἐπιτραπέντας
2768 1633 2968 1712 ἀρχήν.
3017 1638 3188 1688 Ταῦτα
3238 1631 3286 1688 δ’
3336 1637 3472 1706 ἡμῖν
3524 1638 3600 1708 μὴ
3649 1657 3791 1712 παρ-

2145 1723 2318 1798 έργως
2353 1723 2595 1796 εἰρῆσθαι
2647 1720 2878 1778 δοκείτω
2924 1721 3082 1792 τισὶν,
3115 1721 3262 1777 ἀλλᾶ
3298 1725 3389 1778 καὶ
3439 1727 3555 1779 κατ’
3603 1725 3785 1797 ἄλλης

2145 1811 2478 1890 προφητείας
2518 1809 2796 1884 ἐπίδειξιν,
2829 1813 2994 1882 πέρας
3045 1808 3320 1882 λαϐούσης
3350 1818 3418 1887 τῇ
3451 1819 3547 1869 τοῦ
3573 1821 3732 1885 Σωτῆ
3771 1836 3783 1848 ’

2145 1922 2234 1974 ρος
2271 1901 2568 1978 ἐπινρανείᾳ,
2601 1901 2691 1956 καὶ
2739 1901 2874 1957 κατὰ
2919 1903 3018 1968 τήν
3066 1902 3246 1971 ἀληθῆ
3297 1907 3404 1957 τῶν
3447 1905 3668 1978 χρόνων
3717 1904 3782 1975 δὴ

2146 1993 2542 2065 παρατήρησιν.
2593 1993 2661 2048 Αἱ
2709 1991 2814 2066 γὰρ
2857 1992 3004 2064 παρὰ
3070 1995 3150 2062 τῷ
3219 1991 3418 2060 Δανιὴλ
3486 1987 3787 2067 ἒϐδομάδες

2144 2080 2372 2137 ἐνταῦθα
2415 2085 2646 2154 Χριστοῦ
2711 2079 3019 2155 ἡγουμένου
3066 2079 3156 2134 τὸν
3207 2079 3436 2152 ἀριθμὸν
3485 2089 3788 2157 συμπεραί-

2143 2192 2323 2225 νουσιν
2359 2189 2372 2202 ·
2423 2168 2476 2224 ἐν
2528 2173 2612 2232 αἷς
2657 2169 2792 2243 μετὰ
2838 2169 2900 2224 τὸ
2946 2167 3155 2225 τούτων
3193 2168 3576 2244 συμπέρασμα,
3625 2173 3786 2250 cini.-

2146 2281 2307 2314 στατα
2334 2260 2395 2315 τὸ
2427 2259 2570 2332 παρὰ
2616 2257 2902 2320 Ἰουδαεοις
2938 2257 3145 2334 χρίσμα
3187 2258 3413 2330 πάμπαν
3463 2258 3784 2336 ἐξολοθρευ-

2144 2351 2397 2419 Θήτεσθαι
2455 2348 2483 2402 ὁ
2543 2347 2776 2418 θεόπτης
2829 2345 3200 2423 προαγγέλλει
3257 2349 3548 2424 προφήτης
3583 2369 3596 2382 .
3642 2350 3673 2404 ὃ
3717 2349 3784 2420 δὴ

2145 2438 2234 2493 καὶ
2265 2435 2628 2510 πεπλήρωται
2656 2441 2724 2510 τῇ
2757 2435 2844 2490 ἐπὶ
2874 2443 2973 2512 γῆς
3003 2437 3271 2506 παρουσίᾳ
3301 2437 3548 2512 Χριστοῦ.

376 2529 572 2585 tradit.
605 2529 734 2585 Haec
784 2546 974 2602 porro,
1026 2547 1096 2586 ne
1146 2531 1462 2603 quisquam
1512 2536 1675 2602 putet
1718 2537 1991 2604 tanquam
2039 2549 2140 2604 per
2188 2529 2626 2602 digressionem,
2659 2528 2842 2586 obiter
2883 2534 2940 2584 et
2985 2534 3149 2584 extra
3197 2528 3558 2599 propositum
3611 2547 3644 2586 a
3689 2547 3782 2587 me

379 2619 534 2675 dicta
579 2633 723 2675 esse.
758 2619 909 2675 Sunt
958 2621 1116 2674 enim
1163 2618 1336 2675 etiam
1388 2625 1618 2691 prepter
1666 2619 1903 2677 alterius
1947 2619 2284 2692 prophetica,
2318 2634 2446 2690 quis
2496 2617 2858 2689 apparitione
2907 2623 2963 2672 et
3005 2617 3256 2672 adventu
3307 2615 3620 2672 Saivatoris
3675 2619 3782 2674 im-

379 2707 538 2780 pleta
583 2715 686 2774 est,
726 2707 1201 2776 declarationem,
1234 2713 1292 2763 et
1341 2713 1575 2781 propter
1620 2725 1814 2766 veram
1862 2715 2194 2782 temporum
2245 2707 2708 2764 observationem
2757 2709 3003 2762 adducta
3032 2706 3132 2778 (3).
3168 2705 3570 2762 Hebdomades
3600 2709 3781 2772 enim,

381 2814 509 2870 quis
555 2799 708 2867 apud
761 2799 1062 2854 Danielem
1112 2805 1268 2868 sunt,
1300 2815 1366 2854 eo
1415 2802 1673 2872 tempore
1719 2800 1944 2855 Christo
1993 2799 2303 2870 imperium
2355 2797 2674 2867 obtinente,
2718 2813 3026 2853 numerum
3078 2811 3248 2852 suum
3299 2795 3784 2868 compleverunt:

378 2887 440 2943 in
487 2887 718 2960 quibus,
753 2886 926 2944 simul
971 2892 1149 2960 atque
1201 2888 1380 2945 ﬁnitae
1429 2893 1648 2955 essent,
1691 2889 2020 2946 clarissime
2067 2888 2400 2944 Judazorum
2461 2887 2795 2944 unctionem
2856 2887 3154 2944 sublatum
3215 2884 3304 2954 iri,
3355 2893 3644 2957 Spectator
3695 2888 3791 2944 Dei

383 2977 643 3048 praedicit
675 2977 958 3051 propheta
991 2993 1006 3032 :
1037 2977 1098 3032 id
1131 2979 1286 3050 quod
1319 2979 1570 3034 adventu
1603 2978 1814 3036 Christi
1847 2978 1906 3034 in
1937 2983 2146 3035 terram
2179 2977 2512 3050 estﬁt‘actum
2544 2983 2717 3050 atque
2743 2978 3125 3049 completum.

1054 3083 1278 3140 CAPUT
1307 3084 1375 3141 X.

386 3175 470 3228 De
513 3187 576 3228 ea
625 3189 745 3244 quae
803 3173 870 3228 ab
918 3173 1150 3244 Augusto
1208 3174 1436 3240 Caesare,
1490 3173 1722 3243 Cyrenio
1776 3173 2034 3244 praeside,

454 3246 608 3318 facta
634 3249 728 3318 est,
747 3244 1114 3318 descriptione
1143 3255 1243 3318 {et
1269 3259 1394 3315 qua:
1423 3246 1494 3301 de
1526 3247 1758 3316 Cyrenio
1779 3246 2036 3318 Iosephus

455 3316 676 3388 scribat,
709 3317 842 3372 item
869 3315 936 3372 de
961 3316 1104 3374 Iuda
1131 3315 1393 3373 Galilaco.

453 3504 744 3577 Agebatur
769 3502 848 3576 (li)
881 3507 1001 3560 tum
1037 3519 1227 3560 annus
1259 3521 1290 3558 a
1322 3505 1542 3560 mundo
1591 3505 1822 3561 condito
1871 3505 2034 3578 quin.

382 3594 549 3666 quies
625 3593 974 3650 millesimus
1049 3592 1559 3666 quingentesimus
1638 3595 1906 3666 quintus,
1965 3597 2037 3652 ab

382 3683 622 3756 Augusti
679 3683 920 3752 imperio
979 3683 1467 3754 quadragesimus
1525 3684 1842 3753 secundus,
1890 3690 1948 3742 et
2005 3703 2038 3742 a

378 3773 756 3829 Macedonicae
795 3772 1032 3828 ditionis
1063 3771 1354 3829 solutione
1395 3772 1714 3830 vicesimus
1747 3779 1984 3830 octavus
2022 3784 2037 3823 τ

381 3876 512 3916 cum
563 3861 823 3917 Salvator
867 3865 1084 3928 noster,
1135 3863 1242 3916 sub
1291 3877 1356 3918 eo
1407 3861 1508 3933 qui
1568 3867 1693 3918 tum
1759 3863 2039 3934 agebatur

380 3965 580 4015 censu,
610 3949 850 4022 Cyrenio
899 3951 976 4022 (5)
1025 3951 1204 4022 Syriae
1245 3951 1614 4022 pris-sidente,
1649 3953 1706 4006 in
1742 3953 2034 4010 Bethleem

379 4043 552 4096 natus
581 4041 674 4094 est
705 4054 718 4092 :
754 4037 834 4094 ita
876 4043 939 4092 ut
969 4038 1144 4094 etiam
1177 4054 1280 4110 per
1331 4039 1688 4110 prephetiam
1720 4047 1804 4097 est
1837 4043 2038 4112 praedi-

370 4131 550 4183 ctum.
579 4126 730 4182 Exiit
752 4127 946 4198 itaque
967 4127 1222 4183 edictum
1255 4144 1466 4184 census
1495 4138 1547 4184 et
1579 4129 1992 4202 descriptionis
2017 4147 2032 4198 ;

372 4217 700 4287 invitosque
726 4216 923 4286 etiam,
947 4216 1004 4270 in
1039 4233 1244 4272 serena
1274 4216 1373 4272 illa
1400 4217 1825 4289 tranquillitate
1849 4221 2034 4291 pacis,

373 4320 498 4376 quae
529 4321 596 4360 ex
629 4304 805 4360 unius
837 4303 1079 4375 imperio
1109 4305 1440 4369 obvenerat,
1466 4305 1715 4376 patriam
1743 4323 2034 4380 quemque

371 4411 538 4450 suam
572 4401 782 4466 petere,
814 4393 1014 4464 ibique
1067 4394 1289 4449 censeri
1333 4399 1508 4466 atque
1539 4395 1788 4450 describi
1820 4398 2028 4469 coegit.

2794 3086 3050 3142 ΚΕΦΑΛ.
3085 3088 3147 3142 i'.

2147 3171 2304 3246 Περὶ
2333 3172 2609 3253 sagina
2635 3171 3016 3253 Αὔγουστον
3050 3176 3382 3253 Καίσαρος
3411 3197 3787 3253 γεῂνομενης

2213 3245 2407 3324 is“-
2433 3245 2766 3324 “.9915th
2825 3245 3436 3324 δεπυγραφῆς·ζκαῖ’
3473 3245 3597 3324 ivi
3637 3249 3788 3324 περὶ

2215 3317 2414 3370 αὐτοῦ
2455 3316 2798 3395 ⁵Ἰῴσῃπος
2847 3316 3133 3388 inops?"
3185 3319 3297 3374 καὶ
3347 3319 3497 3395 περὶ
3563 3316 3786 3376 ’Ἶιοόδα

2215 3391 2328 3442 τοῦ
2361 3385 2750 3446 Γαλιλαίου.

2217 3493 2437 3566 Κόσμου
2470 3494 2566 3564 μὲν
2597 3493 2692 3549 οὖν
2740 3489 2860 3556 ἔτος
2903 3499 3200 3564 τηνικαῦτα
3255 3495 3498 3554 ἐνίστατο
3537 3498 3787 3571 πέμπτον

2144 3584 2234 3637 xiii
2264 3582 2714 3638 πεντακοσιοστὸν
2739 3585 2875 3658 πρὸς
2903 3587 2981 3656 τῷ
3035 3585 3283 3650 πεντάκις
3331 3587 3604 3664 χιλιοστῷ
3638 3609 3651 3622 ·
3685 3588 3788 3644 Δὸ-

2144 3692 2376 3747 γουστου
2453 3669 2510 3726 δὲ
2577 3671 2837 3746 Καίσαρος
2900 3671 3146 3749 δεύτερον
3209 3675 3299 3730 καὶ
3363 3678 3787 3748 τεσσαρακοστὸν

2145 3761 2214 3828 ἣν
2248 3781 2261 3792 ο
2295 3761 2430 3833 μετᾶ
2461 3758 2518 3814 δὲ
2545 3761 2644 3828 τήν
2671 3768 2770 3829 τῆς
2821 3759 3200 3832 Μακεδονικῆς
3254 3761 3563 3826 δυναστείας
3621 3766 3788 3821 κατά-

2147 3849 2300 3904 λυσιν
2335 3845 2526 3924 ὄγδοον
2547 3851 2683 3924 πρὸς
2712 3854 2792 3922 τῷ
2843 3850 3072 3924 εἰκοστῷ
3105 3871 3117 3884 ·
3171 3852 3334 3922 ἡνίκα
3379 3855 3470 3908 καὶ
3519 3855 3547 3908 ὁ
3595 3857 3789 3930 Σωτήρ

2145 3941 2305 4011 ἡμῶν
2335 3938 2422 3994 ἐπὶ
2450 3945 2552 4008 τῆς
2584 3939 2708 3994 τότε
2755 3939 3096 4018 ἀπογραφῆς,
3131 3946 3394 4015 Κυρηνίου
3443 3950 3543 4012 τῆς
3593 3945 3790 4018 Συρίας

2145 4029 2603 4106 ἡγεμονεύοντος,
2654 4027 2707 4083 ἐν
2762 4028 3010 4104 Βηθλεὲμ
3059 4035 3310 4106 γεννᾶται
3344 4050 3359 4066 ⁶
3399 4033 3474 4095 ὡς
3507 4030 3692 4102 δήκαὶ
3721 4040 3790 4109 τῇ

2144 4140 2451 4196 προφητειᾳ
2479 4118 2648 4178 δοκεῖ.
2681 4119 2908 4194 Ἐξῆλοε
2944 4121 3124 4177 τοίνυν
3171 4123 3234 4178 τὸ
3284 4120 3466 4197 δόγμα
3501 4132 3602 4193 τῆς
3650 4125 3792 4181 ἀπο-

2141 4213 2352 4288 γραφῆς
2387 4227 2400 4242 ’
2447 4210 2676 4264 συνώθει
2722 4206 2780 4265 δὲ
2825 4210 2913 4265 καὶ
2975 4208 3202 4274 ἄκοντας
3250 4213 3452 4267 πάντας
3483 4211 3534 4268 ἕν
3567 4213 3787 4290 γαλήνῃ

2143 4303 2218 4372 ῆῇ
2269 4297 2326 4353 ἐκ
2365 4302 2465 4364 τῆς
2504 4297 2804 4373 μοναρχίας
2852 4295 3010 4368 δῆθεν
3061 4300 3197 4375 πρὸς
3236 4302 3336 4371 τήν
3379 4302 3634 4380 σφετέραν
3675 4324 3788 4358 πα-

2140 4386 2318 4462 τρίδα,
2351 4387 2504 4442 κᾶκεῖ
2532 4387 2936 4465 ἀπογράφεσθαι
2969 4407 2983 4422 ο
3035 4389 3128 4444 σὺν
3179 4389 3374 4454 ἄλλοις
3423 4389 3479 4446 δὲ
3525 4395 3614 4448 καὶ
3663 4393 3785 4450 Ἰω-

367 4483 509 4539 Cum
541 4461 671 4538 aliis
701 4497 870 4554 porro
899 4461 958 4538 et
984 4479 1095 4538 69
1129 4481 1372 4554 Joseph,
1399 4461 1517 4538 una
1547 4499 1680 4540 cum
1713 4461 2033 4554 Maria,ad-

2149 4478 2250 4555 σὴφ
2301 4477 2509 4550 σύναμα
2561 4483 2627 4546 τῆ
2682 4461 2974 4552 θαυμαστῇ
3026 4483 3291 4552 γυναικῶν
3359 4481 3589 4556 Μαριὰμ
3647 4483 3788 4558 πρὸς

441 4607 519 4679 (I)
553 4605 806 4682 Herodes
838 4605 1327 4682 Atemplum,_post
1357 4606 1748 4682 captivitatem
1779 4607 2024 4682 Babylo-

376 4677 562 4734 nicum
608 4696 639 4732 a
688 4677 1004 4733 Zorobabel
1050 4683 1107 4733 et
1155 4677 1298 4732 Esra
1347 4680 1718 4748 aedificatum,
1768 4677 2026 4737 funditus

373 4750 570 4824 diruit,
603 4751 964 4824 etgmaximis
995 4749 1352 4824 sumptibus,
1383 4766 1732 4824 summaque
1765 4752 2026 4824 magnifi-

373 4823 583 4896 centia,
617 4819 772 4878 aliud
804 4819 1146 4877 secundum
1179 4822 1422 4896 formam
1455 4819 1836 4896 primifillius,
1862 4819 2023 4896 Quod

371 4893 648 4966 Solomon
715 4898 1114 4966 exstruxerat,
1167 4894 1358 4966 denuo
1416 4894 1699 4966 condidit.
1760 4893 2021 4966 (Joseph.

372 4965 603 5037 lib._xv,_
627 4979 752 5037 cap.
788 4965 875 5037 ii,
907 4965 979 5020 De
1011 4965 1134 5019 bell.
1165 4963 1378 5020 Judaic.
1414 4965 1512 5020 lib.
1548 4981 1587 5027 ι,
1619 4983 1743 5037 cap.
1769 4963 1893 5037 ⁷27.)

443 5035 523 5120 (2)
581 5035 742 5120 I516";
777 5036 1093 5120 ,ξίιηριιεω
1129 5051 1428 5120 meum
1472 5053 1643 5120 suum
1693 5035 2023 5120 ἐαοβξέίοιίο

375 5105 646 5178 privavit,
679 5113 738 5164 et
777 5107 1082 5181 Matthiam
1128 5107 1654 5181 Theophilifilium
1689 5110 2021 5181 pontificem

376 5177 715 5248 designavit.
750 5180 956 5250 (idem,
987 5177 1087 5234 lib.
1121 5195 1258 5246 xm,
1290 5177 1414 5250 cap.
1445 5179 1523 5247 5.)

448 5251 521 5320 (3)
551 5251 610 5306 Si
659 5251 1054 5306 hebdomadas
1105 5251 1354 5308 Danielis
1403 5257 1812 5323 computentur
1861 5269 1894 5307 a
1925 5267 2025 5308 se—

380 5323 572 5378 cundo
624 5338 776 5377 anno
826 5325 1156 5380 Artaxerxis
1207 5323 1566 5390 Longimani,
1621 5328 1723 5380 aut
1771 5323 2024 5387 circiter,

379 5407 564 5464 usque
596 5394 661 5447 ad
707 5401 948 5450 mortem
984 5399 1040 5448 et
1089 5396 1591 5468 resurrectionem,
1625 5396 1862 5468 etquod
1903 5411 2025 5450 eam

382 5471 762 5519 consecutum
794 5470 880 5520 est
913 5481 1155 5538 regnum
1187 5465 1398 5520 Christi
1431 5465 1793 5535 etjustitia'm
1817 5468 2030 5536 sempi-

381 5542 629 5600 ternam,
655 5550 706 5608 ei
739 5553 1052 5604 perpaucos
1083 5539 1322 5608 insuper
1351 5555 1550 5604 annos,
1585 5539 1884 5608 completas
1918 5539 2030 5594 illas

383 5609 544 5664 certa
586 5607 805 5662 ratione
862 5607 1250 5666 inveniantur.
1297 5610 1600 5664 Rcsultant
1643 5607 1798 5665 enim
1849 5627 1917 5666 ex
1959 5610 2032 5664 70

381 5677 852 5735 hebdomadibus
899 5680 1034 5734 anni
1064 5679 1169 5733 490
1197 5703 1212 5747 ;
1243 5683 1345 5734 aut
1377 5685 1530 5735 certe
1559 5681 1628 5735 de
1659 5682 1884 5737 duobus
1915 5680 2033 5736 sal-

382 5756 500 5808 tem
532 5754 634 5806 aut
663 5749 852 5806 tribus
883 5751 1050 5808 annis
1081 5751 1436 5822 ambiguitas
1469 5751 1688 5823 reliqua
1715 5759 1824 5810 est.
1857 5753 2034 5810 Ceste-

2137 4619 2266 4658 rum
2312 4601 2524 4658 certior
2571 4601 2764 4674 adhuc
2812 4605 3168 4674 computatio
3217 4605 3409 4673 fuerit,
3449 4605 3498 4662 si
3548 4606 3620 4660 70
3667 4607 3788 4662 ista!

2135 4675 2480 4750 septimanae
2523 4673 2826 4728 exordium
2876 4673 3109 4750 sumant
3139 4676 3267 4750 1132
3299 4693 3450 4733 anno
3485 4677 3641 4750 Darii
3675 4677 3790 4750 Hy-

2135 4747 2354 4814 staspis
2378 4745 2500 4812 lilii,
2525 4761 2640 4816 quo
2657 4761 2808 4800 anno
2830 4746 2978 4800 muri
2998 4745 3320 4804 Jerusalem
3349 4756 3488 4804 sunt
3511 4745 3789 4805 absoluti.

2133 4818 2408 4892 (iiiisir.
2440 4833 2468 4871 ν
2521 4822 2578 4871 et
2621 4817 2721 4887 νι.)
2754 4817 3139 4892 “aperiuntur
3190 4836 3446 4890 namque
3499 4837 3685 4892 usque
3717 4825 3788 4876 ad

2133 4889 2398 4946 Chistum
2437 4894 2638 4942 natum
2673 4890 2810 4944 anui
2841 4889 2964 4942 490.

2205 4961 2284 5032 (4)
2321 4959 2556 5034 Variaut
2585 4975 2638 5013 in
2674 4960 3048 5034 annotatione
3079 4960 3216 5016 anni
3251 4960 3433 5034 huius
3466 4961 3791 5019 nativitatis

2134 5031 2344 5104 Christi
2401 5031 2841 5104 chronographi
2862 5040 2940 5104 et
2985 5039 3312 5104 temporum
3338 5031 3788 5090 'observatores.

2131 5103 2274 5160 Nam
2304 5103 2572 5174 aquidam
2605 5102 2780 5158 etiam
2811 5102 3122 5159 Christum
3143 5110 3336 5160 natum
3367 5120 3495 5160 esse
3522 5113 3797 5160 asserunt

2133 5192 2285 5230 anno
2318 5175 2536 5230 mundo
2573 5175 2810 5230 condito
2850 5174 3012 5243 39M,
3046 5177 3317 5232 nonnulli
3355 5176 3516 5242 3962,
3549 5178 3790 5248 quidam

2136 5248 2306 5300 etiam
2341 5247 2502 5300 3979.

2136 5248 2306 5303 etiam
2341 5248 2502 5302 3979.

2205 5319 2282 5389 (5)
2331 5318 2634 5388 Cyrenium
2687 5315 3103 5389 aliiACyrinum
3155 5317 3478 5374 nominant.
3520 5318 3792 5374 Fortasse

2135 5387 2324 5446 autem
2352 5387 2698 5444 Censorinus
2733 5387 2859 5442 fuit.
2893 5389 2952 5444 C.
2983 5391 3135 5444 enim
3172 5389 3408 5446 Martius
3438 5394 3795 5447 Censorinus

2137 5479 2272 5520 eum
2303 5462 2366 5517 C.
2400 5461 2600 5515 Asinio
2630 5459 2788 5514 Gallo
2810 5460 3177 5516 consulatum
3201 5463 3400 5528 gessit,
3423 5479 3520 5518 an.
3545 5463 3616 5518 ab
3647 5461 3790 5518 Ut‘ll.

2138 5534 2354 5589 condit.
2385 5532 2511 5587 746.
2547 5530 2724 5586 Paulo
2763 5537 2898 5586 ante
2929 5549 3080 5601 vero,
3114 5549 3264 5587 anno
3294 5533 3415 5588 742.
3451 5551 3598 5589 coss.
3633 5537 3797 5589 fuero

2139 5604 2214 5662 Μ.
2252 5607 2438 5676 Vuler.
2475 5601 2712 5676 Messala
2759 5612 2812 5658 et
2853 5603 3238 5676 BKSulpitiuB
3281 5604 3578 5674 Quirinus,
3613 5621 3793 5676 quem

2142 5676 2312 5734 multi
2343 5674 2650 5748 Cyrenium
2681 5673 2834 5730 hunc
2866 5673 3047 5730 fuisse
3062 5673 3299 5747 'putant.
