4096 6284
324 377 440 439 661

1359 388 1980 469 ECCLESIAS'l'lG/E
2024 392 2410 455 HlSTOHIzE
2462 395 2601 455 LIB.
2651 397 2699 455 Ι.

3615 395 3734 455 662

319 516 415 583 τήν
452 515 594 572 ἰδίαν
648 521 952 595 μετεχώρει
1000 520 1166 577 πόλιν
1212 522 1310 590 τὴν
1366 521 1636 595 Βηθλεέμ,
1685 527 1764 593 τῷ
1811 543 1922 597 περι

2036 526 2385 593 _miratione
2435 528 2587 585 inter
2650 528 2924 586 mulieres
2974 543 3177 584 omnes
3239 527 3601 601 dignissima,
3652 526 3725 581 ad

317 608 493 682 χώρῳ
540 616 643 678 τῆς
695 608 957 673 Ἰουδαίας
1007 610 1419 686 ἠριθμημέντ,ν,
1460 612 1534 673 ὡς
1575 611 1635 667 ἐκ
1685 610 1846 667 Δαυίδ
1878 608 1965 669 ἕλ-

318 716 427 750 κων
458 697 523 752 τὸ
553 699 731 773 γένος,
765 698 940 755 λιπὼν
976 700 1045 769 ἣν
1085 701 1328 775 παρῴκει
1368 699 1530 755 πόλιν
1577 702 1674 769 τὴν
1724 704 1961 776 Ναζαρὲτ

317 783 619 862 ἀλλοτρίαν
679 790 876 844 οὗσαν’
937 788 1002 857 ἥν
1058 790 1224 845 οἰκεῖν
1290 787 1544 859 τηνικάδε
1601 788 1804 860 ε’ίλετο,
1861 794 1959 860 τῆς

322 878 511 952 χώρας
542 886 661 942 τοῖς
692 881 955 956 πρότερον
997 883 1248 959 συνεχέσι
1297 881 1566 954 πολέμοις
1605 876 1744 936 ἔνθεν
1784 881 1961 937 κάκεῖ-

318 968 404 1022 θεν
445 969 901 1043 μεταχωρούσης.
955 970 1271 1040 Συνήλαυνέ
1310 992 1371 1046 γε
1411 971 1506 1041 μὲν
1544 972 1606 1024 τὸ
1645 968 1824 1046 δόγμα
1862 976 1958 1027 τοῦ

324 1056 593 1132 Καίσαρος
626 1060 761 1132 πρὸς
805 1061 905 1129 τήν
959 1056 1096 1114 ἰδίαν
1133 1058 1295 1114 πόλιν
1336 1061 1428 1114 τὸν
1471 1061 1695 1132 Ἰωσὴφ,
1730 1058 1818 1115 ’ίνα
1868 1061 1959 1115 καὶ

317 1148 352 1215 ἡ
385 1149 694 1225 προφητεία
723 1151 798 1221 μὴ
849 1146 1113 1222 διαπέσῃ·
1175 1149 1293 1204 Καὶ
1340 1150 1443 1219 σὺ,
1493 1148 1827 1221 Βηθλεέμ,
1873 1157 1952 1225 γῆ

316 1233 571 1306 Ἰούδα,
609 1234 920 1310 οὐδαμῶς
968 1236 1294 1312 ἐλαχίστη
1342 1238 1402 1292 εἷ
1431 1238 1496 1292 ἐν
1532 1243 1671 1300 τοῖς
1712 1240 1957 1314 ἡγεμό-

317 1346 417 1380 σιν
460 1324 717 1396 Ἰούδα,
761 1327 1105 1396 θεσπίζουσα.
1139 1333 1245 1395 Τῆς
1296 1323 1342 1381 δ’
1390 1327 1711 1404 ἀπογραφῆς
1750 1329 1956 1398 ταύτης

314 1416 540 1488 βαρείας
569 1420 650 1486 τῷ
687 1413 964 1472 Ἰουδαίων
1007 1412 1141 1471 ἔθνει
1188 1417 1568 1491 γεγενημένης,
1609 1416 1698 1473 καὶ
1731 1417 1759 1470 ὁ
1789 1414 1952 1495 φιλα-

309 1505 491 1575 λήθης
523 1505 790 1575 Ἰώσηπος
838 1505 890 1560 ἐν
942 1511 1009 1580 τῇ
1063 1503 1500 1580 ὀκτωκαιδεκάτῃ
1537 1509 1644 1560 τῶν
1693 1507 1950 1580 ἱστοριῶν

308 1592 734 1666 ἐμνημόνευσεν,
788 1596 934 1651 οὕτω
983 1593 1226 1668 διεξιών·
1281 1616 1307 1648 ε
1344 1597 1608 1670 Κυρήνιος
1640 1593 1699 1650 δὲ
1734 1600 1842 1650 τῶν
1871 1597 1951 1658 εἰς

302 1686 407 1752 τήν
454 1683 659 1757 βουλήν
700 1685 1107 1760 συναγομένων,
1150 1685 1287 1759 ἀνὴρ
1327 1685 1421 1747 τάς
1458 1705 1516 1740 τε
1553 1682 1727 1746 ἄλλας
1774 1684 1947 1761 ἀρχὰς

301 1771 721 1840 ἐπιτετελεκὼς,
759 1774 851 1829 καὶ
903 1772 993 1829 διὰ
1039 1778 1225 1829 πασῶν
1277 1772 1501 1836 ὁδεύσας
1548 1773 1752 1836 ὕπατος
1799 1777 1949 1850 γενέ-

2071 614 2361 673 civitatem
2395 634 2565 673 suam
2601 617 3081 687 Bethleem,intra
3109 617 3327 674 Judmze
3355 618 3503 673 ﬁnes
3526 617 3722 684 sitam,

2070 706 2304 779 (quippe
2347 709 2445 778 qui
2493 723 2563 764 ex
2608 707 2823 763 Davide
2871 723 3054 777 genus
3079 707 3352 778 traheret)
3392 711 3479 763 est
3531 707 3712 777 profe-

2069 799 2227 864 ctus;
2261 811 2390 851 eam
2423 812 2598 867 quam
2636 801 2760 852 tum
2794 794 3108 861 incolebat,
3130 795 3422 851 'Nazaretb
3455 794 3718 863 seiliciet,

2069 883 2428 956 relinquens.
2470 886 2603 940 Erat
2631 901 2700 940 ea
2748 885 2832 941 illi
2863 885 3070 952 aliena,
3118 885 3218 939 sed
3260 883 3338 939 ibi
3368 888 3495 939 tum
3527 884 3719 940 domi-

2067 973 2268 1029 cilium
2303 974 2587 1029 habebat:
2621 973 2776 1045 quod
2814 973 3027 1029 Judaaaa
3060 973 3237 1044 regio,
3271 972 3551 1044 proximis
3583 989 3717 1028 con~

2067 1061 2250 1117 tinnis
2289 1061 2475 1129 bellis,
2510 1062 2683 1133 nunc:
2710 1064 2767 1117 in
2800 1062 3002 1133 hujus,
3038 1077 3192 1118 nunc
3250 1062 3311 1118 in
3342 1061 3503 1119 illius
3556 1068 3719 1134 pote-

2065 1154 2277 1207 statem
2310 1151 2638 1207 transisset.
2672 1151 2939 1207 Edictum
2963 1155 3156 1207 autem
3190 1151 3432 1207 Caesaris
3463 1150 3523 1207 in
3547 1166 3713 1207 suam

2063 1242 2356 1299 civitatem
2415 1243 2609 1315 ipsum
2666 1242 2983 1312 Josephum
3016 1250 3303 1314 coegerat,
3344 1259 3417 1298 ne
3445 1242 3585 1315 quid
3636 1243 3709 1298 de

2059 1333 2414 1388 vaticinante
2445 1331 2751 1405 prophetia
2780 1331 2881 1388 illa
2913 1332 3278 1389 intercideret
3306 1348 3320 1388 :
3356 1332 3417 1387 Et
3437 1339 3520 1403 tu,
3542 1332 3707 1389 Beth-

2061 1421 2218 1489 leem,
2252 1426 2406 1477 terra
2436 1421 2606 1487 Iuda,
2636 1437 2986 1493 nequaquam
3010 1420 3247 1477 minima
3288 1437 3343 1477 es
3363 1424 3422 1477 in
3441 1421 3710 1494 principi-

2060 1511 2162 1567 bus
2189 1511 2331 1568 Iuda
2389 1512 2452 1568 ιτ.
2501 1512 2723 1568 Census
2765 1515 2825 1566 et
2872 1509 3281 1581 descriptionis
3330 1510 3530 1580 hujus,
3582 1526 3709 1581 quas

2056 1600 2249 1671 gravis
2297 1601 2608 1657 admodum
2644 1599 2979 1656 Judeorum
3028 1600 3186 1668 genti
3218 1600 3345 1667 fuit,
3377 1603 3435 1655 et
3462 1599 3589 1671 ipse
3606 1616 3708 1657 ve-

2057 1689 2241 1746 ritatis
2280 1693 2639 1747 consectatur
2681 1689 2974 1761 Josephus
3019 1688 3081 1744 in
3111 1689 3339 1744 decimo
3370 1693 3573 1744 octavo
3608 1690 3704 1745 lli-

2054 1778 2363 1834 storiarum
2431 1793 2672 1833 suarum
2722 1776 2870 1832 libro
2909 1775 3201 1842 meminit,
3251 1775 3414 1832 hisce
3460 1777 3700 1833 verbis:

299 1865 446 1931 σθαι,
477 1866 546 1919 τά
589 1886 648 1919 τε
696 1862 842 1921 ἅλλα
884 1865 1154 1938 ἀξιώματι
1210 1864 1399 1941 μέγας,
1449 1865 1541 1919 σὺν
1592 1863 1810 1938 ὀλίγοις
1858 1865 1922 1920 ἐπ

2059 1888 2087 1917 ‹‹
2106 1867 2407 1939 Cyrenius,
2436 1867 2524 1923 vir
2554 1865 2836 1922 senatorii
2877 1866 3119 1934 ordinis,
3143 1865 3322 1938 gestis
3343 1864 3547 1922 ordine
3575 1866 3703 1924 aliis

300 1952 498 2028 Συρίας
530 1960 730 2027 παρῆν,
764 1954 868 2008 ὑπὸ
918 1954 1194 2029 Καίσαρος
1235 1951 1581 2024 δικαιοδότης
1610 1958 1708 2008 τοῦ
1752 1952 1940 2019 ἓθνους

296 2042 732 2113 ἀπεσταλμένος,
763 2044 850 2098 καὶ
874 2045 1118 2116 τιμητὴς
1146 2047 1256 2098 τῶν
1281 2043 1480 2098 οὐσιῶν
1499 2045 1883 2119 γενησόμενος,
1912 2068 1934 2096 1

296 2133 391 2186 Καὶ
430 2134 546 2202 μετ’
574 2131 742 2207 ἀλίγα
763 2150 776 2165 ·
809 2159 837 2185 ιι
873 2130 1076 2194 Ἰούδας
1106 2131 1163 2187 δὲ
1192 2131 1548 2202 Γαλαυνίτης,
1581 2134 1718 2207 ἀνὴρ
1749 2131 1809 2188 ἐκ
1836 2133 1937 2189 πό-

294 2221 436 2282 λεως
466 2218 644 2294 ὄνομα
676 2220 959 2295 Γαμάλας,
992 2219 1269 2277 Σάδδοκον
1296 2226 1597 2296 Φαρισαῖον
1628 2218 1938 2294 προσλαϐό-

296 2330 475 2381 μενος,
517 2309 777 2386 ἠπείγετο
825 2309 913 2365 ἐπί
970 2310 1282 2379 ἀποστάσει,
1337 2314 1438 2382 τήν
1485 2331 1542 2366 τε
1597 2310 1933 2384 ἀποτίμησιν

291 2397 444 2454 οὐδὲν
489 2398 634 2455 ἀλλο
683 2398 718 2468 ἢ
759 2397 994 2471 ἅντικρις
1044 2400 1293 2456 δουλείαν
1335 2395 1604 2478 ἐπιφέρειν
1662 2399 1930 2474 λέγοντες,

286 2486 374 2542 καὶ
416 2495 514 2557 τῆς
562 2487 871 2564 ἐλευθερίας
920 2488 1001 2544 ἐπ’
1045 2490 1334 2562 ἀντιλήψει
1381 2490 1820 2560 παρακαλοῦντες
1866 2492 1929 2545 τὸ

286 2573 453 2638 ἔθνος.
489 2601 519 2629 ι)
552 2577 650 2632 Καὶ
680 2575 731 2631 ἐν
865 2576 1087 2651 δευτέρᾳ
1117 2576 1173 2633 δὶ
1220 2582 1328 2632 τῶν
1379 2574 1767 2633 Ἰουδαϊκῶν
1814 2599 1930 2633 πο-

288 2665 508 2738 λέμων
530 2684 545 2699 '
578 2691 607 2719 ‹‹
641 2666 763 2723 Ἐπὶ
792 2668 1044 2735 τούτους,
1096 2667 1292 2741 λέγων,
1324 2668 1459 2743 ἀνήρ
1506 2688 1590 2731 τις
1633 2665 1930 2732 Γαλιλαῖος

287 2753 499 2818 Ἰούδας
546 2753 741 2831 ὄνομα,
801 2756 878 2819 εἷς
934 2757 1261 2812 ὀιποστασίαν
1317 2757 1474 2831 ἐνῆγε
1527 2756 1655 2821 τοὺς
1711 2757 1927 2832 ἐπιχω-

293 2843 443 2917 ρίους
468 2862 482 2877 ·
513 2847 764 2915 κακίζων,
798 2845 844 2901 εἰ
877 2846 1041 2922 φόρον
1071 2867 1131 2902 τε
1168 2846 1464 2918 Ῥωμαίοις
1494 2845 1670 2901 τελεῖν
1721 2847 1924 2919 ὑπομέ-

291 2954 458 3004 νουσι,
492 2935 579 2989 καὶ
613 2935 748 3009 μετᾶ
777 2934 869 2990 τὸν
903 2935 1031 2990 Θεὸν
1064 2933 1272 2989 οἴσουσι
1315 2936 1543 3005 θνητοὺς
1576 2932 1859 2998 δεσπότας,
1893 2960 1921 2987 ››

281 3030 322 3100 ῼ
349 3021 564 3095 συνῳδὰ
605 3024 695 3079 καὶ
747 3029 957 3087 Λουκᾶς
1001 3024 1053 3078 ἐν
1098 3045 1215 3087 ταις
1265 3025 1434 3097 ἱεραῖς
1487 3025 1711 3097 Πράξεσι
1755 3025 1923 3103 φθέγ-

286 3133 456 3187 γεται,
491 3113 669 3168 Μετά
716 3118 979 3182 τοῦτον,
1028 3112 1269 3188 λέγων,
1318 3115 1555 3181 ἀνέστη
1609 3111 1920 3176 Ἰούδαςὸ

282 3200 653 3265 Γαλιλαῖος
690 3202 752 3257 ἐν
794 3207 940 3263 ταῖς
990 3205 1277 3278 ἡμέραις
1330 3210 1447 3272 τῆς
1495 3203 1920 3282 ἀπογραφῆς,

2054 1956 2516 2028 magistratibus,
2562 1970 2689 2011 cum
2736 1953 2850 2010 alia
2895 1954 3085 2012 omnis
3140 1952 3368 2025 generis
3420 1953 3701 2025 dignitate

2051 2044 2244 2102 clarus
2275 2044 2405 2112 fuit,
2439 2049 2564 2099 tum
2597 2044 2667 2098 ad
2693 2043 3065 2099 consulatum
3113 2043 3290 2097 etiam
3324 2042 3602 2113 pervenit.
3646 2042 3700 2097 Is

2047 2150 2181 2189 cum
2228 2132 2431 2205 paucis
2478 2133 2536 2188 in
2583 2130 2748 2203 Syria
2808 2136 3027 2199 erat,.a
3082 2132 3307 2187 Casare
3353 2147 3420 2186 eo
3465 2130 3696 2198 missus,

2046 2227 2111 2279 ut
2136 2224 2233 2295 jus
2262 2223 2492 2293 diceret,
2528 2221 2942 2293 justitiamque
2974 2220 3186 2292 populo
3231 2218 3695 2287 administraret,

2043 2316 2385 2382 etprmterea
2410 2327 2651 2367 censum
2692 2310 2770 2365 ibi
2803 2310 3131 2381 ageret.»Et
3160 2313 3294 2381 post
3324 2324 3509 2380 pauca
3532 2308 3693 2365 dein-

2041 2418 2176 2474 ceps
2209 2418 2223 2456 :
2249 2424 2275 2452 ι(
2308 2401 2492 2457 Judas
2513 2398 2871 2465 Gaulanites,
2902 2414 2973 2454 ex
2999 2398 3215 2471 oppido
3248 2397 3697 2455 Gamalaoriun-

2040 2493 2175 2560 dus,
2223 2491 2487 2548 Saddoco
2528 2489 2822 2545 Pharisaso
2853 2488 3115 2561 partibus
3144 2489 3266 2544 suis
3295 2487 3592 2558 adjuncto,
3616 2492 3685 2543 ad

2038 2580 2381 2637 seditionem
2465 2586 2515 2634 et
2582 2577 2968 2635 defectionem
3028 2576 3254 2647 plebem
3314 2576 3685 2643 sollicitabat,

2036 2686 2395 2742 censumque
2432 2667 2580 2725 nihil
2611 2667 2765 2725 aliud
2816 2683 2996 2739 quam
3047 2682 3264 2724 meram
3299 2684 3541 2740 prorsus
3570 2684 3684 2725 ser-

2035 2761 2277 2816 vitutem
2316 2759 2519 2815 atferre
2566 2757 2941 2829 praedicabat,
2975 2755 3370 2829 populumque
3399 2757 3469 2812 ad
3504 2756 3683 2813 liber-

2033 2856 2212 2907 tatem
2245 2850 2615 2906 asserendam
2642 2847 3071 2905 cohortabatur.
3105 2869 3135 2898 »
3167 2851 3230 2903 In
3264 2847 3523 2905 secundo
3547 2863 3685 2920 quo-

2034 2956 2148 3012 quo
2190 2938 2320 2995 belli
2364 2936 2585 2994 Iudaici
2626 2936 2795 3005 libro,
2829 2937 2912 2993 ita
2960 2935 3199 3007 inquit:
3234 2959 3262 2987 ‹‹
3312 2936 3411 2992 Vir
3440 2936 3676 3009 quidam

2031 3027 2324 3095 Galilmus,
2351 3026 2380 3083 J
2392 3027 2538 3082 udas
2568 3024 2824 3092 nomine,
2856 3023 3165 3096 populares
3198 3024 3270 3081 ad
3293 3024 3674 3082 defectionem

2029 3115 2375 3185 sollicitavit,
2426 3114 2752 3171 maledictis
2775 3115 3052 3186 probrose
3098 3112 3232 3170 illos
3261 3114 3583 3184 insectans,
3619 3115 3669 3169 si

2033 3205 2309 3262 Romanis
2356 3204 2630 3261 tributum
2670 3204 2916 3275 pendere
2965 3206 3424 3275 perseverarent,
3471 3207 3530 3260 et
3585 3220 3678 3259 se-

336 3255 742 3265 iervrir‘iv
809 3255 938 3263 “’⁷ν’
999 3255 1275 3278 'II"'I'""
1343 3255 1444 3272 “⁸“
1499 3255 1920 3282 “““⁷Ιι’““ῘΊ⁷1

278 3292 380 3346 καὶ
417 3291 785 3361 ἀπέστησεν
818 3292 1042 3347 ἱκανὸν
1074 3291 1230 3347 λαὸν
1263 3291 1472 3347 ὀπίσω
1512 3291 1751 3347 αὐτοῦ·
1803 3293 1920 3349 κά-

2036 3255 2306 3262 --η-η--
2360 3255 2630 3261 ---__-__
2670 3255 2910 3275 rm“-
2965 3255 3424 3275 ,-_-_,--__-_-,
3478 3255 3527 3260 --
3589 3255 3641 3259 η

2036 3295 2295 3353 cundum
2342 3293 2524 3350 Deum
2577 3291 2852 3348 mortales
2901 3291 3118 3349 ferrent
3161 3291 3455 3348 dominos.
3488 3312 3518 3342 »
3569 3291 3674 3348 Cui

271 3386 497 3442 κεῖνος
530 3380 842 3437 ἀπώλετο
868 3401 881 3413 ·
924 3383 1031 3436 καὶ
1062 3383 1296 3443 πάντες
1331 3377 1473 3437 ἔσοι
1507 3380 1912 3452 ἐπείσθησαν

268 3471 469 3543 αὐτῷ,
505 3469 1148 3546 διεσκορπίσθησαν.
1179 3496 1211 3524 »

2028 3385 2208 3440 Lucas
2250 3384 2307 3439 in
2341 3383 2525 3438 sacris
2554 3381 2714 3437 Actis
2754 3396 3013 3437 consona
3033 3396 3266 3452 quoque
3294 3380 3513 3448 scribit,
3550 3384 3675 3436 Post

2024 3474 2189 3541 hunc,
2236 3473 2529 3545 inquiens,
2562 3472 2773 3527 exstitit
2826 3470 2994 3527 ludas
3060 3470 3337 3537 Galilams,
3370 3471 3429 3524 in
3483 3468 3672 3535 diebus

264 3561 681 3633 descriptionis,
711 3567 763 3617 et
807 3577 904 3634 per
957 3562 1327 3630 defectionem
1377 3562 1577 3617 avertit
1601 3563 1867 3633 populum
1904 3562 2161 3619 multum.
2211 3561 2384 3618 Periit
2413 3563 2596 3617 autem
2644 3561 2779 3631 ipse,
2809 3564 2862 3615 et
2917 3575 3101 3616 omnes
3148 3560 3455 3630 quicunque
3509 3558 3579 3612 ab
3607 3572 3668 3612 eo

258 3652 510 3725 persuasi
537 3656 785 3725 fuerant,
815 3652 1055 3725 dispersi
1080 3659 1212 3709 sunt
1238 3652 1303 3708 ιδ.

880 3762 1139 3847 ΚΕΦΑΛ.
1183 3762 1293 3816 IA'.

258 3864 631 3942 Ἐπιστολὴ
668 3863 1417 3942 ίῐουλίουιξΑφρικανοῢ
1463 3871 1581 3942 τοῦ
1631 3868 1897 3941 ἱστορι-

326 3941 445 4015 κοῦ
475 3939 641 4015 ςπρδς
676 3934 1282 4015 Ἀριστείδηνπερὶ
1312 3944 1431 4015 τῇς
1469 3938 1527 3993 ἐν
1566 3943 1645 4015 τῇ
1687 3934 1897 4015 γενέα-

329 4005 540 4083 λο-γία
591 4005 901 4083 Χριστοῦ
955 4005 1717 4083 δοκούσηςγδιαφωνίαὲ
1769 4017 1894 4066 τῶν

328 4078 532 4135 θείίυν
557 4078 1052 4154 εὐαγγελιστῶν
1074 4082 1412 4136 Ματθαίου
1438 4078 1506 4136 τε
1535 4082 1644 4137 καὶ
1666 4086 1895 4139 Λουκᾶ.

330 4186 479 4243 Ἐπεὶ
543 4183 600 4241 δέ
657 4188 928 4249 Ματθαῖός
986 4208 1043 4242 τε
1098 4189 1186 4242 καὶ
1248 4192 1454 4251 Λουκᾶς
1510 4190 1562 4243 οἱ
1627 4188 1897 4245 θεσπέσιοι

257 4276 355 4344 τὴν
410 4275 540 4350 περὶ
598 4280 832 4351 Χριστοῦ
891 4274 1235 4352 γενεαλογίαν
1296 4276 1569 4356 διαφόρως
1616 4276 1897 4350 ἐξέδωκαν,

256 4363 343 4418 καὶ
374 4364 502 4441 περὶ
532 4366 634 4434 τὴν
686 4361 949 4420 δοκοῦσαν
1000 4363 1299 4445 διαφωνίαν
1350 4372 1459 4421 τῶν
1506 4367 1628 4442 περὶ
1675 4368 1743 4422 τὰ
1780 4389 1900 4422 τοι·

2650 3759 2884 3815 CAPUT
2921 3758 3021 3815 XI.

2010 3868 2253 3939 Epistota
2282 3866 2423 3923 Julii
2449 3868 2697 3935 Africani
2725 3864 2973 3922 historici
3000 3864 3069 3920 ad
3093 3864 3439 3939 _4rislid_em,
3488 3864 3553 3920 de
3598 3881 3662 3921 ea

2077 3956 2197 4011 qua
2229 3941 2446 3995 videtur
2473 3955 2585 3994 esse
2613 3939 2672 3993 in
2702 3939 3046 4011 igenealogia
3077 3936 3285 4011 Christi
3314 3937 3658 3994 dissonantia

2078 4008 2224 4083 apud
2254 4011 2561 4066 Matthmum
2603 4018 2656 4065 et
2687 4010 2884 4065 Lucam
2915 4008 3301 4079 evangelistas.

2082 4190 2188 4249 70
2218 4190 2698 4262 Quandoquidem
2745 4193 2944 4246 autem
2975 4188 3089 4245 divi
3121 4188 3483 4258 evangelista
3513 4192 3658 4245 Mat-

2008 4281 2195 4338 theus
2225 4285 2283 4336 et
2311 4280 2517 4347 Lucas,
2541 4280 2934 4350 genealogiam
2966 4277 3180 4334 Christi
3209 4278 3366 4334 varie
3386 4278 3654 4350 prodidc~

2010 4375 2163 4438 runt,
2197 4375 2253 4425 et
2282 4386 2396 4425 non
2431 4370 2621 4441 pauci,
2654 4369 2753 4440 qui
2787 4367 3001 4423 talibus
3037 4371 3211 4423 rebus
3239 4368 3653 4440 persequendis

257 4457 388 4509 αὕτα
419 4451 610 4510 δεινῶν
643 4453 743 4508 οὐκ
783 4453 966 4529 ὀλίγοι
1011 4451 1241 4529 βίϐλους
1293 4453 1426 4517 ὅλας
1470 4455 1736 4527 ἐνέταζαν,
1787 4456 1897 4531 ἐγὼ

2036 4460 2203 4531 ειεεοὶ
2218 4458 2479 4530 clarique
2493 4457 2671 4512 habiti
2691 4457 2930 4525 sunt,de
2945 4473 3012 4512 ea
3025 4456 3652 4525 dissonantiaintegros

254 4540 431 4599 τᾶλλα
481 4541 694 4616 παρεὶς,
744 4544 1053 4621 Ἀφρικανῷ
1105 4546 1386 4619 χρήσομαι
1436 4545 1717 4619 ἱστορικῷ,
1766 4546 1897 4601 ἀπε-

254 4632 515 4709 λέγχοντι
561 4632 655 4708 μὶν
682 4635 776 4695 τὰς
806 4637 912 4688 τῶν
947 4632 1132 4689 ἄλλων
1166 4632 1344 4705 δόξας,
1377 4635 1451 4697 ὡς
1497 4637 1573 4705 μὴ
1621 4635 1899 4706 τάληθοῦς

252 4723 599 4801 ἐφικομένας,
631 4724 697 4794 ἢν
731 4720 779 4777 δ’
807 4722 967 4786 αὐτὸς
1010 4721 1070 4779 ἐκ
1110 4729 1217 4779 τῶν
1268 4725 1515 4800 ἀρχαίων
1567 4723 1896 4802 παρείληφεν

254 4810 307 4867 ἐν
344 4813 435 4874 οἷς
494 4814 616 4886 περὶ
674 4819 775 4880 τῆς
831 4816 939 4868 τῶν
999 4812 1346 4889 Εὐᾱγγελίων
1406 4811 1699 4891 διαφωνίας
1757 4814 1893 4889 πρὸς

256 4900 595 4977 Ἀριστείδην
644 4899 953 4956 ἐπιστέλλει
1002 4901 1248 4980 γράφων,
1296 4902 1601 4976 ἐκθήσομαι
1654 4908 1734 4973 τῷ
1778 4925 1897 4958 συν·

254 4990 513 5065 τάγματι.
548 4989 707 5066 Λέγει
749 4987 808 5044 δὲ
854 4990 1043 5052 αὐταῖς
1094 4990 1295 5062 λέξεσιν
1347 4992 1518 5054 οὕτως
1548 5011 1563 5025 ο
1611 5015 1638 5042 ι(
1671 4990 1890 5061 Ἐπειδή

255 5080 352 5151 γὰρ
416 5078 662 5150 ὀνόματα
706 5082 827 5133 ’τῶν
885 5083 1053 5154 γενῶν
1112 5080 1165 5134 ἐν
1220 5079 1440 5155 Ἰσραὴλ
1521 5079 1798 5155 ἠρίθμητο
1856 5079 1891 5149 ἢ

252 5166 402 5242 φύσει
449 5167 485 5235 ἢ
533 5166 724 5239 νόμῳ*
776 5167 929 5243 φύσει
983 5170 1077 5242 μὲν
1129 5170 1361 5243 γνησίου
1416 5169 1724 5245 σπέρματος
1783 5167 1895 5224 δια-

252 5254 424 5332 δοχῆ,
477 5257 636 5330 νόμῳ
694 5254 751 5311 δὲ
807 5256 972 5331 ἑτέρῳ
1040 5255 1518 5332 παιδοποιουμένῳ
1585 5259 1663 5320 εἰς
1716 5255 1893 5331 ὄνομα

248 5346 673 5416 τελευτήσαντος
729 5343 966 5423 ἀδελφοῦ
1024 5345 1246 5400 ἀτέκνου
1284 5365 1296 5379 ·
1357 5345 1438 5402 ὅτι
1500 5347 1605 5423 γὰρ
1671 5345 1890 5404 οὐδέπω

250 5432 439 5490 δέδοτο
498 5433 658 5497 ἐλπὶς
715 5437 889 5514 σαφής
966 5436 1327 5504 ἀναστάσεως,
1407 5439 1508 5507 τήν
1579 5436 1888 5510 μέλλουσαν

247 5522 574 5603 ἐπαγγελίαν
608 5524 906 5598 ἐμιμοῦντο
953 5524 1230 5579 ἀναστάσει
1286 5526 1485 5599 θνητῇ·
1514 5524 1606 5582 ’ίνα
1645 5527 1885 5584 ἀνέκλει-

321 5706 366 5746 ¹⁷
388 5708 625 5779 Micb.v,
655 5710 710 5764 2.
788 5707 832 5745 ³⁸
860 5707 1047 5775 Act.v,
1077 5706 1166 5763 37.

2005 4548 2185 4605 libros
2216 4553 2669 4617 composuerunt
2702 4560 2846 4616 ;ego
2879 4544 3291 4617 praetermissis
3323 4542 3474 4610 aliis,
3508 4544 3650 4599 Atri-

2004 4653 2149 4694 oano
2170 4636 2447 4693 historico
2469 4644 2597 4690 utar
2636 4640 2891 4699 auctore,
2923 4633 3022 4704 qui
3051 4632 3297 4689 aliorum
3320 4631 3647 4705 opiniones,

2006 4730 2202 4798 utpote
2244 4740 2370 4796 quas
2428 4723 2497 4778 ad
2557 4723 2857 4779 veritatem
2916 4739 3031 4777 non
3086 4720 3432 4793 pertingant,
3464 4737 3653 4792 reprc-

2003 4815 2266 4872 bendens
2295 4819 2472 4885 atque
2501 4811 2787 4880 refellens,
2817 4828 2994 4883 quam
3024 4812 3148 4883 ipse
3169 4828 3202 4866 a
3232 4810 3648 4869 vetustioribus

2004 4908 2320 4976 acceptam,
2353 4903 2416 4958 in
2448 4901 2723 4973 Epistolis
2752 4905 2810 4958 et
2852 4901 3289 4974 Evangeliorum
3338 4900 3644 4957 dissonan~

2006 4993 2084 5049 tia
2112 4994 2181 5050 ad
2211 4991 2520 5048 Aristidem
2576 4990 2861 5062 exposuit,
2895 4990 3031 5047 inde
3077 4989 3416 5046 translatam
3460 4989 3649 5046 verbis

2002 5081 2190 5154 ipsius
2216 5081 2274 5136 in
2306 5096 2451 5152 opus
2482 5078 2591 5136 hoc
2642 5079 2897 5135 inseram
2928 5080 3299 5135 sententiam.
3337 5100 3367 5130 α
3396 5078 3645 5135 Nomina

2001 5171 2262 5243 ejusdem
2306 5169 2495 5242 gentis
2524 5172 2582 5225 et
2613 5167 2841 5224 familias
2873 5167 2935 5224 in
2958 5167 3132 5224 Israel
3166 5169 3645 5232 numerabantur,

2002 5260 2502 5331 censebanturque
2531 5257 2619 5314 vel
2650 5261 2880 5324 natura,
2902 5259 2987 5313 vel
3011 5256 3156 5329 lege.
3190 5257 3261 5312 Et
3280 5261 3489 5313 natura
3517 5257 3646 5329 qui-

2000 5351 2157 5419 dem,
2191 5348 2466 5422 legitimis
2514 5350 2574 5403 et
2601 5346 2968 5413 naturalibus
2999 5344 3201 5401 liberis
3232 5346 3499 5419 patribus
3520 5347 3647 5403 suis

2002 5438 2452 5497 succedentibus
2479 5453 2494 5505 ;
2524 5436 2651 5509 lege
2682 5439 2897 5499 autem,
2927 5433 3039 5490 alio
3079 5432 3361 5502 sobolem,
3398 5435 3509 5491 sub
3541 5450 3644 5492 no-

2001 5529 2160 5586 mine
2191 5528 2386 5585 fratris
2416 5526 2543 5582 sine
2574 5524 2772 5581 liberis
2802 5523 3337 5592 defuncti,creante.
3356 5522 3643 5589 Quoniam
