4096 6284
395 342 514 419 663
1683 353 2103 418 NlCEPHORl
2148 351 2505 414 CALLISTI
3679 347 3804 411 cs4

399 492 554 547 enim
589 493 846 548 nondum
881 493 1022 548 satis
1054 491 1362 548 manifesta
1387 493 1522 547 data
1553 493 1734 546 fuerat
1788 505 1918 560 spes
1950 506 2040 544 re-

2167 507 2286 540 πτον
2317 487 2378 540 τὸ
2411 485 2584 558 ὄνομα
2641 487 2772 559 μένῃ
2813 483 2909 540 τοῦ
2961 484 3382 564 μετηλλαχότος
3431 486 3548 540 ἐπεὶ
3596 484 3690 540 οὖν
3752 484 3814 538 οἱ

400 583 929 649 surrectionis,futu
941 599 1058 637 ram
1077 584 1518 654 promissionem
1545 582 2036 651 mortaliquadam

397 672 783 727 imitabantur
811 672 1271 737 resuscitatione,
1305 687 1376 727 ne
1397 687 1608 727 nomen
1643 670 1848 726 mortui
1887 688 2043 741 prur-

403 775 506 814 sus
536 760 924 814 intercideret.
959 760 1026 813 Et
1055 776 1188 814 cum
1212 777 1279 815 ex
1310 761 1392 814 eis
1423 762 1523 830 qui
1554 761 1613 814 in
1644 758 2038 831 genealogiam

401 864 527 904 eam
555 848 716 903 relati
749 853 907 913 sunt,
957 850 1194 919 quidam
1260 854 1321 903 ut
1375 849 1619 918 legitimi
1663 853 1721 903 et
1750 848 2045 904 naturales

402 938 779 1008 germanique
809 938 910 993 filii
947 940 1207 1008 patribus
1230 939 1880 1010 successerint,quidam
1915 956 2046 993 vero

404 1043 472 1082 ex
503 1027 633 1082 aliis
665 1028 898 1094 quidem
934 1031 1235 1098 procreati,
1287 1029 1528 1084 aliorum
1575 1035 1768 1084 autem
1813 1031 2046 1084 nomine

409 1117 573 1186 quasi
603 1131 704 1186 per
733 1117 1101 1184 adoptionem
1131 1117 1352 1173 scilicet
1378 1118 1539 1173 censi
1571 1119 1709 1184 sint,
1754 1126 2046 1173 utrorum-

405 1221 518 1274 que
549 1206 698 1259 facta
729 1210 818 1262 est
851 1207 1064 1260 mentio
1099 1224 1110 1260 :
1146 1212 1202 1260 et
1266 1223 1462 1261 eorum
1519 1207 1786 1262 videlicet
1824 1207 1922 1276 qui
1955 1223 2052 1276 ge-

407 1294 689 1362 nuissent,
722 1302 774 1350 el
804 1311 1004 1348 eorum
1037 1295 1138 1364 qui
1169 1296 1336 1366 quasi
1359 1297 1717 1364 genuissent.
1743 1296 1836 1350 Sic
1863 1305 2049 1365 neque

407 1382 536 1447 hoc,
574 1399 754 1453 neque
804 1383 946 1438 illud
985 1384 1373 1452 Evangelium,
1434 1385 1517 1438 vel
1551 1403 1578 1435 a
1633 1391 1868 1448 naturae,
1904 1384 1989 1436 vel
2021 1400 2051 1435 a

408 1470 551 1542 legis
599 1471 1022 1526 necessitudine
1079 1476 1252 1542 atque
1307 1472 1672 1539 conjuctione
1729 1488 1914 1541 genus
1958 1472 2052 1524 de-

409 1562 632 1615 ducens
690 1565 746 1614 et
787 1577 1120 1626 numerans,
1168 1561 1293 1615 falsi
1335 1562 1568 1630 quidem
1628 1561 1818 1615 habet.
1860 1559 2054 1629 Impli-

411 1654 540 1704 cata
569 1651 722 1704 enim
757 1651 906 1704 inter
933 1666 994 1705 se
1025 1655 1162 1704 sunt
1185 1656 1481 1720 genera.et
1510 1651 1661 1719 quod
1683 1650 2052 1719 aSalomone,

412 1739 635 1808 etquod
669 1757 701 1791 a
723 1737 948 1792 Nathan
981 1737 1818 1808 descendit,repraesentatione
1853 1753 2052 1791 eorum

415 1827 512 1896 qui
546 1827 758 1881 liberos
790 1843 903 1880 non
937 1835 1246 1893 crcassent,
1301 1830 1687 1897 secundisque
1736 1829 1956 1897 nuptiis
1991 1845 2056 1879 ac
2095 1865 2132 1925 Β

415 1914 855 1969 resuscitatione
886 1917 1179 1970 seminum
1215 1931 1229 1969 :
1256 1924 1315 1970 ut
1339 1926 1488 1971 recte
1511 1918 1681 1970 iidem
1711 1917 2058 1984 quandoque

419 2003 599 2074 hujus
631 2009 688 2059 et
708 2004 870 2059 illius
912 2005 1010 2059 ﬁlii
1047 2006 1226 2061 fuisse
1252 2007 1566 2062 existimati
1598 2008 1737 2074 sint,
1770 2023 1902 2060 cum
1943 2007 2066 2076 qui.

419 2092 546 2146 dem
581 2093 621 2146 ii
652 2092 983 2148 viderentur
1011 2110 1158 2160 esse,
1191 2095 1275 2149 illi
1309 2102 1498 2150 autem
1539 2101 1737 2149 essent
1769 2098 2067 2163 patreszel

421 2189 664 2252 utraque
727 2183 954 2253 generis
1006 2185 1481 2239 commemoratio
1527 2186 1764 2238 veritate
1811 2185 1962 2251 nixa,
1995 2184 2062 2237 ad

424 2272 619 2341 ipsum
651 2269 1408 2343 Josephum,multipliciter
1423 2274 1655 2343 quidem
1685 2273 1780 2325 illa
1801 2277 1857 2327 et
1887 2273 2066 2338 varie,

423 2358 523 2412 sed
556 2367 747 2413 tamen
801 2365 956 2414 certo
986 2360 1330 2415 deducatur.
1383 2361 1554 2416 Porro
1587 2366 1648 2416 ut
1696 2361 1908 2415 clarius
1942 2377 2066 2414 ma-

422 2445 806 2516 nifestiusque
855 2448 949 2512 sit,
984 2448 1137 2518 quod
1189 2451 1360 2503 modo
1398 2449 1612 2502 dictum
1651 2456 1760 2516 est,
1795 2451 2067 2503 mutatio-
2113 2446 2118 2450 ’

421 2549 553 2587 nem
587 2535 773 2604 ipsam
808 2539 1036 2606 generis
1086 2553 1388 2606 exponam.
1438 2539 1486 2592 A
1522 2537 1728 2592 tlavide
1771 2553 1873 2607 per
1902 2537 2069 2592 Solo-

421 2638 654 2678 monem
716 2627 1047 2695 progeniem
1093 2625 1540 2691 dinumerando,
1591 2626 1800 2681 tertius
1849 2643 1881 2680 a
1930 2627 2065 2690 ﬁne,

413 2712 577 2780 juxta
609 2712 966 2778 Malthssum,
1020 2715 1303 2784 reperitur
1324 2714 1604 2780 Matthan,
1632 2715 1731 2784 qui
1763 2715 1942 2769 Jacob
1973 2731 2066 2785 ge-

418 2801 568 2868 nuit,
601 2807 823 2871 patrem
846 2801 1100 2872 Josephi.
1121 2809 1154 2856 A
1177 2804 1401 2858 Nathan
1430 2811 1620 2858 autem
1660 2805 1890 2858 Davidis
1923 2805 2064 2870 tilio,

414 2891 578 2959 juxta
637 2891 866 2959 Lucam,
918 2892 1121 2946 itidem
1162 2893 1369 2947 tertius
1415 2911 1447 2947 a
1507 2895 1619 2946 ﬁne
1668 2901 1758 2948 est
1805 2893 2060 2949 Melchi:

417 2977 589 3048 cujus
621 2977 776 3033 filius
809 2978 1107 3050 Eli,ipsius
1135 2980 1376 3052 Josephi
1401 2985 1564 3051 pater
1583 2981 1842 3038 est.Cum
1864 2982 2065 3053 itaque

419 3066 587 3136 quasi
621 3083 828 3135 scopus
859 3069 1027 3122 nobis
1075 3068 1152 3124 sit
1194 3072 1524 3139 pr0positus
1572 3071 1813 3141 Josepb,
1869 3079 2061 3126 osten-

419 3157 673 3209 dendum
727 3155 900 3215 venit.
963 3160 1253 3227 quomodo
1306 3165 1543 3229 uterque
1576 3161 1759 3230 ipsius
1792 3167 1955 3232 pater
1985 3159 2064 3214 di-

2147 580 2216 648 τῇ
2257 575 2576 650 γενεαλογίᾳ
2618 574 2785 648 ταύτῃ
2830 574 3216 651 ἐμφερόμενοι,
3261 578 3312 630 ο¹ι
3366 577 3459 647 μὲν
3501 572 3811 644 διεδέξαντο

2151 669 2275 724 παῖς
2320 664 2521 734 πατέρα
2571 663 2850 737 γνησίως⁶
2909 663 2958 716 οἱ
3014 661 3070 718 δὲ
3119 665 3321 737 ἑτέροις
3372 665 3466 736 μὲν
3518 663 3807 738 ἐγεννήθη-

2152 773 2268 820 σαν,
2301 751 2500 823 έτέροις
2535 749 2590 806 δὲ
2641 751 3041 825 προσετέθησαν
3090 755 3156 824 τῇ
3207 750 3424 822 κλήσει,
3473 750 3808 826 ἀμφοτέρων

2153 843 2366 916 γέγονεν
2415 843 2448 907 ἡ
2499 842 2717 912 μνήμη,
2767 839 2858 894 καὶ
2907 845 3014 896 τῶν
3068 841 3489 914 γεγεννηκότων,
3541 840 3629 894 καὶ
3684 843 3805 892 τῶν

2156 933 2230 991 ὡς
2272 930 2692 1003 γεγεννηκότων.
2743 929 2930 990 Οὕτως
2961 928 3239 1002 οὐδέτερον
3289 935 3396 984 τῶν
3450 929 3802 1005 Εὐαγγελίων

2155 1017 2426 1092 ψεύδεται,
2457 1021 2542 1073 καὶ
2595 1018 2754 1092 φύσιν
2803 1019 3069 1093 ἀριθμοῦν
3123 1021 3211 1073 καὶ
3257 1019 3463 1090 νόμον·
3513 1018 3802 1086 έπεπλάκη

2157 1110 2259 1182 γὰρ
2294 1107 2568 1176 ἀλλήλοις
2598 1109 2663 1164 τὰ
2689 1108 2842 1182 γένη,
2874 1110 2935 1163 τό
2965 1131 3022 1163 τε
3051 1110 3158 1164 ἀπὸ
3188 1115 3283 1164 λοῦ
3318 1109 3650 1181 Σολομῶνος
3702 1109 3798 1161 καὶ

2156 1201 2216 1252 τὸ
2260 1200 2363 1252 ἀπὸ
2409 1203 2504 1251 τοῦ
2557 1199 2755 1264 Νάθαν,
2808 1198 3151 1253 ἀναστάσεσιν
3198 1200 3428 1253 ἀτέκνων
3479 1200 3567 1252 καὶ
3619 1195 3806 1252 δευτε-

2161 1288 2454 1362 ρογαμίαις
2523 1288 2612 1340 καὶ
2671 1289 2949 1342 ἀναστάσει
2998 1288 3319 1362 σπερμάτων
3361 1308 3372 1318 ·
3425 1289 3499 1348 ὡς
3577 1285 3805 1347 δικαίως

2159 1377 2285 1436 τοὺς
2354 1377 2548 1436 αὐτοὺς
2616 1375 2820 1431 ἄλλοτε
2885 1375 3072 1430 ἄλλων
3139 1377 3478 1448 νομίζεσθαι,
3545 1382 3650 1430 τῶν
3711 1375 3811 1448 μὲν

2163 1465 2472 1519 δοκούντων
2514 1466 2782 1537 πατέρων,
2834 1471 2940 1519 τῶν
2993 1465 3048 1520 δὲ
3099 1467 3452 1540 ὑπαρχόντων
3505 1467 3578 1526 ὼς
3622 1467 3807 1542 ἀμφο-

2162 1558 2318 1627 τέρας
2366 1555 2459 1615 τὰς
2499 1552 2785 1624 διηγήσεις
2824 1552 3046 1621 ἀληθεῖς
3095 1557 3278 1622 οῧσας,
3328 1555 3414 1608 ἐπὶ
3461 1556 3554 1610 τὸν
3603 1556 3810 1629 Ἰωσὴφ

2164 1643 2535 1704 πολυπλόκως
2567 1643 2682 1713 μὲν,
2724 1641 2849 1696 ἀλλ’
2898 1639 3161 1715 ἀκριϐῶς,
3211 1643 3531 1701 κατελθεῖν.
3582 1647 3697 1698 Ἵνα
3747 1641 3810 1697 δὲ

2165 1733 2328 1808 σαφές
2376 1730 2412 1804 ᾖ
2471 1732 2533 1784 τὸ
2593 1729 2900 1801 λεγόμενον,
2958 1735 3057 1799 τὴν
3117 1731 3421 1807 ἐναλλαγὴν
3479 1738 3587 1787 τῶν
3637 1736 3806 1803 γενῶν

2167 1818 2530 1891 διηγήσομαι,
2572 1819 2678 1872 ἀπο
2708 1823 2804 1872 τοῦ
2838 1818 2999 1874 Δαυῖδ
3032 1819 3120 1875 διὰ
3170 1820 3537 1893 Σολομῶντος
3577 1823 3672 1880 τὰς
3711 1842 3809 1894 γε-

2170 1913 2286 1970 νεας
2341 1909 2868 1981 καταριθμούμενος.
2921 1911 3108 1983 Τρίτος
3148 1913 3254 1965 ὰπὸ
3300 1911 3491 1972 τέλους
3533 1912 3670 1965 κατά
3717 1911 3810 1965 τὸν

2173 2000 2443 2053 Ματθαῐον
2495 1998 2794 2068 εὑρίσκεται
2841 2001 3052 2054 Ματθάν
3090 2022 3099 2032 ·
3155 2001 3215 2062 ’ὁς
3283 2001 3375 2054 καὶ
3423 1999 3671 2073 ἐγέννησε
3714 2001 3806 2053 τὸν

2170 2090 2181 2110 ,
2299 2083 2364 2107 ,ρ
2466 2091 2487 2100 ν
2537 2087 2548 2105 ,
2672 2087 2685 2104 .
2819 2087 2831 2101 .
3195 2092 3205 2108 .
3306 2090 3318 2104 .
3409 2091 3420 2103 .
3548 2089 3558 2107 ι
3778 2093 3804 2102 -

2190 2090 2366 2143 Ιακωο
2395 2107 2492 2140 του
2556 2089 2736 2161 Ιωσηφ
2779 2109 2870 2141 τον
2920 2089 3146 2162 πατέρα.
3209 2095 3329 2146 Απο
3376 2087 3434 2142 δε
3485 2091 3663 2143 Ναθαν
3709 2109 3808 2142 του

2172 2174 2332 2230 Δαυὶδ
2374 2176 2510 2229 κατὰ
2550 2176 2642 2229 τὸν
2693 2181 2926 2240 Λουκᾶν,
2977 2179 3188 2248 ὁμοίως
3233 2179 3416 2245 τρίτος
3464 2177 3568 2234 ἀπὸ
3614 2176 3808 2237 τέλους

2258 2265 2270 2273 ς
2340 2265 2353 2283 ς
2449 2264 2471 2281 ν
2532 2264 2576 2285 ε.
2657 2265 2668 2277 ο
2707 2267 2724 2288 ,
2848 2267 2860 2282 ι
2903 2267 2915 2280 .
3029 2267 3048 2278 .
3084 2269 3095 2289 ,
3223 2268 3234 2282 .
3777 2271 3805 2280 -

2171 2273 2378 2338 Μελχι,
2412 2285 2472 2318 ου
2504 2284 2617 2324 υιος
2649 2285 2676 2318 ο
2731 2265 2863 2319 Πλει
2895 2286 2922 2319 ο
2954 2288 3050 2320 του
3103 2275 3285 2341 Ιωσηφ
3334 2269 3534 2341 πατήρ.
3588 2274 3810 2322 Σκοπου

2168 2353 2348 2406 τοίνυν
2394 2355 2529 2423 ἡμῖν
2579 2353 2836 2426 κειμένου
2883 2359 2980 2408 τοῦ
3029 2357 3253 2430 Ἰωσὴφ,
3302 2354 3650 2410 ἀποδεικτέον
3691 2359 3810 2416 πῶς

2171 2442 2418 2512 ἑκάτερος
2477 2441 2642 2496 αὐτοῦ
2687 2444 2865 2512 πατὴρ
2914 2443 3217 2518 ἰστορεὶται
3253 2465 3264 2476 ·
3318 2445 3346 2498 ὃ
3403 2465 3461 2499 τε
3508 2438 3731 2512 Ἰακὼϐ,
3782 2446 3810 2498 6

2169 2534 2275 2588 ἀπὸ
2332 2531 2685 2605 Σολομῶνος,
2735 2533 2824 2586 καὶ
2866 2532 3024 2588 Ἦλεὶ
3056 2535 3084 2587 6
3115 2534 3221 2588 ἀπὸ
3269 2538 3366 2588 τοῦ
3414 2534 3592 2590 Νάθαν
3633 2533 3814 2588 ἑκάτε-

2172 2645 2263 2699 ρος
2299 2624 2619 2698 κατάγοντες
2669 2623 2824 2698 γένος
2849 2643 2862 2656 ·
2898 2623 3045 2683 ὅπως
3093 2645 3151 2678 τε
3184 2625 3446 2697 πρότερον
3497 2625 3648 2678 οὗτοι
3681 2622 3749 2692 δὴ
3783 2624 3814 2678 δ

2167 2735 2225 2768 τε
2258 2709 2450 2772 Ἰακὼϐ
2481 2713 2570 2766 καὶ
2611 2713 2638 2766 6
2672 2711 2823 2768 Ἡλεὶ
2858 2711 2954 2767 δύο
2997 2710 3229 2789 ἀδελφοί
3253 2732 3265 2743 ’
3315 2713 3403 2766 καὶ
3434 2714 3540 2786 πρό
3571 2733 3635 2786 γε
3682 2711 3809 2767 τού-

2169 2824 2277 2858 των
2324 2806 2441 2863 πῶς
2492 2803 2542 2855 οἱ
2587 2801 2792 2856 τούτων
2839 2803 3067 2877 πατέρες
3116 2803 3334 2858 Ματθᾶν
3383 2802 3475 2856 καὶ
3524 2800 3713 2875 Μελχί
3762 2799 3812 2855 έν

2174 2895 2323 2967 μέρει
2374 2893 2471 2958 τὴν
2534 2891 2699 2958 αὐτὴν
2753 2891 3081 2965 ἆγαγόμενοι
3135 2898 3385 2965 γυναῖκα,
3431 2891 3810 2964 ὁμομητρίους

2169 2980 2437 3060 ἀδελφοὺς
2476 2980 2989 3051 ἐπαιδοποιήσαντο,
3037 2986 3131 3035 τοῦ
3169 2980 3342 3053 νόμου
3387 2981 3464 3053 μὴ
3495 2979 3805 3047 κῳλύοντος

2169 3072 2508 3146 χηρεύουσαν
2539 3069 2660 3139 ἤτοι
2702 3070 3142 3142 ἀπολελυμένην,
3175 3070 3210 3138 ἢ
3242 3069 3331 3124 καὶ
3380 3069 3806 3139 τελευτήσαντος

2168 3167 2264 3214 τοῦ
2297 3159 2510 3234 ἀνδρὸς,
2543 3159 2701 3232 ἄλλῳ
2731 3163 3019 3236 γαμεῖσθαι
3047 3181 3058 3192 ο
3087 3159 3146 3214 ὲκ
3177 3157 3243 3228 δὴ
3275 3166 3374 3227 τῆς
3419 3160 3599 3228 Ἐσθα,
3648 3163 3808 3212 τοῦτο

418 3248 585 3299 catur
617 3259 629 3297 :
661 3242 760 3300 71
801 3246 923 3315 ipse
961 3224 1227 3302 videlicet
1254 3224 1492 3304 Jacobia
1525 3224 1852 3317 Solomone,
1886 3255 1940 3304 et
1972 3249 2057 3303 Eli

2172 3249 2276 3324 γὰρ
2341 3250 2620 3304 καλεῖσθαὶ
2683 3250 2781 3317 τήν
2845 3255 3073 3325 γυναῖκα
3136 3245 3523 3322 παραδέδοται,
3595 3251 3810 3320 πρῶτος

416 3350 448 3388 a
477 3332 703 3388 Nathan
755 3350 940 3405 genus
973 3336 1265 3390 ducentes.
1295 3336 1597 3408 Simulque
1640 3339 1930 3408 quomodo
1951 3337 2064 3410 pri-

419 3441 580 3480 mum
634 3427 747 3481 duo
799 3427 894 3481 isti
939 3427 1116 3480 Jacob
1146 3431 1203 3480 et
1246 3426 1327 3480 Eli
1390 3431 1615 3494 tratres,
1657 3437 1714 3483 et.
1769 3436 1903 3483 ante
1934 3430 2058 3496 bos,

417 3529 612 3570 eorum
665 3520 853 3584 patres
891 3515 1176 3583 ,Mattban
1223 3521 1279 3569 et
1335 3515 1566 3583 Melchi,
1618 3524 1862 3574 seorsim
1921 3519 2063 3573 alter

417 3610 551 3676 post
581 3605 849 3666 alterum,
883 3608 1147 3661 eamdem
1198 3611 1462 3663 ducendo
1504 3625 1762 3676 uxorein,
1804 3610 2062 3663 uterinos

419 3696 836 3761 procreaverint
885 3697 1134 3752 fratres:
1185 3698 1336 3766 leges
1386 3699 1653 3754 videlicet
1710 3715 1822 3753 non
1873 3699 2062 3768 prohi-

419 3783 611 3851 bente,
649 3784 975 3853 mulierem,
1008 3786 1093 3840 vel
1130 3803 1228 3858 per
1258 3789 1576 3856 repudium,
1611 3789 1694 3842 vel
1733 3805 1830 3857 per
1853 3787 2062 3858 prioris

419 3873 611 3926 mariti
644 3872 860 3928 obitum
901 3875 1116 3942 vidum,
1153 3878 1246 3930 alii
1286 3878 1522 3932 nubere.
1560 3879 1760 3947 Itaque
1788 3893 1856 3932 ex
1889 3877 2061 3932 Estha

419 3961 556 4030 (hoc
595 3963 746 4016 enim
780 3974 988 4018 nomen
1027 3965 1288 4020 mulieris
1324 3967 1499 4020 fuisse
1532 3967 1805 4037 traditur)
1838 3966 2061 4036 primus

419 4053 673 4108 Matthan
709 4070 740 4107 a
771 4053 1080 4108 Solomone
1112 4055 1394 4125 originem
1417 4056 1858 4121 trahens,.lacoh
1889 4072 2062 4126 gene-

421 4146 511 4196 rat
559 4158 571 4194 :
632 4143 883 4194 Matthan
932 4153 1120 4196 autem
1180 4147 1428 4208 mortuo,
1490 4144 1698 4199 Melcbi
1747 4146 1816 4198 ad
1871 4145 2058 4214 ipsum

423 4229 646 4283 Nathan
688 4245 870 4300 genus
903 4233 1173 4298 referens,
1227 4232 1450 4285 viduam
1479 4233 1758 4296 relictam,
1794 4233 1914 4300 ipse
1947 4232 2064 4302 qui-

422 4320 552 4372 dem
597 4319 857 4388 ejusdem
909 4320 1120 4387 tribus,
1185 4323 1282 4375 sed
1335 4339 1446 4376 non
1498 4323 1753 4390 eiusdem
1811 4322 2060 4393 generis,

422 4407 595 4463 sicuti
626 4413 795 4462 antea
826 4409 962 4476 dixi,
997 4425 1228 4464 uxorem
1263 4411 1515 4477 duxit,et
1544 4429 1610 4466 ex
1639 4428 1706 4467 ea
1737 4412 1918 4466 filium
1941 4412 2062 4466 Heli

421 4499 700 4568 suscepit.
738 4498 853 4553 Hoc
895 4499 1079 4566 modo,
1113 4499 1472 4555 diversorum
1507 4505 1753 4556 duorum
1785 4518 2062 4571 generum

2177 3339 2395 3395 Ματθαν
2436 3339 2462 3391 6
2519 3338 2626 3393 ἀπὸ
2671 3343 2768 3392 τοῦ
2829 3337 3158 3410 Σολομῶνος
3207 3338 3269 3391 τὸ
3326 3336 3483 3411 γένος
3534 3335 3811 3410 κατᾶγων,

2171 3434 2262 3487 τὸν
2319 3428 2511 3487 Ἰακὼϐ
2571 3434 2750 3510 γεννᾷ.
2816 3428 2913 3483 Καὶ
2941 3427 3365 3498 τελευτήσαντος
3411 3431 3507 3481 τοῦ
3566 3426 3810 3489 Ματθᾶν,

2174 3522 2356 3597 Μελχὶ
2407 3523 2434 3575 6
2475 3521 2581 3575 ἀπὸ
2629 3523 2724 3575 τοῦ
2781 3521 2956 3574 Νάθαν
3003 3519 3138 3572 κατά
3183 3517 3334 3591 γένος
3383 3517 3807 3591 ἀναφερόμενος,

2173 3612 2535 3688 χηρεύουσαν,
2577 3609 2637 3664 έκ
2687 3609 2779 3680 μὲν
2827 3608 2926 3676 τῆς
2975 3606 3138 3661 αὐτοῦ
3179 3604 3377 3682 φυλῆς,
3427 3604 3475 3674 ἐξ
3525 3603 3706 3659 ἄλλου
3754 3601 3810 3657 δὲ

2172 3701 2360 3777 γένους
2420 3696 2516 3768 ὧν,
2579 3701 2652 3760 ὡς
2709 3703 2994 3770 προεῖπον,
3063 3697 3324 3770 ἀγόμενος
3403 3693 3593 3760 αὐτὴν,
3657 3690 3809 3766 ἔσχεν

2171 3792 2286 3844 υἱὸν
2314 3790 2405 3845 τὸν
2457 3788 2629 3845 Ἡλεί.
2686 3787 2839 3843 Οὕτω
2886 3783 3174 3862 διαφόρων·
3209 3782 3303 3839 δύο
3353 3787 3524 3858 γενῶν
3577 3783 3806 3853 εὑρήσο-

2175 3901 2270 3952 μεν
2303 3879 2398 3934 τόν
2427 3899 2487 3934 τε
2518 3872 2713 3934 Ἰακὼϐ
2743 3875 2832 3930 καί
2861 3877 2951 3929 τὸν
3000 3872 3172 3929 Ἠλεὶ.
3226 3871 3604 3945 ὁμομητρίους
3651 3867 3810 3924 ἀδελ-

2171 3969 2302 4046 φούς
2331 3989 2342 4002 ο
2403 3970 2475 4022 ὢν
2523 3969 2551 4021 6
2599 3965 2781 4040 ἕτερος
2840 3962 3096 4039 ἀδελςνὸς,
3147 3962 3369 4016 ἀτέκνου
3415 3965 3513 4014 τοῦ
3571 3957 3810 4030 ἀδελφοῦ

2171 4045 2604 4127 τελευτησαντος
2633 4053 2786 4111 Ἠλεὶ
2837 4055 2935 4122 τήν
2983 4056 3212 4125 γυναῖκα
3258 4045 3611 4121 παραλαϐὼν,
3665 4048 3813 4120 ἐγέν-

2168 4167 2322 4216 νησεν
2371 4145 2423 4216 ἐξ
2474 4144 2643 4213 αὐτῆς
2689 4142 2868 4215 τρίτον
2916 4141 3008 4195 τὸν
3055 4141 3283 4214 Ἰωσὴφ,
3331 4139 3466 4194 κατὰ
3507 4137 3662 4212 φύσιν
3717 4139 3810 4208 μὲν

2171 4237 2344 4305 ἐαυτῷ
2389 4236 2478 4288 καὶ
2527 4236 2661 4288 κατά
2716 4232 2900 4303 λόγον.
2961 4231 3053 4284 Διὸ
3102 4230 3437 4303 γέγραπται·
3503 4222 3698 4284 Ἰακὼϐ
3758 4223 3813 4282 δὲ

2170 4323 2414 4398 ἐγέννησε
2443 4323 2532 4376 τὸν
2595 4322 2831 4395 Ἰωσήφ·
2883 4317 3017 4372 κατὰ
3057 4316 3223 4388 νόμον
3258 4313 3316 4370 δὲ
3357 4319 3454 4369 τοῦ
3496 4313 3647 4371 Ἠλεὶ
3698 4314 3810 4375 υἱὸς

2171 4413 2237 4480 ἦν
2276 4431 2288 4444 ·
2345 4411 2536 4482 ἐκείνῳ
2595 4410 2695 4483 γὰρ
2754 4412 2781 4462 ὁ
2842 4402 3036 4463 Ἰακὼϐ
3096 4403 3330 4482 ἀδελφὸς
3402 4403 3500 4472 ὤν,
3559 4404 3813 4471 ἀνέστησε

2173 4503 2498 4575 σπέρματα’
2561 4496 2749 4570 διόπερ
2817 4497 2920 4550 οὐκ
2996 4495 3401 4569 ἀκυρωθήσεται
3457 4493 3548 4546 καὶ
3604 4494 3637 4558 ἡ
3701 4494 3810 4545 κατ’

419 4587 658 4642 Jacobet
686 4587 805 4641 Heli
841 4589 1504 4660 exstitisse.eosdemque
1537 4592 1790 4646 uterinos
1817 4593 2059 4660 reperie-

2172 4591 2331 4645 αὐτὸν
2381 4587 2734 4665 γενεαλογία’
2780 4586 2846 4653 ἣν
2897 4585 3172 4643 Ματθαῖος
3233 4584 3325 4654 μὶν
3369 4583 3396 4637 6
3428 4581 3812 4654 εὐαγγελιστής

424 4692 553 4731 mus
578 4676 760 4730 fuisse
784 4676 1265 4740 fratres.Quorum
1293 4679 1532 4733 fratrum
1551 4681 1697 4735 alter
1725 4681 2064 4747 Jacob,alte-

423 4766 568 4832 rius,
601 4765 725 4821 Heli
755 4767 996 4836 scilicet,
1019 4767 1112 4835 qui
1139 4767 1299 4822 nulla
1328 4777 1519 4824 creata
1542 4771 1697 4840 prole
1723 4773 2059 4840 decesserat,

426 4872 632 4909 uxores
661 4857 855 4922 ducta,
891 4858 1123 4910 tertium
1157 4873 1224 4911 ex
1256 4875 1322 4912 ea
1353 4862 1608 4928 suscepit
1645 4861 1964 4928 Josephum
1999 4862 2062 4916 ti-

427 4945 594 5010 lium,
633 4945 800 5012 juxta
833 4953 1092 5000 naturam
1127 4947 1357 5015 quidem
1403 4953 1455 5000 et
1490 4949 1770 5002 rationem
1816 4950 1923 5003 sibi
1959 4950 2060 5020 ipsi

423 5034 866 5103 (propterraquc
923 5035 1200 5104 scriptum
1260 5040 1368 5101 est,
1407 5036 1586 5091 Jacob
1637 5042 1828 5093 autem
1863 5041 2065 5109 genuit

424 5122 680 5192 Josepb),
706 5123 872 5192 juxta
910 5123 1094 5193 legem
1120 5128 1340 5188 autem,
1372 5125 1481 5183 insi
1510 5125 1654 5195 Heli,
1689 5127 1738 5182 ci
1770 5127 1926 5182 enim
1959 5129 2068 5181 fra-

426 5215 514 5263 ter
540 5211 720 5264 Jacob
771 5228 964 5265 semen
1003 5213 1329 5266 suscitavit.
1364 5214 1722 5285 Quapropter
1753 5233 1817 5270 ea
1847 5233 1976 5286 qua:
1997 5217 2067 5269 de

426 5313 492 5352 eo
529 5300 737 5352 texitur
767 5299 1125 5368 genealogis,
1152 5299 1318 5354 irrita
1349 5318 1459 5356 non
1502 5309 1607 5357 est.
1643 5305 1824 5368 Quam
1857 5320 2067 5375 genea-

2174 4677 2654 4752 έξαριθμοΰμενος,
2714 4668 2909 4729 Ἰακὼϐ
2989 4670 3066 4741 δὲ,
3141 4671 3329 4749 φησὶν,
3406 4670 3652 4744 ἐγέννησε
3726 4670 3813 4724 τὸν

2175 4770 2398 4844 Ἰωσήφ.
2432 4773 2488 4821 '0
2534 4764 2592 4820 δὲ
2641 4769 2852 4825 Λουκᾶς
2901 4761 3195 4830 ἀνάπαλιν,
3239 4761 3297 4822 ’ὸς
3332 4759 3612 4833 ἐνομίζετο
3640 4779 3652 4790 '
3703 4758 3811 4832 (καὶ

2172 4859 2272 4932 γὰρ
2322 4855 2482 4911 τοῦτο
2532 4855 2920 4928 προστίθησν)
2955 4856 3051 4906 τοῦ
3102 4851 3325 4925 Ἰωσὴφ,
3374 4853 3470 4903 τοῦ
3519 4847 3689 4910 Ἠλεὶ.
3722 4852 3813 4902 τοῦ

2176 4946 2396 5020 Μελχί.
2458 4945 2537 5000 Τὰ
2587 4952 2687 5017 γαρ
2742 4942 2878 4995 κατᾶ
2924 4940 3097 5012 νόμου
3156 4939 3363 5011 γένεσιν
3418 4937 3738 5009 ἐπισημότε,
3784 4958 3814 4990 α

2176 5036 2273 5091 οὐκ
2302 5035 2366 5104 ἦν
2403 5034 2652 5103 ἐξειπεῖν.
2688 5032 2784 5086 Καὶ
2826 5029 2912 5100 τὸ,
2960 5030 3294 5102 Ἐγέννησεν,
3333 5027 3418 5082 ἐπὶ
3467 5034 3566 5095 τῆς
3605 5024 3818 5082 τοιᾶσδε

2176 5123 2522 5184 παιδοποιίας
2555 5123 2686 5195 ἄχρι
2735 5118 2928 5180 τέλους
2977 5118 3355 5187 ἀνεσιώπησε⁶
3407 5117 3507 5184 τὴν
3555 5115 3818 5192 ἀναφορὰν

2176 5213 2542 5284 ποιησάμενος
2590 5209 2695 5270 ἓως
2754 5213 2849 5262 τοῦ
2907 5205 3108 5281 Ἀδὰμ,
3163 5210 3260 5260 τοῦ
3317 5209 3472 5270 Θεοῦ,
3530 5207 3646 5259 κατ’
3703 5205 3819 5260 ἀνά-

2179 5303 2358 5357 λυσιν.
2398 5324 2425 5351 ››

429 5387 644 5457 logiam
699 5385 1008 5441 Mattheus
1043 5391 1418 5460 'evangelista
1464 5394 1864 5460 dinumerans,
1916 5394 2096 5450 Jacob
2165 5398 2358 5451 autem
2418 5390 2657 5462 (inquit)
2716 5389 2920 5462 genuit
2958 5387 3169 5457 Joseph
3219 5404 3231 5440 :
3287 5387 3468 5442 Lucas
3521 5403 3672 5452 vero,
3724 5391 3818 5459 qui

427 5482 568 5542 erat,
597 5481 658 5530 ut
688 5477 1006 5547 putabatur
1047 5478 1207 5546 (nam
1250 5490 1300 5534 et
1359 5482 1462 5537 hoc
1497 5483 1704 5554 addit),
1734 5485 1972 5553 Josepb,
2005 5484 2105 5555 qui
2145 5482 2445 5554 fuitjlleli,
2479 5481 2582 5551 qui
2614 5479 2842 5535 Melcbi.
2876 5479 2954 5534 De
2995 5477 3366 5550 generatione
3396 5477 3547 5532 enim
3582 5493 3648 5533 ea
3697 5497 3819 5552 quae

427 5585 493 5622 ex
525 5568 945 5622 consuetudine
975 5579 1031 5621 et
1065 5571 1398 5639 praescripto
1431 5575 1574 5641 legis
1621 5583 1729 5638 est,
1780 5575 2207 5642 significantius
2239 5574 2555 5644 quidquam
2591 5573 2779 5625 uicere
2838 5586 2950 5624 non
3019 5567 3224 5639 potuit.
3268 5566 3334 5622 Et
3386 5567 3650 5635 verbum,
3715 5569 3819 5626 Ge-

433 5658 582 5720 nuit,
630 5659 688 5710 in
732 5655 838 5709 hac
893 5661 1279 5726 parandorum
1325 5665 1492 5732 quasi
1541 5680 1639 5734 per
1687 5665 2054 5734 adoptionem
2107 5664 2418 5720 liberorum
2467 5660 2709 5728 ratione,
2761 5674 2862 5731 per
2911 5656 3105 5713 omnia
3135 5657 3206 5712 ad
3256 5657 3433 5714 ﬁnem
3465 5673 3655 5728 usque
3682 5660 3816 5714 sub-

438 5746 630 5816 ticuit,
655 5743 936 5801 relatione
966 5745 1192 5818 generis
1225 5765 1409 5822 usque
1438 5752 1508 5809 ad
1541 5752 1735 5825 ipsum
1764 5754 1968 5822 Adam,
2002 5755 2103 5825 qui
2136 5753 2244 5810 fuit
2279 5751 2381 5810 Dei
2409 5767 2513 5824 per
2541 5747 2939 5808 recensionem
2971 5746 3144 5804 facta.
3174 5766 3200 5796 ι)

4013 120 4029 192 1
