4096 6284
298 418 424 480 665

1335 415 1954 490 ECCLESIASTICE
1991 415 2393 478 HISTORIA:
2433 413 2588 477 LIB.
2633 412 2682 473 Ι.

3590 407 3711 471 666

375 554 506 609 Ἐπὶ
557 551 770 613 τούτοις
822 553 889 606 τὰ
941 552 1077 606 κατὰ
1131 553 1231 620 τήν
1256 546 1719 624 γενεανἮρώδου
1767 549 1955 627 ἐφεξῆς

2141 550 2393 607 Posthac
2425 549 2670 606 Herodis
2700 563 2885 620 genus
2931 545 3136 604 ordine
3177 545 3488 603 Africanus
3520 560 3716 617 prose-

303 641 332 694 6
378 642 715 716 Ἀφρικανὸς
763 639 1096 713 καταλέγων,
1140 639 1199 694 ἐκ
1243 644 1364 694 τῶν.
1400 644 1672 713 συγγενῶν
1724 641 1958 714 Χριστοῦ

303 728 746 803 παρειλημμένα
785 728 984 783 οὑτωσί
1017 749 1135 790 πως
1187 725 1404 797 διέξεισι
1441 747 1454 759 ·
1500 749 1525 780 ι
1568 731 1682 781 Τῶν
1743 723 1958 801 Ἑϐραϊ-

303 823 415 872 κῶν
454 822 631 892 γενῶν
681 817 1036 890 ἀναγραπτων
1088 817 1138 871 ἐν
1186 822 1301 877 τοῖς
1351 816 1592 891 ἀρχείοις
1648 814 1836 876 ὄντων,
1868 816 1959 870 καὶ

302 911 414 961 τῶν
468 908 606 982 ἄχρι
673 905 1035 980 προσηλύτων
1098 905 1528 980 ἀναφερομένων,
1585 903 1690 965 ἓως
1750 904 1959 980 ’Δχιὼρ

302 1001 404 1049 τοῦ
436 995 757 1066 ’Δμανίτου,
816 994 905 1047 καὶ
959 995 1122 1050 Ῥούθ
1179 1000 1279 1061 τῆς
1336 988 1708 1056 Μωαϐίτιδος,
1739 999 1846 1048 τῶν
1901 1013 1962 1047 τε

304 1085 399 1140 ἀπ’
446 1083 736 1158 Αἰγύπτου
785 1085 1212 1138 συνεκπεσόντων
1262 1081 1587 1154 ἐπιμίκτων,
1634 1084 1662 1138 ὁ
1709 1080 1959 1156 Ἡρώδης

305 1171 464 1228 οὔόέν
494 1194 551 1228 τι
581 1168 1040 1246 συμϐαλλομένου
1069 1176 1165 1225 τοῦ
1213 1176 1321 1226 τῶν
1371 1169 1724 1244 Ἰσραηλιτῶν
1772 1172 1960 1246 γένους

304 1260 482 1331 αὒτῷ,
524 1261 616 1315 καὶ
663 1265 743 1333 τῷ
791 1258 1060 1315 συνειδότι
1103 1267 1205 1329 τῆς
1259 1256 1564 1336 δυσγενείας
1607 1259 1984 1335 κρουόμενος,-

305 1350 608 1424 ἐνεπρησεν
639 1351 820 1405 αὐτῶν
851 1348 945 1410 τὰς
993 1347 1302 1424 ἀναγραφὰς
1351 1351 1456 1403 τῶν
1503 1352 1673 1423 γενῶν
1704 1365 1718 1378 ·
1770 1347 1965 1421 οἰόμε-

302 1461 396 1501 νος
424 1439 684 1513 ιεύγενής
741 1440 1142 1513 ἀναφανεῖσθαι,
1199 1441 1279 1509 τῷ
1331 1435 1461 1511 μηδ’
1509 1435 1681 1493 ἄλλον
1730 1434 1874 1512 ἔχειν
1905 1435 1965 1491 ἐκ

305 1526 595 1600 δημοσίου
662 1533 976 1602 συγγραφῆς
1033 1527 1095 1581 τὸ
1173 1525 1326 1600 γένος
1373 1525 1586 1599 ἀνάγειν
1667 1524 1753 1580 ἐπὶ
1835 1524 1964 1585 τοὺς

302 1617 660 1690 πατριάρχας
715 1615 750 1682 ἢ
803 1613 1210 1689 προσηλύτους,
1267 1614 1392 1676 τούς
1457 1634 1515 1668 τε
1589 1612 1964 1684 καλουμένους

303 1707 548 1779 γειώρας
597 1705 724 1766 τοὺς
773 1702 1094 1776 ἐπιμίκτους
1136 1721 1149 1735 ’
1179 1702 1390 1776 ιὸλίγοι
1435 1700 1491 1757 δὲ
1521 1708 1630 1758 τῶν
1661 1701 1964 1774 ἐπιμελῶν,

308 1794 600 1858 ἰδιωτικὰς
679 1795 892 1856 ἑαυτοῖς
978 1794 1322 1872 ἀπογφαφὰς,
1379 1795 1414 1864 ἢ
1502 1794 1967 1866 μνημονεύσαντες

305 1888 417 1939 τῶν
462 1855 778 1956 ὀνομάτων,
828 1882 863 1951 ἢ
923 1855 1111 1945 ἄλλως
1134 1855 1144 1872 ⁸
1169 1855 1413 1956 ἔγω-τες,
1447 1901 1460 1914 ⁶
1502 1855 1566 1952 ¹ἐξ
1598 1855 1963 1959 ἓντιγράφων,
1997 1855 2041 1920 Β

307 1969 720 2048 ἐναϐρύνονται,
771 1973 1089 2046 σωζομένης
1135 1976 1204 2046 τῇ
1258 1974 1448 2045 μνήμῃ
1497 1971 1598 2039 τῆς
1648 1971 1912 2048 εὐγενείας
1946 1989 1960 2004 '

310 2063 384 2117 ὧν
426 2061 730 2138 ἐτύγχανον
780 2063 832 2117 οἱ
882 2061 1272 2136 προειρημένοι
1325 2059 1640 2116 δεσπόσυνοι
1685 2060 1965 2132 καλούμε-

311 2173 392 2205 νοι
442 2149 534 2204 διὰ
577 2151 677 2218 τήν
723 2149 858 2223 πρὸς
900 2151 962 2206 τὸ
1011 2152 1280 2223 σωτήριον
1326 2148 1472 2222 γένος
1521 2151 1828 2228 συνάφειαν,
1862 2147 1966 2204 ἀπό

306 2261 365 2294 τε
425 2244 694 2312 Ναζαρῶν
754 2240 844 2293 καὶ
911 2234 1157 2312 Χωχαῦἆ
1232 2244 1434 2310 κωμῶν
1509 2237 1821 2294 Ἰουδαϊκῶν
1897 2241 1966 2310 τῇ

309 2329 486 2402 λοιπῇ
550 2334 625 2403 γῇ
684 2327 1129 2402 έπιφοιτήσαντες
1189 2371 1198 2383 .
1268 2328 1360 2384 καὶ
1434 2330 1536 2396 τήν
1602 2325 1965 2401 προκειμένην

310 2417 666 2493 γενεαλογίαν
696 2413 757 2472 ἔκ
783 2439 842 2471 τε
888 2425 986 2486 τῆς
1046 2413 1242 2491 βίϐλευ
1291 2422 1398 2472 τῶν
1459 2419 1683 2490 ἡμερῶν
1738 2415 1790 2476 ἐς
1849 2413 1963 2470 ἴσον

313 2508 620 2579 ἐξικνοῦντο
650 2505 1072 2583 ἐξηγησάμενοι.
1109 2508 1221 2562 Εἶτ’
1254 2505 1345 2561 οὖν
1393 2504 1588 2575 οὕτως,
1635 2505 1730 2559 εἰτ’
1777 2505 1964 2567 ἄλλως

319 2589 454 2670 ἔχει,
515 2594 840 2671 σαφεστέραν
900 2594 1156 2670 ἐξήγησιν
1205 2593 1304 2649 οὐκ
1359 2592 1420 2648 ἂν
1471 2591 1593 2668 ἔχοι
1650 2614 1732 2654 τις
1781 2591 1967 2655 ἄλλως

322 2683 568 2756 ἐξευρεῖν,
617 2685 693 2746 ὡς
747 2677 920 2758 ἔγωγε
984 2684 1224 2756 νομίζω,
1273 2687 1375 2744 πᾶς
1433 2704 1492 2758 γε
1549 2683 1608 2744 ὃς
1667 2682 1964 2756 εὐγνώμων

327 2774 594 2846 τυγχάνει.
627 2773 725 2828 Καὶ
790 2773 915 2844 ὑμῖν
956 2769 1091 2841 αὕτη
1131 2770 1364 2842 μελέτω,
1412 2771 1458 2826 εί
1517 2772 1604 2825 καὶ
1654 2769 1965 2844 ἀμάρτυρός

332 2859 565 2933 ἐστι,τῷ
612 2864 689 2935 μή
746 2861 1026 2935 κρείττονα
1073 2862 1106 2929 ἢ
1158 2861 1522 2934 ἀληθέστερον
1575 2854 1719 2934 ἔχειν
1776 2861 1966 2914 εἰπεῖν·

328 2948 477 3026 Τὸγέ
512 2973 597 3006 τοι
647 2954 793 3007 θεῖον
854 2951 943 3006 καὶ
993 2951 1136 3024 ἱερὸν
1188 2949 1512 3024 Εὐαγγέλιον
1561 2950 1769 3010 πάντως
1821 2947 1967 3018 ἀλη-

325 3040 476 3098 θεύει.
531 3041 634 3097 Καὶ
681 3046 850 3096 ταῦτα
881 3038 927 3094 δ’
972 3040 1024 3094 ἐν
1077 3045 1157 3110 τῷ
1209 3039 1353 3094 τέλει
1398 3046 1497 3106 τῆς
1530 3038 1825 3112 εἰρημένης
1852 3038 1967 3092 ἐπι-

321 3128 520 3198 στολῆς
572 3127 865 3197 ἐπιτίθησι.
902 3128 1120 3184 Ματθὰν
1169 3133 1197 3183 6
1247 3127 1352 3183 ἀπὸ
1409 3127 1762 3200 Σαλομῶνος,
1824 3127 1971 3202 ἐγέν-

320 3238 444 3286 νησε
471 3217 566 3272 τὸν
601 3213 818 3274 Ἰακώϐ.
874 3217 1083 3274 Μετθὰν
1135 3217 1518 3283 ἀποθανόντος,
1552 3215 1736 3290 Μελχὶ
1767 3217 1794 3270 6
1856 3216 1961 3271 ἀπὸ

321 3308 492 3362 Νάθαν
555 3305 615 3362 ἐκ
667 3313 768 3374 τῆς
826 3306 990 3362 αὐτοῦ
1043 3307 1296 3378 γυναικὸς
1356 3304 1607 3381 ἐγέννησε
1661 3307 1754 3359 τὸν
1797 3305 1967 3363 Ἡλεί.

319 3400 684 3470 Ὀμομήτριοι
744 3395 845 3470 ἄρα
903 3394 1128 3472 ἀδελφοὶ
1193 3395 1348 3450 Ἠλεὶ
1408 3395 1498 3449 καὶ
1550 3391 1769 3453 Ἰακώϐ.
1819 3395 1970 3451 Ἠλεὶ

317 3488 536 3541 ἀτέκνου
606 3486 994 3549 ἀποθανόντος,
1056 3487 1084 3541 ὁ
1171 3479 1365 3541 Ἰακὼϐ
1445 3483 1730 3552 ἀνέστησεν
1826 3483 1972 3555 αὐτῷ

320 3573 560 3652 σπέγμα,
617 3577 874 3650 γεννήσας
931 3577 1023 3629 τὸν
1072 3577 1278 3654 Ἰωσήφ
1349 3573 1487 3630 κατὰ
1542 3574 1697 3649 φύσιν
1775 3574 1968 3645 ἐαυτῷ,

2067 644 2256 706 cutus,
2290 657 2322 694 a
2353 638 2696 710 propinquis
2729 643 2787 692 et
2825 637 3089 707 cognatis
3121 634 3334 691 Christi
3365 650 3434 691 ea
3462 652 3592 706 quas
3621 651 3713 692 se-
3801 690 3804 693 Α

2068 733 2329 797 quuntur
2367 732 2619 796 accepta,
2668 727 2740 780 ad
2789 725 2946 781 hunc
2995 725 3228 780 modum
3277 723 3529 795 exponit.
3562 724 3707 781 Cum

2069 815 2482 872 Hebraicarum
2517 813 2873 870 familiarum
2905 811 3256 884 genealogias
3289 813 3346 866 in
3379 811 3596 883 scripta
3623 829 3711 868 re-

2070 904 2216 970 lata,
2249 905 2310 959 in
2338 903 2583 959 archivis
2610 908 2667 957 et
2698 901 2929 974 publico
2979 901 3287 966 tabulario,
3318 906 3492 971 atque
3521 900 3581 956 in
3613 901 3711 956 his

2070 994 2246 1049 etiam
2277 1009 2477 1049 eorum
2526 992 2622 1062 qui
2656 992 2725 1046 ad
2769 990 3086 1063 proselytos
3129 995 3188 1045 et
3217 990 3489 1060 advenas,
3522 1005 3710 1062 usque

2071 1083 2143 1138 ad
2173 1082 2386 1138 Achior
2413 1081 2759 1148 Amanitern,
2804 1088 2858 1135 et
2888 1079 3070 1149 ipsam
3121 1078 3270 1134 Ruth
3315 1077 3710 1143 Moabitidem.

2072 1171 2282 1242 quique
2321 1171 2391 1226 ad
2441 1187 2540 1226 eos
2589 1167 2689 1240 qui
2719 1186 2787 1224 ex
2817 1169 3058 1240 Egypto
3091 1169 3416 1239 promiscue
3449 1169 3716 1240 prognati

2074 1263 2432 1333 prodierunt,
2477 1260 2892 1326 referebantur,
2925 1265 3361 1316 asservarentur
3390 1275 3403 1313 :
3428 1261 3706 1327 Herodes,

2073 1353 2226 1422 quod
2260 1350 2404 1407 nihil
2436 1350 2507 1404 ad
2539 1365 2674 1404 eum
2707 1349 3096 1405 Israelitarum
3145 1363 3331 1421 genus
3374 1351 3712 1420 pertineret,

2073 1443 2132 1495 et
2161 1442 2311 1510 quod
2341 1438 2720 1495 obscuritatis
2748 1453 2865 1494 sua
2881 1438 2993 1493 sibi
3013 1438 3281 1493 conscius
3303 1448 3476 1505 esset,
3499 1454 3568 1494 ea
3585 1438 3718 1510 ipsa

2073 1527 2540 1601 genealogiarum
2573 1528 2935 1583 monimenta
2964 1527 3310 1593 combussit,
3337 1527 3434 1584 12
3467 1532 3590 1584 tum
3623 1527 3738 1583 ἅσς’

2075 1635 2237 1674 mum
2288 1633 2352 1674 se
2401 1616 2655 1672 nobilem
2705 1632 2910 1687 genere
2950 1622 3008 1672 et
3057 1615 3336 1674 illustrem
3386 1617 3560 1688 vulgo
3601 1617 3718 1672 fore

2075 1713 2308 1780 putans,
2338 1706 2388 1762 si
2424 1721 2604 1775 neque
2633 1703 2784 1760 alius
2817 1704 3128 1775 quisquam
3159 1722 3228 1760 ex
3252 1705 3481 1774 publico
3503 1705 3716 1776 scripto

2073 1814 2257 1870 genus
2286 1813 2462 1851 suum
2513 1796 2770 1867 ad.ipso
2821 1795 3178 1865 patriarchas
3229 1803 3327 1850 aut
3371 1796 3714 1868 proselytos,

2073 1889 2339 1960 ipsosque
2369 1885 2545 1940 etiam
2577 1884 2930 1955 alienigenas
2956 1884 3340 1955 promiscuos,
3363 1883 3461 1956 qui
3491 1887 3713 1958 γειῶραι

2070 1973 2451 2040 vacabantur,
2501 1974 2713 2029 referre
2763 1980 2974 2045 posset.
3025 1973 3196 2030 Pauci
3241 1989 3382 2029 sane
3413 1972 3718 2046 diligentes

2071 2066 2363 2134 homines,
2415 2064 2668 2136 privatos
2715 2064 2824 2119 sibi
2867 2063 3011 2136 ipsis
3057 2063 3524 2136 genealogiarum
3556 2078 3717 2120 com-

2068 2156 2406 2221 meniarios,
2440 2160 2543 2209 aut
2574 2153 2814 2208 nomina
2836 2153 2963 2225 ipsa
2997 2152 3277 2209 memoria
3307 2157 3590 2223 tenentes,
3619 2156 3723 2208 aut

2068 2261 2134 2300 ea
2163 2245 2236 2300 ab
2283 2242 2714 2313 exemplaribus
2761 2248 3048 2314 petentes,
3103 2241 3299 2299 studio
3330 2258 3398 2298 eo
3427 2241 3720 2310 delectati,

2070 2332 2454 2389 condiderunt
2501 2347 2514 2385 ε
2563 2347 2666 2403 per
2717 2347 2864 2403 quos
2917 2331 3238 2387 nobilitatis
3289 2331 3572 2387 memoria
3624 2335 3714 2387 est

2071 2427 2434 2479 conservata.
2486 2422 2545 2477 in
2597 2437 2696 2477 eos
2742 2420 3194 2477 commentarios
3241 2420 3590 2486 inciderunt,
3641 2421 3712 2476 de

2071 2511 2286 2581 quibus
2305 2509 2556 2566 diximus
2588 2505 2928 2578 δεσπόσυνοι,
2961 2525 3060 2565 seu
3092 2506 3429 2578 δεσποτικοὶ,
3464 2510 3568 2566 hoc
3599 2513 3709 2578 est,

2073 2598 2355 2654 Dominici
2403 2613 2504 2655 seu
2563 2597 2866 2654 Domicslli
2921 2609 2974 2653 et
3031 2597 3243 2654 herile
3291 2599 3711 2670 cognominati,

2073 2693 2310 2760 propter
2345 2704 2471 2744 eam
2519 2705 2649 2760 quas
2699 2687 2816 2744 illis
2863 2703 2996 2743 cum
3047 2689 3340 2744 Servatore
3395 2688 3719 2744 intercessit

2072 2777 2304 2850 generis
2333 2777 2805 2847 conjunctionem
2840 2793 2854 2832 :
2889 2776 2991 2848 qui
3020 2793 3088 2832 ex
3120 2776 3352 2833 Nazaris
3369 2783 3426 2833 et
3454 2776 3720 2834 Chocaba

2071 2867 2285 2923 Judms
2315 2866 2480 2933 vicis,
2512 2866 2872 2938 frequentius
2895 2866 3181 2937 reliquam
3209 2872 3421 2922 terram
3445 2867 3719 2936 visontes,

2072 2956 2365 3025 ejusmodi
2396 2955 2792 3027 genealogiam
2825 2956 3001 3011 etiam
3051 2971 3119 3011 ex
3149 2956 3493 3012 diurnarum
3527 2973 3716 3012 rerum

2077 3045 2266 3110 libris,
2314 3046 2501 3114 quoad
2553 3049 2837 3115 poterant,
2890 3045 3222 3116 vulgarunt.
3263 3048 3569 3110 Ceterum,
3601 3045 3722 3101 sive

2081 3135 2181 3201 ita,
2214 3150 2315 3190 seu
2349 3135 2520 3189 aliter
2547 3149 2610 3190 se
2660 3151 2751 3190 res
2798 3133 3031 3202 habeat,
3063 3134 3463 3191 dilucidiorem
3493 3134 3722 3207 exposi-

2081 3223 2298 3280 tionem
2347 3223 2496 3278 alius
2543 3224 2861 3296 quisquam
2912 3242 3028 3280 non
3081 3225 3416 3280 invenerit:
3472 3231 3535 3281 ut
3580 3225 3725 3280 mihi

2079 3314 2334 3384 quidem,
2359 3319 2416 3368 et
2441 3313 2761 3384 unicuique
2792 3314 2892 3385 qui
2918 3330 3084 3385 sequo
3108 3315 3470 3384 caudidoque
3493 3314 3732 3387 ingenio

2079 3398 2361 3470 praeditus
2409 3399 2506 3466 sit,
2557 3399 2804 3456 videtur.
2856 3402 2990 3456 Eam
3031 3417 3164 3457 vero
3197 3401 3306 3472 ipsi
3338 3417 3570 3473 quoque
3595 3418 3735 3473 pro-

2082 3488 2231 3555 bate,
2247 3490 2520 3560 quamvis
2543 3489 2701 3546 nullo
2718 3495 2872 3547 certo
2895 3491 3228 3546 testimonio
3250 3491 3328 3546 sit
3346 3493 3689 3548 confirmata
3715 3508 3729 3545 :

2081 3579 2233 3648 quod
2278 3577 2502 3634 scilicet
2543 3579 2760 3635 certius
2806 3585 2905 3635 aut
2933 3579 3126 3636 verius
3175 3580 3494 3651 quidquam
3535 3580 3728 3636 afferri

321 3666 455 3720 κατὰ
483 3664 657 3734 νόμον
700 3661 757 3718 δὲ
793 3669 872 3735 τῷ
916 3663 1069 3720 ’ίΙλεί
1101 3683 1115 3696 ·
1171 3663 1342 3724 οὕτως
1392 3663 1715 3738 ἄμφοτέρων
1741 3662 1809 3730 ἦν
1856 3662 1967 3724 υἱὸς

2083 3670 2353 3736 nequeat.
2388 3665 2586 3737 ipsum
2629 3684 2776 3724 sane
2815 3669 3052 3740 quidem
3083 3669 3345 3724 divinum
3376 3685 3730 3741 sacrumque

325 3755 353 3808 ὁ
383 3755 611 3831 Ἰωσήφ.
646 3775 676 3805 ››
2085 3752 2458 3825 Evangelium
2499 3757 2658 3811 omni
2707 3773 2776 3812 ex
2821 3762 2985 3829 parte
3033 3774 3232 3812 verum
3291 3763 3402 3814 est.
3461 3758 3568 3814 Sed
3630 3757 3726 3814 illa

325 3859 560 3914 quoque
588 3843 647 3898 in
695 3843 808 3898 line
845 3845 991 3911 ejus,
1036 3859 1213 3912 quam
1268 3842 1542 3908 diximus,
1591 3838 1848 3911 epistolas
1896 3841 2062 3897 addit
2099 3858 2114 3897 :
2151 3841 2416 3900 Matthau
2467 3862 2502 3900 a
2549 3846 2862 3903 Salomone
2913 3847 3279 3918 proveniens,
3311 3847 3512 3918 genuit
3539 3845 3723 3903 Jecob

327 3931 592 3988 Matthan
630 3940 876 3995 mortuo,
909 3932 1114 3986 Melchi
1145 3949 1177 3985 a
1209 3931 1435 3986 Nathan
1486 3935 1668 3985 ortum
1715 3931 1952 3996 ducens,
2001 3945 2072 3986 ex
2111 3935 2356 4004 conjuge
2411 3934 2540 4007 ejus
2587 3936 2909 4008 procreavit
2938 3935 3083 3992 Heli.
3116 3935 3336 3992 Uterini
3367 3935 3565 4008 itaque
3595 3938 3736 3991 sunt

329 4023 540 4078 fratres
571 4022 696 4076 Beli
727 4027 783 4076 et
810 4021 1010 4079 Jacob.
1046 4021 1192 4086 Heli,
1235 4022 1457 4091 absque
1502 4019 1698 4075 sobole
1745 4027 2032 4091 suscepta,
2082 4021 2380 4092 defuncto,
2427 4025 2607 4081 Jacob
2654 4025 2706 4082 ei
2754 4042 2954 4082 semen
3005 4025 3411 4083 resuscitavit:
3452 4035 3507 4082 et
3537 4027 3733 4097 ipsum

322 4111 646 4182 Josephum
680 4112 789 4168 sibi
817 4115 927 4182 ipsi
981 4112 1215 4183 quidem
1267 4111 1431 4179 iuxta
1480 4118 1774 4177 naturam,
1833 4109 1946 4180 ipsi
1995 4116 2190 4169 autem
2239 4113 2363 4170 Heli
2406 4116 2574 4186 juxta
2619 4115 2832 4188 legem,
2878 4117 3102 4188 genuit.
3151 4116 3244 4172 Sic
3281 4119 3586 4174 amborum
3633 4116 3733 4172 Jo-

322 4202 470 4270 seph
500 4200 659 4256 ﬁlius
695 4204 820 4256 fuit.
856 4223 885 4251 »

391 4293 568 4343 Ταῦτα
631 4289 724 4360 μέν
774 4289 802 4342 6
860 4287 1202 4364 Ἀφρικανάς.
1251 4286 1547 4360 Συνάγεται
1589 4285 1772 4341 τοίνυν
1814 4283 1967 4340 δυνά-

2158 4291 2284 4347 Hasc
2306 4295 2540 4363 quidem
2575 4295 2660 4352 sic
2688 4296 3015 4354 Africanus.
3045 4300 3210 4354 Certo
3241 4301 3434 4353 autem
3459 4295 3727 4368 colligere

327 4397 413 4446 μει
471 4377 560 4432 καὶ
617 4378 715 4444 τήν
776 4377 982 4449 Μαρίαν
1051 4376 1110 4431 ἐκ
1166 4384 1265 4444 τῆς
1333 4374 1480 4445 αὖτῷ
1543 4373 1753 4444 ἐκείνης
1840 4376 1967 4428 εἶναι

2089 4395 2322 4451 quoque
2349 4381 2503 4452 licet,
2526 4385 2762 4442 Mariam
2794 4387 2980 4458 ipsam
3007 4402 3072 4442 ex
3097 4387 3322 4454 eadem,
3346 4401 3468 4457 qua
3487 4385 3726 4458 Josephi

324 4465 506 4542 φυλῆς
543 4485 556 4497 ·
616 4466 734 4521 ἐπεί
793 4465 878 4520 τοί
935 4486 998 4538 γε
1051 4466 1187 4520 κατὰ
1243 4467 1336 4520 τὸν
1383 4463 1635 4527 Μωσέως
1659 4465 1850 4536 νόμον,
1881 4465 1967 4532 rex

399 4554 418 4572 Χ
454 4556 467 4572 \
602 4555 612 4572 ἢ
663 4551 751 4572 il“
967 4553 986 4572 Χ
1040 4560 1062 4569 ε-
1144 4553 1157 4571 9
1287 4553 1298 4572 1
1441 4554 1468 4572 Δ
1593 4551 1618 4572 τ’
1847 4571 1854 4572 ,
1887 4549 1912 4572 Π

2091 4471 2218 4572 fuit,
2287 4474 2464 4529 fuisse
2512 4476 2689 4540 tribu,
2740 4477 3210 4548 quandoquidem
3267 4494 3338 4531 ex
3393 4476 3730 4548 praescripto

327 4554 508 4630 φυλὴν
546 4555 622 4625 μή
654 4551 850 4616 ἄλλαις
892 4553 1091 4628 φυλαῖς
1140 4553 1528 4626 ἐπιμίγνυσθαι
1581 4551 1809 4625 ὥρισται
1846 4571 1856 4584 ·
1887 4549 1967 4605 ’ίνο

2090 4559 2235 4630 legis
2280 4562 2564 4631 Moesicas,
2614 4565 2832 4620 tribum
2876 4564 2989 4621 alia
3018 4567 3171 4622 tribu
3203 4566 3583 4621 commiscere
3614 4578 3736 4635 pro-

327 4644 424 4717 γὰρ
491 4646 567 4714 μή
610 4645 637 4697 ὁ
697 4643 902 4718 κλῆρος
960 4643 1066 4698 ἀπὸ
1122 4641 1300 4719 φυλῆς
1357 4641 1433 4704 εἰς
1487 4640 1667 4713 φυλήν
1695 4640 1967 4717 περιστρέ·

2091 4648 2337 4704 hibitum
2371 4656 2480 4706 est.
2515 4655 2588 4707 Ut
2635 4669 2886 4725 namque
2934 4653 3294 4710 hareditates
3325 4659 3384 4708 et
3411 4653 3737 4709 successio-

329 4755 510 4812 φοιτο,
541 4735 647 4788 ὰπὸ
699 4737 796 4789 τοῦ
852 4733 1018 4789 αὐτοῦ
1068 4733 1250 4805 δήμου
1297 4730 1386 4787 καὶ
1411 4739 1517 4801 τῆς
1571 4732 1739 4801 αὐτῆς
1758 4737 1967 4807 πατριᾶς

2097 4753 2198 4793 nes
2230 4739 2518 4796 bonorum
2547 4757 2581 4797 α
2610 4741 2764 4798 tribu
2790 4744 2848 4798 in
2873 4745 3092 4799 tribum
3115 4761 3228 4798 non
3264 4743 3734 4810 transferrentur,

327 4824 421 4885 τὰς
457 4829 564 4878 τῶν
588 4823 782 4897 γάμων
819 4822 1089 4896 ἐπιμιξίας
1121 4823 1481 4896 ἐνομοθέτησε
1506 4821 1765 4895 γίνεσθαι.

2093 4843 2161 4882 ex
2189 4828 2384 4884 eadem
2417 4835 2588 4902 gente
2617 4836 2674 4886 et
2696 4832 2914 4888 familia
2932 4833 3268 4902 nuptiarum
3293 4829 3733 4900 coniunctiones

2092 4917 2352 4971 contrahi
2383 4917 2611 4985 debere,
2643 4919 2941 4991 legislator
2967 4920 3237 4975 decrevit.

2649 5047 2746 5102 78
2785 5045 3015 5102 CAPUT
3053 5044 3169 5102 ΧΙῐ.

2095 5151 2164 5208 De
2185 5151 2514 5210 admiranda
2543 5161 2598 5210 et
2626 5154 2814 5212 divina
2846 5155 3135 5212 nativitate
3165 5154 3382 5211 Domini
3409 5158 3585 5211 nostri
3611 5157 3739 5212 Iesu

2163 5224 2372 5280 Christi
2401 5244 2419 5279 :
2450 5225 2584 5281 item
2613 5227 2679 5282 de
2705 5228 2943 5298 ejusdem
2988 5227 3422 5288 circumcisione.
3462 5233 3517 5281 et
3545 5227 3732 5283 obvia-

2160 5298 2324 5360 tione,
2358 5311 2488 5368 qua:
2543 5298 2597 5353 ei
2641 5298 2867 5354 honoris
2909 5314 3074 5354 causa
3125 5301 3182 5353 in
3234 5299 3432 5367 templo
3455 5301 3605 5366 facta
3633 5305 3732 5355 est.

2160 5368 2292 5422 Itm
2339 5372 2782 5426 commemoratio
2828 5372 2893 5427 de
2943 5370 3222 5441 Symeone,
3275 5385 3369 5441 qus
3417 5385 3537 5425 eum
3583 5370 3735 5426 ulnis

2157 5441 2270 5494 suis
2297 5441 2528 5512 ext-epit.

942 5047 1208 5100 ΚΕΦᾹΛ.
1252 5044 1356 5098 ῙΒ’.

333 5154 638 5224 Περίτῆς
689 5150 876 5214 θείας
921 5151 1295 5224 γεννήσεως
1340 5153 1454 5224 τοῦ
1497 5149 1744 5222 Κυρίου
1795 5150 1984 5222 ἡμῶν

400 5218 636 5296 Ἰησοῦ
668 5218 960 5296 Χριστοῦ
995 5241 1008 5254 ’
1044 5218 1141 5276 ἔτί
1176 5220 1425 5296 δὲὲπᾲερί
1467 5218 1982 5296 τῆςπεριτομῆς

400 5290 1077 5368 καὶμτῆςὺπαπαντῆς
1119 5312 1132 5326 ο
1166 5293 1273 5348 καὶ
1314 5290 1637 5368 διῗήγησις
1673 5290 1822 5368 περὲ
1855 5290 1981 5348 ’Συς

405 5365 579 5437 μεών
607 5368 720 5419 τοῦ
750 5362 1108 5438 θεοδόχου.

408 5554 505 5605 Καὶ
561 5547 628 5620 δὴ
685 5555 782 5606 τοῦ
821 5548 1098 5628 δόγματος
1152 5547 1588 5622 κατεπείγοντος,
1637 5549 1727 5605 καὶ
1777 5549 1981 5625 Ἰωσὴφ

342 5638 550 5712 σῦναμα
605 5644 674 5707 τῆ
731 5644 939 5714 μνηστῇ
994 5638 1224 5712 Μαριὰμ.
1276 5642 1357 5710 τῷ
1423 5637 1683 5717 ὑπερφυεῖ
1759 5639 1982 5718 κούφως

345 5727 653 5806 βαρουμένῃ
685 5730 890 5808 φόρτῳ,
923 5729 1086 5804 ἀπῄει
1123 5731 1191 5804 τῇ
1239 5724 1458 5803 πατρίδι
1505 5729 1981 5805 ἂπογραψόμενος.

2162 5543 2374 5602 Verum
2422 5546 2740 5613 enimvero,
2793 5549 2984 5604 edicto
3023 5553 3282 5620 cogente,
3331 5565 3465 5606 cum
3513 5550 3728 5622 Joseph

2087 5635 2264 5690 simul
2298 5651 2428 5692 cum
2456 5653 2675 5708 sponsa
2710 5637 2913 5704 Maria,
2949 5640 3178 5709 pondus
3206 5642 3423 5696 ventris
3460 5644 3730 5695 naturam

2098 5724 2286 5795 ipsam
2319 5742 2762 5800 supergressum
2811 5726 3017 5786 leviter
3058 5729 3373 5786 admodum
3405 5728 3645 5794 ferente,
3673 5726 3733 5782 in
