4096 6284
1664 383 2091 445 ΜΟΕΡΒΟΒΙ
2132 380 2481 443 GALLISTI

3654 378 3782 442 ϐω

370 516 616 586 patriam
641 533 836 585 suam,
867 524 928 574 ut
973 517 1053 573 ibi
1102 520 1455 585 censeretur,
1495 518 1628 583 iret,
1658 531 1846 588 neque
1871 516 2012 571 dum

2130 513 2315 582 Μήπω
2364 510 2423 566 δὲ
2467 512 2566 582 τὴν
2611 510 2787 567 οἰκίαν
2838 514 3194 589 πεφθακότες,
3238 512 3289 565 ὲν
3340 512 3493 587 ἆγρῷ
3532 532 3643 567 τινι
3678 530 3780 564 κα-

370 606 445 662 ad
489 606 729 663 domum
780 606 1206 679 pervenissent,
1255 607 1317 662 in
1348 623 1553 678 agrum
1585 606 1894 677 quemdam
1925 607 2011 660 di-

373 702 690 762 verterunt,
719 696 820 767 qui
852 711 991 767 ager
1017 695 1261 751 Salomte
1290 701 1433 751 erat.
1462 695 1787 751 Vicesimus
1820 699 2011 751 autem

373 788 432 840 et
460 785 695 856 quintus
726 789 850 840 tum
900 784 1123 841 mensis
1171 784 1506 841 Decembris
1545 788 1671 840 erat
1697 784 1846 853 dies,
1876 800 2011 841 cum

374 871 455 928 ibi
485 873 776 930 ineffabile
807 873 1040 945 pietatis
1068 882 1122 929 et
1159 874 1374 930 amoris
1416 890 1555 945 erga
1583 889 1769 946 genus
1799 874 2014 930 huma-

373 978 516 1017 num
546 966 680 1028 tuae,
709 962 963 1019 Verbum
990 963 1113 1031 Dei,
1142 964 1580 1034 maximumque
1603 963 2012 1019 inenarrabilis

371 1058 573 1122 partus
603 1051 903 1123 perﬁcitur
932 1051 1300 1125 mysterium.
1333 1052 1655 1124 Tugurium
1683 1052 1926 1119 humile,
1957 1057 2014 1108 et

372 1156 630 1212 praesepe
675 1142 747 1196 ad
774 1143 1037 1211 iumenta
1064 1141 1405 1213 excipienda
1439 1146 1860 1210 constructum,
1880 1141 2010 1199 caeli

374 1233 435 1285 et
459 1233 628 1286 terra
649 1229 788 1301 Regi
808 1230 1005 1302 genito
1044 1230 1363 1300 hocpitium
1394 1241 1780 1302 praeparatum
1803 1231 2011 1287 fuerat.

374 1323 543 1375 Hunc
588 1319 669 1375 ibi
719 1319 909 1375 fascia
945 1319 1408 1377 circumvolvunt
1439 1338 1454 1376 :
1488 1327 1547 1377 et
1575 1322 1727 1392 quod
1760 1321 2012 1377 honora-

375 1407 489 1464 tior
516 1408 577 1463 in
607 1407 922 1464 diversorio
971 1408 1133 1465 locus
1164 1425 1279 1464 non
1310 1414 1481 1477 esset,
1521 1410 1582 1465 in
1610 1412 1853 1482 prasepi
1882 1427 2012 1467 om-

373 1495 538 1552 nium
570 1497 720 1553 altor
747 1497 1095 1569 reponiturr.
1146 1498 1391 1554 Necesse
1437 1499 1594 1555 enim
1625 1504 1772 1570 erat,
1805 1516 2012 1572 quam.

374 1585 649 1657 plurimis
696 1588 765 1642 ad
816 1602 1061 1643 censum
1113 1591 1174 1643 et
1218 1588 1663 1659 descriptionem
1719 1590 2016 1646 conﬂuen-

375 1674 556 1742 tibus,
615 1674 863 1731 multam
923 1675 1210 1747 posterius
1267 1677 1708 1735 advenientibus
1752 1678 2013 1734 locorum

377 1763 630 1834 relinqui
661 1763 984 1836 penuriam.
1035 1764 1237 1835 Itaque
1284 1765 1519 1837 hospitii
1550 1766 1748 1838 inopia
1776 1768 1848 1823 ad
1878 1783 2013 1823 eum

2126 601 2417 661 ταλύοντες
2448 601 2583 668 ἦσαν
2617 616 2632 629 ⁸
2666 598 2944 672 Σαλώμης
2986 598 3033 653 δ’
3079 601 3142 667 ἣν
3199 600 3229 653 ὁ
3286 600 3471 673 ἀγρός.
3509 597 3774 669 [Ιὲμπτην

2125 692 2216 744 καὶ
2246 690 2498 759 εἰκοστὴν
2549 691 2672 764 εἶχε
2722 690 2830 761 μὴν
2882 690 2910 743 ὁ
2959 683 3289 761 Δεκέμϐριος
3320 708 3332 719 ’
3386 688 3478 742 καὶ
3515 684 3776 757 τηνικάδε

2124 786 2224 849 τῆς
2282 778 2489 855 ἂφάτου
2541 783 2662 847 σοῦ,
2713 778 2873 853 Λόγε,
2919 776 3329 853 φιλανθρωπίας
3378 777 3441 831 τὸ
3494 776 3629 852 μέγα
3673 778 3778 829 τοῦ

2125 868 2402 941 ἇφράστου
2453 870 2620 923 τόκου
2667 866 2906 922 τελεῖται
2967 870 3284 941 μυστήριον.
3339 864 3620 935 Σπήλαιον
3673 864 3779 939 γάρ

2122 958 2389 1027 ταπεινὸν,
2438 957 2528 1013 καὶ
2578 958 2748 1033 φάτνη
2822 958 2962 1032 πρὸς
3035 954 3318 1032 ὑποδοχὴν
3409 955 3776 1029 βοσκημάτων

2125 1048 2348 1121 ἑτοίμη,
2388 1051 2466 1118 τῷ
2495 1050 2594 1101 τοῦ
2632 1047 2863 1121 οὐρανοῦ
2900 1047 2991 1099 καὶ
3036 1053 3139 1121 γῆς
3194 1044 3409 1120 βασιλεῖ
3453 1044 3777 1117 γεννωμένῳ

2125 1141 2477 1216 ηὐτρέπιστο.
2514 1140 2613 1195 Καὶ
2663 1140 2945 1213 σπάργανα
2987 1142 3179 1193 τοῦτον
3231 1131 3592 1211 διαλαμϐάνει
3627 1156 3641 1167 ·
3684 1136 3778 1190 καὶ

2123 1229 2176 1287 ἓν
2223 1236 2305 1302 τῷ
2356 1232 2433 1302 μὴ
2482 1230 2618 1284 εἶναι
2662 1228 2981 1302 σεμνότερον
3036 1227 3205 1282 τόπον
3267 1232 3348 1298 τῷ
3408 1225 3775 1297 καταλύματι,

2125 1322 2298 1398 φάτνῃ
2330 1321 2359 1374 ὁ
2405 1324 2503 1375 τοῦ
2551 1319 2755 1382 παντὸς
2801 1317 3035 1394 τροφεὺς
3078 1314 3444 1372 ἆνακλίνεται.
3482 1314 3642 1375 Εἰκὸς
3671 1314 3780 1387 γὰρ

2124 1412 2213 1479 ἧν,
2272 1408 2546 1465 πλείστων
2622 1408 2760 1482 πρὸς
2841 1408 2944 1475 τήν
3010 1407 3332 1484 ἀπογραφὴν
3418 1404 3777 1479 συρῥεόντωνν

2124 1488 2343 1571 πολλὴν
2388 1507 2508 1563 τοῖς
2564 1501 2783 1574 ὕστερον
2843 1500 3241 1573 ἐπιγινομένοις
3288 1504 3399 1553 τῶν
3451 1496 3633 1553 τόπων
3675 1498 3777 1565 τὴν

2123 1591 2354 1666 ἀπορίαν
2394 1591 2555 1645 εἶναι.
2603 1589 2780 1647 Ἀλλά
2825 1588 2997 1644 τόπου
3031 1589 3127 1661 μὶν
3164 1588 3312 1642 οὕτω
3345 1586 3774 1660 διαπορούμενον

2122 1681 2213 1734 τὸν
2242 1681 2461 1733 πάντων
2490 1676 2829 1752 δημιουργὸν
2864 1675 3042 1752 Λόγον
3082 1678 3117 1745 ἡ
3164 1680 3275 1730 τῶν
3324 1674 3544 1748 ἀλόγων
3601 1674 3773 1748 φάτνη

2123 1766 2363 1844 ἐδέχετο.
2418 1770 2567 1826 Ἑκεῖ
2624 1764 2691 1834 δὴ
2751 1766 2840 1821 καὶ
2894 1768 3119 1839 ποιμεσι
3177 1763 3425 1838 φυλακὴν
3497 1766 3619 1835 περὶ
3675 1768 3775 1828 τῆς

378 1853 621 1908 modum
650 1852 1015 1909 laborantem
1036 1853 1301 1925 opiﬁcem
1332 1870 1526 1910 rerum
1549 1856 1813 1912 omnium
1832 1856 2011 1913 Deum

2126 1857 2383 1935 σφετέρας
2468 1856 2709 1928 ποίμνης
2775 1856 2967 1917 νυκτὸς
3051 1853 3424 1927 ποιουμένοις,
3492 1850 3776 1906 ἐπιστασία

2270 1949 2285 1959 α
2394 1947 2412 1959 ς
2505 1950 2517 1959 ι
2729 1948 2740 1959 ι
2896 1948 2907 1959 ι
3116 1944 3130 1959 \
3304 1944 3314 1959 Ι
3400 1938 3430 1959 Δ
3590 1943 3614 1954 δ
3650 1942 3679 1959 Δ
3729 1944 3741 1956 ν

378 1940 634 1998 Verbum
683 1942 1068 1998 animantium
1109 1960 1361 2014 praesepe
1406 1946 1643 2016 excepit.
1698 1947 1783 2002 lbi
1828 1952 2019 2019 pasto-

380 2045 495 2100 res,
551 2046 757 2102 greges
811 2047 946 2087 suos
1003 2040 1180 2088 noctu
1238 2034 1656 2103 custodientes,
1716 2036 2023 2105 praesentia

376 2118 636 2192 angelica
689 2120 1077 2178 circummisit
1132 2138 1147 2176 :
1210 2126 1268 2178 et
1314 2139 1444 2179 cum
1497 2123 1557 2178 in
1602 2124 1874 2180 timorem
1921 2141 2022 2181 eos

376 2208 772 2280 spectaculum
820 2209 879 2265 id
926 2210 1291 2282 conjecisset,
1326 2218 1592 2268 timorem
1621 2228 1758 2268 eum
1790 2228 2018 2269 rursum

381 2294 539 2352 illico
569 2304 907 2367 posuerunt,
952 2298 1160 2370 angelo
1191 2298 1428 2370 propius
1456 2301 1529 2356 ad
1560 2316 1660 2356 eos
1689 2302 2017 2367 accedente,

381 2388 442 2440 et
487 2385 745 2442 futuram
803 2386 927 2442 orbi
975 2387 1257 2457 laetitiam,
1312 2404 1414 2459 per
1469 2405 1605 2444 eum
1654 2391 1752 2458 qui
1790 2392 2021 2461 genitus

376 2478 556 2543 esset,
585 2474 902 2531 iudicante.
934 2475 1117 2546 Cuju
1146 2492 1473 2534 sermonem
1497 2478 1641 2534 ﬁdes
1661 2479 1858 2535 statim
1887 2492 2020 2536 vera

372 2565 550 2634 atque
573 2563 770 2620 divina
814 2567 902 2621 est
929 2570 1263 2624 consecuta.
1302 2565 1563 2638 Namque
1604 2584 1723 2624 una
1751 2584 1886 2626 cum
1919 2569 2017 2626 illo

371 2650 819 2710 innumerabilis
865 2652 1188 2711 cmlestium
1230 2655 1517 2713 virtutum
1566 2674 1631 2712 ac
1662 2662 2014 2729 potestatum

365 2743 703 2812 multitudo,
754 2743 977 2801 circum
1026 2745 1393 2818 tuguriolum
1457 2747 1732 2816 volitans,
1783 2748 2014 2805 laudem

363 2835 631 2896 omnium
676 2852 969 2893 summam
1022 2837 1273 2894 Domino
1307 2839 1697 2896 concinebant
1740 2856 1755 2895 :
1807 2841 2012 2908 Gloria,

366 2925 647 2993 dicentes,
678 2928 739 2982 ia
766 2927 992 2984 excelsi:
1034 2928 1160 2996 Dec,
1201 2934 1257 2983 et
1286 2928 1348 2983 in
1376 2937 1525 2986 terra
1565 2947 1704 3001 pax,
1735 2930 1797 2987 in
1827 2932 2012 2989 homi-

368 3013 533 3070 nibus
563 3014 703 3071 bona
726 3016 999 3072 voluntas.
1054 3018 1169 3074 Hoc
1218 3019 1410 3086 modo,
1443 3036 1577 3075 cum
1609 3020 1829 3091 Duplex
1858 3026 2014 3079 esset

370 3105 524 3161 Deus
549 3104 633 3175 (1)
658 3104 934 3176 idemque
963 3105 1138 3162 homo
1171 3106 1445 3175 Verbum,
1479 3109 1806 3166 humillime
1833 3111 2010 3168 simul

364 3196 424 3250 et
449 3192 1029 3266 magniﬁcentissime
1060 3195 1378 3267 primordia
1405 3197 1577 3268 primi
1609 3198 1797 3270 ipsius
1822 3199 1884 3257 in
1904 3204 2009 3256 ter-

2125 1971 2211 2011 τις
2258 1947 2527 2024 ἀγγελική
2579 1948 2952 2021 περιήστραψε
2984 1966 2996 1978 ·
3040 1944 3132 1999 καὶ
3185 1938 3485 2015 κατάφοϐοι
3539 1943 3621 2013 τῷ
3650 1942 3776 1995 θεά-

2130 2059 2260 2110 ματι
2291 2039 2596 2113 γεγονότες,
2627 2031 2729 2107 ἔξω
2760 2029 2933 2112 φόϐου
2963 2033 3127 2090 πάλιν
3170 2034 3305 2102 ἦσαν
3350 2031 3502 2094 εὐθὺς
3534 2031 3772 2105 άγγὲλου

2124 2126 2597 2199 ἐπιδημήσαντος,
2655 2125 2747 2179 καὶ
2803 2126 2904 2193 τὴν
2953 2122 3215 2195 ἐσομένην
3255 2127 3335 2193 τῷ
3372 2123 3567 2193 κόσμῳ
3598 2121 3771 2195 χαρὰν

2125 2214 2215 2271 διὰ
2268 2220 2366 2270 τοῦ
2423 2209 2766 2290 γεννωμένου
2848 2213 3209 2285 μηνύσαντος.
3272 2211 3370 2266 Καὶ
3453 2213 3533 2279 τῷ
3618 2207 3772 2279 λόγῳ

2123 2304 2305 2367 πίστις
2361 2304 2438 2368 ὡς
2491 2302 2704 2373 ἀληθὴς
2762 2302 2917 2363 εὐθὺς
2974 2303 3065 2357 καὶ
3114 2301 3230 2356 θεία
3258 2299 3549 2373 παρείπετο
3582 2318 3596 2331 ·
3660 2298 3773 2370 ἅμα

2123 2397 2227 2470 γὰρ
2258 2394 2463 2467 ἐκείνῳ,
2497 2394 2586 2448 καὶ
2636 2400 2827 2471 στῖφος
2884 2392 3106 2467 ἄπειρον
3167 2388 3442 2463 δυνάμεων
3497 2389 3768 2459 οὐρανίων

2118 2487 2181 2541 τὸ
2241 2485 2512 2555 σπήλαιον
2580 2483 2851 2557 περιθέον,
2914 2482 3056 2536 αἶνον
3114 2482 3360 2554 ὑπερφυᾶ
3403 2484 3483 2550 τῷ
3528 2477 3772 2550 Δεσπότῃ

2120 2575 2452 2646 ἀνεπεμπον,
2485 2575 2671 2646 Δόξα,
2704 2571 2995 2645 λεγόντων,
3029 2572 3090 2624 ἐν
3122 2570 3435 2643 ὑψίστοις
3472 2572 3631 2639 Θεῷ,
3662 2568 3771 2621 καὶ

2119 2663 2224 2720 ἐπὶ
2270 2668 2392 2739 γῆς
2442 2662 2702 2735 εἷ’ρήνη,
2753 2662 2815 2716 ἐν
2860 2662 3238 2735 ἄνθρώποις
3292 2656 3581 2714 εὗδοκία.
3615 2656 3773 2713 Οῧτω

2120 2749 2350 2814 διπλοῦς
2409 2749 2480 2805 ὢν
2537 2752 2566 2807 ὁ
2614 2750 2961 2823 θεάνθρωπος
3014 2749 3208 2825 Λόγος,
3258 2752 3526 2807 ταπεινῶς
3574 2767 3632 2801 τε
3680 2747 3772 2801 καὶ

2118 2843 2435 2918 θεοπρεπῶς
2492 2842 2560 2896 τὰ
2613 2847 2718 2910 τῆς
2772 2840 2998 2913 πρώτης
3057 2838 3218 2893 αὐτοῦ
3275 2838 3351 2899 εἰς
3390 2844 3491 2911 γῆν
3532 2832 3770 2890 καθόδου

2116 2931 2207 3009 sui:
2264 2932 2568 3005 γεννήσεως
2626 2925 2971 2999 καθυπὲδειξε
3002 2945 3015 2957 ·
3077 2922 3301 2981 ϐεϐαίαν
3374 2924 3432 2981 δὲ
3503 2925 3596 2979 καὶ
3671 2924 3767 2991 τήν

2114 3021 2250 3093 πρὸς
2305 3018 2602 3082 Ἰουδαίους
2650 3018 2965 3095 συγγένειαν
3026 3021 3319 3091 παριστῶν,
3376 3016 3464 3069 καὶ
3527 3015 3603 3075 ὡς
3664 3009 3766 3067 ἄδ-

2114 3109 2332 3182 θρωπος
2388 3112 2469 3179 τῷ
2520 3106 2760 3168 Μωσέως
2806 3107 2963 3179 νόμῳ
3021 3105 3245 3182 ἀφοσιοῖ
3297 3104 3362 3159 τὸ
3423 3103 3570 3166 είκός
3609 3121 3626 3138 ·
3677 3103 3762 3156 καὶ

2112 3194 2248 3249 κατᾶ
2292 3194 2394 3262 τήν
2452 3191 2682 3269 ὀγδόην,
2737 3193 2913 3248 εῗτουν
2964 3191 3100 3248 κατά
3144 3193 3242 3259 τήν
3294 3190 3568 3263 Κυριακὴν
3599 3208 3761 3263 περι-

362 3298 491 3340 ram
522 3298 623 3355 per
653 3282 1012 3340 nativitatem
1045 3285 1363 3342 descensus
1397 3286 1663 3343 exhibuit
1694 3305 1708 3344 :
1742 3291 1921 3360 atque
1951 3293 2013 3346 ut

2124 3282 2381 3356 εέμνετας
2411 3282 2461 3338 ἓν
2492 3288 2561 3358 τῇ
2593 3284 2731 3338 κατὰ
2757 3285 2857 3353 τήν
2902 3280 3168 3354 Βηθλεὴμ
3198 3279 3345 3351 οἶκίᾳ
3369 3283 3467 3334 τοῦ
3499 3280 3703 3354 Ἰωσήφ
3744 3294 3757 3311 ⁸

361 3375 517 3429 certo
558 3388 724 3429 suam
755 3387 890 3429 cum
918 3372 1139 3429 Iudaeis
1173 3374 1581 3445 cognationem
1614 3377 2008 3445 conﬁrmaret,

360 3460 618 3519 hominis
647 3477 810 3518 more
854 3461 1120 3518 Moesica
1166 3462 1301 3535 legi,
1342 3463 1422 3519 ita
1451 3469 1517 3520 ut
1545 3466 1809 3535 decebat,
1842 3467 2013 3524 debi-

359 3554 487 3607 tum
517 3567 694 3608 suum
727 3550 935 3608 tribuit
985 3553 1188 3610 ritum.
1221 3556 1290 3609 Et
1319 3553 1413 3609 die
1441 3558 1662 3619 octavo,
1709 3556 2013 3614 Dominico

364 3639 606 3709 scilicet,
662 3641 1107 3699 circumciditur
1161 3642 1222 3698 in
1292 3643 1652 3709 Bethlehem,
1718 3647 1779 3701 in
1838 3648 2014 3703 domo

366 3728 627 3801 Josephi,
659 3736 719 3786 et
764 3732 845 3788 ibi
899 3748 1110 3790 nomen
1139 3732 1280 3789 Jesu
1309 3733 1520 3806 accipit
1557 3735 1815 3807 (salutem
1845 3753 2012 3807 porro

365 3818 424 3874 id
470 3819 803 3892 signiﬁcat),
844 3838 947 3891 pro
993 3838 1062 3879 eo
1111 3826 1305 3894 atque,
1346 3830 1651 3895 antequam
1703 3834 2014 3897 conceptus

363 3916 537 3978 esset,
596 3909 654 3963 id
717 3926 933 3967 nomen
983 3913 1220 3969 divinus
1253 3914 1353 3969 τι
1395 3929 1499 3985 per
1535 3915 1833 3972 oraculum
1864 3933 2011 3987 prte-

362 3997 682 4069 scripserat
712 3999 957 4057 Gabriel.
1006 4002 1228 4058 Deinde
1274 4007 1333 4058 et
1361 4003 1782 4074 puriﬁcationis
1810 4022 2012 4079 exspe-

367 4090 485 4143 ctat
515 4094 766 4160 tempus.
792 4093 1101 4161 Postquam
1133 4108 1266 4149 vero
1296 4097 1506 4163 status,
1534 4095 1881 4152 decennario
1913 4112 2016 4151 nu-

372 4192 534 4233 mero
563 4180 770 4249 quater
798 4180 1080 4246 revoluto,
1112 4182 1308 4237 aderat
1338 4182 1489 4253 dies,
1520 4187 1586 4239 ut
1610 4185 1929 4256 masculus,
1960 4191 2019 4242 et

375 4266 479 4338 qui
509 4266 724 4337 primus
755 4267 999 4324 omnino
1047 4276 1102 4326 et
1149 4269 1311 4326 solus
1339 4271 1568 4327 vulvam
1598 4272 2014 4343 adaperuisset,

369 4356 433 4413 in
465 4356 1053 4431 Hierosolymitanum
1084 4375 1119 4413 a
1148 4359 1485 4432 parentibus
1507 4360 1848 4433 deportatur
1874 4367 2015 4419 tem-

372 4446 556 4518 plum,
589 4451 654 4503 ut
698 4447 801 4516 ibi,
833 4447 1004 4518 juxta
1051 4453 1351 4521 receptum
1401 4465 1620 4507 morem
1663 4452 2014 4509 sacriﬁcium

368 4535 602 4603 oferret,
661 4553 767 4608 par
813 4541 1132 4605 turturum,
1194 4546 1293 4593 aut
1348 4536 1540 4610 pullos
1593 4541 1740 4597 duos
1799 4541 2019 4598 colum-

367 4624 1031 4719 barum,_sobrietatem
1089 4625 1336 4719 scilicet,
1368 4717 1380 4719 _
1412 4630 1883 4719 temperantiam,
1957 4624 2017 4687 et
2054 4656 2094 4719 ι)

366 4714 800 4786 simplicitatem
857 4713 917 4769 in
973 4714 1247 4772 omnibus
1292 4716 1699 4775 subindicans.
1748 4719 1831 4776 lbi
1876 4736 2016 4777 sane

368 4805 587 4875 aderat,
618 4804 722 4875 qui
752 4802 976 4875 Spiritu
1007 4804 1298 4861 ferebatur
1336 4806 1594 4874 Simeon,
1623 4812 1682 4865 et
1709 4809 2018 4881 grandaeva

368 4894 538 4951 Anna
570 4910 584 4949 :
617 4908 891 4964 eumque,
922 4893 1019 4966 qui
1049 4894 1108 4950 in
1140 4911 1312 4951 curru
1344 4894 1634 4954 Cherubin
1658 4898 1905 4968 vehitur,
1938 4915 2017 4955 se-

371 4983 591 5042 nilibus
632 4982 863 5041 Simeon
912 4984 1125 5058 excipit
1166 4986 1464 5044 manibus.
1503 4987 1688 5045 Ambo
1717 5005 1850 5046 vero
1881 5006 2013 5045 cum

368 5074 651 5131 infantem
684 5073 990 5146 parvulum
1021 5076 1283 5133 viderent
1332 5077 1390 5133 in
1424 5080 1687 5134 materno
1717 5079 1848 5134 sinu
1880 5078 2018 5135 sub-

371 5161 688 5233 sllientem,
730 5179 1010 5237 magnum
1065 5164 1296 5223 lsraelis
1352 5166 1414 5222 in
1476 5183 1542 5224 eo
1590 5167 2015 5240 perspiciebant

368 5255 575 5311 Deum.
625 5254 692 5310 Et
739 5262 1048 5326 postquam
1096 5255 1166 5310 de
1214 5270 1280 5312 eo
1322 5272 1451 5328 quea
1493 5256 2016 5326 debebanlpraadi-

374 5351 627 5411 cessent,
675 5347 734 5399 et
778 5343 837 5400 id
886 5345 1035 5414 quod
1092 5344 1355 5400 futurum
1413 5349 1555 5414 erat,
1603 5346 1868 5416 quamvis
1914 5347 2019 5402 sub

449 5492 528 5565 (1)
561 5491 1141 5574 θεάνθριυπᾳηουῇιιε
1190 5492 1281 5574 hic
1328 5492 1741 5574 perstringitur
1765 5494 2017 5574 primus,

378 5563 546 5636 isque
574 5563 814 5636 humilis
860 5565 917 5619 in
952 5569 1159 5620 terram
1191 5563 1474 5636 adventus
1510 5581 1522 5618 :
1554 5563 1619 5619 1h
1646 5566 2023 5622 similitudine

382 5634 537 5694 enim
567 5634 849 5691 hominum
888 5640 1088 5706 factus,
1123 5639 1191 5706 et
1228 5635 1423 5692 habitu
1469 5637 1723 5693 inventus
1752 5648 1812 5693 ut
1842 5637 2019 5694 homo.

378 5707 651 5783 (Philipp.
684 5723 750 5775 ιι,
778 5706 861 5781 7.)
888 5705 920 5759 ››
970 5706 1040 5764 Et
1086 5705 1192 5776 sic,
1239 5708 1377 5779 quia
1423 5708 1606 5766 forma
1651 5709 1754 5767 Dei
1800 5710 2025 5782 accepit

2119 3371 2218 3428 καὶ
2247 3375 2347 3441 τὴν
2400 3375 2667 3444 Ἰησοῦς
2709 3368 3068 3447 καταδέχεται
3122 3367 3493 3445 προσηγορίαν
3521 3389 3535 3401 ·
3582 3389 3763 3438 σωτηο

2121 3461 2238 3536 ρίαν
2287 3460 2345 3517 δὲ
2400 3467 2563 3517 τοῦτο
2621 3462 2893 3533 σημαίνει,
2928 3462 3067 3515 καθά
3121 3459 3212 3515 καὶ
3270 3460 3376 3533 πρὸ
3424 3461 3519 3513 τοῦ
3549 3455 3764 3526 συλλη-

2121 3552 2320 3628 φθῆναι
2373 3553 2401 3606 ὁ
2459 3553 2603 3612 θεῖος
2660 3550 2861 3620 ταύτην
2912 3545 3115 3624 ἔχρησε
3166 3544 3432 3621 Γαϐριηλ.
3486 3547 3617 3602 Εἶτα
3676 3547 3765 3600 καὶ

2119 3643 2214 3697 τὸν
2246 3646 2343 3696 τοῦ
2390 3644 2735 3714 καθαρισμοῦ
2783 3638 3032 3713 ἀναμένει
3084 3639 3295 3711 καιρόν.
3326 3638 3415 3701 Ὦς
3453 3635 3511 3691 δὲ
3540 3638 3573 3704 ἡ
3605 3636 3767 3711 κυρία

2122 3734 2297 3803 παρῆν
2325 3738 2431 3801 τῆς
2471 3728 2693 3791 δεκάδος
2741 3725 3119 3801 κυκλουμένης
3167 3728 3438 3801 τετράκις,
3471 3726 3547 3787 ὡς
3594 3723 3766 3800 ἄρσην

2122 3821 2211 3876 καὶ
2265 3827 2481 3895 πρῶτος
2540 3816 2707 3882 ὅντως
2750 3819 2839 3874 καὶ
2892 3818 3054 3891 μόνος
3107 3815 3377 3886 διανοίξας
3429 3818 3661 3888 μήτραν,
3693 3814 3769 3874 είς

2123 3912 2186 3966 τὸ
2241 3909 2295 3966 ἐν
2353 3908 2758 3983 Ἰεροσολύμοις
2818 3906 3003 3984 ἄγεται
3049 3906 3197 3979 ἱερὸν
3259 3906 3363 3960 ὑπὸ
3418 3909 3530 3959 τῶν
3586 3903 3767 3958 τεκόν-

2122 4004 2232 4055 τῶν
2267 4022 2280 4033 ·
2313 3999 2454 4055 ὥστε
2483 3996 2665 4054 δοῦναι
2704 3996 2888 4052 θυσίαν
2920 3997 3054 4050 κατὰ
3106 3995 3169 4049 τὸ
3219 3994 3544 4066 εἷθισμένον,
3580 3996 3767 4066 ζεῦγος

2124 4091 2422 4166 τρυγόνων,
2470 4087 2561 4143 καὶ
2610 4084 2711 4142 δύο
2760 4087 3015 4147 νεοσσοὺς
3053 4087 3408 4159 περιστερῶν,
3439 4083 3502 4137 τὸ
3550 4087 3768 4160 σῶφρον

2125 4181 2214 4236 καὶ
2253 4179 2501 4255 ἀκέραιον
2558 4177 2638 4256 ἐφ’
2696 4173 2890 4233 ἅπασιν
2973 4175 3321 4251 ὑπογράφων.
3403 4175 3546 4229 Ἐκεῖ
3588 4168 3770 4241 δήπου

2127 4277 2303 4344 παρῆν
2332 4269 2481 4325 καὶὸ
2522 4267 2973 4343 πνευματοφόρος
3022 4266 3244 4336 Συμεὼν
3297 4263 3383 4317 καὶ
3442 4264 3477 4331 ἡ
3527 4256 3770 4334 πρεσϐύ-

2128 4383 2209 4423 τις
2237 4363 2260 4381 ’⁸
2292 4364 2430 4417 Λννα
2463 4380 2475 4392 ·
2503 4359 2590 4412 καὶ
2620 4358 2713 4412 τὸν
2754 4357 2805 4412 ἐν
2867 4356 3067 4429 ἅρματι
3128 4347 3408 4424 Χερουϐὶμ
3462 4349 3769 4423 ἐποχούμε-

2126 4473 2213 4507 νον
2270 4449 2567 4529 γηραλὲαις
2623 4448 2811 4527 χερσὶν
2863 4444 3217 4519 ὕποδέχυται,
3252 4443 3303 4498 ἐν
3350 4444 3551 4520 βραχεῖ
3581 4442 3768 4518 βρέῳει

2128 4543 2358 4602 κόλποις
2415 4544 2708 4613 μητρικοῖς
2767 4537 3152 4605 ἐπισκαίροντι,
3211 4533 3300 4589 τὸν
3375 4536 3472 4588 τοῦ
3546 4530 3768 4605 Ἰσραὴλ

2132 4635 2297 4707 μέγαν
2346 4631 2634 4705 ἐνορῶντες
2682 4627 2832 4697 Θεὸν,
2865 4626 2952 4681 καὶ
2984 4626 3050 4679 τά
3097 4624 3280 4679 είκότα
3328 4620 3474 4692 αὐτῷ
3505 4619 3721 4693 προσλα
3752 4637 3764 4650 ·

2130 4724 2414 4792 λήσαντες,
2453 4718 2516 4773 τὸ
2569 4720 2616 4773 τ’
2675 4717 2931 4788 ἐσόμενον
2988 4710 3359 4785 ἂριδηλότατα
3416 4708 3767 4782 αίνιξάμενοι,

2124 4814 2199 4874 ὡς
2251 4812 2326 4867 εἷς
2381 4814 2588 4866 πτῶσιν
2635 4813 2809 4863 κεῖται
2861 4803 3090 4860 πολλῶν
3155 4802 3244 4858 καὶ
3309 4802 3613 4870 ἀνάστασιν,
3679 4799 3769 4853 καὶ

2124 4901 2200 4962 εἷς
2242 4905 2471 4972 σημεῖον
2516 4895 2662 4954 ἔσται
2708 4894 3122 4971 ἀντιλεγόμενον
3153 4910 3167 4923 ⁸
3191 4893 3282 4948 καὶ
3325 4892 3399 4953 ὡς
3430 4891 3530 4957 τήν
3560 4890 3767 4963 παρθε-

2122 4993 2277 5061 νικήν
2334 4991 2519 5069 ψυχὴν
2577 4986 2820 5066 ῥομφαία
2871 4985 3052 5053 λύπης
3092 4979 3298 5069 διέλθοι
3348 4979 3461 5069 ὀψὲ-
3514 4999 3648 5069 ποτε
3700 4974 3767 5032 δι’

2124 5080 2308 5151 αὐτὸν,
2365 5065 2471 5134 τῶν
2533 5065 2799 5151 σαρκίνων
2856 5075 2905 5143 ἐξ
2965 5071 3131 5142 αὐτῆς
3190 5067 3404 5144 δεσμῶν
3442 5065 3767 5123 ἀπελύοντο.

2123 5173 2256 5227 "Eva
2312 5166 2368 5225 δὲ
2421 5167 2590 5246 λόγος
2639 5166 2754 5241 ἔχει
2811 5168 2918 5219 τῶν
2979 5162 3059 5233 ἐη⁹
3118 5163 3283 5237 ἀρετῇ
3339 5159 3428 5215 καὶ
3475 5156 3772 5229 σεμνότητι

2126 5255 2377 5333 ἀκριϐείᾳ
2421 5279 2479 5313 τε
2540 5255 2663 5330 βίου
2724 5251 3077 5311 διαϐιούντων
3131 5255 3325 5306 τοῦτον
3369 5250 3505 5303 εἶναι
3534 5245 3627 5300 τὸν
3663 5252 3770 5333 Συ-

2130 5332 2311 5422 μεών
2374 5347 2419 5418 ᾧ
2479 5342 2545 5416 δή
2605 5365 2737 5399 ποτε
2793 5346 2871 5413 τῷ
2928 5340 3064 5396 κατὰ
3106 5340 3198 5394 τὸν
3230 5339 3519 5413 προφήτην
3544 5332 3770 5391 Ἡσαΐαν

2130 5498 2374 5551 formam
2422 5489 2593 5555 servi,
2643 5493 2957 5558 utrumque
3003 5485 3175 5558 Deus,
3228 5486 3539 5558 utrumque
3578 5481 3770 5558 homo.

2134 5570 2319 5638 Atque
2352 5564 2460 5619 hoc
2494 5554 2674 5638 totum
2707 5564 2764 5638 et
2793 5554 2943 5614 Deus
2970 5556 3183 5638 dicitur
3214 5557 3451 5638 propter
3478 5554 3685 5638 Deum,
3719 5557 3775 5605 et

2131 5628 2305 5693 homo
2329 5641 2561 5708 qropter
2585 5633 2902 5708 hominem.
2929 5648 2956 5680 »
2985 5629 3203 5696 (Ambr.
3232 5628 3772 5696 Demysler.incarn.

2128 5710 2234 5767 lib.
2268 5705 2508 5778 πέσεν.
2538 5705 2657 5776 21.)
