4096 6284
226 418 346 479 669

1276 415 1897 498 ECCLESIASTIGE
1938 414 2328 481 HISTOBLE
2371 416 2520 478 LIB.
2565 415 2611 476 l.

3524 413 3645 478 670

227 556 480 627 χρησμῷ
512 552 858 621 ἑπιστήσαντι
885 570 897 582 ·
941 550 998 610 ὃς
1032 570 1218 622 φησιν,
1272 546 1455 605 Ἰδοὺ
1486 552 1521 619 ἡ
1553 546 1878 625 παρθένος

1996 549 2319 617 involucro,
2392 549 2757 622 apertissime
2827 554 3044 616 tamen,
3111 547 3521 614 ostendissent,
3579 552 3644 605 ut

225 637 287 693 ἐν
334 639 596 713 γαστρὶ
642 637 804 711 ἕξει,
852 637 960 692 καὶ
1012 637 1307 711 λήψεται
1354 637 1533 708 υἱὸν,
1587 636 1883 696 διαπιστεῖν

225 727 386 801 ἐπῄει
416 732 503 799 τῷ
550 728 681 800 θείῳ
718 726 1079 799 θεσπίσματι·
1134 724 1278 781 οὕτω
1328 724 1374 781 δ’
1417 722 1601 805 ἔχοντι
1650 726 1884 803 ἄγγελον

225 816 525 885 ἐπιστῆναί
557 837 685 895 φασι
726 820 966 891 χρῶντα,
1010 818 1087 889 μή
1135 814 1196 870 ἂν
1246 815 1592 887 ἀπολυθῆναι
1637 820 1746 873 τῶν
1787 838 1885 873 του

226 906 354 980 βίου
405 902 655 978 δεσμῶν,
710 904 755 959 εί
805 906 882 975 μὴ
929 904 993 959 τὸ
1040 908 1166 976 παρ’
1214 902 1379 960 αὐτοῦ
1428 901 1882 978 διαπιστώμενον

221 994 310 1051 ἐπὶ
368 994 571 1069 θύραις
630 994 753 1049 ὅσον
806 991 914 1062 ἤδη
974 991 1182 1068 ὲγγίζον
1247 994 1336 1048 καὶ
1411 990 1596 1067 ὄψεσιν
1657 994 1881 1057 οἰκείαις

221 1085 598 1149 πιστώσαιτο,
630 1081 693 1137 οὗ
728 1079 794 1149 δὴ
831 1082 991 1156 χάριν
1021 1081 1110 1135 καὶ
1150 1079 1225 1143 εῗς
1272 1083 1406 1155 βαθὺ
1446 1090 1621 1158 γῆρας
1674 1080 1883 1154 ἒληλα-

220 1172 355 1239 κὼς,
389 1174 487 1228 καὶ
538 1171 633 1226 τὸν
684 1171 921 1244 Χριστὸν
978 1170 1173 1244 Κυρίου
1227 1168 1355 1225 ἰδὼν
1403 1170 1738 1249 ἀφθαλμοῖς,
1787 1173 1877 1228 καὶ

218 1267 337 1323 τοῖς
370 1261 605 1323 οἰκείοις
646 1258 880 1321 κόλποις
929 1255 1310 1331 διαϐαστάσας,
1342 1267 1442 1330 τῆς
1483 1262 1679 1335 σαρκὸς
1728 1261 1882 1327 εὐθὺς

219 1350 597 1407 ἀπολέλυται.

1997 639 2218 697 scilicet
2248 641 2306 695 in
2338 639 2653 696 multorum
2705 639 2926 711 positus
2978 643 3135 696 esset
3182 638 3411 695 ruinam
3460 637 3639 694 simul

1997 734 2054 785 et
2077 728 2582 795 resurrectionem,
2633 732 2692 784 et
2740 729 2797 784 in
2839 728 3074 799 signum
3133 727 3227 784 cui
3280 726 3645 783 contradice-

1997 823 2200 875 retur:
2259 818 2511 890 denique
2564 823 2630 874 ut
2685 818 3030 889 virginalem
3077 818 3357 884 animam,
3401 823 3642 891 propter

1993 925 2150 977 eum,
2206 907 2424 964 doloris
2474 907 2702 977 gladius
2747 906 2884 963 olim
2936 907 3395 978 pertransiturus
3434 911 3633 962 esset:

1993 996 2185 1052 carnis
2225 994 2474 1052 vinculis
2515 995 2724 1052 deinde
2762 998 2903 1051 sunt
2947 993 3121 1051 soliti.
3176 1000 3343 1052 Hunc
3392 995 3642 1068 Symeo-

1992 1102 2125 1142 nem
2177 1085 2332 1142 fama
2387 1088 2474 1140 est
2528 1100 2597 1140 ex
2639 1084 2725 1142 eis
2780 1083 2964 1140 fuisse
3007 1099 3215 1151 unum,
3255 1082 3354 1155 qni
3402 1083 3639 1152 virtute,

1989 1174 2287 1249 dignitate,
2345 1174 2587 1246 vitatque
2651 1174 2952 1230 sanctitate
3017 1172 3474 1231 excelluerunt:
3537 1174 3642 1244 qui

1990 1280 2118 1320 cum
2162 1262 2481 1337 aliquando
2526 1261 2609 1320 illi
2659 1262 2951 1334 prophetae
2986 1261 3142 1318 Isaias
3173 1261 3407 1318 oraculo
3443 1260 3640 1332 legens

1990 1353 2373 1421 incumberet,
2406 1354 2560 1425 quod
2594 1352 2675 1408 ait
2709 1369 2721 1406 :
2754 1352 2883 1408 Ecce
2926 1353 3075 1423 virgo
3114 1358 3334 1407 uterum
3377 1350 3641 1421 gestabit,

220 1451 273 1500 et
318 1445 603 1514 concipiet
644 1440 832 1513 ﬁlium
864 1441 927 1507 ι’,
968 1444 1024 1497 et
1072 1441 1142 1496 de
1197 1439 1379 1498 dixini
1438 1442 1566 1514 ejus
1623 1443 1880 1515 responsi
1929 1443 2042 1500 ﬁde
2092 1442 2437 1513 ambigeret,
2484 1440 2757 1514 angelum
2805 1442 2885 1499 ita
2935 1440 3240 1497 ﬂuctuanti
3287 1441 3337 1496 ei
3386 1442 3645 1499 astitisse

220 1533 444 1598 ferunt,
488 1548 622 1587 cum
664 1529 898 1587 oraculo
945 1530 1231 1600 ejusmodi
1281 1548 1292 1582 :
1337 1548 1451 1587 non
1504 1530 1668 1587 illum
1715 1530 1877 1604 prius
1919 1532 2048 1588 vita:
2095 1532 2274 1604 hujus
2324 1531 2572 1588 vinculis
2618 1530 2873 1586 solutum
2922 1531 3016 1601 iri,
3067 1546 3243 1602 quam
3291 1531 3371 1594 id,
3424 1532 3493 1587 de
3528 1546 3640 1602 quo

221 1621 524 1678 credendo
579 1619 997 1679 addubitasset.
1052 1636 1156 1691 pro
1216 1620 1431 1676 foribus
1480 1621 1667 1693 primo
1716 1637 1950 1694 quoque
1999 1625 2261 1694 tempore
2311 1620 2804 1693 appropinquans,
2856 1626 2913 1676 et
2952 1621 3136 1677 oculis
3175 1621 3300 1692 ipse
3346 1621 3468 1676 suis
3496 1637 3641 1677 con-

225 1716 529 1782 speclum,
561 1709 890 1765 testimonio
920 1725 1028 1765 suo
1059 1710 1449 1766 conﬁrmaret.
1504 1711 1686 1776 Ouum
1728 1711 1801 1767 ob
1851 1725 2084 1769 causam
2134 1711 2204 1767 ad
2253 1714 2479 1767 tantum
2529 1709 2756 1766 senium
2806 1715 3135 1784 provectus,
3177 1726 3305 1767 cum
3346 1710 3639 1767 Christum

224 1800 465 1858 Domini
507 1800 693 1857 oculis
729 1799 855 1855 suis
895 1798 1313 1871 conspexisset,
1354 1801 1746 1874 eumdemquc
1795 1801 1855 1857 in
1905 1800 2061 1858 ulnis
2108 1803 2413 1873 gestasset,
2462 1801 2651 1859 carnis
2701 1799 2853 1858 mole
2891 1800 3154 1873 protinus
3191 1801 3418 1857 solutus
3459 1806 3638 1873 atque

225 1890 519 1950 liberatus
557 1893 666 1947 est.

861 1999 1113 2051 ΚΕΦΔΛ.
1156 1997 1260 2053 ll".

232 2104 393 2179 Περὶ
425 2107 542 2179 τοῦ
573 2102 634 2172 ἐξ
667 2099 1043 2179 ’ᾼνατολῇς
1076 2097 1464 2179 παραδόξου
1494 2101 1771 2179 ἆστάρος
1803 2104 1879 2179 τῇ

301 2173 626 2249 γεννῄσει
694 2173 1142 2249 ἀναφανέντος
1187 2176 1517 2249 Χριστοῦ·
1570 2173 1682 2249 καὶ
1729 2176 1876 2249 περὶ

299 2244 428 2323 τῶν
474 2244 890 2323 δωροφόρων
924 2247 1202 2320 Μάγων·
1250 2244 1360 2299 καὶ
1408 2252 1526 2316 τῆς
1575 2244 1881 2318 Ἡρώδου

306 2319 600 2388 ἀπάτης)

307 2428 582 2484 Ἐντεῦθεν
632 2426 685 2481 οἱ
722 2431 898 2501 γονεῖς
936 2427 998 2482 τὸ
1044 2423 1260 2481 παιδίον
1307 2423 1708 2500 ἀναλαϐόμενοι
1767 2430 1882 2500 Ἰη-

242 2518 390 2587 σοῦν,
448 2516 637 2575 οἴκαδε
694 2518 769 2579 εἷς
824 2518 1069 2589 Ναζαρὲτ
1118 2517 1436 2592 ἐπανῄεσαν.
1510 2520 1608 2575 Καὶ
1652 2520 1755 2593 γὰρ
1811 2521 1879 2589 ἦν

240 2610 383 2672 εἰκὸς
416 2608 507 2664 διὰ
553 2615 663 2665 τῶν
709 2613 763 2682 μ’
804 2611 1049 2682 ἡμερῶν,
1090 2610 1165 2672 ὡς
1215 2608 1579 2683 Βηθλεεμίτας
1624 2612 1688 2666 τὸ
1735 2610 1880 2674 εἰκὸς

242 2695 716 2772 ἀφοσιωσαμένους
765 2701 833 2770 τῇ
878 2697 1201 2770 ἀπογραφῇ,
1256 2699 1391 2771 πρὸς
1439 2699 1537 2767 τήν
1589 2698 1664 2761 εἰς
1710 2705 1882 2770 Ναζα-

248 2784 339 2857 ρὶτ
403 2784 568 2840 οἰκίαν
633 2785 787 2845 αὖθις
840 2782 1187 2858 ἀναδραμεῖν,
1247 2781 1336 2840 διὰ
1401 2787 1500 2853 τήν
1574 2791 1879 2861 προσοῦσαν

248 2872 457 2936 τούτοις
508 2874 639 2937 τέως
698 2873 871 2930 ἐκεῖσε
919 2873 1265 2947 περιουσίαν·
1312 2874 1403 2929 καὶ
1452 2874 1503 2930 ἐν
1549 2874 1881 2952 ἀμφοτὲραις

251 2962 351 3036 γάρ
401 2959 767 3040 διατρίϐοντες
826 2963 962 3033 ἦσαν
999 2980 1011 2993 ·
1063 2964 1126 3018 τὸ
1182 2963 1451 3037 πορισμόν
1503 2983 1646 3033 τινα,
1692 2965 1766 3026 ὥς
1816 2985 1879 3041 γε

247 3048 489 3122 εἰκάζειν,
521 3051 849 3128 ἑκατέρωθεν
878 3050 1046 3128 ἔχειν.
1082 3053 1185 3108 Καὶ
1220 3049 1357 3118 δῆτα
1388 3050 1482 3107 δύο
1522 3052 1643 3123 ἒξὶ,ς
1696 3073 1877 3127 παρῳ-

242 3141 493 3212 χηκότων
542 3140 799 3197 ἐνιαυτῶν
862 3142 996 3215 μετά
1046 3143 1147 3210 τήν
1198 3139 1436 3213 ἄσπορον
1488 3139 1697 3211 ἐκείνην
1744 3163 1876 3197 κυο-

240 3230 450 3306 φορίαν,
482 3230 535 3285 ἐν
564 3234 634 3305 τῇ
674 3230 809 3285 κατὰ
846 3232 944 3298 τήν
983 3229 1234 3302 Βηθλεὲμ
1277 3229 1423 3301 οἷ’κίᾳ
1471 3225 1874 3302 διατριϐούσης.

240 3324 335 3387 τῆς
363 3322 715 3394 Θεομήτορος
748 3320 823 3381 ὡς
843 3317 889 3374 δ’
910 3316 1109 3393 ἕτεροι,
1131 3319 1237 3393 πρὸ
1260 3316 1354 3374 δύο
1380 3316 1594 3392 μᾶλλον
1618 3317 1875 3376 ἐνιαυτῶν

240 3413 334 3477 τῆς
361 3407 509 3469 θείας
550 3409 850 3484 γεννήσεως
885 3413 992 3464 τῶν
1037 3406 1178 3463 οἴκοι
1232 3406 1555 3484 ἀπάραντες,
1597 3406 1652 3463 ἐν
1700 3409 1872 3485 φάτνῃ

240 3496 323 3550 καὶ
364 3500 698 3576 σπαργάνοις
736 3494 846 3553 ὄντι
895 3500 1138 3572 Χριστῷ,
1176 3498 1265 3553 καὶ
1310 3496 1361 3551 ἐν
1407 3500 1487 3569 τῷ
1532 3496 1876 3572 καταλύματι

239 3584 408 3642 εἴτουν
473 3586 528 3641 ἐν
578 3592 658 3659 τῷ
709 3585 967 3659 σπηλαίῳ
1012 3580 1090 3641 ἔτι
1140 3584 1306 3658 οὔσης
1353 3593 1454 3655 τῆς
1498 3589 1874 3661 Θεομήτορις,

243 3675 317 3746 [οἱ
375 3676 554 3750 Μάγοι
614 3677 720 3731 ἀπὸ
775 3674 1110 3748 Ἀνατολῶν]
1172 3674 1600 3751 παραγίνονται·
1659 3676 1688 3730 ’ὁ
1741 3673 1878 3745 δῆτα

238 3764 323 3818 καὶ
380 3759 782 3841 ἀκριϐέστερον.
834 3765 1000 3843 Σοφοὶ
1050 3762 1107 3820 δέ
1153 3785 1292 3826 τινες
1336 3766 1485 3819 οὗτοι
1517 3764 1607 3820 καὶ
1655 3768 1763 3819 τῶν
1818 3764 1877 3820 εὖ

238 3854 557 3929 γεγονότων,
617 3854 704 3909 καὶ
764 3854 947 3928 κράτει
1003 3850 1200 3924 πολλῷ
1258 3848 1633 3929 διαφέροντιςο
1684 3852 1878 3927 ἀστέρα

236 3942 323 3995 καὶ
371 3945 474 4017 γάρ
522 3963 643 3997 τινα
699 3940 1003 4003 κατιδόντες
1064 3941 1151 3997 ἐπὶ
1205 3942 1413 4016 χώρας,
1463 3941 1572 4016 οὐχ
1616 3937 1708 3996 ἕνα
1756 3944 1876 3998 τινὰ

237 4035 342 4085 τῶν
392 4030 629 4108 ἐξαρχῆς
686 4036 766 4104 τῷ
822 4029 1057 4106 οὐρανίῳ
1105 4032 1439 4103 στερεώματι
1490 4032 1877 4107 καταπεπηγό-

237 4141 340 4175 των
367 4141 379 4151 ·
416 4119 543 4176 οὑδὲ
591 4124 708 4177 οἷον
752 4122 887 4177 εἶναι
929 4119 1199 4195 βασιλέων
1252 4117 1521 4195 διαδοχὴν
1571 4121 1879 4177 ὑπαινίσσε-

238 4212 394 4266 σθαι.
448 4209 541 4271 οὖς
594 4210 856 4284 βοθύνους
902 4212 993 4265 καὶ
1042 4209 1358 4286 πωγωνίας,
1416 4206 1636 4272 δοκίδας
1684 4231 1742 4266 τε
1787 4209 1878 4265 καὶ

238 4299 488 4363 ἀκοντίας
516 4298 606 4354 καὶ
661 4300 928 4372 κομήέας,
970 4297 1106 4374 πρὸς
1148 4298 1273 4361 τοὺς
1324 4297 1536 4354 ἐκείνων
1587 4296 1878 4376 διαφόρους

239 4390 666 4461 σχηματισμοὺς
699 4389 1081 4463 ὀνομάζουσιν.
1120 4392 1210 4443 Ὧν
1242 4387 1456 4444 πάντων
1506 4388 1608 4456 τήν
1650 4387 1877 4465 γένεσιν,

237 4478 342 4533 ἀπὸ
402 4486 503 4549 τῆς
562 4479 696 4554 ὑπὲρ
751 4478 843 4533 τὸν
902 4480 1035 4554 ἀέρα
1098 4479 1219 4554 περὶ
1275 4479 1339 4535 τὸ
1420 4478 1658 4553 αἶθίριον
1717 4479 1879 4542 κότος

216 4556 654 4643 ’ὑπερχεομὲνης
721 4568 812 4623 καὶ
878 4567 1236 4643 ἐκκαιομένης
1320 4569 1750 4641 ἀναθυμιάσεως,
1826 4568 1879 4623 οἱ

237 4658 359 4732 περὶ
416 4661 587 4713 ταῦτα
642 4656 849 4731 κομψοί
905 4678 1034 4731 φασι
1089 4660 1188 4728 τήν
1247 4656 1498 4713 σύστασιν
1564 4655 1748 4733 ἔχειν·
1811 4658 1876 4712 οὗ

2532 1997 2623 2054 τε
2668 1996 2898 2054 CAPUT
2936 1996 3087 2054 XllI.

1993 2105 2071 2159 De
2099 2076 2275 2168 stella,
2307 2116 2435 2172 qua
2462 2105 2666 2174 praeter
2707 2118 2927 2158 omnem
2972 2088 3293 2173 opinionem
3322 2103 3387 2159 de
3412 2104 3633 2160 Oriente

2061 2174 2133 2229 ad
2160 2175 2460 2231 novitatem
2506 2175 2713 2231 Christi
2749 2177 3054 2244 apparuit:
3102 2179 3154 2231 et
3199 2176 3267 2231 de
3316 2181 3628 2232 munerato-

2064 2245 2221 2302 ribus
2251 2245 2447 2318 Magis,
2478 2253 2528 2302 et
2556 2246 2625 2303 de
2655 2246 2887 2304 Herodis
2913 2245 3053 2303 dolo.

2061 2427 2281 2484 Deinde
2312 2429 2604 2499 parentes,
2636 2442 2815 2500 puero
2843 2426 2982 2484 Jesu
3015 2431 3265 2498 recepto,
3299 2427 3539 2485 domum
3573 2428 3634 2485 in

1989 2515 2271 2573 Nazareth
2302 2519 2442 2572 sunt
2472 2516 2704 2573 reversi.
2753 2516 3119 2589 Congrnebat
3155 2516 3334 2585 enim,
3368 2532 3500 2574 cum
3535 2533 3636 2590 per

1991 2605 2377 2679 quadraginta
2431 2606 2579 2677 dies,
2633 2604 3064 2662 Bethlehemitm
3122 2604 3364 2675 scilicet,
3417 2621 3634 2664 munus

1989 2710 2184 2763 suum,
2217 2694 2276 2751 in
2307 2710 2483 2750 censu
2514 2698 2572 2750 et
2608 2693 3018 2765 descriptione,
3053 2709 3121 2749 eo
3168 2694 3290 2751 loco
3323 2696 3430 2753 rite
3459 2695 3634 2753 obiis-

1989 2788 2137 2853 sent,
2170 2787 2235 2840 ut
2264 2783 2335 2840 ad
2366 2782 2720 2840 domicilium
2751 2800 2927 2839 suum
2957 2783 3014 2839 in
3045 2784 3323 2840 Nazareth
3356 2784 3634 2854 redirent,

1990 2876 2221 2943 propter
2248 2888 2399 2934 eam.
2432 2888 2557 2943 qua
2588 2876 2715 2928 tum
2747 2872 2826 2928 ibi
2855 2872 2940 2929 eis
2971 2876 3119 2941 erat,
3151 2873 3544 2931 substantiam
3576 2877 3633 2931 et

1988 2961 2440 3033 possessionem.
2496 2959 2813 3033 Utrobiqne
2859 2961 3014 3017 enim
3074 2961 3431 3029 habitabant,
3477 2963 3627 3034 quod

1989 3055 2237 3123 utroque
2255 3049 2380 3108 loco
2405 3059 2746 3122 proventum
2772 3050 3044 3123 aliquem,
3073 3056 3137 3108 ut
3155 3052 3442 3124 conjicere
3472 3051 3629 3120 licet,

1987 3139 2289 3198 haberent.
2321 3142 2498 3198 Porro
2526 3142 2756 3198 duobus
2801 3140 3017 3214 elapsis
3066 3142 3260 3212 annis,
3293 3149 3429 3219 post
3449 3159 3628 3214 spon-

1987 3237 2213 3288 laneam
2257 3230 2417 3287 illam
2458 3230 2820 3304 seminisque
2846 3239 3137 3304 expertem
3168 3231 3626 3304 conceptionem,

1986 3320 2253 3392 uterique
2280 3320 2686 3393 gestationem,
2713 3336 2842 3377 cum
2877 3321 2935 3376 in
2967 3319 3259 3378 domicilio
3287 3320 3365 3391 (1)
3395 3320 3623 3379 Βοίδιοο

1988 3410 2259 3467 hemitico
2287 3410 2450 3482 virgo
2498 3409 2599 3466 Dei
2639 3414 2820 3466 mater
2855 3413 3025 3479 esset,
3057 3426 3158 3466 seu
3192 3410 3386 3481 potius
3412 3408 3501 3481 (ut
3526 3408 3628 3467 alii

1986 3500 2251 3573 tradunt)
2280 3501 2512 3558 duobus
2559 3507 2690 3557 ante
2739 3498 2993 3556 divinam
3039 3499 3401 3556 nativitatem
3434 3501 3627 3567 annis,

1987 3589 2172 3660 patria
2227 3588 2424 3645 relicta
2480 3604 2544 3645 se
2600 3589 2657 3645 in
2714 3588 2865 3645 viam
2918 3587 3071 3659 Magi
3117 3587 3327 3645 Persici
3368 3588 3624 3645 dedere:

1988 3682 2161 3749 atque
2192 3677 2392 3734 itinere
2424 3681 2675 3749 peracto,
2722 3693 2857 3733 cum
2904 3676 3230 3733 etiamnum
3278 3676 3337 3732 in
3384 3678 3626 3749 prasepi

1987 3766 2267 3840 faciisque
2306 3767 2529 3836 jaceret
2574 3765 2865 3834 Christus,
2914 3771 2972 3822 et
3000 3765 3177 3822 simul
3209 3765 3268 3822 in
3310 3766 3627 3825 diversorio

1986 3852 2087 3911 illo
2103 3855 2222 3912 sive
2241 3852 2522 3924 spelunca
2539 3856 2862 3910 versaretur
2883 3852 2986 3909 Dei
3014 3853 3285 3924 genitrix,
3307 3853 3367 3910 in
3397 3854 3629 3912 Bethle-

1987 3942 2120 4001 hem
2163 3943 2442 3999 advenere
2488 3958 2502 3997 :
2547 3943 2704 4013 quod
2748 3942 2986 4014 quidem
3027 3942 3243 3999 certius
3275 3948 3365 4000 est
3399 3945 3499 4016 (2).
3532 3944 3633 4003 Sa-

1989 4033 2214 4106 pientes
2258 4039 2451 4090 autem
2502 4032 2566 4101 ii,
2614 4032 3033 4106 nobilitateque
3076 4036 3305 4107 generis
3334 4039 3392 4093 et
3419 4037 3632 4108 opibus

1989 4123 2249 4196 insignes
2281 4124 2458 4180 luere.
2493 4122 2729 4181 Stellam
2760 4123 2978 4196 quippe
3002 4124 3061 4180 in
3094 4124 3327 4196 regione
3354 4142 3463 4183 sua
3491 4143 3632 4184 con-

1989 4216 2318 4281 spexerant,
2376 4226 2491 4266 non
2539 4226 2608 4267 ex
2653 4210 2774 4268 illis
2821 4227 3021 4272 unam.
3072 4228 3204 4285 qua
3249 4230 3284 4269 a
3315 4213 3633 4285 primordio

1991 4315 2186 4356 rerum
2220 4301 2585 4356 ﬁrmamento
2615 4300 2742 4358 cmli
2773 4300 2958 4357 affixa
2988 4306 3127 4357 sunt
3158 4318 3171 4356 :
3215 4317 3401 4373 neque
3428 4318 3498 4358 ex
3523 4303 3631 4370 eis,

1989 4405 2117 4459 quas
2147 4388 2407 4461 prodigio
2439 4393 2496 4446 et
2524 4389 2689 4462 quasi
2736 4389 3049 4461 enigmata
3079 4406 3274 4461 regum
3306 4391 3630 4449 successio-

1992 4493 2095 4535 nes
2127 4478 2537 4550 pmnuntiant,
2567 4483 2625 4535 et
2653 4478 2829 4546 dolia,
2859 4479 3133 4548 barbatae,
3169 4480 3382 4547 trabes,
3416 4481 3628 4551 iacula,

1989 4570 2048 4624 et
2088 4571 2328 4625 cometa
2381 4583 2484 4625 seu
2537 4565 2754 4623 crinitae
2817 4583 2919 4639 pro
2976 4568 3296 4625 formarum
3354 4569 3631 4627 varietate

1990 4656 2368 4714 nominantur
2398 4673 2411 4711 :
2446 4672 2694 4729 quarum
2725 4673 2867 4714 sane
2914 4658 3199 4726 omnium,
3248 4665 3410 4715 ortus
3437 4658 3513 4715 ab
3536 4674 3627 4715 ex-

235 4746 413 4803 τοίνυν
462 4746 660 4822 ἀστέρα
707 4751 958 4803 τοιοῦτον
997 4748 1422 4821 καταθεώμενοι,
1472 4745 1621 4820 ξένον
1672 4744 1728 4803 δέ
1758 4768 1878 4803 τινα

1992 4744 2378 4802 halationibus
2426 4761 2551 4816 quas
2598 4761 2780 4818 supra
2806 4761 3019 4815 aerem,
3066 4746 3286 4804 circum
3319 4747 3629 4805 attheream

238 4835 323 4890 καὶ
372 4835 540 4905 ἀήθη,
600 4835 887 4910 πρόσγειον
946 4836 1034 4889 καὶ
1086 4832 1502 4909 ὑπέρλαμπρον,
1558 4833 1650 4889 καὶ
1703 4855 1877 4910 παρα-

239 4922 474 4995 πλήσιον
534 4924 628 4997 μὲν
678 4928 794 4983 τοῖς
842 4922 898 4978 ἐν
947 4922 1159 4999 οὖρανῷ
1207 4924 1456 5000 ἀστράσι,
1496 4926 1779 5001 καταφανῆ
1819 4922 1876 4979 δὲ

238 5012 426 5075 ἄλλως
458 5012 647 5085 μόνοις
676 5017 792 5077 τοῖς
821 5014 942 5089 περὶ
976 5017 1141 5068 ταῦτα
1185 5011 1519 5088 ἐσχολακόσι
1544 5031 1557 5045 ·
1607 5012 1696 5067 καὶ
1724 5016 1874 5067 ταῦτ’

238 5103 334 5159 οὐκ
377 5102 428 5158 ἐν
487 5103 686 5177 βραχεῖ
742 5103 953 5178 χρόνῳ,
1007 5102 1130 5158 ἀλλ’
1191 5101 1550 5158 ἐπιτὲλλοντα
1608 5099 1716 5173 ἤδη
1768 5104 1874 5177 πρὸ

311 5235 353 5271 ¹⁹
381 5234 493 5289 Isa.
535 5249 632 5300 vn,
676 5233 759 5287 14.

308 5362 386 5432 (l)
417 5359 574 5416 Hanc
605 5358 950 5416 sententiam
982 5358 1240 5430 sequitur
1282 5356 1644 5428 Epiphanius
1674 5354 1877 5414 Contra

241 5434 445 5489 Aloaos.

309 5450 446 5575 ῗὲἵειξ
480 5502 1014 5582 Gentis_Persarum
1044 5499 1194 5582 Magi
1229 5498 1448 5582 suntin
1479 5498 1878 5582 obsesvatione

242 5571 432 5632 rerum
467 5575 834 5641 sublimium,
866 5571 1226 5645 imposturis,
1247 5571 1765 5645 incantationibus,
1786 5588 1883 5627 na-

241 5647 642 5720 turalibusque
684 5642 1104 5720 contrariorum
1151 5642 1636 5720 consensionibus
1671 5659 1880 5720 vacan-

242 5720 345 5774 tes.
374 5714 724 5789 Hujuémodi
758 5714 1067 5789 praestigiis
1084 5730 1314 5788 quoque
1330 5715 1555 5771 videtur
1582 5714 1880 5789 studuisse

242 5783 498 5857 Balaam,
547 5790 648 5862 qui
682 5806 715 5846 a
743 5783 1248 5847 Balaae'evoc'atus
1289 5790 1399 5858 est,
1432 5790 1499 5842 ut
1525 5783 1876 5859 quibusdam

1983 4834 2394 4907 scelestamque
2450 4834 2899 4906 amplitudinem
2960 4836 3159 4893 effusa
3204 4835 3623 4905 accenduntur,

1983 4922 2370 4980 substantiam
2429 4923 2587 4996 capit
2628 4924 2719 4996 (ut
2764 4923 3003 4997 quidem
3052 4924 3158 4993 illi,
3208 4924 3309 4997 qui
3338 4925 3630 4996 ejusmodi

1983 5016 2159 5073 rebus
2189 5014 2810 5088 inquirendislaudem
2831 5016 2947 5074 sibi
2967 5020 3025 5073 et
3041 5016 3292 5089 gloriam
3322 5032 3628 5088 compara—

1984 5108 2137 5173 runt,
2185 5105 2461 5174 tradunt).
2521 5105 2645 5162 Non
2702 5105 2898 5178 itaque
2953 5105 3181 5164 stellam
3221 5107 3349 5179 ejus
3396 5107 3627 5180 generis

1984 5358 2177 5415 verbis
2234 5358 2601 5416 malediceret
2657 5358 2876 5416 Israeli.
2939 5356 3038 5413 Ille
3086 5373 3263 5414 vero:
3306 5358 3624 5425 Exorietur,

1991 5428 2205 5502 inquit,
2226 5432 2381 5487 stella
2409 5447 2479 5487 ex
2495 5431 2730 5497 Iacob,et
2748 5435 3002 5500 exsurget
3031 5429 3188 5486 homo
3206 5446 3275 5487 ex
3298 5430 3492 5498 Israel,
3514 5436 3622 5486 etc.

1990 5503 2171 5572 (Num.
2201 5502 2375 5575 xxiv.)
2408 5504 2765 5575 Quapropter
2806 5502 2996 5558 locum
3040 5502 3247 5558 Judaeaa
3278 5506 3622 5574 quaerentes,

1990 5573 2383 5629 recordatione
2422 5573 2922 5630 veteris'historim
2964 5578 3265 5639 venerunt,
3303 5573 3366 5628 ut
3406 5588 3624 5639 cogno-

1987 5650 2218 5717 scerent
2246 5645 2345 5717 ubi
2377 5650 2550 5717 natus
2577 5651 2728 5702 esset
2758 5661 2854 5717 rex
2883 5645 3237 5702 Judaorum.
3273 5666 3303 5694 ››
3332 5645 3623 5717 (Basilius,

1985 5715 2048 5774 in
2078 5716 2253 5774 Serm.
2283 5716 2499 5774 Natalis
2528 5715 2794 5789 Domini.)
